4046 6350
158 456 316 515 1213

836 455 1219 515 EPISTOLA
1261 455 1364 515 DE
1408 451 1825 513 MARTYRIO
1868 448 1931 508 S.
1980 451 2350 513 ANDREE.
2385 488 2459 497 —
2489 454 2908 515 PROOEMIA.

3412 458 3564 516 1214

157 586 398 660 quidem
422 586 634 642 iterum
658 590 829 657 atque
849 585 1113 642 iteruma
1139 586 1462 642 Domitiano
1484 590 1658 656 atque
1672 582 1809 639 Tra-
1839 582 1894 648 Α
1924 599 2052 637 rum
2082 583 2301 641 rituum
2350 590 2720 643 conservator
2744 586 2915 642 fuerit
2935 585 3281 659 appellatus;
3308 591 3566 643 attamen

147 678 291 748 jano
337 676 665 731 factitatum
697 676 901 731 scribit
956 676 1110 731 idem
1159 675 1444 731 Eusebius
1500 674 1630 745 (69).
1664 675 1807 729 Cum

153 773 353 821 autem
386 765 711 837 persecutio
755 769 958 819 contra
998 766 1228 819 Judzeos
1273 764 1382 819 sub
1438 762 1529 817 his
1580 762 1810 816 duobus

155 854 476 926 postremis
508 853 982 925 imperatoribus,
1016 854 1074 907 in
1117 852 1477 907 Christianos
1508 850 1683 906 etiam
1714 850 1807 905 in-

155 943 404 1009 vaserit;
440 942 645 1013 quidni
687 959 859 1014 porro
886 943 943 996 in
965 942 1357 1012 Vespasianea
1380 956 1611 1011 quoque
1634 940 1689 994 id
1721 956 1810 994 ac-

156 1031 403 1085 ciderit?
436 1033 497 1086 In
530 1030 735 1103 primis
773 1047 906 1085 vero
946 1032 994 1086 si
1037 1032 1323 1097 attendas,
1366 1034 1507 1085 tunc
1530 1028 1808 1100 temporis

155 1126 213 1175 et
240 1121 541 1191 deinceps,
573 1120 909 1175 Judworum
932 1120 1168 1174 nomine
1213 1120 1394 1174 fuisse
1442 1123 1673 1173 vocatos
1706 1116 1806 1188 qui

152 1208 490 1265 Christiana
521 1208 881 1279 professione
912 1213 1304 1263 censerentur.
1359 1206 1581 1273 Quibus
1630 1208 1806 1261 addas

153 1296 414 1353 maxime
448 1296 641 1365 velim,
663 1296 1089 1367 Vespasianum
1129 1300 1434 1368 propterea
1473 1296 1544 1350 de
1579 1294 1805 1350 Davidis

150 1385 433 1457 progenie
480 1384 737 1440 tollenda
785 1385 1091 1456 cogitasse,
1137 1388 1201 1438 ut
1252 1400 1385 1438 cum
1434 1382 1680 1438 Baronio
1727 1382 1807 1437 lo-

150 1490 300 1544 quar
333 1473 470 1543 (70),
504 1472 643 1544 quia
672 1488 737 1527 ex
768 1472 1023 1544 Josepho
1072 1472 1320 1543 aliisque
1369 1472 1624 1538 resciret,
1677 1488 1805 1527 ora-

150 1562 310 1618 eules
343 1561 762 1633 prophetarum
796 1561 976 1617 fuisse
998 1561 1363 1633 pradictum,
1387 1576 1456 1616 ex
1470 1560 1629 1616 illius
1651 1561 1805 1632 regis

149 1650 375 1706 familia
400 1651 698 1707 hominem
717 1656 1114 1724 regnaturum,
1137 1652 1307 1720 cujus
1324 1650 1634 1722 imperium
1650 1654 1806 1706 esset

151 1744 459 1795 aeternum.
488 1741 635 1795 Hinc
663 1756 799 1811 ergo
829 1740 938 1796 sibi
972 1742 1214 1811 suisque
1245 1738 1604 1811 prospiciens
1648 1740 1803 1794 idem

150 1829 499 1901 imperator,
525 1846 593 1884 ex
616 1830 887 1885 Davidica
918 1828 1097 1901 stirpe
1131 1832 1441 1901 prognatos
1473 1829 1584 1884 fuit
1614 1845 1805 1900 perse-

1918 675 2145 727 tantum
2177 674 2341 729 abest
2388 680 2452 729 ut
2504 691 2709 730 saxum
2757 676 2864 730 hoc
2894 676 2965 731 ad
3013 676 3371 731 Christianos
3406 677 3563 731 haud

1918 760 2207 831 respiciat,
2242 768 2305 816 ut
2349 764 2542 833 potius
2592 764 2663 818 ob
2715 765 2981 819 eamdem
3036 782 3271 819 causam
3326 769 3561 837 prepter

1918 865 2092 919 quam
2123 855 2177 905 et
2205 850 2415 906 Neroni
2456 857 2513 907 et
2550 852 2902 908 Diocletiano
2935 858 3149 924 tropzea
3182 853 3371 925 posita
3401 860 3562 922 sunt,

1917 938 1988 992 ob
2003 940 2496 995 conservationem
2513 940 2789 996 nimirum
2806 941 3238 1012 superstitionis
3254 960 3326 996 nu
3339 942 3562 997 minum

1918 1026 2131 1094 cultus,
2165 1028 2522 1100 insculptum
2555 1029 2697 1084 illud
2730 1046 2857 1085 esse
2889 1030 3185 1085 deﬁniam.
3218 1052 3243 1081 υ
3278 1030 3563 1087 ΗὶΕΟἱΙῙίᾶυ

1918 1132 2029 1186 que
2062 1115 2229 1187 plura
2257 1115 2313 1169 in
2346 1118 2612 1172 eamdem
2642 1119 2991 1173 sententiam
3045 1120 3113 1172 V.
3174 1118 3233 1173 C.
3269 1122 3400 1185 Quae
3434 1119 3560 1191 qui-

1916 1205 2048 1258 dem
2099 1206 2284 1276 magis
2336 1207 2640 1277 magisque
2694 1208 3002 1263 conﬁrmat
3058 1208 3166 1263 iste
3217 1208 3560 1279 sepulcralis

1915 1291 2084 1364 lapis,
2120 1310 2152 1348 a
2184 1297 2380 1349 nostro
2413 1295 2628 1367 Aringo
2659 1295 2964 1368 evulgatus
2994 1297 3106 1367 (74)
3142 1314 3153 1351 :

2126 1436 2223 1491 SIC
2252 1453 2465 1492 PREMIA
2495 1453 2704 1493 saevas
2736 1438 3089 1494 VESPASIANE
3120 1456 3251 1495 nias

2124 1526 2346 1581 CIVITAS
2380 1543 2476 1581 ver
2507 1543 2706 1583 GLORIB
2733 1542 2843 1583 τοις
2872 1544 3081 1583 AUTORI

2124 1618 2459 1670 PREMIATUS
2490 1632 2553 1670 ES
2594 1633 2783 1673 MORTE
2820 1617 3112 1675 GAUDENTI
3144 1635 3349 1675 LETARE

2130 1702 2409 1759 PROMISIT
2440 1721 2558 1760 Is'rs
2588 1722 2693 1761 DAT
2722 1709 2975 1762 KRISTUS
3007 1722 3190 1762 OMNIA
3215 1723 3329 1762 TIBI

2126 1792 2236 1856 Ουι
2264 1810 2446 1849 ALIUM
2474 1812 2711 1851 PARAVIT
2732 1812 3036 1851 THEATRUM
3064 1813 3123 1851 IN
3155 1812 3312 1853 CELO.

150 1922 359 1974 cutus:
384 1919 643 1989 adeoque
674 1935 746 1974 ne
773 1918 1053 1990 apostolis
1086 1918 1321 1989 quidem
1359 1918 1455 1989 qui
1487 1935 1555 1972 ex
1601 1917 1799 1973 Judaea

1916 1936 2019 1993 Ubi
2052 1938 2375 1994 consulesis
2408 1938 2706 1994 eruditum
2739 1939 3040 1994 editorem.
3082 1939 3281 2009 Neque
3312 1940 3559 1996 fortasse

150 2011 340 2073 erant,
366 2007 584 2079 quique
604 2007 903 2062 Christum
926 2024 1118 2079 regem
1145 2024 1177 2061 a
1204 2007 1503 2079 prophetis
1537 2023 1803 2077 prmnun-

148 2096 365 2151 tiatum
398 2096 789 2166 praedicabant
819 2096 1319 2168 ubique,ipsemet
1348 2094 1673 2168 pepercisse
1705 2112 1807 2167 pu-

146 2186 390 2241 tandus.

213 2275 370 2340 Quid
400 2275 555 2347 quod
584 2273 865 2330 nonnulla
896 2274 956 2330 in
999 2276 1243 2331 vetustis
1275 2274 1673 2330 monumentis
1704 2292 1803 2330 su-

146 2368 397 2435 persunt
427 2363 613 2419 adhuc
644 2364 907 2436 vestigia,
932 2365 1087 2419 unde
1126 2365 1415 2434 conjicere
1436 2364 1571 2435 jure
1611 2363 1801 2432 liceat,

143 2470 176 2506 a
206 2452 574 2524 Vespasiano
605 2453 921 2525 aliquando
972 2453 1028 2507 in
1079 2453 1442 2508 Christianos
1497 2453 1804 2508 saevitum?

144 2542 351 2598 Exstat
382 2544 537 2614 apud
571 2542 879 2598 Gruterum
912 2543 1025 2615 (71)
1056 2542 1357 2614 inscriptio
1411 2543 1751 2614 hujusmodi
1785 2560 1798 2599 :

252 2686 383 2741 IMP.
413 2684 798 2741 VESPASIANO.
824 2690 966 2740 Avo.
1001 2686 1171 2742 PONT.
1198 2686 1346 2741 Max.
1370 2687 1535 2742 TRIB.
1562 2687 1690 2743 POT.

414 2791 481 2829 ιιι
510 2774 552 2844 Ι,
586 2778 714 2830 Cos.
748 2792 873 2831 VIII.
908 2775 1102 2829 DESIG.
1135 2791 1257 2829 vm.
1296 2778 1335 2831 Ι.
1370 2776 1430 2832 Ρ.
1466 2780 1527 2830 P.

702 2864 1009 2921 SACRARVM
1038 2880 1252 2919 AEDIVM

793 2953 1166 3008 RESTITVTonI

642 3042 735 3096 ET.
773 3059 1006 3098 RITVVM.
1040 3058 1322 3105 ANTIQvon

777 3132 1210 3187 CONSERVA'I‘ORI

754 3219 1026 3275 SODALES.
1060 3220 1182 3275 TITI
1213 3221 1235 3275 I

150 3358 301 3414 Huic
362 3359 612 3432 geminas
676 3360 894 3417 ibidem
953 3360 1078 3417 aliaa
1135 3362 1261 3417 duae
1321 3366 1604 3417 occurunt
1666 3363 1799 3434 (72).

146 3470 175 3497 ‹‹
217 3450 477 3513 Quarum
510 3449 959 3521 inscriptionum
984 3451 1274 3506 sententia
1298 3458 1356 3505 ut
1380 3456 1592 3523 pateat,
1614 3452 1803 3508 verbis

144 3540 281 3591 utor
314 3537 526 3591 eruditi
559 3536 803 3595 Walchii
836 3540 971 3611 (73),
1005 3540 1182 3610 probe
1226 3539 1528 3595 sciendum
1567 3544 1676 3610 est,
1708 3557 1802 3596 ve-

140 3630 298 3682 teres
328 3626 587 3698 plurium
622 3627 934 3683 numinum
983 3628 1235 3683 cultores
1266 3645 1393 3684 eam
1426 3629 1800 3701 potissimum

144 3715 217 3769 ob
253 3732 499 3771 causam
534 3717 603 3771 de
652 3721 845 3789 strage
894 3722 1135 3771 eruenta
1183 3717 1645 3774 Christianorum
1678 3720 1800 3792 glo-

143 3804 328 3859 riatos
362 3804 564 3871 fuisse,
602 3807 754 3877 quod
788 3806 889 3860 illa
927 3806 1175 3877 patriam
1209 3807 1550 3879 religionem
1582 3808 1801 3879 optime

142 3893 485 3948 conservari
508 3894 617 3950 sibi
652 3896 1111 3967 persuadebunt;
1146 3899 1229 3964 ut,
1253 3896 1302 3951 si
1334 3898 1621 3967 majorum
1637 3915 1801 3954 sacra

143 3983 215 4038 ab
248 3983 473 4052 injuria
502 3987 558 4038 et
603 3986 940 4056 contemptu
992 3986 1300 4040 defendere
1344 4002 1665 4059 eorumque
1712 3988 1799 4042 di-

142 4070 433 4142 gnitatem
465 4071 613 4126 tueri
645 4072 778 4143 quis
823 4072 1014 4139 vellet,
1050 4074 1108 4127 id
1161 4074 1288 4129 sine
1334 4074 1798 4131 Christianorum

140 4160 523 4231 oppressione
580 4177 898 4233 eorumque
930 4161 1229 4233 religionis
1272 4164 1589 4231 eversione,
1638 4163 1797 4220 nullo

139 4249 319 4304 modo
368 4249 480 4304 rite
523 4248 647 4305 ﬁeri
696 4256 1029 4322 posset......
1061 4251 1190 4306 Hzec
1220 4268 1352 4307 vero
1383 4268 1516 4307 cum
1548 4252 1627 4309 ita
1656 4254 1795 4325 sint,

137 4337 240 4410 qui
303 4354 420 4392 non
475 4338 685 4405 videat,
720 4338 991 4406 arbitror,
1040 4340 1159 4394 fore
1208 4341 1524 4409 neminem,
1570 4358 1709 4397 saxa
1736 4343 1795 4398 in

136 4426 365 4497 quibus
396 4431 631 4498 propter
686 4428 1185 4483 conversationem
1220 4430 1442 4501 antiqui
1486 4431 1795 4486 numinum

135 4514 341 4570 cultus
365 4557 383 4585 ,
442 4516 644 4586 gratias
674 4516 1126 4588 imperatoribus
1174 4534 1241 4574 ea
1272 4523 1615 4591 tempestate
1667 4538 1795 4591 per-

140 4610 285 4660 actae
319 4609 479 4671 sunt,
514 4604 585 4659 ab
634 4604 750 4661 illis
782 4622 911 4677 qum
941 4606 1157 4661 diserte
1203 4607 1272 4662 de
1320 4607 1509 4664 deleto
1559 4610 1796 4664 nomine

1915 2025 2172 2082 alienum
2197 2027 2324 2098 erit,
2349 2027 2507 2083 aliud
2537 2028 2594 2082 in
2623 2028 2773 2083 hanc
2796 2044 2916 2083 rem
2942 2027 3344 2083 testimonium
3368 2033 3559 2100 petere

1916 2117 1986 2170 ab
2010 2117 2169 2171 Actis
2201 2118 2259 2171 S.
2306 2116 2684 2188 Apollinaris,
2732 2133 2845 2171 non
2879 2115 2995 2171 illis
3036 2116 3275 2186 quidem
3312 2116 3562 2189 interpo-

1913 2204 2049 2260 latis
2083 2210 2182 2261 aut
2214 2205 2490 2273 conﬁctis,
2524 2206 2625 2260 sed
2656 2205 2729 2261 iis
2777 2222 2903 2276 quas
2961 2204 3149 2260 medio
3199 2205 3411 2260 saeculo
3463 2223 3558 2272 vn,

1913 2296 2151 2351 Maurus
2170 2295 2644 2367 archiepiscopus
2679 2295 2981 2349 Ravennae
3001 2294 3237 2349 laminis
3268 2296 3559 2367 argenteis

1912 2383 2153 2439 inscribi
2187 2385 2426 2453 curavit,
2458 2389 2522 2438 ut
2555 2384 2730 2437 refert
2750 2382 3027 2453 Agnellus
3056 2382 3188 2453 (75).
3224 2383 3365 2437 Rem
3389 2399 3556 2437 enar-

1913 2477 2002 2528 rat
2031 2489 2358 2543 anonymus
2401 2476 2604 2527 auctor
2644 2470 2928 2543 Spicz'legii
2960 2472 3280 2527 Ravennatis
3309 2471 3557 2528 historiae

1911 2562 2072 2617 hisce
2095 2561 2286 2616 verbis
2315 2561 2426 2633 (76)
2454 2578 2466 2615 :
2496 2584 2515 2609 «
2552 2561 2687 2615 Duas
2739 2560 2798 2614 in
2847 2560 3048 2615 eodem
3082 2559 3349 2631 sepulcro
3398 2560 3555 2616 inve-

1911 2651 2157 2707 niuntur
2187 2653 2471 2722 argentea
2504 2648 2733 2704 laminae
2764 2651 2939 2718 (anno
2975 2650 3111 2703 1173
3135 2650 3557 2718 detectae).......

1911 2739 1976 2795 In
2031 2740 2221 2812 prima
2277 2739 2619 2810 legebantur
2647 2738 2760 2793 ista
2804 2755 2815 2793 :
2869 2737 3063 2793 On'rus
3121 2755 3191 2793 AB
3248 2739 3557 2795 ANTIOCHIA

1912 2846 2127 2885 BEATUS
2176 2834 2581 2883 APOLLINARIS.
2614 2857 2682 2866 —
2722 2827 2828 2881 HIC
2875 2842 3151 2883 FUSTIBUS
3199 2843 3391 2883 cassus
3440 2844 3552 2883 EST.

1913 2925 2152 2974 DIUTIUS
2172 2935 2357 2975 SUPER.
2377 2933 2601 2973 PRUNAS
2624 2933 2813 2972 STETIT
2835 2933 3000 2971 NUDlS
3019 2933 3262 2972 PEDIBUS
3286 2918 3554 2980 EQUULEO

1912 3024 2219 3075 APPENSUS,
2254 3024 2435 3062 DENUO
2464 3023 2848 3077 VERBERATUS,
2889 3023 3075 3062 SUPER
3106 3023 3312 3062 PLAGAS
3359 3024 3557 3071 AQUAM

1914 3115 2148 3152 RECEPIT
2168 3113 2543 3153 FERVIDAM....
2569 3097 2909 3151 DEFUNCTUS
2937 3113 3036 3151 EST
3066 3112 3177 3151 sun
3200 3096 3556 3152 VESPASIANO

1913 3186 2151 3242 CAESARE
2180 3188 2452 3242 AUGUSTO
2484 3203 2518 3240 x
2548 3185 2939 3240 KALENDARUM
2964 3186 3387 3241 AUGUSTARUM.
3419 3208 3447 3235 »

1988 3275 2152 3329 Haud
2201 3274 2471 3346 equidem
2523 3274 2715 3329 nescio
2770 3273 3161 3329 Mamachium
3210 3273 3274 3328 V.
3327 3276 3383 3329 C.
3420 3291 3553 3329 cum

1917 3365 2071 3436 apud
2122 3364 2405 3419 Hilarium
2436 3362 2561 3418 loco
2610 3361 2881 3433 superius
2912 3363 3180 3432 adducto,
3214 3368 3338 3417 tum
3375 3363 3435 3417 in
3467 3363 3560 3419 his

1914 3454 1972 3509 S.
2006 3453 2357 3525 Apollinaris
2415 3450 2594 3517 Actis,
2652 3449 2997 3521 Vespasiani
3043 3450 3319 3506 vocabulo
3360 3452 3555 3507 Domi-

1912 3542 2137 3597 tianum
2192 3541 2560 3613 designatum
2610 3555 2843 3595 censere
2888 3541 3045 3611 (77);
3101 3557 3272 3610 quem
3320 3541 3557 3612 quidem

1910 3635 2339 3703 persecutorem
2371 3629 2569 3696 fuisse,
2604 3645 2719 3683 non
2772 3628 2912 3683 item
2951 3628 3383 3699 Vespasianum
3417 3646 3556 3685 con-

1912 3725 2064 3776 stat:
2091 3737 2157 3775 eo
2188 3718 2276 3775 vel
2309 3718 2582 3785 maxime,
2616 3718 2827 3789 inquit,
2867 3718 3022 3789 quod
3045 3718 3103 3771 in
3138 3719 3396 3789 antiquis
3428 3736 3558 3774 mo-

1911 3810 2210 3865 numentis
2235 3807 2597 3863 Domitianus
2610 3808 2961 3878 quandoque
2974 3806 3366 3878 Vespasianus
3380 3809 3556 3864 etiam

1910 3899 2215 3966 vocitetur,
2242 3902 2305 3953 ut
2326 3901 2483 3969 patet
2505 3915 2574 3952 ex
2600 3895 2977 3967 inscriptione
2999 3897 3152 3968 apud
3182 3898 3555 3952 Hermolaum

1910 3988 2232 4043 Barbarum
2288 3986 2368 4043 Ad
2413 3987 2591 4041 Plinii
2636 3990 2861 4057 pre/aL,
2927 4002 3051 4055 quae
3090 3985 3173 4040 sic
3220 4002 3281 4040 se
3328 3986 3553 4040 habet:

1910 4077 2037 4131 IMP.
2073 4076 2219 4131 Cas.
2262 4076 2624 4131 DOMITIANUS
2652 4073 2825 4129 VESP.
2857 4075 3001 4127 AUG.
3044 4073 3232 4129 GERM.
3275 4073 3424 4128 Jovr.
3458 4072 3555 4129 Vr-

1907 4182 2092 4221 CTORI.
2130 4165 2402 4235 Ejusdem
2424 4164 2563 4219 item
2586 4163 2885 4219 sententiae
2909 4162 3356 4217 sectatorfuerat
3386 4162 3553 4217 Arin-

1907 4271 2039 4327 gus,
2074 4255 2315 4310 titulum
2347 4252 2729 4324 sepulcralem
2762 4252 2933 4307 modo
2965 4250 3208 4306 allatum
3239 4268 3553 4323 exponens.

1907 4343 2053 4407 Quid
2112 4343 2360 4413 loquar?
2416 4343 2551 4397 Esto
2597 4358 2610 4396 :
2654 4341 2835 4412 patris
2895 4355 3109 4395 nomen
3169 4342 3558 4412 assumpserit

1908 4450 2131 4505 suoque
2163 4431 2449 4488 addiderit
2480 4430 2863 4495 Domitianus,
2898 4430 3157 4501 adeoque
3188 4430 3556 4487 Domitianus

1904 4522 2303 4593 Vespasianus
2379 4521 2554 4575 fuerit
2600 4518 2916 4590 aliquando
2975 4518 3340 4589 appellatus;
3398 4521 3555 4591 quod

1907 4628 2046 4667 sane
2078 4616 2204 4665 tum
2237 4627 2303 4664 ex
2335 4608 2750 4675 marmoribus,
2784 4612 2908 4661 tum
2941 4623 3008 4661 ex
3030 4607 3290 4661 nummis
3323 4608 3392 4661 de
3426 4608 3554 4663 Tito

131 4692 1137 4767 Christianoloquuntur,quatenus
1158 4712 1359 4750 eorum
1384 4702 1794 4768 argumentum
1826 4681 1872 4745 D
1906 4701 2080 4755 etiam
2114 4698 2313 4769 liquet.
2350 4697 2566 4752 Verum
2601 4701 2665 4751 ut
2689 4712 2811 4751 rem
2869 4697 3102 4750 tandem
3155 4696 3425 4751 conﬁciat
3470 4698 3556 4751 vir

132 4798 200 4838 ac
251 4782 603 4837 sententiam
653 4783 1010 4855 cogitamus,
1064 4782 1229 4839 nulla
1287 4785 1508 4841 ratione
1564 4786 1793 4843 diversa

134 4870 361 4938 fuisse;
394 4869 671 4942 quoniam
719 4871 851 4943 ipsa
880 4873 1003 4927 haec
1035 4874 1292 4944 profanae
1335 4873 1636 4946 religionis
1690 4878 1787 4932 de-

134 4958 347 5027 fensio,
382 4958 441 5013 in
484 4960 916 5032 oppugnatione
945 4960 1286 5017 Christiana:
1320 4964 1571 5019 maxime
1600 4965 1791 5037 posita

132 5050 280 5104 erat.
311 5075 384 5089 --
430 5047 618 5112 Quare
659 5048 795 5105 licet
842 5049 1239 5121 Vespasianus
1288 5051 1348 5107 in
1396 5052 1588 5124 lapide
1620 5056 1790 5111 modo

134 5138 395 5194 adducto
456 5154 572 5195 non
619 5139 1081 5196 Christianorum
1132 5141 1340 5210 hostis,
1374 5143 1476 5199 sed
1525 5145 1790 5217 antiquo-

200 5281 319 5424 (ξιξ)
346 5280 559 5337 Euseb.
592 5283 727 5338 Hist.
759 5282 915 5345 eccl.,
947 5282 1048 5338 lib.
1084 5299 1145 5350 ιι,
1179 5301 1344 5357 capp.
1380 5286 1466 5357 19,
1498 5288 1586 5342 22.

262 5354 297 5405 Ο
353 5353 539 5424 Baron
572 5356 642 5409 ad
676 5370 815 5409 ann.
845 5356 937 5421 75,
971 5356 1000 5424 §
1030 5370 1107 5410 x1.

262 5353 319 5423 Ο)
353 5353 539 5425 Baron
572 5356 642 5409 ad
676 5370 815 5409 ann.
845 5356 937 5421 75,
971 5356 1000 5425 §
1030 5370 1107 5410 x1.

221 5425 317 5497 71)
351 5423 516 5497 Grut.
551 5441 607 5497 p.
639 5441 866 5494 ccxmn,
900 5423 1163 5497 inscript.
1192 5426 1246 5482 5.

221 5426 289 5477 71
351 5426 516 5479 Grut.
551 5441 607 5497 p.
639 5441 866 5494 ccxmn,
900 5426 1163 5497 inscript.
1192 5426 1246 5482 5.

350 5496 487 5577 Ιρίιι.
537 5514 591 5568 ρ.
644 5512 824 5552 CCLIV.
869 5497 1133 5569 inscript.
1183 5500 1236 5567 7,
1269 5502 1414 5571 etp.
1466 5517 1661 5574 ccnxx,
1694 5503 1783 5559 in-

130 5570 573 5720 Βῧῗῶἰῑξῖειοιι.
618 5640 850 5711 Εωριαηο
906 5656 1109 5713 Perse“
1143 5641 1367 5710 Νθνθηυ
1408 5659 1533 5715 cap'
1581 5645 1637 5716 θ’
1667 5646 1695 5720 Ξ
1725 5648 1780 5718 6'

130 5709 373 5781 pag.”
403 5724 567 5781 seqq.

174 5724 331 5855 357.4)l
349 5724 567 5855 11:31::
580 5781 732 5843 Rom.
763 5782 1023 5856 subtern,
1053 5783 1098 5845 Ι.
1130 5800 1214 5853 ιιι,
1248 5802 1298 5844 c.
1338 5786 1429 5855 22,
1460 5803 1519 5860 p.
1547 5789 1675 5847 602.

1894 5366 2035 5417 tom.
2066 5360 2137 5424 Il,

1892 5508 2043 5575 part.
2079 5521 2140 5567 ιι,
2172 5519 2205 5572 ρ

1892 5570 2066 5632 refert
2092 5570 2246 5629 idem
2277 5576 2496 5629 auctor.
2536 5574 2573 5627 Ι.
2608 5588 2656 5625 c.
2691 5587 2822 5640 pag.
2854 5570 2977 5622 533.

1901 4790 2130 4857 doctus,
2183 4788 2417 4859 vimque
2449 4784 2860 4842 auctoritatum
2894 4790 3069 4855 atque
3100 4785 3551 4856 inscriptionum

1901 4894 2048 4949 quas
2069 4876 2129 4931 in
2152 4875 2412 4930 medium
2435 4873 2604 4928 modo
2620 4871 2977 4944 protulimus
2992 4888 3232 4943 prorsus
3248 4871 3551 4943 infringat,

1898 4970 2346 5021 monumentum
2397 4962 2631 5034 aliquod
2664 4978 2792 5017 meo
2825 4960 3060 5032 quidem
3084 4959 3308 5030 judicio
3342 4961 3551 5016 excitet

1899 5071 2132 5111 necesse
2165 5058 2253 5110 est
2282 5051 2684 5108 indubitanter
2714 5049 3146 5106 Domitianeum
3180 5066 3192 5117 ;
3234 5066 3347 5120 quo
3382 5050 3552 5104 nimi-

1897 5162 2028 5201 rum
2061 5147 2424 5215 compertum
2457 5143 2559 5197 ﬁat
2589 5139 3010 5205 Domitianum,
3047 5138 3279 5211 proprio
3312 5139 3548 5195 nomine

1966 5284 2328 5389 (75)[Agnel‘l.
2360 5285 2707 5389 Limpontif.
2760 5282 2911 5339 inter
2950 5282 3185 5353 Sriptor.
3236 5297 3344 5336 rer.
3387 5283 3544 5350 1tat.,

1964 5378 2035 5415 [ιι.
2066 5360 2137 5424 Il,
2171 5362 2317 5431 part.
2354 5376 2392 5421 1,
2426 5374 2481 5428 p.
2518 5359 2637 5411 144.

1964 5432 2075 5503 (76)
2124 5429 2548 5503 Anonquicil.
2589 5429 2851 5503 ﬂaventi.
2904 5426 3052 5503 liis!”
3102 5424 3258 5503 flgiti?
3288 5428 3446 5503 _tom_.
3501 5424 3542 5492 Ι,

2216 5546 2227 5556 .
2259 5496 2635 5556 541.“νὶὀθείε
2658 5516 2783 5569 quae
2816 5498 2885 5551 de
2914 5496 3251 5567 Vespasiani
3275 5497 3543 5567 jussione

1965 5648 2074 5718 (77)
2106 5645 2393 5703 Mamach.
2426 5644 2641 5714 Origin.
2692 5638 2751 5700 ξι
2772 5638 2995 5713 ~antiqq.
3050 5638 3276 5709 Christ,
3318 5643 3458 5696 tom.
3496 5640 3538 5709 I;

1890 5734 1949 5792 p.
1982 5720 2107 5788 421,
2140 5720 2259 5776 not.
2290 5718 2345 5774 6.
