4046 6350
493 414 648 474 1215

1323 414 2012 477 PRESBYTEBORUM
2058 416 2157 476 ET
2200 414 2721 477 DlACONORUM
2769 415 3083 476 ACHAL‘E

3755 415 3903 475 1216

492 547 731 617 omisso,
770 546 1198 620 Vespasianum
1247 547 1592 621 simpliciter
1625 548 1805 604 fuisse
1838 551 2133 603 vocatum.
2168 549 2221 616 Α
2250 564 2464 621 χοντες,
2488 564 2595 603 sua
2621 546 2835 603 veritas
2866 549 3117 617 constet;
3152 545 3297 603 nihil
3348 563 3455 605 nos
3503 546 3688 620 cogit,
3723 552 3791 603 ut
3835 547 3903 603 ad

492 636 732 691 Interim
756 651 886 691 vero
908 637 1090 691 donec
1112 636 1169 691 id
1193 640 1443 709 praestet.
1466 637 1893 708 Vespasianum
1914 641 2140 708 patrem

496 725 689 781 allatis
718 725 778 779 in
810 724 952 780 locis
984 725 1242 797 accipere
1270 726 1438 782 nobis
1472 743 1573 798 per
1600 727 1793 799 ipsum
1828 726 2013 782 liceat.

565 814 671 867 Vix
700 814 841 869 dum
874 814 993 870 haec
1033 816 1404 885 scripseram,
1450 832 1582 870 cum
1633 815 1957 887 elegantem
1993 819 2140 869 Lau-

489 903 657 958 rentii
700 902 953 957 Pataroli
995 902 1301 974 epistolam
1350 903 1537 975 legere
1582 904 1824 974 contigit
1858 904 1990 975 (78),
2026 919 2141 974 qua

484 992 572 1045 vir
604 991 870 1046 eruditus
902 991 1200 1061 singulare
1232 992 1528 1047 numisma
1575 992 1881 1047 illustrans
1932 992 2138 1061 hujus-

488 1080 645 1136 Inodi
716 1081 1109 1150 inscriptione
1182 1081 1527 1152 signatum,
1604 1082 2137 1136 ΟΥΕΣΠΑΣΙΑΝΟΣ

485 1168 857 1238 ΝΕΩΤΕΡΟΣ,
913 1169 1040 1224 Tito
1098 1170 1443 1243 Vespasiani
1508 1170 1623 1224 ﬁlio
1674 1170 1871 1241 ipsum
1905 1169 2135 1226 asserit.

479 1257 660 1314 Aliter
690 1262 883 1312 tamen
918 1262 1200 1313 statuerat
1230 1258 1609 1314 doctissimus
1638 1258 2001 1325 Harduinus,
2035 1258 2137 1329 qui

482 1347 711 1419 primus
738 1346 893 1401 idem
928 1347 1225 1403 numisma
1252 1348 1511 1419 vulgavit
1541 1349 1674 1419 (79);
1710 1347 1943 1403 cautius
2004 1364 2138 1402 vero

483 1435 842 1502 Frmlichius,
866 1436 951 1490 vir
972 1436 1029 1490 in
1058 1453 1116 1491 re
1147 1437 1476 1492 nummaria
1518 1436 1682 1492 facile
1706 1442 1975 1507 princeps
2002 1436 2137 1507 (80).

484 1524 700 1579 Verum
743 1528 1034 1595 utcunque
1082 1526 1319 1580 demum
1371 1542 1463 1581 res
1507 1543 1568 1581 se
1616 1525 1852 1592 habeat,
1894 1525 2140 1596 hujusce

486 1613 866 1669 numismatis
899 1615 1242 1670 auctoritate
1274 1632 1463 1686 neque
1494 1614 1842 1670 sententiam
1876 1618 2139 1669 nostram

484 1702 555 1757 de
600 1702 1063 1758 Christianorum
1115 1709 1485 1775 persecutore
1524 1702 1883 1774 Vespasiano
1937 1702 2141 1769 everti,

481 1806 671 1861 neque
716 1791 1046 1862 oppositam
1106 1792 1412 1848 Mamachii
1474 1794 1872 1862 conjecturam
1938 1790 2128 1846 fulciri

480 1896 651 1935 nemo
700 1898 814 1935 non
866 1882 1067 1936 videt:
1101 1882 1395 1953 siquidem
1446 1882 1505 1936 in
1557 1880 1957 1937 monumentis
2008 1896 2138 1950 quae

481 1968 807 2037 attulimus,
870 1970 1069 2026 nullus
1126 1971 1426 2025 character
1482 1970 1761 2042 nullaque
1821 1968 2134 2040 peculiaris

484 2061 622 2112 nota
681 2058 1036 2128 perhibetur,
1099 2064 1164 2113 ut
1222 2058 1314 2113 hic
1372 2076 1512 2114 sane
1568 2076 1676 2114 vox
1754 2058 2131 2125 ΝΕΩΤΕΡΟΣ,

2250 636 2560 692 Domitiani
2604 652 2795 707 usque
2849 640 3084 708 tempus
3139 651 3539 692 excurremus.
3601 637 3727 692 imo
3780 652 3905 692 vero

2248 725 2395 780 nihil
2425 742 2530 780 nos
2582 725 2850 798 prohibet
2881 725 3023 797 quin
3072 726 3275 781 eadem
3325 726 3501 781 verba
3528 724 3655 781 sive
3688 726 3764 780 de
3806 728 3907 781 Ve-

2249 814 2523 885 spasiano
2551 816 2796 885 ejusque
2845 813 2981 869 filiis
3013 813 3144 869 Tito
3175 820 3229 868 et
3278 812 3613 869 Domitiano
3661 814 3911 885 accipia-

2250 919 2419 970 mus;
2481 919 2730 974 quorum
2765 902 2858 958 hic
2890 918 3074 974 usque
3104 903 3175 957 ab
3217 918 3370 957 anno
3420 901 3491 956 69
3520 900 3776 974 imperio
3801 902 3913 957 Cae~

2248 1008 2415 1047 sarea
2445 995 2776 1058 exornatus,
2810 990 2909 1045 ille
2936 1007 3070 1046 vero
3105 1007 3241 1046 ann.
3286 991 3352 1045 71
3407 989 3640 1062 imperii
3695 991 3915 1062 collega

2248 1079 2439 1135 fuerat
2469 1080 2869 1148 renuntiatus;
2904 1095 3170 1152 quosque
3184 1084 3459 1151 praterea
3476 1078 3741 1150 junctim
3768 1078 3918 1134 inter

2250 1174 2646 1241 persecutores
2663 1187 2697 1226 a
2715 1168 3067 1224 Theodorito
3093 1169 3450 1225 rescensitos
3473 1168 3752 1240 superius
3772 1168 3914 1223 vidi-

2250 1273 2383 1312 mus
2419 1274 2431 1312 :
2466 1258 2586 1313 sive
2606 1257 2729 1326 illa,
2764 1258 2913 1327 quod
2941 1258 3189 1313 fortasse
3211 1257 3404 1329 magis
3420 1256 3633 1329 placet,
3660 1258 3741 1312 de
3769 1273 3917 1329 pra-

2250 1345 2415 1401 fectis
2446 1346 2506 1401 in
2541 1347 2685 1402 urbe
2730 1345 3158 1418 intelligamus,
3215 1361 3466 1417 quorum
3518 1361 3764 1401 summa
3792 1349 3917 1400 erat

2250 1436 2586 1491 auctoritas.
2607 1436 2733 1501 Qua
2753 1436 2825 1489 de
2856 1452 2915 1490 re
2940 1434 3102 1489 locus
3125 1438 3316 1490 exstat
3337 1433 3591 1506 insignis
3616 1434 3779 1505 apud
3804 1432 3920 1489 Cle—

2249 1527 2506 1579 mentem
2545 1527 2874 1579 Romanum
2912 1522 3047 1595 (84),
3077 1522 3176 1593 qui
3193 1521 3441 1577 Paulum
3466 1521 3800 1593 apostolum
3832 1518 3915 1574 ἐπὶ

2246 1615 2354 1665 τῶν
2400 1610 2716 1686 ἡγουμένων
2774 1611 3053 1683 martyrio
3107 1609 3407 1667 sublatum
3444 1610 3742 1665 memoria
3797 1613 3919 1665 tra-

2248 1700 2433 1756 didit:
2462 1700 2595 1756 licet
2627 1717 2695 1756 ex
2722 1700 2976 1756 vetustis
3010 1698 3409 1755 monumentis
3459 1714 3591 1755 eum
3646 1700 3763 1754 sub
3811 1698 3919 1754 Ne-

2250 1806 2389 1845 rone
2447 1806 2687 1861 passum
2740 1792 2897 1845 certe
2949 1791 3197 1844 constet.
3244 1788 3445 1859 Neque
3491 1787 3665 1843 aliter
3716 1788 3779 1842 8.
3812 1788 3916 1859 Cy-

2250 1879 2495 1951 prianus
2520 1879 2631 1950 (85)
2659 1896 2723 1934 :«
2754 1878 2921 1948 Huic,
2969 1877 3183 1948 inquit,
3219 1876 3611 1949 persecutioni
3660 1874 3919 1949 quotidie

2247 1967 2537 2022 insistunt
2593 1966 2843 2039 praefecti
2895 1966 2955 2020 in
3007 1966 3174 2036 urbe,
3226 1968 3291 2019 ut
3344 1963 3394 2019 si
3444 1965 3545 2036 qui
3593 1964 3707 2021 sibi
3739 1962 3919 2019 oblati

2243 2055 2480 2126 fuerint,
2505 2056 3069 2124 animadvertantur,
3103 2057 3161 2108 et
3192 2055 3345 2109 bona
3375 2069 3578 2108 eorum
3632 2053 3782 2108 ﬁsco
3818 2051 3921 2107 ad-

489 2148 659 2216 cujus
689 2147 743 2201 vi
773 2146 954 2201 alium
988 2164 1021 2201 a
1050 2148 1406 2219 Vespasiano
1449 2151 1613 2220 patre
1663 2162 1978 2219 agnoscere
2002 2147 2136 2217 jure
2236 2145 2646 2217 judicentur.»
2694 2144 2917 2210 Quibus
2946 2144 3189 2214 insuper
3238 2143 3451 2197 addere
3503 2141 3648 2197 libet
3718 2141 3921 2196 Dionis

493 2251 792 2307 cogamur.

562 2324 668 2379 Sed
704 2341 835 2379 ecce
864 2324 970 2379 tibi
1017 2324 1197 2379 alium
1232 2325 1479 2392 obicem,
1510 2325 1665 2381 hunc
1697 2326 1891 2398 ipsum
1941 2324 2136 2379 locum

490 2413 876 2485 attingentem
910 2414 979 2467 de
1012 2431 1125 2485 quo
1157 2414 1409 2486 agimus,
1453 2415 1606 2469 haud
1635 2431 1775 2470 sane
1806 2419 2140 2486 praetergre-

498 2503 801 2558 diendum.
825 2503 1389 2558 Observatnimirum
1408 2503 1888 2575 Florentinius(8l
1904 2505 1941 2575 ),
1963 2520 2137 2574 quem

493 2593 703 2646 deinde
734 2596 970 2647 secutus
1013 2596 1102 2648 est
1143 2592 1547 2648 Tillemontius
1580 2594 1711 2665 (82).
1744 2594 1977 2665 Egeam
2006 2609 2140 2664 pro-

492 2680 795 2736 consulem
844 2683 924 2736 ita
972 2686 1241 2737 sanctum
1297 2682 1624 2753 apostolum
1687 2682 1867 2737 fuisse
1919 2681 2140 2737 allocu-

496 2773 623 2825 tum
648 2770 756 2841 (83)
783 2786 795 2824 :
825 2791 852 2818 «
883 2770 968 2824 Tu
1020 2786 1082 2825 es
1125 2771 1405 2841 Andreas,
1440 2770 1632 2843 qui....
1688 2773 1900 2827 suades
1953 2770 2140 2827 homi-

496 2858 672 2914 nibus
702 2858 1167 2930 superstitiosam
1198 2860 1359 2915 illam
1391 2864 1609 2916 sectam
1643 2877 1817 2932 quam
1850 2876 2034 2931 nuper
2051 2860 2143 2915 de-

498 2952 710 3003 tectam
747 2949 986 3003 Romani
1021 2949 1307 3020 principes
1329 2949 1701 3005 exterminari
1728 2949 2074 3020 jusserunt?
2111 2969 2141 2999 »

499 3036 660 3091 Unde
691 3036 813 3091 viro
840 3036 1066 3091 erudito
1108 3038 1282 3093 verba
1328 3038 1430 3093 illa
1476 3038 1535 3092 in
1581 3054 1822 3093 numero
1874 3037 2143 3092 multitu-

499 3126 653 3181 dinis
684 3128 925 3181 Romani
944 3128 1243 3198 principes,
1267 3128 1664 3183 Domitianum
1688 3128 2006 3199 respiscere
2026 3143 2145 3183 om-

500 3214 637 3270 nino
668 3216 1072 3287 videntur,qui
1107 3217 1601 3288 secundam,post
1629 3217 1916 3271 Neronem
1949 3232 2143 3287 perse-

2246 2235 2438 2303 verba,
2486 2234 2665 2306 digna
2704 2233 2876 2304 plane
2921 2249 3048 2304 qua:
3082 2232 3140 2287 in
3206 2230 3476 2286 eamdem
3559 2230 3921 2286 sententiam

2246 2322 2629 2395 pensitentur.
2673 2321 2766 2377 Sic
2796 2325 2988 2376 autem
3031 2319 3126 2375 ille
3164 2320 3310 2389 (86):
3338 2316 3492 2372 Οῧτω
3532 2316 3628 2390 μὶν
3701 2313 3773 2384 δὴ
3808 2316 3924 2370 τότε

2244 2412 2279 2480 ἡ
2311 2413 2416 2465 τῶν
2449 2409 2732 2483 Ῥωμαίων
2781 2409 2927 2484 ἀρχὴ
2978 2404 3073 2463 δύο
3123 2407 3547 2482 αὐτοκράτορσιν
3608 2406 3724 2479 ἅμα
3775 2403 3925 2461 ἐδού-

2248 2498 2410 2571 λωσε,
2445 2497 2650 2575 Νέρωνι
2680 2496 2771 2552 καὶ
2800 2495 2996 2570 Ἡλίῳ.
3032 2497 3236 2553 Viden’
3269 2496 3505 2554 Helium
3530 2496 3653 2552 sive
3674 2512 3749 2553 su
3768 2512 3927 2551 mma

2248 2594 2555 2665 potestate,
2587 2588 2707 2645 sive
2732 2588 2988 2643 nominis
3021 2586 3309 2660 dignitate
3354 2586 3401 2641 N
3423 2586 3587 2641 eroni
3622 2601 3925 2657 compara-

2246 2679 2414 2736 tum?
2467 2680 2756 2744 Quorsum
2802 2692 2934 2731 vero
2985 2676 3127 2744 haec,
3162 2674 3439 2748 inquies?
3486 2674 3816 2742 Nimirum,
3862 2678 3924 2727 ut

2249 2770 2607 2833 evincamus,
2674 2783 2744 2821 ex
2799 2764 3076 2838 Epistolas
3130 2768 3341 2821 nostra
3401 2763 3636 2831 verbis,
3694 2766 3929 2820 Romari

2248 2860 2525 2931 principes
2551 2860 2881 2929 jusserunt,
2917 2854 3114 2909 minus
3148 2858 3295 2910 recte
3326 2851 3519 2923 colligi
3555 2856 3845 2907 Neronem
3875 2855 3928 2905 et

2255 2947 2653 3004 Domitianum
2686 2944 2759 3001 iis
2784 2943 3116 2999 necessario
3132 2942 3581 3012 indicatos,cum
3598 2945 3657 2995 et
3674 2940 3927 3013 praefecti

2258 3037 2425 3093 urbis
2455 3035 2514 3090 in
2549 3034 2757 3106 primis
2813 3031 3130 3105 signiﬁcari
3164 3047 3334 3103 posse
3364 3030 3693 3097 videantur;
3717 3029 3823 3100 qui
3842 3027 3927 3085 vel

2263 3126 2336 3181 ab
2378 3141 2494 3180 uno
2526 3124 2877 3196 imperatore
2921 3122 2992 3176 de
3038 3120 3319 3177 vexandis
3368 3117 3717 3175 Christianis
3777 3117 3922 3172 latas

2266 3214 2428 3287 leges
2491 3212 2699 3268 edictis
2756 3210 2882 3266 suis
2939 3208 3300 3265 exsecutioni
3348 3207 3716 3263 mandandas
3774 3206 3926 3261 indi-

503 3304 789 3360 cationcm
828 3305 1042 3360 movit:
1070 3322 1320 3377 cumque
1352 3305 1507 3361 haud
1559 3304 1874 3361 verisimile
1920 3307 2154 3360 censeat
2190 3288 2233 3355 C
2279 3306 2494 3372 cerent,
2518 3300 2807 3358 velnovas
2829 3298 3004 3354 etiam
3028 3297 3246 3353 ferendi
3278 3300 3627 3370 potestatem
3668 3295 3785 3351 sibi
3826 3312 3926 3351 su-

505 3394 574 3450 ad
609 3398 729 3448 tam
759 3393 1080 3466 longaevam
1112 3399 1339 3450 aetatem
1372 3394 1702 3466 pervenisse
1728 3396 2000 3449 sanctum
2020 3410 2162 3465 apo-

508 3483 744 3555 stolum,
794 3489 857 3539 ut
906 3484 1113 3539 saeculo
1154 3502 1172 3538 Ῑ
1218 3489 1486 3551 exeunte,
1535 3484 1646 3539 sub
1694 3500 1758 3538 eo
1808 3484 2161 3555 imperatore

508 3589 722 3644 passus
755 3573 1142 3629 existimetur:
1168 3573 1305 3628 hinc
1323 3573 1587 3645 Epistolas
1610 3573 1878 3628 Ecclesiae
1900 3572 2161 3627 Achaicae

509 3661 901 3717 sinceritatem
968 3662 1027 3717 in
1084 3662 1333 3718 dubium
1412 3662 1717 3717 revocandi
1801 3660 2163 3717 occasionem

509 3756 722 3824 captat.
771 3755 841 3805 At
862 3751 1059 3806 isthaac
1091 3752 1329 3806 demum
1360 3752 1608 3822 objectio
1640 3751 1783 3807 tanti
1810 3768 1925 3806 non
1956 3754 2067 3818 est,
2101 3753 2166 3805 ut

510 3842 810 3914 negotium
840 3840 1009 3896 nobis
1039 3841 1323 3895 facessere
1353 3840 1636 3895 videatur.
1658 3841 1819 3905 Quod
1852 3840 2007 3895 enim
2037 3855 2162 3894 ver-

510 3930 736 3986 bisillis
757 3954 785 3980 «
817 3930 1059 3986 Romani
1083 3928 1395 4001 principes,
1420 3951 1449 3979 »
1483 3928 1603 3985 sive
1635 3933 1698 3984 ut
1728 3928 1788 3983 in
1818 3931 1974 3983 textu
2001 3926 2053 3979 ot
2077 3920 2168 4001 ἅρ-

2274 3396 2523 3460 merent,
2545 3394 2612 3447 ut
2630 3391 2700 3445 de
2722 3388 2883 3445 Helio
2907 3391 3294 3460 compertum.
3325 3387 3540 3443 Caetera
3562 3384 3926 3456 preterimus

2273 3498 2399 3554 quae
2450 3479 2595 3537 alias
2629 3482 2841 3551 praesto
2890 3480 3088 3533 essent
3135 3475 3207 3531 ad
3258 3474 3609 3531 sententiam
3667 3478 3926 3528 nostram

2275 3569 2461 3643 magis
2492 3567 2805 3641 magisque
2835 3564 3215 3621 astruendam
3240 3581 3254 3632 ;
3306 3578 3379 3618 ne
3408 3560 3681 3617 videlicet
3708 3560 3926 3616 Tullia-

2273 3675 2417 3716 num
2448 3656 2596 3713 illud
2632 3655 2803 3711 nobis
2851 3656 2982 3726 jure
3030 3654 3277 3709 fortasse
3314 3651 3450 3723 quis
3498 3650 3741 3721 objiciet
3770 3650 3883 3720 (8‘7)
3913 3668 3926 3705 :

2274 3771 2303 3799 «
2338 3748 2535 3803 Utitur
2566 3746 2625 3799 in
2660 3761 2721 3800 re
2752 3761 2866 3799 non
2890 3743 3072 3798 dubia
3090 3742 3343 3798 testibus
3361 3757 3477 3796 non
3504 3738 3871 3796 necessariis.
3904 3760 3928 3787 ιι

2276 3837 2343 3891 Et
2373 3835 2492 3890 haec
2523 3832 2763 3906 quidem
2795 3832 2865 3887 de
2898 3829 3161 3886 Ecclesiae
3187 3827 3453 3884 Achaica:
3486 3826 3749 3900 Epistola
3782 3828 3924 3883 satis

2277 3928 2475 3980 sunto.

1880 4215 2590 4305 EXCEBPTUM

1275 4391 1366 4450 Ex
1393 4387 1763 4449 Praefatione
1794 4385 2120 4449 clarissimi
2148 4383 2267 4446 viri
2296 4383 2687 4448 Constantini
2712 4386 3161 4447 TISCHENDOBF.

1520 4539 1674 4605 (Acta
1703 4538 2054 4603 apostolm'um
2082 4535 2396 4602 apocrypha,
2429 4535 2940 4601 Lipsim1851,in-8).

1350 4786 1441 4847 De
1486 4804 1639 4846 nova
1685 4782 2014 4845 recensione
2060 4791 2253 4844 textus
2298 4784 2580 4843 Actorum
2643 4778 2832 4840 sancti
2872 4774 3127 4838 Andreas

600 4956 789 5012 Fluxit
822 4953 997 5035 editio
1025 4958 1210 5035 nostra
1250 4964 1319 5005 ex
1362 4947 1570 5004 duobus
1596 4947 1943 5030 potissimum
1972 4943 2244 5029 codicibus
2276 4942 2477 5001 Graecis
2505 4940 2931 4999 Parisiensibus.
2978 4936 3129 4994 Alter
3158 4935 3279 5081 3ᾳαί
3314 4934 3476 5019 uobis
3521 4939 3603 4992 est
3645 4935 3713 5006 A)
3746 4935 3938 5062 Regius

600 5044 624 5081 :.
656 5043 803 5081 nunc
829 5023 1150 5081 nationalzs.
1175 5037 1328 5076 num.
1360 5021 1487 5081 881.
1516 5020 1706 5077 $530M:
1738 5016 2038 5081 undecimi,
2067 5016 2166 5081 fol.
2198 5016 2485 5081 282-291;
2514 5014 2656 5070 alter
2686 5010 2855 5081 (apud
2878 5025 2980 5068 nos
3010 5014 3092 5066 est
3122 5008 3163 5064 B
3194 5050 3207 5064 .
3232 5007 3607 5064 Coulmtanu:
3627 5022 3789 5063 num.
3852 5007 3935 5071 21,

527 5007 624 5095 est,
644 5007 803 5082 nunc
827 5007 1150 5089 nationalis,
1175 5021 1487 5095 num.__881_,
1516 5007 1709 5077 saeculi
1738 5016 2038 5084 undecimi,
2066 5016 2166 5088 fol.
2198 5016 2442 5072 282-291
2461 5032 2485 5081 ;
2514 5014 2656 5070 alter
2686 5010 2855 5086 (apud
2878 5025 2980 5068 nos
3010 5014 3092 5066 est
3122 5007 3207 5081 B).
3232 5007 3607 5064 Coislinianu:
3627 5022 3789 5063 num.
3820 5007 3935 5071 121,

535 5092 687 5157 anno
722 5098 858 5153 1343
887 5098 1138 5166 scriptus,
1168 5094 1267 5166 fol.
1300 5092 1488 5166 37-41.

596 5147 712 5228 Huc
724 5147 957 5226 accedit
979 5147 1182 5223 {etuti
1202 5147 1387 5236 (nobis
1409 5166 1487 5236 est
1514 5164 1574 5231 Ο)
1600 5160 1769 5217 codex
1799 5160 2346 5236 Baroccianusnum.
2382 5157 2681 5236 180,9uent
2697 5171 2773 5211 ex
2800 5153 3048 5236 Woogio,
3069 5151 3177 5236 ‘qui
3203 5149 3416 5236 eo'solo.
3450 5163 3578 5205 usus
3600 5155 3709 5236 est,
3742 5147 3940 5236 haut:

527 5221 1106 5311 sz'."Q'aHiz'b"véro’
1132 5221 1289 5309 opere
1333 5221 1580 5292 codicum
1632 5237 1946 5290 nostrorum
1992 5221 2598 5287 Parisiensiumteﬁus
2645 5221 2949 5284 Oxom'ensi
2987 5221 3161 5281 codici
3214 5221 3416 5292 Woogii
3448 5222 3687 5292 prastat,
3730 5221 3937 5278 πονηιέ

604 5398 721 5469 (78)
755 5397 909 5452 Diar.
962 5392 1114 5449 erud.
1176 5391 1325 5459 Ital,
1385 5393 1529 5446 tom.
1589 5387 1836 5456 XXVIII,
1897 5401 2030 5459 pag.
2080 5385 2186 5440 310

540 5487 723 5612 εθῗέξᾶ)
755 5539 953 5612 illud”
974 5537 1120 5612 _Hist.
1152 5534 1289 5603 Aug.
1324 5532 1479 5612 inter
1494 5548 1644 5612 opp.,_
1669 5528 2112 5612 sel.,‘pag._l7_83.

540 5678 910 5752 nummqyetq
942 5698 1066 5752 cap.
1099 5681 1153 5741 3,
1186 5696 1317 5750 pag.
1345 5678 1439 5752 715.

612 5752 723 5827 (81)
754 5743 1809 5820 Floreat.'VestutpccinchMartyn,
1841 5759 1972 5818 pag.
2007 5743 2129 5801 119.

611 5540 701 5612 (79
756 5540 953 5604 Hard.,
988 5540 1120 5592 Hist.
1152 5540 1289 5603 Aug.
1324 5540 1476 5589 inter
1494 5548 1640 5605 opp.,
1669 5540 1790 5598 set.,
1825 5540 2112 5612 pag._7_33.

610 5540 723 5680 (80;
754 5610 918 5663 Frocl.
956 5610 1112 5677 Quat.
1165 5612 1396 5680 lentam.
1444 5607 1734 5661 Dissertat.
1780 5603 1844 5659 de
1887 5603 2055 5657 utiltt.
2107 5616 2186 5657 rei

2387 5383 2477 5453 82)
2507 5380 2759 5451 Tillem.,
2790 5376 3137 5453 Memgecct"
3172 5379 3314 5453 tom.
3348 5374 3391 5442 Ι,
3422 5388 3556 5446 pag.
3585 5372 3713 5429 591.

2366 5396 2477 5523 (82)
2507 5396 2759 5465 'l'lllem.,
2790 5396 2941 5435 mm.
2972 5396 3137 5443 ecca,
3172 5396 3307 5431 tom.

2388 5455 2479 5523 83)
2510 5456 2675 5523 Epist.
2708 5451 2886 5523 presb.
2922 5449 3071 5523 Acin,
3106 5463 3233 5523 cap.
3254 5446 3307 5503 2.

2366 5515 2478 5595 (84)
2504 5515 2681 5581 Clem.
2708 5515 2783 5579 Β.
2818 5523 2990 5595 Epist.
3024 5515 3147 5575 I'ad
3174 5515 3325 5595 :Cgrq
3350 5531 3480 5595 cap.

2509 5586 2880 5679 Cyprz‘cpist'.
2904 5593 2995 5657 80,
3025 5590 3298 5679 pag;2§8,
3331 5586 3468 5645 edit.
3503 5586 3681 5644 Oxon.
3719 5586 3881 5641 1682.

2390 5662 2477 5745 βξ)
2509 5662 2612 5745 I_)_io
2642 5662 3098 5745 li_b.'1.z§1u,_p‘ag.
3130 5662 3257 5716 720.

2388 5732 2479 5811 87)
2509 5739 2626 5797 Cic.
2659 5738 2732 5796 De
2753 5737 2920 5811 ofﬂa,
2950 5732 3073 5793 lib.’
3088 5749 3153 5805 ιι,
3183 5747 3311 5805 cap.
3340 5732 3396 5788 2.

2460 5455 2479 5814 ἓ

3956 5926 4013 6085 Ῑ
