4046 6350
472 377 627 441 18⁸19
1951 382 2350 447 ADDENDA.
3718 380 3887 446 1280

469 507 687 572 αὐτούς.
756 510 1113 582 Ἐξεταζέσθω
1174 511 1231 570 δὲ
1302 508 1543 590 ἀκριϐῶς
1603 515 1631 568 6
1681 515 1885 590 τρόπος
1951 517 2039 572 καὶ
2084 518 2112 570 6
2143 521 2198 586 Α
2229 515 2400 574 Παῦλ.
2453 516 2808 591 διατάσσομεν
2874 518 3181 595 ἐργάζεσθαι
3244 514 3373 581 τοὺς
3459 512 3627 579 λαοὺς
3715 517 3879 571 πέντε

475 598 617 674 βίος,
649 600 737 653 καὶ
787 599 833 655 εἰ
873 600 1064 655 δοῦλοί
1108 602 1236 658 εἰσιν
1288 604 1323 671 ἢ
1375 602 1671 679 ἐλεύθεροι.
1711 608 1771 661 2.
1814 606 1913 659 Καὶ
1962 604 2113 678 ἐδινῇ
2226 607 2455 682 ἡμέρας,
2488 603 2646 663 σάϐϐ.
2681 605 2739 662 δὲ
2794 630 2845 664 κ.
2902 628 3023 683 κυρ.
3074 605 3489 681 σχολαζέτωσαν
3536 608 3683 679 (Cot.
3736 606 3878 662 add.

466 708 551 750 τις
603 685 823 763 δοῦλος,
855 689 1142 766 ἐρωτάσθω
1192 694 1221 747 6
1276 690 1539 763 δεσπότης
1599 693 1764 749 αὐτοῦ
1813 694 1859 749 εἷ
1912 716 2113 770 μαρτυ-

472 782 556 853 ρεῖ
618 776 784 850 αὐτῷ·
850 779 895 833 εἷ
960 777 1018 835 δὲ
1085 782 1185 855 μὴ,
1240 777 1620 850 ἀποϐαλέσθω,
1667 780 1773 845 ἓως
1841 783 1899 837 ἂν
1968 783 2112 853 ἄξιον

465 866 654 922 ἑαυτὸν
713 866 950 943 ἐπιδείξῃ
1014 874 1091 942 τῷ
1140 868 1391 945 δεσπότῃ·
1427 872 1472 927 εἰ
1531 869 1587 927 δὲ
1644 878 1903 949 μαρτυρεῖ
1946 873 2112 944 αὐτῷ,

464 953 872 1032 προσδεχέσθω.
925 959 1172 1014 Ἐθνικοῦ
1241 960 1455 1031 οἰκέτης
1524 958 1857 1025 διδασκέσθω
1927 961 2111 1037 εὐαρε-

464 1049 607 1100 στεῖν
664 1050 743 1118 τῷ
802 1043 1052 1122 δεσπότῃ,
1079 1047 1167 1103 ’ίνα
1227 1050 1301 1122 μή
1340 1048 1745 1127 βλασφημεῖται
1779 1051 1806 1105 ὁ
1837 1048 2023 1126 λόγος.
2058 1053 2108 1106 3.

462 1134 527 1189 Εἰ
562 1135 657 1207 μὲν
709 1133 800 1190 οὖν
852 1134 970 1211 ἔχει
1020 1142 1245 1212 γυναῖκα
1288 1140 1323 1207 ἢ
1368 1141 1403 1208 ἡ
1451 1141 1587 1214 γυνή
1629 1137 1814 1213 ἄνδρα,
1867 1136 2112 1194 διδασκέ-

462 1224 671 1278 σθωσαν
723 1224 999 1298 ἀρκεῖσθαι
1066 1228 1296 1289 ἑαυτοῖςο
1349 1228 1394 1283 εἰ
1443 1226 1500 1283 δὲ
1550 1226 1750 1304 ἄγαμοί
1802 1228 1924 1293 εἶσι,
1978 1250 2111 1301 μαν-

460 1312 760 1369 θανέτωσαν
796 1316 871 1388 μή
905 1316 1203 1389 πορνεύειν,
1236 1316 1381 1372 ἀλλὰ
1408 1323 1603 1392 γαμεῖν
1639 1317 1690 1373 ἐν
1750 1317 1927 1390 νόμῳ.
1966 1318 2023 1371 Εἰ
2057 1314 2113 1371 δῖε

463 1404 492 1457 ὁ
526 1400 792 1474 δεσπότης
822 1404 987 1459 αὐτοῦ
1024 1406 1214 1467 πιστὸς
1247 1403 1320 1459 ὣν
1372 1407 1461 1461 καὶ
1512 1405 1670 1469 εἰδὼς
1713 1405 1796 1461 ὅτι
1840 1405 2110 1481 πορνεύει,

464 1490 526 1547 οὐ
559 1488 777 1547 δίδωσιν
827 1493 973 1565 αύτῷ
1025 1500 1250 1570 γυναῖκα
1297 1496 1332 1563 ἢ
1383 1499 1451 1568 τῇ
1499 1497 1709 1570 γυναικὶ
1759 1493 1945 1570 ἄνδρα,
1977 1495 2108 1572 ἀφο-

463 1581 811 1655 ριζέσθωσαν.
866 1585 918 1639 4.
990 1582 1109 1637 Ἐάν
1159 1584 1302 1654 (ϐοὶ.
1382 1586 1516 1640 add.
1588 1582 1666 1657 δέ)
1734 1605 1817 1646 τις
1881 1583 2113 1657 δαίμονα

465 1666 588 1744 ἔχῃ,
624 1666 953 1724 διδασκέσθω
988 1670 1082 1744 μὲν
1121 1672 1220 1740 τήν
1274 1666 1568 1742 εὒσέϐειαν,
1599 1674 1674 1745 μὴ
1726 1669 2111 1748 προσδεχέσθω

461 1754 519 1813 δὶ
548 1756 625 1820 είς
678 1758 963 1813 κοινωνίαν
1007 1760 1134 1835 πρὶν
1193 1760 1251 1814 ἂν
1310 1765 1631 1835 καθαρισθῇ’
1676 1761 1720 1815 εἰ
1781 1761 1838 1816 δὲ
1890 1762 2112 1822 Θάνατος

460 1846 782 1924 κατεπείγει,
851 1846 1258 1924 προσδεχέσθω.
1325 1853 1379 1906 5.
1447 1849 1515 1905 Εἴ
1569 1872 1651 1913 τις
1715 1846 2109 1927 πορνοϐοσκὸς,

460 1935 496 2005 ἢ
528 1938 821 2000 παυσάσθω
853 1938 998 2010 (Cet.
1032 1940 1164 1995 add.
1198 1941 1318 2012 τοῦ)
1371 1939 1760 2015 μαστροπεύειν
1810 1941 1844 2009 ἢ
1900 1934 2109 1995 ἀποϐα-

465 2023 643 2089 λέσθω
673 2027 1026 2099 (sequuntur
1052 2028 1224 2100 plura
1265 2031 1424 2101 apud
1473 2030 1641 2100 ϐοὶ).
1671 2032 1785 2082 Τῶν
1836 2028 1923 2083 ἐπὶ
1974 2049 2107 2099 σκη-

461 2120 562 2184 νῆς
607 2114 695 2170 ἐάν
742 2135 825 2177 τις
870 2115 1095 2191 προσείη
1141 2117 1270 2190 (sie)
1309 2118 1505 2192 ἀνὴρῆ
1533 2119 1667 2193 γυνή
1711 2118 1747 2187 ἢ
1800 2117 2024 2193 ἡνίοχος
2072 2119 2109 2186 ἢ

470 2202 851 2280 μονομάχοςῆ
909 2201 1303 2281 σταδιοδρόμος
1360 2207 1395 2275 ἢ
1456 2206 1862 2279 λουδεμπιστής
1910 2209 2110 2279 (codex

462 2296 617 2364 στῆς)
659 2294 693 2362 ἢ
749 2292 1059 2366 όλυμπικὸς
1097 2294 1133 2363 ἢ
1189 2293 1475 2370 χοραύλης
1518 2296 1554 2364 ἢ
1593 2297 1906 2371 κιθαριστὴς
1964 2298 2109 2370 (seq.

460 2382 576 2440 alia
622 2384 778 2455 apud
829 2383 977 2453 ϐοΐ.)
1021 2382 1056 2451 ἢ
1102 2380 1332 2452 αὔλησιν
1383 2383 1841 2457 ἐπιδεικνύμενος,
1890 2386 1925 2454 ἢ
1976 2406 2111 2440 παυ-

460 2469 739 2525 σάσθωσαν
784 2472 819 2541 ἢ
888 2466 1368 2535 ἇποϐαλέσθωσαν.
1417 2476 1471 2530 6.
1524 2475 1873 2546 Στρατιώτης
1940 2495 2111 2551 προσ-

468 2561 562 2615 ιὼν
611 2556 943 2623 διδασκέσθω
997 2560 1073 2633 μὴ
1125 2558 1349 2632 ἀδικεῖν,
1386 2563 1460 2635 μὴ
1511 2568 1879 2640 συκοφαντεῖν,
1932 2562 2110 2640 ἀρκεῖ-

460 2650 582 2703 σθαι
612 2646 670 2703 δὲ
697 2654 813 2711 τοῖς
846 2645 1153 2722 διδομένοις
1192 2648 1467 2724 ὀψωνίοιςο
1514 2651 1838 2725 πειθόμενος
1883 2650 2110 2728 προσδε-

466 2739 668 2815 χέσθω,
698 2736 995 2814 ἀντιλέγων
1047 2738 1104 2794 δὲ
1156 2735 1538 2806 ἀποϐαλέσθω,
1574 2740 1997 2817 Ἀῤῥητοποιὸς,
2028 2741 2111 2796 κί-

463 2824 671 2895 ναιδος,
723 2825 878 2902 βλὰξ,
933 2825 1129 2903 μάγος,
1174 2826 1523 2905 ὀχλαγωγὸς,
1576 2826 1846 2901 ἐπαοιδός,
1912 2828 2109 2901 λῶταξ,

465 2916 820 2991 περιάμματα
846 2920 1043 2983 ποιῶν,
1076 2915 1385 2987 οἶωνιστής,
1436 2912 1933 2990 σομϐολοδείκτης,
1965 2915 2113 2971 παλ-

479 3008 595 3079 μῶν
627 3002 915 3080 ἑρμηνεὺς,
965 3001 1373 3081 φυλαττόμενος
1441 3005 1492 3059 ἐν
1546 3008 1857 3077 συναντήσει
1928 3000 2112 3069 λωϐὰς

460 3094 596 3168 (sic)
627 3087 803 3168 ὄψεων
831 3094 867 3163 ἢ
899 3089 1081 3148 ποδῶν
1117 3092 1147 3148 ύ
1179 3092 1403 3169 ὀρνίθων
1448 3095 1483 3163 ἢ
1515 3093 1699 3170 γαλῶν
1751 3096 1786 3164 ἢ
1836 3093 2112 3173 ἐπιφωνή-

466 3203 601 3239 σεων
629 3183 665 3253 ἢ
710 3183 1183 3260 παρακροαμάτων
1236 3178 1613 3257 συμϐολικῶν,
1644 3183 1833 3260 χρόνῳ
1881 3182 2109 3258 δοκιμα-

470 3271 739 3342 ζέσθωσαν
773 3289 789 3305 ⁸
875 3268 1224 3334 δυσέκνιπτος
1268 3316 1281 3331 .
1327 3313 1341 3328 .
1387 3293 1400 3307 ο

468 3358 735 3431 Παλλακή
778 3403 794 3419 .
839 3403 853 3417 .
896 3400 910 3416 .
952 3354 1311 3417 ἀποϐαλέσθω
1355 3404 1368 3418 .
1414 3405 1426 3418 .
1472 3405 1485 3419 .
1528 3363 1574 3418 εἰ
1626 3364 1719 3437 μὲν
1772 3361 1945 3434 δούλη
1978 3364 2120 3419 ἐστίν

468 3490 487 3511 .
530 3489 545 3505 .
591 3492 606 3507 .
648 3449 695 3505 εἶ
728 3447 787 3506 δὲ
833 3448 1109 3527 ἐλευθέρα,
1140 3448 1382 3527 γαμείτω
1423 3492 1436 3505 .
1482 3494 1496 3509 .
1543 3494 1556 3508 .
1590 3452 1618 3508 6
1650 3457 1780 3527 (pro
1809 3452 1876 3527 εἷ)
1911 3450 1969 3509 δὲ
2017 3454 2117 3527 μή,

468 3533 850 3595 ἀποϐαλέσθω.
917 3542 971 3597 8.
1039 3538 1389 3609 Ἑλληνικοῖς
1431 3585 1443 3598 .
1488 3584 1500 3597 .
1550 3586 1564 3598 .
1656 3543 2017 3615 μετατιθέσθω
2081 3543 2118 3611 ἢ

472 3623 833 3693 ἀποϐαλέσθω
877 3671 891 3685 .
934 3673 949 3686 .
994 3672 1008 3686 .
1063 3626 1491 3705 ἱπποδρομικοῖς
1541 3630 1744 3705 ἀγῶσιν
1782 3675 1794 3688 .
1841 3674 1855 3689 .
1900 3676 1914 3689 .
1980 3633 2120 3686 ἀπο-

469 3713 740 3774 ϐαλέσθω.
770 3720 825 3774 9.
857 3718 914 3772 '0
946 3716 1166 3789 μέλλων
1214 3759 1229 3773 .
1276 3762 1288 3775 .
1334 3762 1347 3774 .
1406 3716 1615 3774 εὔνοιαν
1669 3723 1869 3792 (codex
1912 3722 2119 3794 ἄνοιαν)

471 3806 575 3882 ἔχῃ
603 3808 744 3880 (Cet.
772 3808 908 3864 add.
940 3806 1062 3881 περὶ
1091 3807 1153 3861 τὸ
1184 3810 1432 3882 πρᾶγμα)
1475 3852 1488 3865 .
1534 3851 1547 3864 .
1594 3853 1607 3866 .
1668 3812 1755 3866 10.
1801 3852 1814 3866 .
1861 3850 1872 3863 .
1923 3855 1935 3867 .
1994 3808 2114 3865 λαῖ-

470 3895 565 3957 κὸς
598 3891 705 3965 εἷἠ.
740 3896 826 3951 11.
858 3899 970 3957 Πᾶς
1000 3895 1189 3956 πιστὸς
1235 3937 1249 3950 .
1296 3937 1308 3951 .
1357 3939 1370 3951 .
1412 3895 1519 3972 πρὸ
1548 3899 1646 3951 τοῦ
1684 3897 1747 3951 τὸ
1795 3892 1950 3972 ἔργον
2001 3902 2118 3972 χεῖ-

471 4004 567 4061 ρον
626 3981 983 4040 ἐπιτελέσαι.
1031 4027 1044 4042 .
1089 4026 1102 4040 .
1167 3982 1212 4038 εἰ
1270 3980 1328 4038 δέ
1371 4005 1454 4039 τις
1528 3982 1692 4062 λόγος
1758 3988 2119 4061 κατηχήσεως

471 4072 694 4150 γίνεται,
759 4070 1251 4148 προτιμησάτωσαν
1296 4118 1308 4130 .
1354 4118 1367 4130 .
1413 4116 1425 4127 .
1493 4070 1786 4137 εὐσεϐείας.
1868 4078 1953 4131 12.
2024 4081 2120 4129 Πι-

475 4161 598 4223 στὸς
628 4163 663 4230 ἢ
695 4162 861 4230 πιστή
906 4205 919 4219 .
966 4204 978 4216 .
1025 4205 1037 4219 .
1082 4160 1398 4224 ἐπιστολαῖς
1429 4160 1765 4236 διετάξαμεν.

550 4252 904 4325 lnscriptum
972 4256 1063 4309 est
1118 4250 1323 4327 Πέτρου
1387 4251 1477 4306 καὶ
1528 4252 1747 4308 Παύλου
1793 4256 1898 4307 τῶν
1951 4253 2119 4329 ἁγίων

476 4338 797 4395 ἀποστόλων
827 4337 1061 4412 διάταξις
1092 4341 1225 4413 (67).

2141 1892 2188 1957 Β
2218 1896 2300 1953 ὅτι
2343 1896 2516 1952 πάντα
2562 1895 2842 1965 ἐκεκίνητο
2886 1940 2900 1953 .
2943 1941 2957 1954 .
3004 1940 3016 1953 .

1490 3234 2110 3332 ὲᾷεέἒὶἐςέθζσέιζ.”“”ἇ.
2144 3261 2188 3330 C
2227 3234 2319 3332 δτξο

2227 695 2303 768 ἐν)
2350 701 2418 770 τῇ
2469 695 2731 768 ἐκκλησίᾳ
2775 742 2786 753 .
2831 741 2843 753 .
2890 742 2903 752 .
2956 695 3249 771 δημιουργ.
3298 696 3495 772 τρόπον
3542 694 3690 770 ἔχειν
3738 738 3751 752 .
3801 737 3817 751 .
3865 736 3878 749 .

2220 787 2276 842 2.
2312 786 2419 853 Τὴν
2464 828 2477 841 .
2521 830 2533 843 .
2580 830 2593 843 .
2637 787 2664 840 6
2713 788 3076 862 συγχωρήσας
3127 786 3272 858 (Cet.
3325 787 3461 842 add.
3510 785 3570 853 ἢ)
3616 784 3707 838 καὶ
3753 782 3885 837 ἀνα-

2224 876 2424 944 στήσας
2469 919 2481 933 .
2527 921 2539 932 .
2585 920 2599 933 .
2640 876 2947 949 πνεύματος
2994 877 3093 943 τὴν
3145 872 3386 929 δοθεῖσαν
3433 916 3446 929 .
3492 916 3507 929 .
3552 915 3566 929 .
3627 872 3681 927 ἐν
3733 872 3879 944 αὐτῇ

2222 966 2367 1033 (Cot.
2414 966 2547 1020 add.
2578 966 2701 1037 τὴν)
2733 961 3143 1040 ἀπροσδόκητον
3188 962 3348 1040 χάριν
3393 966 3511 1023 τοῖς
3561 962 3884 1037 ἀνθρώποις

2224 1048 2469 1116 δεδόσθαι
2514 1098 2526 1109 .
2573 1098 2585 1109 .
2635 1097 2646 1110 .
2689 1051 2856 1128 λόγον
2891 1053 3032 1125 (Cot.
3077 1054 3212 1109 add.
3265 1053 3469 1121 Ἰησοῦν
3514 1051 3773 1125 Χριστὸν)
3823 1050 3885 1104 ἐκ

2226 1182 2237 1193 .
2285 1184 2297 1197 .
2340 1180 2356 1198 .
2416 1142 2515 1209 τὴν
2583 1146 2689 1197 τῶν
2776 1141 2943 1216 ἁγίων
3021 1141 3316 1220 θεοφανίων
3384 1141 3576 1215 έορτὴν
3624 1184 3637 1195 .
3682 1184 3697 1197 .
3746 1183 3758 1194 .
3823 1142 3878 1195 3.

2219 1232 2321 1292 Τάς
2355 1232 2565 1307 ἡμέρας
2608 1274 2621 1288 .
2670 1274 2683 1287 .
2729 1275 2741 1287 .
2784 1230 3016 1301 ἠξίωσαν
3052 1230 3229 1305 άγίου.

2292 1366 2532 1433 XXXIV,
2568 1368 2591 1421 1
2810 1363 2993 1440 Εύχὰς
3046 1361 3184 1420 ἐπιτ.
3234 1360 3445 1439 ὄρθριος
3494 1365 3685 1435 πρώτῃ
3734 1362 3877 1435 ὥρα,

2219 1452 2376 1527 τρίτῃ
2427 1474 2484 1507 τε
2526 1454 2614 1507 καὶ
2666 1451 2792 1525 ἕκτῃ
2832 1474 2884 1510 κ.
2938 1452 3043 1509 ἐνν.
3093 1452 3183 1506 καὶ
3233 1452 3456 1525 ἑσπέρας
3498 1450 3588 1504 καὶ
3644 1450 3881 1530 άλεκτο-

2222 1542 2511 1619 ροφωνίας.
2561 1544 2791 1618 Ὀρθρου
2867 1543 2959 1615 μὲν
3022 1545 3164 1614 (Cot.
3218 1543 3351 1597 add.
3400 1540 3883 1616 εὐχαριστοῦντες)

2220 1630 2303 1686 ὅτι
2333 1630 2417 1709 ἐφ.
2447 1633 2595 1704 ⁹ἷιλμᾶς
2625 1633 2771 1704 (Cot.
2808 1632 2957 1704 ὑμῖν,
2991 1649 3105 1688 non
3140 1631 3270 1703 Ue.)
3313 1672 3325 1685 .
3372 1672 3385 1685 .
3433 1673 3446 1686 .
3496 1628 3689 1684 νύκταν
3735 1672 3748 1685 .
3798 1672 3813 1684 .
3862 1672 3873 1684 .

2220 1718 2302 1775 ὅτι
2348 1718 2397 1774 ἐν
2432 1718 2567 1793 αύτῇ
2598 1719 2862 1799 ἀπόφασιν
2913 1719 3018 1774 ἀπὸ
3068 1717 3307 1773 Πιλάτου
3350 1716 3539 1773 ἔλαϐεν
3592 1718 3621 1771 6
3676 1719 3881 1792 Κύριος

2224 1851 2238 1865 .
2282 1852 2295 1864 .
2343 1851 2355 1864 .
2419 1807 2727 1883 ἐσταυρώθη
2787 1808 2816 1862 6
2865 1807 3116 1883 Χριστός·
3172 1805 3361 1881 ἐννάτῃ
3406 1809 3553 1880 (Cet.
3602 1808 3741 1863 add.
3798 1804 3901 1877 δέ)-

3081 1896 3161 1973 ἐφ’
3209 1894 3436 1973 ἑσπέρας
3497 1892 3555 1950 δὲ
3622 1895 3746 1973 εὐχ.
3797 1894 3881 1949 ὅτι

2221 1990 2356 2060 ἡμῖν
2399 1988 2541 2060 (Cot.
2578 1986 2730 2059 ὑμῖν,
2780 1988 2877 2044 Ue.
2928 1988 3072 2057 om.)
3124 1981 3319 2040 ἔδωκεν
3376 1986 3673 2040 ἀνάπαυσιν
3723 1984 3882 2057 (Cot.

2222 2078 2355 2134 add.
2432 2078 2567 2149 τῶν)
2636 2076 3014 2148 καθημερινῶν
3062 2119 3075 2131 .
3120 2116 3134 2130 .
3180 2117 3193 2130 .
3232 2081 3331 2143 τῆς
3391 2073 3690 2149 παρουσίας
3741 2116 3754 2128 .
3807 2116 3820 2129 .
3868 2117 3880 2127 .

2219 2169 2272 2221 2.
2301 2164 2476 2236 Εἷμή
2517 2203 2533 2222 .
2582 2207 2594 2220 .
2643 2207 2654 2219 .
2696 2163 2975 2239 προσιέναι
3020 2206 3033 2219 .
3079 2206 3092 2220 .
3139 2207 3150 2219 .
3206 2163 3461 2241 φευκτέος
3524 2206 3537 2219 .
3584 2205 3595 2218 .
3645 2208 3658 2220 .
3700 2160 3882 2223 οὕτως

2220 2252 2310 2310 καὶ
2356 2254 2409 2307 οἱ
2455 2252 2662 2328 ἐναγεῖς
2715 2252 3040 2325 μιαίνουσιν.
3090 2253 3142 2309 3.
3198 2250 3262 2307 Εἰ
3315 2248 3372 2305 δὲ
3440 2252 3578 2323 μήτε
3634 2250 3685 2304 ἐν
3738 2247 3884 2321 οἷ’κῳ

2222 2340 2335 2416 ἅμα
2368 2342 2507 2414 μήτε
2538 2342 2591 2395 ἐν
2640 2339 2789 2397 ἐκκλ.
2822 2346 2966 2412 (Cot.
3010 2342 3145 2397 add.
3192 2340 3670 2413 συναθροισθῆναι)
3722 2336 3883 2393 δυναο

2218 2430 2332 2502 τὸν,
2376 2428 2602 2492 ἕκαστος
2644 2432 2792 2504 (Cot.
2844 2432 2980 2487 add.
3034 2430 3182 2502 παρ’)
3232 2429 3405 2499 ἐαυτῷ
3434 2425 3695 2501 ψαλλέτω
3741 2470 3755 2483 .
3807 2470 3821 2482 .
3868 2472 3879 2482 .

2221 2520 2308 2576 ἐὰν
2344 2518 2445 2575 ὦσι
2475 2522 2582 2593 (ita
2609 2526 2762 2577 recte
2788 2521 2966 2577 etiam
2999 2520 3098 2575 Ue.
3131 2523 3335 2575 contra
3364 2518 3488 2575 Cot.
3530 2515 3659 2589 εἶσί)
3708 2516 3879 2593 φησὶν

2223 2609 2251 2664 6
2283 2609 2478 2684 Κύριος
2510 2611 2673 2682 (item
2721 2609 2846 2677 Ue.,
2895 2612 3015 2665 Got.
3066 2611 3208 2677 om.)
3250 2650 3264 2664 .
3310 2649 3323 2662 .
3369 2649 3383 2662 .
3442 2609 3496 2663 4.
3561 2647 3572 2659 .
3621 2648 3634 2662 .
3678 2648 3692 2661 .
3757 2607 3878 2660 κατ’

2223 2698 2328 2756 οῖκ.
2359 2697 2743 2774 προσευχέσθω
2773 2699 2869 2770 (ab
2899 2698 3009 2754 hoc
3039 2714 3303 2772 προσευχ.
3335 2697 3534 2753 scribe.
3573 2695 3885 2752 transiluit

2223 2791 2295 2847 ad
2351 2789 2628 2861 alterum)
2670 2830 2683 2843 .
2730 2829 2743 2843 .
2790 2831 2804 2843 .
2844 2789 2898 2842 5.
2946 2830 2958 2843 .
3005 2829 3018 2842 .
3064 2830 3076 2842 .
3121 2782 3343 2846 δούλοις
3392 2786 3498 2858 (ita
3544 2789 3695 2841 recte
3749 2784 3881 2855 Ue.,

2221 2883 2343 2935 Cot.
2372 2874 2590 2951 δοῦλοι)
2634 2921 2647 2933 .
2693 2920 2704 2933 .
2751 2920 2765 2933 .
2799 2871 3276 2931 ἀποϐαλέσθωσαν.
3305 2875 3441 2931 Jam
3472 2874 3753 2947 sequitur:
3786 2891 3881 2931 ca-

2224 2972 2329 3041 put
2357 2983 2493 3036 xux,
2518 2966 2680 3023 nullo
2709 2966 2878 3022 titulo
2909 2972 3010 3022 aut
3038 2969 3178 3022 note.
3208 2961 3890 3038 interposita.‘Em-cals£-

2222 3056 2332 3110 σθω
2363 3057 2507 3124 (Cet.
2536 3057 2671 3111 add.
2698 3052 2775 3127 δὲ)
2807 3052 2961 3128 τρίτα
2996 3095 3008 3108 .
3047 3098 3059 3109 .
3097 3096 3109 3109 .
3144 3052 3195 3107 ἐν
3229 3049 3408 3125 ψαλμ.
3443 3053 3586 3123 (Cot.
3619 3052 3756 3107 add.
3792 3050 3883 3104 καὶ

2222 3144 2573 3221 ἀναγνώσεσι)
2609 3142 2697 3198 καὶ
2729 3146 3062 3219 προσευχαῖς
3108 3187 3121 3199 .
3168 3186 3180 3198 .
3228 3185 3241 3198 .
3282 3142 3375 3196 καὶ
3409 3139 3704 3215 τριακοπᾶ
3746 3184 3763 3196 .
3810 3182 3823 3195 .
3869 3182 3884 3194 .

2356 3231 2538 3305 μνείας
2595 3230 2772 3287 αὐτῶν
2831 3228 3064 3287 διδόσθω
3121 3229 3183 3285 ἐκ
3226 3252 3278 3285 τι
3326 3229 3418 3286 ὑπ.
3468 3228 3655 3291 αὐτοῖς
3686 3228 3768 3290 εἷς
3800 3229 3884 3284 ἂν.

2228 3321 2405 3377 αὐτῶν
2416 3364 2429 3378 .

2299 3456 2497 3523 XLIII,
2528 3454 2719 3524 XLIV;
2771 3456 2823 3511 1.
2868 3454 2954 3508 Ἐν
3002 3450 3060 3507 δὲ
3095 3455 3218 3515 ταῖς
3271 3452 3515 3525 μνήμαις
3560 3494 3573 3507 .
3621 3495 3634 3507 .
3679 3496 3694 3508 .
3747 3472 3881 3528 πρε-

2230 3537 2478 3617 σϐύτεροι
2510 3542 2614 3618 γὰρ
2648 3586 2662 3599 .
2699 3585 2711 3598 .
2748 3585 2763 3599 .
2792 3538 2940 3616 λέγει
2972 3541 3076 3616 γὰρ
3107 3585 3120 3598 .
3157 3582 3173 3597 .
3210 3583 3223 3596 .
3256 3540 3400 3595 οἶνον
3434 3542 3583 3611 (Cot.
3616 3542 3757 3597 add.
3807 3538 3884 3609 δὲ)

2233 3633 2311 3706 μὴ
2346 3674 2358 3686 .
2390 3671 2406 3689 .
2446 3675 2459 3688 .
2492 3631 2555 3687 οὐ
2604 3632 2750 3702 (Cet.
2803 3633 2938 3688 add.
2989 3631 3091 3702 μή)
3134 3627 3397 3685 δύνωνται
3432 3674 3449 3687 .
3484 3674 3497 3686 .
3536 3675 3551 3686 .
3606 3631 3748 3702 μετὰ
3792 3629 3881 3684 τὸν

2229 3721 2357 3777 Θεὸν
2393 3766 2405 3779 .
2438 3761 2451 3774 .
2500 3762 2514 3775 .
2560 3719 2668 3795 οὐχ
2713 3718 2806 3774 τίνα
2867 3720 2942 3791 μῆ
2995 3717 3213 3773 πίωσιν’
3264 3716 3411 3780 ὅλως
3466 3716 3569 3794 γὰρ
3624 3717 3727 3774 οὐκ
3785 3720 3886 3791 (ita

2230 3811 2406 3868 etiam
2439 3810 2561 3879 Ue.,
2594 3811 2718 3867 ϐοῒ..
2756 3807 2865 3878 καί)
2917 3850 2930 3864 .
2986 3850 2999 3863 .
3054 3850 3067 3863 .
3122 3807 3199 3879 μὴ
3225 3805 3391 3862 πίνειν
3441 3806 3586 3861 οἶνον
3650 3806 3726 3867 εἷς
3766 3851 3780 3863 .
3820 3850 3833 3863 .
3869 3851 3880 3863 .

2228 3902 2326 3954 τοῦ
2388 3896 2640 3971 μεθύσου.
2697 3899 2753 3954 2.
2806 3941 2820 3953 .
2874 3939 2889 3953 .
2947 3938 2959 3951 .
3005 3894 3068 3949 τὸ
3117 3889 3291 3968 ὅνομα
3344 3895 3545 3970 Κυρίου
3599 3900 3696 3950 τοῦ
3756 3899 3889 3950 Θεοῦ

2230 3990 2388 4061 ἡμῶν
2421 3988 2555 4057 Ἰησ.
2588 3992 2687 4062 Χρ.
2742 4030 2754 4042 .
2794 4028 2806 4040 .
2847 4030 2858 4042 .
2910 3981 3093 4060 εἷ’ρηκε
3139 3982 3253 4037 Τίνι
3306 4027 3318 4039 .
3357 4028 3370 4040 .
3406 4027 3418 4039 .
3471 3984 3534 4037 οὐ
3583 3987 3693 4039 τῶν
3748 4004 3887 4059 χρο-

2230 4081 2335 4146 νιζ.
2370 4075 2421 4130 ἐν
2457 4072 2590 4147 οἴνῳ
2648 4075 2737 4128 καὶ
2795 4073 3279 4129 κατασκοπούντων
3338 4095 3396 4128 π.
3456 4094 3515 4129 π.
3548 4072 3653 4149 γίν.
3711 4074 3885 4130 XLV.

2298 4208 2311 4219 .
2362 4209 2375 4221 .
2424 4163 2733 4239 προσίενται
2798 4208 2809 4220 .
2847 4207 2860 4221 .
2898 4206 2911 4219 .
2971 4161 3048 4241 ἐφ’
3107 4162 3319 4224 ἑαυτοῖς
3384 4206 3396 4218 .
3454 4206 3467 4217 .
3522 4205 3536 4219 .
3586 4161 3778 4226 XLVI,
3846 4166 3890 4217 1.

2232 4257 2413 4312 Τοῦτο
2468 4250 2525 4307 δὲ
2578 4255 2738 4326 κοινῇ
2769 4257 2897 4305 πᾶσι
2934 4296 2947 4308 .
2982 4296 2995 4309 .
3033 4254 3136 4324 ,τῇ
3167 4250 3314 4322 αύτῷ
3345 4248 3559 4324 δοθείσῃ
3585 4250 3729 4321 τάξει
3770 4293 3788 4307 .
3825 4294 3839 4306 .
3879 4292 3888 4302 .

2235 4344 2263 4397 6
2294 4342 2505 4397 ἀκούων
2550 4342 2653 4416 γὰρ
2700 4340 2878 4412 ὑμῶν,
2918 4338 3080 4416 φησὶν
3131 4340 3159 4393 6
3203 4339 3423 4415 Κύριος,
3476 4337 3614 4411 ἐμοῦ
3654 4381 3669 4395 .
3706 4382 3719 4394 .
3760 4382 3775 4394 .
3808 4338 3893 4391 καὶ

550 4429 797 4500 XXXIII,
859 4432 911 4487 1.
970 4430 1108 4506 Ἐγὼ
1160 4429 1362 4503 Πέτρος
1419 4429 1509 4484 καὶ
1566 4430 1710 4503 (Cot.
1790 4431 1923 4487 add.
1998 4430 2126 4506 ἐγὼ)

2235 4432 2263 4486 6
2296 4429 2393 4503 ἐμὲ
2416 4428 2639 4500 ἀθετῶν,
2669 4434 2778 4486 etc.

2117 4708 2253 4804 II.

1268 4861 1472 4923 Variae
1502 4860 1825 4923 Lectiones
1854 4861 1934 4923 ad
1963 4860 2293 4924 Clementis
2320 4858 2625 4923 Homilies
2654 4863 2718 4921 et
2744 4859 3097 4940 Epitomen.

553 5113 712 5169 Inter
766 5111 923 5168 viros
981 5112 1181 5167 doctos
1237 5115 1467 5168 constat
1521 5110 1839 5169 Clementis
1897 5110 2143 5165 Romani
2175 5126 2302 5181 quae
2337 5110 2603 5165 feruntur
2627 5107 3013 5181 Homiliarum
3046 5107 3886 5181 dqutantuniiiucusqueVco-

477 5185 637 5265 dices
681 5185 969 5265 inventos
1013 5199 1161 5265 esse:
1218 5182 1518 5265 AlterMeAs‘t
1571 5183 1895 5265 Ruris-inus!
1929 5178 2238 5265 adnﬁne‘fn
2271 5180 2539 5265 mutilus,
2571 5180 2847 5265 desinens
2876 5180 2934 5234 in
2964 5178 3383 5265 veroeHomil.
3415 5179 3559 5265 XIX,
3593 5178 3689 5247 14;
3709 5178 3883 5265 6.617;

480 5255 644 5311 ὁπότε
674 5257 771 5383 (lcf.
805 5257 896 5312 ed.
930 5255 1176 5311 Dressel.
1198 5272 1342 5381 (pag.
1375 5256 1526 5322 383',
1563 5256 1668 5337 1g).
1701 5255 1780 5310 Eo
1812 5254 1937 5336 solo
1965 5252 2132 5308 niteb;

481 5333 684 5383 aoosto
712 5329 816 5383 icis
846 5345 993 5383 onus
1023 5343 1192 5382 emen
1239 5333 1392 5382 atlus
1423 5332 1651 5383 reoetnt
1681 5325 2063 5383 Clerici.1tem
2096 5342 2130 5379 n

2233 5270 2259 5308 r
2287 5254 2459 5309 editio
2490 5251 2753 5309 Cotelerii
2800 5256 2858 5307 et

2233 5341 2318 5381 ara
2345 5323 2694 5383 Schweuleri
2717 5323 2855 5378 editi

1239 5323 1392 5382 atius
1423 5323 1651 5397 repetiit
1681 5325 1903 5393 Clerici,
1924 5325 2063 5397 item
2096 5341 2318 5397 nupera
2345 5323 2694 5396 Schwegleri
2717 5323 2915 5397 editio.

481 5329 816 5413 apostolicis
846 5345 993 5409 opus
1023 5343 1192 5413 eine-ri

2959 5250 3018 5323 ui
3073 5255 3263 5307 totum
3320 5252 3452 5322 ejus
3506 5253 3579 5307 de
3625 5252 3888 5323 patribus

2990 5323 3282 5395 uperrime
3307 5327 3506 5395 autem
3530 5324 3680 5379 alter
3706 5340 3890 5380 acces-

484 5394 579 5467 sit,
613 5394 1036 5457 Ottoboni'anus
1068 5398 1401 5468 Vaticanus,
1432 5394 1505 5452 εδ
1535 5397 1765 5453 Alberto
1796 5396 2024 5452 Dressel
2056 5394 2344 5466 inventus,
2378 5401 2434 5451 et
2463 5394 2613 5451 anno
2647 5396 2784 5449 1853
2815 5394 2887 5451 ad
2920 5394 3128 5450 novem
3160 5394 3541 5450 homiliarum
3572 5395 3882 5453 editionem

552 5524 1005 5597 (67)_Proxim_us
1035 5522 1254 5597 titulus
1275 5522 1334 5578 in
1367 5522 1569 5597 tabula
1598 5518 1801 5597 (nivosi)
1834 5525 1923 5577 est
1954 5539 1967 5577 :
2002 5518 2124 5595 περὶ

481 5591 578 5649 τοῦ
611 5591 895 5672 φυλάττειν
923 5591 1143 5648 ἕκαστον
1172 5592 1317 5663 τάξιν
1348 5594 1437 5647 καὶ
1471 5591 1836 5667 λειτουργίαν.

2308 5521 2419 5592 (68)
2449 5518 2621 5575 Nulla
2652 5518 2832 5575 textui
2862 5518 3166 5592 inscriptio
3198 5518 3515 5592 praeposita.
3544 5525 3651 5577 est.

544 5729 566 5749 ‘
596 5728 687 5779 Hm
720 5730 845 5777 sunt
873 5727 1015 5789 apud
1043 5741 1141 5777 nos
1170 5725 1471 5777 numeralee
1497 5730 1637 5777 noun
1665 5727 1806 5791 typis
1827 5726 2199 5790 grandioribus
2228 5738 2491 5791 expressis
2522 5738 2643 5790 quas
2671 5725 2840 5777 textui
2861 5724 3308 5777 intermiscentur.
3338 5724 3481 5777 Εοιτ.
3512 5725 3665 5778 Pun.
