4046 6350
148 423 177 483 1
188 425 308 486 293

1663 432 2060 494 ADDENDA.

3403 434 3430 495 1
3442 435 3556 497 294

147 552 399 630 μεγάλου
429 553 629 632 ταύρου
662 555 803 612 εἶπεν
837 554 1004 633 λόγον
1034 557 1109 620 είς
1148 559 1210 613 τὸ
1251 557 1412 613 ὠτίον
1454 558 1618 614 αὐτοῦ
1641 563 1657 634 (
1671 563 1804 617 I706
1831 566 1882 630 Α
1987 563 2084 617 Καὶ
2117 565 2143 618 6
2195 563 2381 633 Σίμων
2433 565 2594 641 φησίν
2629 582 2643 597 ο
2695 563 2777 619 Εἰ·
2808 563 3114 639 πρόγνωσιν
3146 564 3288 640 εἶχεν
3319 567 3451 640 (70).
3492 612 3502 622 .
3542 611 3555 625 .

149 647 251 716 μ,ιᾷ
303 641 399 698 οὖν
455 649 562 700 τῶν
625 647 850 723 ἡμερῶν
917 648 1316 723 προστάξαντος
1382 654 1478 704 τοῦ
1543 650 1797 722 Σίμωνος

143 741 386 817 ἀχθῆναι
437 741 582 816 αὐτῷ
623 749 818 821 ταῦρον
870 744 1197 821 παμμεγέθη
1232 793 1247 818 ,
1299 744 1563 817 ἐλάλησεν
1613 747 1688 810 εἷς
1736 749 1798 804 τὸ

145 831 242 891 οῦς
292 829 503 904 αὐτοῦ),
551 833 639 886 καὶ
683 841 1025 911 παραχρῆμα
1072 837 1236 904 (1706
1280 835 1568 909 παρευθυς)
1614 835 1800 907 τέθνη-

141 940 236 972 κεν
266 919 293 972 6
324 924 540 992 ταῦρος.
581 923 636 976 Ὀ
669 919 726 977 δὲ
777 919 978 998 Πέτρδς
1025 921 1312 996 εὐξάμενος
1365 925 1454 978 καὶ
1499 925 1797 995 ἀναστήσας

143 1006 332 1074 αὐτὸν,
381 1008 573 1071 πάντες
609 1008 820 1082 μᾶλλον
873 1009 1190 1084 ἐθαύμαζον,
1245 1011 1514 1087 λέγοντες⁶
1547 1014 1617 1068 Τὸ
1661 1019 1795 1082 ζωο-

143 1103 376 1170 γονῆσαι
413 1097 544 1172 ὑπὲρ
591 1103 687 1152 τοῦ
737 1105 1034 1162 θανατῶσαι
1083 1101 1265 1174 μεῖζόν
1318 1100 1425 1156 ἐστι
1459 1105 1621 1175 (1706
1663 1105 1795 1160 add.

140 1184 231 1258 τὸ)
262 1187 460 1258 θαῦμα.
497 1185 598 1242 Καὶ
641 1186 824 1259 μέντοι
868 1188 954 1242 καὶ
989 1187 1132 1244 ἄλλα
1163 1196 1365 1263 σημεῖα
1394 1189 1579 1245 πολλά
1611 1190 1798 1263 ἐποίη-

142 1295 266 1346 σαν,
299 1273 388 1328 καὶ
422 1272 622 1350 λόγους
663 1273 1028 1350 δογματικοὺς
1078 1276 1348 1347 ἐλάλησαν
1402 1278 1647 1334 ἀπέναντι
1699 1278 1795 1335 ἀλ-

143 1359 368 1431 λήλων,
401 1361 466 1417 οὐ
501 1358 660 1435 μόνον
690 1364 740 1418 ἐν
771 1365 974 1439 Ῥώμῃ,
1010 1364 1153 1421 ἀλλά
1183 1367 1269 1421 καὲ
1306 1366 1355 1422 ἐν
1393 1366 1561 1440 Συρίᾳ
1603 1367 1798 1443 πρότε-

141 1470 264 1525 ρον,
301 1452 454 1506 ἅτινα
483 1451 722 1525 Κλήμης
772 1453 799 1508 6
833 1455 1105 1527 Ῥώμαῖος
1155 1454 1245 1510 καί
1293 1455 1568 1533 πάνσοφός
1603 1477 1661 1510 τε
1710 1456 1802 1510 καὶ

142 1541 402 1611 μαθητὴς
455 1541 658 1616 Πέτρου
699 1543 862 1616 (1706
908 1544 997 1598 καὶ
1046 1542 1204 1601 πάνσ.
1261 1557 1389 1617 μαθ.
1437 1546 1664 1618 Πέτρου)
1708 1545 1797 1600 καὶ

136 1625 488 1702 συνέκδημος
549 1630 1135 1707 ἐπεζεργαστικώτερον
1193 1635 1357 1706 (1706
1415 1633 1798 1711 ἐπεργαστικ.)

137 1713 550 1793 διηγησάμενος
580 1721 743 1793 (1706
773 1720 1161 1796 διηγούμενος)
1191 1718 1365 1785 οὕτως
1397 1720 1520 1801 ἔφη.

217 1811 327 1861 Τοῦ
374 1807 477 1882 γάρ
528 1804 732 1884 Πέτρου
782 1812 894 1883 (67)
943 1810 1075 1865 ποτέ
1123 1808 1467 1873 διδάσκοντος
1517 1810 1604 1867 ἐπὶ
1663 1811 1799 1868 λαοῦ

1910 653 2011 708 Καὶ
2060 653 2087 706 6
2138 655 2338 726 Πέτρος
2384 657 2546 726 (1706
2601 655 2734 711 add.
2798 653 3036 726 εἶπεν)...
3096 654 3228 733 φησί
3278 655 3411 729 πρὸς
3462 658 3553 711 τὸν

1908 743 2071 814 (1706
2131 742 2263 819 φησὶ
2317 745 2417 813 τῷ)
2476 737 2656 817 ’Δϐρ.·
2705 742 2986 796 Γινώσκων
3019 742 3314 818 γίνωσκε...
3349 741 3558 800 δουλώ-

1909 850 2088 883 σουσιν
2139 829 2284 902 αὖτῷ
2335 834 2439 904 (ita
2486 833 2660 887 etiam
2715 834 2872 904 1706)
2923 830 3012 902 ἔτη
3049 834 3097 906 γ’
3145 835 3306 905 (1706
3332 835 3455 908 τγ’).
3489 877 3502 891 .
3538 878 3551 892 .

1907 917 2412 994 ἀποστραφήσονται
2463 917 2568 974 ὧδε
2605 922 2738 993 (71).
2769 916 2935 974 Οὔπω
2976 921 3080 996 γὰρ
3124 921 3554 997 ἀναπεπλήρων-

1905 1028 1993 1061 ται
2024 1008 2076 1061 αἱ
2110 1009 2366 1084 ἁμαρτίαι
2413 1013 2519 1062 τῶν
2571 1007 2917 1084 Ἀμορραίων
2962 1006 3068 1072 ’έως
3107 1015 3202 1065 τοῦ
3251 1015 3361 1067 νῦν.
3395 1012 3553 1069 Οὕτω

1909 1092 1974 1164 δὴ
2007 1096 2096 1150 καὶ
2145 1097 2280 1170 πρὸς
2332 1097 2560 1152 Μωυσέα
2606 1097 2788 1175 φησίν·
2838 1095 2979 1154 Ἰδοὺ
3019 1099 3080 1153 σὺ
3127 1106 3385 1173 κοιμᾶσαι
3423 1103 3555 1172 μετᾶ

1907 1190 2012 1239 τῶν
2068 1187 2313 1261 πατέρων
2342 1208 2458 1253 σου,
2508 1187 2596 1240 καὶ
2646 1187 2871 1248 ἀναστὰς
2916 1189 2943 1242 6
2984 1185 3116 1251 λαὸς
3168 1189 3324 1251 οὗτος
3357 1189 3551 1268 ἐκπορ-

1905 1273 2079 1329 νεύσει
2113 1275 2286 1330 ὀπίσω
2319 1281 2451 1339 θεῶν
2498 1274 2806 1352 ἀλλοτρίων
2853 1279 2951 1346 τῆς
3001 1284 3106 1352 γῆς
3157 1277 3232 1340 είς
3265 1280 3330 1348 ἣν
3367 1279 3551 1335 εἰσπο-

1909 1365 2114 1438 ρεύεται
2146 1364 2276 1428 ἐκεῖ,
2309 1364 2398 1418 καὶ
2432 1362 2878 1440 ἐγκαταλείψουσί
2913 1386 2998 1437 με,
3030 1366 3117 1420 καὶ
3169 1363 3550 1422 διασκεδάσου-

1908 1472 1989 1505 σιν
2022 1453 2120 1520 τὴν
2155 1450 2419 1523 διαθήκην
2475 1474 2579 1525 μου
2626 1455 2686 1522 ἣν
2738 1451 2993 1526 διεθέμην
3029 1454 3231 1516 αὐτοῖς.
3269 1456 3365 1510 Καὶ
3402 1456 3551 1533 ὀργι-

1909 1542 2178 1613 σθήσομαι
2207 1542 2363 1614 θυμῷ
2407 1541 2497 1596 καὶ
2543 1540 2858 1616 καταλείψω
2908 1541 3100 1604 αὐτοὺς
3149 1542 3238 1598 καί
3287 1544 3550 1621 ἀποστρέ-

1908 1632 1996 1703 ψω
2023 1631 2084 1684 τὸ
2115 1629 2405 1705 πρόσωπόν
2441 1651 2545 1703 μου
2593 1631 2682 1685 ἀπ’
2731 1629 2930 1698 αὐτῶν,
2959 1630 3048 1685 καὶ
3097 1629 3240 1687 ἔσται
3269 1629 3552 1711 κατάϐρω-

1913 1740 2007 1792 μα,
2038 1718 2127 1774 καὶ
2161 1719 2476 1795 εὑρήσουσιν
2510 1719 2668 1773 αὐτὸν
2717 1721 2856 1774 κακά
2903 1719 3107 1777 πολλά.
3152 1719 3284 1776 Οἶδα
3325 1723 3424 1798 γὰρ
3453 1724 3553 1792 τὴν

1909 1808 2171 1884 πονηρίαν
2220 1807 2418 1875 αὐτῶν,
2464 1807 2561 1862 ὅσα
2607 1813 2851 1863 ποιοῦσιν
2903 1807 3009 1864 ὧδε
3055 1811 3294 1886 σήμερον
3325 1811 3431 1886 πρὸ
3459 1816 3557 1867 τοῦ

138 1895 274 1971 περὶ
321 1900 419 1950 τοῦ
455 1895 621 1969 μόνου
670 1896 825 1969 Θεοῦ,
868 1899 896 1953 6
941 1897 1126 1972 Σίμων
1174 1901 1339 1974 (1706
1383 1899 1487 1955 Τοῦ
1532 1900 1799 1978 μακαρίου
1839 1936 1886 2000 Β
1915 1896 2218 1973 εἰσαγαγεῖν
2251 1918 2318 1970 με
2347 1895 2541 1958 αὐτοὺς
2575 1897 2649 1958 εἷς
2678 1897 2774 1965 νῆν
2808 1904 2910 1974 γῆν
2937 1899 3036 1968 τὴν
3069 1897 3268 1975 ἀγαθὴν
3303 1901 3363 1969 ἢν
3405 1895 3558 1974 ὤμο-

142 1984 246 2039 Πέ.
281 1989 379 2039 τοῦ
409 1984 717 2042 ἀποστόλου
749 1984 1096 2049 διδάσκοντος
1125 1989 1216 2044 τὸν
1267 1989 1396 2043 Ααὸν
1447 1985 1690 2054 σέϐεσθαι
1718 1991 1808 2046 καὶ

151 2079 482 2147 προσκυνεῖν
529 2075 620 2130 τὸν
671 2075 757 2130 ἐπὶ
807 2077 1018 2132 πάντων
1073 2078 1236 2149 μόνον
1287 2077 1544 2149 ἀληθινὸν
1596 2081 1745 2151 Θεὸν,
1781 2081 1809 2136 6

156 2162 320 2236 Σίμ.)
352 2159 453 2236 ἔξω
481 2168 578 2219 τοῦ
601 2159 778 2240 ὄχλου
806 2166 910 2240 βοῇ
945 2166 1156 2241 μεγάλῃ
1186 2169 1538 2242 χρησάμενος
1560 2169 1694 2244 πρὸς
1716 2167 1812 2224 τὸν

155 2251 364 2327 Πέτρον
399 2255 565 2307 εἶπεν
603 2255 766 2327 (1706
798 2251 897 2325 ἔξω
925 2276 978 2310 τ.
1011 2251 1142 2330 ὅχλ.
1177 2257 1343 2318 ἑστὼς
1376 2251 1590 2328 ἐϐόησε
1624 2257 1691 2314 Τί
1726 2258 1808 2331 (Τί

151 2339 492 2414 ψευδόμενος
524 2343 727 2397 ἀπατᾶν
761 2343 934 2406 θέλεις
967 2345 1058 2398 τὸν
1105 2347 1422 2421 παρεστῶτά
1469 2368 1551 2400 σοι
1584 2344 1810 2417 ἰδιώτην

149 2427 354 2507 ὄχλον,
385 2430 582 2486 πείθων
613 2431 772 2487 αὐτὸν
824 2434 977 2496 θεοὺς
1025 2436 1163 2506 μήτε
1206 2433 1447 2508 νομίζειν
1483 2437 1623 2508 μήτε
1653 2435 1804 2509 εἶναι,

146 2519 349 2592 καίπερ
380 2525 486 2575 τῶν
519 2527 644 2596 παρ’
671 2516 944 2598 Ἑϐραιοις
981 2517 1189 2597 βίϐλων
1241 2521 1513 2599 λεγουσῶν
1560 2521 1806 2587 πολλοὺς

148 2608 311 2671 θεοὺς
341 2609 507 2679 εἶναις
544 2608 696 2679 Πλὴν
731 2608 820 2665 οὖν
872 2611 996 2687 περὶ
1047 2609 1108 2666 οὗ
1141 2607 1274 2690 ἔφης
1306 2616 1461 2683 Θεοῦ,
1495 2609 1666 2684 δείξας
1697 2613 1806 2689 ἐγὼ

156 2698 235 2770 μή
268 2697 425 2753 αὐτὸν
454 2699 588 2753 εἶναι
616 2698 708 2754 τὸν
752 2699 1024 2754 ἀνώτατον
1075 2701 1164 2755 καὶ
1213 2698 1624 2774 παντοδῦναμον
1655 2703 1806 2772 Θεὸν,

146 2787 285 2842 καθὸ
329 2786 711 2864 ἀπρόγνωστός
763 2787 874 2843 ἐστι
938 2789 1028 2843 καὶ
1091 2789 1289 2858 ἀτελὴς
1353 2789 1442 2844 καὶ
1490 2788 1674 2860 ἐνδεὴς
1717 2791 1808 2846 καὶ

149 2875 260 2930 οὐκ
286 2875 501 2951 ἀγαθὸς,
531 2877 622 2932 καὶ
664 2875 902 2940 πολλοῖς
937 2877 1290 2951 ὑποκείμενος
1327 2881 1517 2943 πάθεσι
1550 2881 1683 2935 κατά
1710 2882 1811 2951 τὴν

152 2964 422 3040 ὑμετέραν
479 2967 710 3044 γραφὴν,
767 2964 950 3042 ἕτερος
991 2966 1205 3030 πάντως
1255 2967 1624 3044 περιλείπεται
1673 2989 1809 3044 προ-

148 3053 472 3129 γνωστικὸς,
523 3052 756 3124 τέλειος,
810 3053 1062 3124 ἀνενδεὴς
1096 3103 1110 3128 ,
1172 3056 1410 3133 ἀγαθὸς,
1469 3059 1559 3113 καὶ
1615 3059 1812 3122 παντὸς

150 3143 362 3204 πάθους
395 3140 850 3218 ἀπηλλαγμένος.
880 3146 972 3200 Ὃν
1013 3143 1070 3200 δὲ
1096 3143 1158 3199 σὺ
1190 3147 1296 3222 φὴς
1347 3145 1687 3224 δημιουργὸν
1718 3156 1809 3203 καί

152 3231 443 3305 ὖπέρθεον,
473 3238 588 3295 τοῖς
619 3232 880 3296 ἐναντίοις
911 3233 1279 3308 ἀντικείμενος
1311 3234 1566 3312 ὑπάρχει.

1919 2006 1984 2039 σα
2028 1991 2145 2048 τοῖς
2203 1984 2461 2061 πατράσιν
2511 1985 2686 2040 αὐτῶν
2733 1983 2938 2054 δοῦναι,
2989 1994 3092 2062 γῆν
3147 1987 3370 2064 ῥέουσαν
3417 1988 3564 2065 γάλα

1917 2075 2008 2129 καὶ
2042 2072 2188 2139 μέλι.
2237 2075 2336 2129 Καὶ
2385 2073 2644 2152 φαγόντες
2691 2074 2780 2129 καὶ
2826 2074 3226 2148 ἐμπλησθέντες
3256 2077 3565 2154 ἐγκαταλεί-

1917 2164 2077 2237 ψουσί
2131 2185 2215 2237 με,
2262 2164 2321 2218 Τί
2368 2161 2462 2232 δέ;
2497 2163 2624 2240 οὐχὶ
2673 2163 2762 2219 καὶ
2807 2171 3044 2234 Μωῦσῆς
3091 2168 3254 2239 (1706
3313 2171 3560 2242 Μωσ.)...

1919 2253 1996 2315 εἰς
2051 2254 2120 2307 τὰ
2175 2251 2298 2322 ἔθνη
2359 2252 2532 2307 πάντα
2590 2251 2950 2330 διασπορὰν...
3009 2255 3037 2308 6
3087 2252 3143 2309 δὲ
3189 2261 3428 2326 Μωυσῆς
3471 2259 3561 2312 καὶ

1918 2342 1970 2396 οῖ
2018 2345 2181 2415 (1706
2226 2345 2368 2416 om.)
2422 2340 2604 2397 ἄλλοι.
2641 2387 2654 2400 .
2687 2387 2698 2400 .
2749 2340 3078 2418 προῄδεισαν
3130 2347 3293 2415 (1706
3341 2346 3559 2422 προεγί-

1915 2434 2169 2502 νωσκον)·
2229 2436 2365 2492 πῶς.
2405 2476 2418 2488 .
2455 2475 2469 2489 .
2507 2431 2574 2486 τὰ
2638 2431 2867 2504 ἐσόμενα
2921 2435 3085 2505 (1706
3138 2433 3205 2488 τὰ
3262 2432 3559 2509 μέλλοντα)

2037 2519 2128 2575 καὶ
2184 2518 2277 2592 μέν
2327 2523 2490 2593 (1706
2533 2521 2736 2594 μέντοι)
2782 2541 2842 2597 γε
2891 2521 2980 2576 καὶ
3029 2520 3112 2576 τό’
3175 2523 3451 2599 Ἐπείραζε
3503 2546 3558 2583 τ.

1917 2603 2072 2686 Ἀϐρ.
2121 2609 2210 2664 καὶ
2256 2607 2339 2664 τό·
2391 2609 2688 2685 Ὀσφράνθη
2723 2613 2791 2684 (“
2840 2615 2893 2666 et
2928 2613 3063 2666 1706
3109 2609 3306 2688 ώσφρ.)
3331 2611 3420 2667 καὶ
3463 2611 3561 2668 ὅσα

1915 2702 2158 2770 τοιαῦτα,
2208 2693 2682 2773 συγκαταϐατικῶς
2735 2701 2898 2771 (1706
2953 2702 3301 2774 σωματικῶς)
3349 2697 3457 2757 διὰ.
3493 2745 3507 2760 .
3544 2743 3560 2760 .

1919 2789 2007 2856 Μὴ
2067 2788 2382 2865 φάγομαι...
2431 2787 2628 2860 πίομαι
2663 2807 2677 2855 ;
2709 2790 2865 2851 Ὅθεν
2898 2788 2926 2841 6
2985 2787 3036 2858 ἐξ
3095 2788 3260 2844 αὐτοῦ
3303 2792 3467 2859 (1706
3512 2791 3564 2862 ἐξ

1920 2877 2038 2935 αὐτ.
2099 2878 2150 2949 6)
2205 2877 2312 2948 πρὸ
2357 2880 2535 2933 τῶν...
2570 2876 2814 2944 ὁΠατήρ
2874 2876 3024 2949 ὑμῶν
3083 2877 3110 2931 6
3167 2876 3287 2953 οὗρ.
3339 2876 3423 2934 ὅτι
3466 2898 3564 2954 χρ.

1917 2966 2068 3022 τοῦτ.
2118 2966 2330 3020 πάντων
2384 2968 2548 3037 (1706
2598 2964 2813 3038 ἁπάντ.)
2870 2965 2996 3039 πρὶν
3056 2966 3214 3020 αὐτὸν
3275 2966 3569 3038 αἰτήσησθε

1920 3059 2086 3124 (1706
2115 3056 2374 3127 οσασθαι).
2411 3053 2513 3109 Καὶ
2558 3060 2676 3116 τοῖς
2725 3057 2888 3128 (1706
2936 3057 3070 3112 add.
3108 3057 3210 3129 μὴ)
3255 3056 3566 3128 νομίζουσιν

1923 3144 2007 3198 δτι
2058 3145 2132 3216 μὴ
2184 3145 2348 3217 (1706
2392 3144 2534 3216 om.)
2583 3141 2776 3199 πάντα.
2808 3185 2822 3198 .
2859 3185 2872 3198 .
2907 3140 3177 3198 ἀποδώσει
3229 3146 3394 3218 (1706
3433 3148 3567 3203 add.

1924 3234 2076 3306 ὑμῖν)
2135 3231 2257 3290 ἐν...
2320 3229 2634 3307 διηγόρευεν
2694 3233 3084 3307 (1706-ρεπεν)
3143 3233 3171 3287 6
3228 3234 3354 3296 Θεὸς
3414 3232 3569 3298 ἕλεος

227 3299 438 3376 Αὐτίκα
481 3326 610 3398 γοῦν
662 3323 690 3376 6
740 3324 859 3386 καθ’
910 3299 1174 3397 ὁμοίωσιν
1228 3299 1674 3398 (68)..θανάτῳ
1711 3347 1810 3380 κα·
1843 3299 1885 3366 C
1921 3299 2192 3396 (1706-0v)
2252 3299 2619 3394 ease-(1706
2667 3299 2997 3391 θέλων)¹καὶ
3047 3299 3108 3376 οὐ
3159 3321 3364 3384 θυσίας.
3405 3325 3570 3394 (I706

146 3405 496 3479 ταδικάζεται
533 3454 545 3466 .
583 3452 597 3467 .
637 3454 650 3466 .
685 3409 798 3466 ἐπεὶ
863 3412 938 3483 μή
999 3417 1282 3488 πανταχοῦ
1345 3412 1533 3489 βλέπει
1591 3413 1677 3468 ἐπὶ
1738 3418 1809 3488 τῇ

145 3503 262 3554 τῶν
317 3495 583 3571 Σοδόμων
632 3503 1000 3577 καταστροφῇ,
1034 3499 1204 3574 λέγει’
1250 3496 1493 3564 Καταϐἓις
1525 3496 1730 3576 ὄψομαι
1765 3502 1809 3558 εί

147 3589 394 3645 κατὰ...
454 3590 543 3643 καὶ
601 3588 664 3644 τὸ
721 3589 889 3644 εἰπεῖν
935 3589 1059 3665 περὶ
1111 3594 1209 3645 τοῦ
1267 3588 1544 3664 ’Δδάμ...
1609 3594 1809 3665 μήπως

149 3721 168 3736 .
213 3717 230 3733 .
265 3721 279 3734 .
311 3677 402 3733 καὶ
442 3678 624 3756 φαγὼν
675 3681 894 3749 ζήσεσαι
943 3679 1020 3741 εἰς
1061 3701 1111 3734 τ.
1164 3679 1355 3752 αἰῶνα,
1405 3680 1726 3757 ἀγνοοῦντος
1754 3703 1807 3738 κ.

149 3777 251 3845 φθ.
300 3765 412 3821 ἐστι
461 3762 765 3840 σύμϐολον.
820 3770 1023 3844 ’Ὠσπερ
1071 3768 1161 3822 καῖ
1207 3769 1270 3822 τὸ
1322 3770 1656 3843 Ἐνεθυμήθη
1695 3813 1708 3827 .
1745 3815 1757 3828 .
1794 3813 1807 3828 .

146 3854 245 3911 καὶ
305 3855 368 3910 τὸ
425 3856 796 3934 Ὀσφράνθη...
856 3855 946 3910 καὶ
1004 3855 1068 3910 τὸ
1126 3855 1286 3919 τέλος
1342 3864 1442 3926 τῆς
1501 3857 1671 3932 ὐπομ.
1731 3861 1806 3933 μὴ

150 3940 504 4020 προειδότος.

223 4037 281 4086 '0
305 4030 361 4087 δὶ
392 4033 595 4108 Πέτρος
625 4028 726 4111 ἔφη
757 4033 894 4109 πρὸς
942 4031 1100 4088 αὐτόν
1151 4035 1314 4106 (1706
1357 4053 1450 4109 πρ.
1481 4034 1573 4089 τὸν
1621 4034 1807 4108 Σίμω-

145 4125 262 4191 να)’
297 4121 364 4178 Εἴ
391 4119 666 4199 τυφλὸς...
719 4127 840 4184 πῶς
888 4120 1280 4194 ἐντελλόμενος
1314 4123 1342 4177 6
1373 4123 1501 4185 Θεὸς
1546 4121 1806 4180 ἐδείκνυεν

144 4209 303 4282 αὐτῷ
332 4207 524 4286 λέγων’
559 4211 695 4267 Ἀπὸ
746 4206 803 4264 δὲ
845 4214 942 4264 τοῦ
1228 4211 1318 4265 καὶ
1349 4213 1376 4266 6
1418 4213 1640 4288 Πέτρος⁶
1675 4219 1798 4276 Πῶς

148 4341 165 4357 .
202 4339 217 4351 .
251 4340 266 4354 .
317 4297 467 4373 εἶχον
543 4296 861 4374 ἀνειυγότας.
898 4340 912 4355 .
967 4339 981 4354 .
1057 4295 1226 4368 δῆλον
1300 4298 1533 4355 ἐντεῦθεν
1587 4321 1600 4336 ·
1663 4300 1796 4358 εἶδεν

143 4389 322 4460 (1706
374 4384 541 4456 δῆλον
577 4406 591 4420 ⁶
653 4384 896 4458 ἰδοῦσα).
927 4430 940 4444 .
967 4430 980 4444 .

145 4475 265 4531 ἐστι
322 4479 417 4530 τοῦ
471 4477 843 4531 κατανοεῖσθαι
899 4477 1306 4548 (1706-νοῆσαι)
1340 4518 1352 4530 .
1389 4521 1401 4535 .
1440 4519 1454 4534 .
1485 4479 1576 4534 καὶ
1635 4476 1804 4536 ἔδωκε

143 4564 320 4637 (1706
378 4566 512 4620 add.
561 4564 673 4638 καὶ)
711 4568 791 4636 τῷ
839 4563 992 4638 ἀνδρὶ
1049 4564 1216 4634 αὐτῆς
1277 4567 1392 4639 μετ’
1435 4567 1600 4636 αὐτῆς
1640 4571 1804 4642 (1706

1039 4388 1128 4442 καὶ
1187 4391 1350 4457 (1706
1404 4395 1548 4460 om.)
1605 4391 1844 4465 ὡραῖόν-

1920 3411 2029 3466 -ίαν
2065 3417 2129 3467 ut
2159 3412 2408 3482 videtur)
2553 3409 2897 3486 οἰκτίρμονες
2949 3410 3022 3472 ὡς
3078 3410 3106 3464 6
3171 3412 3354 3487 Πατὴρ
3412 3412 3562 3484 ὑμῶν

1918 3501 2048 3572 (nec
2079 3503 2218 3557 1706
2249 3501 2382 3556 add.
2416 3499 2468 3572 6)
2516 3498 2784 3574 οὐράνιος.
2831 3500 2927 3552 Διᾶ
2955 3497 3011 3554 δὲ
3039 3500 3168 3561 τοὺς
3212 3500 3370 3558 ἀπατ.
3401 3503 3566 3576 (1706

1919 3591 2052 3646 add.
2107 3585 2197 3643 καί
2256 3583 2760 3662 ὑπολαμϐάνοντας)
2811 3587 3083 3650 πολλοὺς.
3129 3629 3187 3645 ..
3243 3587 3335 3643 ’ίνα
3393 3590 3564 3664 γινώ-

1919 3697 2086 3731 σκωσι
2147 3679 2309 3749 (1706
2362 3679 2594 3749 οσκουσι)
2651 3677 2774 3734 σὲ...
2821 3677 2958 3750 πρὸς
3007 3677 3099 3732 τὸν
3146 3676 3564 3754 ἐπερωτήσαντα

1917 3769 2082 3836 (1706
2110 3765 2293 3839 ἐρωτ.)
2320 3769 2457 3821 Ποία
2487 3764 2598 3820 ἐστὶ
2646 3767 2752 3838 πρὸ
2801 3769 3024 3840 corrige
3055 3767 3245 3842 πρώτη
3268 3769 3317 3839 τ)
3346 3769 3558 3822 πάντων

1917 3858 2082 3924 (1706
2125 3855 2232 3910 ἐστ.
2281 3857 2497 3930 πρώτη,
2548 3855 2768 3912 omisso
2818 3854 3054 3928 πάντων)
3085 3854 3304 3924 ἐντολὴ,
3346 3855 3564 3932 ἀπεκρί-

1917 3945 1982 4013 θη
2034 3947 2197 4019 (1706
2245 3941 2370 4022 ἔφη)
2414 3944 2613 4017 Πρώτη
2663 3944 2877 3999 πάντων
2924 3943 3119 4015 ἐντολή
3163 3943 3322 4000 ἐστιν’
3355 3950 3563 4000 ’Ἄκουε

1918 4031 2162 4107 Ἰσραὴλ,
2196 4033 2465 4108 Κύριος...

1987 4124 2044 4176 Ὀ
2076 4120 2133 4177 δὲ
2191 4121 2320 4194 Σίμ.
2380 4143 2494 4176 συν.
2547 4119 2629 4176 δτι
2681 4119 2882 4196 Πέτρος
2936 4120 3093 4175 αὐτὸν
3149 4123 3312 4193 (1706
3353 4122 3563 4196 ἑαυτὸν)

1919 4211 2126 4287 συνάγει
2185 4214 2347 4283 (1706
2403 4213 2538 4267 add.
2599 4209 2675 4283 ἐν)
2728 4230 2846 4271 ταις
2905 4214 3138 4287 γραφαῖς
3199 4209 3343 4272 εἰς...
3392 4210 3566 4273 οὕτως

1917 4304 1983 4371 ἦν
2018 4300 2384 4372 ἐξησκημένος
2417 4299 2470 4354 ἐν
2517 4305 2636 4360 ταῖς
2679 4299 2925 4373 μαγείαις
2971 4298 3062 4353 καὶ
3118 4296 3418 4372 μεθοδείαις
3466 4305 3564 4354 τοῦ

1918 4395 2150 4455 Σατανᾶ,
2183 4389 2257 4450 ὡς
2285 4391 2449 4462 (1706
2479 4387 2530 4442 ἐν
2574 4393 2693 4449 ταῖς
2743 4382 3082 4448 διαϐολικαῖς
3135 4386 3423 4463 ἐνεργείαις
3470 4389 3560 4442 καὶ

1917 4499 2050 4552 μαγ.
2106 4499 2178 4532 κ.
2241 4489 2380 4550 μεθ.
2441 4477 2609 4549 ὡς)...
2669 4473 2862 4552 σχεδὸν
2923 4475 3010 4530 ἐπὶ
3063 4481 3303 4538 ταῖς...
3359 4474 3556 4531 ’ίπτατο

1909 4565 2000 4622 καί
2056 4566 2180 4625 ἐκ...
2237 4563 2446 4639 δράκων
2503 4564 2704 4641 ἐγίνετο
2761 4565 2850 4618 καὶ
2908 4563 2982 4626 εἷς
3035 4563 3191 4639 ἕτερα
3248 4568 3358 4633 ζῶα
3409 4586 3558 4637 μετε-

148 4671 276 4711 om.
337 4654 451 4726 μετ’
508 4652 672 4727 αὐτ.).
732 4653 796 4708 Εἰ
855 4650 1014 4710 οῦν...
1069 4657 1266 4728 γνῶσιν
1329 4656 1480 4730 εἶχον
1529 4655 1702 4712 καλοῦ
1745 4667 1880 4731 τευ
1914 4675 2209 4734 μορφουτο’
2271 4653 2620 4730 διπρόσωπος
2677 4653 2883 4722 ἐγίνετο
2940 4653 3029 4707 καὶ
3082 4652 3158 4715 είς
3219 4655 3382 4726 (1706
3433 4672 3551 4713 om.

145 4740 243 4798 καὶ
275 4745 464 4814 κακοῦ,
498 4735 620 4814 ὄψιν
669 4738 727 4796 δὲ
774 4743 933 4807 (1706
960 4742 1049 4797 καὶ
1081 4741 1162 4798 ὅτι
1212 4737 1360 4817 ὄψιν)
1391 4739 1610 4799 ἕκαστον
1643 4749 1805 4818 (1706

149 4832 325 4904 -στα).
364 4872 377 4887 .
415 4873 428 4887 .
468 4834 666 4906 γνῶσιν
746 4827 1072 4908 ἀδιάφθορον
1150 4831 1444 4908 παρέσχεν.
1479 4872 1492 4886 .
1530 4876 1542 4888 .
1595 4832 1804 4912 τυφλοῦ

150 4917 315 4990 δίκην
361 4921 522 4994 (1706
575 4915 678 4974 δίκ.
731 4919 940 4996 τυφλ.).
974 4963 988 4976 .
1027 4920 1117 4974 καὶ
1173 4920 1236 4975 τὸ
1293 4923 1456 4994 (1706
1500 4919 1616 4996 τὸν)
1665 4922 1804 4978 πάνυ

148 5009 459 5084 γνώριμον.
494 5053 508 5066 .
545 5051 559 5064 .
604 5007 778 5070 οὕτως
831 5008 922 5062 οῦν
967 5008 1056 5063 καὶ
1111 5009 1139 5063 6
1187 5005 1381 5082 Ἀδὰμ.
1427 5052 1438 5068 .
1479 5053 1491 5066 .
1527 5007 1806 5088 διεγέρθη-

149 5119 248 5153 σαν
284 5099 447 5170 (1706
477 5095 675 5171 διηγ.)·
717 5097 781 5152 τὸ
827 5097 950 5173 γάρ·
983 5097 1269 5172 Διηνοίχθ.
1300 5097 1472 5153 αὐτῶν
1515 5099 1566 5153 οῖ
1598 5099 1800 5177 ὀφθαλ-

151 5185 276 5262 μοὶ.
313 5230 326 5243 .
361 5227 374 5241 .
427 5185 782 5262 ἐγγενομένην
839 5189 1003 5258 (1706
1075 5187 1387 5263 ἐγγινομ.).
1422 5233 1435 5246 .
1469 5232 1484 5248 .
1533 5190 1802 5264 παρευθὺς

147 5279 326 5351 γὰρ...
359 5273 680 5346 πλήττεται.

225 5401 341 5472 (67)
369 5400 451 5455 Cf.
487 5401 557 5456 ad
591 5400 714 5472 haee
747 5401 960 5456 Homil.
997 5401 1095 5467 ΙΙΙ,
1127 5402 1218 5457 38.

225 5472 339 5540 (68)
369 5472 580 5544 Incipit
608 5472 668 5527 h.
701 5471 741 5528 l.
777 5472 989 5528 Homil.
1025 5473 1122 5541 ΙΙΙ,
1171 5474 1260 5528 39.
1292 5475 1568 5530 Convenit
1603 5479 1801 5532 autem

151 5543 278 5599 haec
302 5543 663 5615 textus’pars
684 5547 984 5615 tantopere
1015 5561 1148 5598 cum
1181 5544 1420 5599 Cedreni
1458 5547 1605 5601 libro
1633 5548 1707 5602 ἰή
1735 5563 1802 5602 ea

153 5619 386 5671 tantum
419 5615 744 5687 exscribere
776 5619 1007 5686 praestet
1057 5632 1184 5686 quae
1237 5616 1432 5687 aliquo
1481 5619 1655 5672 modo
1686 5619 1800 5672 dif-

153 5688 356 5760 ἔστειλε
378 5685 465 5760 yel
497 5687 568 5742 ad
599 5685 1010 5760 corrigendum
1035 5685 1417 5745 Homiliardm
1450 5695 1672 5745 textum
1706 5707 1800 5746 va-

157 5759 278 5816 lere
305 5757 634 5816 videantur.

1910 4741 2067 4820 ἐτερα
2116 4745 2226 4814 ζῶα
2282 4761 2470 4816 usque
2509 4763 2561 4798 κ.
2611 4741 2706 4810 εἷς)
2749 4761 2842 4817 χρ.
2895 4735 3280 4814 μετεϐάλλετο·
3321 4741 3550 4816 θύρας...

1911 4831 2103 4908 ἤνοιγε
2145 4833 2235 4887 καὶ
2287 4829 2485 4905 σιδηρᾶ
2527 4833 2698 4904 (1706
2742 4827 3022 4904 σιδήρων)
3071 4827 3308 4903 δεσμά...
3365 4828 3549 4886 εἷδεῶν

1913 4925 2077 4992 (1706
2123 4919 2307 4991 ἰδεῶν)
2352 4924 2627 4996 παριστῶν
2680 4921 2844 4992 (1706
2890 4917 3231 4994 παρίστα)...
3285 4919 3555 4996 φερόμενα

1914 5013 2078 5084 (I706
2106 5012 2377 5090 φέρεσθαι)
2419 5029 2513 5081 πρ.
2559 5009 2650 5064 ὑπ.
2697 5007 2866 5062 ἐποίει
2903 5006 3189 5082 βλέπεσθαι
3222 5010 3384 5081 (1706
3413 5012 3555 5082 om.)

2036 5105 2142 5155 τῶν
2199 5097 2618 5168 τεθνηκότων...
2670 5093 2916 5157 πολλοὺς
2975 5092 3032 5149 δὲ
3089 5094 3282 5171 γόητα.
3318 5137 3376 5151 ..
3435 5117 3556 5150 πει-

1915 5193 2190 5266 ρωμένους
2239 5185 2530 5260 διαλλάξας
2554 5230 2567 5243 .
2595 5227 2608 5240 .
2636 5228 2649 5241 .
2701 5179 2982 5262 διαφόροις
3037 5183 3126 5239 καὶ
3187 5181 3488 5246 δυσιάτοις.
3516 5228 3554 5243 ..

1911 5277 2142 5334 πλεῖστα
2195 5279 2357 5351 (1706
2415 5277 2526 5334 add
2558 5318 2572 5332 .
2625 5273 2936 5350 εἰργάσατν)
2993 5275 3304 5349 καθυπουργ
3337 5316 3351 5330 .
3410 5272 3554 5346 αὐτῷ

1985 5404 2174 5476 (6901.
2209 5403 2278 5458 ad
2297 5401 2434 5476 (haec
2465 5399 2676 5476 Hgmil.
2714 5401 2812 5476 I_l_l,
2845 5400 2933 5476 {12.

1984 5471 2097 5544 (79)
2125 5475 2208 5530 Cf.
2242 5473 2313 5530 ad
2347 5473 2468 5528 hac
2499 5472 2666 5527 Hom.
2702 5471 2798 5544 ιΙΙ.
2833 5472 2921 5526 42.

1983 5536 2093 5618 (71)
2127 5547 2660 5618 Sequentiaiueque
2689 5543 2831 5618 dqm
2861 5544 2950 5618 eet
2976 5539 3036 5593 Τί
3068 5536 3124 5618 δέ
3153 5559 3166 5609 ;
3197 5542 3260 5618 _in
3301 5542 3554 5618 Cedrerro

1912 5613 2024 5673 noh
2077 5613 2354 5688 Ieguhrtur
2385 5633 2400 5682 ;
2433 5613 2645 5670 desunt
2692 5613 2868 5669 etiam
2914 5613 2974 5688 ig
3025 5614 3338 5688 co_1_1._In_np.
3393 5615 3549 5669 1706.

1917 5689 2108 5743 Prima
2136 5683 2165 5743 ἴ
2194 5687 2414 5743 οὔπω...
2464 5689 2562 5740 τοῦ
2607 5688 2698 5738 νῦν
2746 5702 2877 5740 cum
2931 5683 3214 5740 Homi1.1.
3250 5683 3298 5741 Ι.
3342 5701 3551 5740 conve-

1913 5760 2102 5816 niunt.
2137 5763 2349 5817 Caetera
2377 5760 2450 5816 cf.
2484 5774 2619 5815 cum
2648 5757 2878 5813 Denter.
2910 5755 3002 5826 31,
3038 5756 3103 5811 16
3133 5786 3152 5795 -
3182 5757 3272 5810 21.
