3998 6348
485 459 637 523 1295

1985 459 2386 522 ADDENDA.

3741 460 3900 521 i296

481 594 648 666 (1706
677 589 883 663 αὐτῶν)
929 595 1034 645 τῶν
1083 588 1235 664 δαιμ.
1283 589 1554 667 εἰργάζετο
1606 594 1764 664 (17οι
1807 595 1970 663 om)
2003 592 2129 646 κάν-
2165 596 2209 659 Α
2242 594 2350 644 τῶν
2385 587 2721 646 διδασκάλων
2776 590 3194 663 ἀγωνιζομένων
3239 592 3272 658 ἢ
3316 586 3686 663 θλιϐομένων,
3739 591 3818 651 ὡς
3853 592 3897 644 ὲ.

487 686 667 744 τεῦθεν
703 680 764 734 οὐ
790 676 953 752 μόνον
977 680 1161 734 ἐαυτὸν
1187 680 1262 742 εἰς
1285 681 1465 756 ἐτέρας
1492 681 1698 758 μορφὰς
1734 681 1941 756 μορφὰς
1968 681 2129 755 ἀνθρ-

478 792 594 827 πων
625 791 680 825 τε
708 769 796 824 καὶ
838 768 1074 845 ἀλόγων,
1120 769 1194 831 ὡς
1242 767 1397 847 ἔφην,
1452 769 1936 844 μετεσχημάτιζεν,
1986 768 2131 826 ἀλλά

487 860 576 916 καὶ
635 858 728 921 οὓς
775 857 966 928 ἤθελεν
1016 858 1187 920 οὕτως
1238 858 1446 916 ἐποίει,
1499 860 1595 913 Καὶ
1641 864 1838 934 γοῦν...
1896 860 2129 934 περιθεὶς

484 954 562 1022 τῷ
608 951 824 1022 μαθητῇ
876 947 1081 1024 Πέτρου
1131 947 1363 1021 Φαύστῳ
1417 949 1580 1018 (1706
1636 946 1840 1004 Φαύστ.
1889 948 1967 1018 τῷ
2002 959 2129 1020 μαθ.

481 1039 677 1111 ιιι)...
711 1037 846 1111 πρὸς
901 1035 1100 1113 Πέτρον
1154 1035 1380 1092 ἐνώπιον
1441 1038 1602 1110 ἡμῶν
1653 1034 1799 1112 ’ἔχων
1847 1037 1946 1105 τὴν
2005 1056 2134 1110 μορ-

489 1129 596 1206 φήν
635 1125 908 1199 Σίμωνος,
941 1125 1030 1180 καὶ
1064 1128 1225 1199 (1706
1274 1145 1377 1200 pro
1419 1125 1647 1180 ἐνώπιον
1702 1145 1887 1199 usque
1917 1125 2006 1180 καί
2039 1128 2136 1182 ha-

487 1219 587 1275 bet
636 1213 913 1289 ἐδιώκετο)
966 1215 1068 1270 ὑπὸ
1112 1214 1326 1269 πάντων
1374 1215 1764 1288 ἀποσειόμενος
1811 1216 1899 1269 καὶ
1953 1216 2136 1288 μισού-

498 1325 659 1379 μενος
682 1306 845 1376 (1706
879 1323 995 1360 om.
1028 1303 1168 1358 ἀποσ
1214 1325 1265 1359 κ.
1321 1306 1462 1377 μισ.)
1511 1301 1600 1358 διά
1642 1325 1693 1361 τ.
1729 1305 1809 1360 ἀν.
1839 1301 2008 1359 εἰδέαν
2040 1308 2136 1358 τοῦ

498 1393 750 1467 Σίμωνος
781 1395 946 1466 (1706
977 1389 1117 1448 ἰδέαν
1168 1393 1234 1460 ἣν
1276 1391 1601 1465 περιέκειτο)
1651 1387 1929 1466 ἐμϐλέψας
1975 1395 2139 1464 (1706

493 1484 627 1542 add.
680 1478 760 1554 δέ)
807 1481 834 1536 ὁ
884 1481 1049 1539 Πέ....
1101 1478 1229 1535 ἰδὼν
1285 1483 1447 1550 (1706
1501 1483 1636 1540 add.
1692 1485 1907 1555 τοῦτον)
1937 1480 2139 1537 λυπού-

501 1591 654 1644 μενον
709 1569 799 1624 καὶ
858 1565 1078 1644 δάκρυσι
1139 1567 1495 1643 συνεχόμενον
1541 1564 1664 1645 ἔφη.
1703 1611 1716 1626 .
1753 1612 1766 1625 .
1811 1567 2136 1644 παραλλαγή

497 1659 662 1731 (1706
717 1653 1134 1732 ὑπαλλαγημ..
1193 1656 1378 1732 γέγονε
1437 1653 1526 1712 διὰ
1579 1656 1995 1732 κακομηχανίας
2050 1656 2140 1711 καὶ

498 1753 788 1815 σατανικῆς
822 1744 1060 1807 ἐπινοίας
1089 1749 1186 1799 τοῦ
1230 1744 1430 1819 γόητος
1483 1747 1644 1820 (1706
1675 1763 1796 1803 om.
1837 1743 1925 1800 διά
1956 1764 2142 1819 usque

497 1833 760 1908 γόητος)’
824 1833 931 1888 ὑπὸ
997 1835 1097 1910 γὰρ
1169 1837 1433 1908 Καίσαρος
1514 1833 1847 1906 ζητούμενος
1883 1878 1896 1890 .
1933 1879 1945 1892 .
1984 1880 1995 1892 .
2051 1833 2142 1888 ’ἱνα

498 1925 661 1996 (1706
689 1925 822 1980 add.
853 1925 971 1995 τοῦ)
1026 1942 1184 1998 συσχ.
1216 1944 1268 1978 κ.
1317 1924 1490 1998 ἀναιρ.
1526 1944 1624 1976 σου
1673 1925 1835 1996 (1706
1879 1926 2020 2006 om.)
2051 1921 2141 1977 λύ-
2175 1969 2219 2032 Β

497 2033 672 2082 πην...
715 2011 1029 2066 λαοπλάνου
1063 2014 1226 2085 (1706
1278 2014 1413 2068 add.
1461 2013 1548 2066 καὶ
1604 2012 1805 2088 ἐχθροῦ
1851 2020 1949 2082 τῆς
2002 2012 2141 2082 ἀλη-

500 2099 670 2174 θείας)
728 2101 1082 2173 Σίμωνος...
1143 2099 1280 2156 ἰδίαν
1341 2123 1436 2156 σου
1493 2103 1655 2174 (1706
1710 2107 1870 2171 om.)
1927 2103 2140 2175 παρέξει

499 2192 641 2246 1706
672 2193 805 2246 add.
857 2192 964 2263 σοι)
1008 2188 1224 2265 τάχιον·
1257 2189 1388 2266 ὅπερ
1435 2188 1500 2258 δὴ
1547 2187 1636 2245 καὶ
1667 2194 1830 2260 (1706
1869 2193 2007 2248 add.
2049 2191 2138 2245 σὺν

499 2283 579 2351 τῷ
611 2277 780 2355 λόγῳ)
810 2279 1030 2354 γέγονεν
1064 2281 1227 2352 (1706
1257 2281 1389 2336 add.
1422 2278 1635 2334 πάντων
1684 2281 1839 2352 ἡμῶν
1875 2277 2140 2353 θεωρούν-

497 2370 650 2441 των).
715 2367 812 2422 Καὶ
864 2373 1031 2422 ταῦτα
1091 2367 1354 2441 μέντοι...
1411 2369 1768 2446 γεγράφηκεν,
1827 2369 1900 2430 ὡς
1959 2364 2090 2446 ἔφην
2126 2412 2140 2436 ,

499 2455 739 2529 Κλήμης
773 2455 823 2511 ἐν
856 2457 1025 2533 Συρίᾳ
1070 2460 1233 2530 (1706
1275 2476 1391 2515 om.
1444 2457 1486 2515 ἐ.
1544 2463 1708 2531 Συρ.)
1751 2455 2014 2532 λεχθῆναι
2052 2457 2141 2512 καὶ

498 2543 899 2622 διαπραχθῆναι
933 2549 1095 2619 (1706
1125 2548 1260 2602 add.
1291 2545 1342 2599 ἐν
1371 2548 1547 2622 Συρ.).

567 2640 652 2689 Ἐν
712 2633 770 2690 δὲ
825 2633 894 2710 τῇ
951 2635 1137 2708 Ῥώμῃ
1197 2635 1330 2707 μετά
1382 2634 1466 2691 τὸ.
1503 2677 1516 2692 .
1556 2679 1568 2691 .
1603 2634 1677 2697 ὡς
1737 2631 2014 2710 εἷ’ρηται...
2068 2633 2142 2689 Σὺ

500 2719 719 2802 ἔφης...
780 2723 869 2778 καὶ
928 2720 1056 2778 ἰδὼν
1116 2723 1273 2778 αὐτὸν
1331 2724 1617 2797 Πέτρος...
1678 2723 1933 2787 ἀπέθανεν
1968 2768 1980 2782 .
2038 2728 2143 2778 Τοῦ

500 2809 559 2868 δὶ
592 2815 790 2888 μιαροῦ
834 2809 996 2866 αὐτοῦ
1043 2812 1296 2883 σώματος
1343 2813 1584 2874 τεθέντος
1631 2809 1754 2866 ἔνθα
1799 2813 1888 2866 καὶ
1927 2813 2142 2868 πέπτω-

500 2922 614 2972 κεν,
647 2901 852 2971 ἐκλήθη
883 2901 911 2955 6
939 2899 1107 2962 τόπος
1158 2896 1340 2956 ἔκτοτε
1390 2901 1660 2973 Σιμώνιον
1701 2903 1865 2974 (1706
1891 2901 1918 2955 6
1952 2899 2009 2956 δὲ
2050 2902 2142 2956 τό-

499 3011 603 3053 πος
636 2987 874 3046 ἔκτοτεὸ
925 2987 1210 3062 δεξάμενος
1260 2990 1422 3045 αὐτοῦ
1467 2992 1528 3045 τὸ
1589 2985 1826 3066 βέϐηλον
1876 2991 1964 3045 καὶ
1995 3013 2142 3064 παμο

503 3077 696 3154 μίαρον
727 3083 886 3152 σῶμα
933 3076 1141 3149 ἐκλήθη
1195 3079 1518 3151 Σιμώνιον).
1552 3077 1684 3154 Περὶ
1715 3079 1777 3134 οὗ
1825 3078 1913 3133 καὶ
1946 3077 1997 3134 ἐν
2027 3084 2144 3142 ταῖς

500 3167 890 3230 ἀποστολικαῖς
923 3165 1216 3238 διατάξεσιν
1269 3171 1382 3241 (72)
1432 3169 1459 3222 6
1509 3167 1667 3230 αὐτὸς
1710 3171 1872 3241 (1706
1918 3169 1946 3223 6
1981 3169 2143 3245 μέγας

499 3255 828 3330 ἀπόστολος)
893 3257 1154 3332 Πέτρος..
1190 3299 1202 3312 .
1254 3255 1558 3313 έσκύλευσε.
1594 3301 1608 3316 .
1645 3301 1657 3313 .
1714 3255 1998 3333 ἐμπειρίας
2053 3258 2141 3312 καὶ

2239 685 2355 741 ταῖς
2391 681 2615 757 Πράξεσι
2647 686 2752 735 τῶν
2788 681 3108 737 ἀποστόλων
3159 681 3459 756 γέγραπται
3493 681 3575 734 ὅτι
3610 683 3898 754 προσευχὲ³

2238 769 2306 837 ἦν
2341 768 2559 838 ἐκτενῆς
2590 769 2856 844 γενομένη
2894 773 3056 842 (1706
3085 773 3295 844 γινομ.)
3327 771 3431 824 ὑπὸ
3469 777 3570 838 τῆς
3601 767 3898 836 ἐκκλησὲις

2243 857 2373 934 ὑπὲρ
2404 863 2500 912 τοῦ
2533 857 2756 927 Πέτρου.
2790 860 2879 921 Ὠς
2911 857 3002 913 οὖν
3037 859 3086 912 ἐν
3109 862 3270 933 (1706
3291 865 3432 929 om.)
3468 859 3645 932 ἐκείνης⁸
3672 863 3744 931 τῇ
3771 860 3903 929 ἠμέ-

2244 967 2308 1022 ρᾳ
2356 951 2452 1000 τοῦ
2505 941 2774 1002 σαϐϐάτου
2823 948 3125 1022 γενομένης
3169 954 3270 1016 τῆς
3311 953 3552 1022 Χριστοῦ
3599 948 3764 1018 νίκης
3815 951 3898 1000 καῖ

2239 1043 2339 1105 τῆς
2382 1037 2641 1098 πτώσεως
2692 1041 2785 1092 τοῦ
2835 1036 3182 1112 ἀντιχρίστου
3233 1039 3434 1109 (codex
3489 1039 3642 1095 Cois!
3675 1082 3687 1093 .
3755 1037 3900 1090 ἀντι-

2242 1126 2513 1201 χρήστου)
2572 1127 2864 1199 Σίμωνος,
2924 1126 3254 1205 ἐπιτρανερῶς
3313 1129 3419 1199 (ita
3474 1130 3607 1183 1706
3653 1148 3667 1195 ;
3722 1129 3897 1185 Coisl.

2242 1217 2413 1289 -ροῖς)
2446 1208 2672 1268 σάϐϐασι
2723 1215 2784 1270 τὸ
2838 1215 3183 1288 μνημόσυνον
3237 1214 3580 1278 ἐκτελοῦντες
3629 1218 3902 1287 Ῥωμαῖοι

2241 1301 2559 1370 νηστεύουσι
2604 1303 2694 1357 καὶ
2743 1304 2979 1374 συνάξεις
3029 1302 3258 1382 φαιδρᾶς
3307 1309 3549 1375 ποιοῦσι,
3605 1307 3779 1380 μέχρι
3812 1311 3896 1358 *οὖν

2243 1391 2341 1458 τὴν
2373 1389 2666 1466 παράδοσιν
2701 1393 2908 1463 ἐκείνην
2955 1391 3334 1469 φυλάττοντες.
3386 1393 3491 1449 Καὶ
3521 1395 3622 1470 γὰρ
3669 1394 3760 1448 καί
3804 1393 3899 1448 ἆλ-

2248 1477 2338 1534 λαι
2368 1479 2510 1541 τινὲς
2539 1478 2822 1550 ἐκκλησίαι
2855 1477 3084 1557 διάφορα
3111 1478 3620 1556 παραφυλάττουσιν
3656 1479 3776 1548 ἔθη,
3806 1502 3897 1533 κα-

2247 1567 2356 1628 θὼς
2405 1567 2456 1622 οἰ
2505 1569 2599 1629 τὰς
2649 1567 3097 1638 ἐκκλησιαπικάς
3153 1569 3395 1644 ἱστορίας
3447 1571 3898 1645 [γραψάμενοιῗξ

2249 1656 2631 1731 ἀνεγράψαντο.
2666 1657 2818 1733 Παρά
2876 1657 3106 1722 Σκύθαις
3155 1659 3249 1731 μὲν
3299 1661 3426 1733 γὰρ,
3474 1661 3660 1736 ςιησὶν,
3694 1660 3749 1712 αἱ
3802 1660 3897 1712 πό-

2249 1742 2362 1806 λεις
2409 1751 2571 1800 πᾶσαι
2617 1744 2906 1801 ἐπίσκοπον
2957 1745 3174 1822 ἔχουσιν
3224 1744 3319 1802 ἕνα
3369 1749 3458 1802 καὶ
3513 1747 3699 1820 μόνον.
3753 1748 3902 1823 Παρὲ

2253 1831 2309 1888 δέ
2341 1833 2598 1910 Κυπρίοις
2654 1835 2741 1890 καὶ
2795 1837 3025 1910 ’Ἄραψιν
3082 1837 3171 1890 καὶ
3233 1836 3284 1891 ἐν
3329 1841 3446 1898 ταῖς
3496 1839 3718 1909 κώμαις
3774 1837 3900 1892 εἶσΞν

2254 1923 2559 1979 ἐπίσκοποι.
2588 1927 2788 2000 Ὥσπερ
2820 1922 2912 1978 οῦν
2944 1925 3032 1978 καὶ
3064 1925 3209 2000 παρά
3233 1931 3347 1987 τοῖς
3393 1925 3444 1980 ἐν
3476 1927 3697 2000 Φρυγία
3725 1934 3900 1980 Ναυα-

2248 2018 2449 2073 τιανοῖς
2477 2012 2566 2066 καὶ
2597 2018 2985 2076 Μοντανισταῖς
3017 2015 3107 2068 καί
3152 2014 3298 2089 παρά
3344 2015 3438 2087 μὲν
3487 2019 3557 2087 τῇ
3606 2015 3904 2085 Ἐκκλησία

2250 2101 2466 2173 Ῥώμης
2513 2101 2645 2156 ἐπτά
2696 2101 2860 2174 μόνον
2910 2100 3150 2157 διάκονοι
3201 2103 3458 2178 γίνονται.
3493 2105 3643 2178 παρά
3687 2101 3748 2158 δέ
3777 2111 3899 2158 tia

2249 2195 2368 2252 τοῖς
2397 2187 2592 2252 ἄλλοις
2628 2187 2919 2268 ἀδιάφορος
2950 2191 2977 2245 ὁ
3004 2190 3210 2246 τούτωθ
3259 2191 3492 2267 ἀριθμός
3540 2192 3676 2249 ἐστι.
3721 2195 3827 2250 Καὶ
3858 2193 3903 2248 ἐν

2249 2279 2436 2352 Ῥώμῃ
2467 2277 2629 2333 πάλιν
2664 2278 2800 2350 ἀπαξ
2853 2280 2946 2353 μὲν
2996 2282 3162 2353 (1706
3207 2283 3348 2354 om.)
3387 2286 3488 2336 τοῦ
3539 2280 3791 2336 ἐνιαυτοῦ
3822 2282 3902 2336 λέ·

2250 2388 2396 2442 γεται
2423 2368 2485 2422 τὸ
2517 2365 2852 2441 ἀλληλούϊα,
2880 2368 2931 2423 ἐν
2982 2370 3052 2441 τῇ
3099 2369 3288 2446 πρώτῃ
3333 2374 3430 2424 τοῦ
3464 2372 3656 2446 πάσχα
3704 2372 3902 2444 ἡμέρα,

2253 2457 2341 2511 καὶ
2373 2453 2551 2518 οὐδεὶς
2596 2456 2676 2512 ἐπ’
2707 2455 2999 2528 ἐκκλησίας
3043 2455 3283 2513 διδάσκει
3332 2459 3484 2520 ποτὶ,
3520 2458 3637 2514 οὐδ’
3689 2460 3850 2522 αὐτὸς
3880 2463 3900 2513 ὖ

2255 2543 2568 2606 ἐπίσκοπος.
2620 2547 2706 2603 Ἐν
2760 2544 2818 2601 δέ
2867 2545 3240 2625 Ἀλεξανδρείᾳ
3288 2545 3527 2602 διδάσκει
3584 2549 3681 2621 μὶν
3735 2552 3764 2605 ὁ
3796 2548 3904 2603 ἐπέ-

2254 2656 2452 2696 σκοπος
2508 2634 2590 2690 ἐπ¹
2617 2633 2933 2706 ἐκκλησίας,
2979 2641 3086 2691 τῶν
3138 2634 3196 2692 δὶ
3242 2636 3594 2713 Εύαγγελίων
3645 2638 3900 2714 ἀναγινω-

2255 2724 2530 2796 σκομένων
2587 2723 2686 2778 οὐκ
2735 2723 3006 2780 ἐνίσταται
3053 2731 3151 2780 τοῦ
3183 2725 3398 2800 θρόνου.
3433 2726 3537 2782 Καὶ
3589 2729 3691 2795 τὴν
3722 2749 3898 2782 τεσσα-

2255 2813 2518 2886 ρακοστὴν
2569 2817 2676 2867 τῶν
2725 2817 2990 2880 νηστειῶν
3045 2813 3098 2866 οἱ
3130 2815 3222 2885 μὲν
3270 2808 3584 2885 ἑϐδομάδας
3618 2817 3663 2878 ς’
3695 2814 3901 2881 νηστεύ-

2253 2921 2424 2965 ουσιν,
2459 2901 2536 2963 ὡς
2565 2902 2618 2956 οἱ
2648 2903 2810 2974 (1706
2842 2904 2986 2975 om.)
3036 2901 3087 2956 ἐν
3137 2907 3216 2974 τῷ
3262 2900 3555 2977 Ἰλλυρικῷ
3603 2904 3696 2958 καὶ
3737 2901 3900 2975 Λιϐύῃ

2251 2990 2340 3044 καὶ
2379 2989 2637 3065 Αἰγύπτῳ
2683 2991 2772 3044 καὶ
2821 2992 2966 3064 πάσῃ
3011 2994 3080 3063 τῇ
3129 2987 3275 3046 δύσει
3319 2991 3408 3045 καὶ
3462 2991 3817 3066 Παλαιστίνῃ·
3852 2992 3896 3045 ἐν.

2255 3075 2311 3132 δὲ
2343 3080 2505 3152 (1706
2534 3080 2670 3136 add.
2825 3079 3392 3136 Κωνσταντινουπόλει
3420 3081 3511 3135 καὶ
3565 3081 3719 3157 πέριξ
3753 3083 3891 3157 ἄχρι.

2254 3167 2517 3237 Φοινίκης
2563 3161 2867 3241 ἑϐδομάδας
2920 3170 2960 3238 ζ’
3007 3169 3391 3238 νηστεύουσινο
3443 3167 3611 3226 ἄλλοι
3666 3169 3725 3226 δὲ
3758 3176 3892 3246 τρεῖς

2257 3255 2425 3328 μόνας
2452 3256 2662 3332 ἡμέρας
2707 3257 2758 3310 ἐν
2787 3261 2905 3319 ταῖς
2950 3258 3006 3329 ’ἐξ
3054 3259 3088 3327 ἢ
3118 3259 3252 3312 ἐπτά
3285 3255 3567 3334 σποράδην
3617 3261 3894 3332 νηστεύουα

500 3345 806 3422 ἐνεργείας..
833 3389 846 3402 .
910 3343 1242 3423 διαστρέφειν
1300 3347 1390 3400 τὸν
1441 3341 1603 3422 λόγον
1662 3349 1823 3419 (1706
1881 3345 2033 3420 λαὸν)
2088 3369 2138 3402 τ.
2175 3334 2215 3400 C
2256 3367 2358 3412 σιν,
2389 3341 2566 3420 ἕτεροι
2598 3343 2655 3400 δὲ
2682 3351 2826 3420 τρεῖς
2855 3341 3162 3421 ἑϐδομάδας
3206 3347 3399 3425 ἐφεξῆς
3449 3350 3557 3423 πρὸ
3589 3353 3689 3403 τοῦ
3733 3352 3898 3422 πάσχα

499 3446 578 3500 θε.
625 3455 862 3510 συμπαρ.
917 3436 1079 3506 (17οῑ
1129 3436 1263 3491 add.
1319 3437 1502 3508 μοι)...
1554 3435 1825 3510 Ζαχκαίου
1874 3435 1971 3490 τοῦ
2019 3437 2151 3491 ποτέ

497 3521 741 3578 τελώνου
765 3545 816 3580 κ.
853 3525 1014 3596 Βαρν.
1043 3524 1208 3596 (1706
1239 3525 1372 3579 add.
1403 3522 1492 3578 καί
1538 3526 1766 3596 Νικήτα)
1800 3525 1890 3578 καὶ
1924 3522 2149 3590 Ἀκύλα,

500 3609 749 3688 ἀδελφῶν
779 3611 1119 3684 Κλήμεντος,
1168 3631 1218 3668 τ.
1268 3617 1436 3683 Ῥωμ.
1488 3615 1654 3684 (1706
1684 3616 1818 3670 add.
1853 3613 2152 3668 ἐπισκόπου

499 3722 558 3756 τε
614 3701 703 3754 καὶ
760 3699 1116 3770 πολίτου)...
1179 3697 1489 3776 διαλεχθεὶς
1550 3701 1696 3774 αὐτῷ
1752 3702 1827 3764 εἰς
1886 3702 1977 3756 τὸν
2029 3702 2151 3776 περὶ

501 3793 600 3844 τοῦ
653 3787 988 3865 Εὐαγγελίου
1044 3787 1204 3864 λόγον
1264 3789 1354 3844 καὶ
1411 3794 1518 3844 τῶν
1568 3810 1734 3868 προφ.
1784 3791 1942 3847 καὶ...
1988 3794 2155 3862 ἡττή-

505 3899 597 3940 σας
627 3880 789 3952 (1706
814 3875 1048 3950 ἤττησα)
1097 3877 1214 3935 αὐτ.
1268 3875 1384 3937 δυν.
1436 3883 1531 3934 τοῦ
1586 3880 1783 3956 Κυρίου
1814 3883 1976 3951 (1706
2017 3883 2151 3938 add.

504 3969 666 4042 ἡμῶν
701 3967 833 4037 Ἰησ.
883 3968 1006 4040 Χρ.)
1051 3967 1140 4021 καὶ
1191 3966 1266 4029 εἰς
1315 3967 1410 4044 ἀφ.
1465 3963 1786 4023 καταϐαλὼν
1835 3990 1962 4047 φυγ.
1996 3971 2151 4025 κατέ-

505 4077 716 4126 στησα,
763 4055 839 4117 εἰς
897 4056 996 4124 τήν
1051 4053 1348 4113 Ἰταλίαν..
1379 4099 1390 4112 .
1448 4055 1695 4119 πολλοὺς
1756 4057 2064 4134 ἀνατρέπων

505 4144 572 4200 τά
624 4165 684 4199 τε
742 4140 864 4216 ἔθνη
927 4143 1194 4200 ἐκστάνων
1255 4147 1419 4218 (1706
1475 4145 1860 4220 ἐξιστάνων)...
1921 4147 2158 4224 ἐνεργείᾳ

505 4235 671 4307 (1706
729 4232 963 4308 -γείαις)’
1007 4233 1081 4294 ὡς
1131 4234 1295 4302 (1706
1342 4236 1484 4306 om.)
1533 4234 1622 4288 καί
1670 4256 1885 4293 ποτε...
1944 4235 2154 4290 πάντων

509 4319 566 4378 δὶ
623 4321 1119 4393 θαυμαζόντων...
1186 4322 1288 4377 ὑπὸ
1349 4320 1621 4396 δαιμόνων
1685 4325 2024 4398 (1706·νίων)
2080 4330 2156 4389 εἰς

504 4409 632 4472 τοὺς
690 4412 852 4483 (1706
900 4412 1041 4484 om.)
1103 4410 1451 4486 οὐρανοὺς...
1515 4411 1941 4488 ἐπιχορηγήσειν
1997 4417 2159 4487 (1706

506 4501 689 4575 -γεῖν)”
737 4503 845 4555 τῶν
897 4495 954 4553 δέ
1003 4496 1196 4571 δήμων
1256 4497 1443 4576 ἐπευφ,
1508 4499 1666 4555 αὐτὸν
1727 4504 1890 4574 (1706
1947 4506 2155 4575 001.)...

506 4588 745 4642 ἱκέτευον
805 4589 1166 4661 (1706-τευσα)
1201 4631 1215 4644 .
1252 4631 1265 4644 .
1301 4629 1313 4642 .
1366 4587 1690 4664 καταρῥάξαι
1769 4591 1931 4663 (1706
1996 4613 2155 4646 κατα-

681 4676 771 4731 τὸν
802 4674 1088 4750 λυμαιῶνα
1116 4678 1280 4750 (1706
1305 4679 1587 4751 λυμεῶνα)
1615 4677 1705 4732 καὶ
1734 4679 1834 4747 τήν
1868 4679 2023 4754 ἰσχὺν
2053 4684 2158 4734 τῶν
2194 4701 2236 4765 D

510 4763 782 4838 δαιμόνων
835 4765 1148 4840 περικόψαι.
1202 4766 1301 4820 Καὶ
1333 4769 1496 4840 (1706
1547 4768 1689 4840 om.)
1728 4766 1970 4830 ἀτενίσας
1997 4771 2158 4841 (1706

507 4857 641 4911 add.
675 4854 787 4927 οὖν)
842 4858 920 4924 τῷ
971 4853 1101 4926 Σίμ.
1164 4855 1336 4909 εἷπον·
1395 4855 1526 4913 Εἰ...
1593 4857 1728 4928 μετά
1784 4854 2008 4931 ἤχου...
2065 4858 2154 4912 καὶ

503 4944 668 5014 (1706
717 4946 861 5013 om.)
905 4946 1002 4996 τοῦ
1055 4940 1299 5017 ὄχλου...
1333 4943 1392 4997 ’ὸν
1443 4946 1606 5017 (1706
1657 4947 1788 5001 add.
1845 4947 1869 5000 ὃ
1929 4945 2154 5021 Πέτρος)

545 5073 598 5088 ..
657 5025 865 5100 ἀπέσϐη
948 5033 1112 5104 (1706
1169 5025 1620 5105 ἀπεσϐέσθη)...
1677 5033 1886 5109 ἡμέραν
1943 5032 2152 5105 ἐκείνην

501 5125 669 5177 τοῦ...
698 5119 749 5174 οἱ
778 5124 1064 5193 Ῥωμαῖοι.

575 5213 708 5278 Quae
733 5211 860 5282 jam
893 5218 1222 5281 sequuntur
1250 5209 1308 5265 in
1343 5209 1616 5267 chronico
1645 5211 1875 5284 Georgii
1908 5213 2147 5269 Hamar-

501 5299 628 5364 toli.
673 5316 741 5356 ea
787 5298 942 5372 apud
990 5298 1314 5355 Cedreuum
1360 5317 1476 5356 non
1515 5299 1809 5372 leguntur.
1868 5295 2144 5356 Σάϐϐατον

499 5389 600 5465 γάρ
643 5387 708 5458 ἦν
759 5389 805 5461 ᾧ
853 5387 942 5442 καὶ
1000 5387 1280 5462 προσευχὴ
1348 5386 1437 5442 καὶ
1486 5387 1707 5458 νηστεία
1748 5394 1864 5451 τοῖς
1911 5395 2140 5452 πιστοῖς.

500 5479 658 5542 Ἐθος
712 5477 816 5553 γὰρ
856 5477 923 5547 ἦν
967 5475 1030 5531 τὸ
1079 5475 1471 5553 προσεύχεσθαι
1519 5478 1618 5547 τήν
1669 5476 1958 5548 ἐκκλησίαν
2013 5479 2143 5554 ὑπὲρ

572 5708 684 5779 (72)
715 5708 797 5762 Cf.
833 5707 1058 5779 Condit.
1084 5711 1254 5779 apost.
1285 5709 1377 5764 VI.
1409 5709 1464 5775 7,
1496 5709 1550 5778 8,
1583 5709 1638 5763 9.

571 5778 680 5852 (73)
713 5778 1005 5834 Nonnulla
1037 5778 1166 5850 quin
1197 5779 1312 5834 huc
1351 5784 1617 5852 spectant
1657 5780 1785 5837 vide
1817 5781 1990 5855 apui.
2030 5782 2133 5838 So-

2261 3433 2636 3488 συνάπτουσιν⁶
2683 3437 2844 3508 (1706
2892 3437 3059 3493 addit
3114 3435 3277 3493 ἄλλοι
3328 3434 3386 3490 δέ
3437 3434 3554 3508 δύο,
3610 3438 3690 3499 ὡς
3748 3440 3796 3493 οἱ
3847 3438 3898 3488 τὲ

2262 3521 2536 3577 Μοντανοῦ
2585 3527 2924 3601 φρονοῦντες)
2956 3520 3007 3578 ἔν
3055 3547 3163 3581 τισι
3201 3523 3258 3580 δέ
3286 3525 3479 3581 πόλεσι
3503 3529 3605 3595 τῆς
3639 3527 3900 3603 Αἰγύπτου

2261 3610 2398 3686 πρὸς
2457 3610 2682 3685 ἑσπέραν
2743 3612 3102 3687 ἠριστηκότες
3174 3619 3282 3668 τῶν
3343 3615 3662 3690 μυστηρίων
3731 3637 3901 3688 μετα-

2263 3694 2622 3773 λαμϐάνουσι.
2677 3701 2774 3755 Καὶ
2822 3705 2989 3756 ταῦτα
3041 3702 3134 3775 μὶν
3189 3703 3216 3756 6
3270 3704 3569 3778 Σωκράτης
3627 3707 3743 3778 (73)
3788 3703 3905 3757 ἱστό-

2267 3808 2424 3864 ρησεν
2480 3789 2554 3842 ὡς
2615 3788 2757 3851 εἰκὸς
2813 3789 2936 3844 τότε
2993 3788 3370 3868 φυλαττόμενα
3427 3790 3604 3846 πάντα
3639 3811 3653 3823 ·
3719 3791 3806 3846 νῦν
3860 3789 3881 3843 ε

2265 3875 2492 3942 πλείστη
2540 3877 2627 3932 καὶ
2675 3877 2811 3932 κατὰ
2858 3877 3020 3954 μέρος
3070 3877 3343 3954 ἐναλλαγή
3393 3878 3616 3954 γέγονεν
3671 3881 3726 3936 ἐν
3761 3882 3900 3955 (Γῖίὶῖ³

2265 3967 2408 4040 om.)
2438 3970 2552 4028 τοῖς
2586 3965 2902 4042 εἰρημένοις
2932 3969 3096 4041 (1706
3126 3971 3269 4042 om.)
3300 3964 3491 4026 ἔθεσιν.

2340 4060 2455 4110 Ista
2476 4055 2773 4128 excipiunt
2797 4073 2863 4112 ea
2887 4074 3013 4129 qum
3037 4058 3192 4130 apud
3216 4059 3539 4114 Cedrenum
3566 4061 3780 4116 statim
3799 4066 3901 4133 post

2267 4142 2533 4216 ἐπίσημον
2587 4145 2774 4220 ἄγουσι
2821 4150 3082 4218 Ῥωμαῖοι
3135 4147 3326 4219 posita
3383 4153 3545 4214 sunt,
3599 4150 3671 4204 ad
3739 4149 3898 4206 histo-

2270 4233 2412 4287 riam
2465 4234 2535 4287 de
2583 4234 2819 4290 Simone
2869 4235 3034 4306 Mago
3083 4241 3140 4290 et
3203 4239 3368 4290 Petro
3419 4236 3820 4308 pertinentia.
3860 4238 3900 4286 Ὁ

2272 4320 2453 4390 μέντοι
2514 4321 2694 4395 Νέρων
2745 4320 2976 4382 ἀκούσας
3043 4321 3126 4376 δτι
3185 4321 3506 4399 πεφόνευται
3567 4323 3766 4396 Σίμων
3826 4325 3905 4378 ὑπὸ

3719 3791 3806 3846 νῦν
3860 3791 3901 3843 εὶ

2271 4409 2516 4483 Πέτρου,
2568 4410 2657 4464 καὶ
2697 4409 3089 4485 ἀγανακτήσας,
3141 4409 3413 4466 ἐκέλευσεν
3466 4410 3626 4466 αὐτὸν
3679 4434 3900 4488 σταυριειο

2268 4497 2424 4566 θῆναι
2462 4540 2474 4552 .
2548 4501 2587 4551 0
2646 4495 2702 4552 δὲ
2775 4496 3030 4574 Πέτρος,
3099 4496 3471 4574 ιταρακαλέεας
3524 4501 3620 4554 τὸν
3681 4499 3903 4577 ἔπαρχον

2263 4583 2354 4640 ’ίνα
2405 4587 2480 4659 μή
2532 4581 2716 4662 ὄρθιος
2761 4588 3044 4661 σταυρωθῇ
3091 4587 3166 4650 ὡς
3216 4588 3242 4641 6
3293 4588 3530 4664 Κύριος,
3581 4590 3723 4645 κατά
3772 4612 3902 4667 κερε-

2273 4673 2374 4744 λῆς
2437 4674 2768 4750 ἐσταυρώθη,
2817 4676 2996 4739 καθὼς
3046 4677 3271 4750 ἠξίωσεν
3320 4675 3378 4732 ἐκ
3427 4675 3652 4746 πολλῆς
3715 4701 3905 4753 μετριο-

2268 4763 2558 4842 (ρροσύνης.
2619 4767 2765 4819 Μετά
2815 4762 2874 4820 δέ
2921 4786 2980 4841 γε
3026 4767 3126 4834 τὴν
3179 4768 3383 4841 Πέτρου
3431 4765 3698 4836 τελευτὴν
3751 4770 3806 4824 ἐν
3847 4772 3901 4837 τῇ.

2267 4849 2500 4928 δευτέρῳ
2550 4851 2651 4909 ἔτει
2710 4856 2869 4928 (1706
2918 4873 3034 4911 om.
3087 4853 3138 4909 ἐν
3183 4876 3235 4911 τ.
3285 4853 3354 4928 ἔ.)
3401 4857 3582 4916 καθώς
3613 4878 3786 4933 φησιν
3825 4857 3900 4912 Εὖ-

2265 4936 2464 5010 σέϐιος,
2519 4942 2736 5006 ΙΙαῦλος
2787 4943 2815 4997 6
2863 4942 3171 5006 ἀπόστολος
3218 4945 3352 4998 κατά
3397 4945 3492 5016 μέν
3542 4948 3642 5013 τὴν
3697 4952 3897 5022 πρώτην

2265 5029 2562 5106 ἀπολογίαν
2591 5030 2762 5087 ἐλθὼν
2795 5031 2900 5086 ἀπὸ
2937 5038 3037 5101 τῆς
3085 5030 3342 5093 Ἰουδαίας
3398 5029 3626 5104 δέσμιος
3657 5036 3755 5090 καὶ
3791 5039 3898 5091 ἁπο-

2263 5116 2640 5194 λογησάμενος
2673 5122 2880 5196 Νέρωνι
2928 5121 3016 5175 ἐπὶ
3043 5121 3142 5188 τήν
3191 5117 3463 5174 διακονίαν
3497 5126 3597 5175 τοῦ
3628 5126 3899 5200 κηρύγμα-

2257 5229 2352 5270 τος
2411 5207 2608 5279 ἐστάλη
2670 5211 2832 5284 (1706
2890 5208 3211 5282 ἀπεστάλη).
3274 5209 3566 5264 Κάντεῦθεν
3622 5212 3702 5275 ὡς
3755 5213 3896 5268 ἔοικεν

2256 5297 2351 5359 τὰς
2399 5302 2506 5352 τῶν
2558 5297 2877 5355 ἀποστόλων
2931 5297 3157 5375 Πράξεις
3209 5297 3290 5352 ἐπ’
3341 5297 3539 5353 ἐκεῖνον
3592 5301 3686 5355 τὸν
3729 5303 3892 5378 χρόνοι

2259 5393 2466 5449 Λουκᾶς
2516 5390 2861 5464 περιέγραψε,
2916 5388 3112 5464 μέχρις
3163 5388 3252 5442 ’ὀτε
3313 5388 3478 5460 (1706
3541 5387 3710 5464 ὅτου)
3770 5397 3895 5456 συνῆν

2254 5473 2332 5547 τῷ
2364 5474 2590 5548 Παύλῳ·
2640 5477 2758 5531 καθ’
2804 5477 2862 5531 ’ὸν
2907 5473 2965 5530 δέ
3010 5476 3195 5551 καιρὸν
3245 5473 3650 5551 ἐμαρτύρησεν,
3686 5479 3752 5534 οὐ
3791 5503 3893 5551 σύμ-

2248 5716 2372 5768 crat
2400 5713 2538 5766 Hist.
2572 5711 2700 5766 eccl.
2735 5727 2788 5779 ν,
2819 5711 2909 5766 22.
2941 5711 3048 5766 Sed
3099 5726 3212 5766 non
3244 5727 3313 5766 ex
3369 5726 3486 5768 uno
3521 5719 3687 5772 certo
3715 5721 3885 5774 Socra-

2248 5783 2323 5839 tis
2356 5781 2481 5838 loco
2508 5782 2628 5839 hmo
2659 5781 2853 5838 omnia
2883 5781 3172 5854 exscripta
3203 5785 3363 5838 sunt.
