3998 6348
213 448 375 511 1297

1727 446 2122 509 ADDENDA.

3470 442 3627 503 i298

208 586 396 652 παρῆν
448 576 614 649 αύτῷ,
663 582 761 633 τοῦ
804 576 1110 633 ἀποστόλου
1161 582 1343 655 σαφῶς
1390 579 1668 633 καὶτοῦτο
1708 582 1856 651 (170(

1984 577 2121 631 λαοῦ
2167 577 2254 631 καὶ
2301 576 2581 648 δικαιούνη
2614 620 2625 634 .
2676 580 2769 638 "Oc
2811 578 2907 647 (ab
2960 577 3067 633 hac
3114 575 3250 631 inde
3304 591 3443 632 voce
3495 577 3621 631 cod.

207 689 263 723 κ.
297 689 350 725 τ.
388 672 540 745 σαφ.)
569 666 817 743 λέγοντος
867 665 950 721 ὅτι
994 664 1170 730 οὐδείς
1223 689 1315 741 μοι
1348 667 1398 721 ἐν
1427 672 1495 741 τῇ
1545 668 1734 741 πρώτῃ
1766 688 1870 740 μου

211 757 494 832 ἀπολογίᾳ
545 758 1011 832 συμπαρεγένετο,
1070 754 1215 812 ἀλλά
1273 756 1461 819 πάντες
1526 778 1591 829 με
1650 755 1866 831 ἐγκατέ-

213 844 412 901 λειπον
448 848 614 917 (1706
645 843 880 915 -λιπον)⁶
918 846 993 917 μὴ
1022 844 1204 907 αὐτοῖς
1254 844 1558 920 λογισθείη.
1587 848 1687 903 "HV
1722 850 1869 919 (cor-

210 936 533 1009 rigendum
555 936 1041 1008 videtur,utapud
1055 938 1377 992 Cedrenum
1400 937 1620 992 editum
1636 936 1868 1006 θείμην,

212 1030 321 1079 aut
359 1023 474 1078 alio
507 1024 677 1078 modo
708 1022 872 1078 locus
919 1023 1218 1078 sanandus
1266 1024 1373 1095 est)
1418 1018 1484 1091 δὴ
1531 1021 1665 1097 πρὸς
1697 1020 1869 1093 Τιμό-

211 1113 339 1166 θεον
395 1109 641 1184 δευτέραν
687 1110 979 1179 ἐπιστολὴν
1027 1108 1247 1183 δεσμοῖς
1295 1110 1661 1186 κατεχόμενος
1714 1108 1869 1187 ἔγρα-

208 1204 337 1273 ψεν,
395 1201 537 1272 ὁμοῦ
588 1199 865 1272 σημαίνων
916 1200 1013 1268 τήν
1064 1220 1121 1253 τε
1164 1198 1425 1275 προτέραν
1474 1198 1618 1271 αὐτῷ
1644 1199 1867 1275 γενομέ-

206 1312 310 1356 νην
345 1288 653 1364 ἀπολογίαν
707 1289 843 1364 πρὸς
898 1289 1137 1364 Νέρωνα,
1196 1289 1254 1343 ’ὃν
1312 1287 1401 1342 καὶ
1455 1286 1648 1344 λέοντα
1692 1285 1869 1343 διὰτὸ

210 1379 585 1453 ἀπάνθρωπον
612 1378 700 1432 καὶ
731 1375 996 1455 θηριῶδες
1025 1382 1127 1432 τοῦ
1173 1377 1380 1452 τρόπου
1428 1382 1611 1439 καλῶς
1647 1377 1869 1451 ὠνόμα-

204 1488 291 1521 σε*
338 1469 432 1521 καὶ
484 1469 582 1536 τὴν
636 1467 781 1543 παρά
837 1464 1007 1528 πόδας
1065 1465 1344 1522 τελείωσιν
1407 1465 1587 1542 ἐπάγει
1630 1468 1864 1545 φάσκωψ

208 1556 523 1633 Ἐῤῥύσθην
570 1555 629 1610 ἐκ
680 1556 946 1629 στόματος
998 1553 1248 1617 λέοντος.
1302 1554 1478 1611 Ἀλλά
1523 1556 1611 1610 καὶ
1658 1556 1869 1630 ῥύσεταί

212 1666 287 1717 με
323 1644 523 1719 Κύριος
556 1644 660 1700 ἀπὸ
704 1646 899 1706 παντὸς
948 1643 1109 1720 ἔργου
1156 1650 1419 1717 πονηροῦ,
1469 1644 1560 1699 καὶ
1598 1646 1758 1700 σώσει
1792 1646 1866 1708 εἷς

199 1736 312 1802 τήν
356 1732 632 1808 βασιλείαν
684 1733 849 1789 «6106
894 1735 993 1803 τήν
1045 1734 1383 1808 ἐπουράνιον,
1432 1734 1773 1812 ὑπεμφαίνων
1807 1737 1868 1790 τὸ

204 1823 522 1899 παραυτίκα
574 1822 889 1900 μαρτύριον,
940 1822 967 1877 δ
1012 1821 1102 1877 καέ
1148 1824 1466 1899 σαφέστερον
1520 1822 1571 1879 ἐν
1620 1828 1686 1897 τῇ
1731 1824 1867 1899 αὐτῇ

210 1912 615 1987 προσαγορεύει
645 1916 854 1990 γραφῇ,
888 1910 1087 1986 λέγων.
1114 1913 1252 1988 Ἐγὼ
1275 1913 1375 1987 γὰρ
1407 1910 1514 1984 ἤδη
1550 1912 1865 1987 σπένδομαι,

209 2002 308 2056 καὶ
344 2002 372 2055 6
415 2001 602 2077 καιρὸς
648 2008 749 2070 τῆς
802 2001 938 2073 ἐμῆς
989 2000 1297 2063 ἀναλύσεως
1345 2000 1650 2079 ἐφέστηκεν.
1705 2004 1867 2059 Ἀπο-

215 2089 607 2165 λογησάμενος
641 2090 819 2145 τοίνυν
850 2092 947 2159 τὴν
982 2091 1204 2164 πρώτην
1238 2090 1558 2165 ἀπολογίαν,
1600 2091 1688 2145 καὶ
1719 2090 1867 2154 αὖθις

213 2179 307 2234 ἐπὶ
338 2181 438 2248 τήν
468 2184 564 2233 τοῦ
613 2178 968 2253 κηρύγματος
1018 2176 1287 2233 διακονίαν
1339 2179 1704 2253 στειλάμενος,
1756 2182 1868 2236 εἶτα

206 2268 385 2323 πάλιν
442 2268 505 2322 τὸ
566 2265 813 2344 δεύτερον
870 2262 1059 2329 ἐπιϐὰς
1115 2272 1182 2341 τῇ
1240 2269 1421 2341 Ῥώμῃ
1474 2266 1717 2342 δέσμιος,
1778 2270 1867 2325 καὶ

207 2358 479 2418 ὡσαύτως
514 2358 719 2431 Νέρωνι
750 2354 1095 2431 παραδοθεὶς,
1127 2356 1219 2411 τὸν
1254 2352 1341 2411 διὰ
1390 2356 1571 2433 ξίφους
1601 2363 1695 2412 τοῦ
1730 2378 1866 2435 μαρ-

200 2445 407 2520 τυρίου
440 2446 696 2522 στέφανον
746 2442 1064 2519 ἀνεδήσατο,
1100 2446 1229 2517 μηνὶ
1266 2446 1480 2518 Ἴουνίῳ
1510 2448 1608 2503 κθ’.
1644 2449 1773 2511 Καθ’
1803 2449 1864 2517 ἣν

202 2537 427 2608 ἡμέραν
476 2534 568 2588 καὶ
611 2534 813 2609 Πέτρος
862 2532 1195 2607 ἐσταυρώθη,
1246 2533 1480 2610 καθάπερ
1529 2535 1617 2589 καὶ
1649 2534 1866 2611 Μάρκος

201 2624 300 2677 καὶ
340 2629 549 2685 Λουκᾶς
597 2623 648 2677 οἳ
694 2620 1090 2699 εὑαγγελισταὶ,
1142 2622 1231 2678 καὶ
1282 2619 1535 2686 Ἰάκωϐος
1576 2624 1603 2679 ὁ
1633 2623 1863 2703 ἀδελφό-

204 2715 354 2772 θεος.
385 2714 445 2769 Ὀ
475 2711 565 2766 οὖν
613 2718 823 2774 Λουκᾶς
873 2712 959 2767 ἐπὶ
1008 2711 1189 2773 ἐλαίας
1241 2713 1591 2790 καρποφόρου
1631 2735 1868 2788 σταυρω-

210 2801 354 2868 θεῗς,
392 2801 467 2872 μὴ
522 2800 906 2876 εὑρισκομένου
953 2800 1117 2871 ξύλου
1149 2801 1316 2877 ξηροῦ
1364 2802 1499 2876 πρὸς
1530 2802 1592 2856 τὸ
1622 2803 1865 2878 γενέσθαι

210 2890 448 2965 σταυρὸν
482 2890 533 2944 ἐν
564 2894 643 2961 τῷ
669 2889 843 2963 τόπῳ,
880 2885 1062 2944 λαϐών
1105 2911 1189 2952 τις
1235 2890 1298 2944 τὸ
1347 2895 1506 2963 σῶμα
1546 2891 1635 2945 καὶ
1674 2891 1866 2965 μεταξὺ

212 2977 451 3032 πολλῶν
488 2979 768 3051 μνημείων
820 2980 991 3053 θάψας
1036 2976 1240 3049 ἄδηλον
1289 2978 1508 3049 ἐποίησε
1552 2979 1643 3035 τὸν
1674 2982 1865 3058 τάφον.

210 3073 335 3122 Τῶν
395 3066 451 3121 δὲ
507 3072 760 3140 μαθητῶν
829 3068 1231 3138 ἀναζητούντων
1301 3070 1584 3141 μετέπειτα
1638 3070 1728 3124 καὶ
1788 3071 1862 3143 μὴ

218 3157 584 3230 εὑρισκόντων
614 3158 779 3213 «6106
807 3159 897 3213 τὸν
925 3160 1091 3235 τάφον
1126 3155 1214 3212 διὰ
1242 3158 1302 3213 τὸ
1334 3156 1543 3227 πλῆθος
1573 3164 1679 3213 τῶν
1727 3181 1863 3232 μνη-

218 3248 433 3319 μάτων,
487 3247 575 3301 καὶ
616 3248 1062 3322 προσευξαμένων
1114 3246 1287 3301 αὐτῶν
1340 3248 1532 3323 (Coisl.
1574 3248 1864 3325 προσευξά-

1980 670 2120 724 4706
2147 670 2346 724 omnia
2377 669 2595 725 omittit
2640 684 2827 740 usque
2869 668 3044 722 verba
3074 664 3189 719 ἐπεῖ
3222 664 3311 717 οὖν
3345 661 3624 734 αἰδέσιμος

1978 754 2068 810 καὶ
2100 751 2414 829 σεϐάσμιος)
2444 778 2504 831 γε
2556 754 2802 830 μεγέλων
2847 754 2936 809 καὶ
2967 754 3122 809 θείων
3173 754 3409 829 ὁράσεων
3439 752 3620 823 ἀξιού-

1984 866 2139 917 μενος
2173 845 2404 918 ὲώρακέν
2438 866 2569 901 ποτε
2598 850 2888 921 προφανῶς
2936 844 3024 899 τὸν
3077 838 3333 897 διάϐολον
3379 843 3475 911 τὴν
3509 848 3623 896 κατ’

1979 932 2143 988 «6106
2185 934 2549 1009 γενησομένην
2598 934 2787 1007 μανίαν
2837 933 2925 987 καὶ
2974 931 3278 1009 μιαιφονίαν
3329 936 3435 986 τῶν
3494 933 3623 986 Ἰου-

1982 1018 2143 1076 δαίων
2176 1021 2502 1078 ἀπειλοῦντα
2549 1020 2863 1094 (ϐΟά.-λῶν)
2912 1020 2961 1076 ἐν
3016 1020 3231 1093 ἐξαισίῳ
3260 1020 3349 1075 καὶ
3398 1014 3623 1098 φοϐερο-

1977 1108 2124 1183 τάτῳ
2156 1113 2424 1186 σχήματι,
2476 1112 2597 1187 περὶ
2649 1113 2710 1166 οὗ
2760 1132 2920 1189 φησιν
2974 1112 3107 1186 πρὸς
3149 1109 3239 1164 τὸν
3292 1104 3414 1164 Ἰὼϐ
3447 1110 3620 1183 (74)δ

1980 1200 2128 1263 Θεός’
2165 1226 2191 1252 ‹‹
2226 1199 2365 1257 Ἰδοὺ
2398 1198 2463 1269 δὴ
2495 1204 2529 1271 ἡ
2564 1200 2719 1276 ἰσχὺς
2769 1200 2931 1255 αὐτοῦ
2981 1199 3059 1254 ἐπ’
3093 1198 3272 1277 ὀσφύῖ·
3305 1200 3339 1268 ἡ
3383 1196 3439 1253 δὲ
3470 1196 3622 1253 δύνα-

1984 1311 2072 1361 μις
2102 1289 2265 1343 «6106
2309 1290 2389 1345 ἐπ’
2440 1290 2693 1368 ὀμφαλοῦ
2740 1290 2985 1365 γαστρός.
3035 1291 3293 1357 Ἔστησεν
3347 1288 3507 1364 οὐράν
3544 1288 3619 1349 ὡς

1977 1380 2325 1452 κυπάρισσον,
2375 1379 2442 1433 τὰ
2491 1377 2548 1433 δὲ
2594 1384 2753 1454 νεῦρα
2801 1376 3228 1451 συμπέπλεκται·
3284 1377 3338 1431 αἱ
3386 1375 3617 1451 πλευραὶ

1977 1466 2141 1522 «6106
2173 1467 2451 1543 χάλκειαι,
2483 1471 2517 1537 ἡ
2552 1466 2609 1523 δὲ
2637 1467 2795 1544 ῥαχὶς
2827 1467 2992 1522 αύτοῦ
3042 1464 3419 1541 σιδηρόχυτος.
3451 1470 3619 1519 Τοῦτο

1978 1553 2118 1610 ἐστιν
2150 1556 2296 1632 ἀρχή
2347 1556 2668 1629 πλάσματος
2721 1555 2941 1629 Κυρίου,
2982 1555 3348 1628 πεποιημένον
3400 1554 3620 1630 ἐγκατα-

1976 1643 2257 1713 παίζεσθαι
2309 1646 2411 1700 ὑπὸ
2451 1650 2556 1700 τῶν
2593 1644 2839 1721 ἀγγέλων
2890 1645 3074 1701 «6106.
3124 1644 3382 1701 ΙΙέποιθεν
3432 1642 3489 1699 δὲ
3535 1644 3615 1699 ὅτι

1976 1733 2333 1808 προσκρούσει
2365 1731 2635 1809 Ἰορδάνης
2670 1733 2745 1795 εἰς
2791 1734 2853 1788 τὸ
2902 1734 3076 1806 στόμα
3123 1734 3309 1802 αὐτοῦ,
3342 1732 3391 1787 ἐν
3444 1730 3501 1787 δὲ
3540 1737 3619 1804 τῷ

1978 1819 2248 1898 ὀφθαλμῷ
2298 1821 2459 1877 «6106
2507 1820 2705 1892 δέξεται
2757 1822 2936 1877 αὑτόν.
2968 1821 3077 1877 Πάν
3130 1821 3186 1877 δὲ
3234 1821 3452 1877 πλωτὸν
3494 1843 3615 1875 συν-

1978 1907 2131 1964 ελθὸν
2167 1910 2227 1964 06
2262 1912 2338 1984 μὴ
2390 1910 2637 1987 ἐνέγκωσι
2672 1910 2869 1987 βύρσαν
2932 1909 3058 1983 μίαν
3110 1910 3273 1987 ούρᾶς
3316 1909 3500 1978 «6106,
3531 1910 3619 1964 καὶ

1978 1998 2047 2071 ἐμ
2078 2000 2183 2071 (sic
2233 2001 2431 2073 codex)
2477 1998 2702 2061 πλοίοις
2750 1998 2949 2054 ἀλιέων
2998 1997 3239 2078 κεφαλὴν
3294 1999 3476 2057 «6106.
3527 1998 3619 2060 Τίς

1979 2085 2318 2143 ἀποκαλύὼει
2344 2089 2631 2163 πρόσωπον
2682 2086 2945 2151 ἐνδύσεως
2992 2088 3155 2143 αὐτοῦ
3190 2108 3202 2157 ;
3238 2087 3313 2150 εἷς
3346 2085 3403 2143 δὲ
3432 2087 3616 2158 πτύξιν

1977 2178 2219 2252 θώρακος
2253 2178 2415 2233 «6106
2443 2178 2524 2241 τίς
2564 2178 2623 2233 ἂν
2675 2176 2907 2233 εἶ’σέλθοι
2943 2198 2956 2247 ;
2989 2176 3166 2239 πύλας
3216 2174 3274 2232 δὲ
3319 2178 3617 2252 προσώπου

1977 2266 2140 2320 «6106
2177 2266 2258 2329 τίς
2310 2266 2505 2338 ἀνοίξει
2540 2286 2553 2335 ;
2588 2266 2774 2340 κύκλῳ
2826 2263 3060 2321 ὀδόντων
3113 2265 3274 2320 αὐτοῦ
3319 2260 3509 2343 φόϐος.
3541 2264 3618 2320 Τά

1978 2352 2035 2409 δὲ
2084 2352 2277 2431 ἔγκατα
2322 2356 2486 2411 αὐτοῦ
2535 2354 2753 2419 ἀσπίδες
2802 2355 3025 2431 χαλκαῖ·
3079 2354 3129 2409 ἐν
3172 2360 3407 2431 πταρμῴ
3453 2354 3618 2409 «6106

1978 2442 2356 2522 ἐπιφαύσκεται
2426 2447 2729 2519 (descripsi
2787 2443 3088 2523 ἐπιφάσκ.)
3147 2443 3340 2521 φέγγος
3376 2462 3388 2474 ⁸
3452 2444 3503 2498 οἱ
3563 2441 3620 2497 δέ

1976 2532 2250 2612 ὀφθαλμοὶ
2283 2533 2445 2589 «6106
2494 2532 2635 2597 εῖδος
2686 2534 2988 2613 έωσφόρου,
3038 2533 3097 2589 ἐκ
3139 2534 3406 2607 στόματος
3454 2533 3619 2588 «6106

1976 2622 2357 2699 ἐκπορεύονται
2415 2622 2698 2699 λαμπάδες
2752 2625 3076 2697 καιόμεναι,
3131 2624 3225 2678 καῖ
3274 2622 3620 2698 διαριπτοῦν-

1974 2734 2059 2767 ται
2094 2712 2320 2789 ἐσχάραι
2353 2713 2543 2790 πυρός.
2573 2716 2666 2769 Ἐκ
2720 2716 3009 2789 μυκτήρων
3060 2712 3222 2769 «6106
3274 2712 3618 2788 ἐκπορεύεται

1974 2801 2176 2864 καπνὸς
2231 2800 2463 2875 καμίνου
2519 2802 2817 2875 καιομένης
2850 2847 2863 2871 ,
2924 2802 3013 2858 καὶ
3068 2802 3198 2878 πυρὶ
3252 2803 3526 2879 ἀνθράκων
3583 2805 3618 2872 ἡ

1975 2893 2126 2967 ψυχὴ
2160 2894 2308 2963 (cod.
2341 2892 2455 2967 -χὶ)
2506 2892 2668 2947 αὐτοῦ
2718 2895 2849 2966 (75)·
2885 2891 3019 2970 φλόξ
3052 2890 3109 2947 δέ
3140 2892 3197 2947 ἐκ
3226 2894 3493 2966 στόματος
3526 2893 3619 2947 «6-

1971 2986 2069 3035 106
2099 2981 2392 3055 έξέρχεταιο
2428 2983 2513 3035 Ἐν
2543 2978 2600 3035 δέ
2627 2986 2705 3053 τῷ
2734 2980 3005 3057 τραχήλῳ
3056 2979 3330 3050 αὐλίζεται
3373 2980 3618 3054 δύναμιςο

1975 3068 2275 3144 ἔμπροσθεν
2326 3070 2490 3125 «6106
2536 3072 2719 3146 τρέχει
2772 3068 3039 3126 ἀπώλεια.
3075 3074 3309 3141 Ἕστηκε
3351 3069 3406 3126 δὲ
3438 3071 3617 3147 ὥσπερ

1974 3157 2162 3231 ἄκμων
2219 3158 2522 3229 ἀνήλατος.
2572 3161 2690 3213 Ἐὰν
2741 3161 3139 3229 συναντήσωσιν
3194 3159 3339 3232 αύτῴ
3392 3159 3616 3236 λόγχαι,

1975 3248 2125 3302 ούθὶν
2182 3247 2244 3302 06
2296 3249 2370 3321 μή
2422 3250 2750 3318 ποιήσωσιν·
2810 3248 3015 3321 ἥγηται
3078 3249 3171 3320 μὲν
3232 3250 3335 3323 γὰρ
3392 3247 3613 3325 σίδηρον

216 3340 407 3408 μενοι)
435 3340 503 3409 τῇ
534 3335 679 3390 νυκτὶ
734 3339 897 3409 (1706
943 3339 1075 3394 add.
1128 3336 1322 3411 ἐκείνῃ)
1371 3323 1669 3414 κονλούρια
1705 3341 1868 3409 (1706
1899 3323 1941 3391 C
1980 3338 2207 3413 ἄχυρον,
2239 3335 2446 3412 χαλκὸν
2492 3335 2550 3393 δὲ
2594 3336 2773 3413 ὥσπερ
2824 3336 2980 3407 ξύλον
3035 3336 3251 3413 σαθρόν.
3303 3338 3400 3392 Καὶ
3442 3338 3501 3392 o6
3525 3323 3614 3411 (11‘)

208 3423 543 3497 κουλλούρ.)
610 3425 797 3500 βρέξας
865 3428 1028 3498 (1706
1084 3420 1314 3501 ἔϐρεξεν)
1374 3427 1400 3479 6
1459 3427 1588 3488 Θεὸς
1649 3427 1867 3502 ἱατρικά

205 3512 393 3566 ἐπάνω
423 3518 521 3567 τοῦ
560 3516 753 3590 τάφου,
788 3509 1040 3585 σύμϐολα
1074 3522 1173 3583 τῆς
1208 3514 1517 3587 ἐπιστήμης
1551 3514 1733 3585 «6106,
1765 3514 1864 3585 6ﬁ~

205 3600 311 3656 λον
343 3600 569 3669 ἐποίησε
596 3604 685 3656 τὸν
715 3604 881 3680 τάφον
912 3605 1078 3675 (4706
1126 3623 1228 3675 pro
1282 3600 1473 3673 δῆλον,
1520 3609 1652 3671 etc.,
1685 3605 1773 3658 καὶ
1807 3603 1866 3659 ἐκ

198 3690 413 3744 τούτου
461 3688 558 3745 τοῦ
608 3691 840 3763 σημείου
888 3692 1075 3767 γέγονε
1121 3693 1402 3767 γνώριμος
1454 3692 1481 3745 ὁ
1530 3694 1750 3770 τάφος)·
1802 3691 1864 3747 οῦ

200 3779 270 3832 τὸ
303 3778 564 3851 λείψανον
625 3778 989 3842 Κωνστάντιος
1048 3781 1164 3842 υίὸς
1221 3781 1620 3836 Κωνσταντίνου
1678 3783 1865 3837 ἀνακο-

204 3868 378 3940 μῖσας
438 3868 492 3923 έν
540 3869 1105 3924 Κωνσταντινουπόλει
1156 3870 1443 3940 κατέθηκεν
1515 3870 1567 3925 ἐν
1620 3876 1698 3943 τῷ
1752 3876 1862 3943 ναῷ

210 3961 330 4011 τῶν
386 3955 726 4030 ἀποστόλων,
779 3957 941 4031 ὅνπερ
991 3956 1343 4032 ᾠκοδόμησεν
1396 3960 1423 4014 6
1472 3961 1649 4034 πατὴρ
1699 3960 1861 4014 «6106

213 4047 393 4120 μέγας
444 4046 836 4109 Κωνσταντίνος
885 4050 1016 4121 (hoc
1074 4053 1360 4118 accentu).
1422 4050 1694 4105 Incidunt
1740 4052 1861 4107 haec

203 4144 474 4192 extrema
506 4137 560 4192 in
590 4138 681 4193 ed.
710 4138 948 4193 Cedreni
992 4138 1175 4195 Paris.
1211 4155 1342 4211 pag.
1386 4140 1529 4207 2t2;
1562 4139 1619 4193 in
1657 4140 1861 4196 editio-

202 4226 303 4281 nis
338 4225 667 4281 Bonnensis
698 4242 830 4299 pag.
864 4227 988 4282 373.
1022 4229 1157 4293 Qum
1188 4244 1319 4283 vero
1352 4228 1407 4282 in
1443 4229 1637 4284 codice
1669 4228 1732 4284 de
1768 4232 1853 4285 Ja-

199 4315 339 4370 cobo
372 4316 512 4381 iusto
541 4322 891 4387 sequuntur,
922 4332 989 4370 ea
1038 4316 1331 4371 Cedrenus
1382 4317 1554 4388 paulo
1602 4322 1733 4372 ante
1763 4318 1856 4389 (cf.

202 4404 298 4459 ed.
337 4404 521 4458 Paris.
570 4422 626 4475 p.
674 4406 780 4458 205
808 4410 882 4471 C;
916 4405 1007 4459 ed.
1055 4405 1236 4461 Bonn.
1293 4422 1423 4477 pag.
1465 4406 1592 4475 360)
1636 4406 1692 4459 in
1737 4424 1857 4462 rem

203 4510 381 4547 suam
416 4493 723 4559 convertit,
756 4494 1047 4564 scriptura
1077 4510 1230 4565 saepe
1262 4499 1508 4561 mutata,
1556 4495 1857 4551 omnibus-

205 4600 323 4651 que
351 4582 589 4637 omissis
620 4600 746 4653 qua:
782 4600 846 4638 ex
892 4583 1021 4638 Jobi
1055 4583 1202 4638 libro
1234 4583 1482 4655 aliisque
1510 4584 1854 4639 afferuntur.

203 4672 443 4743 Scripta
483 4687 612 4726 vero
644 4676 783 4726 sunt
815 4672 873 4727 in
904 4671 1177 4727 chronico
1201 4672 1357 4727 hunc
1388 4674 1445 4727 in
1476 4674 1713 4728 modum
1749 4692 1761 4729 ε

278 4759 337 4810 Ὁ
391 4754 447 4811 δέ
496 4778 555 4832 γε
611 4760 775 4830 (1706
830 4757 1021 4833 μέγας)
1078 4753 1335 4820 Ἰάκωϐος
1394 4760 1549 4835 ἁγνὸς
1595 4758 1853 4836 ὑπάρχων

202 4846 266 4901 ἐκ
312 4843 529 4907 κοιλίας
586 4848 794 4922 μητρὸς
845 4846 1032 4919 αὐτοῦ,
1078 4849 1190 4901 οἷον
1248 4849 1342 4921 μὲν
1388 4848 1476 4902 καὶ
1520 4848 1704 4924 σίκερα
1760 4848 1857 4904 ούκ

200 4933 354 4989 ἔπιεν
390 4932 513 4988 ούδὲ
544 4930 791 5010 ἔμψυχον
822 4932 1036 5013 ἔφαγεν,
1091 4933 1215 4990 ούδὶ
1264 4934 1529 5011 βαλανείῳ
1560 4935 1853 5012 ἐχρήσατο*

192 5022 269 5079 τά
299 5020 360 5077 δὲ
389 5023 589 5097 γόνατα
629 5023 792 5078 «6106
847 5022 1229 5095 ἀπεσκληκότα
1284 5022 1438 5095 δίκην
1484 5025 1742 5097 καμήλου
1771 5048 1856 5102 γε·

191 5111 418 5187 γόνασιν
470 5109 528 5165 ἐκ
575 5116 671 5165 106
720 5112 800 5167 ἀεὶ
849 5113 1115 5185 κάμπτειν
1167 5112 1254 5166 ἐπὶ
1305 5114 1438 5187 γόυυ
1477 5113 1564 5167 καὶ
1615 5119 1691 5185 τῷ
1740 5120 1854 5187 Θεῷ

192 5206 539 5273 προσκυνεῖν.
581 5203 737 5264 ’Όθεν
786 5198 875 5255 διὰ
904 5204 1003 5269 τήν
1034 5196 1345 5277 ὑπερϐολὴν
1379 5208 1476 5271 τῆς
1509 5199 1850 5273 δῖκαιοσύνης

190 5289 365 5345 «6106
414 5290 503 5343 καὶ
552 5290 865 5361 θαυμαστῆς
913 5287 1191 5351 πολιτείας
1236 5289 1481 5345 ἐκαλεῖτο
1513 5288 1720 5354 δίκαιος
1759 5292 1848 5347 καὶ

194 5372 395 5439 ὂϐλίας
444 5380 548 5447 (ita
592 5379 791 5449 C0isl.,
842 5372 967 5433 ἀϐλ.
1021 5381 1206 5453 4706),
1256 5378 1285 5433 6'
1318 5378 1425 5433 ἐστι
1474 5382 1711 5455 περιοχή
1752 5385 1849 5435 106

275 5555 522 5628 (74)(ἶῇ
581 5555 710 5628 Job.
772 5572 897 5628 cap.
952 5574 1021 5612 XL
1079 5562 1134 5613 et
1182 5575 1291 5613 xm.
1354 5560 1571 5614 Textus
1630 5560 1847 5615 aronici

202 5624 378 5698 plura
407 5626 585 5699 habet
610 5627 788 5699 digna
814 5624 1109 5683 notatione
1140 5630 1358 5685 critica.

278 5699 391 5768 (75)
425 5698 510 5753 Ita
532 5698 706 5753 codex
737 5698 933 5766 habet,
958 5701 1057 5755 sed
1084 5705 1148 5756 ut
1167 5701 1389 5757 clarum
1414 5706 1520 5765 est,
1552 5701 1846 5757 vitiose.In

203 5770 365 5826 textu
416 5768 691 5826 Vaticano
739 5770 999 5843 legitur:
1033 5773 1333 5846 καιομένης
1379 5771 1509 5846 πυρὶ
1551 5771 1844 5847 ἀνθράκων,

1971 3427 2169 3501 τρώσει
2218 3426 2374 3481 αὐτὸν
2423 3426 2576 3496 τόξον
2624 3426 2903 3502 χάλκειον·
2956 3426 3154 3502 ἥγηται
3213 3427 3306 3500 μὲν
3360 3423 3619 3503 πετροϐό-

1974 3512 2070 3569 λον
2099 3515 2321 3591 χόρτον.
2356 3521 2442 3577 Ὠς
2472 3513 2695 3589 καλάμη
2731 3512 2788 3571 δὲ
2831 3513 3217 3591 λογισθείησαν
3260 3516 3473 3594 σφυραί·
3519 3538 3614 3570 κα-

1971 3608 2177 3678 ταγελᾷ
2206 3604 2299 3675 μὶν
2329 3608 2555 3675 σεισμοῦ
2601 3603 2902 3683 πυρφόρου.
2935 3605 2998 3661 Ἡ
3049 3602 3106 3659 δὲ
3155 3606 3411 3680 στρωμνὴ
3453 3605 3616 3659 «6106

1975 3687 2253 3746 ὀϐελίσκοι
2302 3691 2461 3764 ὀξεῖς.
2510 3694 2746 3765 ’Ήγηται
2800 3694 2893 3764 μὶν
2946 3694 3046 3761 τήν
3106 3691 3375 3757 θάλασσαν
3435 3693 3614 3769 ὥσπερ

1973 3780 2337 3856 ἑξάλειπτρον,
2394 3781 2487 3835 τὸν
2546 3778 2604 3835 δὲ
2660 3782 2923 3857 τάρταρον
2988 3789 3088 3851 τῆς
3143 3777 3379 3837 ἀϐύσσου
3436 3783 3614 3857 ὥσπερ

1972 3869 2350 3945 αἰχμάλωτον.
2386 3868 2496 3925 Ούκ
2526 3868 2664 3925 ἔστιν
2697 3870 2783 3925 ἐπὶ
2832 3873 2929 3940 τῆς
2977 3878 3079 3947 γῆς
3112 3870 3301 3944 ὅμοιον
3353 3871 3517 3943 αὐτῷ.
3553 3874 3615 3925 Οἱ

1970 3960 2073 4034 γὰρ
2106 3956 2294 4014 δοῦλοι
2337 3963 2434 4012 τοῦ
2486 3963 2618 4015 Θεοῦ
2669 3957 2889 4035 ἄγγελοι
2942 3959 3211 4021 πολλάκις
3258 3960 3616 4032 ὀνομάζονται

1972 4049 2074 4103 ὑπὸ
2103 4056 2202 4118 τῆς
2234 4048 2377 4113 θείας
2409 4055 2624 4127 Γραφῆς
2666 4046 2754 4103 διὰ
2799 4050 2862 4104 τὸ
2911 4048 3122 4104 ἀκούειν
3170 4048 3364 4111 αὐτοὺς
3416 4047 3614 4125 λόγους

1968 4138 2113 4211 παρὰ
2141 4142 2272 4196 Θεοῦ
2318 4138 2407 4192 καὶ
2448 4136 2801 4213 ἀναγγέλλειν
2851 4143 2965 4199 τοῖς
3014 4136 3231 4200 λοιποῖς
3284 4138 3612 4211 ἀνθρώποις.

1970 4226 2113 4295 Φησὶ
2166 4226 2266 4303 γὰρ
2317 4225 2572 4302 Ἔσδρας.
2624 4224 2963 4283 Ἀπέστειλεν
3016 4227 3043 4280 ὁ
3088 4228 3215 4287 Θεὸς
3259 4227 3392 4301 πρὸς
3422 4226 3615 4287 αὐτοὺς

1966 4315 2092 4376 τοὺς
2127 4312 2357 4378 δούλους
2398 4315 2560 4370 «6106
2605 4314 2729 4377 τοὺς
2782 4318 3085 4394 προφήτας’
3135 4314 3287 4369 αὐτοὶ
3321 4312 3378 4369 δὲ
3425 4315 3611 4388 ἐξεμυ-

1966 4406 2222 4479 κτήριζον
2274 4404 2401 4467 τοὺς
2453 4403 2718 4481 ἀγγέλους
2769 4403 2973 4460 «6106.
3023 4404 3292 4466 Ὡσαύτως
3337 4404 3426 4459 καὶ
3488 4406 3610 4480 περὶ

1965 4497 2062 4546 τοῦ
2092 4490 2412 4569 προδρόμου
2446 4492 2589 4568 λέγει
2640 4492 2860 4566 Κύριος·
2895 4492 3061 4555 Οὗτός
3112 4492 3250 4547 ἐστιν
3285 4494 3404 4567 περῖ
3440 4495 3501 4547 06
3531 4492 3613 4568 γέ-

1964 4601 2217 4655 γραπται’
2253 4580 2391 4639 Ἰδοῦ
2423 4582 2531 4656 ἐγὼ
2577 4580 2900 4637 ἀποστέλλω
2940 4583 3029 4637 τὸν
3078 4580 3310 4656 ἄγγελόν
3364 4604 3466 4655 μου
3505 4584 3610 4657 πρὸ

1892 4693 1935 4756 D
1966 4671 2262 4744 προσώπου
2295 4692 2410 4728 σου.
2444 4671 2540 4725 Καὶ
2592 4672 2653 4726 06
2706 4671 2869 4744 μόνον
2916 4668 3139 4747 ἄγγελοι
3173 4670 3413 4746 λέγονται
3447 4672 3498 4725 οἱ
3530 4669 3609 4725 δί-

1964 4776 2131 4828 καιοι,
2179 4756 2325 4814 ἀλλά
2376 4761 2465 4814 καὶ
2499 4768 2632 4829 θεοί,
2665 4761 2799 4815 κατὰ
2850 4761 2939 4814 τὸν
2990 4759 3239 4835 λέγοντα·
3292 4761 3433 4834 Ἐγὼ
3465 4760 3605 4814 εἶπαο

1967 4846 2087 4901 Θεοί
2120 4846 2234 4902 ἐστε
2263 4846 2349 4901 καὶ
2384 4848 2491 4902 υἱοὶ
2538 4848 2784 4920 Ὑψίστου
2836 4848 3045 4909 πάντες.
3082 4848 3229 4902 Ἐπεὶ
3271 4848 3362 4901 οῦν
3394 4852 3502 4921 (76)
3532 4849 3611 4902 αἰ-

1966 4931 2185 5008 δέσιμος
2230 4937 2319 4989 καὶ
2361 4931 2653 5010 σεϐάσμιος
2707 4936 2794 4991 καὶ
2829 4933 3035 5014 σφόδρα
3073 4932 3401 5013 περιϐόητος
3435 4938 3607 5012 ὑπῆρ-

1964 5044 2059 5099 χεν
2120 5025 2148 5078 ὁ
2210 5024 2492 5100 ίσάγγελος
2562 5021 2820 5087 Ἰάκωϐος
2895 5026 3087 5101 ἑορτῆς
3157 5024 3454 5101 γενομένης
3509 5030 3605 5079 τοῦ

1964 5114 2158 5188 Πάσχα
2185 5113 2274 5167 καὶ
2304 5112 2529 5167 πολλῶν
2569 5111 2844 5189 μυριάδων
2879 5112 3240 5169 συνελθόντων
3285 5113 3335 5168 ἐν
3388 5119 3466 5185 τῷ
3494 5118 3606 5185 ναῷ

1960 5206 2068 5256 τῶν
2125 5200 2399 5257 Ἰουδαίων
2434 5250 2449 5267 ,
2508 5204 2596 5257 καὶ
2644 5207 2832 5258 τοῦτον
2908 5202 3280 5277 ἀνενέγκαντες
3336 5204 3387 5257 οἱ
3442 5203 3606 5277 ἱερεῖς

1961 5292 2044 5363 (in
2077 5295 2341 5365 margine
2368 5295 2731 5369 γραμματεῖς)
2782 5291 2866 5346 ἐπὶ
2916 5293 2977 5345 τὸ
3007 5292 3290 5367 πτερύγιον
3331 5296 3427 5347 τοῦ
3458 5292 3606 5367 ἱεροῦ

1962 5375 2297 5433 διασκεδάσαι
2362 5378 2689 5455 βουλόμενοι
2742 5382 2802 5435 τὸ
2859 5382 3119 5457 κήρυγμα
3166 5384 3428 5453 Χριστοῦ,
3461 5381 3608 5435 εἶπον

1958 5560 1992 5627 ἡ
2027 5558 2180 5632 ψυχὴ
2213 5556 2376 5632 «6106
2408 5553 2686 5632 ἄνθρακες.

2051 5629 2142 5757 762
2172 5632 2256 5685 Ab
2304 5630 2395 5711 his
2446 5629 2579 5713 inde
2628 5647 2830 5686 rursus
2884 5647 3016 5686 cum
3066 5629 3300 5699 Coislin,
3349 5632 3608 5687 3051m-

2051 5720 2079 5755 ·.
2147 5703 2253 5756 706
2283 5702 2457 5757 facnt:
2490 5709 2628 5757 Item
2660 5702 2955 5757 Cedrenus
2987 5708 3180 5757 textus
3226 5720 3432 5757 rursus
3464 5718 3601 5757 θοι]-

1958 5717 2079 5773 per.
2116 5702 2253 5757 1706
2283 5702 2457 5768 facit;
2490 5703 2635 5773 item
2660 5702 2955 5757 Cedrenus
2987 5708 3180 5757 textus
3226 5720 3432 5759 rursus
3464 5718 3601 5759 con-

1958 5772 2234 5831 ferendus
2260 5778 2366 5840 est,
2396 5774 2468 5829 cf.
2501 5774 2591 5830 ed.
2624 5772 2807 5843 Paris,
2839 5789 2973 5845 pag.
3003 5774 3128 5829 205.
3167 5775 3228 5830 υ.
