4046 6350
1860 954 2057 972 ῃ

327 1088 487 1147 Hanc
516 1092 825 1206 epistolum
870 1100 963 1159 bis
994 1104 1176 1163 edidit
1200 1108 1252 1164 J.
1288 1111 1397 1167 Th.
1432 1117 1488 1169 C.
1523 1116 1655 1173 Otto
1688 1136 1701 1174 :
1736 1120 1899 1192 prius
1927 1125 1982 1192 Α
2083 1130 2201 1187 Col.
2235 1133 2396 1206 H73,
2430 1139 2468 1196 l.

250 1194 384 1235 eam
413 1179 730 1252 publicavit
752 1185 811 1243 in
842 1191 1012 1249 tertio
1038 1194 1305 1268 Corporis
1347 1203 1703 1278 apologetar.
1736 1179 1902 1266 libri-

248 1266 492 1325 stianor.
514 1273 708 1329 saeculi
732 1280 977 1336 secundi
999 1266 1294 1343 volumine
1316 1306 1351 1345 a
1372 1266 1427 1362 ῥ.
1447 1266 1704 1367 156.207,
1722 1298 1813 1355 ed.
1830 1299 1899 1356 II.

248 1355 454 1413 Denuo
482 1374 607 1416 eam
642 1363 841 1422 nimiis
872 1372 929 1424 et
949 1372 1163 1444 saepius
1186 1380 1277 1432 sat
1296 1379 1637 1452 vulgaribus
1654 1386 1901 1458 explica-

246 1444 512 1504 tionibus
544 1449 890 1513 instructam
922 1460 1102 1517 edidit
1132 1462 1289 1536 Lips.
1326 1444 1484 1525 1812.
1520 1470 1598 1527 De
1630 1444 1745 1546 qua
1775 1444 1900 1533 edi-

245 1532 408 1590 tione
439 1538 577 1608 quid
609 1542 983 1603 sentiendum
1011 1549 1107 1621 sit,
1143 1553 1382 1612 uberius
1415 1560 1802 1631 explicuimus
1838 1566 1898 1622 in

242 1623 463 1680 Annal.
493 1627 768 1703 Theolog.
806 1633 1128 1695 Vindobon.
1163 1642 1271 1699 vol.
1319 1648 1414 1715 VI,
1454 1623 1598 1706 fasc.
1633 1668 1672 1722 ι,
1706 1670 1762 1725 p.
1799 1655 1900 1710 130

244 1728 419 1784 seqq.

323 1800 445 1856 Cot.
481 1803 636 1874 1168,
673 1806 802 1864 1.21
839 1812 992 1869 mala
1048 1822 1137 1873 est
1180 1820 1381 1893 Steph.
1425 1828 1760 1898 conjectura
1804 1831 1895 1886 τὸν

240 1886 474 1961 κόσμον.
508 1894 587 1948 Cf.
621 1899 879 1971 Krueger
909 1904 979 1957 ad
1031 1906 1260 1980 Dionys.
1283 1886 1552 1971 llalicar:
1575 1917 1655 1973 De
1704 1937 1894 1994 comp.

240 1979 405 2034 verb.
439 1999 496 2052 p.
522 1982 625 2038 454
665 2002 829 2060 seqq.
866 1995 922 2045 et
952 1992 1135 2050 Kueh.
1170 1979 1265 2054 Gr.
1299 2000 1392 2056 Gr.
1429 2003 1586 2076 §454
1615 1979 1893 2066 Anmerli.

242 2072 291 2123 t.
328 2073 401 2134 ΙΙ,
436 2087 490 2141 p.
525 2072 647 2127 129.

322 2157 366 2211 1.
396 2160 467 2212 27
524 2165 770 2220 emenda
803 2183 816 2221 :
851 2167 1201 2247 ἀποδέχομαι
1254 2196 1351 2243 te;
1384 2198 1519 2239 nam
1557 2205 1616 2259 γε
1647 2186 1705 2243 h.
1739 2188 1779 2243 l.
1814 2189 1896 2244 ni-

241 2244 333 2300 hil
360 2246 689 2319 signiﬁcare
718 2259 924 2325 potest.
958 2244 1190 2319 Etcum
1224 2284 1295 2322 ne
1327 2268 1501 2327 bruta
1530 2244 1766 2343 quidem
1799 2295 1891 2335 so-

242 2351 359 2389 nos
392 2336 535 2392 nihil
558 2340 957 2412 significantes
988 2350 1159 2408 edere
1186 2355 1486 2415 verissime
1509 2361 1722 2420 alicubi
1743 2366 1889 2425 God.

242 2422 619 2483 llermannus
644 2430 870 2505 dixerit,
902 2456 959 2490 τε
990 2442 1430 2503 rescribendum
1471 2455 1580 2520 est,
1615 2456 1768 2525 quod
1799 2473 1889 2514 se-

242 2514 447 2584 quenti
480 2513 567 2567 καὶ
600 2524 967 2591 respondeat.

320 2599 461 2702 ibid.
505 2605 656 2661 male
688 2612 952 2669 nonnulli
984 2618 1161 2688 genit.
1196 2632 1356 2696 προθ.
1393 2624 1466 2680 ab
1497 2627 1717 2685 omissa
1750 2650 1890 2702 praa-

245 2706 376 2760 pos.
409 2685 564 2746 ἕνεκα
592 2704 862 2768 repetunt
894 2718 908 2757 :
942 2685 1012 2759 tu
1038 2706 1109 2761 cf.
1142 2685 1324 2767 lexica
1356 2713 1414 2769 in
1436 2731 1488 2769 v.
1521 2714 1889 2795 ἀποδέχομαι.

324 2777 364 2833 Ι.
396 2781 467 2835 50
496 2782 565 2838 de
589 2782 663 2845 ὡς
690 2802 820 2843 curn
853 2788 1067 2849 inﬁnit.
1100 2802 1432 2858 constructo
1485 2806 1557 2860 cf.
1602 2777 1801 2865 Winer
1830 2777 1887 2883 pl

248 2866 360 2922 376
389 2870 481 2925 ed.
515 2874 582 2926 v.
614 2876 741 2931 Otto
770 2893 874 2948 pro
905 2878 963 2933 ἃν
997 2880 1220 2939 ἀκοῦσαί
1250 2907 1307 2941 σε
1336 2893 1572 2964 scripsit
1594 2895 1684 2950 τὸν
1735 2866 1893 2952 amis;

247 2973 452 3026 σαντα;
486 2958 782 3017 ἀκούσαντα
810 2966 927 3023 iam
988 2971 1185 3045 Steph.
1220 2978 1486 3037 coniecit.
1523 2985 1661 3057 Dein
1719 2985 1891 3059 λυπη-

248 3048 407 3110 θῆναι
438 3047 816 3110 Hoil'msnnus
844 3059 998 3127 apud
1029 3060 1210 3118 Hefel.
1243 3065 1366 3123 Pat.
1396 3086 1488 3142 ap.
1522 3053 1760 3146 χρὴ,οώ
1794 3047 1868 3134 lli

235 3148 405 3202 paena
434 3137 587 3207 afﬁci
615 3143 914 3200 transfert.

313 3222 430 3277 Col.
466 3224 624 3297 1169,
656 3226 695 3282 l.
731 3231 799 3286 '18
828 3226 1051 3289 ἕκαστον
1102 3238 1184 3295 ita
1236 3244 1440 3314 Bmhl.,
1494 3248 1698 3318 118161.,
1731 3257 1881 3312 Otto.

313 3311 357 3364 Ι.
390 3312 460 3367 19
508 3313 643 3370 Post
688 3315 894 3392 ἑκάστῳ
945 3325 1226 3384 eecidisse
1273 3332 1345 3387 ob
1398 3311 1883 3400 homoeoteleuton

237 3396 316 3458 ὡς
350 3398 391 3454 Ι.
427 3398 467 3456 l.
490 3404 773 3476 suspicati
804 3426 1050 3481 sumus;
1086 3417 1185 3473 sed
1218 3436 1332 3477 non
1363 3439 1510 3495 opus
1542 3432 1631 3483 est
1660 3445 1727 3486 ea
1755 3448 1881 3504 par-

234 3486 440 3543 ticula.

306 3576 348 3631 Ι.
377 3578 447 3632 28
474 3576 659 3635 τέλεον
693 3579 739 3637 δ’
769 3583 953 3651 αὐτοῖς
987 3593 1227 3652 restitue
1252 3614 1319 3654 ex
1349 3602 1516 3659 codd.
1575 3609 1812 3680 Argent.
1847 3628 1879 3668 a

228 3664 498 3723 Cunitzio
529 3668 588 3724 in
620 3670 847 3732 Ottonis
880 3694 1052 3736 usum
1086 3682 1314 3742 collato.

305 3754 348 3809 Ι.
381 3755 451 3809 33
480 3757 649 3830 vulgo
680 3763 830 3820 male
857 3764 1171 3843 ἀργυρέους.

306 3843 350 3898 Ι.
380 3844 452 3899 39
482 3848 670 3904 scribe
704 3867 718 3905 :
749 3871 830 3914 τις
861 3856 932 3911 cf.
969 3858 1151 3916 Kueh.
1184 3861 1222 3917 Ι.
1258 3865 1305 3922 Ι.
1336 3870 1406 3934 ΙΙ,
1441 3886 1497 3940 p.
1537 3870 1627 3928 56.

305 3935 444 3987 Pen.
479 3932 674 3989 οὐκοῦν
707 3940 779 3996 cf.
813 3942 1099 4004 Kuehneri
1133 3967 1356 4010 excurs.
1508 3961 1578 4015 ad
1612 3962 1871 4037 Xenoph.

232 4028 600 4089 Memorabil.

302 4118 418 4173 Col.
456 4120 593 4176 1172
622 4123 659 4180 l.
693 4128 728 4181 2
757 4125 852 4182 κᾶν
903 4148 1007 4203 pro
1051 4133 1140 4189 καὶ
1190 4144 1343 4198 recte
1383 4159 1581 4219 apogr.
1616 4151 1785 4209 Beur.
1820 4162 1874 4211 et

226 4207 358 4261 cod.
389 4209 627 4281 Argent.

300 4295 345 4350 Ι.
382 4297 447 4350 12
495 4304 743 4374 φρονοῖεν
793 4303 851 4359 ἃν
899 4309 1117 4368 coniec.
1151 4315 1384 4388 Hoil'm.,
1417 4324 1517 4379 sed
1570 4323 1869 4385 ἀνταπόδο-

220 4400 316 4436 τον
342 4383 399 4439 h.
433 4385 637 4474 llesse
668 4392 785 4448 iam
816 4394 960 4453 vidit
989 4400 1188 4473 Steph.
1223 4383 1587 4470 Glossemata
1623 4433 1752 4474 esse
1779 4383 1867 4474 is:

222 4476 357 4542 post
414 4467 585 4529 σέϐειν
644 4485 700 4535 et
752 4489 966 4557 φρονεῖν
1024 4467 1155 4546 11.“1.
1190 4494 1485 4568 diximus;
1518 4501 1591 4564 ὡς
1638 4522 1741 4577 pro
1790 4506 1866 4571 εἷς

219 4565 357 4616 ante
386 4562 502 4616 νεὸν
537 4568 783 4627 coniecit
813 4572 965 4631 Otto.

293 4648 336 4703 Ι.
366 4650 437 4705 26
468 4657 910 4719 emendavimus
941 4663 979 4745 Ι.
1008 4666 1052 4721 Ι.
1084 4671 1189 4723 τῶν
1225 4675 1341 4733 τοῖς
1382 4682 1587 4754 κωφοῖς
1636 4682 1735 4751 τήν
1770 4684 1865 4740 αὗ-

213 4736 318 4805 τήν
374 4736 789 4815 ἐνδεικνυμένων
832 4771 889 4827 φ.
946 4740 1054 4806 ’ἑῶν
1109 4758 1184 4828 μή
1246 4736 1554 4834 δυναμένὶυν
1602 4771 1699 4841 (cf.
1740 4774 1865 4830 Wi-

215 4842 324 4881 ner
380 4846 434 4900 p.
494 4832 600 4887 236
647 4838 918 4895 Anmerk.
952 4844 1042 4898 ed.
1075 4845 1167 4919 V.)
1198 4866 1246 4904 τ.
1274 4870 1324 4904 τ.
1362 4832 1860 4929 μεταλαμϐάνειν...

214 4916 300 4984 τῷ
331 4915 432 4986 (ita
461 4919 575 4976 iam
604 4924 824 5009 steph.)
856 4925 921 4996 δή
955 4932 1087 5003 (hoc
1117 4915 1173 4991 et
1202 4915 1371 5009 Otto)'
1389 4948 1496 4999 etc.

287 5004 327 5058 Ι.
361 5005 430 5059 30
460 5006 584 5080 lege
616 5008 761 5066 ἀλλὰ
795 5016 900 5086 μὴν
960 5018 1021 5073 τό
1078 5041 1137 5076 τε
1194 5004 1367 5100 περι..
1404 5072 1417 5084 .
1455 5072 1468 5086 .
1504 5030 1721 5099 οὐδενὸς
1762 5040 1864 5111 (ita

213 5092 343 5148 cod.
376 5099 642 5169 Argent.)
673 5099 981 5179 ἄξιαλόγου,
1019 5107 1079 5161 οὐ
1110 5092 1292 5183 (quod
1342 5125 1578 5191 propter
1605 5092 1861 5184 homda—o:

2082 1395 2122 1451 1.
2155 1398 2227 1454 32
2255 1404 2614 1466 verisissima
2644 1420 2732 1470 est
2760 1416 2984 1479 Marani
3015 1427 3377 1504 coniectura;
3392 1440 3658 1515 perfrigi-

2082 1503 2149 1515 ...η
2196 1492 2248 1515 ..ι
2278 1492 2453 1515 ..ε-..ι-
2486 1496 2501 1515 ι
2858 1509 2891 1515 ’ν

2011 1484 2152 1542 dum
2194 1492 2251 1544 et
2278 1492 2456 1551 nimis
2485 1496 2657 1573 longe
2688 1509 3003 1575 quasitum
3034 1522 3121 1572 est

2010 1579 2266 1633 mentem
2299 1584 2475 1639 venit.

2078 1664 2194 1719 Col.
2230 1668 2458 1737 1176,].
2492 1676 2564 1730 32
2620 1677 2977 1753 πλεονάζουσι
3030 1694 3101 1750 de
3159 1699 3501 1762 Christianis
3557 1708 3647 1765 in-

2005 1754 2168 1809 terne
2197 1763 2616 1834 crescentibus,
2657 1787 2740 1826 sc.
2773 1777 3112 1850 virtutibus,
3144 1789 3393 1859 explicat
3422 1798 3573 1853 Otto.

2080 1841 2126 1942 Ι..
2156 1845 2223 1899 43
2255 1845 2475 1950 ἀλτέίὶῷς
2508 1858 2663 1950 quod
2694 1868 2825 1931 post
2850 1864 3007 1929 αὐτὸς
3039 1841 3650 1950 ῑγροδὲδρὶῖοῶἔινὲη-

2006 1932 2167 1987 curia
2199 1951 2265 1990 ex
2294 1938 2651 2002 editionibus
2681 1952 2916 2020 excidit,
2940 1974 3008 2014 ex
3038 1932 3235 2021 codice
3259 1932 3492 2042 Arrgent.
3516 1976 3647 2035 Otto

2004 2018 2063 2073 in
2096 2024 2253 2078 textu
2285 2033 2435 2084 recte
2466 2037 2742 2104 reposuit.

2074 2110 2117 2253 ξ
2152 2111 2217 2166 44
2250 2118 2483 2175 Rectius
2512 2118 2749 2198 ἐνίδρυσε
2777 2147 2945 2207 apog.
2980 2137 3147 2198 Beur.
3169 2148 3226 2199 et
3254 2148 3381 2207 cod.
3406 2156 3641 2223 Argent.

2120 2200 2297 2253 ibent-

2003 2200 2297 2259 exhibent.

2073 2290 2190 2344 Col.
2222 2294 2378 2364 1177)
2408 2296 2444 2352 1.
2481 2298 2552 2354 16
2580 2301 2642 2355 οὐ
2679 2311 2872 2376 μενοῢν
2904 2318 3189 2376 rescribas
3222 2339 3357 2381 cum
3388 2328 3634 2391 Hefelee.

2073 2395 2115 2449 Ι.
2148 2396 2218 2495 19
2245 2398 2378 2462 Quae
2412 2408 2905 2495 typographorum
2928 2419 3155 2480 incuria
3171 2430 3640 2495 exciderantver-

1924 2494 1972 2557 B
2004 2482 2116 2538 ba:
2151 2480 2356 2560 ἔπεμψε
2389 2522 2455 2535 —
2486 2488 2720 2569 διωκῶν,
2754 2508 2907 2560 recte
2945 2524 3101 2566 nunc
3131 2513 3190 2568 in
3235 2520 3433 2577 sedem
3467 2540 3637 2584 suam

2002 2573 2272 2630 restituta
2302 2584 2460 2636 sunt.
2502 2584 2636 2640 Dein
2682 2595 2969 2662 κρινοῦντα
3015 2606 3167 2658 recte
3215 2608 3461 2666 coniecit
3511 2615 3637 2672 Ste-

2001 2659 2251 2730 phanus.
2287 2665 2418 2723 Mox
2446 2668 2862 2749 πλεονάζοντας,
2897 2686 3099 2743 eodem
3132 2695 3323 2766 modo,
3360 2703 3423 2754 ut
3460 2719 3641 2774 supra

2002 2748 2084 2774 ..ΑΙ
2147 2752 2277 2774 Αι-ηο
2327 2755 2340 2774 1
2398 2759 2464 2774 οη
2621 2764 2653 2774 ··
2895 2770 2906 2774 ³

2000 2748 2109 2803 col.
2146 2752 2361 2850 1176.
2396 2759 2483 2850 33,
2505 2764 2792 2834 explicare
2823 2770 3003 2829 voluit
3031 2748 3443 2844 Otto.lni'1:a_in

2002 2855 2126 2909 cap.
2160 2857 2261 2897 vm
2289 2841 2612 2913 ἀξιοπίστων
2646 2854 2864 2914 ironice
2896 2861 3114 2922 dictum
3145 2886 3273 2928 esse
3302 2882 3456 2934 recte
3485 2881 3643 2939 vide-

2002 2933 2141 2984 runt
2171 2929 2536 3004 interpretes.

2070 3020 2187 3073 C°'-
2246 3020 2405 3091 “80,
2458 3025 2496 3079 ¹-
2555 3030 2591 3083 5
2643 3031 2731 3085 κιαιἶ
2763 3032 2957 3109 ἀγανὸς
3006 3043 3109 3114 (;;
3139 3049 3321 3124 mitis)
3345 3054 3433 3108 καὶ
3474 3055 3635 3137 ἀόργ.

2070 3106 2408 3137 ια’ννιηηκη...
2450 3117 2657 3137 --_:_,-
2792 3128 2839 3137 --
2882 3128 2902 3137 ι.
2933 3129 2946 3137 .
3068 3135 3080 3137 _
3118 3136 3127 3137 ,
3162 3136 3171 3137 ,

1872 3122 1886 3149 ν
1996 3105 2412 3167 Hoﬂ‘mannum
2445 3117 2759 3177 coniecisse
2789 3105 2984 3185 Hefele
3010 3105 3083 3188 ad
3115 3136 3197 3192 bl.

2069 3214 2109 3269 Ι.
2150 3216 2184 3269 8
2212 3216 2338 3272 loco
2366 3219 2428 3286 ἢν
2461 3224 2588 3280 Otto
2617 3226 2754 3283 velit
2780 3230 2979 3304 ταύτην
3022 3241 3305 3315 scriptum
3338 3264 3485 3309 esse.

2065 3301 2106 3357 Ι.
2138 3303 2208 3358 23
2233 3303 2611 3380 ἀπαγομένους
2642 3332 2710 3372 ex
2756 3322 2882 3378 cod.
2931 3301 3168 3400 Argenti
3220 3301 3629 3401 rectore-scri-

1992 3392 2110 3463 psit
2141 3392 2293 3450 Otto.
2353 3413 2485 3455 cum
2543 3407 2600 3458 et
2630 3405 2796 3466 Beur.
2851 3392 3049 3489 apogr.
3082 3392 3633 3499 araneus—vota}-

1990 3480 2141 3538 beat.

2059 3574 2101 3625 Ι.
2133 3572 2204 3626 25
2229 3572 2319 3626 τὸν
2351 3579 2439 3630 νῦν
2474 3585 2624 3637 recte
2651 3583 2846 3645 Hefele
2877 3598 3189 3669 rescripsit.

2059 3661 2101 3714 Ι.
2134 3661 2204 3715 35
2262 3666 2484 3723 scribas
2542 3673 2869 3736 nobiscum.
2905 3725 2917 3739 .
2945 3721 2961 3740 .
3001 3661 3223 3761 δύναμιν
3260 3733 3274 3749 .
3310 3736 3323 3751 .
3359 3737 3373 3752 .
3407 3697 3481 3760 ὡς
3526 3700 3628 3772 (=

3546 3744 3627 3754 —

1985 3750 2414 3851 quoniamlrﬁc
2449 3752 2601 3811 ὑπεϐ.
2637 3761 2753 3838 φιλ.
2790 3766 2886 3838 μία
2913 3769 3092 3846 ἀγάπη
3126 3750 3479 3850 (subiectum
3527 3750 3628 3851 Κῶ

1907 3853 1949 3921 C
1985 3837 2144 3945 verbi
2190 3837 2477 3945 ,ἰείσῖησεη
2536 3837 2670 3922 etc.)
2726 3837 2823 3907 τοῦ
2881 3868 2929 3920 θ.
2961 3837 3259 3937 οὐκ-ἐμίσ.
3499 3837 3625 3934 055i

1986 3922 2114 3993 ἀπ.,
2150 3924 2273 3981 οὗδὲ
2329 3927 2449 4002 ἐμν.
2487 3937 2811 4036 «ωιίοηάοε-
2858 3948 2928 4001 ad
2986 3922 3463 4036 polys‘yndetion)‘:

1984 4010 2200 4088 ἐμακρ.,
2235 4016 2453 4092 ἠνεσχ.,
2487 4020 2621 4077 ἑκὼν
2654 4028 2741 4083 vel
2793 4010 3003 4089 ἐθέλων
3053 4010 3170 4111 (ἐῆν
3204 4010 3626 4126 ὖυὲῐ-Ἳέχὲὶοὲ.

1983 4105 2123 4156 rect.
2151 4104 2251 4158 fid.
2284 4122 2337 4161 c.
2380 4108 2439 4162 11
2468 4126 2481 4177 ;
2518 4115 2687 4169 codd.
2721 4122 2778 4173 et
2829 4123 2960 4179 edd.
2994 4104 3188 4203 λὲλίων,
3242 4104 3623 4206 mam—$5;

1982 4189 2274 4300 (attendas
2306 4196 2373 4249 ad
2410 4199 2668 4257 subitam
2700 4208 2949 4267 subiecti
2982 4189 3617 4300 mutationemllr."i;.';

1979 4273 2274 4347 ἀνεδέξατο·
2308 4281 2467 4346 αὐτὸς
2518 4288 2787 4359 (fortasse
2836 4315 2904 4355 ex
2941 4273 3419 4374 antecedentibus
3472 4273 3622 4377 male

1978 4365 2072 4420 hic
2103 4371 2437 4445 repetitum)
2456 4374 2571 4448 τὸν,
2603 4385 2712 4436 etc.

2047 4456 2164 4511 Col.
2230 4460 2355 4515 1181
2419 4464 2461 4519 Ι.
2518 4466 2589 4521 20
2644 4467 2931 4548 ἐπίγνωσιν
2990 4485 3195 4559 πατρός
3242 4492 3373 4562 (hoc
3412 4500 3612 4555 vocab.

1980 4542 2191 4601 habent
2216 4564 2415 4623 apogr.
2447 4556 2614 4611 Beur.
2650 4564 2706 4615 et
2744 4542 2868 4621 cod.
2910 4542 3193 4649 Argent.):
3225 4542 3618 4658 ὀᾜάῥξνᾶᾎί

2048 4650 2087 4705 1.
2118 4653 2188 4707 23
2216 4652 2282 4755 re
2308 4652 2362 4756 ἐν
2391 4657 2462 4729 τῇ
2489 4662 2582 4735 γῇ,
2617 4663 2697 4721 ita
2749 4681 3042 4741 praeeunte
3084 4682 3302 4756 Bochl.,
3338 4650 3447 4761 tu}
3476 4697 3533 4747 et
3564 4690 3615 4747 ἐν

1975 4736 2119 4810 αὐτῷ
2149 4744 2412 4815 coniecit,
2447 4752 2668 4809 textum
2696 4736 3375 4832 constituerunt—G—tta’e‘t
3403 4779 3615 4839 Hefele.

1973 4830 2101 4884 Mox
2131 4846 2198 4886 ex
2228 4848 2419 4891 errore
2448 4841 2792 4917 typograpb.
2830 4846 3013 4927 λόγιον
3047 4858 3169 4916 loco
3202 4830 3371 4939 λόγον

1974 4918 2099 4972 rani
2131 4920 2445 4980 editionem
2476 4928 2806 5004 irrepserat,
2827 4918 2974 5009 quod
3000 4945 3124 5003 iure
3149 4918 3472 5012 correctum
3503 4963 3611 5015 est.

2046 5025 2089 5079 Ι.
2125 5027 2192 5080 40
2226 5028 2347 5084 loco
2377 5028 2475 5084 ὅσα
2506 5034 2620 5091 iam
2654 5056 2804 5099 anno
2834 5045 2994 5119 4843,
3019 5069 3152 5109 cum
3187 5059 3439 5128 primum
3462 5062 3614 5120 hanc

1972 5112 2279 5183 epistolam
2305 5116 2675 5198 legissemus,
2710 5126 2786 5201 ὃς,
2820 5130 2853 5184 ἃ
2882 5143 3315 5202 emendandum
3373 5166 3501 5206 esse
3532 5152 3616 5207 vi-

208 5178 471 5238 teleuton
502 5188 787 5246 excidisse
810 5178 927 5250 iam
954 5197 1098 5254 vidit
1119 5178 1859 5281 Stephan.)~:opl§w.6;od

208 5268 257 5306 .i
295 5271 383 5306 ρης
413 5288 524 5306 κη..
554 5274 832 5306 ..ι.........ε.
874 5281 1018 5306 .-_-.
1110 5288 1123 5306 ς
1168 5290 1182 5306 ι
1416 5300 1425 5306 ,
1580 5301 1611 5306 ,.
1697 5302 1709 5306 -

2013 5178 2025 5183 -
2362 5178 2395 5191 υ
2595 5178 2675 5198 τίη
2718 5178 2786 5201 νη
2821 5178 2852 5184 -
2882 5178 3315 5202 νιυυυυιαυυυιυ
3373 5178 3501 5206 ηυδε
3535 5178 3616 5207 νι-

2014 5200 2390 5275 imus:quam
2414 5211 2805 5274 coniecturam
2840 5225 3008 5282 nobis
3040 5236 3309 5306 praecepit
3332 5254 3441 5292 van
3464 5243 3616 5296 Hen-

205 5268 259 5324 si
295 5271 386 5324 cui
412 5288 527 5328 non
554 5274 1023 5357 placuerit,leget
1056 5288 1130 5358 μή
1164 5268 1315 5361 (quae
1343 5268 1434 5350 est
1466 5268 1860 5369 particula—in:

1968 5289 2080 5361 gel,
2108 5290 2195 5346 vir
2226 5295 2393 5352 nobis
2426 5300 2767 5363 carissimus
2798 5316 2855 5366 et
2884 5317 3135 5375 maxime
3166 5323 3615 5385 amicus.Verba

204 5359 587 5434 terrogativa)
618 5363 740 5424 loco
776 5369 883 5440 μήν
915 5377 974 5429 et
1004 5382 1179 5447 ponet
1206 5359 1349 5450 ipost
1393 5359 1580 5453 μαίὶεῖν
1623 5359 1860 5463 signum

204 5443 686 5477 ;_.,....w.-.:-_:_

2065 5359 2072 5361 ν
2707 5359 2764 5363 ..τ
2801 5359 2854 5366 -v
2884 5359 3135 5375 ...κω-ων
3166 5359 3409 5382 ιιιιιιυυΰ.
3439 5359 3610 5385 νσιυα

2013 5381 2132 5431 ιῦτα
2163 5378 2305 5437 ἐπιδ.
2337 5404 2389 5439 κ.
2431 5386 2656 5448 incuria
2704 5400 3041 5475 typograph.
3095 5408 3153 5464 in
3203 5414 3339 5469 edit.
3386 5416 3610 5477 Maran.

202 5443 708 5521 interrogationis.

278 5536 325 5593 Ι.
484 5545 761 5627 emendes
822 5550 992 5608 nobis
1050 5558 1449 5625 praeeuntibus
1497 5567 1615 5626 πῶς
1650 5564 1742 5623 οὖν
1770 5568 1855 5625 0t-

204 5642 302 5702 μις
358 5620 506 5699 leni;
541 5626 694 5705 quod
751 5640 809 5696 et
864 5620 1133 5702 Ottonem
1190 5648 1506 5711 coniecisse
1559 5620 1847 5721 videmus.

1967 5469 2187 5524 omissa
2218 5478 2370 5528 recte
2404 5474 2459 5531 in
2494 5480 2690 5537 sedem
2724 5502 2887 5544 suam
2926 5496 3195 5554 restituta
3227 5507 3381 5559 sunt.

2037 5574 2155 5679 Col:
2190 5576 2213 5632 4
2360 5579 2399 5637 1.
2431 5582 2467 5636 2
2487 5580 2563 5645 εἰς
2591 5586 2655 5641 τὸ
2684 5588 2766 5663 (τὸ
2796 5593 2969 5655 habet
2997 5608 3147 5661 recte
3176 5609 3304 5665 cod.
3339 5611 3603 5689 Argent.)

1964 5657 2070 5739 πῦρ
2100 5662 2162 5719 τὸ
2194 5664 2435 5729 αἰώνιον.
