3998 6348
539 369 693 445 1303
2042 366 2118 425 Al

2331 367 2441 424 )A.
3504 143 3910 427 ἐδδ

612 501 652 553 Ι.
684 499 713 551 4
744 515 875 553 cum
912 498 967 553 in
1002 499 1197 554 codice
1230 502 1465 571 Argent.
1492 498 1714 570 aliquot
1742 497 2006 553 vocabuli
2042 496 2177 568 πρὸς

2334 496 2468 552 itam
2503 494 2605 550 ὑπό
2636 516 2694 551 τε
2721 499 2818 550 τοῖ’)
2849 496 3066 569 recepit
3092 496 3151 553 in
3174 500 3393 553 textum
3419 497 3636 578 Hefele.
3659 498 3913 567 Denique.

534 587 780 659 vestigia
811 589 999 642 adhuc
1031 593 1366 659 appareant,
1384 594 1535 643 recte
1558 589 1689 643 Otto
1709 586 1771 639 τὸ
1798 589 1902 661 πῦρ
1924 586 1985 638 τὸ
2016 587 2113 659 πρέ

2366 587 2408 639 l.
2440 586 2500 639 2i
2543 584 2707 659 αἱρῶν
2741 587 2893 659 quod
2921 591 2975 641 et
3007 603 3112 641 nos
3146 586 3311 655 olim,
3346 603 3476 641 cum
3538 574 3710 641 Bbur.
3769 604 3914 659 apog.

533 696 718 750 καιρον
748 676 805 730 in
840 680 996 731 textu
1030 676 1350 731 collocavit.
2290 670 2425 747 ὲρῶν
2479 674 2798 742 exhiberet,
2853 675 3232 740 coniecimus,
3281 675 3409 730 Otto
3465 691 3703 746 quoque
3750 677 3922 730 conie-

606 770 649 819 I.
683 766 742 819 2-4
782 761 1009 824 παλαιός
1046 770 1101 819 et
1130 765 1256 819 cod.
1294 768 1527 836 Argent.
1561 765 1811 819 exhibet.
2290 767 2454 818 ctura
2484 768 2789 819 assecutus
2811 768 2917 833 est,
2941 764 3080 835 quia
3111 767 3215 837 ρῶν
3251 764 3311 818 in
3344 764 3471 819 cod.
3494 766 3717 835 Argent
3747 764 3917 819 adhuc

500 872 503 873 '
606 858 647 907 ῐ.
682 854 787 909 ult.
807 854 957 907 male
988 852 1039 905 οἱ
1070 853 1324 907 deletum
1356 852 1537 908 voluit
1567 854 1949 908 Maranusztu
1983 857 2174 908 trans-
2288 868 2595 924 superesse
2622 856 2679 907 et
2708 854 2855 907 duas
2878 857 3103 907 tantum
3128 851 3353 907 litteras
3376 857 3509 907 ante
3531 856 3640 925 ρῶν
3664 852 3919 909 evanidus

533 944 705 1011 feras,
737 941 951 1013 quippe
983 942 1081 1014 qui
1115 942 1249 997 facti
1284 941 1432 997 sitis.
1468 942 1655 997 Verba
1686 958 1697 997 :
1731 960 1892 1015 παγκ.
1924 982 1936 995 .
1966 982 1978 995 .
2008 984 2020 996 .
2055 940 2174 993 ὲαυ-
2286 957 2415 996 esse
2446 940 2559 1012 ipsi
2590 941 2926 996 nuntiatum
2956 944 3101 996 erat.

530 1036 651 1091 τοῖς
685 1047 799 1103 quo
826 1031 998 1087 modo
1028 1028 1303 1091 ποικίλοις
1331 1050 1384 1085 κ.
1428 1035 1551 1087 Κεκ.
1614 1029 1749 1085 facti
1808 1030 1925 1085 sint
1980 1033 2104 1085 oste

2356 1029 2483 1084 Haec
2516 1046 2719 1102 pauca,
2744 1047 2871 1102 qua:
2899 1030 2971 1085 ab
3005 1030 3249 1085 honesto
3290 1034 3345 1084 et
3384 1031 3699 1085 reverendo
3756 1030 3912 1086 huius

533 1120 850 1191 dunt;qua3
874 1120 999 1175 dum
1018 1120 1317 1176 sententiae
1337 1118 1707 1193 participales
1724 1134 1959 1174 causam
1985 1123 2177 1173 osten-
2286 1118 2417 1174 libri
2450 1119 2669 1175 editore
2699 1118 2907 1191 rogati,
2937 1118 3075 1191 ipsi,
3098 1118 3399 1174 nonnullis
3428 1119 3486 1173 in
3523 1119 3651 1191 ipsa
3678 1119 3910 1176 editione

531 1208 694 1275 dunt,
728 1223 797 1263 ex
855 1224 971 1279 qua
1015 1207 1155 1263 illud
1190 1206 1240 1261 oi
1287 1227 1400 1281 γεν.
1438 1252 1451 1264 .
1483 1248 1496 1261 .
1534 1248 1546 1261 .
1578 1226 1663 1281 τρ.
1696 1206 1990 1280 procedat.
2027 1206 2174 1264 Loco
2284 1208 2557 1266 correctis
2588 1208 2645 1263 in
2678 1224 2926 1280 eamque
2969 1207 3208 1273 additis,
3238 1207 3634 1280 imprimenda
3683 1209 3908 1264 tradidi-

527 1300 733 1371 τρυφῆς
766 1296 1182 1352 Hoil‘mannum
1238 1293 1435 1372 τρύγης
1468 1297 1555 1369 (=
1590 1296 1821 1367 messis)
1856 1294 2173 1352 coniecisse
2284 1314 2438 1366 mus,
2473 1297 2532 1352 in
2565 1314 2820 1369 praesens
2855 1296 3173 1352 sufﬁciant.
3206 1296 3351 1351 Nam
3384 1312 3496 1367 quo
3528 1296 3727 1352 minus
3758 1296 3907 1369 plura

528 1385 703 1440 refert
732 1386 947 1443 Hefele.
2283 1402 2461 1459 eaque
2491 1386 2760 1441 uberiora
2819 1402 2973 1441 nunc
3022 1386 3164 1442 dare
3209 1385 3528 1457 possimus,
3563 1385 3764 1442 multis
3791 1386 3904 1441 aliis

598 1474 714 1545 Col,
751 1475 891 1529 1185
918 1474 955 1529 l.
986 1476 1048 1529 17
1080 1475 1549 1531 emendationem
1579 1493 1611 1531 δ.
1644 1475 1811 1532 nobis
1834 1476 1873 1534 l.
1902 1479 2171 1551 l.propo-
2284 1475 2531 1547 negotiis
2562 1474 2961 1547 prohibemur.

1772 3299 1972 3358 FlNlS
2015 3299 2208 3359 TUMI
2254 3299 2610 3361 SECUNDI.

1574 5700 1756 5753 Sancti
1783 5701 2030 5755 Amnndl.
2056 5730 2115 5741 —
2152 5704 2225 5755 Ex
2255 5706 2395 5769 typis
2424 5707 2780 5762 DESTENAY.
