1945 3101
247 127 276 156 Η
685 130 714 158 S.
735 130 928 159 CLEMENTIS
948 130 957 157 ι
976 131 1058 159 ROM.
1077 131 1176 160 PONT.
1193 132 1307 161 OPERA
1327 133 1443 162 DUBIA.
1842 134 1874 161 ιε

245 188 287 215 sui
299 188 487 215 imitationem.
499 187 585 216 liabet
598 189 669 216 enim
681 189 708 216 in
720 197 749 217 se
758 188 875 222 Patrem,
884 193 909 217 et
919 189 1026 223 Filium,

1082 190 1148 217 κόνα
1164 191 1282 225 γεγονὼς
1298 191 1366 218 Θεοῦ
1379 191 1427 218 καὶ
1440 190 1500 218 καθ’
1514 190 1643 227 ὁμοίωσιν
1655 213 1663 225 ,
1680 190 1758 227 φέρει
1772 191 1802 218 ἐν
1817 191 1864 219 luo

245 240 273 262 et
288 234 429 270 Spiritum.
444 234 476 262 Et
491 235 535 263 aio
553 243 608 271 quo
620 235 712 263 modo.
727 235 804 264 Mens
817 236 926 271 quidem
938 236 1029 264 locum

245 280 333 310 Patris
355 282 477 315 obtinet;
502 282 561 309 Filii
584 290 659 315 vero,
681 282 727 318 qui
749 290 782 310 ex
807 287 897 310 mente
911 282 1030 318 gignitur

244 335 334 356 sermo
347 329 474 361 interior;
490 333 518 356 at
530 336 591 364 qua:
601 329 711 356 auditur
722 336 773 356 vox
787 328 959 364 prolationis,
968 328 1030 364 Spi-

244 374 327 401 ritum
343 380 528 410 reprazsenlat.
549 375 583 402 Et
598 375 670 403 sicut
690 382 830 410 nunquam
852 374 946 402 existit
968 379 1030 402 ante

244 428 398 449 sermonem
426 421 564 449 internum
594 429 671 449 mens
691 429 751 457 qua:
772 422 848 448 illum
868 422 972 457 gignit:
993 423 1030 450 ita

243 476 294 496 nec
308 473 371 495 ante
385 467 470 495 Deum
494 467 624 501 Verbum,
651 468 696 503 qui
735 469 828 503 genuit
848 468 925 502 illud,
940 468 1028 496 Pater.

244 513 277 541 Et
299 514 414 546 iterum,
436 514 506 542 sicut
527 521 617 542 sermo
639 514 777 542 senstbilis
794 522 846 542 non
863 514 955 542 existit
968 519 1030 542 ante

242 560 399 587 sensihilcm
410 565 531 587 nostrum
544 560 681 595 spiritum,
696 560 732 587 ita
747 568 796 587 nec
812 560 883 587 Deus
898 559 1029 593 Verbum,

242 610 305 633 ante
319 605 440 633 divinum
453 613 486 633 ac
497 605 634 634 vivilicum
652 607 782 641 Spiritum
795 615 802 638 ;
816 607 887 634 sicut
906 611 932 634 et
946 614 1029 641 supe-

241 653 299 680 rius
310 652 464 687 exemplum
482 652 688 680 demonstravit.
703 652 850 688 Paucisque
867 653 1028 688 inter-jectis:

242 698 271 726 Si
284 699 367 733 enim,
381 699 426 726 lux
439 699 561 734 quidem,
576 707 638 727 cum
653 699 687 726 sit
699 699 764 727 solis
775 699 936 735 progenies;
950 699 1028 726 simi-

240 745 356 781 literque
375 746 514 780 splendor,
533 746 624 778 oculi;
647 750 694 773 aut
705 745 776 778 fons,
791 746 818 773 id
829 747 902 781 quod
916 745 1028 773 ﬂuvium

240 792 374 826 producit,
394 800 534 827 nunquam
560 797 650 819 tamen
668 791 780 825 exstitit,
804 799 892 828 neque
910 791 951 820 sol
967 796 1030 820 ante

239 838 339 872 lucem,
362 846 449 874 neque
470 839 566 867 oculus
580 843 643 867 ante
658 839 845 873 splendorem,
863 846 951 874 neque
966 843 1028 866 ante

239 886 352 912 ﬂuvium
368 885 443 918 fons;
467 886 548 913 simul
568 886 641 913 enim
655 893 688 913 ac
703 885 870 913 intellexeris
881 885 977 916 solem,
989 885 1026 912 si-

237 933 295 960 mul
310 937 337 960 et
354 941 416 960 cum
432 933 478 961 illo
490 933 624 968 intelliges
637 940 670 960 ex
685 940 717 960 eo
731 933 899 968 progenitum
917 932 1003 960 lucem
1016 941 1023 966 ;

237 983 265 1006 et
281 979 362 1007 simul
381 987 412 1008 ac
428 980 563 1016 intelliges
577 979 700 1012 oculum,
718 978 799 1007 simul
815 984 842 1006 et
857 987 919 1006 cum
933 986 966 1006 eo
982 978 1026 1006 in-

237 1026 342 1061 telliges
361 1034 393 1054 ex
409 1026 468 1061 ipso
486 1025 677 1061 procedentem
691 1025 879 1060 splendorem;
895 1024 1027 1059 quemad-

238 1073 348 1100 modum
362 1078 389 1100 et
400 1072 511 1100 ﬂuvium
531 1080 584 1099 una
600 1080 662 1099 cum
674 1071 747 1099 fonte
761 1071 939 1106 intelligimus
956 1081 962 1098 :
979 1078 1026 1098 eo-

237 1119 298 1146 dem
311 1126 421 1154 quoque
439 1119 521 1147 modo
547 1119 721 1154 cogitandum
734 1123 775 1146 est
793 1118 826 1145 de
835 1117 927 1151 Patre,
944 1116 1024 1150 Filio,

236 1172 264 1193 e.
279 1165 381 1201 Spiritu
399 1169 504 1193 sancto.

1081 236 1120 271 τῷ
1141 236 1312 272 συμϐολικῶς
1335 237 1381 264 τοῦ
1405 236 1568 273 ποιήσαντος
1582 237 1633 272 τὴν
1651 238 1777 274 μίμησιν.
1796 239 1872 273 Ἔχει

1081 282 1136 318 γὰρ
1151 284 1179 310 ὲν
1200 283 1289 319 ἑαυτῷ
1306 284 1415 320 Πατέρα
1440 285 1487 311 καί
1511 284 1575 311 Υἰὸν
1605 284 1652 311 καὶ
1668 284 1789 320 Πνεῦμα.
1817 285 1874 311 Καὶ

1081 327 1152 362 λέγω
1168 337 1236 361 πως·
1257 329 1286 355 '0
1302 329 1351 364 μὲν
1365 329 1436 363 νοῦς,
1450 329 1556 366 Πατρός
1581 330 1664 356 τόπον
1693 330 1797 365 ἐπέχει·
1808 329 1873 356 Υἱοῦ

1080 374 1119 407 δὲ,
1133 375 1147 401 ὁ
1161 374 1191 407 ἐξ
1208 374 1290 401 αὐτοῦ
1307 375 1465 411 τικτόμενος
1480 375 1568 410 λόγος·
1589 377 1637 403 καὶ
1653 377 1670 411 ἡ
1687 376 1782 412 ἐνηχος
1798 376 1873 411 φωνὴ

1080 420 1130 456 τῆς
1147 422 1298 457 προφορᾶς,
1314 421 1344 448 τὸ
1360 422 1471 458 Πνεῦμα
1487 423 1646 459 παρίστησι.
1664 425 1719 451 Καὶ
1737 424 1873 460 ὥσπεροὺ

1081 467 1253 504 προῦπάρχει
1268 468 1333 494 ποτὲ
1340 468 1386 494 τοῦ
1401 468 1552 495 ἐνδιαθέτου
1564 469 1643 503 λόγου
1659 471 1673 496 ό
1683 471 1815 505 γεννήσας
1822 471 1872 496 αὐ-

1080 515 1126 542 τὸν
1144 516 1216 548 νοῦς,
1228 515 1314 548 οὕτως
1328 515 1388 542 οὐδὲ
1405 515 1452 542 τοῦ
1469 515 1536 548 Θεοῦ
1550 514 1637 550 Λόγου
1653 517 1667 542 ὁ
1682 517 1814 552 γεννήσας
1828 517 1873 543 αὺ-

1080 562 1125 589 τὸν
1138 563 1242 598 Πατήρ.
1261 563 1316 589 Καὶ
1332 562 1412 588 πάλιν
1421 561 1516 598 ὥσπερ
1526 562 1556 588 οὐ
1572 562 1744 598 προῦπάρχει
1757 562 1805 589 τοῦ
1834 563 1874 588 αἶ-

1081 608 1181 644 σθητοῦ
1210 608 1288 644 ἡμῶν
1301 608 1455 643 πνεύματος
1481 609 1495 635 ὁ
1512 608 1640 643 αἰσθητὸς
1664 608 1760 642 λόγος,
1785 608 1874 640 οὕτως

1080 655 1140 681 οὐδὲ
1156 654 1203 681 τοῦ
1214 654 1285 681 θείου
1296 654 1343 681 καὶ
1355 654 1486 687 ζωοποιθῦ
1500 654 1570 681 Πνεύ
1575 655 1680 690 ματοςὸ
1691 654 1758 686 Θεὸς
1774 655 1870 688 Λόγος

1081 701 1172 733 καθὼς
1196 701 1242 728 κα).
1262 700 1293 727 τὸ
1313 701 1443 736 πρότερον
1462 700 1585 732 ἀπέδειξε
1606 701 1791 736 παράδειγμα.
1816 700 1872 727 Καὶ

1077 748 1141 783 μετ’
1158 748 1253 783 ὀλίγα·
1272 747 1304 774 El
1320 746 1374 782 γὰρ
1385 747 1443 782 φῶς
1457 746 1506 782 μὲν
1522 746 1598 781 ἡλίου
1611 747 1733 782 γέννημα
1745 766 1752 778 ,
1769 746 1872 782 ὁμοίως

1081 796 1127 822 καὶ
1149 794 1287 830 ὀφθαλμοῦ
1307 793 1393 829 αὐγὴ,
1423 793 1439 829 ἢ
1464 793 1539 828 πηγὴ
1565 792 1687 828 ποταμοῦ
1714 792 1870 828 πρόϐλημα,

1080 842 1111 869 οὐ
1130 841 1292 877 προϋπῆρχε
1303 840 1332 866 δέ
1348 847 1412 866 ποτε
1423 860 1430 872 ,
1447 839 1508 866 οὕτε
1521 839 1568 865 τοῦ
1594 839 1682 873 φωτὸς
1698 838 1784 874 ἥλιος,
1807 838 1870 864 οὔτε

1077 888 1127 924 τῆς
1140 888 1226 923 αὐγῆς
1240 887 1387 922 ὀφθαλμὸς,
1404 886 1465 913 οὕτε
1479 885 1525 913 τοῦ
1538 886 1660 921 ποταμοῦ
1674 886 1691 920 ή
1709 885 1795 921 πηγή·
1812 884 1873 920 ἅμα.

1077 934 1132 970 γὰρ
1148 934 1297 969 ἐπενόησας
1306 932 1391 968 ἥλιον,
1407 933 1465 968 ἅμα
1480 933 1681 967 συνεπινοήσεις
1695 931 1770 967 αὑτῷ
1784 930 1872 958 καὶτὸ

1077 979 1107 1012 ἐξ
1121 979 1202 1007 αὐτοῦ
1220 979 1377 1015 τικτόμενον
1393 978 1460 1013 φῶς·
1475 979 1521 1005 καὶ
1538 978 1595 1013 ἅμα
1608 978 1762 1013 ἐπινοήσεις
1774 977 1872 1011 ὀφθαλ-

1079 1026 1147 1062 μὸν,
1179 1026 1238 1061 ἅμα
1271 1026 1474 1060 συνεπινοήσεις
1500 1024 1573 1059 αὐτῷ
1597 1024 1644 1051 καὶ
1668 1024 1717 1059 τὴν
1741 1023 1771 1056 ἒξ
1787 1023 1871 1050 αὐτοῦ

1077 1071 1225 1108 προϊοῦσαν
1240 1071 1337 1107 αὑγήν·
1355 1071 1393 1103 ὡς
1406 1071 1453 1097 καὶ
1467 1072 1501 1106 τῇ
1517 1072 1592 1106 πηγῇ
1609 1070 1655 1096 τὸν
1669 1069 1790 1104 ποταμὸν
1811 1077 1873 1096 συν-

1077 1117 1248 1153 επινοοῦμεν·
1266 1117 1352 1148 obicio;
1366 1117 1474 1152 νοητέον
1491 1117 1537 1143 καὶ
1551 1116 1598 1142 ἐπὶ
1614 1115 1720 1151 Πατρὸς
1737 1115 1785 1142 καὶ
1802 1115 1870 1142 Υίοῦ

1077 1164 1124 1191 καὶ
1141 1164 1219 1197 ἁγίου
1231 1163 1398 1198 Πνεύματος.

236 1233 350 1269 Reliqua
371 1234 428 1261 vide
450 1234 477 1261 in
495 1233 586 1260 Notis.
599 1247 634 1253 —
650 1232 773 1260 (Iotelerii
792 1232 927 1267 judicium
955 1232 986 1259 de
1000 1231 1172 1293 Clent‘entinis
1188 1231 1327 1266 prwmitlit
1351 1229 1510 1257 Gallandius
1537 1229 1727 1257 Dissertationi
1739 1236 1796 1256 suae
1811 1236 1871 1264 quis

990 1275 1063 1293 aeaut
1078 1275 1122 1293 ur.

990 1275 1122 1301 sequitur.

247 1337 283 1347 .-

298 1330 1848 1345 _________—__________—_

731 1399 821 1454 DE
881 1396 1367 1454 CLEMENTINlS

449 1508 774 1555 GALLANDII
817 1504 1216 1552 DISSERTATIO
1253 1504 1662 1551 PROOEMIALIS.

567 1596 634 1626 (Yet.
649 1595 751 1619 Patrum
768 1591 927 1622 Bibliotheca,
940 1593 958 1616 t.
973 1590 1006 1621 ll,
1017 1590 1141 1621 Venetils,
1153 1589 1223 1621 1766,
1235 1589 1327 1620 in-fol.,
1338 1589 1452 1621 Proleg.,
1464 1596 1489 1621 p.
1501 1592 1552 1621 LV.)

272 1661 293 1689 1.
313 1660 544 1688 Ειειιειντιιηυιιυιι
556 1668 620 1694 opus
634 1667 684 1685 non
696 1658 823 1686 incelebre
837 1665 846 1684 :
859 1657 954 1693 quippe
965 1656 1026 1683 anti

1079 1664 1083 1682 ι
1099 1654 1226 1683 Ecclesia
1240 1654 1415 1690 scriptoribus
1427 1661 1602 1682 memoratum
1611 1661 1691 1692 atque
1701 1663 1868 1693 excerptum.

241 1696 323 1725 Varia
337 1697 415 1731 hujus
430 1697 515 1731 operis
530 1695 651 1730 partitio.

273 1733 304 1760 ll.
319 1725 391 1758 Licét
404 1725 538 1759 erroribus
556 1734 669 1761 scatent,
685 1729 775 1764 fructu
790 1733 877 1764 tamen
892 1727 964 1754 haud
989 1730 1060 1753 caret
1079 1725 1145 1764 _ejus_
1168 1725 1259 1764 lectio,
1278 1725 1434 1764 multiplicis
1450 1726 1478 1752 in
1491 1726 1585 1764 primis
1596 1727 1731 1764 doctrinm
1759 1737 1843 1764 causa
1857 1749 1868 1763 ,

237 1772 315 1804 atque
326 1767 361 1793 ad
373 1767 519 1807 primumut
535 1760 666 1806 ltwreseott
680 1760 806 1799 dogmata
819 1763 914 1790 melius
927 1770 1026 1823 ςιᾶᾳηοω

238 1805 311 1831 tina:
329 1810 387 1831 qua:
400 1800 629 1831 tnterpolattonem
643 1807 744 1831 quoque
760 1807 838 1831 passa
851 1806 906 1825 esse
920 1806 943 1824 vi
964 1802 1025 1824 entu

1079 1761 1116 1788 la.
1133 1760 1164 1787 In
1183 1760 1274 1787 multis
1285 1760 1387 1788 similia
1401 1765 1464 1788 sunt

1079 1796 1139 1830 luid
1162 1795 1291 1831 ’ομιλίαι.

238 1798 311 1835 ιίιίιυ
329 1798 387 1837 qua:
400 1800 629 1837 interpolationem
643 1798 746 1837 quoque
760 1807 838 1837 passa
851 1806 906 1825 esse
920 1798 943 1837 gi

1511 1762 1720 1797 ecognitionibus
1744 1762 1870 1791 Clama»;-

274 1830 318 1865 lll.
335 1830 435 1864 Ἀιιιιον
454 1830 670 1871 Ιξεεοῃιιὶιίοηιιὴι
681 1830 904 1871 elrﬂorniliarum
916 1832 1152 1871 Clgpgntinarum,
1166 1830 1236 1858 unus
1250 1837 1276 1858 et
1296 1830 1367 1858 idem
1387 1838 1442 1858 esse
1459 1831 1574 1858 videtur.
1591 1831 1657 1858 Erat
1670 1840 1702 1859 ea:
1715 1838 1787 1860 secta
1805 1833 1869 1861 Na-

237 1881 397 1902 zareorum.
414 1873 499 1907 Longe
513 1867 590 1907 dliter
602 1871 681 1898 until
696 1870 728 1897 de
743 1868 816 1896 Filio
836 1868 886 1907 Dei
900 1875 932 1895 ac
948 1867 1090 1894 Ebionitre.

273 1908 318 1936 IV.
331 1904 507 1942 Duplicem'in
524 1906 629 1934 Christo
641 1910 767 1942 naturain
778 1904 908 1940 agnoscit.

274 1943 306 1970 V.
322 1940 418 1970 Omnia
435 1950 480 1977 per
489 1949 549 1969 eum
562 1945 649 1968 creata
660 1949 714 1968 esse
729 1940 815 1967 docet.

272 1978 317 2005 Vl.
334 1977 412 2005 Illius
427 1973 486 2004 cum
504 1976 635 2003 Ebionitis
647 1983 794 2010 pugna,”
811 1973 931 2009 pluribus
947 1973 1009 2000 aliis
1021 1973 1162 2010 principiis
1173 1973 1347 2010 perspicitur.

273 2011 328 2041 VII.
342 2013 380 2040 De
391 2017 505 2047 tempore
515 2020 566 2047 quo
578 2007 708 2046 scriptun:
729 2007 910 2036 llomiliarum
922 2016 986 2043 opus
1001 2008 1182 2035 existimatur.
1198 2007 1256 2041 Quo
1269 2015 1346 2044 pacto
1359 2009 1493 2035 adornata
1505 2007 1596 2035 iuliaec
1610 2008 1700 2036 editio.

272 2124 293 2153 1.
310 2123 367 2152 Hoc
380 2128 422 2153 est
434 2124 467 2151 de
479 2123 702 2152 Clementinorum
717 2130 799 2158 opere
822 2122 933 2151 Ιοιικπιε
959 2122 1026 2150 Bn-

1080 2121 1252 2149 Antiocheno
1269 2120 1320 2155 (5),
1337 2119 1455 2148 Maximo
1472 2120 1511 2156 (ι)
1527 2125 1554 2148 et
1565 2120 1688 2150 Cedreno
1702 2121 1740 2157 (5)
1759 2123 1871 2159 colligi-

238 2178 326 2199 I'isu'.
334 2169 482 2198 Cornu-mu
490 2169 625 2206 judicium
634 2168 740 2204 (Patres
754 2168 905 2203 apostolici,
913 2168 934 2201 l,
943 2168 1023 2203 606):

275 2228 285 2244 ‹
303 2218 374 2245 Inter
391 2217 477 2244 multa
497 2216 650 2252 apocrypha
671 2223 732 2251 quae
752 2215 885 2243 Clementi
899 2214 1024 2243 Romano

236 2271 341 2293 veteres
356 2265 519 2296 tribuerunt,
545 2271 717 2299 quorumque
736 2270 818 2290 causa
834 2269 896 2290 eum
918 2262 1025 2289 videtur

236 2312 356 2347 primum
378 2311 571 2339 historicorum
592 2309 841 2337 ecclesiasticorum
857 2308 1024 2336 constituere

238 2357 407 2386 Sozomenus
419 2357 471 2393 (ι),
486 2365 538 2384 non
551 2357 686 2384 incelebre
702 2355 772 2383 istud
786 2359 828 2382 est
845 2364 851 2382 :
868 2354 1024 2386 excerpitur

236 2405 309 2431 enim
323 2402 632 2431 aJoanneDamasceno
645 2412 653 2436 ;
669 2403 831 2429 nominatim
841 2409 905 2428 vero
918 2408 1024 2428 memo-

237 2450 352 2477 raturin
368 2449 482 2484 Synopsi
494 2448 693 2482 Athanasiana,
713 2448 842 2475 Chronico
862 2447 1024 2474 Alexandri-

237 2504 283 2528 no,
294 2495 418 2522 Historia
432 2495 611 2523 ecclesiastica
622 2494 779 2529 Nicephori,
794 2493 933 2520 Anastasii
962 2500 1024 2527 pre-

238 2542 339 2577 sbyteri
352 2542 393 2569 vel
404 2542 519 2568 alterius
532 2541 746 2574 Collectaneis,et
759 2540 871 2568 Niconis
887 2539 1024 2566 Pandecte

239 2588 354 2616 inferius
380 2589 486 2616 citanda
505 2588 538 2615 ad
552 2587 656 2615 'Homil.
675 2596 723 2621 xu,
743 2595 805 2622 cap.
828 2587 873 2620 25,
897 2591 981 2620 atque
997 2584 1024 2611 in

237 2633 378 2670 Epitomen
410 2643 457 2670 per
482 2634 691 2670 Metaphrastem
716 2635 858 2662 redactum
880 2638 931 2660 est.
948 2631 1025 2659 Con-

238 2686 360 2716 spectum
381 2686 473 2709 autem
488 2680 572 2710 fuisse
592 2682 627 2709 ab
647 2681 801 2717 Epiphanio
814 2681 865 2716 (‘2),
878 2678 1024 2708 Anastasio

274 2750 315 2784 (Ι)
330 2750 453 2783 Sozom.,
471 2749 544 2778 Hist.
558 2750 606 2778 lib.
625 2758 646 2783 ι,
660 2758 721 2785 cap.
739 2750 765 2777 l.

277 2785 315 2821 (ἓ)
327 2785 424 2821 Epiph.
439 2806 447 2818 ,
468 2785 544 2813 liter.
559 2793 634 2818 xxvr,
652 2793 681 2813 ιι,
698 2785 742 2812 16.

274 2820 314 2856 Ι(τι)
328 2819 467 2856 ᾼιιιιειιιδη
484 2821 586 2856 Quaest.
611 2828 658 2852 xx,
674 2827 735 2856 pag.
748 2819 812 2848 242.
954 2824 967 2839 ⁵

288 2856 316 2891 4)
330 2854 414 2890 Μαι,
430 2856 519 2884 Serm.
535 2855 571 2883 55
581 2860 609 2884 et
622 2856 669 2884 55.

1077 2172 1140 2201 tur,
1168 2167 1192 2194 si
1215 2173 1277 2193 cum
1292 2165 1464 2195 Clementinis
1494 2168 1596 2195 nostris
1611 2167 1650 2202 (6)
1670 2168 1752 2195 citata
1768 2177 1868 2197 eorum

1077 2213 1137 2242 loca
1153 2211 1342 2241 conferuntur.
1361 2212 1432 2246 Quin
1449 2213 1532 2241 etiam
1550 2213 1716 2242 Clementina
1732 2214 1802 2243 forte
1815 2224 1871 2243 no-

1077 2261 1228 2288 minaverat
1238 2259 1407 2295 Nicephorus
1425 2259 1478 2287 ΟΡ.
1500 2260 1527 2286 in
1548 2259 1735 2287 Stichometria
1750 2269 1799 2289 seu
1813 2261 1872 2289 Ca-

1077 2314 1149 2335 none
1176 2306 1380 2342 Scripturarum
1402 2315 1409 2333 :
1432 2311 1458 2333 et
1482 2307 1528 2333 ubi
1552 2314 1625 2334 nunc
1653 2307 1766 2342 legitur,
1792 2309 1871 2343 apud

1079 2355 1247 2389 Scaligerum
1265 2357 1293 2381 et
1303 2353 1428 2386 Croium,
1444 2351 1619 2388 Κλήμεντος
1633 2354 1691 2387 .16",
1715 2354 1742 2381 in
1756 2353 1871 2383 Criticis

1076 2405 1167 2427 autem
1190 2399 1274 2426 sacris
1295 2403 1360 2425 tom.
1389 2397 1443 2425 Vlll
1461 2406 1468 2425 :
1484 2397 1631 2432 Κλήμεντ.
1659 2400 1715 2432 .16',
1739 2400 1791 2427 hoc
1812 2405 1871 2433 est.

1076 2446 1222 2473 Anastasio
1261 2444 1473 2472 Bibliotherario
1511 2445 1678 2479 interprete,
1723 2444 1872 2474 Clementis

1079 2494 1191 2529 (χχχιι),
1210 2493 1246 2520 ibi
1262 2493 1389 2527 primitus
1411 2492 1542 2526 scriptum
1557 2496 1616 2519 erat
1627 2492 1797 2526 Κλημέντια
1808 2494 1870 2526 .16",

1078 2544 1126 2566 aut
1140 2540 1308 2574 Κλημέντια
1322 2539 1374 2565 κε’.
1393 2537 1499 2565 Etenim
1528 2537 1655 2573 Synapsis
1678 2538 1761 2571 dicta,
1781 2546 1871 2574 quam

1078 2585 1248 2620 Nicephorus
1271 2585 1405 2619 sequitur,
1428 2583 1597 2618 Κλημέντια
1615 2584 1705 2611 habet.
1725 2584 1753 2611 Si
1775 2590 1872 2613 autem

1077 2632 1198 2660 retineas
1221 2632 1277 2664 λθ,
1302 2630 1343 2658 vel
1362 2630 1436 2658 dices
1458 2630 1560 2657 variam
1581 2630 1646 2657 olim
1673 2629 1760 2658 fuisse
1784 2630 1873 2666 hujus

1079 2678 1180 2714 operis,
1200 2682 1230 2705 ut
1243 2677 1471 2712 Recognitionum,
1498 2676 1678 2710 divisionem;
1705 2675 1871 2710 fretusau—

1116 2746 1155 2816 (5g
1174 2747 1300 2779 Cedren.,
1321 2745 1463 2780 Compend.
1479 2745 1554 2773 hist..
1570 2753 1648 2780 pagg.
1666 2745 1796 2774 170-173.

1117 2782 1144 2816 (6
1178 2781 1395 2814 Clement,ltom.
1414 2788 1451 2812 tv,
1471 2788 1499 2807 n.
1515 2780 1564 2812 16;
1580 2781 1654 2816 hom.
1671 2788 1702 2813 ιι,
1717 2781 1768 2815 52;
1788 2781 1796 2808 l

1117 2780 1155 2817 (6)
1178 2781 1398 2817 Clement,ltom.
1414 2788 1499 2817 tv,An.
1515 2780 1564 2812 16;
1580 2781 1654 2817 hom.
1671 2788 1702 2813 ιι,
1717 2781 1768 2815 52;
1788 2781 1866 2809 hom.

1082 2815 1125 2852 tv,
1139 2817 1156 2845 ι
1170 2825 1178 2850 ;
1198 2817 1274 2844 hom.
1289 2824 1329 2850 xu,
1343 2815 1370 2850 8,
1389 2816 1440 2851 ll;
1456 2815 1531 2844 hom.
1545 2823 1588 2850 nt,
1599 2815 1634 2844 58
1648 2819 1676 2844 et
1687 2823 1747 2852 seq.
