1945 3101
83 161 110 190 l3

599 160 827 189 CLEMENTI‘NA.
847 178 881 183 -—-
899 161 1079 190 PROtEMlA.

1646 167 1678 196 14

77 220 187 247 claritate
199 217 474 245 Francisci'l‘urriani
494 218 551 253 (qui
565 218 630 246 illud
650 223 747 246 nactus
759 226 841 246 manu
856 220 881 248 Δ
895 216 979 245 habes
1005 217 1075 245 infra
1088 238 1097 252 ,
1128 217 1155 245 in
1184 218 1342 254 Appendice
1373 225 1612 249 monumentorum
1644 226 1677 252 ad

77 266 203 300 scriptum,
217 264 243 292 in
265 264 381 299 epistola
397 265 430 291 ad
444 264 556 292 Hosium
571 265 736 292 cardinalcm
753 264 843 299 ιιι-ςειί-

895 262 1093 298 Rccognitiones
1104 264 1263 299 Clementis,
1286 274 1362 293 num.
1378 266 1391 294 1
1405 276 1412 300 ;
1429 267 1456 294 5.
1468 267 1586 304 denique
1599 268 1675 298 Nice-

76 310 162 338 ntinari
181 309 346 343 Defensiunis
369 317 418 344 pro
444 310 587 336 canonibus
613 310 793 344 apostolorum
819 318 832 336 e

894 309 997 344 phorus
1022 310 1088 338 dicit
1109 311 1176 345 (10),
1199 311 1369 346 Κλημέντια
1393 320 1454 340 esse
1472 313 1510 348 τῇ
1531 314 1679 350 ἐκκλησίᾳ

75 355 178 390 epistolis
196 355 368 390 pontiﬁcum,
390 355 456 382 citat
469 363 502 382 ex
517 355 586 383 libro
600 355 747 383 vrnlocum
762 363 843 390 quem
893 355 1098 389 εὐπαράδεκτα
1115 366 1121 372 ·
1136 357 1162 384 id
1178 365 1243 385 vero
1255 357 1343 386 laudis
1356 366 1528 395 nequaquam
1540 361 1679 390 tribuisset

76 401 112 428 hic
122 402 186 435 leges
198 401 292 428 homil.
309 408 364 427 ml
373 421 380 433 ,
397 401 430 428 15
440 421 448 434 ,
462 405 489 428 et
503 401 670 436 Defensionis
682 401 729 429 lib.
743 409 770 433 v,
782 409 842 435 cap.

76 448 129 481 ult.,
141 455 155 475 e
167 447 229 475 libb.
245 455 272 474 vt
291 452 318 475 et
338 455 387 474 vur
409 447 467 474 loca
490 446 584 474 homil.
602 454 645 479 ιι,
662 447 708 480 22,
725 451 753 474 ει
767 447 841 474 hom.

74 504 120 528 ιιι,
130 495 176 529 12;
192 495 217 522 in
231 494 476 530 Explanationibns
487 501 552 521 vero
565 494 599 522 ad
615 493 727 521 Comm.
744 499 841 527 apost.,

74 542 112 570 lib.
125 550 152 574 ιι,
166 550 223 577 cap.
242 542 276 568 56
289 563 297 574 ,
314 541 433 568 laudate
445 541 491 568 lib.
507 548 543 567 vn
562 541 652 568 locum
669 541 743 568 born.
763 548 841 573 ινιιι,

73 589 105 622 ι),
131 588 169 614 vel
188 588 280 620 dices,
308 595 371 615 cum
397 587 482 614 hocce
508 587 646 614 volumine
666 587 840 621 conjunetum

73 634 145 662 fuisse
163 635 242 662 alium
265 634 389 668 ejusdem
404 633 498 661 farinae
518 634 628 666 librum,
657 633 730 660 verbi
755 633 841 668 gratia

73 680 136 708 illum
149 680 193 715 qui
202 680 276 707 Petri
292 685 321 707 et
335 679 450 715 Apionis
462 679 660 714 disputationes
674 679 841 714 complecte-

72 726 148 754 batur.

103 781 112 798 ‹
127 772 198 806 Quod
214 773 236 800 si
254 773 338 800 malis
353 771 489 807 corrigere
504 772 558 805 κδ’,
579 770 729 806 intelligere
740 771 840 806 poteris

71 819 152 853 viginti
167 819 302 852 homilias,
322 819 465 854 epistolam
490 817 560 845 Petri
578 817 612 844 ad
624 816 758 844 Jacobum
777 824 839 844 cum

69 865 258 897 contestatione,
284 873 318 892 ac
342 865 486 900 epistolam
499 863 648 891 Clementis
665 862 698 890 ad
713 863 838 890 eumdem

894 402 1098 436 Κλημεντιοις,
1114 403 1168 430 nisi
1184 404 1327 432 incidisset
1341 404 1368 432 in
1384 413 1415 432 ea
1431 411 1587 442 repurgata.
1604 406 1676 435 Idem

890 447 1024 481 judicium
1040 447 1098 475 fero
1112 448 1145 476 de
1159 449 1305 477 scholiaste
1321 455 1424 484 vetere,
1436 451 1515 485 cujus
1528 453 1631 480 mentio
1649 454 1679 481 ﬁt

893 492 920 519 in
933 493 1155 522 adnotationibus
1169 494 1201 522 V.
1217 494 1249 522 C.
1272 495 1382 524 llenrici
1406 496 1504 525 valesii
1520 498 1553 526 ad
1574 498 1675 528 Euseb.

893 537 966 565 Hist.
988 539 1036 566 lib.
1056 547 1098 573 ιιι,
1114 548 1175 575 cap.
1192 541 1237 569 58.
1252 540 1305 568 Sed
1324 541 1450 570 fortassis
1467 542 1634 579 Nicephorus
1650 550 1678 572 et

892 584 1052 614 Scholiastes
1073 587 1118 614 ille
1146 587 1270 615 viderant
1301 592 1406 616 tantum
1431 588 1568 618 Simconis
1593 591 1676 619 Meta-

892 630 1010 665 phrastaa
1024 631 1172 665 Epitomen,
1195 637 1242 660 aut
1260 634 1342 661 aliam
1357 635 1381 662 ei
1397 635 1525 664 similem.
1540 637 1674 666 Caeterum

891 678 963 711 quod
986 678 1013 704 in
1033 677 1147 714 Synoin
1167 679 1317 713 Athanasii,
1337 680 1501 709 Clementina
1522 683 1677 712 referantur

891 730 952 750 cum
972 723 1048 752 libris
1071 724 1139 752 Novi
1163 724 1331 754 Testamenti
1352 727 1451 762 quibus
1469 730 1674 764 contradicitur,

892 769 962 803 apud
979 769 1162 805 Nicephorum
1179 779 1243 799 vero
1257 771 1310 799 (ΣΡ.
1327 780 1389 800 cum
1405 775 1567 810 apocrypbis
1579 796 1587 808 ,
1604 777 1675 803 ratio

889 819 932 842 est
949 815 1046 843 lacuna
1069 817 1212 844 manifesta
1234 818 1414 846 Athanasiani
1434 820 1547 848 codicis.
1565 821 1631 849 Eam
1645 827 1673 850 tu

890 865 917 889 et
929 869 962 889 ex
976 867 1104 890 contextu
1122 862 1201 891 facile
1221 871 1364 899 agnosces.
1380 871 1406 892 et
1423 874 1470 901 per
1489 866 1673 902 Nicephorum

69 908 192 937 Iacobum.
211 891 319 938 Poieris
333 891 415 938 etiam
435 910 576 945 epistolam
594 909 666 937 Petri
687 910 839 945 separando
855 891 876 918 Β
890 915 923 935 ac
933 907 1108 936 AnaStasium
1124 891 1286 944 complebit

69 963 82 981 a
92 956 274 983 contestatione
287 977 295 990 ,
318 957 429 984 credere
442 956 572 984 omissam
588 955 673 983 fuisse
695 956 837 991 epistolam

69 1000 206 1029 Clementis.
231 1002 314 1029 Certe
336 1010 369 1030 ex
394 1002 546 1038 Epiphanio
570 1001 609 1037 (7)
624 1022 631 1034 ,
660 1001 759 1028 Ruﬁno
787 1001 837 1036 (8),

70 1046 151 1074 Photio
163 1047 198 1082 (9)
218 1053 245 1075 et
264 1048 375 1084 Sylloge
394 1048 446 1076 hac
461 1052 555 1075 nostra
570 1051 690 1080 constat,
704 1046 837 1074 Clementi

69 1093 169 1128 ascripta
182 1095 340 1130 apocrypha
355 1094 389 1122 de
404 1094 670 1130 peregrinationibus
680 1114 687 1126 ,
703 1095 838 1122 sermoni-

69 1139 121 1173 bus,
139 1142 239 1169 actibus
254 1146 281 1169 et
295 1142 528 1177 disputationibus
542 1141 614 1168 Petri
629 1150 636 1174 ;
656 1141 743 1175 deque
758 1148 837 1168 reco-

68 1185 172 1219 gnitione
191 1187 344 1215 Clementis
355 1187 470 1222 ejusque
491 1192 634 1222 parentum
656 1194 688 1214 ac
709 1185 836 1219 fratrum,

67 1233 129 1260 varie
142 1234 291 1268 conscripta
307 1234 403 1266 fuisse,
416 1233 577 1268 interpolata
588 1254 595 1263 ,
612 1237 739 1267 corrupta
756 1237 837 1267 atque

66 1278 193 1312 permista;
209 1283 236 1306 et
249 1279 418 1314 quihusdam
432 1279 509 1307 libris
523 1279 624 1314 μνωσεί
646 1279 754 1306 solitam
777 1278 835 1312 cpi-

66 1324 148 1351 stolam
155 1324 223 1353 Petri
232 1326 266 1352 ad
274 1325 420 1358 Iacobum,
431 1325 490 1352 aliis
502 1324 687 1352 Clementisad
697 1323 822 1352 eumdem

65 1369 117 1396 aliis
131 1375 285 1405 utramque;
303 1379 366 1398 cum
384 1375 474 1398 tamen
494 1371 564 1398 idem
582 1378 651 1406 opus
665 1374 834 1405 sequeretur,

65 1414 192 1450 incipiens,
213 1417 288 1452 Ἐγὼ
304 1417 438 1452 Κλήμης.
455 1417 515 1450 Quo
528 1417 609 1444 etiam
624 1418 668 1451 ﬁt,
683 1422 712 1444 ut
724 1417 835 1451 triginta

64 1461 109 1488 duo
127 1461 317 1498 Nicephoriani
337 1463 399 1490 libri
414 1463 549 1498 complexi
569 1462 660 1490 forsan
680 1462 782 1490 fuerint
801 1462 835 1489 li-

65 1507 117 1535 bros
128 1509 214 1536 decem
229 1509 460 1545 Recognitionum.

926 963 935 980 ι
965 955 1091 990 Ὀμιλίαι
1108 955 1178 983 idem
1194 960 1259 984 sunt
1275 962 1358 991 atque
1374 958 1546 992 κηρύγματα
1568 963 1595 987 et
1609 960 1673 987 δια-

887 999 1002 1033 λέξεις,
1015 1001 1150 1037 colloquiu
1161 1024 1169 1035 ,
1185 1011 1327 1036 sermones,
1343 1004 1556 1038 meditationes,
1574 1005 1674 1032 diuer-

888 1047 1011 1079 totiones,
1021 1046 1107 1082 Epist.
1121 1048 1153 1075 ad
1164 1047 1309 1081 Iacobum,
1321 1057 1382 1083 cap.
1396 1049 1429 1083 2;
1445 1049 1576 1085 Epitom.,
1595 1059 1671 1080 num.

888 1091 953 1126 145;
979 1092 1202 1120 Clementinorum
1223 1103 1243 1128 ι,
1261 1095 1307 1123 20.
1323 1105 1332 1122 ι
1352 1095 1489 1125 Hactenus
1509 1097 1671 1127 Cotelerius.

922 1137 967 1168 ΙΙΙ.
983 1138 1083 1166 Verum
1105 1148 1160 1175 quo
1179 1141 1286 1175 plenius
1304 1141 1482 1176 dignoscatur
1495 1143 1672 1171 Clementiae-

886 1192 945 1210 rum
960 1189 1064 1217 auctor,
1078 1186 1215 1221 stmulque
1230 1186 1258 1214 in
1270 1187 1366 1222 primis
1380 1188 1506 1223 abimpia
1519 1188 1672 1219 Ebionisml

886 1230 947 1258 labe
971 1236 1114 1266 purgetur,
1131 1240 1185 1266 qua
1204 1232 1294 1267 ipsum
1317 1233 1405 1262 fuisse
1419 1234 1592 1269 inquinatum
1606 1243 1671 1272 per-

886 1276 980 1304 hibent
1002 1278 1125 1305 nonnulli
1150 1286 1213 1306 cum
1238 1283 1359 1306 veterum
1393 1284 1448 1308 tum
1476 1281 1670 1315 recentiorum,

885 1330 976 1358 operte
1000 1325 1118 1358 pretium
1145 1324 1227 1352 fuerit
1249 1324 1456 1360 disquisitiones
1481 1327 1533 1354 hac
1551 1327 1585 1355 de
1604 1336 1633 1355 re
1654 1337 1670 1356 a

888 1369 944 1397 viro
967 1369 1048 1397 docto
1070 1371 1236 1406 perscriptas
1265 1371 1311 1399 hic
1335 1371 1362 1399 in
1384 1372 1503 1400 medium
1523 1373 1668 1408 adducere,

884 1422 953 1450 quas
965 1415 1117 1450 inspexisse.
1130 1416 1283 1444 studiosum
1293 1417 1421 1445 lectorem
1433 1418 1505 1446 haud
1516 1419 1666 1454 paenitebit.

885 1460 931 1489 Sic
944 1462 1025 1496 igitur
1039 1463 1259 1496 praestantissimi
1275 1463 1366 1498 operis
1379 1470 1475 1492 auctor
1493 1465 1550 1500 (11)
1565 1474 1572 1492 :
1588 1475 1597 1491 ι
1614 1465 1668 1493 llo-

884 1507 1021 1535 miliarum
1048 1512 1075 1535 et
1103 1508 1317 1544 Recognitionum
1337 1509 1569 1539 Clementinarum
1594 1516 1668 1539 tanta

92 1553 120 1582 ll.
133 1564 142 1580 Ι
162 1555 192 1582 Et
202 1564 267 1583 vero
283 1564 348 1591 quae
362 1555 459 1583 damus
474 1555 654 1588 Clementina,
666 1555 730 1582 licet
741 1555 831 1590 nugis,
846 1561 869 1592 ο
883 1558 926 1581 est
955 1553 1114 1588 similitudo,
1138 1559 1169 1582 ut
1192 1555 1333 1583 nonnullis
1358 1564 1443 1584 unum
1468 1560 1496 1584 et
1520 1557 1590 1584 idem
1608 1565 1668 1586 esse

63 1599 116 1627 licet
133 1602 270 1630 erroribus
286 1606 422 1635 scateant,
445 1610 460 1629 a
474 1603 693 1630 semichristiana
711 1602 833 1637 philoso-

64 1645 125 1678 phia,
150 1651 175 1674 et
197 1648 319 1682 haeresi,
334 1648 470 1683 praecipue
488 1647 640 1676 Ebionitica
655 1669 662 1681 ,
683 1647 831 1683 profectis;

63 1699 106 1718 non
119 1693 173 1721 sine
191 1694 281 1722 fructu
297 1698 389 1721 tamen
414 1694 549 1730 legentur,
566 1699 623 1721 tum
649 1697 758 1729 propter
778 1693 831 1721 ele-

62 1739 165 1769 poliam
179 1740 332 1773 sermonis,
348 1744 406 1767 tum
421 1740 578 1775 multiplicis
593 1740 724 1767 doctrina).
737 1747 832 1772 causa,

62 1788 110 1811 tum
135 1785 247 1821 denique
278 1786 315 1813 ad
339 1786 438 1813 melius
464 1785 652 1821 cognoscenda
681 1785 832 1820 primarum

63 1829 184 1858 haereseon
208 1832 349 1867 dogmata.
372 1831 401 1859 In
423 1832 516 1859 multis
536 1836 628 1859 autem
651 1831 751 1859 similia
769 1835 834 1859 sunt

63 1873 206 1904 Clenuntina
234 1877 481 1913 Recoguitionibus
509 1887 516 1905 :
548 1878 620 1905 unde
654 1876 832 1912 probabiliter

62 1922 228 1951 existimatum
255 1924 406 1956 Turriano,
430 1931 462 1951 ea
491 1932 554 1951 esse
576 1924 657 1951 aliam
685 1923 832 1951 editionem

65 1967 277 2005 'Avampteswv,
291 1969 327 1996 de
355 1977 409 2004 qua
434 1969 550 1997 Ruﬁnus
576 1969 603 1996 in
634 1969 793 2004 praefatione
822 1979 832 2004 ;

61 2018 199 2048 Quanquam
220 2019 320 2042 auctor
337 2015 492 2050 Synopseos
518 2015 645 2042 Periodoa
656 2014 729 2042 Petri
745 2023 759 2042 a
772 2014 832 2042 Cle-

61 2059 168 2086 mentim'r
181 2060 338 2096 distinguit.
359 2060 411 2087 Sed
433 2065 459 2087 et
479 2061 715 2096 interpolationem
731 2060 830 2088 factam

58 2109 111 2132 esse
123 2106 148 2132 in
160 2106 279 2135 homiliis
297 2107 369 2139 istis,
383 2106 464 2142 idque
479 2114 531 2134 non
548 2107 647 2140 semel,
664 2108 783 2143 conjicio
796 2116 830 2136 ex

61 2148 111 2177 his:
126 2150 149 2177 1.
163 2159 178 2179 e
195 2152 280 2179 simili
303 2157 378 2180 sene
392 2160 574 2188 congenerum
590 2155 806 2190 apocryphorum
820 2165 828 2189 ;

59 2194 147 2230 lquod
158 2205 188 2225 ea
202 2206 263 2233 quae
277 2199 306 2226 in
321 2199 453 2226 Chronico
463 2199 643 2227 Alexandrino
650 2205 697 2228 eta
711 2200 829 2229 Maximo

39 2235 43 2240 ”
60 2241 229 2277 proferuntur,
245 2252 302 2271 non
323 2252 419 2279 parum
434 2245 540 2272 diversa
557 2246 621 2278 sint,
638 2254 688 2274 nec
702 2254 755 2274 nou
768 2255 829 2282 quae

60 2293 72 2312 a
88 2286 244 2323 Damasceno
259 2290 415 2323 interdum;
435 2290 461 2317 5.
478 2298 511 2318 ex
527 2290 578 2318 hac
597 2291 828 2320 Eunomianornm

59 2335 194 2368 corruptela
211 2345 218 2362 :
240 2337 293 2363 Ἐν
306 2335 386 2370 ἀρχῇ
402 2336 507 2370 κτίσας
522 2339 538 2364 ό
549 2337 619 2370 Θεὸς
633 2337 686 2364 τὸν
701 2339 830 2372 οὐρανὸν

59 2378 101 2404 καὶ
114 2379 166 2413 τὴν
179 2380 247 2416 γῆν,
261 2382 364 2408 ἔκτισε
376 2381 424 2408 καὶ
440 2381 493 2408 τάν
508 2383 574 2409 υἱόν
585 2392 591 2398 ’
604 2390 664 2418 quae
678 2383 828 2412 Turrianus

60 2422 82 2450 in
95 2425 244 2459 praefatione
258 2427 356 2456 Graeca
378 2428 412 2455 ad
441 2428 646 2458 Constitutiones
672 2431 827 2465 apostolicus

59 2471 156 2500 adducit
169 2481 201 2502 ex
213 2475 378 2508 Ammonio;
395 2474 421 2502 4.
441 2474 504 2509 quia
518 2474 596 2502 locus
615 2482 630 2501 e
652 2483 705 2503 ms.
728 2475 828 2503 biblio-

59 2516 133 2545 thecae
144 2518 363 2548 Claromontanze
375 2521 477 2548 relatus
492 2520 564 2548 inter
583 2521 739 2549 testimonia
755 2527 829 2550 vete-

60 2565 200 2593 rum.alium
212 2575 226 2593 a
238 2571 334 2594 nostro
345 2567 504 2600 scriptorem
512 2567 651 2601 magisque
658 2567 730 2601 pium
740 2569 827 2602 sapit;

59 2615 113 2636 eum
143 2611 208 2640 forte
234 2613 314 2648 cujus
340 2612 522 2648 fragmentum
553 2612 591 2639 De
615 2611 715 2647 Spiritu
737 2619 827 2641 sancto

90 2686 124 2727 Ω)
135 2688 239 2727 Epiro.
253 2691 329 2727 Het-
346 2698 414 2727 ωε
430 2698 458 2727 ηε
471 2689 515 2727 15-

91 2721 125 2760 (8)
143 2721 240 2759 iluiin.,
256 2726 362 2760 praefat.
379 2725 412 2752 ad
431 2725 497 2752 libb.
520 2723 652 2759 Recognit.
671 2728 697 2751 et
717 2725 764 2753 11b.
790 2726 827 2754 De

63 2756 163 2796 ιιιιιιμειέἶ
175 2756 239 2788 libb.
258 2756 366 2796 Drigen.

94 2792 485 2836 teiP29I-.sod{_cx|l.c.xus.-

94 2826 141 2865 ίῳ)
153 2828 273 2865 ῌὶεεμιιη
286 2830 362 2858 Hm.
380 2829 444 2857 εισι.
457 2830 569 2865 libant,
585 2836 644 2865 cap.
661 2828 672 2855 1

94 2836 141 2862 ιιυ)
154 2836 273 2865 nicepn.,
286 2836 369 2872 u_t:_t._
380 2836 444 2857 em.
466 2836 512 2856 Im.
529 2837 569 2872 ιιι,
585 2836 644 2892 eain.
661 2836 663 2844 λ

93 2862 143 2898 (Η)
156 2863 266 2901 κει-ιιι,
278 2865 393 2894 υιυιιιιι.
403 2865 438 2894 D.
451 2864 488 2892 Ν.
503 2864 532 2892 J.
545 2865 575 2892 (..
590 2885 597 2898 ,
629 2864 663 2892 Ib.

718 2871 779 2900 cap.
798 2863 824 2897 7,

845 2229 867 2257 ι)

884 1607 964 1635 opus,
983 1601 1030 1628 sed
1050 1607 1105 1628 non
1121 1601 1206 1628 semel
1222 1601 1326 1629 editum
1343 1602 1476 1630 videatur.
1500 1601 1580 1631 Hunc
1597 1604 1667 1631 scrie

882 1651 987 1681 ptorem
1001 1647 1194 1675 circumcisum
1207 1647 1303 1678 fuisse.
1319 1653 1345 1676 et
1354 1647 1478 1677 Mosaicm
1489 1649 1556 1684 legis
1568 1649 1595 1677 in
1609 1650 1667 1685 ipsa

883 1692 1015 1728 religione
1030 1693 1186 1721 Christiana
1207 1694 1407 1727 observantem,
1429 1695 1531 1722 nemini
1552 1695 1666 1723 dubium

881 1745 943 1765 esse
961 1739 1089 1766 arbitror.
1118 1738 1184 1766 Nam
1200 1747 1262 1767 cum
1277 1740 1304 1768 in
1319 1739 1546 1774 Recognitionibus
1563 1745 1621 1768 tum
1638 1742 1666 1769 in

880 1784 1005 1812 Homiliis
1018 1784 1115 1813 Petrus
1132 1785 1258 1820 plurimis
1277 1786 1303 1812 in
1324 1785 1391 1813 locis
1406 1785 1544 1813 inducitur
1564 1786 1666 1813 lustra-

883 1830 970 1859 tiones
986 1830 1114 1859 Judaicas
1128 1836 1176 1858 aut
1193 1831 1250 1866 ipse
1266 1839 1418 1866 usurpans,
1439 1836 1487 1858 aut
1498 1831 1559 1860 aliis
1571 1833 1666 1866 praeci-

879 1877 969 1912 piens,
988 1885 1038 1904 nec
1057 1885 1118 1904 cum
1137 1877 1255 1905 ethnicis
1275 1877 1410 1912 baptismo
1422 1877 1540 1904 nondum
1549 1877 1666 1906 initiatis

881 1923 1037 1950 comedens.
1050 1922 1114 1950 Post
1128 1923 1271 1957 epistolam
1289 1921 1363 1950 Petri
1382 1922 1415 1950 ad
1430 1921 1571 1956 Jacobum,
1584 1921 1664 1950 indu-

880 1968 951 1997 citur
963 1968 1082 1996 Jacobus
1095 1968 1212 2004 graviter
1225 1968 1361 2000 sanciens,
1378 1972 1408 1994 ut
1421 1967 1481 1995 libri
1495 1969 1667 1998 Prwdicatio-

881 2022 944 2042 num
965 2014 1045 2048 Petri,
1061 2015 1113 2042 nisi
1135 2014 1206 2041 ﬁdeli
1222 2014 1396 2048 circumciso,
1420 2014 1524 2041 nemini
1543 2014 1665 2042 commit-

879 2064 982 2088 tantur.
1006 2059 1074 2087 Vide
1094 2059 1227 2094 Recogm't.
1247 2059 1294 2086 lib.
1312 2066 1349 2092 ιιι,
1366 2067 1426 2094 cap.
1442 2059 1476 2092 3;
1497 2059 1544 2086 lib.
1557 2067 1585 2092 v,
1602 2067 1662 2094 cap.

879 2106 924 2140 36,
945 2112 973 2134 et
989 2106 1035 2133 lib.
1057 2113 1118 2137 vni,
1143 2113 1204 2141 cap.
1226 2106 1252 2139 1,
1276 2110 1303 2133 et
1318 2105 1413 2133 homil.
1440 2113 1462 2138 ι,
1483 2112 1544 2140 cap.
1566 2105 1617 2138 l9;
1635 2114 1662 2138 ι,

879 2160 957 2187 capp.
989 2152 1002 2180 1
1026 2152 1124 2185 0126;
1146 2159 1185 2185 xi,
1206 2159 1284 2186 capp.
1299 2150 1353 2184 28,
1378 2151 1423 2184 29,
1452 2150 1497 2184 30,
1521 2151 1573 2184 ὄις
1601 2159 1663 2186 xm,

880 2205 956 2234 capp.
972 2199 989 2226 4
999 2203 1026 2226 et
1041 2198 1067 2226 9.

919 2254 929 2271 ι
946 2244 1045 2273 Citavit
1065 2244 1115 2272 hos
1130 2243 1214 2272 libros
1226 2242 1356 2278 Origenes
1372 2242 1429 2277 (12)
1442 2252 1450 2271 z
1465 2243 1537 2278 quod
1554 2243 1662 2278 quidem

864 2285 973 2320 eorum
996 2290 1183 2325 antiquitatem
1202 2289 1379 2317 demonstrat.
1400 2288 1497 2324 Scripti
1510 2289 1609 2317 saeculo
1621 2297 1662 2316 sc~

880 2337 969 2364 cundo
988 2342 1114 2369 exeunte,
1135 2343 1166 2363 ac
1184 2339 1247 2370 post
1264 2343 1367 2365 annum
1387 2335 1449 2370 170,
1463 2337 1486 2363 si
1501 2344 1596 2364 eorum
1615 2344 1664 2371 pa-

880 2390 943 2410 rens
966 2389 1000 2408 ex
1026 2381 1178 2410 Bardesane
1199 2385 1337 2408 mutuatus
1362 2386 1414 2414 est,
1439 2389 1499 2416 que
1518 2382 1553 2409 ab
1577 2381 1663 2410 Euse-

879 2428 924 2456 bio
942 2427 998 2462 (15)
1017 2434 1050 2454 ex
1073 2427 1142 2454 libro
1164 2425 1328 2455 Bardesanis
1352 2427 1530 2462 deprompta,
1551 2427 1662 2455 totidem

879 2473 968 2502 verbis
981 2473 1108 2508 leguntur
1118 2472 1165 2500 lib.
1184 2480 1210 2499 ιι
1227 2472 1373 2508 Recognit.,
1386 2481 1446 2508 cap.
1461 2473 1504 2500 19.

920 2529 930 2546 ι
949 2519 1128 2554 Epiphanius,
1151 2518 1198 2552 qui
1224 2519 1274 2546 hos
1295 2519 1379 2545 libros
1403 2518 1534 2546 Clementi
1551 2518 1663 2547 omnino

879 2565 1032 2600 suppositos
1058 2573 1113 2591 non
1137 2564 1268 2596 videbat,
1302 2564 1336 2592 ab
1359 2563 1494 2591 Ebionitis
1517 2568 1662 2598 corruptos

878 2611 1044 2639 existimavit
1054 2610 1125 2646 (14);
1143 2617 1293 2645 eorumque
1307 2609 1417 2645 perﬁdis
1428 2609 1554 2636 matribus
1567 2609 1663 2639 tribuit

880 2690 893 2726 §
910 2690 937 2722 ι,
948 2697 1029 2726 pagg.
1046 2688 1175 2718 250-254.

913 2698 1029 2751 agiasg.
1046 2698 1175 2718 του-ιω.
1271 2725 1277 2730 _
1435 2724 1440 2730 .

913 2726 937 2760 (1
961 2726 1105 2761 )Hrrgen"
1122 2729 1187 2761 tom.
1202 2724 1250 2758 lll,
1268 2732 1295 2751 ιιι
1307 2723 1373 2751 Gen.
1390 2721 1521 2751 Philocal.
1536 2731 1597 2759 cap.
1613 2724 1661 2761 ‘23,

877 2766 903 2788 et
931 2759 964 2786 in
978 2759 1072 2786 Matth.
1088 2767 1159 2789 xxvi.
1173 2759 1199 2786 6.

925 2795 969 2830 15)
984 2794 1095 2828 Euseb.,
1116 2794 1205 2830 Prom.
1221 2793 1384 2830 euang.,lib.
1397 2801 1434 2827 vt,
1450 2801 1511 2829 cap.
1524 2794 1570 2825 20.

926 2827 969 2866 14)
985 2829 1093 2865 Epiph.,
1118 2829 1193 2856 Hm.
1209 2837 1273 2862 xu,
1290 2827 1304 2864 §
1322 2829 1362 2856 l5.
