1945 3101
254 156 288 184 15
675 157 704 185 S.
722 157 914 186 CLEMENTIS
935 159 945 186 1
965 157 1031 186 κον

1083 156 1169 184 ’ONI‘.
1190 155 1303 184 OPERA
1317 153 1431 183 DUBIA.
1830 149 1861 177 l6

251 222 420 250 qumcunquc
441 222 536 249 parum
558 222 708 250 congruere
729 223 791 243 cum
818 216 968 245 Clementis
985 217 1032 245 do-
1046 218 1069 246 Δ
1084 215 1125 242 nis
1148 213 1217 249 Magi
1239 212 1424 245 ηιῖοοίηδῑίοο
1445 219 1461 239 (ε
1483 205 1701 238 εὒτίέῑίεηοηιω
1723 207 1858 242 υνίιιοίμίίε

252 261 338 288 ctrina
355 260 686 289 videbantur.Cotelerius
706 262 832 290 homilias
847 262 1032 290 Clementinas

251 306 361 334 ltmrcsis
381 306 539 334 Ebioniticaa
553 308 625 334 notis
639 308 759 342 signatas
779 308 927 335 existimat.
951 308 1033 336 Tille-

251 353 369 380 montius
384 352 485 379 nullam
508 353 541 380 ad
562 361 619 380 rem
636 354 717 381 utiles
736 359 824 388 putat,
840 354 892 382 nisi
913 354 984 382 forte
996 355 1032 382 ad

250 399 430 433 cognitionem
446 398 632 426 Ehionitarum
648 399 788 428 doctrinae.
803 400 918 428 Videtur
935 408 1031 428 eorum

250 444 371 479 Opinioni
393 444 494 478 favere,
518 445 591 480 quod
617 452 688 480 saepe
717 450 814 473 auctor
839 445 1031 481 llomiliarum,

249 490 400 524 praesertim
425 498 489 517 vero
511 491 603 518 homil.
621 499 652 524 ιι,
669 499 728 527 cap.
743 492 787 526 38,
805 492 873 520 falsa
888 493 960 521 veris
971 501 1032 528 per-

251 535 330 562 mista
348 535 432 563 fuisse
447 536 474 563 in
490 537 577 565 sacris
592 536 742 572 Scripturis
757 539 915 572 pronuntiat
931 548 938 566 :
958 539 1031 574 quod

249 582 358 616 quidem
378 582 411 609 de
426 581 576 617 Scripturis
589 583 723 618 judicium
747 583 882 612 Ebionitis
901 586 1030 613 usitatum

248 632 276 655 et
293 628 416 656 solemne
430 629 491 662 fuit,
511 634 540 657 ut
562 634 634 657 recte
652 630 778 658 observat
797 631 958 659 Cotelcrius.
978 631 1031 660 Sed

249 681 310 700 cum
326 674 383 709 ipse
403 673 482 702 Philo
494 675 526 702 de
540 674 703 703 formatione
718 676 780 704 Eva:
794 685 827 704 ex
842 677 939 704 Adami
956 683 1031 706 costa

249 720 430 753 pronuntiare
445 728 499 747 non
513 720 618 748 dubitet
631 721 697 757 (15),
713 723 789 754 Quod
805 731 836 749 ea
850 722 881 749 de
891 731 918 750 re
931 723 1031 750 dictum

248 771 298 798 est,
321 766 470 800 fabulosum
486 775 559 799 esse;
573 767 656 802 liquet
667 768 738 796 hanc
754 769 932 796 temeritatem
948 769 1030 796 Ebio-

248 812 366 838 nitarum
384 813 519 847 propriam
543 821 596 840 non
613 813 708 848 fuisse,
720 815 770 842 sed
788 815 890 842 dudum
904 823 919 842 a
931 815 1031 843 Judzeis

249 857 438 892 excogitatam,
463 866 518 892 quo
538 858 643 886 facilius
659 858 807 894 Scriptura;
831 860 889 887 loca
913 868 1029 895 quorum

249 904 417 931 subabsurda
438 905 542 939 species
570 905 721 938 videbatur,
745 907 911 941 expedirent.
936 906 1030 940 Quan-

248 956 330 984 quam
343 949 479 978 l'atendum
494 956 535 979 est
548 951 633 979 multo
647 952 778 980 audacius
790 957 816 980 et
829 953 945 988 ineptius
957 954 1030 989 loqui

248 999 386 1023 auctorem
406 995 596 1030 liomiliarum,
616 1005 697 1033 quam
719 997 869 1026 Philonem.
888 998 940 1027 Sed
958 1000 1030 1034 quod

247 1041 385 1069 evidenter
398 1043 495 1077 probat
509 1043 583 1071 hunc
598 1044 770 1078 scriptorem,
784 1045 836 1072 etsi
852 1045 1032 1074 circumcisus

247 1091 275 1114 et
298 1087 365 1122 legis
394 1089 542 1116 retinenda
564 1090 704 1118 studiosus
729 1089 791 1122 fuit,
812 1090 924 1118 minime
940 1095 1031 1119 tamen

248 1132 402 1160 Ebionitam
418 1133 517 1167 fuisse;
538 1142 570 1162 ea
583 1135 616 1162 de
628 1135 698 1164 Filio
713 1135 760 1164 Dei
781 1136 807 1163 in
824 1136 947 1164 Homiliis
965 1138 1031 1165 etin

249 1178 475 1214 Recognitionibus
499 1182 605 1213 statuit.
631 1189 693 1217 quas
712 1182 747 1209 ab
766 1182 956 1211 Ebionitarum
975 1185 1031 1212 has-

248 1225 300 1252 resi
315 1233 427 1259 prorsus
438 1226 612 1255 abhorreant.

286 1279 295 1296 ι
318 1269 402 1298 Nemo
423 1275 463 1299 est
480 1272 527 1306 qui
550 1280 605 1300 non
621 1273 768 1308 perspiciat
787 1274 933 1302 immanem
951 1275 1031 1310 hujus

249 1315 390 1350 scriptoris
404 1317 438 1344 ab
458 1316 593 1346 Ebionitis
607 1319 829 1354 discrepantiam,
849 1320 872 1348 si
887 1321 959 1356 legat
971 1329 1032 1356 quae

249 1361 342 1390 homil.
356 1370 374 1395 1,
390 1371 450 1398 cap.
463 1363 488 1397 7,
510 1371 524 1391 a
545 1365 798 1400 pseudo-Clemente
813 1372 969 1400 narrantur,
981 1375 1031 1395 au-

248 1406 322 1435 disse
345 1416 373 1436 se
397 1408 490 1436 Roma:
502 1410 552 1438 sub
571 1409 690 1444 Tiberio,
715 1419 776 1439 cum
796 1413 906 1447 quidam
925 1414 1032 1448 publice

249 1454 380 1482 clamaret
399 1465 405 1482 :
434 1455 490 1482 Viri
504 1455 628 1490 Romani,
649 1457 762 1485 audite:
779 1457 867 1486 Filius
892 1458 939 1486 Dei
957 1459 1032 1486 adest

249 1501 276 1526 in
285 1500 393 1528 Judwa.
417 1501 498 1529 Addit
518 1509 548 1530 se
572 1503 616 1531 his
627 1503 728 1531 auditis
741 1504 854 1532 moleste
867 1505 963 1532 tulisse
981 1513 1033 1533 ne-

1083 261 1176 295 petita,
1193 264 1353 294 argumento
1364 263 1404 285 est
1419 257 1557 285 Christum
1574 256 1608 282 ab
1617 255 1668 287 eis,
1689 262 1743 281 non
1755 257 1784 280 ut
1797 261 1857 280 stm-

1086 307 1186 341 plicem
1213 305 1348 332 hominem
1368 325 1375 337 ,
1404 303 1450 338 qui
1483 302 1568 329 Filius
1597 300 1645 329 Dei
1674 299 1860 327 nominelenus

1083 352 1201 384 dicatur,
1213 351 1260 378 sed
1275 357 1305 378 ut
1316 351 1405 385 ipsum
1418 348 1464 376 Dei
1479 348 1590 381 Filium,
1606 347 1692 382 quiin
1701 346 1776 374 hunc
1786 353 1849 373 mun

1082 398 1146 425 dum
1156 405 1171 425 e
1179 397 1248 425 coelo
1261 397 1377 430 venerit,
1392 395 1533 423 adoratum
1545 393 1641 421 fuisse.

1117 454 1162 482 IV.
1191 464 1201 480 ι
1223 453 1362 489 Duplicem
1388 452 1488 480 Christi
1516 456 1642 479 naturam
1669 449 1858 477 demonstrant

1081 509 1142 536 qua:
1160 500 1257 532 Petrus
1282 500 1347 527 huic
1374 499 1493 526 Simonis
1522 502 1684 533 argumento
1712 495 1852 530 respondet

1082 546 1176 573 homil.
1193 554 1270 577 XVIII,
1282 553 1344 580 cap.
1361 544 1395 571 l3
1411 550 1418 572 :
1434 543 1554 577 Πρῶτον
1565 542 1623 577 μὲν
1638 542 1693 576 γὰρ
1704 541 1828 568 δύναται
1843 540 1858 566 ό

1081 592 1171 626 λόγος
1186 590 1321 625 εἰρῆσθαι
1344 589 1419 624 πρὸς
1445 587 1559 620 πάντας
1581 587 1762 619 Ἰουδαίους,
1791 584 1859 618 τοὺς

1081 636 1193 671 πατέρα
1206 636 1378 671 νομίζοντας
1391 635 1466 661 εἶναι
1480 633 1532 661 τοῦ
1552 632 1679 667 Χριστοῦ
1696 631 1750 658 τὸν
1763 630 1857 657 Δαϐίδ-

1081 681 1130 709 ttat
1145 682 1237 709 αὑτὸν
1251 681 1285 707 δὲ
1307 680 1358 707 τὸν
1379 679 1508 714 Χριστὸν
1525 678 1592 705 Υἱόν
1615 677 1705 710 ὄντα,
1729 675 1778 703 καὶ
1795 675 1860 702 Υἰὸν

1082 727 1155 755 Θεοῦ
1166 726 1209 761 μὴ
1223 725 1389 761 ἐγνωκέναι.
1405 725 1452 752 Διὸ
1468 723 1518 751 καὶ
1535 723 1648 755 οἰκείως
1659 722 1786 756 ειρηταισ
1807 720 1859 747 οὺ-

1080 773 1142 806 ὃεὶς
1156 773 1232 807 ἕτνω
1243 768 1295 799 τὸν
1305 770 1436 804 Πατέρα’
1457 768 1523 796 ἐπεὶ
1546 768 1613 796 ἀντὶ
1628 767 1680 794 τοῦ
1695 766 1768 793 Θεοῦ
1779 784 1788 797 ,
1807 765 1858 792 τὸν

1081 818 1168 845 Δαϐὶδ
1183 817 1292 850 πάντες
1307 817 1421 850 ἔλεγον.
1441 815 1474 842 Τὸ
1491 814 1525 841 δὲ
1538 813 1689 845 ὲπάξαντα
1699 810 1806 838 εἰπεῖν*
1815 809 1859 841 Ὠς

1081 863 1152 891 οὐδὲ
1174 862 1226 890 τὸν
1241 862 1308 889 Υἰόν
1329 870 1373 894 τις
1396 860 1484 887 οἶδεν·
1511 857 1575 885 ἐπεὶ
1597 856 1689 884 αὐτόν
1714 855 1781 884 Tu}?
1806 855 1859 880 οὐκ

1084 906 1216 942 ᾔδεισαν.
1235 906 1291 934 Καὶ
1306 905 1338 932 τὸ
1354 904 1457 932 εἰπεῖν·
1477 899 1527 936 οἷς
1549 903 1587 929 ἂν
1598 902 1746 935 βούληται
1767 901 1784 927 ὀ
1796 899 1860 932 Υίὸς

1081 954 1284 988 ἀποκαλύψαι·
1301 951 1393 986 ὀρθῶς
1415 950 1537 984 εἴρηται.
1559 949 1590 976 ’0
1610 948 1666 983 γὰρ
1691 947 1741 975 ἀπ’
1766 945 1860 980 ἀρχῆς

1080 999 1123 1027 ὢν
1142 999 1220 1032 Υίὸς,
1239 998 1333 1033 μόνος
1351 996 1477 1030 ὡρίσθη,
1498 995 1548 1021 ἵνα
1568 993 1613 1026 οἷς
1626 993 1774 1027 ,ϐούληται
1788 992 1860 1018 ἀυτο-

1082 1048 1216 1082 καλύψῃ.
1255 1046 1393 1072 Enimuero
1420 1043 1534 1078 primum
1567 1046 1650 1076 potest
1682 1039 1861 1067 testimonium

1081 1102 1136 1121 esse
1147 1095 1246 1121 dictum
1265 1093 1299 1119 ad
1317 1099 1404 1118 orntus
1417 1090 1536 1122 Judwos,
1552 1088 1597 1123 qui
1616 1087 1743 1122 putabant
1760 1090 1861 1121 patrem

1082 1139 1181 1167 Christi
1201 1147 1256 1166 esse
1271 1138 1407 1169 Dauidem,
1427 1144 1471 1163 eos
1488 1143 1539 1162 non
1558 1134 1706 1169 cognouisse
1727 1132 1861 1160 Christum

1083 1183 1183 1210 Filium
1197 1183 1332 1218 (hominis)
1346 1188 1371 1209 et
1388 1181 1490 1208 Filium
1507 1180 1564 1207 Dei.
1584 1179 1672 1212 Quare
1689 1182 1748 1211 apte
1761 1177 1862 1204 dictum

1083 1234 1132 1261 est,
1145 1228 1229 1255 Nemo
1243 1228 1312 1254 novit
1325 1226 1445 1259 Patrem,
1460 1225 1523 1261 quia
1538 1233 1585 1260 pro
1602 1224 1657 1251 Deo
1674 1231 1762 1250 omnes
1778 1222 1861 1249 Davi-

1081 1277 1140 1303 dein
1165 1275 1298 1302 dicebant.
1318 1274 1352 1301 Et
1368 1273 1437 1310 quod
1458 1273 1606 1308 subjungit,
1624 1271 1679 1298 Nec
1703 1270 1790 1306 filium
1803 1269 1862 1303 quis

1081 1323 1163 1354 novit,
1180 1322 1242 1357 quia
1262 1329 1321 1348 eum
1346 1319 1448 1346 Filium
1463 1327 1519 1346 esse
1539 1319 1711 1345 nesciverunt.
1744 1316 1778 1343 Et
1793 1317 1861 1352 quod

1081 1369 1132 1401 ait,
1152 1367 1253 1400 Quibus
1266 1366 1376 1394 noluerit
1388 1365 1475 1392 Filius
1488 1364 1613 1396 revelare,
1627 1369 1695 1390 recte
1710 1362 1797 1391 habet.
1809 1361 1862 1394 Qui

1081 1414 1150 1442 enim
1167 1413 1199 1440 ab
1220 1412 1296 1439 initio
1316 1410 1405 1438 Filius
1426 1415 1475 1443 est,
1499 1410 1572 1437 solus
1595 1410 1741 1437 destinatus
1765 1413 1814 1441 est,
1833 1412 1862 1435 ut

1081 1460 1177 1497 quibus
1191 1459 1262 1494 cupit
1278 1458 1381 1486 revelat.
1413 1457 1546 1485 Accurata
1572 1464 1638 1484 sane
1652 1456 1686 1483 de
1700 1454 1761 1481 Filii
1784 1458 1863 1481 aeter-

1082 1507 1177 1539 nitate,
1193 1505 1308 1539 ejusque
1317 1511 1351 1531 ex
1364 1502 1445 1529 Patre
1457 1501 1632 1537 generatione
1646 1500 1805 1535 disputatio.
1815 1498 1862 1526 Dei

249 1546 349 1573 minem
364 1554 397 1574 ex
413 1552 488 1574 tanta
505 1547 645 1576 hominum
666 1550 848 1584 multitudine,
865 1555 918 1578 tam
932 1559 1030 1587 magno
1044 1554 1065 1582 C
1082 1557 1110 1580 et
1126 1551 1245 1579 hominis
1261 1550 1358 1583 Filius,
1379 1550 1413 1577 ab
1440 1548 1517 1576 initio
1543 1547 1628 1575 Filius
1645 1547 1765 1575 dicitur:
1791 1549 1862 1573 etut

249 1597 360 1627 accepto
375 1593 470 1620 nuntio
485 1593 586 1622 dixisse
602 1602 609 1621 :
630 1595 658 1622 ln
678 1595 798 1624 Judteam
822 1598 988 1632 proliciscar,
1003 1603 1034 1626 ut

249 1646 422 1674 cognoscam,
431 1644 521 1667 utrum
531 1641 582 1668 iste
595 1641 652 1668 haec
664 1641 804 1676 proferens
815 1650 876 1670 vera
890 1643 1034 1678 loquatur;

250 1692 347 1719 nempe
369 1684 414 1711 ὅτι
436 1685 501 1719 mg
517 1686 590 1713 Θεοῦ
604 1687 820 1722 ἐπιδεδήμηκεν
836 1689 874 1723 τῇ
894 1689 1031 1724 Ἰουδαίᾳ,

253 1739 263 1756 ι
281 1730 383 1757 Filium
405 1731 453 1758 Dei
467 1731 495 1758 in
508 1731 631 1760 Judteam
645 1734 790 1761 advenisse.
814 1744 820 1761 ι
842 1734 927 1763 Tanta
943 1735 1032 1764 admi-

249 1776 319 1804 ratio
333 1777 368 1804 ob
386 1778 538 1806 nuntiatum
561 1779 622 1806 Filii
639 1779 686 1808 Dei
702 1781 728 1807 in
742 1779 862 1809 Iudaeam
873 1782 1031 1816 adventum,

249 1830 312 1850 cum
327 1823 388 1858 ejus
409 1824 636 1858 praaexistentiam
654 1827 785 1860 praeclare
798 1827 926 1862 exprimit
939 1828 1032 1861 (nemo

249 1869 322 1896 enim
347 1869 446 1898 dixerit
468 1870 563 1898 Isaiam
591 1872 751 1906 prophetam
775 1873 918 1902 advenisse
937 1874 965 1902 in
983 1875 1032 1902 Ju-

249 1914 357 1950 daaam),
375 1920 442 1946 etum
468 1924 595 1952 magnum
623 1918 731 1953 aliquod
755 1920 914 1955 mysterium
939 1921 1034 1949 animo

250 1962 389 1990 observari
404 1963 584 1996 demonstrat,
592 1964 663 1999 quod
681 1973 695 1992 ιι
711 1964 865 1994 Socinianis
879 1970 906 1994 et
920 1966 1034 1995 Arianis

250 2010 412 2037 commentis
427 2009 505 2044 longe
516 2009 660 2044 discrepet.

288 2065 298 2081 ι
320 2055 388 2082 Cum
409 2056 460 2083 hac
484 2055 543 2082 Filii
571 2055 617 2083 Dei
643 2056 753 2084 notione
779 2057 894 2086 miriﬁce
916 2058 1032 2093 quadrat

250 2101 321 2136 quod
345 2108 425 2128 verus
440 2101 573 2136 Propheta
593 2102 658 2136 (quo
680 2102 789 2130 nomine
806 2101 945 2130 Christum
960 2103 1032 2131 desi-

251 2147 326 2182 gnat)
340 2147 414 2174 visus
426 2154 486 2174 esse
498 2147 614 2174 Abrahae
627 2147 727 2174 dicitur
744 2147 791 2175 lib.
807 2156 814 2176 ι
829 2147 1029 2185 Βεσοῃιιηωρ.

250 2194 296 2221 53.
324 2193 454 2220 Similiter
481 2193 547 2220 Mosi
575 2194 734 2228 apparuisse
760 2200 886 2222 narratur
902 2202 962 2230 cap.
984 2195 1028 2223 54.

250 2240 411 2274 Quicunque
436 2247 530 2267 verum
546 2241 579 2268 ab
592 2248 625 2268 eo
645 2248 698 2268 non
716 2240 870 2268 didicerunt
885 2261 893 2275 ,
914 2241 941 2269 hi
964 2240 1051 2281 illudf

250 2293 305 2313 non
317 2286 454 2313 invertisse
466 2290 493 2314 et
501 2291 653 2321 quaerentes
668 2286 769 2314 obiisse
780 2286 921 2321 dicuntur,
933 2287 1032 2316 homil.‘

250 2338 280 2364 ιι,
302 2339 361 2366 cap.
376 2331 393 2358 6
415 2340 423 2359 ε
444 2332 529 2358 Ὅσοι
553 2331 626 2358 ποτὲ
640 2331 784 2365 ἀλήθειαν
798 2331 908 2367 γνῶναι
928 2333 1033 2361 ἐπεθύ-

246 2385 360 2412 μησαν,
375 2377 453 2411 παρὰ
459 2377 493 2403 δὲ
505 2378 611 2405 τούτου
616 2377 722 2412 μαθεῖν
731 2377 827 2412 αὐτὴν
836 2378 892 2405 οὐκ
905 2379 1031 2413 mem-

249 2431 319 2456 σαν,
333 2423 376 2458 μὴ
392 2423 539 2458 εὑρόντες,
554 2422 710 2456 ζητοῦντες
723 2423 932 2459 ἐτελεύτησαν.

287 2479 297 2496 ι
322 2469 417 2497 Simon
443 2469 539 2504 Magus
563 2468 656 2496 homil.
682 2477 747 2503 xvu,
769 2477 829 2505 cap.
850 2470 877 2502 4,
894 2474 925 2497 ιιι
936 2470 1031 2504 probet

249 2514 335 2543 Deum
357 2520 420 2543 ante
445 2515 613 2548 incognitum
632 2523 647 2543 a
662 2515 772 2543 Christo
796 2516 962 2549 nuntiatum,
986 2515 1030 2543 his

249 2562 338 2590 verbis
359 2562 445 2589 utitur
462 2571 470 2589 :
488 2561 572 2589 Nemo
593 2562 662 2588 novit
690 2561 816 2595 Patrum,
842 2561 893 2588 nisi
921 2561 1031 2592 Filius:

247 2613 305 2636 tum
316 2608 390 2635 addit
401 2618 407 2635 :
419 2609 454 2635 Et
469 2608 524 2635 οὖν
531 2608 620 2642 αὐτὸς
626 2608 691 2641 Υἱὸς
700 2608 738 2643 ἦν
747 2609 764 2635 δ
779 2608 956 2642 amandare
973 2609 1030 2643 τῆς

247 2654 340 2682 αὐτοῦ
353 2655 528 2689 παρουσίας,
546 2655 589 2688 οἷς
602 2655 740 2682 ἐϐούλετο
757 2655 810 2682 τὸν
829 2654 923 2687 πᾶσιν
934 2655 1029 2690 ἄγνωτ-

248 2709 323 2728 στον
338 2701 559 2728 ἀπεκάλυπτεν.
578 2700 622 2728 «εἰ
636 2709 696 2736 ergo
712 2701 756 2736 qui
771 2700 875 2728 advenit
888 2721 896 2734 ,
913 2701 967 2736 ipse
978 2700 1029 2728 Fi-

247 2746 300 2773 lius
321 2752 390 2779 erat,
414 2751 472 2780 post
493 2754 569 2773 suum
589 2746 739 2779 adventum,
753 2746 847 2781 quibus
862 2745 954 2779 voluit,
969 2753 1031 2776 eum,

247 2793 292 2827 qui
315 2792 415 2818 cunctis
430 2792 577 2827 incognitus
599 2796 665 2826 erat,
681 2792 818 2820 revelavit.-
833 2801 843 2818 ι
860 2791 923 2818 Βᾶτε
936 2790 1027 2818 Simo-

1082 1603 1174 1634 pateat
1194 1601 1328 1632 quantum
1346 1596 1416 1623 inter
1438 1595 1548 1622 Patrem
1566 1598 1593 1622 et
1606 1597 1771 1626 creatorem,
1794 1591 1864 1619 inter

1082 1644 1182 1671 Filium
1194 1647 1221 1671 et
1239 1651 1296 1671 rem
1315 1646 1434 1670 creatam
1452 1641 1570 1672 intersit,
1589 1639 1673 1667 Deum
1691 1638 1777 1666 Judaei
1792 1646 1864 1674 qua-

1083 1695 1161 1717 tenus
1181 1689 1286 1716 Patrem
1299 1687 1413 1717 Christi.
1426 1687 1567 1722 ignorasse
1581 1685 1722 1717 dicuntur,
1737 1683 1866 1719 quamvis

1081 1743 1144 1763 eum
1159 1739 1188 1762 ut
1207 1739 1358 1762 creatorem
1374 1732 1497 1760 omnium
1509 1731 1592 1767 probe
1608 1730 1759 1758 novissent.

1120 1791 1130 1807 ‹
1153 1781 1235 1808 Multa
1256 1780 1282 1807 in
1312 1780 1435 1807 eamdem
1461 1778 1622 1806 sententiam
1646 1776 1708 1803 libri
1734 1775 1866 1811 Recogni-

1083 1830 1182 1854 tionum
1195 1825 1381 1861 suppeditant.
1394 1824 1455 1852 Lib.
1469 1832 1489 1857 I,
1508 1831 1570 1859 cap.
1583 1823 1628 1856 45,
1643 1822 1701 1849 haec
1715 1821 1864 1857 leguntur:

1082 1874 1149 1902 Cum
1159 1877 1226 1900 esset
1246 1872 1334 1899 Filius
1347 1871 1395 1898 Dei
1418 1875 1443 1898 et
1456 1861 1564 1897 initium
1584 1869 1712 1901 omnium,
1725 1867 1812 1903 factus
1824 1871 1864 1893 est

1081 1920 1168 1948 homo.
1181 1918 1215 1946 Et
1229 1925 1289 1954 cap.
1305 1918 1339 1946 69
1352 1927 1360 1945 ;
1374 1916 1465 1944 Nolite
1479 1921 1572 1951 putare
1584 1923 1630 1942 nos
1645 1914 1712 1941 duos
1730 1913 1866 1948 ingenito:

1081 1965 1168 1993 dicere
1181 1965 1260 1997 Deos,
1284 1969 1330 1991 aut
1347 1971 1428 1990 unum
1446 1962 1559 1989 divisum
1584 1968 1641 1988 esse
1659 1960 1686 1986 in
1711 1958 1791 1991 duos,
1812 1957 1864 1990 vel,

1083 2012 1152 2039 sicut
1170 2010 1245 2046 impii
1267 2009 1372 2042 dicunt,
1389 2010 1508 2035 eumdem
1528 2005 1676 2033 masculum
1697 2008 1722 2031 et
1737 2003 1865 2039 feminam

1080 2058 1122 2086 sui
1141 2057 1262 2092 effectum
1277 2063 1286 2082 :
1301 2055 1346 2082 sed
1370 2054 1472 2081 Filium
1494 2053 1541 2079 Dei
1557 2052 1722 2087 unigenitum
1735 2051 1865 2083 dicimus,

1080 2111 1176 2131 nones:
1189 2103 1243 2130 alio
1258 2101 1346 2133 initio,
1368 2100 1413 2127 sed
1432 2107 1464 2127 ex
1483 2099 1540 2133 ipso
1561 2097 1733 2132 ine/fabiliter
1756 2101 1863 2123 natum.

1081 2149 1211 2179 Similiter
1224 2149 1304 2175 etiam
1327 2147 1360 2174 de
1384 2145 1524 2174 Paracleto
1542 2144 1666 2171 dicimus.
1682 2142 1716 2170 Et
1752 2142 1802 2170 lib.
1821 2150 1866 2176 ut,

1081 2203 1141 2231 cap.
1157 2195 1191 2223 48
1205 2204 1212 2222 :
1227 2194 1324 2222 Noster
1335 2198 1421 2220 autem
1441 2191 1578 2226 Magister,
1590 2189 1635 2225 qui
1649 2194 1688 2216 est
1705 2188 1795 2216 Filius
1816 2188 1866 2215 Dei

1081 2247 1106 2270 et
1118 2241 1242 2273 hominis,
1259 2239 1397 2274 manifeste
1422 2238 1503 2265 bonus
1525 2241 1564 2264 est
1578 2243 1587 2263 ε
1603 2235 1671 2270 quod
1692 2240 1781 2262 autem
1805 2243 1869 2262 vere

1082 2287 1116 2314 sit
1129 2285 1228 2317 Filius,
1237 2286 1330 2321 quibus
1343 2284 1455 2319 oportuit
1468 2283 1569 2309 dictum
1579 2285 1617 2309 est
1629 2286 1654 2308 et
1667 2281 1778 2308 dicetur.
1793 2280 1870 2307 Hinc

1083 2341 1143 2368 cap.
1156 2333 1174 2359 2
1186 2331 1307 2367 ejusdem
1323 2331 1384 2358 libri
1402 2329 1559 2365 indignatur
1574 2327 1679 2360 Simon,
1692 2326 1747 2355 Deo
1761 2325 1867 2354 Filium

1083 2378 1194 2408 attribui
1208 2383 1338 2413 tanquam
1354 2375 1476 2403 animali.

1117 2423 1150 2452 ν.
1170 2422 1267 2450 Omnia
1282 2429 1298 2448 a
1312 2421 1382 2448 Filio
1398 2423 1489 2447 creata
1503 2426 1575 2452 esse,
1598 2417 1692 2445 multis
1705 2417 1775 2445 locis
1794 2424 1868 2444 con—

1082 2471 1204 2498 tlrmatur
1221 2478 1228 2496 :
1247 2467 1316 2495 Υὶοῦ
1336 2466 1421 2493 ἐστιν
1444 2465 1496 2492 τοῦ
1514 2463 1643 2498 οὐρανὸν
1658 2462 1708 2490 καὶ
1722 2461 1783 2497 γῆν
1800 2462 1870 2490 δια-

1083 2514 1308 2550 κοσμήσαντος,
1325 2513 1363 2539 ait
1384 2511 1494 2542 Petrus,
1518 2509 1615 2537 homil.
1642 2517 1719 2542 ιινιιι,
1746 2516 1810 2544 cap.
1837 2509 1867 2541 6,

1083 2561 1115 2588 τὸ
1129 2560 1153 2593 ᾦ
1171 2560 1317 2592 ,βούλεται
1344 2556 1538 2590 ἀποκαλύψω
1550 2555 1605 2582 τὸν
1627 2555 1662 2582 ἐν
1683 2554 1870 2589 ἀπορρήτοις

1081 2606 1203 2641 Πατέρα.
1228 2604 1270 2632 Ad
1291 2603 1393 2631 Filium
1414 2601 1472 2628 caeli
1501 2605 1525 2628 et
1548 2606 1625 2628 terra:
1659 2601 1868 2628 constitutorem

1081 2656 1180 2687 spectat
1195 2649 1308 2678 revelare
1332 2648 1374 2675 cui
1398 2647 1452 2675 uult
1468 2647 1552 2681 ipsius
1575 2645 1684 2673 Patrem
1705 2645 1733 2673 in
1749 2645 1868 2672 abscon-

1081 2698 1145 2725 ditis
1168 2696 1292 2732 positum.
1322 2694 1356 2721 Et
1385 2693 1478 2721 homil.
1501 2699 1557 2725 ιιι-ι,
1574 2699 1634 2726 cap.
1652 2691 1683 2719 ll
1704 2696 1731 2719 et
1750 2691 1796 2724 12,
1811 2691 1868 2718 ob—

1079 2743 1184 2779 jicienti
1200 2740 1304 2769 Simoni
1324 2739 1394 2768 duos
1409 2747 1469 2767 esse
1488 2744 1636 2771 creatures,
1652 2744 1685 2766 eo
1696 2737 1770 2772 quod
1783 2737 1869 2765 dixe-

1082 2790 1115 2819 rit
1140 2788 1223 2820 Deus,
1254 2786 1410 2820 Faciamus,
1437 2785 1478 2814 sic
1499 2784 1645 2820 respondet
1671 2782 1769 2812 Petrus
1787 2792 1795 2811 :
1812 2783 1871 2817 Εἷς

284 2859 340 2894 (ιὸ)
354 2858 442 2892 Philo,
459 2859 507 2887 tib.
521 2867 538 2886 ιι
557 2858 618 2893 Leg.
635 2858 762 2894 Atlegor.,
785 2863 850 2886 tom.
864 2857 885 2892 l,
898 2865 959 2892 pag.
975 2856 1021 2890 ιο,
1037 2857 1102 2886 edit.
1118 2855 1235 2883 Londin.
1250 2853 1329 2881 1H2.
