1945 3101
76 191 104 230 'n
358 220 365 226 .
623 203 849 231 cannarum.
869 218 905 225 ι--
917 187 1096 232 euomuit.
1651 205 1687 231 te

73 263 152 290 ἐστιν
166 263 182 290 ὁ
197 261 233 296 τῇ
258 263 353 291 αὑτοῦ
378 264 470 298 σοφίᾳ
485 263 585 290 εἰπών·
611 264 784 299 Ποιήσωμεν
800 264 852 291 ἆν-

907 265 1000 297 iustus.
1017 264 1106 292 Unum
1122 268 1150 291 et
1163 263 1288 292 eumdem
1309 263 1411 291 cultum
1428 264 1608 292 sanctissimo:
1618 263 1682 291 'l'ri-

73 311 191 344 θρωπον.
209 305 251 345 ᾟ
260 309 297 335 δὲ
306 309 408 344 σοφίᾳ,
417 309 518 344 ὥσπερ
527 310 589 343 toto:
603 311 848 345 π›ἐύματι,αὺτὸς

72 354 114 382 dsl
129 354 318 389 συνέχαιρεν.
346 355 473 382 ἰινωται
487 355 544 391 μὲν
564 357 604 389 ὡς
619 356 704 390 ψυχὴ
720 356 760 389 τῷ
779 355 849 388 Θεῷ·

73 400 225 427 ἐκτείνεται
242 400 279 427 δὲ
296 401 346 428 ἀπ’
369 401 479 433 αὐτοῦ,
494 402 534 434 ὡς
550 402 614 436 χεὶρ
631 401 852 436 δηιιιιυρτοῦσα

72 444 103 473 τὸ
126 444 194 473 πᾶν.
227 445 303 474 Unus
319 451 359 474 ut
369 448 414 482 qui
427 446 570 481 Sapientito
581 456 636 475 sate
645 448 715 475 dixit
727 455 737 474 :
751 447 852 474 Facio»

73 498 125 516 mus
140 489 283 519 hominem.
307 491 377 519 Iluic
397 501 455 520 vero
476 492 621 528 Sapientia:
645 499 770 528 tanquam
791 501 852 528 pro-

73 535 125 569 pn'o
137 536 243 570 spiritui
260 545 363 572 semper
377 538 432 572 ipse
447 539 636 574 congaudebat.
653 538 734 566 Unita
748 539 852 574 quidem

73 585 107 609 est
119 579 180 614 Deo,
195 586 225 608 ut
237 582 354 610 animo:
373 583 406 610 ab
419 592 449 610 eo
469 589 558 611 autem
579 584 730 611 extenditur
747 588 775 610 ut
795 592 852 610 ma-

75 633 129 658 nus,
151 626 353 654 universitatem
375 629 531 663 producent.
561 628 631 657 llinc
651 630 678 657 in
702 629 745 657 bis
761 629 852 656 verbis

74 668 161 697 homil.
182 678 221 703 xl,
244 680 309 708 cap.
327 673 382 700 2‘2:
398 673 432 700 Τὸ
455 674 572 709 πνεῦμα
596 674 653 702 ἀπὸ
670 674 722 701 τοῦ
739 674 774 701 τὰ
795 673 852 701 6.1a

75 716 261 750 πεποιηκότος
290 718 365 745 Θεοῦ
388 718 446 753 τὴν
476 719 575 753 ἀρχὴν
603 719 659 753 τῆς
681 718 853 752 ἐκστάσεως

74 760 147 794 ἔχει,
178 761 325 797 legendum
357 769 421 799 puto
446 764 594 799 ἐκτάσεως
631 765 747 801 Spiritus
766 774 781 791 a
797 764 851 792 Deo

74 807 113 840 qui
127 808 213 834 omnia
227 808 304 842 fecit,
315 809 420 836 initium
433 810 510 838 habet
526 811 696 838 extensionis.
710 811 788 846 Aqua
804 818 852 846 per

75 848 242 886 Unigcnitum
268 853 341 881 facta
353 854 453 883 dicitur
469 856 516 883 lib.
528 864 566 883 vn
606 856 731 892 Recogn..
747 864 807 891 cap.
822 856 851 883 8.

77 895 136 924 Vide
159 905 220 933 cap.
249 899 266 926 7
293 900 416 935 ejusdem
442 901 515 936 libri,
538 906 565 930 et
593 910 673 937 capp.
697 902 732 930 34
757 907 783 930 et
805 902 851 935 ιο,

902 311 979 338 nitati
1003 311 1126 339 adhiberi
1155 311 1264 343 docent,
1291 319 1352 346 quae
1377 311 1504 345 leguntur
1527 311 1620 338 homil.
1640 318 1683 343 Ill,

901 366 962 392 cap.
978 357 1012 384 72
1027 366 1033 384 :
1048 357 1108 384 Συῦ
1131 355 1187 391 γάρ
1207 356 1293 383 ἐστιν
1315 355 1390 388 δόξα
1413 355 1546 389 αἰώνιος,
1573 355 1684 390 ὕμνος.

901 402 993 436 Πατρῑ
1011 402 1059 429 καὶ
1078 401 1133 434 Υὶῷ
1146 401 1197 429 καὶ
1212 401 1285 436 ἁγίῳ
1301 401 1511 435 Πνεύματι,εὶς
1525 400 1594 434 τοὺς
1607 401 1685 436 σύμ-

902 456 1016 481 παντας
1030 447 1148 480 αἰῶνας.
1180 446 1281 482 Ἀμήν,
1293 446 1334 473 Αι1
1348 451 1371 473 te
1384 447 1453 473 enim
1466 447 1576 478 pertinet
1587 452 1684 474 aeterna

902 494 997 529 gloria,
1016 494 1086 526 laus,
1108 492 1185 520 Patri
1207 496 1231 519 et
1258 492 1330 518 Filio
1351 497 1375 519 ct
1391 490 1505 526 Spiritui
1529 497 1630 522 sancto.
1657 491 1683 518 in

902 539 990 567 omnia
1002 537 1111 566 secula.
1123 538 1216 564 Amen.
1234 536 1303 564 llinc
1319 537 1414 565 homil.
1431 544 1469 568 Ix,
1482 545 1542 571 cap.
1560 537 1607 569 25,
1620 537 1685 571 bap-

902 586 999 614 tismus
1021 583 1207 612 administrari
1224 583 1326 610 dicitur
1340 592 1347 609 :
1368 582 1567 617 Τρισμακαρίᾳ
1581 581 1683 608 enm-0.

899 631 1009 666 μασίᾳ,
1025 639 1034 655 ι
1054 628 1104 656 Ter
1128 628 1205 655 beata
1229 629 1414 655 inuocatione:
1433 636 1442 653 ι
1459 626 1531 662 quod
1549 627 1582 653 de
1599 626 1684 653 tribus

902 675 1028 703 Personis
1052 673 1253 706 Intelligendum
1277 678 1349 708 patet
1370 681 1403 700 ex
1426 672 1469 700 his
1490 671 1580 699 verbis
1610 672 1657 698 lib.
1676 679 1683 698 |

902 721 1049 756 Recognit.,
1065 728 1126 755 cap.
1139 720 1174 746 63
1190 729 1196 747 :
1214 719 1255 746 Ad
1276 719 1400 746 ultimum
1414 723 1510 750 autem,
1532 717 1618 752 inquit.
1631 716 1684 756 Pe-

903 771 972 798 trus,
985 765 1110 792 admonui
1130 773 1184 798 eos,
1201 771 1228 791 ut
1248 765 1402 799 priusquam
1422 763 1636 798 progrederemur
1649 754 1682 789 ad

888 812 890 814 ⁷
903 817 989 848 gentes
1004 812 1149 847 prtedicare
1161 812 1198 838 eis
1211 811 1371 846 agnitionem
1391 809 1439 836 Dei
1455 808 1557 840 Patris,
1578 807 1629 843 ipsi
1645 815 1685 834 re»

903 847 1108 886 conciliarentur
1122 857 1187 890 Deo,
1203 856 1371 890 suscipientes
1393 855 1493 882 Filium
1516 854 1583 889 ejus.
1601 847 1686 880 Aliter

904 905 973 931 enim
986 903 1060 930 nullo
1084 903 1161 930 modo
1175 911 1218 930 eos
1234 902 1335 929 ostendi
1356 909 1430 936 posse
1444 900 1554 932 salvari,
1575 899 1627 925 nisi
1640 889 1686 933 per

76 941 118 970 lib.
147 951 205 972 vm.
232 944 273 973 Ex
315 947 414 981 quibus
447 953 521 983 patet
558 946 851 985 pseudo—Clementem,
868 937 888 964 Β
905 948 1020 984 Spiritus
1033 949 1119 975 sancti
1134 948 1250 983 gratiam
1263 948 1340 974 trina:
1355 945 1527 973 invocationis
1540 944 1607 971 dilui
1619 944 1686 978 bap-

76 988 191 1020 quamvis
224 990 322 1018 multis
360 990 492 1020 Judaismi
537 993 659 1028 reliquiis
699 993 853 1028 implicatus

76 1037 149 1065 esset,
177 1033 249 1062 idem
273 1040 365 1064 tamen
390 1045 422 1065 ac
449 1043 564 1066 caeteros
589 1039 735 1074 scriptores
763 1039 854 1067 eccle-

77 1080 196 1108 siasticos
212 1080 245 1108 de
265 1082 362 1109 mundi
378 1090 425 1117 per
443 1082 540 1110 Filium
557 1085 696 1111 creatione
715 1084 850 1117 sensisse;

77 1133 160 1157 contra
172 1138 254 1165 quam
268 1130 359 1165 placet
371 1129 535 1163 Socinianis,
547 1131 594 1166 qui
610 1131 679 1158 hanc
689 1131 853 1163 doctrinam,

77 1176 228 1205 Christianis
251 1177 426 1204 circumcisis
447 1177 556 1212 penitus
578 1177 710 1213 ignotam,
727 1176 745 1204 a'
762 1177 852 1212 philo-

78 1222 160 1256 sophis
188 1222 350 1258 religionem
379 1221 605 1256 amplcctentibus
632 1221 769 1248 inductam
798 1221 854 1247 lin-

77 1270 144 1300 sunt.

111 1321 119 1337 ι
140 1311 228 1340 Multis
250 1311 316 1339 aliis
335 1311 417 1338 rebus
433 1311 589 1338 declaratur
607 1310 689 1346 hujus
709 1311 853 1346 scriptoris

77 1365 131 1384 cum
145 1357 293 1385 Catholicis
316 1357 460 1385 verborum
481 1361 508 1384 et
531 1357 730 1384 sententiarum
754 1356 852 1384 simili-

77 1403 144 1431 tudo.
162 1403 259 1431 Omnia
284 1410 368 1430 nosse
393 1402 493 1430 dicitur
518 1402 644 1430 Christus
670 1402 765 1430 bomil.
790 1409 852 1436 vm,

77 1456 130 1484 cap.
144 1449 188 1476 ιιι.
204 1449 289 1476 Solus
307 1448 416 1475 animas
437 1448 594 1475 illuminare
607 1455 698 1482 posse,
715 1447 790 1475 solus
808 1455 853 1475 ve-

79 1495 175 1523 ritatem
192 1499 327 1530 relegere,
352 1494 446 1521 homil.
467 1501 497 1526 ιι,
511 1501 573 1527 cap.
589 1493 616 1520 ι.
639 1492 720 1521 Solus
744 1493 852 1521 Patrem

79 1538 272 1569 immutabilitér
293 1541 397 1572 videre,
416 1537 499 1567 hom."
516 1547 583 1572 xvii,
603 1547 666 1574 cap.
682 1539 724 1568 l6.
747 1539 783 1567 Τὸ
797 1538 863 1575 γὰρ’

904 996 1009 1022 tismate
1024 998 1203 1030 properarent.

942 1041 987 1070 Vl.
1010 1050 1020 1067 ι
1043 1040 1143 1068 Ibidem
1171 1039 1250 1067 .lcsus
1278 1043 1390 1066 vocatur
1412 1037 1535 1064 Christus
1561 1042 1684 1063 wternus.

904 1087 983 1120 Quod
996 1090 1026 1114 ut
1038 1085 1215 1121 intelligatur,
1229 1092 1311 1119 quam
1343 1084 1397 1110 vim
1416 1086 1442 1109 et
1457 1081 1619 1109 sententiam
1636 1081 1686 1107 ha-

905 1134 977 1165 beat,
993 1132 1193 1160 observandum
1211 1135 1253 1158 est
1271 1131 1307 1157 ita
1323 1129 1415 1157 Jcsum
1434 1128 1538 1160 v0cari,
1553 1132 1582 1155 ut
1602 1134 1684 1161 oppo-

903 1184 985 1207 natur
1006 1177 1111 1205 Simoni
1127 1177 1173 1212 qui
1188 1183 1216 1203 se
1232 1175 1372 1202 Christum
1398 1179 1424 1202 ct
1441 1174 1563 1201 Stantem
1578 1172 1687 1200 dictita-

903 1225 960 1253 bat.
982 1223 1062 1252 Ἀντὶ
1077 1223 1130 1250 τοῦ
1146 1222 1238 1254 ὄντως
1256 1220 1380 1255 Χριστοῦ
1395 1219 1478 1254 ἡμῶν
1493 1218 1601 1251 ἑαυτὸν
1616 1218 1686 1249 ἁνα-

903 1271 1025 1306 τορεύει.
1047 1278 1058 1295 ι
1077 1268 1130 1295 Pro
1144 1275 1203 1294 vero
1228 1266 1333 1294 Christo
1358 1271 1446 1293 nostro
1465 1273 1492 1292 se
1513 1265 1598 1299 ipsum
1617 1271 1687 1298 prta-

903 1317 990 1348 dicat,
1008 1326 1017 1341 ι
1035 1314 1123 1350 inquit
1138 1313 1235 1348 Aquila
1259 1312 1355 1351 bomil.
1371 1319 1401 1343 ιι,
1415 1319 1475 1346 cap.
1493 1310 1538 1336 2'2.
1554 1309 1640 1336 Porro
1655 1316 1688 1336 co

904 1364 1015 1392 nemine
1030 1362 1161 1397 majorem
1173 1369 1202 1389 se
1215 1360 1310 1389 mundi
1328 1362 1462 1389 (:rcatore,
1479 1358 1579 1385 ibidem
1598 1357 1688 1384 decla-

904 1413 955 1437 rat.
969 1409 1036 1444 Cap.
1059 1408 1106 1441 ει,
1126 1408 1166 1435 sic
1183 1406 1316 1442 quau-cuti
1328 1405 1460 1433 Dositheo
1476 1414 1482 1432 :
1496 1403 1544 1431 Dic
1569 1404 1643 1435 mihi,
1665 1403 1688 1430 si

905 1459 933 1481 tu
944 1462 970 1481 es
987 1454 1077 1486 Stans,
1094 1458 1121 1480 ut
1140 1453 1245 1479 adorem
1270 1457 1311 1483 te;
1331 1450 1476 1485 respondet
1497 1449 1590 1476 Simon
1608 1458 1615 1476 :
1632 1447 1688 1483 Ego

905 1508 980 1532 sum;
995 1505 1022 1527 et
1037 1499 1129 1527 statim
1143 1498 1290 1526 Dosithcus
1306 1497 1416 1529 cecidit,
1434 1502 1461 1524 et
1472 1495 1595 1523 adoravit
1613 1503 1686 1522 eum.

904 1540 1013 1574 Nicetas
1028 1553 1087 1580 cap.
1097 1544 1143 1578 28,
1158 1544 1198 1572 sic
1211 1544 1338 1571 eumdem
1357 1535 1501 1570 Simonem
1518 1540 1666 1575 alloquitur
1679 1548 1687 1568 :

78 1586 215 1620 ἀτρέπτως
223 1584 423 1619 Πᾱτέριιὶδεῖν
437 1584 505 1611 Υὶοῦ
520 1583 600 1619 μόνον
616 1584 710 1610 ἐστιν.
721 1582 792 1610 Nam
800 1582 854 1610 Pa—

907 1593 976 1620 Deus
994 1599 1050 1619 esse
1069 1599 1121 1618 non
1142 1594 1213 1625 potes
1226 1597 1235 1616 .'
1248 1590 1310 1616 time
1329 1597 1399 1619 eum,
1414 1587 1460 1623 qui
1477 1595 1533 1614 vere
1555 1585 1624 1613 Deus
1638 1590 1686 1613 est.

80 1636 136 1658 trem
159 1630 365 1658 immutabiliter
389 1631 485 1661 uidere,
513 1630 600 1657 solius
627 1629 693 1656 Filii
713 1634 762 1656 est.
798 1629 852 1657 Ea-

79 1677 131 1704 dem
144 1677 241 1704 habent
256 1677 322 1704 libri
336 1675 566 1712 Reeognitiouum,
586 1675 735 1709 praesertim
759 1674 808 1702 lib.
822 1679 851 1707 ’v,

80 1731 132 1757 cap.
146 1723 186 1756 10,
203 1723 249 1750 ubi
270 1723 331 1749 haec
345 1721 459 1757 legimus
473 1730 480 1748 :
502 1721 552 1748 llic
563 1729 623 1754 ergo
643 1726 682 1748 est
695 1729 770 1748 uerus
786 1719 854 1747 Pro-

80 1769 157 1803 phet,
174 1769 218 1804 qui
240 1769 269 1795 in
292 1767 391 1794 Judwa
413 1767 486 1794 nobis
506 1767 639 1802 apparuit,
663 1771 692 1793 ut
718 1766 853 1794 audistis:

66 1822 68 1825 '
80 1816 118 1850 qui
134 1820 203 1842 storis
215 1815 323 1850 publice
335 1814 391 1841 sola
398 1813 646 1848 jussionefaciebat
657 1821 739 1840 cwcos
757 1813 854 1846 videre,

80 1862 163 1888 surdos
184 1861 297 1893 audire;
319 1859 429 1895 fugabat
452 1859 594 1890 dwmones,
612 1860 689 1894 a‘gris
713 1859 855 1886 sanitatem

81 1907 203 1940 reddebat,
227 1912 252 1934 et
280 1906 396 1933 mortuis
411 1907 502 1933 vitam.
525 1905 640 1940 Cumque
659 1905 726 1932 nihil
747 1906 772 1932 ei
789 1909 855 1932 esset

81 1951 238 1986 impossibile,
248 1948 520 1986 etiam-cogitationes
535 1950 670 1978 hominum
683 1950 833 1985 peroidebat
845 1957 855 1977 :

82 1998 141 2032 quod
154 1999 218 2025 nulli
231 2004 270 2026 est
286 1997 423 2033 possibile,
440 1998 491 2024 nisi
503 1997 554 2024 soli
567 1997 631 2025 Deo.

115 2052 123 2068 ι
144 2042 233 2078 Neque
243 2044 329 2071 etiam
342 2043 406 2070 illud
420 2042 582 2077 principium
595 2043 855 2077 praetermittendum

82 2092 127 2120 est,
139 2088 208 2122 quod
233 2088 301 2115 huic
314 2088 440 2122 scriptori
457 2095 521 2114 cum
545 2088 652 2116 cteteris
675 2088 856 2123 scriptoribus

82 2133 262 2161 ecclesiasticis
278 2141 428 2160 commune
451 2139 493 2160 est
507 2143 513 2160 :
529 2133 595 2161 deos
617 2134 670 2161 coli
688 2141 742 2160 non
763 2134 856 2167 licere,

83 2178 179 2206 etiamsi
194 2180 296 2206 summi
315 2184 341 2206 et
355 2178 550 2213 omnipotentis
565 2179 612 2206 Dei
631 2179 747 2206 ministri
759 2179 856 2206 dican-

84 2231 136 2257 tur;
151 2226 195 2252 sed
209 2226 259 2252 soli
272 2225 362 2258 Patri,
375 2229 403 2252 et
416 2225 486 2252 Filio
500 2230 527 2253 et
545 2225 659 2260 Spiritui
677 2229 772 2252 sancto
785 2225 858 2252 hunc

908 1638 1039 1666 Similiter
1055 1638 1184 1664 adorator
1196 1635 1351 1668 Simou,lib.
1370 1642 1387 1660 ιι
1400 1633 1547 1668 Recoguit.,
1563 1640 1623 1666 cap.
1642 1631 1686 1658 ll.

909 1684 937 1712 ln
949 1684 1043 1711 eodem
1058 1683 1139 1716 libro,
1152 1689 1212 1712 cap.
1229 1680 1272 1713 lt,
1294 1689 1340 1715 per
1362 1679 1507 1706 ridiculum
1523 1682 1635 1705 vocatur
1648 1677 1688 1703 iu-

904 1729 1087 1764 corruptibilis
1103 1728 1183 1755 Deus.
1201 1726 1260 1754 Non
1277 1726 1391 1754 dubium
1407 1732 1472 1759 ergo
1487 1723 1552 1759 quiti
1573 1722 1690 1764 pseudo-

907 1776 1045 1808 Clcmens,
1061 1782 1124 1802 cum
1136 1773 1229 1801 Jcsum
1247 1779 1342 1800 verum
1361 1775 1388 1798 et
1406 1760 1688 1797 :eternumChristum

905 1830 967 1850 csse
981 1820 1131 1853 contendit,
1147 1819 1239 1847 omnia
1261 1819 1286 1846 ei
1312 1817 1415 1844 tribuat
1436 1824 1497 1851 qua:
1523 1814 1574 1842 sibi
1594 1813 1688 1840 Simon

906 1875 954 1904 per
969 1873 1108 1894 summum
1126 1865 1202 1892 nefas
1215 1864 1370 1899 arrogabat.

944 1923 953 1940 ι
971 1912 1032 1940 Non
1043 1911 1274 1940 dissimulandum
1293 1914 1334 1936 est
1350 1907 1483 1936 nonnulla
1506 1905 1548 1933 his
1568 1905 1596 1932 in
1611 1903 1689 1930 libris

906 1967 1052 1988 occurrere
1069 1966 1131 1994 qum
1151 1958 1184 1985 de
1199 1956 1308 1985 Christo
1327 1955 1398 1982 dicta
1421 1953 1511 1980 minus
1530 1950 1689 1983 commode,

906 2011 933 2034 et
948 2006 1047 2034 Ruﬁno
1063 2005 1120 2033 visa
1142 2008 1207 2032 sunt
1221 2002 1347 2030 Eunomii
1364 1999 1525 2028 commentis
1539 1997 1690 2028 simillima,

906 2057 934 2079 et
949 2051 1130 2087 Epiphanium
1143 2050 1327 2079 adduxerunt,
1354 2051 1384 2074 ut
1406 2045 1539 2072 Ebionitis
1556 2052 1571 2070 a
1589 2043 1691 2077 quibus

908 2097 958 2124 bos
972 2097 1057 2124 libros
1078 2095 1255 2129 interpolatos
1270 2093 1392 2128 putabat,
1406 2090 1569 2119 sententiam
1583 2088 1692 2115 Arianas

910 2142 1051 2178 gemellam
1068 2141 1208 2176 allingcret
1219 2144 1314 2167 contra
1329 2139 1412 2165 totius
1425 2136 1595 2171 antiquitatis
1608 2135 1687 2160 testi-

909 2187 1045 2218 monium,
1062 2186 1117 2213 imo
1135 2189 1229 2213 contra
1257 2192 1337 2212 sumn
1364 2183 1460 2218 ipsius,
1483 2181 1528 2216 qui
1550 2179 1690 2207 Christum

910 2230 944 2257 ab
961 2229 1096 2258 Ebionitis
1117 2229 1268 2263 simplicem
1289 2228 1427 2255 hominem
1451 2226 1544 2253 haberi
1560 2224 1688 2251 declarat.

86 2268 205 2298 honorem
217 2271 398 2299 deferendum
414 2280 420 2298 :
436 2271 463 2297 in
476 2279 531 2306 quo
544 2271 653 2305 quidem
671 2270 785 2297 insania!
805 2279 857 2297 ῐιο-
874 2269 896 2296 ι)
911 2273 965 2302 Sed
985 2282 1047 2301 cum
1071 2275 1128 2301 hac
1146 2273 1244 2300 imitati
1267 2273 1320 2299 sint
1336 2271 1477 2306 Origenes,
1497 2269 1651 2296 Methodius
1665 2273 1693 2295 et

85 2317 132 2340 tam
153 2316 269 2352 ell‘ugere
292 2324 348 2343 non
372 2321 470 2351 potest,
499 2317 521 2344 si
551 2316 648 2344 Filium
673 2321 701 2343 et
726 2315 857 2351 Spiritum

86 2365 197 2388 sanctum
211 2362 238 2388 in
253 2362 337 2388 rebus
348 2361 447 2388 creatis
459 2361 628 2388 numerabat.
644 2360 766 2388 Primum
780 2360 859 2387 docet

87 2406 172 2433 llomil.
184 2415 210 2441 ι,
224 2415 286 2442 cap.
304 2407 338 2435 l5
353 2412 379 2434 et
394 2407 437 2440 16,
455 2412 483 2434 et
504 2407 615 2442 Recogn.
631 2407 677 2434 lib.
695 2415 721 2439 v,
738 2414 798 2441 cap.
813 2406 857 2433 19.

87 2451 198 2480 Alterum
221 2454 318 2482 multis
342 2454 409 2481 locis
432 2458 557 2481 testatur.
575 2453 612 2481 De
628 2454 702 2481 cultu
725 2452 813 2480 Patris
833 2456 861 2479 et

88 2494 141 2523 Filii
156 2498 192 2525 sic
208 2499 332 2534 loquitur
351 2498 448 2526 Petrus
464 2499 509 2526 lib.
536 2507 552 2526 x
573 2498 707 2534 Recognit.
730 2506 790 2533 cap.
804 2497 857 2525 47:

88 2540 151 2574 Quid
164 2544 229 2570 enim
240 2550 279 2572 est
298 2545 325 2570 in
343 2552 394 2579 quo
407 2544 543 2571 aduersari
557 2544 740 2578 prtcdicationi
762 2549 859 2571 nostra:

88 2590 140 2622 quis
150 2591 235 2618 debeat
245 2593 257 2618 ?
267 2597 314 2619 aut
328 2592 356 2618 in
375 2599 426 2626 quo
440 2596 532 2618 contra
547 2592 600 2618 veri
612 2591 764 2626 honestique
781 2591 858 2625 ﬁdem

90 2643 163 2662 sermo
175 2637 372 2671 prozdicationis
388 2642 486 2664 nostrw
499 2637 723 2672 deprehenditur?
732 2637 777 2672 qui
793 2636 858 2663 dicit

92 2683 256 2709 honorandum
273 2692 328 2711 esse
342 2683 426 2711 Deum
443 2689 467 2710 et
486 2681 594 2710 Putrem
610 2682 726 2709 omnium
740 2682 860 2709 condito~

93 2734 149 2760 rem,
159 2729 259 2765 ejusque
274 2730 374 2757 Filium
387 2732 432 2764 qui
444 2729 515 2756 solus
528 2737 587 2756 eum
596 2734 620 2756 et
634 2729 793 2756 voluntatem
802 2729 859 2764 ejus

96 2773 163 2806 norit,
180 2775 269 2810 cuique
286 2775 337 2802 soli
363 2775 395 2801 de
417 2774 538 2801 omnibus
558 2773 715 2801 credendum
740 2779 778 2801 est
801 2782 859 2809 qua:

99 2821 200 2854 succepit
214 2828 222 2847 :
237 2821 307 2848 solus
331 2821 402 2848 enim
422 2824 461 2847 est
484 2820 526 2846 lex
540 2824 564 2846 et
579 2819 716 2854 legislutor
738 2825 762 2847 et
775 2819 858 2855 iudex

129 2886 177 2921 (16)
189 2887 296 2919 Justin.,
312 2888 387 2916 Dial.
400 2897 460 2921 cap.
477 2889 520 2915 47.

130 2897 177 2921 ιιιη
189 2897 296 2919 susum,
312 2897 387 2916 um.
400 2897 431 2915 ca
454 2908 460 2914 .
477 2897 520 2915 st.

130 2921 179 2956 tl?)
196 2922 310 2958 HICI’OII.,
331 2923 418 2959 Epist.
432 2897 477 2957 δι),
492 2924 525 2950 ad
537 2922 652 2959 August.

910 2320 1079 2352 Lactantius,
1092 2320 1144 2346 crit
1158 2323 1263 2354 tempus
1277 2319 1309 2345 de
1326 2317 1367 2344 his
1384 2316 1478 2351 agendi
1497 2316 1583 2349 inagis
1596 2322 1693 2349 oppor-

910 2373 1018 2400 tunum,
1036 2373 1098 2394 cum
1121 2365 1260 2392 solvendis
1283 2368 1441 2391 sanctorum
1466 2362 1576 2390 Patrum
1597 2361 1693 2389 dillici-

910 2414 1023 2441 lioribus
1039 2413 1105 2440 locis
1118 2419 1227 2447 operam
1244 2411 1378 2438 dabimus.

948 2467 957 2483 ι
981 2457 1020 2484 Ex
1036 2457 1078 2484 his
1092 2462 1183 2483 autem
1195 2463 1256 2490 qua:
1267 2454 1420 2486 attulimus,
1439 2453 1517 2481 facile
1531 2453 1694 2488 perspicitur

910 2503 984 2530 hunc
999 2503 1161 2538 scriptorem
1174 2509 1227 2528 non
1241 2501 1322 2527 modo
1338 2500 1405 2526 nihil
1419 2500 1519 2526 habere
1531 2499 1603 2533 quod
1615 2498 1694 2525 Ebio—

910 2550 1030 2577 nitarum
1046 2556 1166 2576 errorem
1182 2547 1314 2579 redoleat,
1331 2546 1377 2573 sed
1390 2546 1472 2572 ctiam
1488 2545 1522 2572 de
1539 2544 1596 2571 Filii
1611 2549 1693 2571 aeter-

910 2597 1004 2628 nitate,
1020 2595 1219 2629 omnipotentia
1237 2598 1264 2622 et
1276 2602 1337 2621 vera
1360 2601 1392 2620 ex
1420 2592 1499 2619 Patre
1518 2591 1693 2626 gemat-alioue

910 2646 982 2669 recte
993 2641 1104 2669 sentire.
1117 2641 1208 2674 Quare
1221 2648 1282 2675 qme
1293 2640 1326 2667 de
1339 2638 1474 2665 Nazara'is
1487 2636 1611 2664 Justinus
1623 2636 1690 2669 (16),

909 2687 1092 2722 Hieronymus
1107 2686 1164 2721 (l7)
1180 2691 1207 2713 et
1223 2685 1392 2720 Augustinus
1404 2683 1460 2717 (18)
1482 2686 1627 2712 testantur,
1644 2688 1691 2708 eos

910 2732 1039 2759 nimirum
1056 2731 1118 2758 Filii
1142 2731 1311 2758 divinitatem
1335 2729 1494 2764 agnovisse;
1522 2735 1553 2754 ea
1576 2727 1639 2762 quis
1664 2726 1691 2754 in

909 2777 1022 2805 dubium
1034 2782 1152 2809 revocet,
1167 2785 1229 2804 cum
1247 2781 1274 2803 et
1285 2775 1367 2802 tantis
1380 2773 1541 2800 auctoribus
1556 2773 1690 2805 nitantur,

909 2827 936 2851 et
963 2823 991 2850 in
1018 2823 1153 2858 scriptore
1171 2822 1237 2856 legis
1256 2819 1475 2848 obsenationem
1499 2819 1628 2846 audacter
1643 2819 1690 2846 (Ιο-

948 2890 1004 2927 (l8)
1024 2890 1154 2926 August.,
1169 2889 1215 2916 lib.
1234 2887 1270 2914 De
1283 2888 1376 2914 liter-es.
