1945 3101
66 183 93 213 ΙΙ
360 209 366 215 .
609 186 834 215 ειΕΜεΝτιΝΑ.

906 187 1086 215 ΡΒΟαΣΜΙΑ.
1633 191 1667 218 εξ

66 245 176 276 quantum
190 241 347 269 valetudinis
362 243 506 278 viriumque
519 248 667 279 supererat,
683 245 718 271 ad
736 253 766 272 ea
783 243 892 276 contuli,
912 252 970 279 qua:
990 244 1098 279 majoris
1120 246 1243 272 momenti
1254 246 1317 273 mihi
1329 251 1404 273 erant
1422 246 1577 274 absolvenda
1592 253 1670 283 aulae

64 291 214 326 ptrﬁcienaa.
233 289 293 323 Quo
309 291 378 325 facto
392 291 427 318 ad
442 290 600 319 Clementem
614 292 762 319 Romanum
776 300 892 319 reversus
903 292 961 327 jam
970 292 995 318 in
1006 293 1096 319 limine
1106 300 1223 328 cognoui,
1239 293 1269 320 ob
1286 295 1456 321 recentiorum
1473 294 1610 326 librorum.
1625 296 1670 330 qui

65 339 89 366 in
104 339 226 366 auxilium
241 339 352 366 vocandi
362 344 457 372 essent,
474 339 564 368 Romw
577 341 727 376 penuriam,
739 340 822 376 justis
836 341 972 368 hominum
989 341 1215 376 transulpinorum
1226 341 1364 370 desideriis
1376 350 1416 369 me
1428 351 1479 369 non
1496 343 1535 369 ita
1560 344 1672 378 satisfa-

65 393 155 415 cturum
167 397 229 422 esse,
243 394 272 415 ut
289 389 316 415 in
330 396 433 415 summa
447 388 563 422 faciendi
582 389 716 416 voluntate
729 393 786 416 erat
802 393 827 416 et
843 389 944 424 alioqui
953 389 1012 423 ﬁeri
1033 389 1170 424 potuisset.
1189 388 1254 416 llcec
1268 389 1420 426 similiaque
1438 398 1495 416 cum
1512 395 1671 424 reputarem,

66 438 146 464 timens
156 445 185 464 ne
196 437 260 471 quid
274 438 411 473 indignum
420 439 468 466 hac
477 443 555 466 (etate
566 438 631 464 mihi
643 437 785 470 excideret,
793 445 822 464 eo
833 437 886 472 fere
897 442 999 464 centum
1011 442 1060 470 est,
1069 442 1097 464 ut
1108 445 1125 464 a
1137 436 1266 464 Clemente
1276 437 1393 465 Romano
1401 439 1546 474 evulgondo
1561 439 1672 466 desiste-

66 494 120 512 rem.
130 485 248 512 Attamen
257 487 362 517 criticis,
370 495 400 513 ne
414 487 516 514 inventa
525 485 590 513 mihi
601 485 728 512 obliuione
739 485 823 511 denuo
833 484 1015 519 sepelirentur,
1025 486 1120 512 iterum
1131 485 1277 520 iterumque
1288 486 1491 514 adhortantibus
1503 487 1608 515 tandem
1617 496 1674 515 cen-

66 533 157 560 suiesse
170 533 390 562 culendumJam
402 535 470 561 enim
479 542 634 569 persuasum
645 533 708 560 mihi
718 539 767 565 est,
779 541 837 568 qua:
849 532 973 560 Homiliis
982 533 1076 560 critica
1089 532 1254 559 adminicula
1266 538 1322 560 tum
1336 542 1349 560 e
1358 534 1446 561 codice
1456 540 1567 570 reperto,
1575 541 1630 562 tnnt
1641 543 1674 562 es

65 583 164 609 editione
178 582 296 617 principe
308 582 398 615 attuli,
419 583 443 610 si
461 589 563 618 partem
578 582 705 608 hactenus
719 581 845 608 ineditam
858 581 954 613 addas,
974 590 1061 608 coram
1081 582 1126 614 iis,
1142 589 1217 616 penes
1237 589 1301 616 quos
1320 582 1456 616 hujusmci
1473 583 1606 617 judicium
1622 589 1672 615 est.

66 628 214 662 equiparare
225 636 255 654 ea
275 636 352 663 posse
364 629 469 664 quantis
483 628 581 655 notulis
594 628 788 663 explanatoriis
802 628 889 655 adhuc
903 628 1019 662 indigere
1034 628 1182 654 videantur.
1201 628 1239 655 Ac
1260 629 1390 655 mentione
1405 629 1529 656 editionis
1547 630 1674 664 principis

67 675 129 709 [acta
141 684 190 702 non
209 676 275 702 satis
291 677 386 703 mirari
398 684 516 711 possum,
529 676 660 712 quomodo
676 675 832 711 Scltwegleri
844 675 1010 710 diligentiam
1029 679 1054 702 et
1073 675 1246 710 sagacitatem
1261 683 1363 702 summa
1382 677 1526 703 necessitas
1541 676 1674 710 e/fugerit,

66 730 115 749 eam
126 723 161 750 uel
178 725 377 752 accuratissime
395 726 534 757 revisendi,
554 733 604 760 quo
620 725 772 752 vulneribus
787 725 814 751 in
828 724 913 751 tribus
928 723 956 751 Ι.
976 723 1073 751 Clerici
1087 724 1147 752 edd.
1169 733 1214 751 an.
1239 724 1319 757 1698,
1333 724 1414 758 i700,
1428 724 1498 752 1724
1518 726 1601 752 textui
1618 725 1675 760 ejus

67 771 161 805 inﬂictis
178 773 277 799 nudela
289 773 443 807 offerretur.
461 773 528 801 Istic
547 773 794 800 nimirum—sileo
810 772 914 799 levioris
935 772 1061 798 momenti
1086 772 1181 798 menda
1195 785 1225 791 —-
1240 771 1331 798 multo:
1354 780 1425 799 voces
1446 773 1569 806 antisse,
1589 773 1676 807 plures

68 824 147 846 contra
161 819 247 848 Paris.
262 820 327 848 libri
342 823 528 850 auctoritatem
547 823 603 849 sine
622 821 679 849 ulla
702 829 785 849 causa
800 821 880 848 tacite
902 825 1022 853 mutate,
1037 820 1160 854 plurima:
1178 827 1312 854 perperam
1328 825 1470 854 corruptw.
1487 819 1553 853 Qua:
1571 821 1677 856 quidem

67 869 144 901 paucis
157 870 269 904 exceptis
283 879 336 897 non
346 871 431 898 solum
442 879 459 898 a
471 871 614 898 novissimo
628 870 729 898 editore
745 870 866 904 repetita,
878 869 924 896 sed
939 877 1005 895 nova
1023 876 1144 896 errorum
1166 868 1284 902 congerie
1300 872 1378 895 aucta
1393 874 1467 896 sunt.
1484 867 1513 895 Is
1531 870 1602 896 enim
1615 867 1676 900 Cle-

68 916 110 942 rici
125 918 295 945 recensione»:
307 923 408 945 textum
421 917 544 945 editionis
563 925 604 951 pr.
621 917 763 952 genuinum
778 921 887 951 putans,
899 916 996 943 centies
1007 915 1137 943 Cotelerio
1156 916 1223 943 hanc
1237 915 1342 943 illamoe
1355 916 1493 943 lectionem
1515 924 1560 943 seu
1581 916 1676 943 bonam

67 971 105 990 seu
116 972 218 998 pravam
230 966 347 1000 afﬁnxit,
363 967 395 994 de
407 975 460 1001 qua
475 966 520 993 ille
533 974 565 993 ne
580 965 713 992 somniare
726 965 831 1000 quidem
846 973 928 991 ausus
940 969 990 992 est.
1012 964 1096 991 Taceo
1119 965 1231 1000 reliqua,
1246 973 1305 1000 quce
1329 964 1361 991 ab
1381 964 1444 991 aliis
1463 963 1575 998 intelligi
1594 963 1676 993 malo.

68 1019 160 1043 quanta
178 1022 217 1041 me
231 1014 298 1042 dici.
317 1014 358 1041 Ne
374 1014 482 1041 multa:
497 1022 528 1041 en
554 1014 602 1041 tibi
630 1013 806 1040 recensionem
830 1011 1011 1039 Homiliarum
1033 1013 1165 1047 prioribus
1183 1012 1374 1039 accuratiorem
1396 1016 1431 1044 et,
1458 1012 1481 1038 si
1500 1011 1678 1046 integritatem

70 1063 155 1092 spectas
170 1059 302 1091 ,omnibus
324 1061 441 1087 numeris
454 1059 616 1087 absolutam.
632 1059 723 1095 Neque
734 1067 793 1086 vero
804 1058 864 1092 illa,
878 1066 939 1092 qui:
961 1066 1033 1086 nove
1047 1059 1108 1093 huic
1126 1059 1237 1086 editioni
1257 1063 1412 1086 ornamento
1423 1063 1472 1090 est,
1489 1057 1590 1093 glorior
1608 1058 1678 1085 inte-

69 1105 169 1140 gritate:
184 1106 254 1134 alius
267 1115 371 1143 quoque
386 1108 502 1135 invenire
518 1107 657 1142 potuisset,
669 1114 728 1142 qua:
742 1106 806 1133 mihi
822 1105 936 1133 invenire
958 1106 1079 1142 contigit,
1093 1107 1212 1141 quamvis
1225 1107 1259 1134 ad
1273 1115 1354 1133 unum
1367 1114 1454 1134 omnes
1470 1113 1500 1133 ea
1513 1105 1600 1134 adhuc
1611 1114 1680 1141 pra:-

69 1154 179 1182 tm‘erint.
191 1155 273 1190 Atqui
295 1164 328 1183 ea
342 1155 465 1184 humana:
479 1157 541 1183 vitae
555 1156 670 1183 conditio
683 1159 734 1187 est,
748 1159 777 1181 ut
796 1155 895 1188 pturies
917 1158 1035 1189 negetur,
1055 1154 1119 1189 quin
1134 1162 1164 1181 eo
1183 1153 1281 1189 aliquis
1301 1154 1440 1188 quesitum
1459 1157 1501 1180 eat
1519 1160 1570 1187 quo
1588 1152 1680 1180 luben-

69 1201 153 1229 tissime
167 1203 235 1237 velit,
247 1205 396 1232 secundum
411 1204 533 1232 Graecum
547 1204 616 1231 illud
628 1211 637 1230 :

423 1253 464 1279 Οὐ
479 1252 592 1284 παντὸς
611 1251 719 1286 ἀνδρὸς
733 1251 766 1285 ὲς
780 1251 926 1285 Κόρινθον
941 1249 1004 1277 ἐσθ’
1018 1251 1034 1277 ό
1048 1249 1155 1283 πλοῦς.

96 1297 186 1334 Scripsi
198 1299 290 1328 nam
304 1299 369 1328 Kal.
388 1300 446 1327 Jul.
463 1300 543 1328 1852.

349 1379 576 1411 CLEMENTIS
598 1378 759 1409 ROMANI
789 1377 1053 1410 HOMILIARUM
1083 1376 1256 1408 CODICES
1283 1377 1370 1408 MSS.

95 1438 117 1467 Ι.
135 1438 162 1466 In
179 1439 336 1475 Defensione
348 1449 396 1476 pro
410 1439 562 1468 Canonibus
579 1441 760 1475 apostolorum
781 1445 806 1468 et
832 1440 962 1476 Epistolis
980 1439 1135 1475 pontificum
1157 1438 1321 1466 Franciscus
1336 1438 1488 1466 Turrianus
1507 1446 1523 1465 e
1543 1445 1594 1465 ms.
1610 1445 1681 1472 quo-

68 1483 121 1510 dam
141 1485 230 1513 Graeca
249 1486 331 1518 citat,
350 1494 412 1522 quae
429 1486 455 1514 in
468 1485 617 1514 Clementis
630 1485 663 1514 Κ.
680 1486 806 1514 Homiliis
823 1486 1007 1522 reperiuntur.
1028 1485 1089 1512 Alia
1114 1484 1315 1520 Metaphrasten
1340 1485 1424 1515 olent,
1445 1486 1496 1513 alia
1520 1486 1552 1513 ad
1567 1485 1682 1513 Ottobo-

68 1532 130 1560 niani
143 1533 284 1562 lectionem
303 1537 352 1561 aut
368 1542 452 1569 prope
466 1534 611 1569 accedunt,
627 1539 676 1562 aut
689 1535 757 1562 nihil
770 1534 805 1562 ab
817 1542 850 1562 ea
865 1534 1005 1562 diderunt.
1024 1532 1209 1561 Nihilosecius
1222 1541 1336 1568 prorsus
1358 1533 1431 1561 aliud
1447 1539 1488 1562 est
1504 1542 1536 1561 ac
1555 1538 1679 1562 nostrum

67 1584 89 1606 et
100 1578 257 1608 Parisinum.
278 1580 310 1608 ld
323 1582 390 1610 satis
404 1590 476 1611 unus
489 1583 534 1611 ille
549 1584 628 1611 locus
643 1583 742 1618 probat
760 1582 786 1610 in
812 1582 926 1618 epistola
943 1581 1074 1610 'l'urriani
1096 1582 1130 1610 ad
1150 1581 1264 1610 Hosium
1280 1582 1447 1610 cardinalem
1472 1582 1583 1612 allatus.
1599 1589 1681 1616 quem

68 1625 99 1654 hic
114 1626 190 1655 habes
203 1628 230 1655 in
240 1627 328 1656 Hom.
346 1636 414 1663 xvn,
434 1630 479 1658 15.

95 1673 119 1700 2.
140 1683 149 1699 ε
165 1674 321 1703 Cotelerius
346 1677 486 1712 exemplar
505 1685 585 1706 suum
602 1682 740 1711 accurate,
755 1678 810 1705 imo
831 1677 967 1713 religiose,
993 1685 1028 1706 ne
1055 1677 1175 1706 litterula
1191 1677 1300 1713 quidem
1313 1681 1428 1709 mutata,
1440 1678 1585 1713 descripsit
1599 1685 1633 1706 ex
1646 1686 1682 1705 eo

66 1722 147 1750 Codice
159 1722 354 1758 Homiliarnm,
370 1726 417 1759 qui
431 1732 514 1758 unus,
530 1729 665 1760 quantum
679 1725 775 1758 sciam,
795 1725 926 1760 temporis
946 1725 1062 1761 injurias
1083 1725 1207 1761 pertulit,
1231 1725 1381 1753 Parisiensi
1399 1725 1484 1761 Regio
1505 1725 1576 1753 1648
1592 1726 1679 1761 (nunc

68 1768 134 1803 H96,
148 1770 170 1798 si
181 1776 254 1798 recte
268 1779 393 1806 auguror
407 1779 441 1799 ex
454 1771 541 1800 Catal.
556 1773 616 1801 cod.
634 1780 700 1801 mss.
719 1773 788 1801 Bibl.
807 1773 875 1809 Reg.
895 1773 958 1801 Par.
988 1774 1068 1808 I740,
1085 1778 1152 1802 tom.
1172 1773 1205 1807 ll,
1229 1773 1257 1801 in
1278 1781 1359 1809 quem
1384 1774 1492 1801 numeri
1513 1774 1678 1802 Coteleriani

67 1823 112 1842 non
126 1818 314 1853 conveniunt).
330 1817 359 1845 In
378 1818 532 1846 subsidium
546 1819 671 1847 adhibuit
686 1819 883 1848 Clementinam
909 1819 1064 1855 Epitomen,
1088 1828 1170 1855 quam
1195 1825 1221 1848 et
1239 1821 1327 1855 ipsam
1344 1828 1360 1847 e
1391 1819 1450 1848 cod.
1465 1819 1530 1855 Reg.
1551 1819 1566 1846 7
1580 1820 1684 1847 descri-

67 1866 129 1896 ptam
141 1862 166 1890 in
178 1871 260 1898 opere
276 1871 342 1896 suo,
357 1864 463 1898 primus
476 1868 538 1899 post
553 1864 723 1898 Tumebum,
739 1865 840 1900 publici
852 1864 924 1900 juris
938 1864 1012 1892 fecit.
1031 1864 1178 1892 Praeterera
1195 1865 1316 1893 excussit
1328 1865 1408 1893 codd.
1425 1865 1489 1901 Reg.
1509 1865 1560 1892 H8
1573 1870 1601 1893 et
1611 1865 1676 1898 804,

67 1907 106 1940 qui
119 1908 254 1936 continent
273 1908 401 1936 eamdem
416 1909 569 1944 Epitomen,
584 1911 631 1938 sed
653 1910 735 1945 paulo
749 1910 900 1938 auctiorem
915 1918 948 1938 ex
965 1909 1146 1938 Homiliarum
1164 1910 1327 1947 fragmentis
1344 1911 1391 1946 (cf.
1408 1919 1469 1946 qua:
1490 1911 1683 1939 adnotavimus

67 1954 94 1980 ad
106 1955 146 1987 il,
155 1956 170 1983 5
181 1955 275 1993 [infra,
289 1957 346 1987 col.
357 1957 404 1993 55]
416 1963 440 1985 et
454 1958 557 1991 555,18
567 1958 632 1995 [coL
645 1958 722 1995 295].
744 1958 779 1987 lis
792 1959 922 1988 subsidiis
935 1959 1088 1988 Cotelerius
1103 1959 1138 1987 ita
1148 1967 1216 1988 usus
1228 1964 1280 1992 est,
1294 1964 1324 1987 ut
1336 1960 1407 1987 haud
1419 1967 1504 1995 pauca
1515 1959 1618 1987 codicis
1631 1960 1678 1987 sui

67 2005 152 2032 menda
164 2006 191 2033 in
205 2005 334 2041 margine
347 2004 477 2032 editionis
492 2012 549 2032 sua:
566 2009 657 2040 posset
672 2006 829 2034 emendare.
853 2015 862 2032 ›
880 2004 919 2033 ita
941 2005 1131 2041 Schweglerus
1149 2006 1176 2033 in
1198 2005 1370 2042 Praefatioue.
1389 2005 1445 2042 Ego
1460 2005 1570 2040 quidem
1584 2005 1680 2033 dubito

68 2059 123 2078 num
142 2052 292 2080 Cotelerius
308 2052 337 2079 in
353 2052 533 2080 describendo
549 2052 643 2080 codice
656 2052 743 2080 Paris.
758 2053 848 2080 ubivis
865 2053 911 2080 illa
926 2053 978 2080 fide
994 2057 1077 2088 atque
1096 2053 1228 2088 religione
1242 2061 1309 2081 usus
1326 2053 1418 2086 fuerit,
1440 2061 1494 2088 qua
1513 2053 1541 2080 in
1563 2053 1615 2080 hoc
1630 2060 1680 2088 ge—

67 2106 123 2127 nere
137 2109 203 2136 opus
216 2106 259 2129 est
274 2111 281 2128 :
301 2101 329 2128 id
344 2100 418 2136 quod
432 2108 466 2128 ex
488 2101 582 2129 multis
595 2100 664 2129 locis
683 2108 746 2128 cum
765 2105 860 2128 nostro
873 2100 997 2136 ejusdem
1011 2099 1122 2127 familiae
1142 2099 1331 2135 manuscripto
1344 2105 1471 2127 accurate
1493 2099 1600 2126 collatis
1624 2099 1686 2127 luco

67 2150 154 2178 clarius
162 2157 284 2186 apparet.
296 2151 391 2179 Codex
404 2151 491 2178 Paris.
509 2159 668 2187 quanquam
681 2151 708 2179 in
723 2150 812 2178 fronte
822 2158 835 2179 e

917 2154 933 2178 τι
947 2159 953 2177 :
967 2150 1076 2183 Βίϐλος
1084 2149 1199 2183 ἔχουσα
1211 2149 1330 2184 ὁμιλίας
1344 2148 1506 2184 διαφόρους
1517 2147 1575 2174 ἀπὸ
1583 2146 1685 2182 φωνῆς

67 2198 112 2224 τοῦ
126 2199 206 2234 ἀτίου
221 2200 340 2234 Πέτρου
356 2200 409 2227 τοῦ
429 2199 613 2231 ἀποστόλου,
629 2199 836 2234 συγ-γραφεῖσα
849 2198 907 2226 ὑπὸ
923 2198 976 2226 τοῦ
991 2197 1077 2233 ἁγίου
1091 2196 1275 2232 Κλήμεντος,
1294 2197 1314 2231 ἠ
1340 2197 1487 2232 λεγομένη
1510 2196 1682 2231 Κλημέντια,

68 2244 208 2272 τουτέστιν
220 2246 386 2282 Κλήμεντος
404 2246 617 2280 συγγράμματα.
634 2245 766 2280 Περιέχει
775 2244 810 2272 δὲ
819 2245 838 2279 ἠ
847 2244 923 2278 αὑτὴ
931 2244 1040 2277 ,βίϐλος
1058 2242 1128 2270 τάδε
1140 2251 1146 2258 ’
1165 2243 1334 2278 προλόγους
1351 2242 1439 2277 τρεῖς,
1451 2242 1567 2276 ὁμιλίας
1576 2242 1682 2273 εἴκοσι,

69 2292 169 2320 mutilus
187 2297 279 2321 tamen
297 2293 401 2322 desinit
417 2294 443 2321 in
458 2293 539 2321 Hom.
553 2302 611 2326 xix,
630 2293 674 2321 14.

96 2339 121 2367 3.
139 2340 228 2369 Codex
243 2350 300 2370 ms.
316 2342 363 2377 qui
379 2341 414 2369 ad
437 2349 536 2369 novam
561 2340 742 2369 Homiliarum
766 2341 912 2369 editionem
929 2340 1127 2368 conficiendam
1151 2340 1276 2367 criticum
1302 2347 1402 2374 penum
1428 2339 1493 2366 mihi
1518 2338 1624 2374 aperuit
1641 2339 1684 2366 vel

70 2387 235 2425 uberrimum,
250 2396 408 2424 earumque
439 2389 520 2416 linem
538 2389 681 2424 hucusque
697 2389 882 2418 desideratum
898 2389 997 2416 unicus
1012 2388 1139 2423 largitur,
1154 2388 1187 2415 ad
1212 2395 1272 2415 eam
1290 2387 1408 2422 pertinet
1423 2386 1561 2414 Vaticana
1583 2386 1684 2413 biblio~

69 2435 145 2464 theca:
158 2443 273 2473 partem,
289 2446 354 2474 quae
369 2437 553 2465 Ottoboniana
569 2437 738 2465 nominatur.
764 2437 935 2465 Chartaceus
950 2441 1001 2470 est,
1026 2436 1121 2464 formae
1137 2441 1252 2471 quartae,
1268 2436 1469 2472 insignilurque
1484 2442 1597 2462 numero
1619 2434 1682 2462 445.

70 2482 191 2514 Exaratus
204 2495 266 2516 esse
279 2486 392 2514 videtur
411 2485 523 2513 ineunte
545 2492 608 2513 stuc.
634 2493 690 2518 xlv,
716 2484 802 2512 nitida
827 2485 936 2520 quidem
960 2484 1053 2512 Graeca
1076 2492 1169 2514 manu,
1184 2483 1232 2511 sed
1257 2483 1292 2511 ob
1307 2483 1452 2511 inusitatas
1473 2483 1568 2519 siglas,
1583 2482 1685 2518 quibus

71 2532 156 2566 utitur.
170 2535 272 2569 passim
285 2535 416 2570 ambigua
431 2539 458 2562 et
473 2533 654 2567 subobscura,
670 2541 720 2561 nec
743 2533 845 2569 ubique
869 2533 942 2560 facili
963 2533 1046 2560 lectu.
1062 2531 1218 2565 Quamlibet
1241 2532 1380 2568 paginam,
1397 2531 1419 2559 si
1442 2531 1513 2558 tituli
1535 2535 1686 2558 occurrunt

73 2578 140 2613 Iulli,
149 2588 242 2610 versus
252 2582 349 2618 viginti
363 2585 467 2617 septem
476 2581 595 2616 explent.
605 2580 634 2608 In
643 2581 732 2616 primo
741 2579 852 2608 Codicis
864 2579 928 2607 folio
939 2579 1002 2607 albo
1016 2579 1156 2614 appositus
1168 2578 1266 2614 legitur
1277 2585 1407 2606 numerus
1418 2577 1487 2611 445;
1506 2576 1532 2603 in
1542 2575 1666 2610 sequenti
1677 2584 1684 2604 :

266 2632 397 2659 Clemens
413 2629 554 2658 Romanus
566 2630 600 2657 de
614 2629 885 2665 Peregrinationibus
901 2628 930 2657 S.
946 2628 1019 2656 Petri
1036 2627 1084 2655 fol.
1101 2627 1129 2655 2.

267 2675 399 2711 Ejusdem
416 2675 565 2703 Clementis
579 2675 834 2710 PeregrinatiOnum
850 2674 975 2710 Epitome
986 2673 1032 2701 fol.
1047 2673 1109 2700 16L

266 2723 392 2760 Gregorii
408 2723 523 2759 Vysseni
536 2723 624 2751 oratio
640 2723 667 2750 in
681 2723 748 2751 illud
763 2722 861 2751 Pauli:
879 2723 948 2750 (lum
963 2722 1087 2758 subjecta
1106 2721 1208 2750 fuci-int

269 2773 306 2800 illi
323 2772 432 2804 omnia,
450 2776 515 2799 tunc
529 2776 556 2800 et
571 2772 629 2807 ipse
644 2772 726 2807 lilius,
744 2771 861 2805 elc.,fol.
879 2771 944 2798 235.

858 2818 889 2846 P.

860 2870 890 2899 Χ

856 2917 888 2944 19
