1945 3101
232 182 263 210 3|
657 182 685 210 S.
707 182 902 211 CLEMENTIS
921 184 930 211 I
957 183 1026 211 ΙίοΜ

1081 183 1158 210 ΟΝΤ.
1179 179 1299 212 ΟΡΕΒᾸ
1314 181 1426 211 DUBIA.
1824 183 1863 211 5%

234 244 264 268 et
285 239 321 267 ab
347 239 443 267 iisdem
471 239 654 274 proﬁciscenti
680 241 888 268 commendabo.
906 240 934 268 Si
955 249 1020 268 vero

1080 241 1159 267 ιῦτῶν
1183 241 1334 276 ὁρμωμένῳ
1365 239 1631 276 παρακαταθήσομαι
1654 240 1687 267 ³³.
1708 241 1740 267 Et
1763 239 1793 266 δὲ
1814 241 1866 268 καὶ

234 286 381 322 contigerit
392 294 435 313 me
448 291 578 321 aegrotare
593 295 623 314 ac
636 292 748 314 mortem
767 287 865 318 vereri,
880 288 903 315 si
917 288 1021 322 absque

235 333 329 360 liberis
336 332 652 368 fuero.similiteragam.
667 333 719 361 Sed
731 338 758 361 et
770 334 793 361 si
805 334 918 366 moriar,
935 334 1020 361 [ilium

236 378 341 405 habens
354 378 494 413 indignum
509 383 557 406 aut
571 380 691 406 nondum
706 388 844 415 capacem,
863 381 965 416 pariter
981 381 1021 408 fa—

236 424 317 452 ciam.
340 424 448 452 Scilicet
461 427 629 453 committam
649 434 710 454 meo
718 427 856 462 episcopo,
869 432 899 455 ut
909 429 932 455 si
955 436 1021 462 puer

236 470 346 497 adultus
361 471 413 498 (ide
424 471 523 505 dignus
552 471 643 504 fuerit.
670 473 714 500 ille
733 478 862 508 tanquam
876 478 1021 509 paternum

236 515 390 550 depositum
405 517 460 544 ﬁlio
475 517 662 552 reddat,juxta
679 519 789 546 modum
802 521 1020 549 contestationis.

274 560 318 588 IV.
331 562 409 595 Quod
422 567 512 590 autem
527 564 564 591 ita
577 563 700 592 facturus
714 565 777 596 sim.
789 565 887 592 iterum
902 567 1022 594 secundo

237 612 379 634 contestor
416 609 528 641 coelum,
558 615 673 642 terram,
703 618 814 646 aquam,
841 620 903 646 quae
929 613 1021 640 omnia

237 654 468 688 complectuntur,
495 656 663 690 insuperque
690 657 733 684 his
766 657 894 685 omnibus
924 662 1022 685 cuncta

238 704 429 734 pervagantem
445 709 548 734 aerem,
560 702 619 729 sine
634 709 689 736 quo
706 710 760 729 non
772 703 857 738 spiro,
875 703 949 738 quod
963 711 1024 738 per—

238 750 322 780 petuo
335 745 528 781 obtemperabo
551 748 587 781 ei,
603 749 649 782 qui
666 749 751 776 libros
768 749 833 776 mihi
848 750 1017 784 praedicatio.

239 799 305 819 num
314 793 448 825 tribdit,et
460 794 613 821 observabo
627 795 777 822 secundum
787 795 915 823 universa
925 804 1023 831 quem-

238 839 387 866 admodum
425 845 594 868 col-testatus
621 848 694 874 sum,
732 846 780 868 aut
806 842 897 870 adhuc
923 843 1021 877 magis.

239 884 334 919 Itaque
355 885 421 912 mihi
436 891 514 921 pacta
531 887 651 914 servanti
667 895 732 922 pars
751 888 804 915 erit
817 895 879 915 cum
895 889 999 916 sanctis
1015 898 1022 916 :

1070 286 1147 322 τύχοι
1174 295 1208 322 με
1230 287 1340 322 νοσῆσαι
1354 287 1376 302 ⁸³
1391 287 1438 313 καὶ
1460 286 1505 313 τὸν
1536 286 1650 313 θάνατον
1678 286 1865 319 ὑποπτεῦσαι,

1071 333 1118 359 ἐὰν
1130 333 1241 364 ἄτεκνος
1250 330 1282 364 ὦ,
1293 332 1393 368 ὁμοίως
1406 333 1521 368 ποιήσω.
1540 332 1608 358 Ἀλλ’
1624 333 1649 358 εἰ
1668 332 1716 358 καὶ
1730 332 1864 365 τελευτῶ,

1070 378 1165 405 τέκνον
1188 378 1257 413 ἔχων
1278 378 1328 405 οὐκ
1341 379 1415 411 ἄξιον
1431 378 1447 414 ἢ
1466 378 1577 414 μηδέπω
1587 378 1746 414 δυνάμενον,
1759 378 1866 414 ὁμοίως

1071 425 1186 460 ποιήσω.
1209 424 1255 460 Τῷ
1271 424 1325 461 γὰρ
1340 425 1483 460 ὲπισκόπῳ
1506 433 1557 460 μου
1582 424 1864 460 παρακαταθήσομαι,

1072 470 1116 497 ἴνα
1132 471 1156 497 εἰ
1181 470 1230 506 μὲν
1249 471 1326 506 τύχοι
1340 471 1382 505 ἐφ’
1399 471 1506 506 ἡλικίας
1533 471 1679 506 γενόμενος
1700 470 1777 503 ἄξιος
1791 467 1866 497 εἶναι

1071 517 1122 552 τῆς
1138 516 1267 549 πίστεως,
1283 517 1320 549 ὡς
1335 516 1465 552 πατρῴαν
1479 517 1712 553 παρακαταθήκην
1724 516 1764 552 τῷ
1773 516 1868 552 τέκνῳ

1073 562 1199 598 ὰποδώσῃ
1209 563 1231 579 ³⁸
1243 562 1314 590 κατὰ
1326 563 1372 590 τὸν
1387 564 1437 599 τῆς
1450 563 1677 600 διαμαρτυρίας⁸⁸
1691 563 1781 597 λόγον.

1108 607 1218 636 1ν.¹”οτι
1225 609 1253 635 δὲ
1262 609 1348 641 οὕτως
1356 609 1473 644 ποιήσω,
1482 609 1562 636 πάλιν
1575 609 1606 636 τὸ
1613 609 1739 645 δεύτερον
1745 609 1867 645 διαμαρ-

1073 654 1191 690 τύρομαι
1200 655 1324 690 οὐρανὸν,
1338 655 1400 691 γῆν,
1409 655 1491 691 ὓδωρ,
1500 656 1529 682 ὲν
1536 652 1576 687 οἷς
1589 655 1623 682 τὰ
1637 655 1726 683 πάντα
1734 655 1865 690 περιέχε-

1073 709 1129 732 ται,
1137 701 1205 736 πρὸς
1213 701 1234 716 ⁸⁸
1241 701 1346 732 τούτοις
1356 702 1441 728 ἅπασι
1452 702 1552 728 καὶτὸν
1565 701 1608 728 διὰ
1619 701 1726 728 πάντων
1733 701 1866 737 διήκοντα

1074 746 1154 782 ἀέρα,
1166 744 1197 776 οὗ
1206 747 1270 774 ἄνευ
1283 747 1331 775 οὐκ
1339 747 1475 778 ἀναπνέω,
1485 748 1523 779 ὡς
1531 748 1575 774 ἀεὶ
1586 748 1704 782 ὑπήκοος
1714 747 1814 782 ἔσομαι
1824 747 1866 782 τῷ

1075 791 1124 823 τὰς
1134 791 1239 826 βίϐλους
1248 801 1292 827 μοι
1299 793 1320 808 ⁸⁷
1328 792 1381 819 τῶν
1390 793 1573 828 κηρυγμάτων
1583 793 1688 825 διδόντι,
1695 794 1742 820 καὶ
1752 793 1867 828 φυλάξω

1068 837 1147 864 κατὰ
1171 838 1260 864 πάντα
1276 838 1347 870 the"
1363 838 1614 875 διεμαρτυράμην,ἢ
1641 839 1688 866 καί
1709 847 1737 865 τι
1760 839 1865 866 πλεῖον.

1075 883 1240 911 Φυλάσσοντι
1260 882 1307 911 οὖν
1326 893 1371 919 μοι
1385 885 1435 916 τὰς
1450 885 1585 920 συνθήκας
1601 885 1683 921 μέρος
1696 885 1773 912 ἔσται
1795 885 1868 921 μετὰ

238 930 329 964 agenti
342 939 408 958 vero
423 937 517 959 contra
532 940 563 960 ea
577 940 638 968 qua:
652 937 748 967 pactus
759 941 819 960 sum
834 934 946 962 inimica
958 935 1024 962 mihi

1080 930 1130 956 τῶν
1145 930 1236 962 ὁσίων,
1262 932 1405 967 ποιήσαντι
1423 931 1452 957 δὲ
1468 932 1533 967 παρ’
1548 931 1566 958 ἃ
1589 931 1751 967 συνεθέμην,
1767 931 1868 967 ἐχθρὸν

238 975 276 1003 sit
293 984 384 1004 rerum
411 978 575 1006 universitas
597 983 623 1006 et
641 984 739 1006 cuncta
762 987 912 1015 peragrans
939 981 1026 1008 rethor

238 1022 342 1056 quique
356 1027 399 1050 est
413 1031 496 1058 super
511 1025 601 1052 omnia
615 1024 699 1057 Deus,
710 1033 765 1060 quo
778 1026 884 1058 melior,
898 1033 953 1062 quo
968 1035 1027 1054 ma-

236 1067 282 1102 jor
297 1069 399 1097 nullus.
411 1069 439 1096 Si
455 1070 538 1097 etiam
551 1070 578 1097 in
591 1071 775 1106 cognitionem
792 1072 898 1099 veniam
913 1073 1026 1101 alterius

240 1113 298 1147 Dei,
313 1116 386 1142 hunc
400 1123 509 1150 quoque
536 1125 608 1145 nunc
618 1118 693 1152 juro,
708 1126 751 1146 me
772 1119 852 1146 aliter
874 1128 927 1146 non
948 1126 1027 1148 actu-

239 1167 312 1192 rum,
324 1161 381 1189 sive
397 1162 442 1190 ille
453 1163 563 1195 existat,
579 1164 639 1191 sive
654 1164 699 1192 ille
715 1173 770 1192 non
782 1166 894 1194 cxistat.
912 1166 953 1193 Ad
969 1167 1028 1194 haec

238 1206 342 1239 omnia,
356 1208 380 1234 si
401 1207 505 1242 fallam,
525 1217 574 1236 ero
584 1211 780 1244 exsccrandus,
796 1211 890 1239 vivens
915 1217 941 1240 et
953 1220 1028 1240 mor-

240 1255 315 1285 tuus,
329 1258 412 1288 atque
438 1259 539 1282 aeterno
555 1255 652 1289 puniar
677 1257 821 1291 supplicio.
841 1257 875 1285 Et
895 1263 958 1293 post
976 1259 1029 1286 hoc

239 1305 338 1333 panem
352 1306 385 1326 ac
395 1299 435 1326 sal
450 1307 512 1327 cum
528 1301 655 1336 largitore
670 1307 770 1330 sumat.

278 1354 310 1382 V.
332 1354 394 1383 Hac
407 1355 510 1384 Jacobo
526 1358 633 1385 dicente
646 1359 796 1394 presbyteri
812 1360 911 1389 timore
931 1361 1030 1397 impal-

241 1399 361 1427 luerunt.
373 1400 555 1436 Conspicatus
568 1411 633 1439 ergo
645 1403 765 1433 Jacobus
773 1407 846 1441 quod
855 1407 1030 1435 vehementer

242 1451 407 1479 metuerent,
424 1448 481 1474 ait:
498 1449 597 1476 Audite
618 1458 672 1483 me,
688 1450 787 1480 fratres
803 1456 830 1479 et
847 1454 983 1482 conservi.
1001 1450 1029 1482 Si

241 1490 329 1519 libros
345 1492 493 1528 unicuique
508 1498 611 1522 temere
626 1496 835 1530 prtebuerimus,
853 1498 947 1534 illique
957 1507 973 1527 a
989 1500 1029 1527 vi-

241 1538 281 1566 ris
295 1539 458 1574 quibusdam
474 1541 624 1570 audacibus
642 1549 866 1579 corrumpantur,
883 1551 931 1573 aut
945 1546 1029 1574 inter-

1076 976 1118 1011 εῖη
1139 984 1184 1011 μοι
1199 975 1230 1002 τὸ
1246 977 1300 1003 πᾶν
1320 977 1366 1003 καὶ
1380 977 1395 1003 ό
1409 976 1454 1003 διὰ
1469 976 1577 1003 πάντων
1593 977 1692 1013 διήκων
1715 977 1799 1014 αἰθὴρ
1818 978 1868 1004 καὶ

1076 1022 1090 1048 ό
1104 1022 1174 1058 ὑπὲρ
1189 1022 1224 1049 τὰ
1237 1023 1285 1049 ὅλα
1297 1022 1373 1055 Θεὸς,
1382 1020 1413 1049 οὗ
1428 1019 1608 1058 κρείττων,οὖ
1625 1022 1722 1058 μείζων
1736 1023 1824 1054 οὐδείς
1831 1024 1867 1050 ³⁸.

1084 1067 1152 1094 Ἀλλ’
1175 1069 1200 1095 εί
1217 1068 1266 1095 καὶ
1285 1069 1325 1100 εἰς
1340 1068 1434 1104 ἑτέρου
1462 1068 1530 1095 Θεοῦ
1551 1069 1671 1095 ἐπίνοιαν
1682 1068 1704 1084 ⁸⁸
1721 1069 1869 1104 .γένωμαι,

1077 1113 1201 1140 κάκεῖνον
1215 1113 1263 1140 νῦν
1278 1114 1380 1149 ὄμνυμι
1388 1114 1426 1146 ὡς
1435 1114 1485 1141 οὐκ
1499 1114 1588 1146 ἄλλως
1597 1115 1712 1150 ποιήσω,
1720 1115 1770 1141 εἴτ’
1781 1115 1868 1147 ἐστιν,

1077 1160 1125 1186 εἰτ’
1139 1160 1190 1186 οὐκ
1211 1159 1293 1186 ἐστιν.
1325 1161 1397 1196 Πρὸς
1411 1161 1517 1192 τούτοις
1539 1161 1591 1187 6'“
1608 1162 1709 1188 ἅπασιν
1726 1162 1750 1187 εἰ
1766 1161 1869 1196 ψεύσο-

1079 1213 1140 1240 μαι,
1157 1205 1300 1241 κατάθεμα
1309 1206 1405 1242 ἔσομαι
1419 1207 1448 1242 9
1458 1206 1511 1238 ζῶν
1526 1208 1573 1234 καὶ
1589 1206 1686 1239 θανὼν,
1703 1207 1750 1234 καὶ
1765 1208 1870 1241 αἰωνίῳ

1079 1251 1281 1288 κολασθήσομαι
1308 1252 1428 1279 κολάσει.
1447 1253 1502 1279 Καὶ
1520 1253 1588 1289 μετὰ
1613 1253 1693 1280 τοῦτο
1716 1254 1801 1289 ἄρτου
1821 1254 1870 1280 καὶ

1079 1297 1177 1329 alam;
1185 1298 1206 1313 “
1224 1298 1293 1333 μετὰ
1307 1298 1354 1325 τοῦ
1370 1299 1562 1335 παραδιδόντος
1577 1299 1761 1335 μεταλαϐέτω.

1115 1365 1147 1392 ν⁴
1168 1366 1261 1393 Ταῦτα
1275 1366 1322 1393 τοῦ
1343 1365 1472 1393 Ἰακώϐου
1488 1367 1610 1398 εἰπόντος
1633 1366 1774 1402 ὡχρίασαν
1794 1366 1869 1400 ἀγωτ

1079 1411 1218 1447 νισάμενοι
1239 1412 1262 1428 ⁸⁸
1272 1413 1295 1439 οἰ
1316 1412 1503 1448 πρεσϐύτεροι.
1519 1412 1634 1439 Συνιδὼν
1644 1411 1714 1439 οὗνὸ
1729 1411 1869 1444 Ἰάκωϐος,

1079 1458 1121 1484 ὅτι
1135 1457 1195 1485 λίαν
1218 1458 1401 1494 πεφόϐηνται,
1417 1458 1480 1494 ἔφη’
1504 1458 1652 1485 Ἀκούσατὲ
1677 1467 1738 1494 μου,
1760 1459 1871 1494 ἀδελφαὶ

1081 1504 1128 1530 καί
1144 1503 1280 1531 σύνδουλοι
1290 1504 1321 1531 ⁸⁵.
1344 1504 1406 1531 Ἐὰν
1430 1504 1480 1536 τὰς
1502 1504 1609 1540 βίϐλους
1632 1505 1714 1531 πᾶσιν
1737 1504 1776 1536 ὡς
1789 1504 1870 1540 ἔτυχε

1082 1549 1267 1585 παράσχωμεν
1279 1569 1287 1581 ,
1306 1550 1353 1576 καὶ
1375 1550 1456 1576 αὑταὶ
1473 1550 1496 1566 "
1521 1550 1575 1577 ὑπὸ
1598 1549 1742 1585 τολμηρῶν
1762 1549 1871 1586 ἀνδρῶν

242 1585 444 1619 pretationibus
463 1593 665 1621 pervertantur,
679 1590 753 1617 sicut
767 1590 822 1626 jam
837 1592 971 1626 quosdam
989 1591 1026 1620 fe—

1080 1603 1160 1621 τινων
1176 1595 1336 1622 νοθευθῶσιν
1357 1595 1374 1631 ἦ
1396 1597 1456 1627 ταῖς
1479 1596 1641 1632 ἑρμηνείαις,
1651 1585 1869 1632 διαστραφῶσιν,

241 1631 313 1659 cisse
326 1632 463 1666 audiistis,
477 1634 590 1662 restabit
602 1640 631 1662 ut
645 1636 691 1671 qui
705 1637 783 1671 plane
795 1638 937 1666 veritatem
954 1647 1030 1674 quae-

242 1682 317 1710 runt,
330 1686 438 1713 semper
448 1684 549 1707 errent.
560 1680 694 1714 Quocirca
709 1689 831 1718 praestat,
844 1689 873 1711 ut
885 1685 946 1712 libri
958 1686 1029 1720 apud

243 1731 295 1752 nos
314 1731 452 1758 maneant,
473 1727 670 1764 tradamusque
689 1738 737 1757 eos
757 1738 820 1757 cum
839 1732 914 1759 omni
933 1740 1030 1767 supra-

242 1770 315 1797 dicta
335 1773 461 1799 cautione
487 1773 521 1800 iis
542 1774 589 1808 qui
610 1775 654 1809 pie
676 1768 769 1804 vin-re
791 1777 916 1812 aliosque
939 1778 1030 1806 salvos

243 1816 336 1844 facere
348 1818 472 1852 cupiunt.
489 1819 528 1846 Ac
543 1820 566 1846 si
583 1820 683 1855 aliquis
696 1827 757 1856 post
770 1823 840 1850 hanc
852 1824 1032 1851 contestatio-

243 1870 304 1889 ncm
331 1863 411 1890 aliter
435 1869 516 1899 agat,
541 1867 640 1894 merito
662 1867 688 1894 in
710 1873 842 1896 aeternum
865 1870 1030 1904 supplicium

243 1908 356 1936 incidet.
377 1908 436 1942 Qua
451 1911 524 1938 cnim
543 1913 648 1940 ratione
668 1914 715 1949 qui
731 1914 849 1942 aliorum
870 1916 1032 1950 perditionis

242 1963 326 1983 causa
341 1958 456 1990 exstitit,
473 1958 530 1993 ipse
552 1967 605 1986 non
622 1961 739 1994 peribit?
752 1961 821 1988 Cum
835 1970 900 1996 ergo
916 1956 1028 1998 presby-

244 2003 295 2030 teri
318 2005 453 2032 sententia
465 2005 558 2033 Jacobi
577 2006 702 2034 delectati
717 2006 833 2035 fuissent
846 2014 927 2043 atque
943 2009 1031 2036 dixis-

243 2053 305 2076 sent
317 2058 324 2076 :
339 2049 503 2078 Benedictus
515 2052 550 2079 sit
564 2052 610 2086 qui
624 2058 661 2085 te,
674 2057 703 2079 ut
716 2059 876 2080 cunctorum
891 2055 1031 2088 praescius,

243 2096 356 2130 pulchre
372 2097 451 2124 nobis
466 2098 610 2125 constituit
623 2099 782 2133 episcopum
801 2108 808 2126 τ
825 2100 893 2132 lucc,
908 2100 1031 2134 inquam,

244 2149 307 2168 cum
331 2142 480 2176 dixissent,
505 2149 649 2179 surgentes
677 2146 777 2180 precati
800 2154 896 2174 sumus
920 2147 1032 2174 univer-

244 2194 338 2214 sorum
361 2187 468 2216 Patrem
492 2197 526 2217 ac
553 2189 656 2224 Deum;
681 2192 726 2218 cui
752 2192 840 2226 gloria
865 2192 893 2219 in
919 2192 1029 2220 saecula.

243 2232 340 2261 Amen.

320 2302 491 2331 EPISTOLA
509 2304 705 2333 CLEMENTIS
723 2305 769 2333 AD
788 2305 958 2334 JACOBUM.

278 2360 440 2390 CLEMENS
455 2362 582 2391 JACOBO
594 2364 705 2392 domino
724 2370 751 2393 et
768 2366 957 2401 episcoporum
969 2366 1029 2401 epi-

243 2415 337 2443 scopo,
344 2410 447 2444 regenti
454 2415 545 2437 autem
555 2409 769 2446 Hierosolymam
777 2416 899 2440 sanctam
906 2411 1031 2439 Hebraeo-

1080 1639 1118 1672 ὡς
1135 1641 1186 1676 ἤδη
1199 1641 1276 1672 τινὰς
1291 1641 1425 1676 ἠκούσατε
1448 1642 1650 1677 πεποιηκότας,
1675 1642 1751 1668 ἔσται
1774 1642 1871 1669 λοιπὸν

1081 1686 1128 1712 καί
1141 1688 1197 1718 τοῖς
1209 1686 1294 1718 ὅντως
1307 1687 1356 1722 τὴν
1368 1686 1496 1722 ἀλήθειαν
1509 1687 1634 1722 ζητοῦσιν
1648 1687 1691 1713 ἀεὶ
1705 1687 1868 1715 πλανᾶσθαι.

1080 1732 1125 1758 Διδ
1143 1733 1254 1768 ἄμεινον
1276 1734 1340 1769 παρ’
1355 1734 1421 1769 ἡμῖν
1438 1733 1521 1765 αὑτὰς
1535 1731 1615 1765 εἶναι,
1633 1734 1680 1760 καὶ
1698 1734 1872 1768 μεταδιδόναι

1082 1778 1151 1813 μετὰ
1173 1779 1262 1815 πάσης
1283 1780 1333 1814 τῆς
1350 1780 1552 1815 προειρημένης
1575 1779 1725 1814 ἀσφαλείας
1744 1781 1802 1812 τοῖς
1824 1780 1870 1806 0t-

1080 1823 1157 1851 λουσι
1174 1824 1222 1860 ζῇν
1239 1825 1358 1856 εὐσεϐῶς
1368 1826 1391 1841 ⁵⁸
1414 1825 1461 1852 καὶ
1483 1825 1579 1856 ἄλλους
1596 1825 1702 1857 σώζειν.
1727 1825 1759 1852 Εἰ
1781 1825 1811 1852 δέ
1827 1834 1872 1857 τις

1082 1870 1151 1906 μετὰ
1161 1870 1192 1897 τὸ
1204 1870 1290 1902 οὕτως
1304 1870 1542 1906 διαμαρτύρασθαι
1557 1870 1644 1902 ἄλλως
1660 1872 1779 1906 ποιήσει,
1795 1871 1870 1898 εὗλό-

1081 1925 1137 1950 γως
1158 1917 1255 1952 αἰωνίᾳ
1278 1917 1454 1944 ὑποπεσεῖται
1482 1917 1600 1944 κολάσει.
1627 1917 1687 1943 Τίνι
1713 1916 1769 1952 γὰρ
1797 1917 1871 1952 λόγῳ

1080 1963 1168 1990 ἄλλων
1189 1963 1325 1995 ἀπωλείας
1341 1962 1426 1994 αἴτιος
1440 1962 1584 1998 γενόμενος
1599 1963 1680 1994 αὐτὸς
1694 1963 1745 1989 οὐκ
1760 1963 1877 1989 ἀπολεῖ-

1081 2017 1146 2042 ται;
1173 2008 1228 2035 τῶν
1251 2006 1297 2035 οὖν
1321 2008 1516 2044 πρεσϐυτέρων
1539 2009 1586 2035 ἐπὶ
1609 2010 1643 2044 τῇ
1667 2009 1715 2035 τοῦ
1739 2008 1871 2036 Ἰακώϐου

1081 2054 1178 2090 γνώμῃ
1196 2053 1331 2090 ἡσθέντων
1348 2054 1395 2080 καὶ
1411 2053 1550 2080 εἰπόντων·
1565 2054 1718 2089 Εὒλόγηται
1741 2055 1756 2081 ὃ
1780 2063 1811 2081 σε
1832 2055 1872 2087 ὡς

1083 2100 1170 2127 πάντα
1188 2100 1320 2135 προειδὼς
1334 2100 1424 2131 καλῶς
1439 2101 1505 2136 ἡμῖν
1521 2101 1694 2136 καταστήσας
1710 2101 1869 2128 ὲπίσκοπσψ

1090 2146 1137 2172 καὶ
1150 2145 1236 2172 ταῦτα
1247 2146 1377 2172 εἰπόντων
1388 2146 1477 2172 αὐτῶν
1486 2146 1643 2182 ὲγερθέντες
1657 2147 1872 2182 προσηυξάμεθα

1080 2190 1120 2226 τῷ
1136 2191 1190 2217 τῶν
1213 2191 1280 2218 ὅλων
1295 2192 1383 2228 Πατρὶ
1395 2191 1416 2207 ⁸⁷
1439 2192 1487 2218 καὶ
1510 2192 1579 2227 Θεῷ·
1594 2188 1617 2226 ᾧ
1633 2193 1650 2227 ἠ
1665 2192 1728 2224 δόξα
1743 2193 1785 2224 εἰς
1807 2194 1872 2224 τοὺς

1083 2237 1193 2269 αἰῶνας.
1217 2237 1302 2273 Ἀμήν
1312 2238 1345 2264 ⁵³.

1130 2308 1182 2343 ιο
1200 2307 1371 2334 ΕΠΙΣΤΟΛΗ
1623 2306 1717 2332 ΠΡΟΣ
1731 2307 1829 2333 ΙΑΚΩ-

1121 2410 1270 2437 ΚΔΗΜΗΣ
1292 2408 1477 2444 ιΔΚΩΒῼ,τῷ
1497 2409 1583 2444 κυρίῳ
1592 2409 1615 2424 ³⁸
1637 2409 1684 2434 καὶ
1711 2408 1872 2435 ἐπισκόπων

847 2467 1134 2499 INTERPRETATIO
1156 2467 1280 2495 IiUFlNI.

277 2511 439 2540 CLEMENS
461 2513 591 2543 JACOBO
603 2516 678 2544 fratri
694 2517 811 2550 Domini,
827 2521 854 2544 et
868 2516 997 2551 episcopo
1016 2515 1219 2550 cpisc0pnruln,
1243 2512 1344 2548 regenti
1358 2512 1533 2540 llcbncorum
1549 2516 1672 2539 sanctam
1706 2511 1869 2539 Ecclesianl.

898 2571 1016 2601 VARI/ﬁ
1034 2570 1235 2599 LECTIONES.

280 2617 302 2633 "
318 2617 565 2654 ηπαρακαθήεομαι
596 2619 628 2646 Ο.

243 2652 293 2689 0._
311 2653 338 2689 ξ’
356 2652 570 2689 μαρτυρίαςρ.
609 2655 632 2670 ³⁵
649 2656 702 2689 πρό
729 2654 763 2682 0.
819 2655 839 2670 ³⁷

245 2687 336 2715 καίο.
358 2687 362 2689 Ἴ
398 2687 432 2704 ’³⁸
449 2687 504 2716 οὐδ’
516 2688 556 2720 εἷς
565 2690 596 2716 C.

247 2722 270 2737 δ’
288 2721 382 2754 ὓδατος
392 2723 424 2750 0.

859 2663 909 2690 μου
927 2655 959 2682 C.

488 2725 511 2740 "
525 2725 727 2758 ἀγωνιάσαντες
742 2726 773 2752 tl.

248 2792 406 2821 charactere
423 2794 449 2820 in
468 2792 555 2830 litarg.
573 2796 733 2823 salutationi
751 2792 943 2825 exadversum.
957 2798 983 2820 ct
1000 2793 1032 2820 (Σ.

711 2619 733 2636 u
762 2618 800 2647 ιω
830 2619 852 2646 ο
879 2625 907 2647 ει
934 2627 972 2656 9x
999 2618 1135 2656 quiem.“
1149 2617 1186 2656 CH,
1207 2617 1355 2656 “vopﬁoau
1377 2615 1430 2656 id._
1454 2615 1599 2656 in_tex}_u.
1645 2651 1651 2656 _
1680 2616 1703 2631 "
1732 2616 1778 2656 ἀπτ

1010 2654 1033 2669 ⁸³
1050 2651 1100 2680 ὅσα
1116 2652 1148 2680 C.
1166 2653 1287 2680 Subinde
1304 2651 1400 2685 scripsi
1416 2651 1433 2686 ἢ
1453 2651 1499 2681 καί
1513 2659 1539 2678 c.
1553 2652 1585 2686 0.
1601 2655 1631 2678 ut
1643 2651 1699 2686 jam
1717 2651 1792 2685 conj.
1806 2651 1868 2678 S.ei

681 2692 691 2706 °
710 2691 836 2717 ὑπόνοιαν
853 2687 883 2716 C.
906 2690 1002 2716 l‘oslra
1019 2688 1075 2714 εἴτε
1092 2687 1123 2715 0.
1196 2687 1218 2703 ⁸¹
1233 2687 1261 2714 δέ
1277 2687 1308 2714 C.
1322 2687 1391 2713 Tum
1407 2687 1542 2721 ψεύσομαι
1559 2687 1580 2713 0
1597 2694 1620 2714 e.
1635 2687 1820 2721 5,ψεύσωμ.αι
1834 2687 1867 2712 (Σ.

681 2734 727 2757 τες
742 2726 773 2752 tl.
811 2726 834 2740 “
851 2725 922 2758 φίλοι
938 2723 971 2750 0.
991 2723 1123 2757 Deinceps
1138 2722 1232 2758 ἔτυχεν
1248 2721 1432 2758 παρασχὼμεν
1447 2721 1478 2748 C.
1517 2721 1591 2758 “illa
1609 2720 1733 2758 ﬁgurat
1752 2719 1868 2758 ς.αὖται

247 2756 280 2784 0.
318 2758 340 2773 ⁸⁸
356 2759 475 2790 εὐσεϐῶς
488 2756 574 2793 adjcci
592 2769 616 2787 (τ.
632 2761 664 2788 Ο.
702 2761 723 2777 ⁵⁷
741 2760 842 2795 Πατέρι
857 2756 888 2787 C.
918 2760 942 2774 ⁵⁸
959 2759 1024 2785 Post
1041 2759 1098 2785 hau:
1116 2758 1142 2783 in
1157 2757 1179 2784 0
1190 2756 1353 2797 subscriptio
1369 2765 1382 2796 ι.
1393 2756 1484 2795 ὅρκος.
1538 2757 1604 2795 "a7:

248 2792 406 2821 charactere
423 2794 449 2820 in
468 2803 555 2825 marg.
573 2796 733 2823 salutationi
751 2797 943 2825 exadversum.
957 2798 983 2820 ct
1000 2793 1032 2820 (Σ.
1070 2793 1093 2808 ¹⁵⁰
1109 2793 1188 2825 [ram
1201 2792 1301 2818 donum
1315 2791 1499 2818 vet'sIoLatIna
1515 2790 1604 2820 Ruﬁn!

1680 2616 1703 2631 "
1732 2616 1869 2642 ἀποδώσει

1196 2687 1218 2703 ⁸¹
1233 2687 1261 2714 δέ
1277 2686 1308 2714 C.
1322 2686 1391 2713 Tum
1407 2685 1542 2721 ψεύσομαι
1559 2685 1580 2713 0
1597 2694 1620 2714 e.
1635 2685 1820 2721 S,¢etiotupat_t
1834 2686 1867 2712 (Σ.

1538 2756 1622 2782 "dno
1633 2755 1741 2791 Ῥώμης
1749 2754 1772 2782 0
1783 2757 1869 2783 rubro

888 2839 1070 2868 νΑιιιοῐιυΜ
1090 2838 1206 2866 ΝυΤΑῧ.

285 2885 342 2921 (26)
363 2886 464 2922 Duplex
495 2893 537 2916 est
554 2888 626 2916 circa
649 2889 718 2916 hanc
737 2889 879 2923 epistolam
911 2887 1004 2922 opinio
1030 2891 1162 2914 veterum.
1190 2884 1280 2912 Prima
1304 2883 1393 2912 [inlini
1420 2883 1576 2918 praefatione
1603 2883 1635 2911 ad
1651 2883 1864 2919 Rccogm'tt'ottes,
