1945 3101
246 137 278 164 $9
672 132 702 160 S.
721 131 916 160 CIEMENTIS
934 132 945 160 1
968 132 1051 160 ROSI.
1069 132 1170 161 PONT.
1190 132 1305 161 OPERA
1325 133 1439 162 DUBIA.
1834 136 1866 164 ιο

242 191 327 227 gens?
341 190 438 218 Nonne
448 191 532 218 etiam
547 190 639 224 exigui
652 190 755 224 ingenii
768 189 828 216 viro
839 189 940 221 claret,
954 189 1023 223 quod

1078 189 1117 225 τῷ
1131 189 1235 225 βραχὺν
1251 190 1339 225 ἔχοντι
1351 190 1415 217 νοῦν
1431 190 1455 206 ’⁸
1471 191 1561 226 δῆλον,
1578 191 1620 218 ὅτι
1637 192 1704 225 νῦν;
1728 193 1808 230 Πάσῃ
1822 194 1866 224 οὖν

241 239 270 265 in
283 238 411 273 praesenti
425 236 566 271 tempore?
580 235 715 263 Omnibus
729 243 796 270 ergo
819 235 904 262 animi
922 235 1028 262 viribus

241 285 269 312 in
280 285 334 312 hoc
349 283 492 318 praesentis
510 283 683 310 necessitatis
697 287 821 316 tempore
832 281 933 309 festina
947 289 1028 316 opem

240 331 311 359 ferre
326 331 400 358 bono
412 330 479 364 regi,
491 336 606 364 magnas
619 327 855 355 remunerationes
867 332 930 361 post
940 328 1029 355 victo-

240 379 308 405 riam
325 378 438 405 reddere
450 376 542 403 solito.
556 375 630 402 tho
644 375 727 410 igitur
737 375 830 402 animo
840 375 1027 409 episcopatum

239 424 360 458 suscipe,
373 427 526 458 opportune
539 429 573 449 eo
588 421 675 456 magis
690 421 765 455 quod
792 420 920 448 Ecclesia!
933 420 1028 456 dispo-

239 472 367 499 sitionem
379 478 395 497 a
409 477 454 497 me
467 469 599 502 didicisti,
611 468 646 495 ad
659 467 774 494 fratrum
785 468 832 502 qui
845 467 879 494 ad
895 474 948 495 nos
961 475 1027 495 con-

239 518 368 553 fugerunt
379 517 506 544 salutem.

272 574 307 601 V.
324 574 518 601 Verumtamen
544 577 571 599 et
596 572 716 599 breviter
730 579 823 598 coram
850 571 981 598 omnibus
1000 576 1027 598 et

236 626 464 656 propteromnes,
490 626 551 654 quae
579 618 613 645 ad
631 625 691 645 eam
715 617 925 652 dispositionem
942 617 1027 652 perti-

238 673 314 699 nent,
331 667 358 694 in
371 667 491 693 inentem
508 665 555 692 tibi
568 664 716 692 revocabo.
734 663 772 690 Te
788 664 899 698 quidem
915 668 1027 698 oportet

236 714 512 750 irreprehensibiliter
525 713 627 744 vivere,
642 717 670 738 et
685 711 807 738 maximo
821 711 914 738 studio
929 718 1026 739 omnes

235 763 298 789 vita:
312 761 507 796 occupationes
527 759 657 793 abjicere,
675 763 705 785 ut
729 766 783 786 non
807 758 846 785 sis
869 758 1024 793 lidejussor,

235 815 324 842 neque
335 807 495 838 advocatus,
505 812 594 840 neque
604 804 661 831 ullo
672 804 726 831 alio
736 803 886 839 implicitus
900 803 1024 831 saculari

1079 237 1239 272 προαιρέσει
1251 238 1280 263 ὲν
1294 237 1334 272 τῷ
1347 238 1398 272 τῆς
1420 238 1562 273 παρούσης
1576 239 1699 275 ἀνάγκης
1714 241 1803 276 χρόνῳ
1823 242 1866 269 τά.

1079 291 1158 317 χυνον
1169 283 1349 319 ξυμμαχήσαι
1365 283 1469 318 βασιλεῖ
1482 284 1588 320 ἀγαθῷ,
1607 286 1720 320 μισθοὺς
1736 288 1867 322 μεγάλως

1080 329 1148 363 μετά
1163 329 1241 364 νίκην
1254 329 1406 356 ἀποδιδόναι
1417 331 1560 364 πεςρυκὸτι,
1573 331 1684 368 Χαίρων
1698 331 1744 359 οὖν
1758 334 1867 361 ἐπισκόν

1078 382 1175 409 πησον,
1190 375 1326 411 εὐκαίρως
1335 377 1421 411 ταύτῃ
1436 376 1547 411 μᾶλλον,
1558 378 1739 414 ὡςδιοίκησιν
1761 379 1868 415 Ἐκκλη-

1079 420 1138 452 σία-ς
1150 422 1215 457 παρ’
1231 421 1297 456 ἐμοῦ
1315 423 1493 458 μεμαθηκὼς,
1516 424 1557 455 είς
1569 424 1619 460 τὴν
1638 425 1692 452 τῶν
1706 427 1775 461 ἡμῖν
1785 434 1867 462 προσ-

1079 468 1234 501 φευγόντων
1247 467 1370 502 ἀδελφῶν
1386 470 1535 505 σωτηρίαν.

1112 568 1146 596 ν.
1160 569 1234 605 Πλὴν
1248 570 1295 596 καὶ
1307 570 1411 605 βραχέα
1429 579 1458 597 σε
1475 571 1499 586 ⁷⁸
1513 572 1560 598 ἐπὶ
1570 571 1680 599 πάντων
1692 572 1737 599 διὰ
1762 573 1866 605 πάντας

1076 615 1111 641 τὰ
1125 615 1176 650 τῆς
1188 615 1347 651 διοικήσεως
1360 617 1516 652 ὑπομνῆσαι
1532 617 1611 645 θέλω.
1626 619 1660 645 Σὲ
1677 619 1726 654 μὲν
1742 619 1797 656 χρὴ
1806 620 1866 647 ἁνε-

1077 662 1219 697 πιλήτπως
1236 662 1345 697 βιοῦντα
1362 663 1463 699 σπουδῇ
1475 664 1591 700 μεγίστῃ
1606 664 1697 698 πάσας
1715 666 1766 698 τὰς
1785 666 1834 693 τοῦ
1845 667 1866 682 "

1078 707 1136 742 βίον
1152 708 1280 743 ἀσχολίας
1297 709 1484 741 ἀποσείεσθαι,
1497 711 1565 746 μήτε
1576 711 1711 747 ἐγγυητὴν
1727 713 1867 747 γινόμενον

1078 754 1203 790 μήτειῆΙ
1216 756 1364 790 συνήγορον
1380 755 1448 791 μηδὲ
1464 756 1552 792 ἑτέρῳ
1565 758 1618 784 τινὶ
1630 757 1751 793 βιωτικῷ
1761 768 1867 795 παρεμ-

1077 800 1264 836 πεπλεγμένον
1274 801 1428 837 πράγματι.
1443 803 1480 829 Οὐ
1498 803 1552 839 γὰρ
1563 804 1659 840 κριτὴν
1675 805 1722 832 καὶ
1736 805 1867 841 δικαστὴν

235 855 354 890 negotio.
370 852 429 880 Non
440 853 513 879 enim
528 851 648 885 judicem
664 854 692 877 et
708 850 876 884 cognitorem
892 850 1023 884 pecunia-

1077 847 1225 882 χρημάτων
1243 847 1260 883 ἢ
1275 847 1472 883 ἀσχολημιῇων
1495 849 1659 876 καθεστάναι
1682 859 1712 877 σε
1728 851 1800 878 θέλει
1815 852 1866 878 τῶν

235 907 295 926 rum
306 899 347 926 vel
359 898 530 934 negotiorum
547 903 694 930 rerumque
705 897 738 924 ad
749 897 821 925 hanc
837 898 922 925 vitam
939 898 1024 932 perti-

234 946 356 973 nentium
369 945 538 972 constituere
555 948 581 970 te
595 943 654 970 vult
667 943 807 977 Christus,
820 948 860 977 ut,
877 943 1022 979 praesenti-

233 991 284 1019 bus
298 991 439 1018 hominum
455 989 529 1017 curis
539 990 678 1022 detentus,
690 994 799 1024 tempus
811 997 865 1016 non
873 989 976 1017 habeas
987 990 1021 1018 ad

232 1037 398 1072 separandos
411 1037 490 1072 juxta
505 1036 629 1064 veritatis
648 1036 759 1063 modum
788 1036 917 1063 homines
931 1036 1021 1064 bonos

231 1091 246 1111 a
260 1084 348 1111 malis.
377 1083 477 1110 Verum
498 1083 544 1110 illa
569 1083 680 1118 quidem
696 1083 715 1110 ii
730 1083 784 1110 sibi
802 1082 918 1110 invicem
940 1083 1020 1110 exhi-

232 1129 312 1157 beant
327 1129 374 1164 qui
387 1129 507 1161 discunt,
521 1134 548 1156 et
564 1134 590 1156 te
604 1137 619 1156 a
636 1129 813 1156 sermonibus
826 1129 918 1156 salvos
930 1128 1021 1156 facere

230 1176 385 1203 valentibus
399 1183 453 1202 non
466 1179 591 1202 avocent.
619 1173 858 1207 Quemadmodum
882 1174 957 1201 enim
973 1174 1021 1202 tibi

230 1221 346 1256 impium
361 1227 403 1249 est
416 1241 424 1254 ,
442 1221 590 1249 sarculares
603 1228 686 1248 curas
700 1221 851 1254 suscipere,
876 1220 972 1248 relicto
988 1227 1021 1248 eo

229 1269 304 1302 quod
317 1267 407 1295 facere
418 1268 514 1303 jussus
527 1275 574 1294 es:
589 1268 628 1294 ita
648 1267 765 1301 singulis
781 1266 859 1293 laicis
875 1270 1019 1300 peccatum

229 1318 282 1346 est,
300 1313 323 1341 si
340 1314 392 1341 sibi
407 1314 524 1341 invicem
535 1314 619 1341 etiam
639 1313 668 1340 in
682 1311 830 1339 mundanis
848 1312 1022 1339 necessitati-

230 1361 282 1388 bus
293 1365 393 1395 priesto
405 1368 458 1387 non
475 1360 541 1387 sint.
570 1360 704 1395 Equidem
719 1360 743 1387 si
757 1359 849 1387 cuncti
875 1366 929 1386 non
943 1359 1020 1394 cogi-

230 1411 287 1433 teut
298 1407 399 1438 facere,
418 1407 458 1434 uti
474 1411 514 1438 tu,
529 1407 557 1433 iii
572 1408 655 1434 rebus
670 1406 697 1433 iii
710 1406 812 1441 quibus
825 1405 852 1433 id
865 1405 955 1436 decet,
972 1412 1018 1433 se-

228 1460 295 1480 cure
304 1458 331 1480 et
347 1453 494 1488 tranquille
507 1454 596 1485 vivas,
609 1461 625 1480 a
638 1452 763 1480 diaconis
772 1453 950 1485 edoceantur;
962 1459 1019 1487 quo

1075 893 1122 920 νῦν
1129 893 1263 928 βιωτικῶν
1277 895 1448 930 πραγμάτων
1457 896 1472 922 ό
1482 896 1610 932 Χριστὸς,
1623 897 1675 929 ἴνα,
1689 898 1866 933 συνεχόμενος

1074 940 1114 971 είς
1126 939 1176 971 τὰς
1192 939 1239 966 νῦν
1259 940 1313 967 τῶν
1336 941 1488 977 ἀνθρώπων
1511 943 1663 979 φροντίδας,
1680 943 1717 979 μὴ
1737 944 1866 980 εὐσχολῇς

1073 986 1199 1021 χωρίζειν
1214 986 1285 1021 λόγῳ
1303 986 1431 1022 ἀληθείας
1450 988 1602 1024 ἀνθρώπιον
1623 990 1686 1021 τοὺς
1708 990 1866 1025 κρείττονας

1073 1032 1127 1058 ἀπὸ
1142 1032 1196 1059 τῶν
1214 1033 1353 1068 χειρόνων.
1376 1034 1455 1061 Ἀλλὰ
1465 1035 1551 1061 ταῦτα
1569 1035 1618 1070 μὲν
1641 1036 1666 1062 oi
1684 1035 1865 1071 μανθάνοντες

1073 1078 1198 1114 ἀλλήλοις
1212 1080 1406 1115 παρεχέτωσαν
1422 1079 1457 1112 ’⁸,
1474 1082 1522 1107 καὶ
1535 1081 1590 1108 ἀπὺ
1597 1081 1652 1108 τῶν
1666 1082 1763 1115 σώζειν
1787 1082 1865 1109 δυνα-

1077 1124 1163 1159 μένων
1173 1124 1259 1158 λόγων
1277 1124 1315 1160 μὴ
1323 1125 1562 1161 ἀπασχολείτωσαν
1571 1127 1604 1153 ⁷⁸.
1627 1127 1670 1159 Ὧς
1679 1127 1733 1163 γάρ
1749 1136 1790 1154 σοι
1801 1128 1864 1155 ἀσε-

1074 1169 1121 1202 ϐές
1136 1170 1204 1203 ἐστι,
1219 1170 1270 1202 τὰς
1286 1170 1414 1206 βιωτικάς
1430 1173 1573 1207 φροντίδας
1587 1173 1775 1206 ἀναδέξασθαι,
1783 1182 1865 1200 κατα-

1073 1216 1204 1250 λείψαντα
1211 1217 1234 1232 ³⁸
1255 1219 1341 1244 ποιεῖν
1351 1217 1366 1244 ὃ
1375 1218 1547 1253 ὲκελεὺσθης,
1557 1219 1644 1251 οὕτως
1654 1219 1763 1255 ἑκάστῳ
1779 1220 1864 1255 λαῗκῷ

1074 1262 1196 1298 ἁμαρτία
1211 1264 1305 1295 ἐστὶν.
1329 1264 1377 1291 ἐὰν
1394 1264 1431 1300 μὴ
1449 1264 1574 1300 ἀλλήλοις
1587 1266 1634 1292 καὶ
1646 1266 1675 1292 ὲν
1694 1267 1755 1298 ταῖς
1775 1266 1865 1301 βιωτι-

1073 1310 1136 1341 καῖς
1149 1310 1254 1345 χρείαις
1267 1311 1458 1346 παρίστανται.
1469 1312 1524 1338 Καὶ
1535 1312 1564 1338 σὲ
1572 1311 1602 1338 δὲ
1610 1312 1676 1347 περὶ
1687 1308 1725 1338 ὦν
1735 1312 1791 1348 χρὴ
1797 1312 1865 1348 ἀμέ-

1074 1365 1169 1393 ριμνον
1186 1355 1256 1385 εἶναι
1278 1359 1304 1385 οι
1328 1359 1429 1390 πάντες
1443 1359 1586 1386 ποιεῖνὲὰν
1604 1359 1641 1395 μὴ
1652 1359 1749 1386 νοῶσιν
1761 1379 1769 1391 ,
1789 1359 1864 1395 παρὰ

1071 1405 1126 1432 τῶν
1140 1405 1270 1432 διακόνων
1287 1406 1505 1441 μανθανέτωσαψ
1524 1407 1568 1433 ινα
1585 1407 1669 1441 μόνης
1678 1408 1729 1442 τῆς
1748 1406 1864 1442 Ἐκκλη-

1073 1452 1134 1484 σίας
1155 1452 1205 1488 τὴν
1221 1453 1348 1488 φροντίδα
1372 1453 1447 1488 ἔχῃς,
1465 1453 1533 1489 πρός
1555 1461 1585 1479 τε
1601 1451 1633 1479 τδ
1654 1453 1765 1480 διοικεῖν
1778 1454 1864 1490 αὐτὴν

228 1499 316 1527 solius
332 1498 462 1526 Ecclesiae
476 1499 691 1527 sollicitudinem
707 1506 797 1534 geras,
821 1503 880 1525 tum
899 1497 933 1525 ad
949 1498 1018 1525 scite

1077 1497 1159 1530 ιαλῶς
1170 1498 1217 1524 καὶ
1231 1498 1262 1525 τὸ
1277 1499 1340 1530 τοὺς
1355 1499 1404 1534 τῆς
1419 1498 1548 1534 ἀληθείας
1562 1499 1656 1533 λόγους
1667 1499 1809 1536 παρέχειν.

229 1553 288 1572 eam
301 1545 561 1579 administrandam,
578 1550 638 1572 tuin
650 1545 685 1572 ad
708 1545 857 1572 tradendos
877 1551 1022 1572 sermones
1038 1544 1172 1572 veritatis.

263 1603 308 1631 Vl.
322 1603 390 1630 Nam
405 1604 428 1631 si
441 1603 516 1631 curis
528 1603 705 1631 saecularibus
716 1607 866 1637 occupatus
878 1601 974 1632 fueris.
989 1606 1017 1629 et

227 1654 254 1677 te
265 1650 356 1685 ipsum
371 1655 398 1677 et
413 1649 551 1677 auditores
566 1648 697 1684 decipies.
727 1648 919 1676 Conducibilia
941 1648 1016 1676 enim

1106 1601 1149 1628 VI.
1172 1602 1259 1633 Ἐπεὶ.
1269 1602 1317 1629 ἐὰν
1332 1602 1471 1638 βιωτικαῖς
1488 1603 1633 1639 μερίμναις
1640 1604 1804 1642 ἀσχοληθῇς,
1815 1613 1864 1634 καὶ

1069 1648 1182 1675 σεαυτὸν
1198 1649 1246 1675 καὶ
1262 1649 1325 1680 τοὺς
1334 1649 1471 1685 ἀκροατὰς
1480 1649 1656 1686 ὲνεδρεύσειςο
1670 1651 1704 1678 τὰ
1719 1652 1775 1688 γὰρ
1789 1661 1862 1689 συμ-

828 1727 1110 1756 [NTERPRETATlO
1129 1727 1257 1756 RUFINI.

225 1794 262 1814 eo
275 1787 394 1815 maxime
404 1786 697 1823 quodiecclesiasticas
714 1786 936 1823 dispensationes
949 1795 964 1814 a
985 1794 1030 1814 me
1053 1786 1233 1821 probabiliter
1249 1786 1386 1819 didicisti;
1410 1793 1440 1815 ut
1456 1787 1532 1815 salus
1547 1795 1656 1821 eorum,
1672 1787 1719 1822 qui
1746 1796 1796 1823 per
1811 1798 1862 1818 nos

227 1823 413 1856 c0iil'ugrruut
429 1824 462 1849 ad
480 1822 577 1853 Deum,
595 1830 769 1857 nequaquam
780 1822 901 1848 vacillet.

265 1856 298 1884 V.
312 1857 503 1884 Verumtamen
520 1862 546 1883 υι
558 1856 674 1884 breviter
689 1856 715 1884 te
729 1858 762 1884 de
777 1857 864 1891 ipsius
878 1856 1093 1891 dispensationis
1106 1857 1203 1884 ordine
1224 1864 1318 1884 coram
1334 1857 1464 1884 omnibus
1475 1865 1652 1885 commonere
1667 1859 1859 1887 necessarium

227 1892 311 1920 duco.
325 1892 363 1919 Te
374 1893 484 1927 quidem
502 1896 610 1929 oportet
625 1892 902 1929 irrepreliensibiliter
917 1892 1026 1929 vivere;
1051 1896 1078 1929 et
1089 1899 1199 1929 suiiiino
1211 1893 1304 1920 studio
1317 1893 1378 1926 niti,
1392 1897 1429 1929 iit
1447 1900 1545 1929 omnes
1556 1894 1618 1920 vita:
1629 1892 1713 1927 hujus
1735 1901 1860 1929 occupa-

227 1929 320 1954 tiones
335 1929 466 1962 ahjicias:
483 1936 517 1954 ne
536 1928 680 1962 lidejussor
707 1928 819 1960 existas,
832 1935 866 1954 ne
891 1927 1041 1962 advocatus
1055 1927 1145 1954 litium
1163 1928 1224 1960 tias,
1237 1935 1304 1954 neve
1328 1928 1355 1955 in
1372 1927 1427 1955 ulla
1445 1928 1536 1962 aliqua
1550 1928 1730 1962 occupatione
1741 1927 1860 1962 prorsus

231 1963 380 1999 iiivciiiaris
395 1962 541 1999 mundialis
560 1963 664 1999 negotii
674 1963 820 1999 occasione
831 1962 986 1999 perplexus.
1007 1961 1101 1999 Neque
1108 1963 1182 1989 enim
1198 1962 1317 1999 judicein
1335 1967 1383 1999 aut
1393 1961 1563 1999 cognitorem
1578 1961 1753 1999 saecularium
1769 1972 1858 1999 nego—

231 1998 331 2032 tiorum
349 1998 429 2024 hodie
444 2002 469 2025 te
483 1998 610 2024 ordinare
621 1998 679 2024 vult
690 1997 832 2030 Christus;
851 1998 889 2024 uti
902 2005 936 2024 ne
951 1997 1115 2031 praefocatus
1142 1998 1324 2032 praesentibus
1336 1998 1480 2025 hominum
1491 1998 1566 2025 curis
1581 2005 1635 2025 non
1648 1998 1739 2032 possis
1768 1997 1859 2027 verbo

229 2031 276 2058 Dei
297 2040 403 2065 vacare,
414 2037 441 2059 et
452 2033 602 2059 secundum
619 2032 743 2059 veritatis
752 2033 873 2066 regulam
888 2039 1031 2059 secernere
1046 2032 1134 2059 bonos
1144 2031 1165 2059 7a
1181 2033 1273 2060 malis.
1307 2034 1360 2060 ista
1373 2040 1492 2067 namque
1513 2040 1608 2067 opera,
1622 2031 1684 2067 qua:
1697 2033 1747 2060 tibi
1761 2034 1858 2062 minus

226 2074 380 2099 congruere
400 2068 527 2101 superius
537 2067 726 2101 exposuimus,
746 2068 893 2094 exhibeant
906 2067 959 2094 sibi
975 2066 1091 2094 invicem
1105 2067 1251 2099 discentes,
1264 2068 1290 2095 id
1306 2072 1349 2094 est
1367 2066 1478 2100 laici,et
1490 2072 1516 2095 te
1530 2066 1611 2095 nemo
1632 2066 1749 2102 occupet
1759 2069 1796 2096 ab
1811 2069 1858 2096 his

225 2103 339 2134 studiis,
352 2110 399 2136 per
413 2110 474 2136 qua:
495 2102 570 2129 salus
587 2102 716 2138 omnibus
741 2103 832 2138 datur.
859 2102 1031 2138 Sicutrenim
1058 2102 1107 2138 tibi
1127 2103 1273 2136 impietatis
1300 2103 1403 2130 crimen
1417 2107 1470 2136 est,
1485 2103 1615 2138 neglectis
1633 2103 1709 2130 verbi
1730 2103 1779 2130 Dei
1796 2109 1858 2131 stu-

228 2138 294 2169 (liis,
309 2137 507 2164 sollicitudines
520 2137 659 2171 suscipere
674 2137 818 2164 saeculares
831 2145 839 2169 ;
856 2137 892 2163 ita
908 2137 1055 2171 unicuique
1067 2137 1199 2164 laicorum

1291 2143 1366 2165 atum
1380 2143 1433 2170 est,
1460 2138 1512 2165 nisi
1528 2138 1645 2165 invicem
1658 2138 1711 2165 sibi
1728 2139 1813 2166 etiam
1827 2139 1856 2166 in

228 2172 272 2198 his
286 2180 347 2206 qiize
360 2173 393 2198 ad
407 2173 562 2199 communis
574 2173 634 2199 \itae
646 2179 725 2200 usum
745 2172 891 2206 pertinent,
907 2179 1019 2206 operam
1039 2172 1155 2199 ﬁdeliter
1174 2173 1309 2200 dederint.
1343 2172 1382 2200 Te
1395 2180 1460 2200 vero
1474 2181 1602 2200 securum
1622 2173 1713 2200 facere
1738 2181 1771 2200 ex
1798 2174 1856 2206 bis,

226 2207 328 2240 quibus
351 2215 405 2233 non
435 2207 518 2234 debes
546 2215 662 2237 vacare,
691 2214 787 2234 omnes
815 2207 999 2233 communiter
1029 2207 1181 2234 elaborent.

1215 2207 1293 2243 Quod
1322 2209 1346 2235 si
1372 2207 1444 2235 forte
1478 2215 1493 2234 a
1519 2208 1674 2243 semetipsis
1710 2208 1763 2236 hoc
1788 2209 1855 2236 laici

226 2249 282 2268 non
312 2242 483 2277 intelligunt,
506 2248 552 2276 per
581 2243 713 2269 diaconos
739 2242 870 2269 edocendi
893 2246 980 2277 sunt;
1010 2245 1040 2268 ut
1065 2242 1115 2269 tibi
1143 2242 1229 2270 solius
1253 2242 1381 2270 Ecclesiae
1406 2242 1851 2277 sollicitudinesderelinquant;

224 2283 280 2313 quo
311 2276 415 2311 ipsam,
443 2282 473 2304 ut
490 2278 602 2311 dignum
621 2282 678 2309 est,
696 2277 855 2311 dispensare
875 2276 1006 2309 sulliciiis,
1018 2281 1046 2304 et
1070 2277 1196 2304 veritatis
1211 2279 1295 2305 verbo
1314 2278 1501 2305 abundantius
1526 2278 1616 2313 possis
1640 2282 1668 2306 et
1692 2276 1853 2307 studiosius

224 2312 373 2339 deservire.

263 2345 304 2374 \‘l.
327 2347 354 2373 Si
370 2347 642 2383 eiiimrmutidialibus
661 2347 736 2374 curis
759 2347 844 2374 fueris
853 2350 1021 2383 occupatus,
1038 2351 1065 2373 et
1077 2346 1194 2383 teipsuiii
1207 2347 1336 2382 decipies,
1349 2353 1375 2375 et
1387 2355 1434 2375 eos
1445 2349 1491 2383 qui
1505 2351 1531 2374 te
1547 2347 1672 2375 audiunt.
1689 2346 1749 2374 Non
1770 2349 1849 2376 enim

224 2382 327 2417 poteris
344 2390 405 2416 quae
420 2382 454 2409 ad
482 2382 599 2418 salutem
628 2383 773 2416 pertinent,
789 2382 894 2416 pleiiitis
910 2382 1026 2416 singulis
1039 2382 1195 2418 quibusque
1217 2383 1322 2410 caeteris
1349 2382 1516 2418 distinguere
1533 2391 1540 2408 :
1557 2387 1584 2409 et
1597 2390 1631 2410 ex
1643 2390 1677 2410 eo
1699 2383 1730 2410 ﬁt
1751 2388 1782 2410 tit
1810 2389 1853 2416 tit,

223 2421 353 2452 tauquam
364 2417 413 2453 qui
426 2425 478 2443 non
491 2417 617 2443 docueris
631 2425 693 2451 qua:
706 2417 739 2443 ad
758 2419 873 2444 salutem
886 2419 1027 2444 hominum
1043 2417 1338 2453 pertiiiciit,deponaris
1350 2438 1358 2450 ,
1390 2423 1417 2444 et
1438 2417 1571 2452 discipuli
1597 2425 1643 2452 per
1665 2417 1853 2453 ignorantiam

223 2451 346 2485 pereant.
363 2451 466 2479 Idcirco
476 2460 542 2485 ergo
557 2457 584 2478 iu
602 2453 713 2486 quidem
727 2453 760 2478 ad
773 2453 824 2478 hoc
839 2453 928 2478 solum
960 2455 1067 2483 vacato,
1083 2452 1121 2478 uti
1138 2451 1291 2486 opportune
1313 2458 1341 2479 et
1360 2453 1420 2480 sine
1444 2451 1651 2480 intermissione
1675 2451 1778 2480 doceas
1798 2461 1851 2480 eos

224 2488 338 2514 \erbnni
359 2488 405 2514 Dei
427 2495 477 2522 per
499 2488 571 2522 quod
584 2490 699 2514 salutent
715 2488 847 2521 consequi
871 2487 986 2521 possint.
1014 2486 1054 2513 llli
1080 2494 1144 2514 vero
1158 2495 1221 2514 cum
1238 2493 1311 2514 tanta
1333 2488 1483 2515 reverentia
1507 2492 1554 2514 tua
1570 2489 1652 2514 verba
1681 2489 1851 2522 suscipiant,

224 2526 352 2556 tauquam
368 2522 414 2557 qui
427 2523 515 2549 sciant
526 2523 642 2556 legatum
660 2526 686 2548 te
700 2527 727 2548 et
741 2530 892 2556 praeconem
905 2530 966 2549 esse
977 2522 1110 2551 veritatis.
1131 2526 1158 2549 et
1169 2523 1340 2558 quodcunque
1351 2522 1474 2557 ligaveris
1489 2530 1567 2556 super
1582 2527 1691 2555 terram,
1703 2531 1759 2550 use
1773 2523 1851 2558 liga-

223 2561 278 2583 tum
290 2564 314 2585 et
339 2558 457 2590 iitcwlo,
473 2563 498 2584 et
513 2558 685 2592 quodcunque
698 2558 818 2590 solveris,
843 2558 924 2584 etiam
947 2557 984 2584 ibi
1011 2565 1067 2583 esse
1088 2557 1240 2584 solvendum
1266 2557 1376 2593 (Matth.
1402 2565 1458 2591 xu,
1489 2558 1549 2592 i9),
1576 2559 1705 2592 quoniam
1734 2557 1851 2592 quidem

876 2615 992 2642 VARI/{'1
1008 2615 1210 2643 LECTIONES.

257 2661 280 2676 ⁷⁸
293 2660 379 2696 βραχῦ
401 2660 515 2695 (βραχὺν
528 2659 602 2696 conj.
621 2659 651 2695 S)
665 2659 728 2687 νοῦν
749 2660 836 2696 ἔχοντι
852 2661 882 2688 C.
920 2662 943 2677 ⁷⁸
958 2661 988 2688 σέ
1014 2662 1105 2689 addidi
1122 2670 1146 2690 c.
1171 2661 1361 2696 0.Pronomcn
1390 2661 1484 2696 deesse
1501 2664 1574 2688 recte
1587 2661 1654 2687 vidit
1667 2659 1697 2688 S.
1712 2660 1850 2696 βραχαεας

221 2695 288 2732 Cod.
313 2696 538 2732 Clemenli‘itorrum’
553 2695 723 2732 Parisiens.j,
741 2696 863 2732 βραχέως
874 2697 948 2730 conj.
963 2698 1014 2732 (ἐκ
1040 2697 1061 2713 ⁷⁷
1079 2697 1126 2723 τοῦ
1156 2697 1271 2724 accessit
1286 2704 1319 2722 ex
1340 2695 1373 2723 0.
1391 2695 1459 2722 Tum
1483 2696 1668 2732 ἀποσείεσθαι
1691 2695 1714 2722 Ο
1727 2695 1754 2732 is
1775 2697 1847 2724 Cod.

221 2730 292 2766 βω,
316 2731 471 2766 ἀποσιεσθαι
483 2731 551 2758 Cod.
567 2730 693 2758 Clenteiit.
712 2730 798 2758 Paris.
817 2736 983 2766 constanter.
1001 2731 1038 2758 De
1056 2733 1106 2758 hac
1123 2732 1264 2766 scriptura:
1279 2732 1459 2763 discrepantia
1476 2731 1496 2758 C
1513 2731 1617 2758 consuli
1630 2731 1708 2765 jubet
1725 2730 1846 2759 Salinas.

221 2763 286 2802 ljot.
300 2766 332 2802 ad
346 2765 470 2802 [κείν-ἦρι,
486 2766 610 2797 Herodis,
626 2773 652 2800 p.
669 2766 704 2802 ϐἀ
719 2766 854 2802 δείξεσι-ε
877 2764 990 2793 Constit.
1019 2771 1104 2802 apost.
1125 2775 1159 2796 ii.
1179 2763 1213 2792 ’6.
1241 2766 1308 2794 Cari.
1335 2770 1420 2800 apart.
1442 2766 1492 2802 Viti.

1545 2767 1570 2802 ’ξ
1583 2766 1805 2802 παρασχέτωςταῑ
1813 2767 1846 2795 G-

221 2799 344 2836 Subinde
358 2802 395 2827 S:
425 2801 604 2828 Scribendtim
626 2799 705 2827 haud
721 2799 812 2834 dubie,
829 2801 882 2828 nisi
894 2802 962 2828 forte
977 2799 1061 2828 totum
1078 2801 1188 2836 aliquod
1205 2799 1355 2827 membrum
1372 2801 1481 2833 excidit,
1504 2800 1534 2827 σὲ
1560 2801 1582 2828 δ’
1607 2799 1648 2828 vel
1666 2799 1713 2827 καὶ
1729 2801 1771 2827 σέ.
1789 2800 1848 2827 Ru-

223 2835 271 2872 iiiii
292 2835 477 2872 interpretatio
495 2835 563 2872 hinc?
582 2839 626 2872 est
643 2845 660 2872 :_
676 2845 685 2861 ε
701 2840 729 2863 et
755 2840 782 2863 te
810 2843 889 2863 nemo
914 2837 1085 2872 occiipetrab
1112 2835 1154 2863 his
1175 2836 1289 2872 studiis,
1310 2843 1362 2872 per
1381 2843 1442 2872 qua:
1470 2836 1546 2872 salus
1566 2837 1693 2872 omnibus
1724 2837 1819 2864 datur.
1833 2845 1844 2862 ι

220 2869 245 2885 "
259 2869 486 2906 ἀποσχολήτωσαν
502 2870 538 2903 (ὲ,
552 2870 751 2906 ἁσχολείτωσαν
772 2871 834 2900 cod.
851 2871 914 2903 804,
932 2869 1166 2908 ἀποσχολείτωσαν
1179 2871 1210 2898 ὃ.
1247 2870 1272 2886 ⁸⁸
1285 2869 1476 2906 κὰταλείψαντι
1497 2871 1559 2900 cod.
1584 2871 1646 2898 804.
