1945 3101
257 135 291 163 67
699 137 727 164 S.
742 134 937 164 CLEMENTlS
956 134 964 162 l
982 133 1066 162 ROM.
1088 133 1189 162 ΡΟἾΤ.
1212 134 1326 162 OPERA
1345 135 1459 164 DL‘BLL
1859 133 1890 159 ﬁt

258 201 397 229 praecones
411 194 490 223 missi
515 199 591 226 sunt,
611 202 665 222 non
689 195 894 230 grammaticam
917 193 1038 229 proﬁten-

1097 193 1325 229 ἐπαγγελλόμενοι
1338 195 1447 230 τέχνην,
1468 195 1525 222 ἀλλ’
1541 195 1634 227 ἁπλοῖς
1654 195 1700 222 καὶ
1712 194 1893 230 ἀπανούργοις

257 247 299 268 tes
317 244 415 272 artem,
435 241 482 267 sed
496 241 666 276 simplicibus
680 247 707 269 et
721 242 836 269 sinceris
849 242 937 269 verbis
953 241 1047 268 consi-

256 285 324 313 lium
341 286 425 321 ipsius
436 287 655 315 demonstrantes
669 288 748 322 (adeo
761 293 790 314 ut
803 287 917 322 quilibet
930 286 976 322 qui
998 295 1048 313 au-

257 333 348 366 dierit,
373 334 503 368 intelligat
524 341 585 368 quae
603 334 744 368 dicuntur)
765 341 852 368 neque
868 341 929 360 cum
950 332 1047 359 all‘ectn

256 380 377 414 quodam
392 380 494 413 invido,
517 388 547 407 se
568 381 655 415 ipsm
671 381 776 408 cunctis
792 380 912 415 praebere
927 379 1046 411 nolent-,

256 426 359 454 adestis
385 434 445 459 vos,
472 430 512 458 ut,
529 431 707 461 pra-terquam
726 427 798 461 quod
820 433 874 453 non
897 425 1047 459 intelligitis

256 472 328 506 quod
345 473 422 499 vobis
436 473 553 508 expedit,
567 473 667 500 damno
687 478 778 500 vestro
795 474 934 500 veritatem
955 472 1046 498 ridea-

256 517 301 550 tis,
314 526 374 553 qua:
383 520 454 554 apud
466 520 598 547 barbaros
610 520 644 547 ad
657 525 775 547 vestram
788 518 1045 547 comlemnalionem

255 570 389 598 versatur,
402 575 540 601 quamque
555 567 589 594 ad
614 574 662 594 vos
685 567 874 593 advenientem
896 573 948 592 non
964 565 1045 593 vultis

256 611 374 647 hospitio
388 614 508 648 recipere
530 618 640 648 propter
664 613 791 640 libidines
812 617 928 643 vestras,
944 616 971 638 et
985 619 1046 638 ver-

255 657 351 686 borum
373 660 446 686 illius
460 660 601 691 vilitatem.
619 667 652 687 ne
671 658 835 694 argnamini,
856 658 928 693 quod
945 662 1045 685 temere

254 706 384 742 philologi
399 708 465 734 estis
487 715 533 734 seu
550 711 686 734 amatores
701 713 870 738 sermonum,
885 713 939 732 non
953 710 1044 732 antem

253 753 376 781 veritatis
389 758 524 781 amatores
537 753 700 788 philosophi.
721 752 871 786 Quousque
883 759 948 786 ergo
961 751 1045 778 disci-

253 800 288 828 tis
303 800 388 834 loqui,
406 800 452 834 qui
471 800 584 834 pulchre
599 799 673 834 loqui
695 799 826 826 nescitis?
840 797 922 825 Multa
943 799 1044 833 quippe

252 847 334 873 verba
345 850 434 873 vestra
447 846 528 872 unius
537 845 611 873 verbi
625 845 712 880 pretio
725 852 779 871 non
790 848 855 871 sunt
871 844 1041 871 astimanda.

251 894 322 927 Quid
338 892 606 921 autemdicetGrzeca
622 896 712 919 vestra
728 891 886 928 multitudo,
902 891 1043 918 unanimis

251 939 334 973 facta,
354 939 378 967 si
397 939 530 974 judicium
544 938 666 966 futurum
686 942 737 970 est,
758 942 788 964 ut
799 938 848 965 iste.
863 939 919 965 ait?
940 937 1041 971 Quare,

251 985 333 1018 Deus,
344 986 510 1013 voluntatem
522 990 595 1012 tuam
609 993 662 1012 non
674 985 827 1020 praedicasli
839 985 936 1012 nobis?
946 984 1042 1012 Nonne

250 1032 376 1064 audietis,
393 1032 415 1059 si
441 1032 555 1058 omnino
571 1032 777 1066 responsionem
793 1031 1039 1066 accipietis,‘bazc:

250 1078 317 1113 Ego,
331 1087 392 1105 eum
414 1086 510 1105 omnes
527 1078 633 1106 futuras
651 1079 805 1106 voluntates
828 1083 891 1105 ante
906 1078 1040 1105 constitu-

249 1126 349 1152 tionem
375 1125 469 1152 mundi
485 1133 689 1161 cognoscerem,
706 1125 856 1159 unicuique
875 1132 926 1159 pro
942 1125 1040 1152 merito

248 1179 299 1198 suo
317 1172 431 1199 latenter
443 1172 559 1206 praevius
573 1171 700 1204 occurri;
715 1171 786 1206 quod
801 1175 892 1198 autem
908 1171 933 1198 id
949 1171 1038 1206 ipsum

248 1218 285 1244 ita
307 1225 336 1245 se
356 1218 455 1244 habeat
476 1218 572 1245 volens
595 1218 628 1245 iis
652 1217 698 1252 qui
721 1217 754 1244 ad
776 1225 820 1244 me
846 1217 1037 1251 confugerunt,

247 1264 326 1298 plene
344 1263 531 1296 manifestare,
548 1271 597 1290 cur
620 1263 654 1290 ab
675 1263 764 1296 initio,
781 1263 904 1298 aprimis
926 1271 1039 1298 genera-

247 1310 368 1336 tionibus
382 1310 546 1336 voluntatem
562 1317 651 1336 meam
668 1309 757 1343 palam
773 1317 828 1336 non
841 1308 950 1336 siverim
969 1316 1038 1343 prae-

246 1355 344 1388 dicari,
363 1363 435 1383 nunc
450 1355 522 1382 circa
543 1355 634 1382 saacnli
649 1356 729 1382 linem
745 1363 884 1390 praecones
904 1355 957 1381 mei
976 1363 1039 1382 con-

247 1402 300 1428 silii
314 1402 387 1434 misi,
404 1402 451 1436 qui
471 1406 498 1428 et
518 1402 675 1434 irridentur,
702 1406 728 1428 et
753 1401 926 1429 contumeliis
947 1401 1035 1428 allecti

246 1448 413 1476 deluduntnr
426 1449 460 1476 ab
475 1449 509 1475 iis
523 1449 568 1483 qni
596 1456 769 1484 nequaquam
787 1448 881 1475 volunt
900 1448 1035 1483 adjuvari,

245 1495 348 1530 quique
370 1502 457 1522 meam
483 1495 631 1522 amicitiam
653 1495 827 1522 vehementer
846 1494 1034 1529 repudiarunt.

1099 241 1188 275 λόγοις
1201 243 1223 260 ’³
1238 242 1286 278 τὴν
1301 242 1383 269 αὑτοῦ
1404 243 1531 278 βούλησιν
1551 243 1736 277 ἐκφαίνοντες,
1756 242 1797 274 ὡς
1818 241 1894 268 πάνθ’

1097 287 1234 315 ὁντιναοῦν
1251 288 1404 315 ἀκούσαντα
1421 291 1491 316 νοεῖν
1505 288 1540 316 τά
1552 289 1696 325 λεγόμενα,
1711 289 1759 315 καὶ
1779 287 1810 314 οὐ
1829 287 1895 324 μετά

1098 333 1180 366 ἓξεώς
1194 343 1266 366 τινος
1279 335 1421 371 φθονερᾶς,
1433 335 1564 371 παρέχειν
1577 336 1659 362 πᾶσιν
1670 334 1770 370 ἑαυτὴν
1785 334 1823 370 μὴ
1839 334 1895 369 βου-

1097 380 1213 415 λομένης
1227 381 1249 396 ²⁹
1259 392 1265 396 ·
1280 381 1400 416 πάρεστε
1411 381 1500 417 ὑμεῖς,
1517 381 1585 417 πρὸς
1597 381 1635 416 τῷ
1651 381 1688 416 μὴ
1700 382 1771 407 νοεῖν
1787 380 1819 407 τὸ
1831 381 1894 416 ὑμῖν

1099 427 1246 462 συμφέρον,
1263 427 1310 453 ἐπὶ
1325 429 1358 463 τῇ
1373 428 1493 463 ὑμετέρᾳ
1509 427 1593 463 βλάϐῃ
1611 427 1693 463 γελᾷν
1713 427 1765 462 τὴν
1789 427 1830 458 εἰς
1846 427 1893 462 τὴν

1097 473 1232 508 ὑμετέραν
1259 473 1407 509 καταδίκην
1431 474 1460 500 ὲν
1491 473 1637 510 βαρϐάροις
1661 472 1892 508 πολιτευσαμένην

1097 518 1234 554 ἀλήθειαν,
1250 519 1282 554 ἣν
1295 520 1341 546 καὶ
1361 520 1424 555 ὑμῖν
1439 520 1645 555 ὲπιδημήσασαν
1669 519 1772 551 ξενίσαι
1787 519 1817 545 οὗ
1833 518 1893 553 βού-

1096 565 1184 598 λεσθε,
1198 566 1243 593 διὰ
1256 566 1305 598 τὰς
1322 566 1465 601 ἀσελγείας
1481 566 1568 601 ὑμῶν,
1585 566 1632 592 καὶ
1646 565 1677 592 τὸ
1694 565 1768 592 λιτὸν
1781 565 1836 591 τῶν
1848 564 1892 591 λό-

1096 621 1152 647 γων
1167 613 1261 648 αὐτῆς,
1283 614 1326 640 ἵνα
1348 613 1386 649 μὴ
1401 613 1558 648 ὲλεγχθῆτε,
1640 613 1681 639 ὃτι
1701 613 1762 647 εἰκῇ
1779 612 1800 627 ³⁸
1816 611 1892 646 φιλό-

1095 660 1169 695 λογοι
1183 662 1256 692 ἐστε,
1272 662 1319 687 καὶ
1335 661 1366 687 οὐ
1381 660 1537 696 φιλαλήθεις
1558 659 1712 694 φιλόσοφοι·
1740 659 1821 694 μέχρι
1842 658 1892 694 μὲν

1095 705 1141 734 οὖν
1156 708 1220 734 πότε
1241 708 1332 735 λαλεῖν
1346 707 1505 743 μανθάνετε,
1521 708 1545 733 οἱ
1563 707 1593 733 τὸ
1607 706 1696 738 καλῶς
1707 705 1728 722 ¹¹
1740 705 1831 732 λαλεῖν
1842 705 1892 732 οὐκ

1095 755 1215 790 ἐχοντεςς
1235 755 1324 781 Πολλὰ
1338 755 1392 790 γὰρ
1405 754 1482 790 ὑμῶν
1495 754 1604 790 ῥήματα
1627 753 1686 784 ἑνὸς
1700 753 1750 779 οὐκ
1768 751 1830 785 ἄξια
1848 751 1893 778 λό-

1095 810 1152 836 γου.
1182 802 1214 828 Τί
1235 802 1288 838 ἄρα
1312 802 1370 838 ὲρεῖ
1394 801 1470 837 ὑμῶν
1497 799 1690 836 τὺἙλληνικὺν
1712 799 1814 834 πλῆθος
1842 798 1891 834 μία

1094 849 1166 884 ψυχὴ
1182 849 1336 884 γενόμενον,
1353 849 1432 883 εἴπερ
1450 847 1526 874 ἔσται
1545 848 1567 863 ³³
1584 847 1684 882 κρίσις,
1702 846 1740 877 ὡς
1754 843 1830 876 οὗτος
1843 844 1889 871 λέ-

1093 903 1151 929 γει;
1166 895 1216 921 Διά
1232 895 1268 927 τί,
1283 891 1305 921 ὣ
1319 894 1381 926 Θεὲ,
1402 895 1452 930 τὴν
1477 894 1525 929 σὴν
1541 893 1668 929 βούλησιν
1683 892 1733 918 οὐκ
1753 891 1889 927 ὲκήρυξας

1092 943 1172 978 ήμῖν;
1187 943 1223 969 Ού
1237 942 1345 973 πάντως
1355 940 1514 972 ἀκούσεσθε,
1527 941 1605 975 εἴπερ
1621 938 1793 974 ἀποκρίσεως
1805 946 1890 964 κατα-

1092 988 1267 1024 ξιωθήσεσθε,
1281 987 1344 1014 τάδε
1358 987 1394 1003 ³³θ
1413 986 1493 1022 Ἐγὼ,
1513 986 1603 1017 πάσας
1615 985 1665 1017 τὰς
1682 985 1814 1020 ἐσομένας
1835 984 1889 1019 προ

1091 1034 1243 1070 καταϐολῆς
1265 1034 1366 1070 κόσμου
1387 1033 1466 1065 εἰδὼς
1488 1032 1671 1069 προαιρέσεις,
1697 1031 1768 1062 ἰδίως
1785 1031 1807 1046 ³⁸
1821 1031 1887 1057 ἐκα-

1092 1089 1147 1117 στῳ
1161 1082 1229 1118 πρὸς
1244 1082 1274 1108 τὸ
1288 1081 1369 1108 αὑτοῦ
1387 1079 1459 1113 ἄξιον
1473 1079 1657 1110 λανθανόντως
1671 1079 1868 1114 προαπήντησα
1879 1086 1885 1092 ·

1089 1128 1168 1154 τοῦτο
1189 1129 1218 1154 δὲ
1238 1128 1304 1155 αὐτὸ
1326 1128 1366 1155 ὅτι
1385 1127 1472 1159 οὕτως
1487 1127 1553 1162 ἔχει,
1570 1125 1710 1161 βουληθεὶς
1723 1125 1786 1156 τοὺς
1803 1132 1888 1159 προσ-

1089 1175 1261 1209 πεφευγότας
1284 1183 1328 1210 μοι
1354 1173 1571 1210 πληροφορῆσαι,
1595 1171 1638 1198 διὰ
1660 1171 1686 1196 τί
1708 1171 1838 1206 ἀπαρχῆς
1855 1171 1886 1197 ἐκ

1089 1221 1228 1257 προτέρων
1249 1220 1350 1255 γενεῶν
1371 1220 1421 1256 τὴν
1446 1219 1516 1254 ἐμὴν
1545 1217 1671 1254 βούλησιν
1697 1216 1816 1252 δημοσία
1837 1216 1887 1242 οὒκ

1088 1267 1166 1293 εἴασα
1181 1267 1361 1302 κηρυχθῆναι,
1378 1265 1426 1293 νῦν
1444 1265 1513 1301 πρὸς
1526 1264 1565 1300 τῷ
1582 1264 1653 1290 τέλει
1667 1262 1714 1289 τοῦ
1734 1263 1792 1298 βίου
1806 1263 1829 1278 ³³
1841 1263 1887 1297 κή-

1089 1322 1174 1349 ρυκας
1189 1314 1257 1348 ἐμῆς
1269 1313 1365 1348 βουλῆς
1379 1311 1535 1343 ἀπέστειλα,
1554 1311 1579 1338 οἳ
1592 1311 1614 1326 ³⁸
1627 1310 1674 1337 καὶ
1689 1309 1824 1344 γελῶνται
1837 1309 1885 1336 καὶ

1088 1360 1259 1396 ὑϐριζόμενοι
1274 1359 1449 1394 χλευάζονται
1464 1358 1516 1385 ὑπὸ
1537 1357 1590 1384 τῶν
1615 1356 1699 1392 μηδὲν
1720 1355 1884 1390 ὠφελεῖσθαι

1087 1405 1216 1432 θελόντων
1230 1406 1277 1433 καὶ
1295 1405 1499 1441 ἐπιτεταμένως
1519 1405 1569 1440 τὴν
1592 1404 1661 1439 ἐμὴν
1679 1403 1771 1438 φιλίαν
1783 1411 1884 1439 παραι-

1086 1451 1256 1487 τησαμένων.
1271 1452 1303 1478 Ὢ
1315 1451 1436 1487 μεγάλης
1455 1451 1573 1483 ἀδικίαςί
1593 1450 1673 1486 μέχρι
1693 1450 1777 1477 πόνου
1791 1450 1812 1466 ³⁷
1825 1459 1884 1477 xw-

1085 1497 1225 1524 δυνεύουσι
1239 1499 1369 1534 κήρυκες,
1392 1498 1440 1524 καὶ
1453 1497 1539 1524 ταῦτα
1553 1497 1606 1524 ὑπὸ
1622 1497 1676 1523 τῶν
1689 1497 1729 1528 εἰς
1745 1496 1884 1533 σωτηρίαν

244 1540 270 1568 0
284 1548 408 1576 magnam
429 1541 570 1575 injuriam!
589 1542 685 1569 mortis
706 1541 779 1569 enim
798 1541 949 1576 periculum
970 1541 1036 1568 sub-

1090 1545 1169 1571 καλου
1173 1544 1260 1580 μένων
1275 1545 1389 1580 ἀνδρῶν.

244 1592 310 1614 eunt
324 1587 530 1622 przedicatores;
559 1588 639 1623 idque
654 1595 703 1622 per
723 1595 771 1616 eos
795 1587 920 1615 homines
937 1589 984 1622 qui
1002 1587 1037 1614 ad

245 1634 360 1660 salutem
379 1638 520 1661 vocantur.

279 1690 337 1718 Xll.
363 1691 448 1718 Porro
465 1691 530 1718 illud
549 1691 650 1726 injuste
665 1691 766 1718 factum
784 1691 915 1719 adversus
930 1698 1036 1725 praeco-

244 1746 293 1765 nes
306 1746 382 1764 meos
398 1746 412 1765 a
427 1738 560 1772 principio
575 1738 646 1772 apud
663 1745 759 1764 onmes
774 1737 897 1765 futurum
914 1743 990 1771 erat,
1010 1738 1033 1766 si

243 1792 258 1811 a
276 1784 410 1819 principio
426 1784 459 1811 ad
476 1784 590 1811 salutem
610 1784 699 1810 vocali
724 1783 843 1811 fuissent
861 1784 909 1818 qui
930 1784 1032 1819 indigni

243 1834 317 1857 sunt.
335 1829 413 1863 Quod
441 1829 514 1857 enim
539 1837 612 1857 nunc
626 1829 660 1857 ab
679 1829 712 1857 iis
726 1829 859 1864 injuriose
882 1829 921 1862 lit,
939 1830 964 1856 in
984 1830 1032 1858 de-

243 1876 395 1902 fensionem
411 1875 534 1910 ﬁtjllstae
557 1883 625 1902 mea;
649 1875 846 1910 providentiae,
871 1875 943 1910 quod
963 1883 1034 1911 prae-

243 1923 316 1949 clare
337 1921 490 1949 doctrinam
514 1922 619 1948 honore
633 1921 742 1956 dignam
763 1922 839 1948 nolui
855 1921 987 1949 inutiliter
998 1922 1033 1949 ab

244 1968 323 1994 initio
338 1968 371 1994 ad
388 1968 583 1994 contumeliam
605 1967 715 2002 publice
729 1975 878 2002 exponere,
901 1967 947 1995 sed
971 1976 1030 1995 eam

243 2014 336 2047 statui,
351 2018 381 2041 ut
395 2014 575 2041 venerandam
587 2033 594 2045 ,
614 2013 723 2041 silentio
747 2013 818 2049 tegi;
837 2021 892 2040 non
920 2014 1031 2048 quidem

242 2059 313 2094 apud
327 2067 374 2087 eos
389 2059 436 2094 qui
455 2059 590 2094 principio
605 2060 680 2095 digni
695 2064 775 2086 erant
787 2080 795 2091 ,
821 2060 923 2095 quibus
936 2065 962 2086 ιιι
976 2065 1032 2086 trn-

243 2104 309 2137 didi,
326 2105 372 2132 sed
386 2105 457 2140 apud
474 2105 542 2132 istos
554 2110 581 2132 et
596 2105 764 2138 consimiles,
779 2109 808 2132 ut
821 2105 943 2136 cernitis,
962 2105 1032 2132 indi-

242 2159 322 2187 gnos,
337 2151 400 2178 odio
419 2159 463 2178 me
485 2155 700 2186 prosequentes,
726 2158 809 2185 seque
824 2151 946 2178 nolentes
969 2151 1031 2178 dili-

242 2207 314 2234 gere.
329 2197 364 2224 Et
377 2205 441 2224 vero
452 2205 535 2230 nunc,
551 2198 708 2225 omittentes
724 2197 796 2224 hunc
810 2197 947 2224 hominem
964 2198 1028 2224 irri-

241 2244 317 2276 dere,
333 2251 349 2270 a
368 2251 411 2270 me
433 2243 519 2277 ipsius
543 2243 784 2278 repromissionem
800 2243 906 2276 audite,
924 2244 965 2271 vel
982 2245 1028 2278 qui

241 2289 314 2316 volet
327 2288 392 2315 mihi
408 2289 578 2324 percontanti
593 2289 766 2324 respondeat.
782 2290 821 2317 Ac
837 2298 870 2317 ne
887 2290 959 2317 velut
981 2299 1028 2325 pe-

1123 1683 1171 1708 XlI
1199 1681 1285 1708 Τοῦτο
1298 1680 1327 1707 δὲ
1341 1680 1371 1707 τὸ
1381 1679 1480 1711 ἀδίκως
1495 1679 1635 1714 γινόμενον
1650 1678 1719 1705 κατὰ
1735 1678 1790 1705 τῶν
1805 1678 1882 1713 ἐμῶν

1087 1728 1216 1763 κηρύκων
1231 1728 1278 1754 ἀπ’
1295 1726 1382 1763 ἀρχῆς
1389 1726 1444 1761 36
1453 1726 1485 1752 ἂν
1501 1727 1542 1757 είς
1555 1726 1659 1756 πάντας
1670 1725 1786 1760 ἐγίνετο,
1800 1726 1882 1761 εἰπερ

1087 1776 1133 1802 ἀπ’
1145 1774 1234 1810 ἀρχῆς
1247 1774 1287 1806 εἰς
1303 1773 1438 1809 σωτηρίαν
1449 1772 1594 1799 ἐκαλοῦντο
1604 1773 1629 1799 ol
1646 1772 1758 1805 ἀνάξιοι.
1777 1772 1815 1798 Τὸ
1825 1773 1881 1807 γὰρ

1086 1820 1134 1847 νῦν
1151 1820 1292 1855 γινόμενον
1309 1820 1355 1846 ὑπ’
1379 1818 1470 1846 αὐτῶν
1488 1819 1589 1850 ἀδίκως
1605 1819 1645 1850 εἰς
1663 1818 1813 1852 ἀπολογίαν
1830 1818 1881 1853 τῆς

1084 1867 1155 1903 ἐμῆς
1170 1866 1278 1898 δικαίας
1294 1866 1397 1900 γίνεται
1418 1866 1560 1901 προνοίας,
1575 1865 1616 1892 ὅτι
1633 1865 1722 1897 καλῶς
1737 1865 1784 1891 τὸν
1795 1865 1881 1900 τιμῆς

1083 1913 1158 1947 ἄξιον
1174 1913 1252 1948 λόγον
1269 1913 1316 1939 ἀπ’
1333 1913 1420 1948 ἀρχῆς
1436 1912 1554 1948 δημοσία
1571 1912 1611 1943 εἰς
1627 1911 1706 1947 ὓϐριν
1723 1911 1811 1938 θεῖναι
1827 1911 1881 1938 οὐκ

1082 1960 1235 1996 ἠϐουλήθην
1244 1959 1266 1975 ³⁸
1275 1959 1420 1993 ἀνωφελῶς
1431 1978 1438 1990 ,
1456 1958 1523 1985 ἀλλά
1539 1958 1664 1993 σιγᾶσθαι
1685 1958 1768 1985 αὐτὸν
1785 1958 1824 1989 ὡς
1839 1958 1881 1984 τί-

1085 2015 1146 2042 μιον
1162 2005 1378 2041 ἐϐουλευσάμην,
1401 2005 1452 2032 οὐκ
1472 2005 1526 2032 ἀπὸ
1539 2004 1594 2031 τῶν
1608 2005 1655 2031 ἀπ’
1672 2005 1760 2040 ἀρχῆς
1780 2004 1879 2037 ἀξίων,

1082 2052 1123 2085 οἷς
1134 2053 1182 2079 καὶ
1198 2053 1350 2089 μετέδωκα,
1364 2050 1422 2078 ἀλλ’
1432 2051 1485 2077 ἀπὸ
1496 2051 1600 2077 τούτων
1614 2050 1661 2077 καὶ
1670 2051 1724 2077 τῶν
1733 2050 1879 2082 τοιούτων,

1082 2101 1120 2132 ὡς
1136 2101 1228 2132 ὁρᾶτε,
1246 2099 1374 2132 ἀναξίων,
1391 2098 1445 2125 τῶν
1462 2097 1512 2133 ἐμὲ
1532 2097 1681 2133 μισούντων
1698 2098 1746 2124 καὶ
1761 2098 1880 2129 ἑαυτοὺς

1083 2147 1168 2182 φιλεῖν
1187 2147 1223 2182 μὴ
1245 2145 1423 2181 βουλομένων.
1441 2145 1496 2171 Καὶ
1512 2143 1561 2171 νῦν
1580 2152 1612 2178 γε
1636 2144 1770 2179 παρέντες
1792 2143 1880 2179 γελᾷν

1082 2194 1128 2220 τὸν
1144 2193 1229 2229 ἄνδρα
1244 2192 1349 2223 τοῦτον,
1365 2190 1432 2227 ἐμοῦ
1453 2191 1522 2226 πρὸς
1543 2190 1573 2216 τὸ
1592 2190 1687 2216 τούτου
1710 2190 1879 2226 ἐπάγγελμα

1082 2239 1259 2268 πυνθάνεσθε,
1277 2238 1293 2273 ἢ
1311 2237 1504 2272 πυνθανομένῳ
1518 2245 1562 2272 μοι
1573 2237 1595 2252 ³⁸
1610 2238 1624 2263 ὁ
1639 2236 1800 2272 βουλόμενος
1810 2237 1880 2263 ἀπο-

1082 2286 1229 2323 κρινάσθω.
1236 2286 1291 2312 Καὶ
1301 2284 1367 2320 μὴ*ο
1376 2284 1414 2316 ὡς
1423 2283 1547 2318 ἀσελγεῖς
1557 2283 1787 2315 κύνεςύλάσσετε,
1794 2283 1879 2319 ψόφῳ

902 2391 1020 2419 ῪΑΒΙᾸΕ
1042 2387 1242 2420 LECTIONES.

277 2458 300 2474 ’⁸
314 2458 405 2492 λόγοις
417 2457 576 2491 transcripsi
589 2466 620 2484 ex
636 2457 657 2484 Ο
672 2483 680 2491 ,
695 2457 782 2492 quoSi
799 2457 954 2490 conjectura
970 2457 1063 2489 ἁπλῶς
1088 2456 1136 2483 καὶ
1155 2455 1334 2492 ἀπανούργως
1347 2453 1482 2489 superﬂua
1494 2453 1634 2492 _redditur.
1649 2452 1692 2480 Cf.
1721 2453 1784 2492 Βεε.
1806 2453 1872 2492 1.“9.

240 2493 310 2521 Tum
321 2492 409 2520 πάντα
419 2493 572 2519 ὁντινανοῦν
584 2494 615 2523 (ἶ,
630 2493 718 2519 πάντα
733 2492 870 2519 ὁντιναοῦν
894 2493 922 2520 S.

975 2494 997 2508 ¹⁹
1017 2492 1172 2527 βουλόμενοι
1200 2488 1316 2527 οοιιῇξοιι
1341 2488 1516 2527 amanuensis
1531 2490 1655 2527 ad__oram
1674 2488 1781 2527 ’σοίῆ-0,.
1789 2488 1874 2527 ειιῙιιξ

241 2534 332 2570 aut.“
345 2528 572 2570 βουλρμέῖηςτω
586 2528 617 2555 C-
639 2527 739 2570 Ibide."
752 2528 819 2570 “Pis
835 2527 874 2570 τῷ
890 2527 913 2570 9
932 2527 1001 2570 ,βιὲ
1016 2522 1232 2570 ζεπερίεςκτξρδξ
1247 2522 1365 2570 έδέχέἷ
1376 2523 1480 2570 νίφηο
1502 2531 1544 2570 ε;.
1558 2524 1682 2570 ξΗξολεί
1697 2522 1785 2570 ἐειέί
1796 2525 1872 2570 ἠαυὲ

241 2565 337 2592 simiai
352 2565 425 2598 conj.

465 2559 588 2595 είχαὶῶς
614 2563 728 2590 accessit
748 2559 781 2590 ex-
795 2562 816 2589 0
835 2559 866 2590 et.
889 2562 961 2597 Epit.
977 2561 1077 2604 Deinde
1091 2559 1257 2623 ’πολλὰξγὰὸι
1276 2560 1340 2595 παρ’
1355 2559 1430 2594 ὑμῶν
1446 2560 1476 2585 0.

465 2598 494 2623 τὰ
507 2598 535 2623 δέ
547 2598 577 2623 C.
617 2598 639 2614 “
656 2598 694 2623 [ta
713 2598 732 2623 S
755 2602 866 2623 auctore
890 2597 928 2623 Ι).
947 2597 1024 2623 εἰδώς
1039 2597 1058 2623 (λ
1074 2617 1080 2623 .
1096 2597 1172 2623 deest
1188 2604 1214 2622 ιιι
1266 2616 1273 2623 .
1290 2600 1317 2621 et
1336 2595 1439 2623 absque
1450 2594 1476 2620 d;

241 2599 262 2626 S
276 2604 386 2627 auctore
401 2597 421 2625 ί)
435 2619 442 2631 ,
460 2598 494 2625 τὰ
507 2598 535 2625 δέ
547 2598 577 2625 C.
617 2598 639 2614 “
655 2598 694 2624 lta
713 2598 732 2624 S
755 2602 866 2625 anct0re
890 2597 928 2628 Ι),
947 2597 1024 2627 εἰδώς
1039 2597 1058 2623 G
1074 2617 1080 2628 ,
1096 2597 1172 2623 deest
1188 2597 1214 2622 in
1232 2597 1254 2623 0
1266 2616 1273 2627 ,

1523 2560 1544 2574 “
1560 2557 1617 2584 ἐστι
1634 2559 1665 2585 Ο.
1709 2559 1732 2574 ³³
1748 2557 1787 2585 lta
1803 2557 1874 2585 Oret

1290 2593 1324 2621 ρι’
1336 2593 1439 2628 διιειιιιο
1450 2594 1550 2621 damno
1564 2594 1658 2620 deesse
1676 2598 1777 2628 potest.
1796 2593 1849 2626 Ep.
1865 2602 1871 2619 :

240 2642 268 2661 κ.
285 2643 333 2670 πρ.
349 2629 560 2670 εἱὸὼςέκάστῳ.
577 2633 616 2670 ᾼᾱ
643 2640 719 2670 oram
744 2634 804 2670 eod.
867 2633 937 2670 Ιιειις-
949 2632 1053 2670 scholia
1069 2640 1075 2658 ι
1098 2632 1188 2670 πάσας
1203 2631 1252 2662 τὰς
1275 2629 1405 2670 ἐσομένας
1428 2630 1481 2670 πρὸ
1497 2629 1647 2670 καταϐολῆς
1671 2629 1873 2670 κέὶσμουιεξξίυι,

241 2663 444 2706 προαιρέσειςὸ
458 2669 524 2706 Θεὸς
537 2663 648 2706 ἔκάστω
669 2668 736 2704 πρὸς
749 2668 779 2706 τρ
804 2667 890 2706 αὑτοῦ.
905 2667 978 2706 ἄξιον
992 2663 1411 2706 λανθανόντωςπροαπήνῖησεν.
1429 2663 1463 2705 Et
1477 2673 1509 2691 ex
1519 2700 1524 2705 η
1535 2664 1650 2706 adverso
1670 2673 1675 2690 :
1690 2663 1756 2695 Θεὸς

241 2697 371 2740 γὸύμενος
384 2697 412 2731 ἐν
428 2697 522 2740 ἡμέρᾷ
536 2705 584 2740 τῆς
600 2697 716 2739 κρίσεώς
727 2697 794 2738 πρὸς
803 2703 866 2734 τοὺς
880 2697 1019 2740 ἀπίστους.
1057 2702 1085 2740 ﬁ
1099 2701 1146 2727 τοῦ
1164 2697 1220 2740 βίου
1237 2697 1317 2740 vertit
1329 2697 1360 2740 ρ.
1373 2700 1451 2740 quasi
1470 2699 1581 2740 perinde
1604 2703 1676 2726 esset
1691 2707 1723 2726 ac
1736 2698 1784 2725 τοῦ
1798 2697 1871 2738 9.ng-

240 2733 298 2770 νος,’
310 2733 628 2773 sententianpostnlaiite;
647 2739 693 2765 sed
708 2733 774 2765 isilie
786 2733 922 2773 exemplo,
935 2738 1007 2772 quod
1022 2733 1238 2773 quidem_sciam.
1252 2734 1293 2761 Cl.
1332 2735 1353 2750 ³⁸
1369 2735 1393 2773 οί
1408 2735 1428 2761 C
1443 2756 1449 2765 ,
1465 2733 1537 2773 quod
1610 2739 1682 2773 recte
1702 2733 1822 2773 rn_utav_it
1843 2734 1869 2773 iI_I

241 2768 326 2801 οῖξἎιι
341 2783 393 2801 ιιοη
410 2768 535 2802 omittere
547 2768 661 2801 debebat
681 2773 728 2800 καὶ
739 2768 880 2808 γελῶνται.
897 2771 925 2798 ln
943 2768 1104 2808 inurgfcod.
1167 2771 1218 2798 alia
1226 2777 1348 2808 ⁸ιιιιιιιιιξξ
1359 2769 1526 2808 adnotavit”:
1542 2768 1670 2808 οὒκ-εἰσὶ
1682 2769 1819 2808 ταῦταιὲν
1835 2769 1869 2808 τῇ

242 2809 322 2836 ἑτέρα
345 2810 458 2836 ἐκδόσει.

243 2817 305 2879 Elii

510 2810 532 2825 ³⁷
557 2809 595 2837 Ita
616 2809 639 2836 Ο
659 2814 687 2836 et
707 2804 828 2835 nonnulli
849 2808 924 2835 codd.
943 2804 1092 2840 .Epilomes,
1106 2807 1204 2841 φθόνου

306 2837 401 2880 ὀμενος
413 2845 446 2872 (ὲ.
482 2845 506 2861 ⁸³
524 2844 560 2880 μή
578 2845 732 2873 arcessite:
748 2843 780 2872 0.
794 2842 862 2870 Tum
883 2837 1010 2869 ὑλάκτέτε
1026 2842 1046 2869 υ
1061 2862 1068 2875 ,
1086 2837 1132 2877 qui
1150 2846 1177 2869 et
1192 2840 1304 2872 μύοντες
1322 2848 1347 2874 p.
1365 2837 1484 2874 θύοντες.

1302 2805 1325 2820 ³⁸
1341 2804 1488 2840 ἐϐουλήθην
1502 2804 1523 2832 C
1586 2804 1607 2820 "
1627 2803 1840 2839 πυνθανομένων
1855 2803 1870 2829 ὀ
