1945 3101
249 162 278 190 19

711 156 740 185 S.
759 153 952 185 CLEMENTIS
964 153 978 181 ῐ
990 152 1073 182 ΒΟΜ.

1090 151 1190 180 PONT.
1207 150 1322 179 OPERA
1339 150 1449 180 ΒΗΜΛ.
1851 145 1893 174 80

244 220 397 250 solationes
411 223 439 246 et
453 217 654 247 admonitiones
675 216 709 244 iis
729 215 885 245 admovere.
902 212 950 248 qui
967 211 1033 239 mali

1090 212 1134 239 καὶ
1149 210 1288 243 νουθεσίας
1302 209 1467 246 προσφέρειν
1476 209 1532 240 τοῖς
1542 206 1642 243 φαῦλόν
1658 215 1686 233 τι
1699 205 1889 242 πράττουσιν.

249 267 348 303 aliquid
363 266 465 294 habent
479 273 511 292 ac
527 268 634 300 gerunt.
647 262 709 295 Aio,
727 261 799 296 quod
817 261 842 289 si
858 260 968 295 quidem
983 259 1034 287 ali-

246 314 306 349 quis
323 312 449 348 proiicit,
464 311 607 343 adhibeat;
625 310 667 338 sin
694 309 802 341 minus,
827 306 943 342 tempori
968 314 1034 334 con-

242 360 333 388 cedat.
358 359 421 387 Scio
442 357 543 385 etenim
555 376 562 389 ,
579 360 676 383 cuncta
693 354 794 382 habere
813 361 894 381 suum
914 357 1033 388 tempus.

241 406 282 439 Qu
290 414 337 434 are
352 409 460 441 oportet
476 410 617 432 sermones
631 402 678 437 qui
700 401 824 429 animum
839 400 972 428 roborant
983 399 1034 426 ho-

242 454 368 481 minibus
383 457 446 480 ante
467 450 638 479 vexationem
659 449 784 480 tradere;
798 451 830 474 ut
844 447 867 474 si
882 446 948 482 quid
966 445 1036 473 forte

246 500 322 535 pravi
342 498 491 530 acciderit,
507 503 586 524 mens
608 495 684 530 prius
699 498 806 521 armata
830 497 905 520 recta
926 491 1036 519 ratione

246 547 333 581 possit
351 546 378 574 id
398 547 471 580 quod
484 544 589 571 illatum
602 547 644 570 est
658 541 790 576 perferre.
805 539 883 568 Tunc
895 539 996 574 quippe
1009 537 1039 565 ei

247 593 294 628 qui
313 600 362 628 per
385 592 487 619 bonum
509 589 653 618 consilium
675 588 826 623 opitulatus
839 591 892 620 est,
914 593 993 614 mens
1007 585 1038 613 in

248 640 308 675 ipso
321 637 533 666 conﬂictationis
548 635 662 663 articulo
677 634 747 662 solet
759 639 938 662 concurrere.

283 683 329 712 IV.
347 683 484 711 Caeterum
508 681 616 714 audivi,
633 680 762 708 Clemens
774 700 782 712 ,
809 678 963 706 Barnabam
986 677 1035 705 tibi

247 730 422 758 Alexandriae
438 728 552 757 omnino
565 727 726 762 exposuisse
739 725 893 753 doctrinam
914 724 954 752 de
972 731 1038 759 pro-

247 776 357 812 phetia;
376 783 411 802 an
429 775 455 802 id
469 781 565 802 verum
590 780 644 800 non
670 772 733 800 est?
757 771 792 799 Et
816 779 871 807 ego
885 770 1035 805 respondi:

249 821 287 849 Ita
301 827 355 855 est,
370 821 515 848 admodum
528 819 659 855 protelare
673 818 699 846 id
713 818 788 846 fecit.
802 817 836 845 Et
847 817 945 844 Petrus
956 825 963 842 :
976 815 1036 843 Non

1084 257 1176 293 Φημὶ,
1194 257 1219 283 εί
1243 257 1294 292 μὲν
1308 255 1385 283 ἀνύει
1399 264 1456 287 τις,
1471 253 1663 290 προσφερέτω·
1679 253 1704 279 εί
1719 252 1748 278 δὲ
1775 251 1828 287 μὴ,
1845 251 1891 286 τῷ

1085 303 1173 339 καιρῷ
1193 303 1300 335 είξάτω.
1333 302 1404 336 Ἐγὼ
1424 301 1480 337 γὰρ
1503 299 1561 327 οἶδα
1570 300 1593 316 ¹⁶
1608 300 1649 326 ὅτι
1672 299 1762 325 πάντα.
1783 297 1890 333 καιρδν

1086 349 1151 376 [διον
1174 348 1240 384 ἔχει.
1258 348 1304 375 Διὸ
1322 348 1375 384 χρὴ
1391 348 1449 379 τοῖς
1470 345 1624 382 ἀνθρώποις
1639 345 1702 376 τοὺς
1720 344 1772 379 τὴν
1787 343 1889 378 ψυχὴν

1087 394 1238 431 ῥωννύντας
1251 394 1348 429 λόγους
1361 393 1415 430 πρὸ
1433 393 1484 428 τῆς
1498 391 1646 423 κακώσεως
1661 390 1823 421 ἐπιδιδόναι,
1839 389 1888 415 ἵνα

1085 441 1113 468 εῐ
1125 449 1190 468 ποτε
1209 439 1348 468 ἑπέλθοι¹¹
1362 448 1390 466 τι
1406 439 1523 474 φαῦλον,
1539 438 1554 464 ὁ
1567 436 1629 469 νοῦς
1653 435 1817 472 προωπλισμ
1826 434 1888 466 1ίνος

1085 486 1158 523 ὀρθῷ
1177 486 1217 522 τῷ
1231 485 1353 521 λογισμῷ
1374 485 1405 512 τὸ
1428 483 1574 520 ὲπενεχθὲν
1597 482 1747 517 ὑποστῆναι
1764 481 1885 517 δυνηθῇ.

1085 533 1153 560 Tot:
1162 533 1217 569 7&9
1226 533 1274 559 καῖ
1283 531 1323 568 τῷ
1334 531 1378 558 διὰ
1391 530 1504 566 γνώμης
1513 529 1618 565 ἀγαθῆς
1630 528 1793 564 βοηθήσαντι
1805 527 1888 563 παρά

1085 579 1139 615 τὴν
1150 579 1242 614 ἀκμὴν
1255 578 1303 605 τοῦ
1317 577 1437 614 πολέμου
1451 576 1520 604 οἶδεν
1532 576 1548 603 ὁ
1562 575 1624 608 νοῦς
1639 574 1807 610 συντρέχειν.

1121 635 1166 663 Π.
1187 636 1261 672 Πλὴν
1277 635 1387 671 ἔμαθον,
1403 632 1425 662 ὦ
1438 634 1572 669 Κλήμης,
1585 632 1624 665 ὡς
1646 633 1675 659 ὲν
1695 633 1728 667 τῇ
1750 630 1885 663 Ἀλεξαν-

1086 683 1162 720 δρείᾳ
1175 684 1189 710 ό
1205 681 1348 718 Βαρνάϐας
1356 681 1402 708 τόν
1413 680 1477 717 περὶ
1492 678 1660 716 προφητείας
1673 678 1752 712 λόγον
1766 676 1886 707 τελείως

1087 738 1128 757 σοι
1151 729 1273 762 ἐξέθετο·
1297 725 1316 763 ἦ
1339 727 1394 762 γὰρ
1409 726 1457 759 οὑ;
1478 725 1564 760 Κάγὼ
1585 723 1786 760 ἀπεκρινάμην·
1814 721 1888 752 Ναί,

1086 775 1135 802 καὶ
1151 775 1220 802 πάνυ
1235 774 1335 806 καλῶς.
1355 773 1410 800 Καὶ
1426 774 1440 799 ό
1457 772 1571 807 Πέτρος-
1588 769 1694 797 Οὐκοῦν
1717 769 1767 795 οὐκ
1792 768 1887 802 ἀναγ-

1087 824 1174 854 καῖον,
1187 821 1233 848 τὸν
1246 820 1294 848 νῦν
1308 819 1403 856 χρόνον
1418 817 1567 853 δυνάμενον
1582 817 1648 852 ήμῖν
1672 815 1822 850 ὑπηρετεῖν
1843 814 1892 845 εἰς

248 869 332 902 igitur
344 874 457 894 necesse
473 871 525 900 est,
539 870 570 892 ut
584 866 637 892 hoc
653 869 762 900 tempus
782 864 809 892 in
824 863 858 891 iis
873 863 1036 891 enarrandis

1090 868 1197 900 ἑτέρους
1207 855 1366 901 λόγουςνοῦς
1380 865 1430 892 οὑκ
1445 864 1602 893 ἐπίστασαι,
1616 862 1657 893 είς
1671 860 1717 892 οὓς
1733 855 1891 886 ἐπίστασαι

248 922 310 950 quae
323 914 395 941 nosti
409 914 574 946 insumatur,
591 919 654 939 cum
667 911 699 938 ad
716 911 785 938 alios
798 916 949 941 sermones,
968 915 1035 944 quos

1090 912 1266 949 εσιεῖσθαιτῆν
1284 912 1422 948 ἀσχολίαν.
1445 909 1531 944 Κάγὼ
1540 910 1563 925 “
1579 908 1660 944 ἔφην’
1682 906 1786 943 Ὀρθῶς
1800 905 1892 941 {cp-n.1,

248 961 368 996 ignoras,
385 959 464 987 nobis
477 958 563 994 possit
578 959 721 986 inservire.
740 957 774 985 Et
788 965 839 991 ego
859 957 915 985 dixi
932 966 939 984 :
954 959 1036 984 ﬂecte

248 1006 300 1040 ais,
314 1005 404 1033 Petre.
416 1004 446 1032 id
462 1009 553 1032 tamen
570 1004 635 1031 mihi
653 1011 702 1039 pro
718 1011 831 1031 munere
845 1003 972 1035 concede,
989 1002 1036 1038 qui

248 1061 356 1089 semper
369 1057 459 1080 tecum
475 1058 587 1079 manere
602 1049 742 1080 constitui.
757 1057 910 1076 sermonem
926 1049 959 1076 de
974 1056 1038 1084 pro-

248 1100 329 1135 pheta
345 1099 483 1135 explicare
498 1097 610 1126 assiduo
633 1096 758 1124 lubenter
779 1095 910 1123 audienti.
926 1095 1037 1130 Asbsque

249 1147 296 1174 illo
311 1146 394 1178 enim,
410 1145 482 1173 sicut
495 1151 510 1171 a
525 1143 650 1171 Barnaba
667 1143 770 1177 accepi,
786 1142 887 1170 veritas
901 1140 969 1169 disci
982 1148 1037 1168 non

247 1197 348 1228 potest.

284 1249 478 1282 V.Petrus,eo
494 1255 626 1283 responso
639 1247 717 1274 valde
734 1246 886 1274 delectatus
899 1243 1038 1280 :jam,in-

248 1296 318 1331 quit,
333 1297 414 1323 linem
431 1294 535 1330 accepit
545 1301 606 1328 quat
616 1293 648 1320 ad
664 1297 688 1320 te
703 1292 818 1327 pertinet
827 1290 992 1323 emendatio,
1007 1294 1039 1317 ut

249 1343 295 1378 qui
306 1349 458 1378 cognoscas
473 1339 688 1376 magnitudinem
708 1337 865 1365 indubitata:
876 1337 1042 1372 prophetiae,

248 1389 308 1416 sine
322 1395 375 1423 qua
392 1386 560 1422 impossibile
579 1390 621 1413 est
643 1386 770 1419 cuiquam
783 1383 808 1411 id
820 1383 950 1418 consequi
964 1382 1038 1418 quod

249 1441 355 1462 summe
368 1433 455 1468 juvat.
471 1431 538 1459 Nam
547 1439 609 1459 cum
622 1431 648 1458 iu
658 1430 740 1458 rebus
751 1430 835 1457 multa
844 1434 871 1457 et
884 1429 958 1456 varia
966 1429 1038 1457 bona

248 1480 304 1508 sint
319 1487 352 1507 ac
367 1487 428 1507 esse
441 1478 557 1514 possint,
574 1477 646 1512 quod
662 1476 753 1503 omnia
772 1475 941 1503 beatitudine
957 1482 1038 1510 supe-

248 1531 302 1559 rat,
316 1525 359 1553 vel
374 1524 430 1552 vita
445 1529 556 1557 aeterna,
571 1523 613 1550 vel
627 1527 755 1558 perpetua
778 1522 892 1555 sanitas,
911 1521 953 1549 vel
976 1528 1038 1556 per-

249 1573 319 1600 fecta
335 1579 423 1604 mens,
437 1570 480 1598 vei
493 1570 597 1603 lumen,
612 1569 651 1597 vel
669 1568 815 1604 gaudium,
826 1567 868 1595 vel
891 1567 1036 1594 immorta-

248 1618 321 1652 litas,
340 1617 382 1644 vel
397 1617 420 1645 si
436 1616 501 1651 quid
518 1615 591 1643 aliud
616 1619 658 1642 est
672 1618 720 1641 aut
743 1614 859 1641 existere
879 1617 968 1648 potest
989 1620 1038 1640 ea-

248 1663 351 1691 cellens
374 1663 400 1690 in
422 1669 514 1690 rerum
537 1665 635 1689 natura
652 1668 660 1687 :
677 1660 704 1688 id
727 1667 782 1687 non
806 1659 884 1686 aliter
898 1658 1038 1694 possidere

249 1714 301 1741 est.
320 1709 373 1736 nisi
391 1708 467 1743 prius
491 1715 536 1734 res
559 1705 787 1742 quemadmodum
810 1708 918 1732 exstant
937 1711 1038 1740 cogno-

1050 1547 1073 1580 ο

250 1759 376 1789 scantur;
393 1762 425 1782 ea
441 1761 506 1782 vero
529 1753 644 1781 scientia
663 1752 802 1787 continget
818 1759 970 1787 nunquam,
985 1750 1041 1779 nisi

249 1802 344 1838 agnito
356 1806 435 1829 antea
451 1800 582 1836 propheta
598 1799 731 1827 veritatis.

287 1858 330 1886 Vl.
350 1857 488 1894 Propheta
507 1861 597 1886 autem
613 1856 737 1884 veritatis
751 1855 797 1884 ille
817 1860 870 1890 est,
882 1856 929 1892 qui
945 1855 1038 1884 omnia

249 1905 362 1932 omnino
383 1905 446 1938 scit,
469 1903 606 1940 praeterita
631 1907 661 1930 ut
689 1902 816 1936 fuerunt,
839 1903 984 1938 praesentia
1007 1906 1039 1930 ut

249 1955 326 1985 sunt,
342 1950 436 1978 futura
450 1954 481 1978 ut
494 1954 589 1983 erunt;
601 1949 648 1985 qui
659 1954 700 1978 est
712 1949 907 1985 impeccabilis,
917 1954 946 1978 et
955 1949 1039 1978 mise-

249 1997 353 2030 ricors;
369 1996 469 2032 cuique
491 1996 542 2024 soli
558 1995 740 2024 edisserenda:
760 1994 881 2023 veritatis
896 1995 1038 2030 provincia

249 2042 413 2070 demandata
425 2047 477 2070 est.
491 2041 576 2078 Lege,
587 2045 615 2069 et
628 2041 749 2070 invenies
763 2048 812 2069 eos
831 2041 877 2076 qui
902 2049 918 2068 a
939 2041 1039 2076 seipsis

250 2088 391 2116 veritatem
413 2096 442 2116 se
458 2092 552 2115 nactos
568 2087 653 2115 fuisse
672 2087 874 2115 existimarunt.
894 2087 923 2114 id
937 2087 1037 2123 quippe

249 2133 389 2170 prophetae
409 2135 547 2170 proprium
556 2138 608 2165 est.
621 2134 761 2162 veritatem
785 2133 921 2166 indicare;
939 2141 1039 2169 quem-

251 2179 398 2207 admodum
427 2181 478 2208 soli
498 2181 607 2216 proprie
637 2181 785 2215 competit.
805 2180 876 2207 diem
897 2180 1036 2208 inducere.

1087 960 1183 996 Πέτρε.
1205 959 1283 994 Ἐμοί
1293 958 1321 985 δὲ
1337 957 1418 984 τοῦτο
1436 955 1548 992 χαρίζου
1570 953 1689 981 πάντοτέ
1701 961 1742 979 σοι
1760 953 1891 978 συνεῖναι

1087 1006 1227 1042 κρίναντι,
1241 1005 1287 1032 τδν
1300 1004 1365 1040 περὶ
1378 1002 1431 1039 4³1
1451 1001 1498 1028 τοῦ
1509 1001 1532 1017 ³³
1546 1000 1686 1036 προφήτου
1700 998 1779 1032 λόγον
1794 997 1893 1033 ἡδέως

1086 1052 1212 1078 ἀκούοντι
1233 1050 1353 1086 συνεχῶς
1366 1047 1540 1084 ὑφηγεῖσθαι.
1558 1047 1639 1073 Ἀνευ
1656 1044 1711 1081 γὰρ
1725 1043 1827 1075 αὑτοῦ,
1846 1043 1890 1074 ὡς

1087 1093 1187 1132 ἔμαθον
1212 1095 1287 1132 παρά
1312 1094 1457 1131 Βαρνάϐα,
1481 1093 1531 1129 τὴν
1553 1091 1682 1127 ἀλήθειαν
1699 1089 1797 1126 μαθεῖν
1818 1089 1889 1117 ἀδύ⁴

1088 1151 1175 1170 νατον.

1122 1251 1155 1279 V.
1181 1251 1210 1278 '0
1223 1251 1251 1278 δὲ
1263 1251 1374 1286 Πέτρος,
1391 1249 1438 1276 ἐπὶ
1452 1249 1539 1285 τούτῳ
1555 1248 1680 1285 μεγάλως
1695 1246 1800 1283 ἡσθεὶς,
1813 1247 1883 1273 ἀπε-

1088 1298 1208 1335 κρίνατο·
1223 1297 1292 1332 Ἤδη
1308 1296 1356 1332 μὶν
1367 1296 1384 1331 ή
1395 1295 1463 1331 πρὸς
1478 1295 1507 1322 σὲ
1518 1294 1659 1330 διόρθωσις
1669 1294 1745 1325 τέλος
1755 1292 1885 1328 εἴληφεν,

1087 1343 1262 1379 ἐπεγνωκότα
1277 1343 1300 1358 ’⁸
1315 1342 1364 1378 τῆς
1371 1342 1520 1369 ἀπταίστου
1529 1340 1698 1377 προφητείας
1708 1339 1738 1366 τὸ
1753 1339 1883 1375 μέγεθοςν

1087 1388 1122 1427 ἧς
1131 1391 1194 1418 ἀνευ
1205 1389 1297 1417 λαϐεῖν
1307 1397 1358 1415 τινι
1368 1388 1398 1415 τὸ
1408 1389 1437 1414 ὲν
1453 1388 1575 1423 ὑπεροχῇ
1589 1386 1726 1422 συμφέρον
1735 1385 1877 1412 ἀδύνατον.

1087 1438 1197 1465 Πολλῶν
1212 1435 1266 1472 γὰρ
1275 1435 1323 1463 καὶ
1334 1434 1467 1470 διαφόρων
1480 1433 1589 1468 ἀγαθῶν
1599 1432 1682 1459 όντων
1693 1432 1722 1458 ὲν
1735 1433 1792 1462 τοῖς
1804 1429 1884 1458 οὖσιν

1087 1484 1107 1519 ἤ
1122 1483 1230 1511 ἔσεσθαι
1244 1481 1412 1517 δυναμένοις,
1427 1479 1456 1507 τὺ
1470 1479 1577 1506 πάντων
1593 1477 1812 1514 μακαριώτατον,
1824 1478 1882 1504 εἴτε

1088 1529 1172 1562 arma;
1193 1529 1250 1556 ἐστι
1275 1527 1332 1564 ζωὴ
1349 1527 1383 1561 ⁸⁸,
1407 1526 1424 1563 ἢ
1454 1525 1611 1562 παράμονος
1625 1525 1730 1559 ὑγίεια,
1750 1523 1884 1558 ἧτέλειος

1088 1576 1159 1608 νοῦς,
1178 1576 1195 1612 ἢ
1209 1575 1276 1611 φῶς,
1290 1574 1310 1610 ἦ
1321 1573 1402 1610 χαρὰ,
1413 1573 1431 1609 ἥ
1445 1572 1593 1608 ἀφθαρσία,
1609 1572 1626 1608 ἢ
1639 1571 1685 1598 καὶ
1699 1571 1762 1598 ἄλλο
1776 1580 1806 1598 τι
1820 1571 1834 1598 ὃ
1851 1572 1883 1598 ὲν

1087 1623 1121 1658 τῇ
1147 1621 1201 1648 τῶν
1225 1621 1309 1648 όντων
1339 1619 1418 1655 φύσει
1450 1618 1583 1654 ὑπερέχον
1612 1617 1729 1653 ὑπάρχει
1755 1617 1838 1644 καλὸν
1861 1617 1885 1652 ἦ

1088 1667 1206 1703 ὑπάρξαι
1221 1666 1330 1694 δύναται
1341 1665 1420 1692 τοῦτο
1432 1681 1466 1685 -
1478 1664 1529 1690 οὐκ
1543 1663 1631 1695 άλλως
1646 1663 1719 1689 ἐστιν
1736 1662 1804 1689 αὑτὸ
1813 1663 1884 1696 κτή-

1088 1713 1186 1741 σασθαι
1215 1712 1253 1749 μὴ
1270 1711 1401 1748 πρότερον
1423 1710 1520 1745 γνόντα
1536 1709 1571 1736 τὰ
1591 1709 1655 1736 ὅντα
1676 1709 1714 1740 ὡς
1730 1708 1814 1735 ἐστιν·
1830 1709 1886 1743 τῆς

1087 1759 1116 1786 δὲ
1131 1759 1258 1794 γνώσεως
1272 1758 1325 1785 οὑκ
1343 1757 1431 1789 ἄλλως
1447 1757 1538 1792 τυχεῖν
1554 1756 1637 1789 ἐστιν,
1653 1755 1701 1782 ἐὰν
1726 1755 1764 1791 μὴ
1780 1755 1883 1790 πρὰτε-

1089 1807 1135 1844 ρὸν
1148 1815 1191 1839 τις
1204 1805 1250 1833 τόν
1261 1805 1311 1841 τῆς
1322 1803 1450 1840 ἀληθείας
1466 1802 1608 1839 προφήτην
1625 1800 1738 1837 ἐπιγνῷ.

1123 1863 1168 1891 VI.
1187 1862 1333 1898 Προφήτης
1348 1861 1376 1888 δι
1389 1859 1517 1896 ἀληθείας
1533 1859 1605 1886 ἐστὶν
1619 1859 1635 1885 ό
1654 1858 1768 1886 πάντοτε
1790 1858 1887 1885 πάντα

1089 1910 1176 1942 εἰδὼς,
1190 1908 1226 1936 τὰ
1244 1909 1293 1944 μὲν
1307 1906 1438 1942 γεγονότα
1454 1906 1493 1938 ὥς
1507 1905 1624 1940 ἐγένετο,
1640 1904 1675 1931 τὰ
1699 1904 1727 1930 δὲ
1749 1903 1884 1939 γινόμενα

1088 1956 1127 1988 ὥς
1141 1955 1254 1990 γίνεται,
1275 1953 1310 1981 τὰ
1329 1953 1357 1981 δέ
1373 1953 1490 1988 ἐσόμενα
1504 1951 1549 1983 ’ὡς
1571 1951 1659 1982 ἔσται,
1675 1950 1887 1985 ἀναμάρτητοςν

1088 2001 1220 2038 ἐλεήμων,
1240 2000 1320 2036 μόνος
1332 1999 1382 2035 τὴν
1398 1997 1525 2034 ἀλήθειαν
1548 1996 1711 2032 ὑφηγεῖσθαι
1731 2004 1882 2022 πεπιστευ-

1090 2047 1180 2084 μένος.
1200 2046 1390 2080 Ἀναγίνωσκε,
1403 2044 1450 2072 καῖ
1463 2044 1590 2079 εὑρήσεις
1605 2043 1668 2074 τοὺς
1683 2043 1729 2077 ἀφ’
1741 2042 1847 2069 ἐαυτῶν
1859 2043 1882 2058 ’⁸

1088 2094 1137 2130 τὴν
1151 2092 1278 2128 ἀλήθειαν
1297 2091 1386 2127 εὑρεῖν
1405 2089 1569 2126 νομίσαντας
1581 2089 1613 2115 ’⁷.
1634 2087 1720 2115 Τοῦτο
1734 2087 1790 2124 γὰρ
1813 2097 1882 2124 προ-

1090 2140 1173 2175 φήτου
1182 2138 1256 2170 ῐδιον,
1263 2137 1294 2165 τδ
1301 2137 1350 2173 τὴν
1359 2136 1487 2172 ἀλήθειαν
1496 2134 1616 2171 μηνύειν,
1624 2134 1719 2169 ὥσπερ
1726 2133 1802 2169 ἡλίου
1817 2134 1889 2160 [διον-

1088 2185 1120 2212 τῦ
1134 2185 1183 2220 τὴν
1196 2183 1303 2220 ἡμέραν
1319 2183 1420 2218 φέρειν.
1437 2181 1487 2208 Διά
1495 2181 1573 2208 τοῦτο
1593 2181 1650 2206 ὅσοι
1671 2179 1736 2206 ποτε
1750 2179 1882 2214 ἀλήθειαν

251 2224 387 2260 ρυοείτω
411 2231 546 2262 (ιιιοιίιυοι
576 2226 717 2254 νεῐῖιθιθηὶ
749 2225 941 2254 σεεῖάοηπυιὶι
973 2233 1038 2262 008-
1050 2231 1190 2266 υγνῶναι
1204 2229 1394 2265 ἐπεθύμησαν,
1411 2227 1488 2264 παρά
1509 2227 1539 2254 δὲ
1559 2226 1655 2254 τούτου
1680 2225 1777 2261 μαθεῖν
1795 2225 1883 2261 αὑτὴν

251 2274 376 2304 noscere,
393 2276 421 2300 et
438 2273 473 2300 ab
489 2273 540 2300 hoc
559 2279 620 2300 eam
643 2272 749 2300 discere
772 2279 826 2299 non
848 2271 1035 2304 obtinuerunt,

214 2351 217 2354 '
251 2324 284 2344 ea
300 2325 354 2344 non
380 2318 503 2352 inventa,
523 2318 551 2345 in
571 2318 763 2352 disquisitione
799 2318 928 2345 obierunt
953 2317 1039 2345 diem.

252 2361 321 2390 Nam
336 2364 382 2399 qui
395 2364 537 2392 Veritatem
553 2364 659 2400 quaerit.
676 2371 691 2391 a
713 2371 763 2392 sua
788 2364 942 2399 ignorantia
965 2363 1040 2391 acci-

254 2417 317 2446 pere
328 2417 389 2438 eam
411 2418 466 2446 quo
490 2410 571 2438 modo
585 2410 700 2445 poterit?
714 2409 790 2438 Licet
802 2409 875 2437 enim
896 2409 1037 2445 repererit,

253 2465 316 2486 cum
331 2457 406 2485 illaut
422 2465 476 2484 non
490 2461 647 2492 cognoscat,
669 2456 749 2492 quasi
771 2456 911 2484 absentem
927 2460 1038 2491 praeter-

254 2505 313 2533 ibit.
338 2503 391 2531 Sed
413 2511 465 2531 nec
489 2502 523 2530 ab
551 2503 605 2530 alio
630 2503 756 2530 similiter
790 2503 895 2538 ignaro,
914 2501 1039 2537 quamvis

254 2550 396 2581 scientiam
420 2549 602 2584 repromittat,
625 2549 765 2576 veritatem
790 2553 881 2576 tenere
910 2548 1009 2584 poterit
1031 2556 1038 2575 :

260 2598 308 2626 nisi
321 2597 394 2634 quod
419 2597 504 2625 solam
526 2596 612 2624 discet
634 2596 696 2623 vita;
711 2595 958 2628 conversationem,
979 2601 1041 2629 qua:

1085 2277 1135 2304 οὑκ
1149 2275 1312 2311 εὐτύχησαν,
1330 2274 1367 2310 μὴ
1390 2273 1525 2309 εὑρόντες,
1540 2272 1596 2308 is
1610 2271 1755 2306 ζητοῦντες
1771 2270 1882 2298 ὲτελεὺ-

1088 2330 1184 2359 τησαν.
1201 2321 1231 2348 '0
1249 2320 1304 2357 7&9
1319 2320 1368 2356 τὴν
1383 2319 1510 2355 ἀλήθειαν
1525 2318 1614 2354 ζητῶν
1632 2317 1708 2353 παρά
1719 2317 1770 2352 τῆς
1783 2317 1883 2344 ἑαυτοῦ

1088 2368 1200 2403 ἀγνοίας
1213 2367 1305 2395 λαϐεῖν
1321 2367 1379 2398 πῶς
1393 2366 1426 2393 ἂν
1435 2364 1556 2397 δῦναιτος
1571 2364 1631 2391 Κᾶν
1642 2364 1696 2400 γὰρ
1713 2363 1820 2400 εὖρῃ⁹³,
1833 2365 1884 2391 οὑκ

1089 2413 1168 2445 εἰδὼς
1179 2413 1264 2448 αὑτὴν
1279 2412 1317 2444 ὡς
1330 2413 1384 2438 οὑκ
1393 2410 1474 2438 οὖσαν
1489 2410 1664 2446 παρέρχεται.
1676 2409 1740 2437 οὑτ⁹
1753 2409 1788 2438 αὖ
1802 2413 1885 2447 παρύ

1089 2458 1194 2494 ἑτέρου,
1216 2457 1264 2485 τοῦ
1284 2457 1384 2493 ὁμοίως
1392 2456 1421 2489 ἐξ
1443 2455 1578 2490 ἀγνωσίας
1597 2454 1698 2490 γνῶσιν
1712 2455 1884 2491 ἐχεινέπαγ-

1092 2504 1255 2539 γελλομὲνου
1279 2504 1312 2536 ¹’,
1334 2502 1461 2538 ἀληθείας
1477 2502 1586 2537 κρατεῖν
1607 2501 1719 2533 δυνατὸς
1742 2502 1821 2530 ἔσται
1848 2504 1883 2535 "’,

1093 2550 1163 2586 πλὴν
1175 2549 1312 2581 πολιτείας
1329 2549 1421 2584 μόνης,
1436 2547 1483 2574 καὶ
1499 2547 1584 2574 ταῦτα
1600 2547 1708 2583 ἐκείνης
1723 2548 1774 2583 τῆς
1789 2549 1834 2576 διὰ
1853 2551 1885 2577 τὸ

1093 2595 1203 2630 εὔλογον
1232 2595 1416 2631 γνωρισθῆναι
1437 2594 1602 2630 δυναμένης,
1628 2594 1688 2625 ἥτις
1713 2594 1833 2630 ἑκάστῳ,
1853 2597 1885 2622 ἐκ

892 2685 1010 2713 ῩΔΠΙᾹΞ
1043 2683 1245 2713 LECTIONES.

291 2758 314 2774 ⁸⁸
329 2758 462 2788 Eccle.m,
482 2758 505 2784 l.
545 2758 566 2773 “
580 2758 679 2792 ὲπέλθη
692 2758 754 2792 (sic)
769 2759 799 2784 0.
839 2759 862 2774 ²²
876 2757 932 2792 ἐγώ
945 2758 976 2784 C.
1016 2757 1038 2774 "
1049 2757 1096 2784 τοῦ
1112 2755 1292 2792 ίηεειιιὶοιοε
1316 2755 1353 2792 λ¹⁸
1365 2755 1458 2792 Prima
1470 2763 1558 2792 man._
1566 2753 1660 2788 script.
1678 2754 1704 2792 in
1721 2752 1744 2780 0
1769 2736 1883 2790 εῖληςεν

257 2794 303 2822 ὶπὶ
320 2793 407 2828 τούτῳ
417 2793 600 2826 ἐπεγνωκότα.
640 2794 662 2809 ’⁸
675 2793 756 2820 Prius
773 2795 789 2828 ἡ

806 2788 902 2828 ζωήίιι
915 2792 947 2819 Ο;
981 2793 1053 2820 "'Ita
1076 2793 1109 2828 ρ.
1133 2800 1157 2819 c.
1218 2790 1464 2828 ,ﬁ'ltbnéaUFFJV};
1488 2790 1525 2828 :7
1541 2789 1606 2828 fast
1616 2788 1791 2828 ’νομίσαντας
1807 2788 1882 2828 εχξιςί-

258 2823 442 2880 I
454 2823 725 2880 Suppl:
744 2823 1012 2880 ἐνέςζρεέἱιῇναᾶῳίζ.
1033 2835 1058 2856 τ.
1076 2827 1102 2856 7)
1121 2827 1164 2855 vel
1179 2826 1268 2855 simile
1285 2825 1397 2863 aliquid.
1419 2825 1448 2852 S.
1487 2825 1510 2841 "
1525 2823 1599 2859 εὖροι
1613 2823 1663 2850 (2.⁷
1686 2823 1708 2838 ¹⁹
1721 2823 1825 2858 ὁμοίως
1837 2823 1883 2858 ’ὡς

259 2863 292 2898 ἐξ
304 2861 438 2898 ἀγνωσίας
452 2863 525 2899 ἔχειν
539 2863 585 2891 επ.
600 2863 632 2892 C.
663 2861 694 2900 _"°
710 2861 822 2891 δυνατόν
838 2861 952 2898 amo
