1945 3101
225 141 262 168 93

229 205 341 234 guinem
363 206 371 224 ε

229 245 323 278 sicque
336 248 431 278 postea
442 252 526 271 carne
540 244 670 277 solidata,
683 244 822 271 hominem
834 251 888 271 non
904 251 919 271 e
935 248 1018 278 terra,

227 290 275 317 sed
291 297 325 316 ex
340 297 403 316 aere
428 289 551 324 protulit.
571 290 661 324 Atque
687 289 761 318 hunc
785 290 813 317 in
833 290 944 317 modum
967 290 1018 317 sibi

227 335 398 370 persuadens
417 335 539 370 potuisse
555 343 572 362 a
591 344 620 363 se
639 335 730 363 crearii
750 343 852 363 novum
868 336 1018 370 hominem,

224 382 264 408 ait.
285 389 315 408 se
328 389 409 412 eum,
429 381 557 408 resolutis
579 381 822 415 conversionibus,
836 390 946 410 rursum
957 381 1019 409 aeri

226 426 390 454 reddidisse.
409 427 475 460 Quae
501 436 564 454 cum
589 427 651 456 aliis
673 428 793 461 diceret.
808 428 986 461 credebatur;
1002 436 1018 455 a

230 473 309 500 nobis
325 481 401 504 vero,
418 473 464 508 qui
480 473 656 501 adfueramus
669 473 730 509 ejus
744 474 892 510 mysteriis,
904 474 949 508 pie
963 481 1019 500 non

230 520 403 547 credebatur.
420 521 601 554 Quapropter,
613 519 754 553 damnata,
766 519 906 555 impietate
921 519 1018 547 abces-

233 565 320 593 simus
336 565 370 592 ab
383 573 425 592 eo.

266 610 375 638 XXVII.
398 609 459 638 Haec
479 618 540 638 cum
556 610 653 645 Aquila
668 610 792 644 dixisset,
806 610 890 638 frater
900 611 960 647 ejus
973 611 1020 639 Ni-

230 663 306 684 eetas
321 658 378 684 ait:
402 656 519 684 Necesse
544 661 604 689 est,
623 656 707 684 frater
719 663 812 685 noster
832 658 970 692 Clemens,
987 666 1020 686 ea

231 711 275 730 me
285 710 512 735 commemorare,
524 711 584 738 qua:
595 702 629 730 ab
641 702 738 738 Aquila
750 704 931 738 praetermissa
945 709 1018 733 sunt.

231 747 324 775 Primo
340 749 467 784 equidem
485 748 556 776 Deus
575 749 652 776 testis
671 753 724 782 est,
740 758 791 777 nos
806 750 833 776 in
850 750 925 777 nullo
938 758 1021 785 opere

233 795 318 829 impio
332 803 394 822 etim
414 795 551 830 adjnvisse
562 815 570 828 ,
583 795 629 822 sed
641 815 649 827 ,
673 795 719 822 illo
746 795 865 823 faciente
875 817 883 829 ,
910 801 1017 824 tantum

231 848 389 875 spectasse;
409 845 436 868 et
448 841 569 876 quamliu
584 849 666 875 opera
685 841 796 869 innoxia
817 842 929 875 edebat,
944 842 1019 869 dele—

231 887 374 913 ctabamur
392 894 457 913 sane
477 895 484 919 ;
511 886 620 920 quando
642 892 733 915 autem
758 895 819 922 qua:
834 895 883 922 per
901 889 1018 924 magiam

231 932 342 965 tiebant,
358 941 406 967 per
417 933 587 960 divinitatem
607 941 635 960 se
648 933 748 967 facere,
761 934 794 962 ad
809 935 869 970 pios
891 936 1019 964 homines

230 978 417 1012 decipiendos,
430 978 510 1010 dixit,
527 986 581 1006 non
596 979 714 1014 amplius
730 988 793 1007 eum
809 981 881 1015 passi
904 989 1018 1015 sumus,

231 1024 358 1058 quamvis
373 1024 458 1050 multa
476 1024 554 1052 nobis
569 1025 757 1059 promitteret;
774 1027 892 1061 primum
908 1028 1018 1062 quidem

231 1068 290 1096 fore
305 1074 335 1096 nt
351 1070 481 1104 tetnplum
496 1070 575 1097 nobis
590 1075 617 1097 et
628 1075 725 1099 statua:
739 1072 921 1107 erigerentur,
937 1079 1019 1109 atque

230 1114 267 1142 dii
282 1115 514 1149 existimarentur,
531 1121 558 1143 et
573 1124 588 1143 a
606 1116 714 1151 populis
727 1118 892 1152 colerentur,
906 1125 932 1146 et
947 1127 962 1146 ει
978 1128 1020 1147 re-

230 1162 312 1196 gibus
329 1162 586 1198 magnificaremur,
611 1169 694 1198 atque
717 1163 881 1192 donaremur
902 1166 1019 1200 publicis

231 1207 398 1242 honoribus,
415 1216 465 1235 nec
482 1215 537 1235 non
559 1208 665 1236 inﬁnita
682 1208 707 1236 vi
732 1211 854 1244 pecunia:
873 1211 1019 1239 ditescere-

231 1261 305 1281 "IIIS.

267 1300 388 1328 XXVIII.
404 1300 477 1334 Haec,
489 1306 515 1328 et
528 1301 580 1328 alia
593 1310 654 1336 qua:
666 1308 797 1338 putantur
809 1303 923 1339 majora,
941 1305 1021 1333 nobis

231 1347 424 1381 pollicebatur,
437 1347 518 1375 modo
531 1353 562 1375 ut
574 1356 636 1375 cum
649 1356 682 1376 eo
697 1349 820 1377 viventes
832 1358 945 1385 pravum
960 1351 1020 1385 ejus

235 1393 365 1420 molimen
378 1397 543 1426 taceremus,
558 1402 614 1429 quo
627 1394 703 1422 fraus
718 1395 742 1422 ei
758 1396 915 1423 succederet
928 1405 935 1430 ;
951 1401 1022 1425 atta-

229 1447 295 1465 auen
316 1440 421 1466 assensi
443 1448 497 1467 non
516 1448 633 1468 sumus:
655 1441 778 1475 quinimo
809 1443 952 1470 consilium
971 1443 1021 1471 de-

227 1483 336 1516 4|imus,
360 1490 390 1512 ut
401 1485 435 1512 ab
456 1485 507 1513 ista
529 1486 655 1514 vecordia
670 1486 825 1520 desisteret,
840 1488 961 1516 dicentes
974 1490 998 1516 ei
1012 1499 1019 1516 :

635 140 663 168 S.
684 139 904 173 CLEMENTISJ
917 140 1000 169 ΒΘΗ.
1018 140 1118 168 ΡΟΝΤ.
1135 140 1250 169 OPERA
1263 139 1377 169 DUBIA.

397 201 425 225 et
445 205 479 226 ex
506 197 640 233 sanguine
654 201 784 225 concreto
804 206 916 226 carnem
933 198 1017 232 fecit;

1074 198 1119 233 τῆς
1133 198 1234 234 σαρκὸς
1247 198 1392 233 παγείσης,
1407 197 1551 234 ἄνθρωπον
1560 197 1611 225 οὐκ
1622 198 1676 226 ἀπὸ
1685 199 1746 235 γῆς,
1759 199 1836 227 ἀλλὰ
1848 200 1880 216 δ’

1071 243 1100 276 ἐξ
1113 244 1196 279 ἀέρος
1210 243 1355 275 ἀναδεῖξαι.
1371 243 1426 270 Καὶ
1443 243 1529 275 οὕτως
1545 243 1641 271 ἑαυτὸν
1657 245 1754 277 πείσας
1768 245 1879 272 καινὸν

1069 290 1212 325 ἄνθρωπον
1221 291 1275 326 62
1284 290 1414 318 δύνασθαι
1427 290 1549 325 ποιῆσαι,
1559 290 1608 323 τὰς
1621 291 1723 327 τροπὰς
1736 292 1878 319 ἀναλύων

1069 336 1150 363 πάλιν
1172 336 1374 364 ἀποδεδωκέναι
1393 336 1469 371 ἔλεγε
1485 336 1524 372 τῷ
1545 337 1616 373 ἀέρι.
1634 337 1688 364 Καὶ
1703 336 1787 364 ταῦτα
1813 337 1878 373 μὲν

1068 382 1158 414 ἄλλοις
1174 382 1259 416 λέγων
1282 383 1450 414 ἐπιστεύετο,
1467 383 1513 417 ὑφ’
1535 383 1614 418 ἡμῶν
1629 383 1658 410 δὲ
1673 383 1727 410 τῶν
1743 383 1790 412 ἐπὶ
1816 392 1876 410 τει-

1069 427 1132 464 λετῇ
1148 428 1344 464 συμπαρόντων
1358 428 1478 460 εὐσεϐῶς
1495 429 1643 463 ὴπιστείτο.
1661 428 1717 461 Διὸ,
1733 429 1877 461 ἀσεϐείας

1067 474 1259 508 καταγνόντες,
1276 474 1436 510 ἀπέστημεν
1451 474 1533 501 αὐτοῦ
1544 475 1575 502 ⁵⁷.

1103 616 1209 644 XXVII.
1219 616 1310 644 Ταῦτα
1320 616 1367 644 τοῦ
1381 616 1480 644 Ἀκύλα
1489 615 1619 648 εἰπόντος,
1629 615 1643 642 ὁ
1653 615 1765 650 ἀδελφὸς
1775 615 1872 642 αὑτοῦ

1069 663 1192 700 Νικήτης
1205 663 1268 699 ἔφη’
1286 663 1451 698 ”Λναγ.καῖόν
1467 664 1550 695 ἐστιν,
1571 662 1670 697 ἀδελφὲ
1687 662 1765 698 ἡμῶν
1783 662 1873 698 Κλή-

1072 719 1140 746 μης,
1156 710 1191 737 τὰ
1212 709 1431 745 παραλειφθέντα
1448 708 1488 744 τῷ
1510 708 1609 745 Ἀκύλᾳ
1627 709 1676 745 ἐμὲ
1692 708 1870 744 ὑπομνῆσαι-

1070 756 1181 792 Πρῶτον
1199 756 1247 791 μὲν
1259 755 1312 791 γὰρ
1326 754 1430 790 μάρτυς
1438 756 1452 782 ὁ
1466 755 1542 788 Θεδς,
1554 756 1592 787 ὡς
1606 755 1681 782 οὐδὲν
1694 754 1768 790 αὐτῷ
1779 755 1874 790 ἡμεῖς

1071 801 1309 837 συνειργασάμεθα
1326 801 1433 833 ἀσεὸὲς,
1449 801 1505 828 ἀλλ’
1518 802 1569 833 ὅτι,
1583 801 1665 828 αὐτοῦ
1681 800 1871 836 πράσσοντος,

1035 866 1056 894 Β
1071 848 1253 883 ἱστορήσαμεν
1263 848 1287 863 ⁸⁸
1297 856 1303 863 ·
1322 848 1367 874 καὶ
1394 847 1490 883 μέχρις
1513 847 1557 874 ὅτε
1578 847 1683 883 ἀϐλαϐῆ
1698 847 1781 874 ποιῶν
1794 847 1871 873 ἒπε-

1067 894 1202 926 δείκνυτο,
1214 894 1262 921 καὶ
1275 893 1455 929 ἑτερπόμεθα·
1469 895 1512 920 ὅτε
1529 894 1557 921 δὲ
1573 893 1606 920 τὰ
1620 893 1719 929 μαγείᾳ
1731 893 1875 928 γινόμενα

1071 940 1188 976 θειότητι
1196 940 1218 956 ⁸⁸
1231 942 1318 968 ποιεῖν
1331 939 1400 975 πρὸς
1409 939 1517 975 ἀπάτην
1533 939 1665 966 θεοσεϐὦν
1679 938 1780 972 ἔλεγεν,
1795 938 1871 964 οὑκ-

1070 987 1146 1014 ἐτι³⁰
1174 986 1256 1014 αὐτοῦ
1280 985 1458 1022 ἠνεσχόμεθα,
1476 986 1562 1012 καίτοι
1589 985 1673 1012 πολλὰ
1695 984 1871 1018 ἐπαγγελλο-

1071 1032 1153 1067 μένου
1168 1033 1249 1068 ἡμῖν,
1266 1032 1374 1068 πρῶτον
1391 1032 1440 1067 μὲν
1465 1031 1527 1058 ναὸν
1542 1031 1588 1058 καὶ
1604 1031 1765 1066 ἀνδριάντας
1782 1030 1873 1066 ἡμῶν

1069 1078 1325 1114 κατασκευασθῆναι
1335 1078 1368 1110 ⁸⁸,
1385 1078 1432 1104 καὶ
1455 1077 1533 1109 θεοὺς
1548 1077 1723 1112 νομισθῆναι,
1741 1076 1788 1102 καὶ
1809 1075 1872 1102 ὑπὸ

1070 1124 1157 1160 ὄχλων
1174 1125 1405 1160 προσκυνηθῆναι,
1417 1125 1464 1151 καὶ
1476 1124 1528 1151 ὑπὸ
1543 1123 1673 1159 βασιλέων
1688 1123 1868 1158 δοξασθῆναι,

1071 1170 1118 1196 καὶ
1127 1170 1263 1205 δημοσίων
1276 1170 1364 1205 τιμῶν
1375 1169 1573 1204 καταξιωθῆναι
1587 1170 1633 1196 καὶ
1647 1170 1782 1205 χρήμασιν
1793 1169 1870 1195 ἀπε-

1073 1215 1217 1252 ριορίστοις
1234 1215 1393 1251 πλουτῆσαι.

1106 1303 1225 1331 XXVIII.
1245 1303 1338 1330 Ταῦτά
1351 1311 1380 1329 τε
1397 1303 1443 1330 καὶ
1459 1303 1493 1329 τὰ
1507 1302 1611 1334 τούτοις
1627 1301 1736 1337 μείζονα
1745 1301 1768 1317 ⁸³
1781 1309 1865 1337 νομι-

1071 1350 1172 1386 ζόμενα
1186 1351 1252 1386 ἡμῖν
1262 1350 1395 1384 ὑπέσχετο
1406 1349 1438 1381 ⁵³,
1456 1349 1535 1385 μόνον
1553 1349 1595 1375 ἴνα
1612 1348 1734 1379 συνόντες
1748 1347 1822 1382 αὺτῷ
1832 1348 1867 1374 τὸ

1071 1397 1121 1432 τῆς
1137 1396 1319 1432 ἐγχειρήσεως
1336 1395 1418 1422 κακὸν
1436 1395 1596 1431 σιωπῶμεν,
1611 1393 1654 1421 ἵνα
1671 1394 1745 1429 αὐτῷ
1760 1393 1794 1420 τὰ
1809 1393 1865 1428 τῆς

1071 1443 1179 1478 ἀπάτης
1197 1442 1356 1478 προκόπτῃ,
1379 1442 1425 1468 καὶ
1441 1442 1516 1476 ὅμως
1538 1441 1569 1468 οὐ
1592 1440 1775 1476 συνεθέμεθα,
1791 1439 1866 1466 ἀλλὰ

1072 1489 1119 1515 καὶ
1135 1488 1216 1515 αὑτὸν
1235 1488 1288 1524 63
1314 1489 1363 1524 τῆς
1388 1487 1517 1522 τοιαύτης
1533 1486 1664 1518 ἀπονοίας
1688 1485 1822 1512 παύεσθαι
1840 1486 1866 1502 ⁵⁵

233 1529 300 1563 Nos,
313 1530 418 1563 Simon,
431 1531 569 1565 amicitize,
585 1540 667 1567 quam
685 1536 773 1559 tecum
790 1541 803 1560 a
821 1534 936 1568 pueritia
952 1543 1018 1562 eon—

1074 1534 1323 1569 συνεϐουλεύσαμεν
1335 1554 1342 1565 ,
1366 1533 1490 1568 λέγοντες
1515 1533 1599 1568 αὐτῷ’
1618 1533 1730 1568 Ἡμεῖς,
1749 1532 1865 1567 Σίμων,

232 1576 386 1609 traximus,
403 1585 554 1611 memores,
569 1582 650 1612 teque
673 1583 806 1610 amantes,
825 1580 899 1606 utilia
921 1589 1022 1608 consu-

232 1623 316 1650 limus
329 1632 337 1650 :
350 1630 427 1650 cessa
445 1623 479 1651 ab
500 1623 657 1658 bujusmodi
678 1625 775 1651 audaci
801 1625 937 1652 facinore:
954 1627 1022 1654 deus

232 1677 294 1696 esse
312 1677 367 1696 non
385 1674 481 1704 potes;
499 1670 563 1697 time
578 1677 640 1697 eum
662 1671 708 1705 qui
732 1678 795 1697 vere
818 1671 889 1699 Deus
903 1676 959 1704 est;
972 1679 1021 1698 co-

233 1723 332 1750 gnosce
348 1720 440 1743 teesse
451 1716 600 1749 hominem,
617 1716 751 1751 breveque
762 1724 823 1744 esse
833 1721 942 1751 tempus
960 1718 1022 1745 vita:

234 1766 296 1788 true.
313 1761 474 1796 Quanquam
499 1762 644 1789 admodum
670 1762 790 1796 locuples
810 1764 853 1790 vel
874 1764 955 1790 etiam
974 1772 1022 1791 rex

233 1807 456 1841 cvadas,exiguo
468 1808 529 1834 vitae
544 1807 631 1842 spatio
644 1815 728 1842 pauca
746 1813 810 1835 sunt
824 1809 925 1843 quibus
946 1809 1021 1837 fme-

234 1853 292 1880 IIS:
316 1858 344 1881 et
366 1861 427 1888 quae
448 1854 529 1888 impie
553 1858 630 1888 parta
651 1860 725 1887 sunt,
747 1863 808 1882 cum
826 1855 881 1883 cito
904 1855 1019 1891 fugiant.

234 1907 364 1928 :rtcrnnm
390 1901 554 1936 supplicium
576 1900 678 1928 homini
695 1901 832 1928 sceleroso
851 1906 1020 1936 comparant.

231 1947 326 1979 Quare
345 1952 472 1974 auctores
489 1946 537 1974 tibi
552 1954 659 1979 sumus,
675 1947 760 1974 Deum
776 1948 897 1975 verearis
910 1969 916 1980 ,
936 1956 950 1975 a
966 1956 1021 1983 quo

232 1993 349 2028 iudicari
362 1994 443 2021 debet
457 1993 674 2028 uniuscujusque
685 1994 777 2021 anima
793 2002 842 2029 pro
854 1995 888 2021 iis
905 2002 966 2029 qua:
978 1995 1022 2022 hic

231 2040 328 2074 gessit.

271 2085 368 2112 XXIX.
390 2084 451 2112 Hrec
466 2085 512 2112 ille
533 2085 648 2112 audiens
673 2085 744 2113 risit.
773 2085 897 2120 Cumque
917 2086 1023 2114 dicere-

232 2138 319 2158 mus:
338 2131 393 2158 Cur
417 2139 468 2158 nos
484 2131 599 2162 irrides.
616 2131 663 2166 qui
686 2131 735 2158 tibi
755 2132 832 2158 utilia
853 2132 1023 2160 suademus?

234 2177 339 2210 Rideo,
355 2177 459 2211 inquit,
484 2177 595 2204 stultam
620 2177 776 2212 opinionem
793 2182 927 2210 vestram,
948 2178 1021 2213 quod

232 2223 354 2250 credatis
372 2223 554 2250 immortalem
567 2231 628 2250 esse
640 2223 758 2250 animam
780 2223 910 2250 hominis.
926 2223 958 2251 Et
969 2232 1021 2259 ego

235 2269 364 2303 respondi
379 2279 385 2296 :
403 2268 462 2296 Non
489 2269 639 2302 miramur,
655 2277 672 2296 ο
690 2269 796 2302 Simon,
813 2269 836 2297 si
854 2269 948 2297 fallere
968 2278 1020 2298 nos

233 2315 364 2349 conaris;
391 2316 438 2343 sed
465 2315 702 2350 obstupescimus,
728 2324 782 2350 qua
809 2316 916 2344 ratione
938 2317 1020 2344 etiam

233 2362 353 2396 teipsqu
373 2362 504 2396 deciplas.
517 2361 607 2389 Ell'are
621 2361 700 2395 mihi,
715 2362 820 2395 Simon,
834 2363 886 2389 etsi
902 2363 1020 2390 aliorum

233 2415 318 2435 nemo
345 2412 512 2442 compertum
538 2407 636 2434 habeat
655 2408 774 2435 animam
798 2416 858 2435 esse
877 2408 1020 2435 immorta-

234 2453 300 2486 lem,
319 2456 348 2481 tu
362 2458 454 2481 talnen
468 2457 496 2480 et
508 2461 558 2481 nos
574 2453 725 2486 habemus;
741 2458 769 2480 tu
785 2454 895 2489 quidem
907 2475 914 2488 ,
931 2459 961 2481 ut
975 2454 1021 2489 qui

235 2507 296 2526 eam
313 2507 328 2526 a
350 2507 464 2534 corpore
486 2499 610 2526 humano
631 2500 765 2527 diremisti
777 2520 785 2532 ,
802 2500 853 2535 -qui
872 2501 1023 2528 collocutus

233 2551 266 2572 es
276 2566 284 2577 ,
299 2545 346 2580 qui
372 2545 532 2580 imperasti;
550 2553 600 2573 nos
613 2553 678 2573 vero
688 2566 696 2579 ,
709 2550 739 2572 ut
753 2547 801 2580 qui
823 2546 962 2574 adfuimus
974 2568 981 2579 ,
994 2552 1022 2574 et

234 2589 379 2626 imperium
395 2591 560 2625 audivimus,
577 2596 604 2619 ct
616 2592 689 2626 quod
707 2591 816 2627 jussum
836 2597 878 2619 est
902 2593 1021 2620 vidimus

1060 1580 1122 1616 ’τῆς
1136 1582 1169 1607 ὲκ
1183 1581 1284 1607 παίδων
1301 1580 1390 1615 φιλίας
1407 1580 1476 1615 πρὸς
1492 1579 1522 1606 σὲ
1540 1579 1717 1615 μεμνημένοι,
1733 1578 1866 1614 στέργον-

1071 1627 1118 1658 τές
1131 1635 1160 1652 σε
1171 1627 1204 1658 ⁵⁵,
1215 1626 1249 1652 τὰ
1263 1627 1435 1662 συμφέροντα
1450 1625 1677 1661 συμὸουλεύομεν·
1695 1624 1796 1651 παῦσαι
1811 1625 1867 1659 τῆς

1071 1673 1200 1708 τοιαύτης
1215 1673 1326 1709 τόλμης·
1355 1672 1417 1704 θεὸς
1436 1670 1504 1698 εἶναι
1520 1671 1550 1698 οὓ
1582 1671 1705 1698 δύνασαι·
1729 1670 1865 1707 φοϐήθητι

1072 1719 1118 1746 τον
1132 1719 1216 1750 ὅντως
1238 1718 1312 1745 Θεόν·
1330 1717 1414 1752 γνῶθι
1428 1718 1469 1744 ὃτι
1485 1717 1626 1753 ἄνθρωπος
1642 1714 1667 1743 εἶ
1685 1717 1731 1743 καὶ
1753 1717 1797 1743 ὅτι
1815 1725 1866 1744 σου

1074 1765 1170 1801 μικρός
1183 1765 1256 1791 ἐστιν
1269 1764 1284 1789 ὁ
1299 1763 1349 1798 τῆς
1360 1762 1432 1798 ζωῆς
1442 1763 1545 1799 χρόνος.
1558 1762 1618 1789 Κᾶν
1631 1762 1736 1798 μεγάλα
1745 1762 1768 1778 ⁵⁸
1781 1763 1867 1789 πλου-

1072 1811 1148 1847 τῇςῆ
1164 1811 1211 1838 καὶ
1227 1810 1400 1846 βασιλεύσῃς,
1413 1809 1452 1845 τῷ
1463 1810 1512 1845 τῆς
1524 1809 1596 1844 ζωῆς
1609 1817 1656 1835 σου
1673 1809 1762 1844 μικρῷ
1774 1809 1866 1845 χρόνῳ

1072 1858 1151 1892 ὀλίγα
1166 1857 1295 1892 τυγχάνει
1320 1855 1388 1892 πρὸς
1410 1855 1570 1886 ἀπόλαυσιν,
1583 1855 1631 1882 καὶ
1653 1855 1759 1887 ἀσεϐῶς
1784 1864 1865 1892 πορι-

1074 1901 1182 1933 σθέντα,
1200 1901 1301 1932 εὺθὲως
1317 1901 1462 1935 φεύγοντα,
1485 1900 1598 1927 αἰωνίαν
1613 1900 1722 1927 κόλασιν
1737 1908 1865 1935 περιποι-

1073 1948 1142 1973 εἰται
1165 1946 1204 1982 τῷ
1229 1946 1414 1982 τετολμηκότι.
1439 1946 1484 1972 Διὸ
1509 1946 1648 1980 φοὸεἰσθαί
1671 1954 1711 1972 σοι
1728 1946 1774 1971 τὸν
1796 1946 1865 1972 Θεὸν

1073 1991 1302 2028 συμϐουλεύομεν,
1315 1993 1359 2027 ὑφ’
1372 1990 1403 2018 οὗ
1420 1991 1547 2028 κριθῆναι
1558 1991 1614 2026 ἔχει
1630 1992 1646 2027 ἡ
1664 1991 1778 2018 ἑκάστου
1788 1991 1863 2027 ψυχὴ

1073 2039 1137 2075 περὶ
1153 2035 1189 2065 ὧν
1203 2038 1321 2074 ἔπραξεν
1337 2038 1465 2065 ἐνταῦθα.

1107 2084 1203 2112 XXIX.
1226 2085 1255 2111 '0
1272 2085 1312 2117 δὲ,
1328 2085 1414 2111 ταῦτα
1428 2084 1556 2115 ἀκούσας,
1575 2084 1711 2118 ἐγέλασεν.
1729 2084 1822 2119 Ἦμῶν
1834 2085 1864 2112 δὲ

1070 2131 1213 2158 εἰπόντωνθ
1231 2131 1263 2157 Τί
1276 2131 1355 2166 ἡμῶν
1370 2130 1405 2157 τά
1421 2139 1461 2157 σοι
1475 2130 1649 2165 συμφέροντα
1665 2129 1864 2165 συμϐουλευόνρ

1072 2185 1126 2203 των
1149 2177 1317 2212 καταγελᾷς;
1335 2177 1417 2212 ’¹Εφη’
1435 2176 1509 2203 Γελῶ
1525 2177 1601 2212 ὑμῶν
1614 2177 1664 2213 τὴν
1685 2176 1778 2212 μωρὰν
1794 2177 1862 2203 ὑπὸ-

1073 2222 1166 2258 ληψιν,
1183 2224 1223 2250 ὅτι
1236 2223 1378 2250 πιστεύετε
1393 2223 1526 2250 ἀθάνατον
1542 2221 1609 2249 εἶναι
1629 2223 1678 2258 τὴν
1695 2222 1741 2248 τοῦ
1758 2223 1862 2258 ἀνθρώ-

1075 2278 1125 2296 που
1139 2270 1227 2305 ψυχήν
1237 2270 1266 2295 ⁸⁷.
1282 2269 1367 2303 Κάγὼ
1379 2270 1445 2305 ἔφην
1454 2278 1460 2284 -
1476 2270 1512 2296 Οὐ
1526 2268 1710 2304 θαυμάζομεν,
1723 2265 1745 2294 ὦ
1759 2268 1859 2304 Σίμων,

1073 2317 1098 2343 εἰ
1114 2317 1188 2352 ἡμᾶς
1204 2317 1311 2351 ἀπατᾷν
1328 2316 1490 2351 ἐπιχειρεῖς,
1508 2315 1564 2341 ἀλλ’
1581 2314 1791 2350 ἐκπεπλήγμεθα
1807 2315 1860 2341 τίνι

1073 2361 1144 2397 λόγῳ
1159 2361 1206 2388 καὶ
1222 2361 1316 2389 ἑαυτὸν
1331 2361 1447 2396 ἁπατᾷς.
1464 2361 1534 2395 Λέγε
1551 2369 1606 2396 μοι,
1621 2357 1643 2387 ὦ
1659 2361 1759 2395 Σίμων,
1773 2361 1796 2386 εἰ
1813 2361 1860 2386 καὶ

1073 2407 1128 2434 τῶν
1139 2408 1225 2435 ἄλλων
1235 2408 1324 2439 οὐδεὶς
1335 2408 1575 2444 πεπληροφόρηται
1588 2407 1718 2434 ἀθάνατον
1733 2404 1799 2432 εῖναι
1809 2406 1859 2442 τὴν

1073 2454 1173 2490 ψυχὴν,
1191 2454 1246 2480 ἀλλ’
1262 2453 1310 2480 οὖν
1323 2462 1355 2488 γε
1371 2455 1403 2480 ob
1420 2454 1466 2480 καὶ
1481 2455 1572 2488 ἡμεῖς,
1591 2455 1622 2480 σὺ
1641 2453 1690 2488 μὲν
1704 2453 1742 2484 ὡς
1754 2451 1857 2486 ἀνθρω-

1074 2500 1150 2526 πείου
1167 2499 1292 2536 σώματος
1309 2500 1429 2535 χωρίσας
1441 2500 1525 2535 αὐτὴν
1537 2500 1585 2526 καὶ
1599 2498 1797 2535 προσομιλήσας
1812 2499 1858 2525 καὶ

1073 2545 1216 2578 ἐπιτάξας,
1233 2547 1315 2581 ἡμεῖς
1331 2546 1359 2572 δὲ
1375 2546 1413 2577 ὡς
1431 2546 1620 2581 συμπαρόντες
1637 2545 1683 2572 καὶ
1699 2545 1749 2580 τὴν
1764 2544 1856 2570 ἐπιτα-

1074 2592 1125 2627 γὴν
1141 2592 1304 2624 ἀκούσαντες
1327 2592 1373 2619 καὶ
1389 2591 1419 2618 τὸ
1437 2591 1579 2618 κελευσθὲν
1597 2591 1621 2607 ⁵³
1640 2590 1762 2626 ὲναργῶς
1787 2590 1856 2616 ἱστο-

869 2669 988 2696 γΑιιιιΕ
1020 2667 1225 2697 LECTIONES.

270 2727 293 2764 ‘f
301 2728 360 2755 ἀλλ’
376 2728 408 2764 (ξ.
445 2730 468 2747 ⁸⁷
477 2729 636 2764 ἀπέστημεν
646 2728 692 2755 ἀπ’
705 2727 787 2755 αὑτοῦ
801 2727 833 2754 C.
871 2727 1084 2764 ⁸⁸νίστορῄκαμεν
1098 2727 1128 2754 C.
1149 2727 1280 2764 Deestxal
1295 2724 1581 2764 atite_é_rapm§psllct_itt
1666 2723 1688 2739 δ’
1705 2723 1808 2764 ospes-:5

229 2763 252 2778 “
266 2763 316 2789 οὑκ
333 2763 372 2789 ἔτι
381 2763 411 2791 C.

465 2763 534 2791 "Ita
559 2761 629 2798 Epit.
646 2771 672 2790 c.
696 2763 732 2798 29
754 2767 781 2790 et
795 2764 817 2789 0
830 2782 841 2798 γ,
858 2762 928 2789 ναῶν
945 2761 1104 2797 ἀνδριάντας
1131 2763 1208 2798 ἡμῶν
1235 2761 1432 2798 καταξιωθῆναι
1453 2762 1482 2798 (_].

1530 2760 1552 2775 ⁵¹
1563 2759 1673 2793 μείζονα
1694 2755 1853 2793 σιΜίιἙρίι.

229 2807 252 2822 ι’.
268 2799 310 2833 7‘29
321 2818 328 2827 .
341 2806 423 2832 quam
443 2806 499 2833 seq.
515 2799 544 2825 S.
581 2792 605 2814 ³³
616 2798 673 2826 Non
689 2797 762 2829 Cot.,
776 2803 805 2824 ot
819 2797 838 2823 S
863 2805 958 2830 parum
971 2792 1230 2833 ξιιῖριιιτίιιυήιίὶὶυιςη,
1246 2792 1335 2833 sodli!
1362 2792 1445 2833 edidit
1457 2792 1580 2833 ὑπέχετο.
1616 2793 1643 2833 _“
1654 2792 1850 2833 παύσασθαι-υ.

231 2833 251 2848 ’⁵
267 2832 304 2858 Ita
317 2827 378 2860 cod.
390 2833 441 2860 804
457 2827 488 2859 «δι’
500 2835 523 2860 υ
539 2855 544 2863 ,
561 2843 590 2860 τε
602 2834 633 2860 C.
671 2833 693 2848 ⁵⁵
706 2827 777 2868 μέγα
793 2833 823 2859 C.
861 2827 882 2848 ⁵⁷
894 2832 942 2867 τὴν
956 2832 1015 2868 rei
1026 2832 1168 2868 ἁνΟριῖιπου
1188 2831 1302 2867 ψυχήνίὶ
1319 2851 1326 2863 ,
1341 2831 1386 2866 qui
1399 2827 1525 2864 deinceps
1538 2829 1643 2864 ἁπατᾷν
1659 2828 1738 2863 ἡμᾶς.
1778 2828 1800 2843 ⁸⁸⁸
1815 2827 1850 2854 Ita

231 2868 251 2888 ’ὶ
267 2888 274 2898 ,
297 2876 320 2894 c.
335 2867 352 2894 S
367 2887 375 2900 ,
392 2868 516 2895 κελευθέν
529 2869 560 2896 C.
577 2869 645 2896 Ante
661 2866 751 2904 Σίμων
766 2868 856 2896 addidi
869 2866 942 2895 καιὸ
960 2876 983 2895 c.
1000 2866 1030 2895 Ο,
