  <div class='ocr_page' id='page_1' title='image "/cluster/home/n/w/nwhite01/storage/ocr_20150623/2/njp.32101077772349/069.png"; bbox 0 0 1945 3101; ppageno 0'>
   <div class='ocr_carea' id='block_1_1' title="bbox 277 166 331 194">
    <p class='ocr_par' dir='ltr' id='par_1_1' title="bbox 277 166 331 194">
     <span class='ocr_line' id='line_1_1' title="bbox 277 166 331 194; baseline 0 0"><span class='ocrx_word' id='word_1_1' title='bbox 277 166 331 194; x_wconf 80' lang='grc'><strong>107</strong></span> 
     </span>
    </p>
   </div>
   <div class='ocr_carea' id='block_1_2' title="bbox 683 152 1436 188">
    <p class='ocr_par' dir='ltr' id='par_1_2' title="bbox 683 152 1436 188">
     <span class='ocr_line' id='line_1_2' title="bbox 683 152 1436 188; baseline -0.012 -1"><span class='ocrx_word' id='word_1_2' title='bbox 683 159 711 187; x_wconf 87' lang='lat' dir='ltr'><strong>S.</strong></span> <span class='ocrx_word' id='word_1_3' title='bbox 730 157 948 188; x_wconf 78' lang='lat' dir='ltr'><strong>CLEMENTISI</strong></span> <span class='ocrx_word' id='word_1_4' title='bbox 969 156 1052 185; x_wconf 82' lang='lat' dir='ltr'><strong>ROM.</strong></span> <span class='ocrx_word' id='word_1_5' title='bbox 1071 153 1172 185; x_wconf 82' lang='lat' dir='ltr'><strong>PONT.</strong></span> <span class='ocrx_word' id='word_1_6' title='bbox 1191 153 1303 183; x_wconf 75' lang='lat' dir='ltr'><strong>OPERA</strong></span> <span class='ocrx_word' id='word_1_7' title='bbox 1322 152 1436 180; x_wconf 76' lang='lat' dir='ltr'><strong>DUBIA.</strong></span> 
     </span>
    </p>
   </div>
   <div class='ocr_carea' id='block_1_3' title="bbox 1847 146 1902 174">
    <p class='ocr_par' dir='ltr' id='par_1_3' title="bbox 1847 146 1902 174">
     <span class='ocr_line' id='line_1_3' title="bbox 1847 146 1902 174; baseline 0 0"><span class='ocrx_word' id='word_1_8' title='bbox 1847 146 1902 174; x_wconf 74' lang='grc'><strong>168</strong></span> 
     </span>
    </p>
   </div>
   <div class='ocr_carea' id='block_1_4' title="bbox 277 206 1076 255">
    <p class='ocr_par' dir='ltr' id='par_1_4' title="bbox 277 215 1076 255">
     <span class='ocr_line' id='line_1_4' title="bbox 277 215 1076 255; baseline -0.015 -3"><span class='ocrx_word' id='word_1_9' title='bbox 277 225 307 252; x_wconf 87' lang='lat' dir='ltr'><strong>Si</strong></span> <span class='ocrx_word' id='word_1_10' title='bbox 319 222 454 251; x_wconf 79' lang='lat' dir='ltr'><strong>Invalidus</strong></span> <span class='ocrx_word' id='word_1_11' title='bbox 469 225 510 248; x_wconf 86' lang='lat' dir='ltr'><strong>est</strong></span> <span class='ocrx_word' id='word_1_12' title='bbox 522 241 529 253; x_wconf 96' lang='lat'><strong>,</strong></span> <span class='ocrx_word' id='word_1_13' title='bbox 543 220 605 255; x_wconf 83' lang='lat' dir='ltr'><strong>quis</strong></span> <span class='ocrx_word' id='word_1_14' title='bbox 619 223 660 246; x_wconf 87' lang='lat' dir='ltr'><strong>est</strong></span> <span class='ocrx_word' id='word_1_15' title='bbox 674 217 862 252; x_wconf 84' lang='lat' dir='ltr'><strong>omnipotens?</strong></span> <span class='ocrx_word' id='word_1_16' title='bbox 885 215 912 242; x_wconf 91' lang='lat' dir='ltr'><strong>Si</strong></span> <span class='ocrx_word' id='word_1_17' title='bbox 942 215 1058 250; x_wconf 86' lang='lat' dir='ltr'><strong>injustus</strong></span> <span class='ocrx_word' id='word_1_18' title='bbox 1074 229 1076 235; x_wconf 81' lang='grc' dir='ltr'><strong>ι</strong></span> 
     </span>
    </p>
   </div>
   <div class='ocr_carea' id='block_1_5' title="bbox 1124 206 1905 255">
    <p class='ocr_par' dir='ltr' id='par_1_5' title="bbox 1124 206 1905 243">
     <span class='ocr_line' id='line_1_5' title="bbox 1124 206 1905 243; baseline -0.013 -2"><span class='ocrx_word' id='word_1_19' title='bbox 1124 214 1198 241; x_wconf 66' lang='grc' dir='ltr'>πάντα</span> <span class='ocrx_word' id='word_1_20' title='bbox 1213 213 1322 239; x_wconf 79' lang='grc' dir='ltr'>δύναται</span> <span class='ocrx_word' id='word_1_21' title='bbox 1333 219 1340 243; x_wconf 85' lang='grc'>;</span> <span class='ocrx_word' id='word_1_22' title='bbox 1353 210 1385 236; x_wconf 74' lang='lat' dir='ltr'><strong>Et</strong></span> <span class='ocrx_word' id='word_1_23' title='bbox 1401 210 1430 236; x_wconf 81' lang='grc' dir='ltr'><strong>δὲ</strong></span> <span class='ocrx_word' id='word_1_24' title='bbox 1453 208 1549 239; x_wconf 84' lang='grc' dir='ltr'>ἀδικεῖ,</span> <span class='ocrx_word' id='word_1_25' title='bbox 1566 207 1613 234; x_wconf 72' lang='grc' dir='ltr'>καὶ</span> <span class='ocrx_word' id='word_1_26' title='bbox 1628 207 1670 238; x_wconf 77' lang='grc' dir='ltr'><strong>τίς</strong></span> <span class='ocrx_word' id='word_1_27' title='bbox 1689 206 1809 238; x_wconf 74' lang='grc' dir='ltr'>δίκαιοςς</span> <span class='ocrx_word' id='word_1_28' title='bbox 1823 206 1859 232; x_wconf 79' lang='grc' dir='ltr'><strong>Εἰ</strong></span> <span class='ocrx_word' id='word_1_29' title='bbox 1875 207 1905 233; x_wconf 80' lang='grc' dir='ltr'><strong>δὲ</strong></span> 
     </span>
    </p>
   </div>
   <div class='ocr_carea' id='block_1_6' title="bbox 277 260 1059 305">
    <p class='ocr_par' dir='ltr' id='par_1_6' title="bbox 277 260 1059 305">
     <span class='ocr_line' id='line_1_6' title="bbox 277 260 1059 305; baseline -0.014 -7"><span class='ocrx_word' id='word_1_30' title='bbox 277 276 317 298; x_wconf 78' lang='lat' dir='ltr'><strong>est</strong></span> <span class='ocrx_word' id='word_1_31' title='bbox 330 291 337 303; x_wconf 90' lang='lat'><strong>,</strong></span> <span class='ocrx_word' id='word_1_32' title='bbox 350 269 413 305; x_wconf 98' lang='lat' dir='ltr'><strong>quis</strong></span> <span class='ocrx_word' id='word_1_33' title='bbox 427 267 535 303; x_wconf 73' lang='lat' dir='ltr'><strong>justus?</strong></span> <span class='ocrx_word' id='word_1_34' title='bbox 551 265 581 292; x_wconf 91' lang='lat' dir='ltr'><strong>Si</strong></span> <span class='ocrx_word' id='word_1_35' title='bbox 596 264 667 292; x_wconf 88' lang='lat' dir='ltr'><strong>mala</strong></span> <span class='ocrx_word' id='word_1_36' title='bbox 681 267 775 296; x_wconf 84' lang='lat' dir='ltr'><strong>creat,</strong></span> <span class='ocrx_word' id='word_1_37' title='bbox 789 263 851 297; x_wconf 86' lang='lat' dir='ltr'><strong>quis</strong></span> <span class='ocrx_word' id='word_1_38' title='bbox 866 262 937 289; x_wconf 87' lang='lat' dir='ltr'><strong>bona</strong></span> <span class='ocrx_word' id='word_1_39' title='bbox 960 260 1059 288; x_wconf 76' lang='lat' dir='ltr'><strong>faciet?</strong></span> 
     </span>
    </p>
   </div>
   <div class='ocr_carea' id='block_1_7' title="bbox 279 310 656 347">
    <p class='ocr_par' dir='ltr' id='par_1_7' title="bbox 279 310 656 347">
     <span class='ocr_line' id='line_1_7' title="bbox 279 310 656 347; baseline -0.021 -3"><span class='ocrx_word' id='word_1_40' title='bbox 279 317 306 344; x_wconf 74' lang='lat' dir='ltr'><strong>Si</strong></span> <span class='ocrx_word' id='word_1_41' title='bbox 319 315 389 343; x_wconf 80' lang='lat' dir='ltr'><strong>mala</strong></span> <span class='ocrx_word' id='word_1_42' title='bbox 401 313 477 346; x_wconf 80' lang='lat' dir='ltr'><strong>facit,</strong></span> <span class='ocrx_word' id='word_1_43' title='bbox 491 313 553 347; x_wconf 88' lang='lat' dir='ltr'><strong>quis</strong></span> <span class='ocrx_word' id='word_1_44' title='bbox 564 310 656 338; x_wconf 86' lang='lat' dir='ltr'><strong>bona?</strong></span> 
     </span>
    </p>
   </div>
   <div class='ocr_carea' id='block_1_8' title="bbox 312 351 1060 389">
    <p class='ocr_par' dir='ltr' id='par_1_8' title="bbox 312 351 1060 389">
     <span class='ocr_line' id='line_1_8' title="bbox 312 351 1060 389; baseline -0.013 -2"><span class='ocrx_word' id='word_1_45' title='bbox 312 359 406 387; x_wconf 63' lang='lat' dir='ltr'><strong>XLIV.</strong></span> <span class='ocrx_word' id='word_1_46' title='bbox 423 359 451 386; x_wconf 86' lang='lat' dir='ltr'><strong>Si</strong></span> <span class='ocrx_word' id='word_1_47' title='bbox 462 365 528 385; x_wconf 81' lang='lat' dir='ltr'><strong>vero</strong></span> <span class='ocrx_word' id='word_1_48' title='bbox 544 360 663 383; x_wconf 79' lang='lat' dir='ltr'><strong>montem</strong></span> <span class='ocrx_word' id='word_1_49' title='bbox 689 354 815 389; x_wconf 71' lang='lat' dir='ltr'><strong>pinguem</strong></span> <span class='ocrx_word' id='word_1_50' title='bbox 835 352 950 388; x_wconf 84' lang='lat' dir='ltr'><strong>appetit,</strong></span> <span class='ocrx_word' id='word_1_51' title='bbox 968 351 1060 385; x_wconf 83' lang='lat' dir='ltr'><strong>cujus-</strong></span> 
     </span>
    </p>
   </div>
   <div class='ocr_carea' id='block_1_9' title="bbox 277 393 1060 435">
    <p class='ocr_par' dir='ltr' id='par_1_9' title="bbox 277 393 1060 435">
     <span class='ocr_line' id='line_1_9' title="bbox 277 393 1060 435; baseline -0.015 0"><span class='ocrx_word' id='word_1_52' title='bbox 277 415 341 435; x_wconf 90' lang='lat' dir='ltr'><strong>nam</strong></span> <span class='ocrx_word' id='word_1_53' title='bbox 357 409 439 433; x_wconf 89' lang='lat' dir='ltr'><strong>erunt</strong></span> <span class='ocrx_word' id='word_1_54' title='bbox 449 403 566 432; x_wconf 84' lang='lat' dir='ltr'><strong>cuncta?</strong></span> <span class='ocrx_word' id='word_1_55' title='bbox 578 401 607 429; x_wconf 91' lang='lat' dir='ltr'><strong>Si</strong></span> <span class='ocrx_word' id='word_1_56' title='bbox 624 401 754 428; x_wconf 79' lang='lat' dir='ltr'><strong>mentitur</strong></span> <span class='ocrx_word' id='word_1_57' title='bbox 764 421 772 432; x_wconf 86' lang='lat'><strong>,</strong></span> <span class='ocrx_word' id='word_1_58' title='bbox 784 399 846 434; x_wconf 88' lang='lat' dir='ltr'><strong>quis</strong></span> <span class='ocrx_word' id='word_1_59' title='bbox 860 405 943 425; x_wconf 77' lang='lat' dir='ltr'><strong>verax</strong></span> <span class='ocrx_word' id='word_1_60' title='bbox 956 397 1015 425; x_wconf 76' lang='lat' dir='ltr'><strong>est?</strong></span> <span class='ocrx_word' id='word_1_61' title='bbox 1032 393 1060 424; x_wconf 82' lang='lat' dir='ltr'><strong>Si</strong></span> 
     </span>
    </p>
   </div>
   <div class='ocr_carea' id='block_1_10' title="bbox 279 442 1061 481">
    <p class='ocr_par' dir='ltr' id='par_1_10' title="bbox 279 442 1061 481">
     <span class='ocr_line' id='line_1_10' title="bbox 279 442 1061 481; baseline -0.017 0"><span class='ocrx_word' id='word_1_62' title='bbox 279 455 306 480; x_wconf 91' lang='lat' dir='ltr'><strong>in</strong></span> <span class='ocrx_word' id='word_1_63' title='bbox 322 450 498 480; x_wconf 81' lang='lat' dir='ltr'><strong>tabernaculo</strong></span> <span class='ocrx_word' id='word_1_64' title='bbox 513 447 618 475; x_wconf 85' lang='lat' dir='ltr'><strong>habitat</strong></span> <span class='ocrx_word' id='word_1_65' title='bbox 631 467 639 480; x_wconf 89' lang='lat'><strong>,</strong></span> <span class='ocrx_word' id='word_1_66' title='bbox 652 446 715 481; x_wconf 89' lang='lat' dir='ltr'><strong>quis</strong></span> <span class='ocrx_word' id='word_1_67' title='bbox 730 444 898 472; x_wconf 79' lang='lat' dir='ltr'><strong>immensus?</strong></span> <span class='ocrx_word' id='word_1_68' title='bbox 912 442 941 469; x_wconf 90' lang='lat' dir='ltr'><strong>Si</strong></span> <span class='ocrx_word' id='word_1_69' title='bbox 955 442 1061 470; x_wconf 86' lang='lat' dir='ltr'><strong>deside-</strong></span> 
     </span>
    </p>
   </div>
   <div class='ocr_carea' id='block_1_11' title="bbox 277 490 1061 529">
    <p class='ocr_par' dir='ltr' id='par_1_11' title="bbox 277 490 1061 529">
     <span class='ocr_line' id='line_1_11' title="bbox 277 490 1061 529; baseline -0.015 -2"><span class='ocrx_word' id='word_1_70' title='bbox 277 505 322 528; x_wconf 83' lang='lat' dir='ltr'><strong>rat</strong></span> <span class='ocrx_word' id='word_1_71' title='bbox 337 499 477 529; x_wconf 85' lang='lat' dir='ltr'><strong>nidorem,</strong></span> <span class='ocrx_word' id='word_1_72' title='bbox 507 494 642 524; x_wconf 88' lang='lat' dir='ltr'><strong>sacriﬁcia</strong></span> <span class='ocrx_word' id='word_1_73' title='bbox 654 514 662 527; x_wconf 89' lang='lat'><strong>,</strong></span> <span class='ocrx_word' id='word_1_74' title='bbox 690 492 817 520; x_wconf 82' lang='lat' dir='ltr'><strong>victimas</strong></span> <span class='ocrx_word' id='word_1_75' title='bbox 839 495 868 518; x_wconf 91' lang='lat' dir='ltr'><strong>et</strong></span> <span class='ocrx_word' id='word_1_76' title='bbox 894 490 1040 518; x_wconf 85' lang='lat' dir='ltr'><strong>libationes</strong></span> <span class='ocrx_word' id='word_1_77' title='bbox 1053 508 1061 520; x_wconf 88' lang='lat'><strong>,</strong></span> 
     </span>
    </p>
   </div>
   <div class='ocr_carea' id='block_1_12' title="bbox 278 536 1062 581">
    <p class='ocr_par' dir='ltr' id='par_1_12' title="bbox 278 536 1062 581">
     <span class='ocr_line' id='line_1_12' title="bbox 278 536 1062 581; baseline -0.015 -7"><span class='ocrx_word' id='word_1_78' title='bbox 278 546 341 581; x_wconf 86' lang='lat' dir='ltr'><strong>quis</strong></span> <span class='ocrx_word' id='word_1_79' title='bbox 362 544 464 572; x_wconf 93' lang='lat' dir='ltr'><strong>nullius</strong></span> <span class='ocrx_word' id='word_1_80' title='bbox 488 542 630 577; x_wconf 78' lang='lat' dir='ltr'><strong>indigens,</strong></span> <span class='ocrx_word' id='word_1_81' title='bbox 659 539 722 575; x_wconf 88' lang='lat' dir='ltr'><strong>quis</strong></span> <span class='ocrx_word' id='word_1_82' title='bbox 746 541 873 569; x_wconf 84' lang='lat' dir='ltr'><strong>sanctus,</strong></span> <span class='ocrx_word' id='word_1_83' title='bbox 890 536 953 572; x_wconf 86' lang='lat' dir='ltr'><strong>quis</strong></span> <span class='ocrx_word' id='word_1_84' title='bbox 965 543 1062 571; x_wconf 86' lang='lat' dir='ltr'><strong>purus,</strong></span> 
     </span>
    </p>
   </div>
   <div class='ocr_carea' id='block_1_13' title="bbox 278 582 1062 627">
    <p class='ocr_par' dir='ltr' id='par_1_13' title="bbox 278 582 1062 627">
     <span class='ocr_line' id='line_1_13' title="bbox 278 582 1062 627; baseline -0.017 -7"><span class='ocrx_word' id='word_1_85' title='bbox 278 592 341 627; x_wconf 85' lang='lat' dir='ltr'><strong>quis</strong></span> <span class='ocrx_word' id='word_1_86' title='bbox 355 589 508 626; x_wconf 80' lang='lat' dir='ltr'><strong>perfectus?</strong></span> <span class='ocrx_word' id='word_1_87' title='bbox 521 587 549 615; x_wconf 90' lang='lat' dir='ltr'><strong>Si</strong></span> <span class='ocrx_word' id='word_1_88' title='bbox 564 585 715 613; x_wconf 90' lang='lat' dir='ltr'><strong>luminibus</strong></span> <span class='ocrx_word' id='word_1_89' title='bbox 727 591 760 611; x_wconf 89' lang='lat' dir='ltr'><strong>ac</strong></span> <span class='ocrx_word' id='word_1_90' title='bbox 772 582 892 609; x_wconf 88' lang='lat' dir='ltr'><strong>lucernis</strong></span> <span class='ocrx_word' id='word_1_91' title='bbox 901 582 1062 614; x_wconf 79' lang='lat' dir='ltr'><strong>delectatur,</strong></span> 
     </span>
    </p>
   </div>
   <div class='ocr_carea' id='block_1_14' title="bbox 278 627 1064 672">
    <p class='ocr_par' dir='ltr' id='par_1_14' title="bbox 278 627 1064 672">
     <span class='ocr_line' id='line_1_14' title="bbox 278 627 1064 672; baseline -0.014 -8"><span class='ocrx_word' id='word_1_92' title='bbox 278 638 341 672; x_wconf 91' lang='lat' dir='ltr'><strong>quis</strong></span> <span class='ocrx_word' id='word_1_93' title='bbox 356 634 499 663; x_wconf 87' lang='lat' dir='ltr'><strong>luminaria</strong></span> <span class='ocrx_word' id='word_1_94' title='bbox 514 634 541 661; x_wconf 91' lang='lat' dir='ltr'><strong>in</strong></span> <span class='ocrx_word' id='word_1_95' title='bbox 557 632 626 660; x_wconf 83' lang='lat' dir='ltr'><strong>ccelo</strong></span> <span class='ocrx_word' id='word_1_96' title='bbox 644 629 803 659; x_wconf 79' lang='lat' dir='ltr'><strong>constituit?</strong></span> <span class='ocrx_word' id='word_1_97' title='bbox 817 628 848 656; x_wconf 85' lang='lat' dir='ltr'><strong>Si</strong></span> <span class='ocrx_word' id='word_1_98' title='bbox 860 629 889 656; x_wconf 88' lang='lat' dir='ltr'><strong>in</strong></span> <span class='ocrx_word' id='word_1_99' title='bbox 903 627 1018 663; x_wconf 76' lang='lat' dir='ltr'><strong>caligine</strong></span> <span class='ocrx_word' id='word_1_100' title='bbox 1031 634 1064 655; x_wconf 85' lang='lat' dir='ltr'><strong>ac</strong></span> 
     </span>
    </p>
   </div>
   <div class='ocr_carea' id='block_1_15' title="bbox 278 675 1064 716">
    <p class='ocr_par' dir='ltr' id='par_1_15' title="bbox 278 675 1064 716">
     <span class='ocr_line' id='line_1_15' title="bbox 278 675 1064 716; baseline -0.013 -5"><span class='ocrx_word' id='word_1_101' title='bbox 278 683 398 711; x_wconf 85' lang='lat' dir='ltr'><strong>tenebris</strong></span> <span class='ocrx_word' id='word_1_102' title='bbox 411 685 438 709; x_wconf 92' lang='lat' dir='ltr'><strong>et</strong></span> <span class='ocrx_word' id='word_1_103' title='bbox 449 680 569 716; x_wconf 84' lang='lat' dir='ltr'><strong>procella</strong></span> <span class='ocrx_word' id='word_1_104' title='bbox 581 683 662 714; x_wconf 87' lang='lat' dir='ltr'><strong>atque</strong></span> <span class='ocrx_word' id='word_1_105' title='bbox 676 677 753 705; x_wconf 90' lang='lat' dir='ltr'><strong>l&#39;umo</strong></span> <span class='ocrx_word' id='word_1_106' title='bbox 773 681 908 709; x_wconf 82' lang='lat' dir='ltr'><strong>versatur,</strong></span> <span class='ocrx_word' id='word_1_107' title='bbox 924 675 986 710; x_wconf 89' lang='lat' dir='ltr'><strong>quis</strong></span> <span class='ocrx_word' id='word_1_108' title='bbox 1001 679 1064 702; x_wconf 80' lang='lat' dir='ltr'><strong>tan-</strong></span> 
     </span>
    </p>
   </div>
   <div class='ocr_carea' id='block_1_16' title="bbox 279 721 1064 765">
    <p class='ocr_par' dir='ltr' id='par_1_16' title="bbox 279 721 1064 765">
     <span class='ocr_line' id='line_1_16' title="bbox 279 721 1064 765; baseline -0.013 -8"><span class='ocrx_word' id='word_1_109' title='bbox 279 737 361 765; x_wconf 84' lang='lat' dir='ltr'><strong>quam</strong></span> <span class='ocrx_word' id='word_1_110' title='bbox 377 729 468 755; x_wconf 87' lang='lat' dir='ltr'><strong>lumen</strong></span> <span class='ocrx_word' id='word_1_111' title='bbox 495 726 646 754; x_wconf 81' lang='lat' dir='ltr'><strong>maximum</strong></span> <span class='ocrx_word' id='word_1_112' title='bbox 671 731 759 751; x_wconf 75' lang='lat' dir='ltr'><strong>aevum</strong></span> <span class='ocrx_word' id='word_1_113' title='bbox 784 722 938 750; x_wconf 82' lang='lat' dir='ltr'><strong>illuminat?</strong></span> <span class='ocrx_word' id='word_1_114' title='bbox 953 721 982 748; x_wconf 91' lang='lat' dir='ltr'><strong>Si</strong></span> <span class='ocrx_word' id='word_1_115' title='bbox 1001 728 1064 748; x_wconf 89' lang='lat' dir='ltr'><strong>cum</strong></span> 
     </span>
    </p>
   </div>
   <div class='ocr_carea' id='block_1_17' title="bbox 279 768 1065 805">
    <p class='ocr_par' dir='ltr' id='par_1_17' title="bbox 279 768 1065 805">
     <span class='ocr_line' id='line_1_17' title="bbox 279 768 1065 805; baseline -0.011 -2"><span class='ocrx_word' id='word_1_116' title='bbox 279 776 354 803; x_wconf 89' lang='lat' dir='ltr'><strong>tubis</strong></span> <span class='ocrx_word' id='word_1_117' title='bbox 368 780 396 802; x_wconf 80' lang='lat' dir='ltr'><strong>et</strong></span> <span class='ocrx_word' id='word_1_118' title='bbox 409 771 651 801; x_wconf 80' lang='lat' dir='ltr'><strong>vociferationibus</strong></span> <span class='ocrx_word' id='word_1_119' title='bbox 663 775 690 798; x_wconf 91' lang='lat' dir='ltr'><strong>et</strong></span> <span class='ocrx_word' id='word_1_120' title='bbox 709 769 808 805; x_wconf 85' lang='lat' dir='ltr'><strong>jaculis</strong></span> <span class='ocrx_word' id='word_1_121' title='bbox 824 773 850 796; x_wconf 88' lang='lat' dir='ltr'><strong>et</strong></span> <span class='ocrx_word' id='word_1_122' title='bbox 864 769 970 804; x_wconf 84' lang='lat' dir='ltr'><strong>sagittis</strong></span> <span class='ocrx_word' id='word_1_123' title='bbox 984 768 1065 795; x_wconf 80' lang='lat' dir='ltr'><strong>adve-</strong></span> 
     </span>
    </p>
   </div>
   <div class='ocr_carea' id='block_1_18' title="bbox 279 812 1066 856">
    <p class='ocr_par' dir='ltr' id='par_1_18' title="bbox 279 812 1066 856">
     <span class='ocr_line' id='line_1_18' title="bbox 279 812 1066 856; baseline -0.013 -6"><span class='ocrx_word' id='word_1_124' title='bbox 279 823 331 855; x_wconf 90' lang='lat' dir='ltr'><strong>nit,</strong></span> <span class='ocrx_word' id='word_1_125' title='bbox 356 821 419 856; x_wconf 86' lang='lat' dir='ltr'><strong>quis</strong></span> <span class='ocrx_word' id='word_1_126' title='bbox 437 824 478 848; x_wconf 89' lang='lat' dir='ltr'><strong>est</strong></span> <span class='ocrx_word' id='word_1_127' title='bbox 494 818 616 846; x_wconf 91' lang='lat' dir='ltr'><strong>omnium</strong></span> <span class='ocrx_word' id='word_1_128' title='bbox 639 820 796 852; x_wconf 81' lang='lat' dir='ltr'><strong>exspectata</strong></span> <span class='ocrx_word' id='word_1_129' title='bbox 819 813 1021 850; x_wconf 81' lang='lat' dir='ltr'><strong>tranquillitas?</strong></span> <span class='ocrx_word' id='word_1_130' title='bbox 1036 812 1066 840; x_wconf 91' lang='lat' dir='ltr'><strong>Si</strong></span> 
     </span>
    </p>
   </div>
   <div class='ocr_carea' id='block_1_19' title="bbox 275 861 1066 904">
    <p class='ocr_par' dir='ltr' id='par_1_19' title="bbox 275 861 1066 904">
     <span class='ocr_line' id='line_1_19' title="bbox 275 861 1066 904; baseline -0.011 -8"><span class='ocrx_word' id='word_1_131' title='bbox 275 863 340 904; x_wconf 75' lang='lat' dir='ltr'><strong>ipse</strong></span> <span class='ocrx_word' id='word_1_132' title='bbox 351 867 421 895; x_wconf 83' lang='lat' dir='ltr'><strong>bella</strong></span> <span class='ocrx_word' id='word_1_133' title='bbox 432 866 528 901; x_wconf 83' lang='lat' dir='ltr'><strong>diligit,</strong></span> <span class='ocrx_word' id='word_1_134' title='bbox 540 865 602 900; x_wconf 85' lang='lat' dir='ltr'><strong>quis</strong></span> <span class='ocrx_word' id='word_1_135' title='bbox 614 871 709 899; x_wconf 89' lang='lat' dir='ltr'><strong>pacem</strong></span> <span class='ocrx_word' id='word_1_136' title='bbox 721 861 834 890; x_wconf 87' lang='lat' dir='ltr'><strong>vult?Si</strong></span> <span class='ocrx_word' id='word_1_137' title='bbox 848 861 919 888; x_wconf 88' lang='lat' dir='ltr'><strong>mala</strong></span> <span class='ocrx_word' id='word_1_138' title='bbox 933 861 990 896; x_wconf 89' lang='lat' dir='ltr'><strong>ipse</strong></span> <span class='ocrx_word' id='word_1_139' title='bbox 1000 868 1066 888; x_wconf 89' lang='lat' dir='ltr'><strong>eon-</strong></span> 
     </span>
    </p>
   </div>
   <div class='ocr_carea' id='block_1_20' title="bbox 279 906 1066 949">
    <p class='ocr_par' dir='ltr' id='par_1_20' title="bbox 279 906 1066 949">
     <span class='ocr_line' id='line_1_20' title="bbox 279 906 1066 949; baseline -0.011 -7"><span class='ocrx_word' id='word_1_140' title='bbox 279 915 330 947; x_wconf 86' lang='lat' dir='ltr'><strong>dit,</strong></span> <span class='ocrx_word' id='word_1_141' title='bbox 346 913 408 949; x_wconf 91' lang='lat' dir='ltr'><strong>quis</strong></span> <span class='ocrx_word' id='word_1_142' title='bbox 422 912 489 940; x_wconf 83' lang='lat' dir='ltr'><strong>facit</strong></span> <span class='ocrx_word' id='word_1_143' title='bbox 501 911 590 939; x_wconf 85' lang='lat' dir='ltr'><strong>bona?</strong></span> <span class='ocrx_word' id='word_1_144' title='bbox 602 909 630 937; x_wconf 92' lang='lat' dir='ltr'><strong>Si</strong></span> <span class='ocrx_word' id='word_1_145' title='bbox 644 910 731 937; x_wconf 92' lang='lat' dir='ltr'><strong>durus</strong></span> <span class='ocrx_word' id='word_1_146' title='bbox 745 909 819 943; x_wconf 86' lang='lat' dir='ltr'><strong>ipse,</strong></span> <span class='ocrx_word' id='word_1_147' title='bbox 835 907 897 943; x_wconf 90' lang='lat' dir='ltr'><strong>quis</strong></span> <span class='ocrx_word' id='word_1_148' title='bbox 913 906 1066 934; x_wconf 77' lang='lat' dir='ltr'><strong>humanus?</strong></span> 
     </span>
    </p>
   </div>
   <div class='ocr_carea' id='block_1_21' title="bbox 281 952 1067 992">
    <p class='ocr_par' dir='ltr' id='par_1_21' title="bbox 281 952 1067 992">
     <span class='ocr_line' id='line_1_21' title="bbox 281 952 1067 992; baseline -0.011 -5"><span class='ocrx_word' id='word_1_149' title='bbox 281 959 309 987; x_wconf 89' lang='lat' dir='ltr'><strong>Si</strong></span> <span class='ocrx_word' id='word_1_150' title='bbox 324 959 410 986; x_wconf 85' lang='lat' dir='ltr'><strong>ﬁdelis</strong></span> <span class='ocrx_word' id='word_1_151' title='bbox 420 966 474 985; x_wconf 90' lang='lat' dir='ltr'><strong>non</strong></span> <span class='ocrx_word' id='word_1_152' title='bbox 489 961 532 985; x_wconf 90' lang='lat' dir='ltr'><strong>est</strong></span> <span class='ocrx_word' id='word_1_153' title='bbox 545 957 572 984; x_wconf 91' lang='lat' dir='ltr'><strong>in</strong></span> <span class='ocrx_word' id='word_1_154' title='bbox 586 955 741 992; x_wconf 83' lang='lat' dir='ltr'><strong>promissis,</strong></span> <span class='ocrx_word' id='word_1_155' title='bbox 754 954 798 981; x_wconf 91' lang='lat' dir='ltr'><strong>cui</strong></span> <span class='ocrx_word' id='word_1_156' title='bbox 810 953 955 981; x_wconf 78' lang='lat' dir='ltr'><strong>credetur?</strong></span> <span class='ocrx_word' id='word_1_157' title='bbox 966 952 994 979; x_wconf 92' lang='lat' dir='ltr'><strong>Si</strong></span> <span class='ocrx_word' id='word_1_158' title='bbox 1009 960 1067 979; x_wconf 86' lang='lat' dir='ltr'><strong>ma-</strong></span> 
     </span>
    </p>
   </div>
   <div class='ocr_carea' id='block_1_22' title="bbox 280 999 1066 1034">
    <p class='ocr_par' dir='ltr' id='par_1_22' title="bbox 280 999 1066 1034">
     <span class='ocr_line' id='line_1_22' title="bbox 280 999 1066 1034; baseline -0.01 -1"><span class='ocrx_word' id='word_1_159' title='bbox 280 1007 322 1034; x_wconf 76' lang='lat' dir='ltr'><strong>los</strong></span> <span class='ocrx_word' id='word_1_160' title='bbox 337 1010 410 1032; x_wconf 88' lang='lat' dir='ltr'><strong>amat</strong></span> <span class='ocrx_word' id='word_1_161' title='bbox 425 1010 453 1032; x_wconf 88' lang='lat' dir='ltr'><strong>et</strong></span> <span class='ocrx_word' id='word_1_162' title='bbox 470 1004 609 1032; x_wconf 89' lang='lat' dir='ltr'><strong>adulteros</strong></span> <span class='ocrx_word' id='word_1_163' title='bbox 621 1006 649 1030; x_wconf 89' lang='lat' dir='ltr'><strong>et</strong></span> <span class='ocrx_word' id='word_1_164' title='bbox 660 1000 821 1033; x_wconf 88' lang='lat' dir='ltr'><strong>homicidas,</strong></span> <span class='ocrx_word' id='word_1_165' title='bbox 837 1000 899 1034; x_wconf 88' lang='lat' dir='ltr'><strong>quis</strong></span> <span class='ocrx_word' id='word_1_166' title='bbox 915 999 966 1026; x_wconf 90' lang='lat' dir='ltr'><strong>erit</strong></span> <span class='ocrx_word' id='word_1_167' title='bbox 974 999 1066 1034; x_wconf 86' lang='lat' dir='ltr'><strong>justus</strong></span> 
     </span>
    </p>
   </div>
   <div class='ocr_carea' id='block_1_23' title="bbox 279 1044 1068 1087">
    <p class='ocr_par' dir='ltr' id='par_1_23' title="bbox 279 1044 1068 1087">
     <span class='ocr_line' id='line_1_23' title="bbox 279 1044 1068 1087; baseline -0.01 -9"><span class='ocrx_word' id='word_1_168' title='bbox 279 1051 380 1087; x_wconf 80' lang='lat' dir='ltr'><strong>judex?</strong></span> <span class='ocrx_word' id='word_1_169' title='bbox 394 1050 423 1077; x_wconf 90' lang='lat' dir='ltr'><strong>Si</strong></span> <span class='ocrx_word' id='word_1_170' title='bbox 438 1057 500 1077; x_wconf 85' lang='lat' dir='ltr'><strong>eum</strong></span> <span class='ocrx_word' id='word_1_171' title='bbox 513 1048 638 1085; x_wconf 68' lang='lat' dir='ltr'><strong>pmnitet,</strong></span> <span class='ocrx_word' id='word_1_172' title='bbox 654 1046 717 1082; x_wconf 89' lang='lat' dir='ltr'><strong>quis</strong></span> <span class='ocrx_word' id='word_1_173' title='bbox 737 1051 779 1087; x_wconf 82' lang='lat' dir='ltr'><strong>est</strong></span> <span class='ocrx_word' id='word_1_174' title='bbox 790 1044 937 1072; x_wconf 84' lang='lat' dir='ltr'><strong>constans?</strong></span> <span class='ocrx_word' id='word_1_175' title='bbox 948 1044 977 1072; x_wconf 89' lang='lat' dir='ltr'><strong>Si</strong></span> <span class='ocrx_word' id='word_1_176' title='bbox 991 1044 1068 1071; x_wconf 87' lang='lat' dir='ltr'><strong>deni-</strong></span> 
     </span>
    </p>
   </div>
   <div class='ocr_carea' id='block_1_24' title="bbox 281 1085 929 1132">
    <p class='ocr_par' dir='ltr' id='par_1_24' title="bbox 281 1085 929 1132">
     <span class='ocr_line' id='line_1_24' title="bbox 281 1085 929 1132; baseline -0.011 -8"><span class='ocrx_word' id='word_1_177' title='bbox 281 1085 335 1132; x_wconf 74' lang='lat' dir='ltr'><strong>que</strong></span> <span class='ocrx_word' id='word_1_178' title='bbox 350 1096 436 1124; x_wconf 86' lang='lat' dir='ltr'><strong>malos</strong></span> <span class='ocrx_word' id='word_1_179' title='bbox 449 1095 534 1131; x_wconf 76' lang='lat' dir='ltr'><strong>eligit,</strong></span> <span class='ocrx_word' id='word_1_180' title='bbox 549 1094 676 1129; x_wconf 89' lang='lat' dir='ltr'><strong>quisnam</strong></span> <span class='ocrx_word' id='word_1_181' title='bbox 693 1085 810 1120; x_wconf 83' lang='lat' dir='ltr'><strong>admittit</strong></span> <span class='ocrx_word' id='word_1_182' title='bbox 822 1090 929 1118; x_wconf 70' lang='lat' dir='ltr'><strong>bonos?</strong></span> 
     </span>
    </p>
   </div>
   <div class='ocr_carea' id='block_1_25' title="bbox 319 1215 1069 1259">
    <p class='ocr_par' dir='ltr' id='par_1_25' title="bbox 319 1215 1069 1259">
     <span class='ocr_line' id='line_1_25' title="bbox 319 1215 1069 1259; baseline -0.017 -4"><span class='ocrx_word' id='word_1_183' title='bbox 319 1227 400 1255; x_wconf 71' lang='lat' dir='ltr'><strong>XLV.</strong></span> <span class='ocrx_word' id='word_1_184' title='bbox 417 1225 585 1259; x_wconf 86' lang='lat' dir='ltr'><strong>Quocirca,o</strong></span> <span class='ocrx_word' id='word_1_185' title='bbox 600 1222 638 1250; x_wconf 93' lang='lat' dir='ltr'><strong>ﬁli</strong></span> <span class='ocrx_word' id='word_1_186' title='bbox 648 1221 786 1253; x_wconf 85' lang='lat' dir='ltr'><strong>Clemens,</strong></span> <span class='ocrx_word' id='word_1_187' title='bbox 797 1218 890 1246; x_wconf 87' lang='lat' dir='ltr'><strong>inhibe</strong></span> <span class='ocrx_word' id='word_1_188' title='bbox 904 1221 940 1250; x_wconf 89' lang='lat' dir='ltr'><strong>te,</strong></span> <span class='ocrx_word' id='word_1_189' title='bbox 949 1223 984 1244; x_wconf 86' lang='lat' dir='ltr'><strong>ne</strong></span> <span class='ocrx_word' id='word_1_190' title='bbox 995 1215 1069 1243; x_wconf 86' lang='lat' dir='ltr'><strong>aliud</strong></span> 
     </span>
    </p>
   </div>
   <div class='ocr_carea' id='block_1_26' title="bbox 282 1263 1070 1305">
    <p class='ocr_par' dir='ltr' id='par_1_26' title="bbox 282 1263 1070 1305">
     <span class='ocr_line' id='line_1_26' title="bbox 282 1263 1070 1305; baseline -0.016 -3"><span class='ocrx_word' id='word_1_191' title='bbox 282 1276 316 1302; x_wconf 89' lang='lat' dir='ltr'><strong>de</strong></span> <span class='ocrx_word' id='word_1_192' title='bbox 331 1273 386 1300; x_wconf 89' lang='lat' dir='ltr'><strong>Deo</strong></span> <span class='ocrx_word' id='word_1_193' title='bbox 399 1272 513 1303; x_wconf 83' lang='lat' dir='ltr'><strong>sentias.</strong></span> <span class='ocrx_word' id='word_1_194' title='bbox 527 1277 611 1305; x_wconf 88' lang='lat' dir='ltr'><strong>quam</strong></span> <span class='ocrx_word' id='word_1_195' title='bbox 640 1267 713 1303; x_wconf 90' lang='lat' dir='ltr'><strong>quod</strong></span> <span class='ocrx_word' id='word_1_196' title='bbox 725 1267 784 1302; x_wconf 87' lang='lat' dir='ltr'><strong>ipse</strong></span> <span class='ocrx_word' id='word_1_197' title='bbox 805 1265 881 1293; x_wconf 87' lang='lat' dir='ltr'><strong>solus</strong></span> <span class='ocrx_word' id='word_1_198' title='bbox 902 1263 939 1291; x_wconf 81' lang='lat' dir='ltr'><strong>sit</strong></span> <span class='ocrx_word' id='word_1_199' title='bbox 957 1263 1029 1291; x_wconf 85' lang='lat' dir='ltr'><strong>Deus</strong></span> <span class='ocrx_word' id='word_1_200' title='bbox 1042 1267 1070 1290; x_wconf 84' lang='lat' dir='ltr'><strong>et</strong></span> 
     </span>
    </p>
   </div>
   <div class='ocr_carea' id='block_1_27' title="bbox 284 1310 1069 1352">
    <p class='ocr_par' dir='ltr' id='par_1_27' title="bbox 284 1310 1069 1352">
     <span class='ocr_line' id='line_1_27' title="bbox 284 1310 1069 1352; baseline -0.017 -4"><span class='ocrx_word' id='word_1_201' title='bbox 284 1320 418 1348; x_wconf 85' lang='lat' dir='ltr'><strong>Dominus</strong></span> <span class='ocrx_word' id='word_1_202' title='bbox 434 1323 462 1345; x_wconf 84' lang='lat' dir='ltr'><strong>et</strong></span> <span class='ocrx_word' id='word_1_203' title='bbox 475 1319 553 1352; x_wconf 90' lang='lat' dir='ltr'><strong>pater</strong></span> <span class='ocrx_word' id='word_1_204' title='bbox 567 1315 657 1343; x_wconf 90' lang='lat' dir='ltr'><strong>bonus</strong></span> <span class='ocrx_word' id='word_1_205' title='bbox 670 1321 704 1341; x_wconf 89' lang='lat' dir='ltr'><strong>ac</strong></span> <span class='ocrx_word' id='word_1_206' title='bbox 717 1313 809 1348; x_wconf 86' lang='lat' dir='ltr'><strong>justus</strong></span> <span class='ocrx_word' id='word_1_207' title='bbox 821 1314 940 1344; x_wconf 86' lang='lat' dir='ltr'><strong>creator,</strong></span> <span class='ocrx_word' id='word_1_208' title='bbox 951 1310 1069 1345; x_wconf 83' lang='lat' dir='ltr'><strong>patiens,</strong></span> 
     </span>
    </p>
   </div>
   <div class='ocr_carea' id='block_1_28' title="bbox 283 1355 1071 1397">
    <p class='ocr_par' dir='ltr' id='par_1_28' title="bbox 283 1355 1071 1397">
     <span class='ocr_line' id='line_1_28' title="bbox 283 1355 1071 1397; baseline -0.015 -3"><span class='ocrx_word' id='word_1_209' title='bbox 283 1366 452 1397; x_wconf 87' lang='lat' dir='ltr'><strong>misericors,</strong></span> <span class='ocrx_word' id='word_1_210' title='bbox 463 1363 593 1395; x_wconf 88' lang='lat' dir='ltr'><strong>nutritor,</strong></span> <span class='ocrx_word' id='word_1_211' title='bbox 609 1360 759 1393; x_wconf 80' lang='lat' dir='ltr'><strong>beneﬁcus,</strong></span> <span class='ocrx_word' id='word_1_212' title='bbox 770 1357 949 1386; x_wconf 87' lang='lat' dir='ltr'><strong>humanitatis</strong></span> <span class='ocrx_word' id='word_1_213' title='bbox 961 1355 1071 1390; x_wconf 69' lang='lat' dir='ltr'><strong>legisla—</strong></span> 
     </span>
    </p>
   </div>
   <div class='ocr_carea' id='block_1_29' title="bbox 277 1402 1070 1447">
    <p class='ocr_par' dir='ltr' id='par_1_29' title="bbox 277 1402 1070 1447">
     <span class='ocr_line' id='line_1_29' title="bbox 277 1402 1070 1447; baseline -0.016 -6"><span class='ocrx_word' id='word_1_214' title='bbox 277 1419 337 1447; x_wconf 83' lang='lat' dir='ltr'><strong>-tor,</strong></span> <span class='ocrx_word' id='word_1_215' title='bbox 363 1411 497 1440; x_wconf 85' lang='lat' dir='ltr'><strong>castitatis</strong></span> <span class='ocrx_word' id='word_1_216' title='bbox 529 1408 722 1440; x_wconf 88' lang='lat' dir='ltr'><strong>consiliarius,</strong></span> <span class='ocrx_word' id='word_1_217' title='bbox 749 1411 884 1438; x_wconf 61' lang='lat' dir='ltr'><strong>aeternus,</strong></span> <span class='ocrx_word' id='word_1_218' title='bbox 907 1402 1070 1432; x_wconf 60' lang='lat' dir='ltr'><strong>aeternitatis</strong></span> 
     </span>
    </p>
   </div>
   <div class='ocr_carea' id='block_1_30' title="bbox 284 1449 1069 1492">
    <p class='ocr_par' dir='ltr' id='par_1_30' title="bbox 284 1449 1069 1492">
     <span class='ocr_line' id='line_1_30' title="bbox 284 1449 1069 1492; baseline -0.015 -5"><span class='ocrx_word' id='word_1_219' title='bbox 284 1465 390 1492; x_wconf 82' lang='lat' dir='ltr'><strong>auctor,</strong></span> <span class='ocrx_word' id='word_1_220' title='bbox 418 1455 652 1491; x_wconf 85' lang='lat' dir='ltr'><strong>iucomparabilis,</strong></span> <span class='ocrx_word' id='word_1_221' title='bbox 667 1454 695 1481; x_wconf 92' lang='lat' dir='ltr'><strong>in</strong></span> <span class='ocrx_word' id='word_1_222' title='bbox 711 1453 846 1481; x_wconf 92' lang='lat' dir='ltr'><strong>bonorum</strong></span> <span class='ocrx_word' id='word_1_223' title='bbox 863 1451 963 1479; x_wconf 83' lang='lat' dir='ltr'><strong>animis</strong></span> <span class='ocrx_word' id='word_1_224' title='bbox 989 1449 1069 1477; x_wconf 72' lang='lat' dir='ltr'><strong>habi-</strong></span> 
     </span>
    </p>
   </div>
   <div class='ocr_carea' id='block_1_31' title="bbox 278 1497 1071 1540">
    <p class='ocr_par' dir='ltr' id='par_1_31' title="bbox 278 1497 1071 1540">
     <span class='ocr_line' id='line_1_31' title="bbox 278 1497 1071 1540; baseline -0.016 -5"><span class='ocrx_word' id='word_1_225' title='bbox 278 1512 357 1538; x_wconf 76' lang='lat' dir='ltr'><strong>‘tans,</strong></span> <span class='ocrx_word' id='word_1_226' title='bbox 374 1506 557 1540; x_wconf 88' lang='lat' dir='ltr'><strong>imperceptus</strong></span> <span class='ocrx_word' id='word_1_227' title='bbox 567 1507 594 1530; x_wconf 89' lang='lat' dir='ltr'><strong>et</strong></span> <span class='ocrx_word' id='word_1_228' title='bbox 609 1505 763 1537; x_wconf 85' lang='lat' dir='ltr'><strong>perceptus,</strong></span> <span class='ocrx_word' id='word_1_229' title='bbox 776 1499 823 1534; x_wconf 90' lang='lat' dir='ltr'><strong>qui</strong></span> <span class='ocrx_word' id='word_1_230' title='bbox 839 1498 867 1526; x_wconf 91' lang='lat' dir='ltr'><strong>in</strong></span> <span class='ocrx_word' id='word_1_231' title='bbox 889 1497 993 1524; x_wconf 84' lang='lat' dir='ltr'><strong>inﬁnito</strong></span> <span class='ocrx_word' id='word_1_232' title='bbox 1011 1502 1071 1523; x_wconf 65' lang='lat' dir='ltr'><strong>mav</strong></span> 
     </span>
    </p>
   </div>
   <div class='ocr_carea' id='block_1_32' title="bbox 285 1543 1070 1588">
    <p class='ocr_par' dir='ltr' id='par_1_32' title="bbox 285 1543 1070 1588">
     <span class='ocr_line' id='line_1_32' title="bbox 285 1543 1070 1588; baseline -0.015 -8"><span class='ocrx_word' id='word_1_233' title='bbox 285 1560 368 1588; x_wconf 70' lang='lat' dir='ltr'><strong>gnum</strong></span> <span class='ocrx_word' id='word_1_234' title='bbox 381 1558 468 1579; x_wconf 84' lang='lat' dir='ltr'><strong>aevum</strong></span> <span class='ocrx_word' id='word_1_235' title='bbox 483 1555 612 1584; x_wconf 84' lang='lat' dir='ltr'><strong>tauquam</strong></span> <span class='ocrx_word' id='word_1_236' title='bbox 623 1551 747 1575; x_wconf 85' lang='lat' dir='ltr'><strong>centrum</strong></span> <span class='ocrx_word' id='word_1_237' title='bbox 763 1546 830 1577; x_wconf 85' lang='lat' dir='ltr'><strong>Iixit,</strong></span> <span class='ocrx_word' id='word_1_238' title='bbox 847 1544 894 1579; x_wconf 91' lang='lat' dir='ltr'><strong>qui</strong></span> <span class='ocrx_word' id='word_1_239' title='bbox 909 1543 1009 1571; x_wconf 63' lang='lat' dir='ltr'><strong>caelum</strong></span> <span class='ocrx_word' id='word_1_240' title='bbox 1022 1549 1070 1568; x_wconf 78' lang='lat' dir='ltr'><strong>ex-</strong></span> 
     </span>
    </p>
   </div>
   <div class='ocr_carea' id='block_1_33' title="bbox 283 1588 1069 1634">
    <p class='ocr_par' dir='ltr' id='par_1_33' title="bbox 283 1588 1069 1634">
     <span class='ocr_line' id='line_1_33' title="bbox 283 1588 1069 1634; baseline -0.017 -7"><span class='ocrx_word' id='word_1_241' title='bbox 283 1599 380 1634; x_wconf 85' lang='lat' dir='ltr'><strong>pandit</strong></span> <span class='ocrx_word' id='word_1_242' title='bbox 390 1602 417 1625; x_wconf 86' lang='lat' dir='ltr'><strong>et</strong></span> <span class='ocrx_word' id='word_1_243' title='bbox 430 1601 531 1624; x_wconf 90' lang='lat' dir='ltr'><strong>terram</strong></span> <span class='ocrx_word' id='word_1_244' title='bbox 545 1593 691 1628; x_wconf 74' lang='lat' dir='ltr'><strong>compegit,</strong></span> <span class='ocrx_word' id='word_1_245' title='bbox 705 1599 804 1627; x_wconf 83' lang='lat' dir='ltr'><strong>aquam</strong></span> <span class='ocrx_word' id='word_1_246' title='bbox 818 1588 980 1621; x_wconf 88' lang='lat' dir='ltr'><strong>recondidit,</strong></span> <span class='ocrx_word' id='word_1_247' title='bbox 995 1591 1069 1615; x_wconf 80' lang='lat' dir='ltr'><strong>astra</strong></span> 
     </span>
    </p>
   </div>
   <div class='ocr_carea' id='block_1_34' title="bbox 286 1633 1069 1677">
    <p class='ocr_par' dir='ltr' id='par_1_34' title="bbox 286 1633 1069 1677">
     <span class='ocr_line' id='line_1_34' title="bbox 286 1633 1069 1677; baseline -0.015 -5"><span class='ocrx_word' id='word_1_248' title='bbox 286 1633 314 1672; x_wconf 84' lang='lat' dir='ltr'><strong>in</strong></span> <span class='ocrx_word' id='word_1_249' title='bbox 338 1644 408 1671; x_wconf 59' lang='lat' dir='ltr'><strong>caelo</strong></span> <span class='ocrx_word' id='word_1_250' title='bbox 434 1641 580 1677; x_wconf 84' lang='lat' dir='ltr'><strong>disposuit,</strong></span> <span class='ocrx_word' id='word_1_251' title='bbox 611 1644 712 1667; x_wconf 87' lang='lat' dir='ltr'><strong>terram</strong></span> <span class='ocrx_word' id='word_1_252' title='bbox 728 1637 791 1665; x_wconf 79' lang='lat' dir='ltr'><strong>fecit</strong></span> <span class='ocrx_word' id='word_1_253' title='bbox 808 1640 913 1664; x_wconf 87' lang='lat' dir='ltr'><strong>scatere</strong></span> <span class='ocrx_word' id='word_1_254' title='bbox 936 1633 1069 1665; x_wconf 80' lang='lat' dir='ltr'><strong>fontibus,</strong></span> 
     </span>
    </p>
   </div>
   <div class='ocr_carea' id='block_1_35' title="bbox 286 1679 1070 1723">
    <p class='ocr_par' dir='ltr' id='par_1_35' title="bbox 286 1679 1070 1723">
     <span class='ocr_line' id='line_1_35' title="bbox 286 1679 1070 1723; baseline -0.015 -5"><span class='ocrx_word' id='word_1_255' title='bbox 286 1692 393 1718; x_wconf 83' lang='lat' dir='ltr'><strong>fructus</strong></span> <span class='ocrx_word' id='word_1_256' title='bbox 415 1687 555 1723; x_wconf 76' lang='lat' dir='ltr'><strong>produxit,</strong></span> <span class='ocrx_word' id='word_1_257' title='bbox 573 1689 681 1713; x_wconf 88' lang='lat' dir='ltr'><strong>montes</strong></span> <span class='ocrx_word' id='word_1_258' title='bbox 708 1684 735 1712; x_wconf 89' lang='lat' dir='ltr'><strong>in</strong></span> <span class='ocrx_word' id='word_1_259' title='bbox 753 1684 839 1711; x_wconf 90' lang='lat' dir='ltr'><strong>altum</strong></span> <span class='ocrx_word' id='word_1_260' title='bbox 860 1681 982 1713; x_wconf 91' lang='lat' dir='ltr'><strong>sustulit,</strong></span> <span class='ocrx_word' id='word_1_261' title='bbox 1002 1679 1070 1707; x_wconf 86' lang='lat' dir='ltr'><strong>mari</strong></span> 
     </span>
    </p>
   </div>
   <div class='ocr_carea' id='block_1_36' title="bbox 287 1724 1072 1766">
    <p class='ocr_par' dir='ltr' id='par_1_36' title="bbox 287 1724 1072 1766">
     <span class='ocr_line' id='line_1_36' title="bbox 287 1724 1072 1766; baseline -0.018 -2"><span class='ocrx_word' id='word_1_262' title='bbox 287 1737 419 1764; x_wconf 90' lang='lat' dir='ltr'><strong>terminos</strong></span> <span class='ocrx_word' id='word_1_263' title='bbox 441 1734 526 1766; x_wconf 84' lang='lat' dir='ltr'><strong>dedit,</strong></span> <span class='ocrx_word' id='word_1_264' title='bbox 541 1736 637 1760; x_wconf 85' lang='lat' dir='ltr'><strong>ventos</strong></span> <span class='ocrx_word' id='word_1_265' title='bbox 650 1739 684 1759; x_wconf 87' lang='lat' dir='ltr'><strong>ac</strong></span> <span class='ocrx_word' id='word_1_266' title='bbox 707 1730 788 1757; x_wconf 87' lang='lat' dir='ltr'><strong>ﬁatus</strong></span> <span class='ocrx_word' id='word_1_267' title='bbox 801 1727 954 1758; x_wconf 83' lang='lat' dir='ltr'><strong>ordinavit;</strong></span> <span class='ocrx_word' id='word_1_268' title='bbox 969 1724 1072 1760; x_wconf 88' lang='lat' dir='ltr'><strong>quique</strong></span> 
     </span>
    </p>
   </div>
   <div class='ocr_carea' id='block_1_37' title="bbox 284 1771 1072 1817">
    <p class='ocr_par' dir='ltr' id='par_1_37' title="bbox 284 1771 1072 1817">
     <span class='ocr_line' id='line_1_37' title="bbox 284 1771 1072 1817; baseline -0.016 -7"><span class='ocrx_word' id='word_1_269' title='bbox 284 1781 396 1817; x_wconf 88' lang='lat' dir='ltr'><strong>corpori</strong></span> <span class='ocrx_word' id='word_1_270' title='bbox 409 1779 540 1808; x_wconf 88' lang='lat' dir='ltr'><strong>ambienti</strong></span> <span class='ocrx_word' id='word_1_271' title='bbox 557 1779 585 1806; x_wconf 90' lang='lat' dir='ltr'><strong>in</strong></span> <span class='ocrx_word' id='word_1_272' title='bbox 598 1778 731 1806; x_wconf 84' lang='lat' dir='ltr'><strong>immenso</strong></span> <span class='ocrx_word' id='word_1_273' title='bbox 754 1775 860 1811; x_wconf 67' lang='lat' dir='ltr'><strong>pelago,</strong></span> <span class='ocrx_word' id='word_1_274' title='bbox 876 1780 926 1808; x_wconf 88' lang='lat' dir='ltr'><strong>per</strong></span> <span class='ocrx_word' id='word_1_275' title='bbox 945 1771 1072 1807; x_wconf 85' lang='lat' dir='ltr'><strong>spiritum</strong></span> 
     </span>
    </p>
   </div>
   <div class='ocr_carea' id='block_1_38' title="bbox 282 1823 902 1860">
    <p class='ocr_par' dir='ltr' id='par_1_38' title="bbox 282 1823 902 1860">
     <span class='ocr_line' id='line_1_38' title="bbox 282 1823 902 1860; baseline -0.019 -2"><span class='ocrx_word' id='word_1_276' title='bbox 282 1829 394 1858; x_wconf 64' lang='lat' dir='ltr'><strong>consilii</strong></span> <span class='ocrx_word' id='word_1_277' title='bbox 406 1828 460 1860; x_wconf 83' lang='lat' dir='ltr'><strong>sui,</strong></span> <span class='ocrx_word' id='word_1_278' title='bbox 473 1826 646 1854; x_wconf 79' lang='lat' dir='ltr'><strong>securitatem</strong></span> <span class='ocrx_word' id='word_1_279' title='bbox 666 1823 771 1853; x_wconf 87' lang='lat' dir='ltr'><strong>tribuit.</strong></span> <span class='ocrx_word' id='word_1_280' title='bbox 899 1850 902 1851; x_wconf 26' lang='grc' dir='ltr'><em>ν</em></span> 
     </span>
    </p>
   </div>
   <div class='ocr_carea' id='block_1_39' title="bbox 324 1863 1073 1906">
    <p class='ocr_par' dir='ltr' id='par_1_39' title="bbox 324 1863 1073 1906">
     <span class='ocr_line' id='line_1_39' title="bbox 324 1863 1073 1906; baseline -0.017 -3"><span class='ocrx_word' id='word_1_281' title='bbox 324 1872 416 1903; x_wconf 70' lang='lat' dir='ltr'><strong>XLVI.</strong></span> <span class='ocrx_word' id='word_1_282' title='bbox 434 1873 484 1901; x_wconf 93' lang='lat' dir='ltr'><strong>llic</strong></span> <span class='ocrx_word' id='word_1_283' title='bbox 508 1877 603 1900; x_wconf 90' lang='lat' dir='ltr'><strong>noster</strong></span> <span class='ocrx_word' id='word_1_284' title='bbox 614 1870 698 1906; x_wconf 75' lang='lat' dir='ltr'><strong>iudex</strong></span> <span class='ocrx_word' id='word_1_285' title='bbox 713 1873 765 1902; x_wconf 90' lang='lat' dir='ltr'><strong>est,</strong></span> <span class='ocrx_word' id='word_1_286' title='bbox 786 1868 815 1895; x_wconf 92' lang='lat' dir='ltr'><strong>in</strong></span> <span class='ocrx_word' id='word_1_287' title='bbox 844 1873 924 1901; x_wconf 88' lang='lat' dir='ltr'><strong>quem</strong></span> <span class='ocrx_word' id='word_1_288' title='bbox 941 1863 1073 1892; x_wconf 89' lang='lat' dir='ltr'><strong>intuendo</strong></span> 
     </span>
    </p>
   </div>
   <div class='ocr_carea' id='block_1_40' title="bbox 287 1911 1074 1958">
    <p class='ocr_par' dir='ltr' id='par_1_40' title="bbox 287 1911 1074 1958">
     <span class='ocr_line' id='line_1_40' title="bbox 287 1911 1074 1958; baseline -0.019 -8"><span class='ocrx_word' id='word_1_289' title='bbox 287 1926 395 1958; x_wconf 89' lang='lat' dir='ltr'><strong>oportet</strong></span> <span class='ocrx_word' id='word_1_290' title='bbox 426 1920 533 1948; x_wconf 87' lang='lat' dir='ltr'><strong>animas</strong></span> <span class='ocrx_word' id='word_1_291' title='bbox 553 1921 661 1945; x_wconf 87' lang='lat' dir='ltr'><strong>nostras</strong></span> <span class='ocrx_word' id='word_1_292' title='bbox 683 1915 839 1946; x_wconf 88' lang='lat' dir='ltr'><strong>emendare,</strong></span> <span class='ocrx_word' id='word_1_293' title='bbox 863 1911 956 1940; x_wconf 87' lang='lat' dir='ltr'><strong>omnia</strong></span> <span class='ocrx_word' id='word_1_294' title='bbox 973 1918 1021 1946; x_wconf 93' lang='lat' dir='ltr'><strong>pro</strong></span> <span class='ocrx_word' id='word_1_295' title='bbox 1041 1917 1074 1936; x_wconf 89' lang='lat' dir='ltr'><strong>eo</strong></span> 
     </span>
    </p>
   </div>
   <div class='ocr_carea' id='block_1_41' title="bbox 288 1957 1072 2003">
    <p class='ocr_par' dir='ltr' id='par_1_41' title="bbox 288 1957 1072 2003">
     <span class='ocr_line' id='line_1_41' title="bbox 288 1957 1072 2003; baseline -0.015 -8"><span class='ocrx_word' id='word_1_296' title='bbox 288 1957 418 2003; x_wconf 75' lang='lat' dir='ltr'><strong>cogitare,</strong></span> <span class='ocrx_word' id='word_1_297' title='bbox 442 1965 493 2001; x_wconf 87' lang='lat' dir='ltr'><strong>ipsi</strong></span> <span class='ocrx_word' id='word_1_298' title='bbox 508 1963 684 1995; x_wconf 85' lang='lat' dir='ltr'><strong>benedicere;</strong></span> <span class='ocrx_word' id='word_1_299' title='bbox 701 1966 782 1996; x_wconf 87' lang='lat' dir='ltr'><strong>atque</strong></span> <span class='ocrx_word' id='word_1_300' title='bbox 797 1967 846 1995; x_wconf 92' lang='lat' dir='ltr'><strong>pro</strong></span> <span class='ocrx_word' id='word_1_301' title='bbox 862 1961 938 1986; x_wconf 86' lang='lat' dir='ltr'><strong>certo</strong></span> <span class='ocrx_word' id='word_1_302' title='bbox 960 1957 1072 1988; x_wconf 87' lang='lat' dir='ltr'><strong>habere,</strong></span> 
     </span>
    </p>
   </div>
   <div class='ocr_carea' id='block_1_42' title="bbox 289 2003 1075 2048">
    <p class='ocr_par' dir='ltr' id='par_1_42' title="bbox 289 2003 1075 2048">
     <span class='ocr_line' id='line_1_42' title="bbox 289 2003 1075 2048; baseline -0.015 -7"><span class='ocrx_word' id='word_1_303' title='bbox 289 2014 362 2048; x_wconf 90' lang='lat' dir='ltr'><strong>quod</strong></span> <span class='ocrx_word' id='word_1_304' title='bbox 378 2020 427 2041; x_wconf 90' lang='lat' dir='ltr'><strong>sua</strong></span> <span class='ocrx_word' id='word_1_305' title='bbox 442 2010 570 2047; x_wconf 85' lang='lat' dir='ltr'><strong>patientia</strong></span> <span class='ocrx_word' id='word_1_306' title='bbox 583 2008 783 2044; x_wconf 85' lang='lat' dir='ltr'><strong>improbitatem</strong></span> <span class='ocrx_word' id='word_1_307' title='bbox 799 2009 961 2034; x_wconf 84' lang='lat' dir='ltr'><strong>cunctorum</strong></span> <span class='ocrx_word' id='word_1_308' title='bbox 977 2003 1004 2031; x_wconf 93' lang='lat' dir='ltr'><strong>in</strong></span> <span class='ocrx_word' id='word_1_309' title='bbox 1023 2010 1075 2037; x_wconf 85' lang='lat' dir='ltr'><strong>pu-</strong></span> 
     </span>
    </p>
   </div>
   <div class='ocr_carea' id='block_1_43' title="bbox 283 2050 1075 2087">
    <p class='ocr_par' dir='ltr' id='par_1_43' title="bbox 283 2050 1075 2087">
     <span class='ocr_line' id='line_1_43' title="bbox 283 2050 1075 2087; baseline -0.014 0"><span class='ocrx_word' id='word_1_310' title='bbox 283 2060 390 2087; x_wconf 70' lang='lat' dir='ltr'><strong>blicum</strong></span> <span class='ocrx_word' id='word_1_311' title='bbox 402 2058 540 2085; x_wconf 84' lang='lat' dir='ltr'><strong>adducens</strong></span> <span class='ocrx_word' id='word_1_312' title='bbox 551 2056 626 2084; x_wconf 81' lang='lat' dir='ltr'><strong>solus</strong></span> <span class='ocrx_word' id='word_1_313' title='bbox 638 2054 745 2082; x_wconf 81' lang='lat' dir='ltr'><strong>exsistit</strong></span> <span class='ocrx_word' id='word_1_314' title='bbox 756 2054 855 2080; x_wconf 87' lang='lat' dir='ltr'><strong>bonus.</strong></span> <span class='ocrx_word' id='word_1_315' title='bbox 876 2051 957 2086; x_wconf 86' lang='lat' dir='ltr'><strong>Isque</strong></span> <span class='ocrx_word' id='word_1_316' title='bbox 979 2051 1007 2077; x_wconf 91' lang='lat' dir='ltr'><strong>in</strong></span> <span class='ocrx_word' id='word_1_317' title='bbox 1020 2050 1075 2076; x_wconf 89' lang='lat' dir='ltr'><strong>ﬁne</strong></span> 
     </span>
    </p>
   </div>
   <div class='ocr_carea' id='block_1_44' title="bbox 263 2096 1074 2137">
    <p class='ocr_par' dir='ltr' id='par_1_44' title="bbox 263 2096 1074 2137">
     <span class='ocr_line' id='line_1_44' title="bbox 263 2096 1074 2137; baseline -0.011 -5"><span class='ocrx_word' id='word_1_318' title='bbox 263 2124 265 2126; x_wconf 58' lang='grc' dir='ltr'><strong>τ</strong></span> <span class='ocrx_word' id='word_1_319' title='bbox 286 2105 410 2132; x_wconf 68' lang='lat' dir='ltr'><strong>universi</strong></span> <span class='ocrx_word' id='word_1_320' title='bbox 427 2103 575 2137; x_wconf 87' lang='lat' dir='ltr'><strong>unicuique</strong></span> <span class='ocrx_word' id='word_1_321' title='bbox 589 2101 743 2129; x_wconf 80' lang='lat' dir='ltr'><strong>facinorum</strong></span> <span class='ocrx_word' id='word_1_322' title='bbox 760 2104 856 2127; x_wconf 83' lang='lat' dir='ltr'><strong>contra</strong></span> <span class='ocrx_word' id='word_1_323' title='bbox 877 2098 1012 2125; x_wconf 85' lang='lat' dir='ltr'><strong>rationem</strong></span> <span class='ocrx_word' id='word_1_324' title='bbox 1024 2096 1074 2123; x_wconf 89' lang='lat' dir='ltr'><strong>ad-</strong></span> 
     </span>
    </p>
   </div>
   <div class='ocr_carea' id='block_1_45' title="bbox 283 2145 827 2184">
    <p class='ocr_par' dir='ltr' id='par_1_45' title="bbox 283 2145 827 2184">
     <span class='ocr_line' id='line_1_45' title="bbox 283 2145 827 2184; baseline -0.013 -6"><span class='ocrx_word' id='word_1_325' title='bbox 283 2152 439 2178; x_wconf 79' lang='lat' dir='ltr'><strong>iuissorum</strong></span> <span class='ocrx_word' id='word_1_326' title='bbox 452 2149 543 2184; x_wconf 77' lang='lat' dir='ltr'><strong>justus</strong></span> <span class='ocrx_word' id='word_1_327' title='bbox 566 2146 722 2182; x_wconf 68' lang='lat' dir='ltr'><strong>praesidebit</strong></span> <span class='ocrx_word' id='word_1_328' title='bbox 733 2145 827 2180; x_wconf 81' lang='lat' dir='ltr'><strong>iudex.</strong></span> 
     </span>
    </p>
   </div>
   <div class='ocr_carea' id='block_1_46' title="bbox 326 2186 1076 2227">
    <p class='ocr_par' dir='ltr' id='par_1_46' title="bbox 326 2186 1076 2227">
     <span class='ocr_line' id='line_1_46' title="bbox 326 2186 1076 2227; baseline -0.009 -7"><span class='ocrx_word' id='word_1_329' title='bbox 326 2192 432 2220; x_wconf 69' lang='lat' dir='ltr'><strong>XLVII.</strong></span> <span class='ocrx_word' id='word_1_330' title='bbox 448 2191 497 2220; x_wconf 84' lang='lat' dir='ltr'><strong>His</strong></span> <span class='ocrx_word' id='word_1_331' title='bbox 510 2199 561 2227; x_wconf 74' lang='lat' dir='ltr'><strong>ego</strong></span> <span class='ocrx_word' id='word_1_332' title='bbox 571 2191 699 2218; x_wconf 85' lang='lat' dir='ltr'><strong>Clemens</strong></span> <span class='ocrx_word' id='word_1_333' title='bbox 712 2189 814 2217; x_wconf 86' lang='lat' dir='ltr'><strong>auditis</strong></span> <span class='ocrx_word' id='word_1_334' title='bbox 831 2188 909 2216; x_wconf 87' lang='lat' dir='ltr'><strong>dico:</strong></span> <span class='ocrx_word' id='word_1_335' title='bbox 924 2187 994 2215; x_wconf 82' lang='lat' dir='ltr'><strong>Vere</strong></span> <span class='ocrx_word' id='word_1_336' title='bbox 1009 2186 1076 2214; x_wconf 87' lang='lat' dir='ltr'><strong>illud</strong></span> 
     </span>
    </p>
   </div>
   <div class='ocr_carea' id='block_1_47' title="bbox 1111 253 1905 290">
    <p class='ocr_par' dir='ltr' id='par_1_47' title="bbox 1111 253 1905 290">
     <span class='ocr_line' id='line_1_47' title="bbox 1111 253 1905 290; baseline -0.013 -3"><span class='ocrx_word' id='word_1_337' title='bbox 1111 259 1181 287; x_wconf 75' lang='grc' dir='ltr'>κακὰ</span> <span class='ocrx_word' id='word_1_338' title='bbox 1194 258 1290 290; x_wconf 77' lang='grc' dir='ltr'><strong>κτίζει,</strong></span> <span class='ocrx_word' id='word_1_339' title='bbox 1303 257 1351 284; x_wconf 77' lang='grc' dir='ltr'>καὶ</span> <span class='ocrx_word' id='word_1_340' title='bbox 1364 256 1407 287; x_wconf 90' lang='grc' dir='ltr'><strong>τίς</strong></span> <span class='ocrx_word' id='word_1_341' title='bbox 1422 254 1512 289; x_wconf 85' lang='grc' dir='ltr'>ἀγαθὰ</span> <span class='ocrx_word' id='word_1_342' title='bbox 1530 254 1645 290; x_wconf 73' lang='grc' dir='ltr'>πράξεις</span> <span class='ocrx_word' id='word_1_343' title='bbox 1663 254 1694 280; x_wconf 82' lang='lat' dir='ltr'><strong>El</strong></span> <span class='ocrx_word' id='word_1_344' title='bbox 1708 253 1736 278; x_wconf 84' lang='grc' dir='ltr'><strong>δὲ</strong></span> <span class='ocrx_word' id='word_1_345' title='bbox 1753 253 1800 279; x_wconf 80' lang='grc' dir='ltr'><strong>καὶ</strong></span> <span class='ocrx_word' id='word_1_346' title='bbox 1814 253 1835 268; x_wconf 68' lang='grc'><strong>*⁷</strong></span> <span class='ocrx_word' id='word_1_347' title='bbox 1851 261 1905 278; x_wconf 84' lang='grc' dir='ltr'>κα-</span> 
     </span>
    </p>
   </div>
   <div class='ocr_carea' id='block_1_48' title="bbox 1110 301 1477 337">
    <p class='ocr_par' dir='ltr' id='par_1_48' title="bbox 1110 301 1477 337">
     <span class='ocr_line' id='line_1_48' title="bbox 1110 301 1477 337; baseline -0.014 -4"><span class='ocrx_word' id='word_1_348' title='bbox 1110 306 1146 333; x_wconf 85' lang='grc' dir='ltr'><strong>κὰ</strong></span> <span class='ocrx_word' id='word_1_349' title='bbox 1165 306 1245 336; x_wconf 83' lang='grc' dir='ltr'>ποιεῖ,</span> <span class='ocrx_word' id='word_1_350' title='bbox 1257 303 1354 335; x_wconf 78' lang='grc' dir='ltr'>καὶτίς</span> <span class='ocrx_word' id='word_1_351' title='bbox 1369 301 1477 337; x_wconf 81' lang='grc' dir='ltr'>ἀγαθά;</span> 
     </span>
    </p>
   </div>
   <div class='ocr_carea' id='block_1_49' title="bbox 1145 342 1909 382">
    <p class='ocr_par' dir='ltr' id='par_1_49' title="bbox 1145 342 1909 382">
     <span class='ocr_line' id='line_1_49' title="bbox 1145 342 1909 382; baseline -0.013 -4"><span class='ocrx_word' id='word_1_352' title='bbox 1145 350 1238 378; x_wconf 75' lang='lat' dir='ltr'><strong>XLIV.</strong></span> <span class='ocrx_word' id='word_1_353' title='bbox 1253 351 1285 377; x_wconf 79' lang='lat' dir='ltr'><strong>EI</strong></span> <span class='ocrx_word' id='word_1_354' title='bbox 1301 349 1329 376; x_wconf 80' lang='grc' dir='ltr'><strong>δὲ</strong></span> <span class='ocrx_word' id='word_1_355' title='bbox 1343 349 1375 375; x_wconf 81' lang='grc' dir='ltr'>τὸ</span> <span class='ocrx_word' id='word_1_356' title='bbox 1396 349 1458 374; x_wconf 80' lang='grc' dir='ltr'>πῖον</span> <span class='ocrx_word' id='word_1_357' title='bbox 1479 347 1541 382; x_wconf 76' lang='grc' dir='ltr'>ὅρος</span> <span class='ocrx_word' id='word_1_358' title='bbox 1556 345 1685 380; x_wconf 75' lang='grc' dir='ltr'><strong>ἐπιθυμεῖ</strong></span> <span class='ocrx_word' id='word_1_359' title='bbox 1695 364 1703 376; x_wconf 90' lang='grc'><strong>,</strong></span> <span class='ocrx_word' id='word_1_360' title='bbox 1715 344 1763 371; x_wconf 83' lang='grc' dir='ltr'>καὶ</span> <span class='ocrx_word' id='word_1_361' title='bbox 1779 343 1856 374; x_wconf 76' lang='grc' dir='ltr'>τίνος</span> <span class='ocrx_word' id='word_1_362' title='bbox 1872 342 1909 368; x_wconf 84' lang='grc' dir='ltr'>τὰ</span> 
     </span>
    </p>
   </div>
   <div class='ocr_carea' id='block_1_50' title="bbox 1111 389 1908 431">
    <p class='ocr_par' dir='ltr' id='par_1_50' title="bbox 1111 389 1908 431">
     <span class='ocr_line' id='line_1_50' title="bbox 1111 389 1908 431; baseline -0.016 -5"><span class='ocrx_word' id='word_1_363' title='bbox 1111 398 1215 430; x_wconf 85' lang='grc' dir='ltr'>πάντα;</span> <span class='ocrx_word' id='word_1_364' title='bbox 1235 397 1266 424; x_wconf 81' lang='grc' dir='ltr'><strong>Εἰ</strong></span> <span class='ocrx_word' id='word_1_365' title='bbox 1282 395 1420 431; x_wconf 78' lang='grc' dir='ltr'><strong>ψεύδεται,</strong></span> <span class='ocrx_word' id='word_1_366' title='bbox 1445 393 1493 420; x_wconf 79' lang='grc' dir='ltr'>καὶ</span> <span class='ocrx_word' id='word_1_367' title='bbox 1507 392 1550 424; x_wconf 84' lang='grc' dir='ltr'><strong>τίς</strong></span> <span class='ocrx_word' id='word_1_368' title='bbox 1560 390 1704 427; x_wconf 77' lang='grc' dir='ltr'>ἀληθεύει;</span> <span class='ocrx_word' id='word_1_369' title='bbox 1722 390 1754 430; x_wconf 63' lang='lat' dir='ltr'><strong>Ei</strong></span> <span class='ocrx_word' id='word_1_370' title='bbox 1770 389 1799 415; x_wconf 87' lang='grc' dir='ltr'>ὲν</span> <span class='ocrx_word' id='word_1_371' title='bbox 1813 389 1908 423; x_wconf 77' lang='grc' dir='ltr'>σκηνῇ</span> 
     </span>
    </p>
   </div>
   <div class='ocr_carea' id='block_1_51' title="bbox 1111 427 1911 477">
    <p class='ocr_par' dir='ltr' id='par_1_51' title="bbox 1111 427 1911 477">
     <span class='ocr_line' id='line_1_51' title="bbox 1111 427 1911 477; baseline -0.015 -5"><span class='ocrx_word' id='word_1_372' title='bbox 1111 446 1189 477; x_wconf 71' lang='grc' dir='ltr'>οἰκεῖ,</span> <span class='ocrx_word' id='word_1_373' title='bbox 1210 427 1264 470; x_wconf 36' lang='grc' dir='ltr'>’καὶ</span> <span class='ocrx_word' id='word_1_374' title='bbox 1279 427 1321 474; x_wconf 78' lang='grc' dir='ltr'><strong>τίς</strong></span> <span class='ocrx_word' id='word_1_375' title='bbox 1336 439 1540 476; x_wconf 81' lang='grc' dir='ltr'>ἀχώρητος;Εί</span> <span class='ocrx_word' id='word_1_376' title='bbox 1556 438 1585 465; x_wconf 82' lang='grc' dir='ltr'><strong>δὲ</strong></span> <span class='ocrx_word' id='word_1_377' title='bbox 1604 437 1730 473; x_wconf 76' lang='grc' dir='ltr'>ὀρέγεται</span> <span class='ocrx_word' id='word_1_378' title='bbox 1749 427 1807 471; x_wconf 67' lang='grc'><strong>⁷3</strong></span> <span class='ocrx_word' id='word_1_379' title='bbox 1827 434 1911 461; x_wconf 75' lang='grc' dir='ltr'>κνίσ-</span> 
     </span>
    </p>
   </div>
   <div class='ocr_carea' id='block_1_52' title="bbox 1113 479 1911 526">
    <p class='ocr_par' dir='ltr' id='par_1_52' title="bbox 1113 479 1911 526">
     <span class='ocr_line' id='line_1_52' title="bbox 1113 479 1911 526; baseline -0.015 -8"><span class='ocrx_word' id='word_1_380' title='bbox 1113 491 1194 526; x_wconf 80' lang='grc' dir='ltr'>σης¹³</span> <span class='ocrx_word' id='word_1_381' title='bbox 1209 489 1257 516; x_wconf 76' lang='grc' dir='ltr'>καὶ</span> <span class='ocrx_word' id='word_1_382' title='bbox 1279 487 1378 515; x_wconf 97' lang='grc' dir='ltr'>θυσιῶν</span> <span class='ocrx_word' id='word_1_383' title='bbox 1391 487 1438 513; x_wconf 80' lang='grc' dir='ltr'>καὶ</span> <span class='ocrx_word' id='word_1_384' title='bbox 1452 485 1581 521; x_wconf 86' lang='grc' dir='ltr'>Θυμάτων</span> <span class='ocrx_word' id='word_1_385' title='bbox 1601 483 1648 510; x_wconf 81' lang='grc' dir='ltr'>καὶ</span> <span class='ocrx_word' id='word_1_386' title='bbox 1668 482 1840 518; x_wconf 81' lang='grc' dir='ltr'>προχύσεων,</span> <span class='ocrx_word' id='word_1_387' title='bbox 1862 479 1911 506; x_wconf 73' lang='grc' dir='ltr'>καὶ</span> 
     </span>
    </p>
   </div>
   <div class='ocr_carea' id='block_1_53' title="bbox 1112 526 1913 571">
    <p class='ocr_par' dir='ltr' id='par_1_53' title="bbox 1112 526 1913 571">
     <span class='ocr_line' id='line_1_53' title="bbox 1112 526 1913 571; baseline -0.015 -8"><span class='ocrx_word' id='word_1_388' title='bbox 1112 537 1153 568; x_wconf 86' lang='grc' dir='ltr'><strong>τίς</strong></span> <span class='ocrx_word' id='word_1_389' title='bbox 1165 534 1318 571; x_wconf 81' lang='grc' dir='ltr'>ἀπροσδεὴς</span> <span class='ocrx_word' id='word_1_390' title='bbox 1334 533 1381 560; x_wconf 74' lang='grc' dir='ltr'>καὶ</span> <span class='ocrx_word' id='word_1_391' title='bbox 1393 532 1436 564; x_wconf 84' lang='grc' dir='ltr'><strong>τίς</strong></span> <span class='ocrx_word' id='word_1_392' title='bbox 1452 532 1529 566; x_wconf 72' lang='grc' dir='ltr'>ἅγιος</span> <span class='ocrx_word' id='word_1_393' title='bbox 1539 530 1588 557; x_wconf 75' lang='grc' dir='ltr'>καὶ</span> <span class='ocrx_word' id='word_1_394' title='bbox 1601 529 1644 561; x_wconf 88' lang='grc' dir='ltr'>τις</span> <span class='ocrx_word' id='word_1_395' title='bbox 1660 528 1782 563; x_wconf 59' lang='lat' dir='ltr'><strong>nam;</strong></span> <span class='ocrx_word' id='word_1_396' title='bbox 1797 527 1850 553; x_wconf 77' lang='grc' dir='ltr'>καὶ</span> <span class='ocrx_word' id='word_1_397' title='bbox 1868 526 1913 556; x_wconf 83' lang='grc' dir='ltr'><strong>τίς</strong></span> 
     </span>
    </p>
   </div>
   <div class='ocr_carea' id='block_1_54' title="bbox 1112 572 1913 615">
    <p class='ocr_par' dir='ltr' id='par_1_54' title="bbox 1112 572 1913 615">
     <span class='ocr_line' id='line_1_54' title="bbox 1112 572 1913 615; baseline -0.014 -6"><span class='ocrx_word' id='word_1_398' title='bbox 1112 583 1232 614; x_wconf 87' lang='grc' dir='ltr'>τέλειος;</span> <span class='ocrx_word' id='word_1_399' title='bbox 1249 581 1280 608; x_wconf 84' lang='lat' dir='ltr'><strong>EI</strong></span> <span class='ocrx_word' id='word_1_400' title='bbox 1305 580 1412 615; x_wconf 80' lang='grc' dir='ltr'><strong>λύχνοις</strong></span> <span class='ocrx_word' id='word_1_401' title='bbox 1429 579 1476 604; x_wconf 81' lang='grc' dir='ltr'>καὶ</span> <span class='ocrx_word' id='word_1_402' title='bbox 1498 576 1621 612; x_wconf 83' lang='grc' dir='ltr'>λυχνίαις</span> <span class='ocrx_word' id='word_1_403' title='bbox 1637 576 1784 611; x_wconf 75' lang='grc' dir='ltr'><strong>τέρπεται,</strong></span> <span class='ocrx_word' id='word_1_404' title='bbox 1801 573 1854 600; x_wconf 77' lang='grc' dir='ltr'><strong>καὶ</strong></span> <span class='ocrx_word' id='word_1_405' title='bbox 1869 572 1913 603; x_wconf 75' lang='grc' dir='ltr'><strong>τίς</strong></span> 
     </span>
    </p>
   </div>
   <div class='ocr_carea' id='block_1_55' title="bbox 1113 619 1914 662">
    <p class='ocr_par' dir='ltr' id='par_1_55' title="bbox 1113 619 1914 662">
     <span class='ocr_line' id='line_1_55' title="bbox 1113 619 1914 662; baseline -0.012 -7"><span class='ocrx_word' id='word_1_406' title='bbox 1113 629 1176 660; x_wconf 78' lang='grc' dir='ltr'>τοὺς</span> <span class='ocrx_word' id='word_1_407' title='bbox 1193 627 1338 662; x_wconf 84' lang='grc' dir='ltr'>φωστῆρας</span> <span class='ocrx_word' id='word_1_408' title='bbox 1360 624 1453 657; x_wconf 78' lang='grc' dir='ltr'><strong>ἔταξεν</strong></span> <span class='ocrx_word' id='word_1_409' title='bbox 1468 624 1496 650; x_wconf 83' lang='grc' dir='ltr'>ὲν</span> <span class='ocrx_word' id='word_1_410' title='bbox 1511 622 1636 658; x_wconf 83' lang='grc' dir='ltr'>οὖρανῷ;</span> <span class='ocrx_word' id='word_1_411' title='bbox 1655 622 1687 648; x_wconf 82' lang='grc' dir='ltr'>Εἰ</span> <span class='ocrx_word' id='word_1_412' title='bbox 1703 622 1731 647; x_wconf 81' lang='grc' dir='ltr'>ὲν</span> <span class='ocrx_word' id='word_1_413' title='bbox 1747 620 1844 655; x_wconf 81' lang='grc' dir='ltr'>γνόφῳ</span> <span class='ocrx_word' id='word_1_414' title='bbox 1862 619 1914 645; x_wconf 67' lang='grc' dir='ltr'>καὶ.</span> 
     </span>
    </p>
   </div>
   <div class='ocr_carea' id='block_1_56' title="bbox 1115 664 1913 708">
    <p class='ocr_par' dir='ltr' id='par_1_56' title="bbox 1115 664 1913 708">
     <span class='ocr_line' id='line_1_56' title="bbox 1115 664 1913 708; baseline -0.014 -7"><span class='ocrx_word' id='word_1_415' title='bbox 1115 674 1202 708; x_wconf 80' lang='grc' dir='ltr'><strong>σκότῳ</strong></span> <span class='ocrx_word' id='word_1_416' title='bbox 1224 673 1271 699; x_wconf 73' lang='grc' dir='ltr'>καὶ</span> <span class='ocrx_word' id='word_1_417' title='bbox 1284 671 1382 708; x_wconf 83' lang='grc' dir='ltr'>θυέλλῃ</span> <span class='ocrx_word' id='word_1_418' title='bbox 1399 670 1446 697; x_wconf 73' lang='grc' dir='ltr'><strong>καὶ</strong></span> <span class='ocrx_word' id='word_1_419' title='bbox 1462 668 1559 704; x_wconf 79' lang='grc' dir='ltr'>καπνῷ</span> <span class='ocrx_word' id='word_1_420' title='bbox 1573 667 1708 698; x_wconf 82' lang='grc' dir='ltr'><strong>σύνεστιν,</strong></span> <span class='ocrx_word' id='word_1_421' title='bbox 1725 665 1773 693; x_wconf 73' lang='grc' dir='ltr'>καὶ</span> <span class='ocrx_word' id='word_1_422' title='bbox 1787 665 1832 697; x_wconf 82' lang='grc' dir='ltr'><strong>τίς</strong></span> <span class='ocrx_word' id='word_1_423' title='bbox 1851 664 1913 699; x_wconf 73' lang='grc' dir='ltr'><strong>φῶς</strong></span> 
     </span>
    </p>
   </div>
   <div class='ocr_carea' id='block_1_57' title="bbox 1115 711 1914 754">
    <p class='ocr_par' dir='ltr' id='par_1_57' title="bbox 1115 711 1914 754">
     <span class='ocr_line' id='line_1_57' title="bbox 1115 711 1914 754; baseline -0.013 -8"><span class='ocrx_word' id='word_1_424' title='bbox 1115 719 1152 746; x_wconf 77' lang='grc' dir='ltr'>ὢν</span> <span class='ocrx_word' id='word_1_425' title='bbox 1169 719 1281 754; x_wconf 83' lang='grc' dir='ltr'>φωτίζει</span> <span class='ocrx_word' id='word_1_426' title='bbox 1294 718 1339 744; x_wconf 73' lang='grc' dir='ltr'>τὸν</span> <span class='ocrx_word' id='word_1_427' title='bbox 1361 717 1490 753; x_wconf 86' lang='grc' dir='ltr'>μέγιστον</span> <span class='ocrx_word' id='word_1_428' title='bbox 1508 715 1610 747; x_wconf 82' lang='grc' dir='ltr'>αίῶνα;</span> <span class='ocrx_word' id='word_1_429' title='bbox 1626 713 1659 740; x_wconf 74' lang='lat' dir='ltr'><strong>Ei</strong></span> <span class='ocrx_word' id='word_1_430' title='bbox 1682 712 1726 739; x_wconf 90' lang='grc' dir='ltr'><strong>διά</strong></span> <span class='ocrx_word' id='word_1_431' title='bbox 1746 711 1914 744; x_wconf 76' lang='grc' dir='ltr'><strong>σαλπίγγων</strong></span> 
     </span>
    </p>
   </div>
   <div class='ocr_carea' id='block_1_58' title="bbox 1116 757 1915 801">
    <p class='ocr_par' dir='ltr' id='par_1_58' title="bbox 1116 757 1915 801">
     <span class='ocr_line' id='line_1_58' title="bbox 1116 757 1915 801; baseline -0.014 -8"><span class='ocrx_word' id='word_1_432' title='bbox 1116 766 1162 793; x_wconf 67' lang='grc' dir='ltr'><strong>καὶ</strong></span> <span class='ocrx_word' id='word_1_433' title='bbox 1177 764 1341 801; x_wconf 79' lang='grc' dir='ltr'>ἀλαλαγμῶν</span> <span class='ocrx_word' id='word_1_434' title='bbox 1354 764 1377 780; x_wconf 84' lang='grc'><strong>¹⁹</strong></span> <span class='ocrx_word' id='word_1_435' title='bbox 1388 763 1436 790; x_wconf 77' lang='grc' dir='ltr'>καὶ</span> <span class='ocrx_word' id='word_1_436' title='bbox 1451 762 1561 798; x_wconf 85' lang='grc' dir='ltr'>βολίδων</span> <span class='ocrx_word' id='word_1_437' title='bbox 1569 760 1616 787; x_wconf 76' lang='grc' dir='ltr'>καὶ</span> <span class='ocrx_word' id='word_1_438' title='bbox 1631 757 1804 794; x_wconf 80' lang='grc' dir='ltr'><strong>τοξευμάτων</strong></span> <span class='ocrx_word' id='word_1_439' title='bbox 1819 765 1915 793; x_wconf 78' lang='grc' dir='ltr'>προσ-</span> 
     </span>
    </p>
   </div>
   <div class='ocr_carea' id='block_1_59' title="bbox 1116 803 1914 848">
    <p class='ocr_par' dir='ltr' id='par_1_59' title="bbox 1116 803 1914 848">
     <span class='ocr_line' id='line_1_59' title="bbox 1116 803 1914 848; baseline -0.014 -9"><span class='ocrx_word' id='word_1_440' title='bbox 1116 812 1235 848; x_wconf 86' lang='grc' dir='ltr'>έρχεται,</span> <span class='ocrx_word' id='word_1_441' title='bbox 1263 811 1310 837; x_wconf 76' lang='grc' dir='ltr'>καὶ</span> <span class='ocrx_word' id='word_1_442' title='bbox 1325 810 1366 842; x_wconf 90' lang='grc' dir='ltr'><strong>τίς</strong></span> <span class='ocrx_word' id='word_1_443' title='bbox 1381 810 1398 845; x_wconf 83' lang='grc' dir='ltr'><strong>ἡ</strong></span> <span class='ocrx_word' id='word_1_444' title='bbox 1409 809 1463 835; x_wconf 84' lang='grc' dir='ltr'><strong>τῶν</strong></span> <span class='ocrx_word' id='word_1_445' title='bbox 1476 807 1544 834; x_wconf 77' lang='grc' dir='ltr'>ὅλων</span> <span class='ocrx_word' id='word_1_446' title='bbox 1555 805 1736 842; x_wconf 79' lang='grc' dir='ltr'><strong>προσδόκιμος</strong></span> <span class='ocrx_word' id='word_1_447' title='bbox 1747 803 1876 839; x_wconf 85' lang='grc' dir='ltr'>γαλήνη;</span> <span class='ocrx_word' id='word_1_448' title='bbox 1890 804 1914 829; x_wconf 72' lang='grc' dir='ltr'>εξ</span> 
     </span>
    </p>
   </div>
   <div class='ocr_carea' id='block_1_60' title="bbox 1118 849 1916 893">
    <p class='ocr_par' dir='ltr' id='par_1_60' title="bbox 1118 849 1916 893">
     <span class='ocr_line' id='line_1_60' title="bbox 1118 849 1916 893; baseline -0.014 -8"><span class='ocrx_word' id='word_1_449' title='bbox 1118 857 1251 893; x_wconf 79' lang='grc' dir='ltr'>πολέμους</span> <span class='ocrx_word' id='word_1_450' title='bbox 1262 857 1343 888; x_wconf 79' lang='grc' dir='ltr'>αὐτὸς</span> <span class='ocrx_word' id='word_1_451' title='bbox 1353 856 1459 891; x_wconf 78' lang='grc' dir='ltr'>ἀγαπᾷ,</span> <span class='ocrx_word' id='word_1_452' title='bbox 1476 854 1525 881; x_wconf 77' lang='grc' dir='ltr'>καὶ</span> <span class='ocrx_word' id='word_1_453' title='bbox 1539 854 1582 885; x_wconf 80' lang='grc' dir='ltr'><strong>τίς</strong></span> <span class='ocrx_word' id='word_1_454' title='bbox 1595 853 1706 888; x_wconf 75' lang='grc' dir='ltr'><strong>εἰρήνην</strong></span> <span class='ocrx_word' id='word_1_455' title='bbox 1720 850 1809 883; x_wconf 87' lang='grc' dir='ltr'>θέλει;</span> <span class='ocrx_word' id='word_1_456' title='bbox 1830 850 1859 876; x_wconf 73' lang='grc' dir='ltr'>εἰ</span> <span class='ocrx_word' id='word_1_457' title='bbox 1880 849 1916 875; x_wconf 72' lang='grc' dir='ltr'><strong>τὰ</strong></span> 
     </span>
    </p>
   </div>
   <div class='ocr_carea' id='block_1_61' title="bbox 1082 889 1917 934">
    <p class='ocr_par' dir='ltr' id='par_1_61' title="bbox 1082 889 1917 934">
     <span class='ocr_line' id='line_1_61' title="bbox 1082 889 1917 934; baseline -0.01 -4"><span class='ocrx_word' id='word_1_458' title='bbox 1082 889 1103 917; x_wconf 74' lang='grc' dir='ltr'><strong>Β</strong></span> <span class='ocrx_word' id='word_1_459' title='bbox 1117 889 1191 930; x_wconf 62' lang='grc' dir='ltr'>κακά</span> <span class='ocrx_word' id='word_1_460' title='bbox 1204 903 1284 934; x_wconf 78' lang='grc' dir='ltr'>αὐτὸς</span> <span class='ocrx_word' id='word_1_461' title='bbox 1295 889 1393 934; x_wconf 82' lang='grc' dir='ltr'>κτίζει,</span> <span class='ocrx_word' id='word_1_462' title='bbox 1405 889 1452 928; x_wconf 78' lang='grc' dir='ltr'>καὶ</span> <span class='ocrx_word' id='word_1_463' title='bbox 1460 901 1501 932; x_wconf 85' lang='grc' dir='ltr'><strong>τίς</strong></span> <span class='ocrx_word' id='word_1_464' title='bbox 1517 899 1608 934; x_wconf 84' lang='grc' dir='ltr'>ἀγαθά</span> <span class='ocrx_word' id='word_1_465' title='bbox 1622 899 1801 934; x_wconf 82' lang='grc' dir='ltr'>δημιουργεῖ;</span> <span class='ocrx_word' id='word_1_466' title='bbox 1817 897 1854 923; x_wconf 81' lang='lat' dir='ltr'><strong>EI</strong></span> <span class='ocrx_word' id='word_1_467' title='bbox 1870 897 1917 923; x_wconf 74' lang='grc' dir='ltr'><strong>αὑ-</strong></span> 
     </span>
    </p>
   </div>
   <div class='ocr_carea' id='block_1_62' title="bbox 1116 943 1918 985">
    <p class='ocr_par' dir='ltr' id='par_1_62' title="bbox 1116 943 1918 985">
     <span class='ocr_line' id='line_1_62' title="bbox 1116 943 1918 985; baseline -0.01 -9"><span class='ocrx_word' id='word_1_468' title='bbox 1116 949 1162 981; x_wconf 81' lang='grc' dir='ltr'>τὸς</span> <span class='ocrx_word' id='word_1_469' title='bbox 1177 949 1307 985; x_wconf 78' lang='grc' dir='ltr'>ἄστοργος</span> <span class='ocrx_word' id='word_1_470' title='bbox 1319 949 1353 981; x_wconf 82' lang='lat'><strong>&#39;°,</strong></span> <span class='ocrx_word' id='word_1_471' title='bbox 1371 948 1418 975; x_wconf 73' lang='grc' dir='ltr'>καὶ</span> <span class='ocrx_word' id='word_1_472' title='bbox 1434 947 1476 979; x_wconf 85' lang='grc' dir='ltr'><strong>τίς</strong></span> <span class='ocrx_word' id='word_1_473' title='bbox 1493 946 1700 981; x_wconf 82' lang='grc' dir='ltr'>φιλάνθρωπος;</span> <span class='ocrx_word' id='word_1_474' title='bbox 1723 945 1756 971; x_wconf 84' lang='lat' dir='ltr'><strong>EI</strong></span> <span class='ocrx_word' id='word_1_475' title='bbox 1772 943 1861 974; x_wconf 78' lang='grc' dir='ltr'>αὐτὸς</span> <span class='ocrx_word' id='word_1_476' title='bbox 1872 951 1918 968; x_wconf 81' lang='grc' dir='ltr'>πι-</span> 
     </span>
    </p>
   </div>
   <div class='ocr_carea' id='block_1_63' title="bbox 1118 990 1917 1028">
    <p class='ocr_par' dir='ltr' id='par_1_63' title="bbox 1118 990 1917 1028">
     <span class='ocr_line' id='line_1_63' title="bbox 1118 990 1917 1028; baseline -0.011 -5"><span class='ocrx_word' id='word_1_477' title='bbox 1118 996 1180 1028; x_wconf 80' lang='grc' dir='ltr'>στὸς</span> <span class='ocrx_word' id='word_1_478' title='bbox 1195 995 1245 1022; x_wconf 76' lang='grc' dir='ltr'>οὐκ</span> <span class='ocrx_word' id='word_1_479' title='bbox 1266 995 1323 1021; x_wconf 71' lang='grc' dir='ltr'>ἔστι</span> <span class='ocrx_word' id='word_1_480' title='bbox 1344 994 1409 1028; x_wconf 77' lang='grc' dir='ltr'>περὶ</span> <span class='ocrx_word' id='word_1_481' title='bbox 1421 990 1458 1020; x_wconf 82' lang='grc' dir='ltr'>ὧν</span> <span class='ocrx_word' id='word_1_482' title='bbox 1474 993 1664 1027; x_wconf 78' lang='grc' dir='ltr'>ὑπισχνεῖται,</span> <span class='ocrx_word' id='word_1_483' title='bbox 1679 991 1727 1017; x_wconf 70' lang='grc' dir='ltr'><strong>καὶ</strong></span> <span class='ocrx_word' id='word_1_484' title='bbox 1741 990 1785 1021; x_wconf 90' lang='grc' dir='ltr'><strong>τίς</strong></span> <span class='ocrx_word' id='word_1_485' title='bbox 1799 997 1917 1015; x_wconf 83' lang='grc' dir='ltr'>πιστευ-</span> 
     </span>
    </p>
   </div>
   <div class='ocr_carea' id='block_1_64' title="bbox 1118 1035 1918 1078">
    <p class='ocr_par' dir='ltr' id='par_1_64' title="bbox 1118 1035 1918 1078">
     <span class='ocr_line' id='line_1_64' title="bbox 1118 1035 1918 1078; baseline -0.011 -9"><span class='ocrx_word' id='word_1_486' title='bbox 1118 1041 1228 1078; x_wconf 86' lang='grc' dir='ltr'>θήσεται</span> <span class='ocrx_word' id='word_1_487' title='bbox 1239 1049 1247 1074; x_wconf 88' lang='lat'><strong>;</strong></span> <span class='ocrx_word' id='word_1_488' title='bbox 1260 1041 1292 1067; x_wconf 84' lang='lat' dir='ltr'><strong>EI</strong></span> <span class='ocrx_word' id='word_1_489' title='bbox 1315 1040 1396 1072; x_wconf 80' lang='grc' dir='ltr'>αὐτὸς</span> <span class='ocrx_word' id='word_1_490' title='bbox 1413 1039 1547 1074; x_wconf 82' lang='grc' dir='ltr'>πονηροὺς</span> <span class='ocrx_word' id='word_1_491' title='bbox 1565 1038 1612 1064; x_wconf 77' lang='grc' dir='ltr'>καὶ</span> <span class='ocrx_word' id='word_1_492' title='bbox 1635 1037 1746 1073; x_wconf 74' lang='grc' dir='ltr'>μοιχοὺς</span> <span class='ocrx_word' id='word_1_493' title='bbox 1760 1035 1807 1063; x_wconf 75' lang='grc' dir='ltr'>καὶ</span> <span class='ocrx_word' id='word_1_494' title='bbox 1820 1036 1918 1071; x_wconf 80' lang='grc' dir='ltr'>φονεῖς</span> 
     </span>
    </p>
   </div>
   <div class='ocr_carea' id='block_1_65' title="bbox 1118 1082 1918 1124">
    <p class='ocr_par' dir='ltr' id='par_1_65' title="bbox 1118 1082 1918 1124">
     <span class='ocr_line' id='line_1_65' title="bbox 1118 1082 1918 1124; baseline -0.011 -9"><span class='ocrx_word' id='word_1_495' title='bbox 1118 1089 1222 1124; x_wconf 80' lang='grc' dir='ltr'>ἀγαπᾷ,</span> <span class='ocrx_word' id='word_1_496' title='bbox 1238 1088 1285 1114; x_wconf 73' lang='grc' dir='ltr'>καὶ</span> <span class='ocrx_word' id='word_1_497' title='bbox 1301 1087 1342 1118; x_wconf 84' lang='grc' dir='ltr'><strong>τίς</strong></span> <span class='ocrx_word' id='word_1_498' title='bbox 1359 1086 1434 1112; x_wconf 76' lang='grc' dir='ltr'>ἔσται</span> <span class='ocrx_word' id='word_1_499' title='bbox 1444 1082 1821 1119; x_wconf 80' lang='grc' dir='ltr'>’⁸δίκαιοςκριτής;Εἱαὺτὸς</span> <span class='ocrx_word' id='word_1_500' title='bbox 1834 1089 1918 1117; x_wconf 86' lang='grc' dir='ltr'>μετα-</span> 
     </span>
    </p>
   </div>
   <div class='ocr_carea' id='block_1_66' title="bbox 1120 1128 1917 1170">
    <p class='ocr_par' dir='ltr' id='par_1_66' title="bbox 1120 1128 1917 1170">
     <span class='ocr_line' id='line_1_66' title="bbox 1120 1128 1917 1170; baseline -0.01 -9"><span class='ocrx_word' id='word_1_501' title='bbox 1120 1135 1251 1170; x_wconf 84' lang='grc' dir='ltr'>μελεῖται,</span> <span class='ocrx_word' id='word_1_502' title='bbox 1268 1133 1314 1160; x_wconf 78' lang='grc' dir='ltr'>καὶ</span> <span class='ocrx_word' id='word_1_503' title='bbox 1331 1132 1372 1163; x_wconf 88' lang='grc' dir='ltr'><strong>τίς</strong></span> <span class='ocrx_word' id='word_1_504' title='bbox 1386 1131 1509 1166; x_wconf 54' lang='grc' dir='ltr'>βέϐαιος</span> <span class='ocrx_word' id='word_1_505' title='bbox 1535 1130 1567 1156; x_wconf 80' lang='lat' dir='ltr'><strong>Ei</strong></span> <span class='ocrx_word' id='word_1_506' title='bbox 1583 1129 1664 1161; x_wconf 80' lang='grc' dir='ltr'>αὐτὸς</span> <span class='ocrx_word' id='word_1_507' title='bbox 1683 1129 1784 1160; x_wconf 82' lang='grc' dir='ltr'>κακοὺς</span> <span class='ocrx_word' id='word_1_508' title='bbox 1796 1128 1917 1162; x_wconf 65' lang='grc' dir='ltr'>ἐκλέγεα</span> 
     </span>
    </p>
   </div>
   <div class='ocr_carea' id='block_1_67' title="bbox 1119 1176 1592 1214">
    <p class='ocr_par' dir='ltr' id='par_1_67' title="bbox 1119 1176 1592 1214">
     <span class='ocr_line' id='line_1_67' title="bbox 1119 1176 1592 1214; baseline -0.011 -7"><span class='ocrx_word' id='word_1_509' title='bbox 1119 1189 1174 1214; x_wconf 87' lang='grc' dir='ltr'>ται,</span> <span class='ocrx_word' id='word_1_510' title='bbox 1189 1180 1237 1207; x_wconf 76' lang='grc' dir='ltr'>καὶ</span> <span class='ocrx_word' id='word_1_511' title='bbox 1249 1180 1291 1210; x_wconf 89' lang='grc' dir='ltr'><strong>τίς</strong></span> <span class='ocrx_word' id='word_1_512' title='bbox 1302 1177 1422 1213; x_wconf 79' lang='grc' dir='ltr'>ἀγαθοὺς</span> <span class='ocrx_word' id='word_1_513' title='bbox 1438 1176 1592 1212; x_wconf 73' lang='grc' dir='ltr'>προσίεταις</span> 
     </span>
    </p>
   </div>
   <div class='ocr_carea' id='block_1_68' title="bbox 1154 1220 1918 1258">
    <p class='ocr_par' dir='ltr' id='par_1_68' title="bbox 1154 1220 1918 1258">
     <span class='ocr_line' id='line_1_68' title="bbox 1154 1220 1918 1258; baseline -0.009 -5"><span class='ocrx_word' id='word_1_514' title='bbox 1154 1225 1235 1253; x_wconf 77' lang='lat' dir='ltr'><strong>XLV.</strong></span> <span class='ocrx_word' id='word_1_515' title='bbox 1253 1225 1309 1257; x_wconf 80' lang='grc' dir='ltr'>Διδ,</span> <span class='ocrx_word' id='word_1_516' title='bbox 1325 1222 1348 1250; x_wconf 85' lang='grc' dir='ltr'><strong>ὦ</strong></span> <span class='ocrx_word' id='word_1_517' title='bbox 1361 1224 1457 1250; x_wconf 85' lang='grc' dir='ltr'>τέκνον</span> <span class='ocrx_word' id='word_1_518' title='bbox 1473 1223 1598 1258; x_wconf 81' lang='grc' dir='ltr'>Κλήμης,</span> <span class='ocrx_word' id='word_1_519' title='bbox 1623 1221 1715 1256; x_wconf 74' lang='grc' dir='ltr'>ἔπεχε,</span> <span class='ocrx_word' id='word_1_520' title='bbox 1735 1220 1773 1256; x_wconf 84' lang='grc' dir='ltr'>μὴ</span> <span class='ocrx_word' id='word_1_521' title='bbox 1796 1220 1868 1247; x_wconf 74' lang='grc' dir='ltr'>ἄλλο</span> <span class='ocrx_word' id='word_1_522' title='bbox 1891 1228 1918 1246; x_wconf 89' lang='grc' dir='ltr'><strong>τι</strong></span> 
     </span>
    </p>
   </div>
   <div class='ocr_carea' id='block_1_69' title="bbox 1120 1266 1918 1308">
    <p class='ocr_par' dir='ltr' id='par_1_69' title="bbox 1120 1266 1918 1308">
     <span class='ocr_line' id='line_1_69' title="bbox 1120 1266 1918 1308; baseline -0.008 -10"><span class='ocrx_word' id='word_1_523' title='bbox 1120 1273 1257 1308; x_wconf 79' lang='grc' dir='ltr'>φρονήσῃς</span> <span class='ocrx_word' id='word_1_524' title='bbox 1272 1271 1337 1306; x_wconf 67' lang='grc' dir='ltr'><strong>ἰτερῖ⁴</strong></span> <span class='ocrx_word' id='word_1_525' title='bbox 1348 1270 1395 1296; x_wconf 89' lang='grc' dir='ltr'><strong>τοῦ</strong></span> <span class='ocrx_word' id='word_1_526' title='bbox 1413 1269 1492 1300; x_wconf 83' lang='grc' dir='ltr'>Θεοῦ,</span> <span class='ocrx_word' id='word_1_527' title='bbox 1503 1268 1519 1304; x_wconf 82' lang='grc' dir='ltr'>ἢ</span> <span class='ocrx_word' id='word_1_528' title='bbox 1529 1269 1570 1294; x_wconf 81' lang='grc' dir='ltr'>ὅτι</span> <span class='ocrx_word' id='word_1_529' title='bbox 1580 1267 1661 1299; x_wconf 78' lang='grc' dir='ltr'>αὐτὸς</span> <span class='ocrx_word' id='word_1_530' title='bbox 1679 1267 1758 1302; x_wconf 76' lang='grc' dir='ltr'>μόνος</span> <span class='ocrx_word' id='word_1_531' title='bbox 1774 1266 1836 1292; x_wconf 75' lang='grc' dir='ltr'>ἐστὶ</span> <span class='ocrx_word' id='word_1_532' title='bbox 1848 1266 1918 1297; x_wconf 76' lang='grc' dir='ltr'>Θεὸς</span> 
     </span>
    </p>
   </div>
   <div class='ocr_carea' id='block_1_70' title="bbox 1121 1312 1917 1352">
    <p class='ocr_par' dir='ltr' id='par_1_70' title="bbox 1121 1312 1917 1352">
     <span class='ocr_line' id='line_1_70' title="bbox 1121 1312 1917 1352; baseline -0.01 -7"><span class='ocrx_word' id='word_1_533' title='bbox 1121 1319 1168 1345; x_wconf 75' lang='grc' dir='ltr'>καὶ</span> <span class='ocrx_word' id='word_1_534' title='bbox 1183 1317 1285 1352; x_wconf 83' lang='grc' dir='ltr'>Κύριος</span> <span class='ocrx_word' id='word_1_535' title='bbox 1295 1317 1342 1343; x_wconf 69' lang='grc' dir='ltr'>καὶ</span> <span class='ocrx_word' id='word_1_536' title='bbox 1351 1315 1441 1351; x_wconf 83' lang='grc' dir='ltr'>πατὴρ</span> <span class='ocrx_word' id='word_1_537' title='bbox 1452 1314 1553 1349; x_wconf 87' lang='grc' dir='ltr'>ἀγαθὸς</span> <span class='ocrx_word' id='word_1_538' title='bbox 1564 1314 1610 1340; x_wconf 76' lang='grc' dir='ltr'>καὶ</span> <span class='ocrx_word' id='word_1_539' title='bbox 1619 1313 1722 1344; x_wconf 83' lang='grc' dir='ltr'>δίκαιος</span> <span class='ocrx_word' id='word_1_540' title='bbox 1733 1312 1917 1348; x_wconf 82' lang='grc' dir='ltr'>δημιουργὸς,</span> 
     </span>
    </p>
   </div>
   <div class='ocr_carea' id='block_1_71' title="bbox 1122 1358 1919 1400">
    <p class='ocr_par' dir='ltr' id='par_1_71' title="bbox 1122 1358 1919 1400">
     <span class='ocr_line' id='line_1_71' title="bbox 1122 1358 1919 1400; baseline -0.009 -9"><span class='ocrx_word' id='word_1_541' title='bbox 1122 1363 1298 1400; x_wconf 84' lang='grc' dir='ltr'>μακρὸθυμος</span> <span class='ocrx_word' id='word_1_542' title='bbox 1310 1382 1317 1394; x_wconf 94' lang='grc'><strong>,</strong></span> <span class='ocrx_word' id='word_1_543' title='bbox 1333 1362 1457 1397; x_wconf 83' lang='grc' dir='ltr'>ὲλεήμων</span> <span class='ocrx_word' id='word_1_544' title='bbox 1469 1381 1477 1392; x_wconf 95' lang='grc'><strong>,</strong></span> <span class='ocrx_word' id='word_1_545' title='bbox 1500 1360 1628 1396; x_wconf 83' lang='grc' dir='ltr'>τροφεὺς,</span> <span class='ocrx_word' id='word_1_546' title='bbox 1645 1359 1802 1394; x_wconf 80' lang='grc' dir='ltr'><strong>εὐεργέτης,</strong></span> <span class='ocrx_word' id='word_1_547' title='bbox 1817 1358 1919 1393; x_wconf 83' lang='grc' dir='ltr'>φιλαν-</span> 
     </span>
    </p>
   </div>
   <div class='ocr_carea' id='block_1_72' title="bbox 1120 1404 1917 1446">
    <p class='ocr_par' dir='ltr' id='par_1_72' title="bbox 1120 1404 1917 1446">
     <span class='ocr_line' id='line_1_72' title="bbox 1120 1404 1917 1446; baseline -0.01 -9"><span class='ocrx_word' id='word_1_548' title='bbox 1120 1409 1242 1446; x_wconf 80' lang='grc' dir='ltr'>θρωπίαν</span> <span class='ocrx_word' id='word_1_549' title='bbox 1258 1407 1434 1443; x_wconf 83' lang='grc' dir='ltr'>νομιστεὺων,</span> <span class='ocrx_word' id='word_1_550' title='bbox 1451 1405 1560 1440; x_wconf 79' lang='grc' dir='ltr'>ἁγνείαν</span> <span class='ocrx_word' id='word_1_551' title='bbox 1578 1404 1779 1440; x_wconf 75' lang='grc' dir='ltr'>συμϐουλεύων,</span> <span class='ocrx_word' id='word_1_552' title='bbox 1792 1404 1917 1435; x_wconf 76' lang='grc' dir='ltr'>αἰώνιος,</span> 
     </span>
    </p>
   </div>
   <div class='ocr_carea' id='block_1_73' title="bbox 1121 1449 1918 1488">
    <p class='ocr_par' dir='ltr' id='par_1_73' title="bbox 1121 1449 1918 1488">
     <span class='ocr_line' id='line_1_73' title="bbox 1121 1449 1918 1488; baseline -0.008 -6"><span class='ocrx_word' id='word_1_553' title='bbox 1121 1454 1246 1486; x_wconf 73' lang='grc' dir='ltr'>αἰωνίους</span> <span class='ocrx_word' id='word_1_554' title='bbox 1262 1453 1356 1485; x_wconf 85' lang='grc' dir='ltr'>ποιῶν,</span> <span class='ocrx_word' id='word_1_555' title='bbox 1371 1452 1546 1488; x_wconf 83' lang='grc' dir='ltr'>ἀσύγκριτος,</span> <span class='ocrx_word' id='word_1_556' title='bbox 1557 1452 1616 1482; x_wconf 90' lang='grc' dir='ltr'>ταῖς</span> <span class='ocrx_word' id='word_1_557' title='bbox 1628 1450 1682 1477; x_wconf 85' lang='grc' dir='ltr'><strong>τῶν</strong></span> <span class='ocrx_word' id='word_1_558' title='bbox 1692 1449 1801 1485; x_wconf 84' lang='grc' dir='ltr'>ἀγαθῶν</span> <span class='ocrx_word' id='word_1_559' title='bbox 1812 1450 1918 1485; x_wconf 80' lang='grc' dir='ltr'>ψυχαῖς</span> 
     </span>
    </p>
   </div>
   <div class='ocr_carea' id='block_1_74' title="bbox 1120 1495 1918 1536">
    <p class='ocr_par' dir='ltr' id='par_1_74' title="bbox 1120 1495 1918 1536">
     <span class='ocr_line' id='line_1_74' title="bbox 1120 1495 1918 1536; baseline -0.009 -8"><span class='ocrx_word' id='word_1_560' title='bbox 1120 1501 1298 1536; x_wconf 79' lang='grc' dir='ltr'>οἰκιζόμενος,</span> <span class='ocrx_word' id='word_1_561' title='bbox 1314 1498 1455 1534; x_wconf 83' lang='grc' dir='ltr'>ἀχὼρητος</span> <span class='ocrx_word' id='word_1_562' title='bbox 1465 1498 1512 1525; x_wconf 73' lang='grc' dir='ltr'>καὶ</span> <span class='ocrx_word' id='word_1_563' title='bbox 1528 1497 1711 1532; x_wconf 80' lang='grc' dir='ltr'>χωρούμενος,</span> <span class='ocrx_word' id='word_1_564' title='bbox 1730 1497 1745 1522; x_wconf 82' lang='grc' dir='ltr'><strong>ὁ</strong></span> <span class='ocrx_word' id='word_1_565' title='bbox 1758 1497 1786 1522; x_wconf 84' lang='grc' dir='ltr'><strong>έν</strong></span> <span class='ocrx_word' id='word_1_566' title='bbox 1807 1495 1918 1532; x_wconf 74' lang='grc' dir='ltr'>ἀπείρῳ</span> 
     </span>
    </p>
   </div>
   <div class='ocr_carea' id='block_1_75' title="bbox 1120 1542 1918 1582">
    <p class='ocr_par' dir='ltr' id='par_1_75' title="bbox 1120 1542 1918 1582">
     <span class='ocr_line' id='line_1_75' title="bbox 1120 1542 1918 1582; baseline -0.008 -8"><span class='ocrx_word' id='word_1_567' title='bbox 1120 1547 1167 1574; x_wconf 81' lang='grc' dir='ltr'><strong>τὸν</strong></span> <span class='ocrx_word' id='word_1_568' title='bbox 1194 1547 1279 1582; x_wconf 88' lang='grc' dir='ltr'>μέγαν</span> <span class='ocrx_word' id='word_1_569' title='bbox 1302 1545 1388 1572; x_wconf 82' lang='grc' dir='ltr'>αἰῶνα</span> <span class='ocrx_word' id='word_1_570' title='bbox 1411 1545 1452 1576; x_wconf 81' lang='grc' dir='ltr'>ὡς</span> <span class='ocrx_word' id='word_1_571' title='bbox 1476 1544 1588 1579; x_wconf 82' lang='grc' dir='ltr'>κέντρον</span> <span class='ocrx_word' id='word_1_572' title='bbox 1602 1544 1625 1559; x_wconf 85' lang='grc'>¹²</span> <span class='ocrx_word' id='word_1_573' title='bbox 1649 1542 1748 1578; x_wconf 76' lang='grc' dir='ltr'>πήξας,</span> <span class='ocrx_word' id='word_1_574' title='bbox 1774 1542 1918 1578; x_wconf 76' lang='grc' dir='ltr'>ὁοὺρανὺν</span> 
     </span>
    </p>
   </div>
   <div class='ocr_carea' id='block_1_76' title="bbox 1123 1588 1918 1628">
    <p class='ocr_par' dir='ltr' id='par_1_76' title="bbox 1123 1588 1918 1628">
     <span class='ocr_line' id='line_1_76' title="bbox 1123 1588 1918 1628; baseline -0.008 -8"><span class='ocrx_word' id='word_1_575' title='bbox 1123 1593 1287 1628; x_wconf 83' lang='grc' dir='ltr'>ὲφαπλώσας</span> <span class='ocrx_word' id='word_1_576' title='bbox 1303 1591 1351 1619; x_wconf 67' lang='grc' dir='ltr'><strong>καὶ</strong></span> <span class='ocrx_word' id='word_1_577' title='bbox 1379 1592 1430 1627; x_wconf 85' lang='grc' dir='ltr'>γῆν</span> <span class='ocrx_word' id='word_1_578' title='bbox 1447 1590 1577 1622; x_wconf 86' lang='grc' dir='ltr'>πιλώσας,</span> <span class='ocrx_word' id='word_1_579' title='bbox 1595 1589 1668 1624; x_wconf 79' lang='grc' dir='ltr'>ὕδωρ</span> <span class='ocrx_word' id='word_1_580' title='bbox 1692 1588 1847 1624; x_wconf 81' lang='grc' dir='ltr'>ταμιεύσας</span> <span class='ocrx_word' id='word_1_581' title='bbox 1859 1609 1867 1620; x_wconf 90' lang='grc'><strong>,</strong></span> <span class='ocrx_word' id='word_1_582' title='bbox 1885 1588 1918 1615; x_wconf 78' lang='grc' dir='ltr'><strong>ἇ-</strong></span> 
     </span>
    </p>
   </div>
   <div class='ocr_carea' id='block_1_77' title="bbox 1125 1634 1920 1677">
    <p class='ocr_par' dir='ltr' id='par_1_77' title="bbox 1125 1634 1920 1677">
     <span class='ocr_line' id='line_1_77' title="bbox 1125 1634 1920 1677; baseline -0.009 -10"><span class='ocrx_word' id='word_1_583' title='bbox 1125 1649 1192 1677; x_wconf 87' lang='grc' dir='ltr'>στρα</span> <span class='ocrx_word' id='word_1_584' title='bbox 1209 1641 1237 1666; x_wconf 81' lang='grc' dir='ltr'>ὲν</span> <span class='ocrx_word' id='word_1_585' title='bbox 1250 1638 1355 1674; x_wconf 83' lang='grc' dir='ltr'>οὐρανῷ</span> <span class='ocrx_word' id='word_1_586' title='bbox 1366 1637 1477 1669; x_wconf 78' lang='grc' dir='ltr'>διαθεὶς,</span> <span class='ocrx_word' id='word_1_587' title='bbox 1490 1636 1579 1672; x_wconf 85' lang='grc' dir='ltr'>πηγὰς</span> <span class='ocrx_word' id='word_1_588' title='bbox 1592 1637 1628 1670; x_wconf 80' lang='grc' dir='ltr'><strong>γῇ</strong></span> <span class='ocrx_word' id='word_1_589' title='bbox 1654 1634 1755 1671; x_wconf 82' lang='grc' dir='ltr'>βρύσας</span> <span class='ocrx_word' id='word_1_590' title='bbox 1765 1654 1772 1665; x_wconf 90' lang='grc'><strong>,</strong></span> <span class='ocrx_word' id='word_1_591' title='bbox 1791 1635 1920 1670; x_wconf 74' lang='grc' dir='ltr'>καρποὺς</span> 
     </span>
    </p>
   </div>
   <div class='ocr_carea' id='block_1_78' title="bbox 1123 1681 1921 1721">
    <p class='ocr_par' dir='ltr' id='par_1_78' title="bbox 1123 1681 1921 1721">
     <span class='ocr_line' id='line_1_78' title="bbox 1123 1681 1921 1721; baseline -0.011 -7"><span class='ocrx_word' id='word_1_592' title='bbox 1123 1687 1254 1721; x_wconf 83' lang='grc' dir='ltr'>ὲκφύσας,</span> <span class='ocrx_word' id='word_1_593' title='bbox 1266 1685 1318 1721; x_wconf 76' lang='grc' dir='ltr'>ὅρη</span> <span class='ocrx_word' id='word_1_594' title='bbox 1333 1683 1453 1718; x_wconf 81' lang='grc' dir='ltr'>ὑψώσας,</span> <span class='ocrx_word' id='word_1_595' title='bbox 1467 1683 1602 1709; x_wconf 86' lang='grc' dir='ltr'>θάλασσαν</span> <span class='ocrx_word' id='word_1_596' title='bbox 1613 1681 1781 1716; x_wconf 84' lang='grc' dir='ltr'>περιορίσας,</span> <span class='ocrx_word' id='word_1_597' title='bbox 1797 1681 1921 1716; x_wconf 79' lang='grc' dir='ltr'>ἀνέμους</span> 
     </span>
    </p>
   </div>
   <div class='ocr_carea' id='block_1_79' title="bbox 1123 1726 1921 1768">
    <p class='ocr_par' dir='ltr' id='par_1_79' title="bbox 1123 1726 1921 1768">
     <span class='ocr_line' id='line_1_79' title="bbox 1123 1726 1921 1768; baseline -0.009 -9"><span class='ocrx_word' id='word_1_598' title='bbox 1123 1741 1154 1759; x_wconf 86' lang='grc' dir='ltr'><strong>τε</strong></span> <span class='ocrx_word' id='word_1_599' title='bbox 1169 1732 1223 1768; x_wconf 67' lang='grc'><strong>74</strong></span> <span class='ocrx_word' id='word_1_600' title='bbox 1232 1732 1280 1758; x_wconf 77' lang='grc' dir='ltr'>καὶ</span> <span class='ocrx_word' id='word_1_601' title='bbox 1295 1730 1438 1765; x_wconf 86' lang='grc' dir='ltr'>πνεύματα</span> <span class='ocrx_word' id='word_1_602' title='bbox 1447 1727 1587 1761; x_wconf 75' lang='grc' dir='ltr'>διατάξας,</span> <span class='ocrx_word' id='word_1_603' title='bbox 1595 1727 1646 1754; x_wconf 81' lang='grc' dir='ltr'>ὸτὸ</span> <span class='ocrx_word' id='word_1_604' title='bbox 1655 1727 1782 1763; x_wconf 82' lang='grc' dir='ltr'>περιέχον</span> <span class='ocrx_word' id='word_1_605' title='bbox 1794 1726 1879 1763; x_wconf 81' lang='grc' dir='ltr'>σῶμα</span> <span class='ocrx_word' id='word_1_606' title='bbox 1892 1728 1921 1753; x_wconf 75' lang='grc' dir='ltr'>ὲν</span> 
     </span>
    </p>
   </div>
   <div class='ocr_carea' id='block_1_80' title="bbox 1124 1773 1917 1814">
    <p class='ocr_par' dir='ltr' id='par_1_80' title="bbox 1124 1773 1917 1814">
     <span class='ocr_line' id='line_1_80' title="bbox 1124 1773 1917 1814; baseline -0.006 -9"><span class='ocrx_word' id='word_1_607' title='bbox 1124 1778 1232 1814; x_wconf 83' lang='grc' dir='ltr'>ἀπείρῳ</span> <span class='ocrx_word' id='word_1_608' title='bbox 1244 1777 1358 1811; x_wconf 80' lang='grc' dir='ltr'>πελάγει</span> <span class='ocrx_word' id='word_1_609' title='bbox 1372 1775 1506 1811; x_wconf 88' lang='grc' dir='ltr'>πνεύματι</span> <span class='ocrx_word' id='word_1_610' title='bbox 1530 1775 1627 1810; x_wconf 83' lang='grc' dir='ltr'>βουλῆς</span> <span class='ocrx_word' id='word_1_611' title='bbox 1642 1774 1665 1790; x_wconf 77' lang='grc'><strong>’³</strong></span> <span class='ocrx_word' id='word_1_612' title='bbox 1680 1773 1917 1809; x_wconf 80' lang='grc' dir='ltr'>ἀσφαλισάμενος.</span> 
     </span>
    </p>
   </div>
   <div class='ocr_carea' id='block_1_81' title="bbox 1160 1862 1922 1901">
    <p class='ocr_par' dir='ltr' id='par_1_81' title="bbox 1160 1862 1922 1901">
     <span class='ocr_line' id='line_1_81' title="bbox 1160 1862 1922 1901; baseline -0.007 -7"><span class='ocrx_word' id='word_1_613' title='bbox 1160 1866 1252 1894; x_wconf 74' lang='lat' dir='ltr'><strong>XLVI.</strong></span> <span class='ocrx_word' id='word_1_614' title='bbox 1269 1862 1352 1897; x_wconf 76' lang='grc' dir='ltr'>Οὗτος</span> <span class='ocrx_word' id='word_1_615' title='bbox 1368 1865 1447 1901; x_wconf 79' lang='grc' dir='ltr'>ἡμῶν</span> <span class='ocrx_word' id='word_1_616' title='bbox 1460 1865 1600 1901; x_wconf 83' lang='grc' dir='ltr'>δικαστὴς,</span> <span class='ocrx_word' id='word_1_617' title='bbox 1617 1864 1656 1896; x_wconf 75' lang='grc' dir='ltr'><strong>είς</strong></span> <span class='ocrx_word' id='word_1_618' title='bbox 1669 1864 1699 1891; x_wconf 79' lang='grc' dir='ltr'>ὃν</span> <span class='ocrx_word' id='word_1_619' title='bbox 1712 1863 1922 1894; x_wconf 79' lang='grc' dir='ltr'>ἀποϐλέποντας</span> 
     </span>
    </p>
   </div>
   <div class='ocr_carea' id='block_1_82' title="bbox 1126 1910 1923 1950">
    <p class='ocr_par' dir='ltr' id='par_1_82' title="bbox 1126 1910 1923 1950">
     <span class='ocr_line' id='line_1_82' title="bbox 1126 1910 1923 1950; baseline -0.006 -10"><span class='ocrx_word' id='word_1_620' title='bbox 1126 1914 1178 1950; x_wconf 83' lang='grc' dir='ltr'>χρὴ</span> <span class='ocrx_word' id='word_1_621' title='bbox 1188 1913 1238 1945; x_wconf 86' lang='grc' dir='ltr'><strong>τὰς</strong></span> <span class='ocrx_word' id='word_1_622' title='bbox 1253 1912 1358 1940; x_wconf 80' lang='grc' dir='ltr'>ἑαυτῶν</span> <span class='ocrx_word' id='word_1_623' title='bbox 1373 1911 1521 1947; x_wconf 79' lang='grc' dir='ltr'>κατορθοῦν</span> <span class='ocrx_word' id='word_1_624' title='bbox 1534 1910 1632 1946; x_wconf 79' lang='grc' dir='ltr'>ψυχὰς,</span> <span class='ocrx_word' id='word_1_625' title='bbox 1648 1910 1735 1936; x_wconf 85' lang='grc' dir='ltr'>πάντα</span> <span class='ocrx_word' id='word_1_626' title='bbox 1746 1910 1817 1945; x_wconf 79' lang='grc' dir='ltr'>ὑπὲρ</span> <span class='ocrx_word' id='word_1_627' title='bbox 1834 1910 1862 1926; x_wconf 70' lang='grc' dir='ltr'>’δ</span> <span class='ocrx_word' id='word_1_628' title='bbox 1876 1910 1923 1936; x_wconf 78' lang='grc' dir='ltr'><strong>αὺ-</strong></span> 
     </span>
    </p>
   </div>
   <div class='ocr_carea' id='block_1_83' title="bbox 1125 1955 1923 1993">
    <p class='ocr_par' dir='ltr' id='par_1_83' title="bbox 1125 1955 1923 1993">
     <span class='ocr_line' id='line_1_83' title="bbox 1125 1955 1923 1993; baseline -0.008 -6"><span class='ocrx_word' id='word_1_629' title='bbox 1125 1961 1172 1987; x_wconf 80' lang='grc' dir='ltr'><strong>τοῦ</strong></span> <span class='ocrx_word' id='word_1_630' title='bbox 1186 1959 1325 1991; x_wconf 79' lang='grc' dir='ltr'>νοοῦντας,</span> <span class='ocrx_word' id='word_1_631' title='bbox 1342 1959 1424 1986; x_wconf 76' lang='grc' dir='ltr'>αὑτὸν</span> <span class='ocrx_word' id='word_1_632' title='bbox 1437 1957 1637 1993; x_wconf 78' lang='grc' dir='ltr'>εὐφημοῦντας,</span> <span class='ocrx_word' id='word_1_633' title='bbox 1661 1955 1868 1992; x_wconf 77' lang='grc' dir='ltr'>πεπεισμένους</span> <span class='ocrx_word' id='word_1_634' title='bbox 1882 1957 1923 1982; x_wconf 81' lang='grc' dir='ltr'>ὅτι</span> 
     </span>
    </p>
   </div>
   <div class='ocr_carea' id='block_1_84' title="bbox 1125 2003 1925 2042">
    <p class='ocr_par' dir='ltr' id='par_1_84' title="bbox 1125 2003 1925 2042">
     <span class='ocr_line' id='line_1_84' title="bbox 1125 2003 1925 2042; baseline -0.005 -10"><span class='ocrx_word' id='word_1_635' title='bbox 1125 2008 1159 2042; x_wconf 85' lang='grc' dir='ltr'><strong>τῇ</strong></span> <span class='ocrx_word' id='word_1_636' title='bbox 1177 2005 1260 2034; x_wconf 86' lang='grc' dir='ltr'>αὺτοῦ</span> <span class='ocrx_word' id='word_1_637' title='bbox 1270 2004 1447 2041; x_wconf 76' lang='grc' dir='ltr'>μακροθυμίᾳ</span> <span class='ocrx_word' id='word_1_638' title='bbox 1457 2004 1566 2031; x_wconf 83' lang='grc' dir='ltr'>πάντων</span> <span class='ocrx_word' id='word_1_639' title='bbox 1576 2004 1625 2040; x_wconf 86' lang='grc' dir='ltr'>τὴν</span> <span class='ocrx_word' id='word_1_640' title='bbox 1637 2003 1800 2039; x_wconf 77' lang='grc' dir='ltr'>προπέτειαν</span> <span class='ocrx_word' id='word_1_641' title='bbox 1816 2003 1862 2034; x_wconf 81' lang='grc' dir='ltr'><strong>εἰς</strong></span> <span class='ocrx_word' id='word_1_642' title='bbox 1873 2011 1925 2037; x_wconf 79' lang='grc' dir='ltr'>φα-</span> 
     </span>
    </p>
   </div>
   <div class='ocr_carea' id='block_1_85' title="bbox 1126 2046 1924 2088">
    <p class='ocr_par' dir='ltr' id='par_1_85' title="bbox 1126 2046 1924 2088">
     <span class='ocr_line' id='line_1_85' title="bbox 1126 2046 1924 2088; baseline -0.006 -9"><span class='ocrx_word' id='word_1_643' title='bbox 1126 2052 1204 2088; x_wconf 83' lang='grc' dir='ltr'>νερὸν</span> <span class='ocrx_word' id='word_1_644' title='bbox 1219 2053 1294 2086; x_wconf 78' lang='grc' dir='ltr'>ἄγων</span> <span class='ocrx_word' id='word_1_645' title='bbox 1311 2051 1392 2086; x_wconf 84' lang='grc' dir='ltr'>μόνος</span> <span class='ocrx_word' id='word_1_646' title='bbox 1407 2050 1508 2084; x_wconf 86' lang='grc' dir='ltr'>ἀγαθός</span> <span class='ocrx_word' id='word_1_647' title='bbox 1523 2049 1607 2075; x_wconf 79' lang='grc' dir='ltr'>ἐστιν.</span> <span class='ocrx_word' id='word_1_648' title='bbox 1621 2048 1678 2076; x_wconf 83' lang='grc' dir='ltr'><strong>Καὶ</strong></span> <span class='ocrx_word' id='word_1_649' title='bbox 1698 2046 1775 2080; x_wconf 67' lang='grc' dir='ltr'>οὗτος</span> <span class='ocrx_word' id='word_1_650' title='bbox 1789 2048 1840 2074; x_wconf 74' lang='grc' dir='ltr'><strong>ἐπὶ</strong></span> <span class='ocrx_word' id='word_1_651' title='bbox 1851 2048 1924 2075; x_wconf 87' lang='grc' dir='ltr'>τέλει</span> 
     </span>
    </p>
   </div>
   <div class='ocr_carea' id='block_1_86' title="bbox 1126 2094 1924 2132">
    <p class='ocr_par' dir='ltr' id='par_1_86' title="bbox 1126 2094 1924 2132">
     <span class='ocr_line' id='line_1_86' title="bbox 1126 2094 1924 2132; baseline -0.006 -7"><span class='ocrx_word' id='word_1_652' title='bbox 1126 2098 1173 2124; x_wconf 87' lang='grc' dir='ltr'><strong>τοῦ</strong></span> <span class='ocrx_word' id='word_1_653' title='bbox 1187 2098 1288 2129; x_wconf 82' lang='grc' dir='ltr'>παντὸς</span> <span class='ocrx_word' id='word_1_654' title='bbox 1303 2097 1410 2132; x_wconf 78' lang='grc' dir='ltr'>ἑκάστῳ</span> <span class='ocrx_word' id='word_1_655' title='bbox 1417 2096 1472 2123; x_wconf 86' lang='grc' dir='ltr'><strong>τῶν</strong></span> <span class='ocrx_word' id='word_1_656' title='bbox 1487 2094 1719 2131; x_wconf 84' lang='grc' dir='ltr'>τετολμηκότωνᾶ</span> <span class='ocrx_word' id='word_1_657' title='bbox 1734 2094 1773 2130; x_wconf 86' lang='grc' dir='ltr'>μὴ</span> <span class='ocrx_word' id='word_1_658' title='bbox 1782 2094 1873 2131; x_wconf 76' lang='grc' dir='ltr'>ἐχρῆν</span> <span class='ocrx_word' id='word_1_659' title='bbox 1886 2094 1924 2120; x_wconf 81' lang='grc' dir='ltr'><strong>δί-</strong></span> 
     </span>
    </p>
   </div>
   <div class='ocr_carea' id='block_1_87' title="bbox 1128 2141 1590 2179">
    <p class='ocr_par' dir='ltr' id='par_1_87' title="bbox 1128 2141 1590 2179">
     <span class='ocr_line' id='line_1_87' title="bbox 1128 2141 1590 2179; baseline -0.006 -9"><span class='ocrx_word' id='word_1_660' title='bbox 1128 2152 1204 2175; x_wconf 85' lang='grc' dir='ltr'>καιος</span> <span class='ocrx_word' id='word_1_661' title='bbox 1219 2143 1470 2179; x_wconf 83' lang='grc' dir='ltr'>προκαθεσθήσεται</span> <span class='ocrx_word' id='word_1_662' title='bbox 1483 2141 1590 2177; x_wconf 85' lang='grc' dir='ltr'>κριτής.</span> 
     </span>
    </p>
   </div>
   <div class='ocr_carea' id='block_1_88' title="bbox 1162 2185 1927 2223">
    <p class='ocr_par' dir='ltr' id='par_1_88' title="bbox 1162 2185 1927 2223">
     <span class='ocr_line' id='line_1_88' title="bbox 1162 2185 1927 2223; baseline -0.005 -7"><span class='ocrx_word' id='word_1_663' title='bbox 1162 2189 1266 2217; x_wconf 78' lang='lat' dir='ltr'><strong>XLVII.</strong></span> <span class='ocrx_word' id='word_1_664' title='bbox 1285 2188 1376 2215; x_wconf 89' lang='grc' dir='ltr'>Ταῦτα</span> <span class='ocrx_word' id='word_1_665' title='bbox 1390 2187 1446 2222; x_wconf 70' lang='grc' dir='ltr'><strong>ἐγὼ</strong></span> <span class='ocrx_word' id='word_1_666' title='bbox 1456 2188 1570 2223; x_wconf 85' lang='grc' dir='ltr'>Κλήμης</span> <span class='ocrx_word' id='word_1_667' title='bbox 1588 2186 1717 2218; x_wconf 81' lang='grc' dir='ltr'>ἀκούσας,</span> <span class='ocrx_word' id='word_1_668' title='bbox 1733 2185 1801 2222; x_wconf 76' lang='grc' dir='ltr'>ἔφην</span> <span class='ocrx_word' id='word_1_669' title='bbox 1812 2195 1818 2201; x_wconf 94' lang='grc'><strong>·</strong></span> <span class='ocrx_word' id='word_1_670' title='bbox 1850 2186 1927 2221; x_wconf 80' lang='grc' dir='ltr'>Ἀλη-</span> 
     </span>
    </p>
   </div>
   <div class='ocr_carea' id='block_1_89' title="bbox 286 2232 1076 2275">
    <p class='ocr_par' dir='ltr' id='par_1_89' title="bbox 286 2232 1076 2275">
     <span class='ocr_line' id='line_1_89' title="bbox 286 2232 1076 2275; baseline -0.01 -8"><span class='ocrx_word' id='word_1_671' title='bbox 286 2240 388 2275; x_wconf 78' lang='lat' dir='ltr'><strong>religio</strong></span> <span class='ocrx_word' id='word_1_672' title='bbox 403 2243 457 2272; x_wconf 88' lang='lat' dir='ltr'><strong>est,</strong></span> <span class='ocrx_word' id='word_1_673' title='bbox 470 2245 534 2265; x_wconf 81' lang='lat' dir='ltr'><strong>rere</strong></span> <span class='ocrx_word' id='word_1_674' title='bbox 548 2237 614 2264; x_wconf 86' lang='lat' dir='ltr'><strong>illud</strong></span> <span class='ocrx_word' id='word_1_675' title='bbox 629 2237 726 2271; x_wconf 85' lang='lat' dir='ltr'><strong>pietas.</strong></span> <span class='ocrx_word' id='word_1_676' title='bbox 740 2235 898 2269; x_wconf 89' lang='lat' dir='ltr'><strong>Iterumque</strong></span> <span class='ocrx_word' id='word_1_677' title='bbox 909 2233 971 2261; x_wconf 86' lang='lat' dir='ltr'><strong>aio:</strong></span> <span class='ocrx_word' id='word_1_678' title='bbox 986 2232 1076 2267; x_wconf 78' lang='lat' dir='ltr'><strong>Cupe-</strong></span> 
     </span>
    </p>
   </div>
   <div class='ocr_carea' id='block_1_90' title="bbox 1124 2232 1925 2275">
    <p class='ocr_par' dir='ltr' id='par_1_90' title="bbox 1130 2232 1925 2268">
     <span class='ocr_line' id='line_1_90' title="bbox 1130 2232 1925 2268; baseline -0.005 -6"><span class='ocrx_word' id='word_1_679' title='bbox 1130 2235 1184 2267; x_wconf 89' lang='grc' dir='ltr'><strong>θῶς</strong></span> <span class='ocrx_word' id='word_1_680' title='bbox 1194 2235 1273 2262; x_wconf 84' lang='grc' dir='ltr'>τοῦτο</span> <span class='ocrx_word' id='word_1_681' title='bbox 1286 2234 1435 2266; x_wconf 78' lang='grc' dir='ltr'>θεοσέϐεια,</span> <span class='ocrx_word' id='word_1_682' title='bbox 1443 2233 1522 2260; x_wconf 78' lang='grc' dir='ltr'>τοῦτο</span> <span class='ocrx_word' id='word_1_683' title='bbox 1534 2233 1641 2268; x_wconf 84' lang='grc' dir='ltr'>ἀληθῶς</span> <span class='ocrx_word' id='word_1_684' title='bbox 1651 2233 1675 2249; x_wconf 80' lang='grc'><strong>¹¹</strong></span> <span class='ocrx_word' id='word_1_685' title='bbox 1686 2232 1824 2260; x_wconf 75' lang='grc' dir='ltr'>εὐσέϐεια.</span> <span class='ocrx_word' id='word_1_686' title='bbox 1838 2233 1925 2261; x_wconf 77' lang='grc' dir='ltr'>Πάλιν</span> 
     </span>
    </p>
   </div>
   <div class='ocr_carea' id='block_1_91' title="bbox 286 2279 1077 2321">
    <p class='ocr_par' dir='ltr' id='par_1_91' title="bbox 286 2279 1077 2321">
     <span class='ocr_line' id='line_1_91' title="bbox 286 2279 1077 2321; baseline -0.011 -7"><span class='ocrx_word' id='word_1_687' title='bbox 286 2294 350 2314; x_wconf 77' lang='lat' dir='ltr'><strong>rem</strong></span> <span class='ocrx_word' id='word_1_688' title='bbox 364 2286 447 2321; x_wconf 82' lang='lat' dir='ltr'><strong>igitur</strong></span> <span class='ocrx_word' id='word_1_689' title='bbox 463 2284 534 2312; x_wconf 90' lang='lat' dir='ltr'><strong>scire</strong></span> <span class='ocrx_word' id='word_1_690' title='bbox 547 2304 555 2317; x_wconf 87' lang='lat'><strong>,</strong></span> <span class='ocrx_word' id='word_1_691' title='bbox 579 2286 744 2318; x_wconf 85' lang='lat' dir='ltr'><strong>quapropter</strong></span> <span class='ocrx_word' id='word_1_692' title='bbox 759 2288 792 2308; x_wconf 92' lang='lat' dir='ltr'><strong>eo</strong></span> <span class='ocrx_word' id='word_1_693' title='bbox 805 2282 886 2308; x_wconf 87' lang='lat' dir='ltr'><strong>modo</strong></span> <span class='ocrx_word' id='word_1_694' title='bbox 900 2279 996 2314; x_wconf 87' lang='lat' dir='ltr'><strong>scripti</strong></span> <span class='ocrx_word' id='word_1_695' title='bbox 1012 2282 1077 2306; x_wconf 87' lang='lat' dir='ltr'><strong>sunt</strong></span> 
     </span>
    </p>
   </div>
   <div class='ocr_carea' id='block_1_92' title="bbox 289 2325 1078 2363">
    <p class='ocr_par' dir='ltr' id='par_1_92' title="bbox 289 2325 1078 2363">
     <span class='ocr_line' id='line_1_92' title="bbox 289 2325 1078 2363; baseline -0.01 -3"><span class='ocrx_word' id='word_1_696' title='bbox 289 2332 355 2360; x_wconf 88' lang='lat' dir='ltr'><strong>libri</strong></span> <span class='ocrx_word' id='word_1_697' title='bbox 367 2332 449 2360; x_wconf 86' lang='lat' dir='ltr'><strong>sacri.</strong></span> <span class='ocrx_word' id='word_1_698' title='bbox 466 2329 574 2357; x_wconf 85' lang='lat' dir='ltr'><strong>Memini</strong></span> <span class='ocrx_word' id='word_1_699' title='bbox 589 2329 689 2363; x_wconf 83' lang='lat' dir='ltr'><strong>quippe</strong></span> <span class='ocrx_word' id='word_1_700' title='bbox 702 2331 730 2355; x_wconf 82' lang='lat' dir='ltr'><strong>te</strong></span> <span class='ocrx_word' id='word_1_701' title='bbox 748 2327 851 2354; x_wconf 79' lang='lat' dir='ltr'><strong>dixisse</strong></span> <span class='ocrx_word' id='word_1_702' title='bbox 873 2326 900 2354; x_wconf 92' lang='lat' dir='ltr'><strong>id</strong></span> <span class='ocrx_word' id='word_1_703' title='bbox 913 2325 1014 2353; x_wconf 79' lang='lat' dir='ltr'><strong>factum</strong></span> <span class='ocrx_word' id='word_1_704' title='bbox 1043 2325 1078 2352; x_wconf 87' lang='lat' dir='ltr'><strong>ad</strong></span> 
     </span>
    </p>
   </div>
   <div class='ocr_carea' id='block_1_93' title="bbox 293 2371 1079 2413">
    <p class='ocr_par' dir='ltr' id='par_1_93' title="bbox 293 2371 1079 2413">
     <span class='ocr_line' id='line_1_93' title="bbox 293 2371 1079 2413; baseline -0.01 -7"><span class='ocrx_word' id='word_1_705' title='bbox 293 2377 484 2413; x_wconf 80' lang='lat' dir='ltr'><strong>coarguendos</strong></span> <span class='ocrx_word' id='word_1_706' title='bbox 511 2383 560 2403; x_wconf 90' lang='lat' dir='ltr'><strong>eos</strong></span> <span class='ocrx_word' id='word_1_707' title='bbox 571 2375 616 2410; x_wconf 92' lang='lat' dir='ltr'><strong>qui</strong></span> <span class='ocrx_word' id='word_1_708' title='bbox 633 2374 752 2409; x_wconf 87' lang='lat' dir='ltr'><strong>aliquid,</strong></span> <span class='ocrx_word' id='word_1_709' title='bbox 765 2373 839 2408; x_wconf 85' lang='lat' dir='ltr'><strong>quod</strong></span> <span class='ocrx_word' id='word_1_710' title='bbox 863 2373 966 2400; x_wconf 90' lang='lat' dir='ltr'><strong>dictum</strong></span> <span class='ocrx_word' id='word_1_711' title='bbox 980 2371 1017 2399; x_wconf 85' lang='lat' dir='ltr'><strong>sit</strong></span> <span class='ocrx_word' id='word_1_712' title='bbox 1030 2371 1079 2398; x_wconf 89' lang='lat' dir='ltr'><strong>ad-</strong></span> 
     </span>
    </p>
   </div>
   <div class='ocr_carea' id='block_1_94' title="bbox 293 2417 1078 2454">
    <p class='ocr_par' dir='ltr' id='par_1_94' title="bbox 293 2417 1078 2454">
     <span class='ocr_line' id='line_1_94' title="bbox 293 2417 1078 2454; baseline -0.01 -2"><span class='ocrx_word' id='word_1_713' title='bbox 293 2432 390 2452; x_wconf 74' lang='lat' dir='ltr'><strong>versus</strong></span> <span class='ocrx_word' id='word_1_714' title='bbox 405 2423 500 2454; x_wconf 90' lang='lat' dir='ltr'><strong>Deum,</strong></span> <span class='ocrx_word' id='word_1_715' title='bbox 517 2426 619 2449; x_wconf 86' lang='lat' dir='ltr'><strong>temere</strong></span> <span class='ocrx_word' id='word_1_716' title='bbox 631 2420 762 2448; x_wconf 78' lang='lat' dir='ltr'><strong>credituri</strong></span> <span class='ocrx_word' id='word_1_717' title='bbox 776 2424 863 2447; x_wconf 88' lang='lat' dir='ltr'><strong>erant.</strong></span> <span class='ocrx_word' id='word_1_718' title='bbox 877 2418 931 2446; x_wconf 91' lang='lat' dir='ltr'><strong>Sed</strong></span> <span class='ocrx_word' id='word_1_719' title='bbox 947 2417 1078 2453; x_wconf 88' lang='lat' dir='ltr'><strong>quoniam</strong></span> 
     </span>
    </p>
   </div>
   <div class='ocr_carea' id='block_1_95' title="bbox 291 2465 1079 2503">
    <p class='ocr_par' dir='ltr' id='par_1_95' title="bbox 291 2465 1079 2503">
     <span class='ocr_line' id='line_1_95' title="bbox 291 2465 1079 2503; baseline -0.011 -4"><span class='ocrx_word' id='word_1_720' title='bbox 291 2471 422 2499; x_wconf 84' lang='lat' dir='ltr'><strong>concedis</strong></span> <span class='ocrx_word' id='word_1_721' title='bbox 434 2469 525 2502; x_wconf 88' lang='lat' dir='ltr'><strong>nobis,</strong></span> <span class='ocrx_word' id='word_1_722' title='bbox 540 2475 662 2503; x_wconf 77' lang='lat' dir='ltr'><strong>quaerere</strong></span> <span class='ocrx_word' id='word_1_723' title='bbox 673 2474 707 2494; x_wconf 74' lang='grc' dir='ltr'>ει</span> <span class='ocrx_word' id='word_1_724' title='bbox 717 2471 743 2494; x_wconf 86' lang='lat' dir='ltr'><strong>te</strong></span> <span class='ocrx_word' id='word_1_725' title='bbox 755 2466 794 2493; x_wconf 91' lang='lat' dir='ltr'><strong>uti</strong></span> <span class='ocrx_word' id='word_1_726' title='bbox 808 2466 894 2499; x_wconf 91' lang='lat' dir='ltr'><strong>lubet,</strong></span> <span class='ocrx_word' id='word_1_727' title='bbox 908 2465 1079 2499; x_wconf 79' lang='lat' dir='ltr'><strong>interrogare</strong></span> 
     </span>
    </p>
   </div>
   <div class='ocr_carea' id='block_1_96' title="bbox 272 2510 1079 2550">
    <p class='ocr_par' dir='ltr' id='par_1_96' title="bbox 272 2510 1079 2550">
     <span class='ocr_line' id='line_1_96' title="bbox 272 2510 1079 2550; baseline -0.009 -6"><span class='ocrx_word' id='word_1_728' title='bbox 272 2530 275 2535; x_wconf 63' lang='grc' dir='ltr'><strong>τ</strong></span> <span class='ocrx_word' id='word_1_729' title='bbox 293 2517 439 2548; x_wconf 77' lang='lat' dir='ltr'><strong>audemus,</strong></span> <span class='ocrx_word' id='word_1_730' title='bbox 453 2520 479 2543; x_wconf 86' lang='lat' dir='ltr'><strong>te</strong></span> <span class='ocrx_word' id='word_1_731' title='bbox 491 2515 615 2550; x_wconf 80' lang='lat' dir='ltr'><strong>jubente.</strong></span> <span class='ocrx_word' id='word_1_732' title='bbox 626 2512 655 2540; x_wconf 87' lang='lat' dir='ltr'><strong>Si</strong></span> <span class='ocrx_word' id='word_1_733' title='bbox 673 2513 746 2548; x_wconf 85' lang='lat' dir='ltr'><strong>quis,</strong></span> <span class='ocrx_word' id='word_1_734' title='bbox 762 2511 924 2539; x_wconf 77' lang='lat' dir='ltr'><strong>cltarissime</strong></span> <span class='ocrx_word' id='word_1_735' title='bbox 944 2510 1033 2543; x_wconf 86' lang='lat' dir='ltr'><strong>Petre,</strong></span> <span class='ocrx_word' id='word_1_736' title='bbox 1052 2510 1079 2537; x_wconf 93' lang='lat' dir='ltr'><strong>in</strong></span> 
     </span>
    </p>
   </div>
   <div class='ocr_carea' id='block_1_97' title="bbox 295 2555 1079 2590">
    <p class='ocr_par' dir='ltr' id='par_1_97' title="bbox 295 2555 1079 2590">
     <span class='ocr_line' id='line_1_97' title="bbox 295 2555 1079 2590; baseline -0.009 -1"><span class='ocrx_word' id='word_1_737' title='bbox 295 2563 419 2590; x_wconf 90' lang='lat' dir='ltr'><strong>animum</strong></span> <span class='ocrx_word' id='word_1_738' title='bbox 440 2560 578 2588; x_wconf 77' lang='lat' dir='ltr'><strong>induxerit</strong></span> <span class='ocrx_word' id='word_1_739' title='bbox 589 2559 679 2587; x_wconf 85' lang='lat' dir='ltr'><strong>dicere</strong></span> <span class='ocrx_word' id='word_1_740' title='bbox 701 2558 779 2586; x_wconf 88' lang='lat' dir='ltr'><strong>nobis</strong></span> <span class='ocrx_word' id='word_1_741' title='bbox 797 2567 803 2584; x_wconf 95' lang='lat'><strong>:</strong></span> <span class='ocrx_word' id='word_1_742' title='bbox 820 2557 967 2585; x_wconf 87' lang='lat' dir='ltr'><strong>Veritatem</strong></span> <span class='ocrx_word' id='word_1_743' title='bbox 987 2555 1079 2584; x_wconf 88' lang='lat' dir='ltr'><strong>conti-</strong></span> 
     </span>
    </p>
   </div>
   <div class='ocr_carea' id='block_1_98' title="bbox 295 2601 1079 2643">
    <p class='ocr_par' dir='ltr' id='par_1_98' title="bbox 295 2601 1079 2643">
     <span class='ocr_line' id='line_1_98' title="bbox 295 2601 1079 2643; baseline -0.009 -7"><span class='ocrx_word' id='word_1_744' title='bbox 295 2612 361 2636; x_wconf 85' lang='lat' dir='ltr'><strong>nent</strong></span> <span class='ocrx_word' id='word_1_745' title='bbox 374 2615 435 2643; x_wconf 69' lang='lat' dir='ltr'><strong>quze</strong></span> <span class='ocrx_word' id='word_1_746' title='bbox 445 2608 473 2634; x_wconf 92' lang='lat' dir='ltr'><strong>in</strong></span> <span class='ocrx_word' id='word_1_747' title='bbox 490 2606 575 2633; x_wconf 87' lang='lat' dir='ltr'><strong>Deum</strong></span> <span class='ocrx_word' id='word_1_748' title='bbox 587 2605 658 2633; x_wconf 82' lang='lat' dir='ltr'><strong>dicta</strong></span> <span class='ocrx_word' id='word_1_749' title='bbox 671 2612 704 2632; x_wconf 81' lang='lat' dir='ltr'><strong>ac</strong></span> <span class='ocrx_word' id='word_1_750' title='bbox 717 2604 817 2638; x_wconf 87' lang='lat' dir='ltr'><strong>scripta</strong></span> <span class='ocrx_word' id='word_1_751' title='bbox 839 2608 913 2635; x_wconf 84' lang='lat' dir='ltr'><strong>sunt,</strong></span> <span class='ocrx_word' id='word_1_752' title='bbox 939 2603 1003 2630; x_wconf 87' lang='lat' dir='ltr'><strong>licet</strong></span> <span class='ocrx_word' id='word_1_753' title='bbox 1029 2601 1079 2629; x_wconf 89' lang='lat' dir='ltr'><strong>tibi</strong></span> 
     </span>
    </p>
   </div>
   <div class='ocr_carea' id='block_1_99' title="bbox 293 2649 1025 2687">
    <p class='ocr_par' dir='ltr' id='par_1_99' title="bbox 293 2649 1025 2687">
     <span class='ocr_line' id='line_1_99' title="bbox 293 2649 1025 2687; baseline -0.01 -5"><span class='ocrx_word' id='word_1_754' title='bbox 293 2655 439 2682; x_wconf 61' lang='lat' dir='ltr'><strong>widearitur</strong></span> <span class='ocrx_word' id='word_1_755' title='bbox 460 2653 542 2680; x_wconf 81' lang='lat' dir='ltr'><strong>falsa:</strong></span> <span class='ocrx_word' id='word_1_756' title='bbox 559 2660 613 2687; x_wconf 86' lang='lat' dir='ltr'><strong>quo</strong></span> <span class='ocrx_word' id='word_1_757' title='bbox 629 2651 710 2678; x_wconf 91' lang='lat' dir='ltr'><strong>modo</strong></span> <span class='ocrx_word' id='word_1_758' title='bbox 723 2650 760 2678; x_wconf 79' lang='lat' dir='ltr'><strong>illi</strong></span> <span class='ocrx_word' id='word_1_759' title='bbox 777 2649 1025 2685; x_wconf 79' lang='lat' dir='ltr'><strong>respondebimus?</strong></span> 
     </span>
    </p>
   </div>
   <div class='ocr_carea' id='block_1_100' title="bbox 1128 2277 1926 2318">
    <p class='ocr_par' dir='ltr' id='par_1_100' title="bbox 1128 2277 1926 2318">
     <span class='ocr_line' id='line_1_100' title="bbox 1128 2277 1926 2318; baseline -0.006 -9"><span class='ocrx_word' id='word_1_760' title='bbox 1128 2291 1157 2309; x_wconf 90' lang='grc' dir='ltr'><strong>τε</strong></span> <span class='ocrx_word' id='word_1_761' title='bbox 1173 2282 1240 2318; x_wconf 76' lang='grc' dir='ltr'>ἔφην</span> <span class='ocrx_word' id='word_1_762' title='bbox 1250 2290 1257 2297; x_wconf 76' lang='grc' dir='ltr'><strong>ο</strong></span> <span class='ocrx_word' id='word_1_763' title='bbox 1274 2280 1388 2308; x_wconf 84' lang='grc' dir='ltr'>Ἤθελον</span> <span class='ocrx_word' id='word_1_764' title='bbox 1399 2279 1493 2316; x_wconf 86' lang='grc' dir='ltr'>μαθεῖν</span> <span class='ocrx_word' id='word_1_765' title='bbox 1506 2277 1562 2311; x_wconf 85' lang='grc' dir='ltr'>οῦν,</span> <span class='ocrx_word' id='word_1_766' title='bbox 1574 2278 1617 2305; x_wconf 81' lang='grc' dir='ltr'>διὰ</span> <span class='ocrx_word' id='word_1_767' title='bbox 1625 2278 1651 2304; x_wconf 89' lang='grc' dir='ltr'><strong>τί</strong></span> <span class='ocrx_word' id='word_1_768' title='bbox 1664 2277 1751 2309; x_wconf 83' lang='grc' dir='ltr'>οὕτως</span> <span class='ocrx_word' id='word_1_769' title='bbox 1761 2278 1926 2314; x_wconf 73' lang='grc' dir='ltr'>ἐγράφησαν</span> 
     </span>
    </p>
   </div>
   <div class='ocr_carea' id='block_1_101' title="bbox 1128 2324 1926 2362">
    <p class='ocr_par' dir='ltr' id='par_1_101' title="bbox 1128 2324 1926 2362">
     <span class='ocr_line' id='line_1_101' title="bbox 1128 2324 1926 2362; baseline -0.005 -8"><span class='ocrx_word' id='word_1_770' title='bbox 1128 2329 1158 2354; x_wconf 75' lang='grc' dir='ltr'>αἱ</span> <span class='ocrx_word' id='word_1_771' title='bbox 1175 2327 1276 2354; x_wconf 79' lang='grc' dir='ltr'>Βίὸλοι.</span> <span class='ocrx_word' id='word_1_772' title='bbox 1301 2326 1450 2362; x_wconf 84' lang='grc' dir='ltr'>Μέμνημαι</span> <span class='ocrx_word' id='word_1_773' title='bbox 1473 2324 1528 2361; x_wconf 86' lang='grc' dir='ltr'><strong>γὰρ</strong></span> <span class='ocrx_word' id='word_1_774' title='bbox 1543 2324 1581 2356; x_wconf 83' lang='grc' dir='ltr'><strong>ὡς</strong></span> <span class='ocrx_word' id='word_1_775' title='bbox 1602 2324 1680 2360; x_wconf 75' lang='grc' dir='ltr'>ἔφης,</span> <span class='ocrx_word' id='word_1_776' title='bbox 1698 2324 1791 2355; x_wconf 80' lang='grc' dir='ltr'>ὅτιεις</span> <span class='ocrx_word' id='word_1_777' title='bbox 1812 2324 1926 2360; x_wconf 81' lang='grc' dir='ltr'>ἔλεγχον</span> 
     </span>
    </p>
   </div>
   <div class='ocr_carea' id='block_1_102' title="bbox 1129 2370 1927 2409">
    <p class='ocr_par' dir='ltr' id='par_1_102' title="bbox 1129 2370 1927 2409">
     <span class='ocr_line' id='line_1_102' title="bbox 1129 2370 1927 2409; baseline -0.004 -9"><span class='ocrx_word' id='word_1_778' title='bbox 1129 2374 1184 2400; x_wconf 83' lang='grc' dir='ltr'><strong>τῶν</strong></span> <span class='ocrx_word' id='word_1_779' title='bbox 1201 2372 1350 2409; x_wconf 84' lang='grc' dir='ltr'>μελλόντων</span> <span class='ocrx_word' id='word_1_780' title='bbox 1360 2371 1462 2407; x_wconf 81' lang='grc' dir='ltr'>τολμᾷν</span> <span class='ocrx_word' id='word_1_781' title='bbox 1477 2370 1613 2398; x_wconf 80' lang='grc' dir='ltr'>πιστεύειν</span> <span class='ocrx_word' id='word_1_782' title='bbox 1622 2379 1649 2397; x_wconf 89' lang='grc' dir='ltr'><strong>τι</strong></span> <span class='ocrx_word' id='word_1_783' title='bbox 1658 2371 1681 2386; x_wconf 85' lang='grc'><strong>¹⁶</strong></span> <span class='ocrx_word' id='word_1_784' title='bbox 1694 2370 1844 2406; x_wconf 81' lang='grc' dir='ltr'>λεγόμενον</span> <span class='ocrx_word' id='word_1_785' title='bbox 1855 2371 1927 2397; x_wconf 82' lang='grc' dir='ltr'><strong>κατά</strong></span> 
     </span>
    </p>
   </div>
   <div class='ocr_carea' id='block_1_103' title="bbox 1130 2416 1926 2454">
    <p class='ocr_par' dir='ltr' id='par_1_103' title="bbox 1130 2416 1926 2454">
     <span class='ocr_line' id='line_1_103' title="bbox 1130 2416 1926 2454; baseline -0.004 -8"><span class='ocrx_word' id='word_1_786' title='bbox 1130 2419 1178 2446; x_wconf 87' lang='grc' dir='ltr'><strong>τοῦ</strong></span> <span class='ocrx_word' id='word_1_787' title='bbox 1192 2419 1271 2446; x_wconf 89' lang='grc' dir='ltr'>Θεοῦ.</span> <span class='ocrx_word' id='word_1_788' title='bbox 1289 2418 1362 2454; x_wconf 85' lang='grc' dir='ltr'>Πλὴν</span> <span class='ocrx_word' id='word_1_789' title='bbox 1381 2418 1442 2444; x_wconf 76' lang='grc' dir='ltr'>ἐπεὶ</span> <span class='ocrx_word' id='word_1_790' title='bbox 1457 2416 1556 2453; x_wconf 78' lang='grc' dir='ltr'>χαρίζῃ</span> <span class='ocrx_word' id='word_1_791' title='bbox 1576 2417 1643 2452; x_wconf 77' lang='grc' dir='ltr'>ἡμῖν</span> <span class='ocrx_word' id='word_1_792' title='bbox 1664 2416 1852 2444; x_wconf 78' lang='grc' dir='ltr'>πυνθάνεσθαί</span> <span class='ocrx_word' id='word_1_793' title='bbox 1880 2426 1926 2443; x_wconf 88' lang='grc' dir='ltr'><strong>σου</strong></span> 
     </span>
    </p>
   </div>
   <div class='ocr_carea' id='block_1_104' title="bbox 1131 2462 1928 2500">
    <p class='ocr_par' dir='ltr' id='par_1_104' title="bbox 1131 2462 1928 2500">
     <span class='ocr_line' id='line_1_104' title="bbox 1131 2462 1928 2500; baseline -0.004 -8"><span class='ocrx_word' id='word_1_794' title='bbox 1131 2465 1169 2497; x_wconf 83' lang='grc' dir='ltr'><strong>ὡς</strong></span> <span class='ocrx_word' id='word_1_795' title='bbox 1187 2464 1336 2500; x_wconf 86' lang='grc' dir='ltr'>βουλόμεθα</span> <span class='ocrx_word' id='word_1_796' title='bbox 1347 2465 1380 2497; x_wconf 74' lang='grc'><strong>’⁷,</strong></span> <span class='ocrx_word' id='word_1_797' title='bbox 1398 2463 1580 2490; x_wconf 78' lang='grc' dir='ltr'>πυνθάνεσθαι</span> <span class='ocrx_word' id='word_1_798' title='bbox 1595 2463 1750 2499; x_wconf 83' lang='grc' dir='ltr'>τολμῶμεν,</span> <span class='ocrx_word' id='word_1_799' title='bbox 1769 2462 1820 2490; x_wconf 79' lang='grc' dir='ltr'><strong>σοῦ</strong></span> <span class='ocrx_word' id='word_1_800' title='bbox 1836 2463 1928 2490; x_wconf 83' lang='grc' dir='ltr'>κελεύ-</span> 
     </span>
    </p>
   </div>
   <div class='ocr_carea' id='block_1_105' title="bbox 1132 2509 1925 2546">
    <p class='ocr_par' dir='ltr' id='par_1_105' title="bbox 1132 2509 1925 2546">
     <span class='ocr_line' id='line_1_105' title="bbox 1132 2509 1925 2546; baseline -0.004 -8"><span class='ocrx_word' id='word_1_801' title='bbox 1132 2520 1237 2543; x_wconf 88' lang='grc' dir='ltr'>σαντος·</span> <span class='ocrx_word' id='word_1_802' title='bbox 1253 2512 1326 2543; x_wconf 76' lang='grc' dir='ltr'>εἴτις</span> <span class='ocrx_word' id='word_1_803' title='bbox 1341 2510 1491 2546; x_wconf 84' lang='grc' dir='ltr'>βουληθείη,</span> <span class='ocrx_word' id='word_1_804' title='bbox 1505 2509 1615 2546; x_wconf 81' lang='grc' dir='ltr'>φίλτατε</span> <span class='ocrx_word' id='word_1_805' title='bbox 1629 2509 1726 2543; x_wconf 85' lang='grc' dir='ltr'>Πέτρε,</span> <span class='ocrx_word' id='word_1_806' title='bbox 1736 2509 1828 2543; x_wconf 88' lang='grc' dir='ltr'>λέγειν</span> <span class='ocrx_word' id='word_1_807' title='bbox 1843 2511 1925 2546; x_wconf 84' lang='grc' dir='ltr'>ἡμῖν·</span> 
     </span>
    </p>
   </div>
   <div class='ocr_carea' id='block_1_106' title="bbox 1139 2555 1928 2594">
    <p class='ocr_par' dir='ltr' id='par_1_106' title="bbox 1139 2555 1928 2594">
     <span class='ocr_line' id='line_1_106' title="bbox 1139 2555 1928 2594; baseline -0.004 -10"><span class='ocrx_word' id='word_1_808' title='bbox 1139 2558 1237 2594; x_wconf 83' lang='grc' dir='ltr'>Ἀληθῆ</span> <span class='ocrx_word' id='word_1_809' title='bbox 1249 2558 1309 2584; x_wconf 77' lang='grc' dir='ltr'>ἐστι</span> <span class='ocrx_word' id='word_1_810' title='bbox 1323 2557 1357 2583; x_wconf 88' lang='grc' dir='ltr'><strong>τά</strong></span> <span class='ocrx_word' id='word_1_811' title='bbox 1366 2556 1555 2592; x_wconf 85' lang='grc' dir='ltr'>γεγραμμένα,</span> <span class='ocrx_word' id='word_1_812' title='bbox 1565 2555 1615 2581; x_wconf 80' lang='grc' dir='ltr'>κᾶν</span> <span class='ocrx_word' id='word_1_813' title='bbox 1621 2555 1645 2571; x_wconf 77' lang='grc'><strong>’⁸</strong></span> <span class='ocrx_word' id='word_1_814' title='bbox 1653 2563 1693 2582; x_wconf 89' lang='grc' dir='ltr'><strong>σοι</strong></span> <span class='ocrx_word' id='word_1_815' title='bbox 1708 2555 1795 2590; x_wconf 83' lang='grc' dir='ltr'>ψευδῆ</span> <span class='ocrx_word' id='word_1_816' title='bbox 1810 2555 1880 2591; x_wconf 82' lang='grc' dir='ltr'>δοκῇ</span> <span class='ocrx_word' id='word_1_817' title='bbox 1896 2556 1928 2581; x_wconf 70' lang='grc' dir='ltr'>τὰ</span> 
     </span>
    </p>
   </div>
   <div class='ocr_carea' id='block_1_107' title="bbox 1134 2600 1874 2638">
    <p class='ocr_par' dir='ltr' id='par_1_107' title="bbox 1134 2600 1874 2638">
     <span class='ocr_line' id='line_1_107' title="bbox 1134 2600 1874 2638; baseline -0.005 -7"><span class='ocrx_word' id='word_1_818' title='bbox 1134 2604 1204 2632; x_wconf 83' lang='grc' dir='ltr'><strong>κατά</strong></span> <span class='ocrx_word' id='word_1_819' title='bbox 1217 2603 1263 2630; x_wconf 88' lang='grc' dir='ltr'><strong>τοῦ</strong></span> <span class='ocrx_word' id='word_1_820' title='bbox 1274 2603 1341 2630; x_wconf 86' lang='grc' dir='ltr'>Θεοῦ</span> <span class='ocrx_word' id='word_1_821' title='bbox 1351 2602 1479 2638; x_wconf 81' lang='grc' dir='ltr'>ρηθέντα·</span> <span class='ocrx_word' id='word_1_822' title='bbox 1495 2601 1554 2634; x_wconf 82' lang='grc' dir='ltr'><strong>πῶς</strong></span> <span class='ocrx_word' id='word_1_823' title='bbox 1565 2600 1760 2637; x_wconf 63' lang='grc' dir='ltr'>ἀωκριθῶμεν</span> <span class='ocrx_word' id='word_1_824' title='bbox 1775 2600 1874 2637; x_wconf 84' lang='grc' dir='ltr'><strong>αὐτῷ;</strong></span> 
     </span>
    </p>
   </div>
   <div class='ocr_carea' id='block_1_108' title="bbox 930 2703 1288 2732">
    <p class='ocr_par' dir='ltr' id='par_1_108' title="bbox 930 2703 1288 2732">
     <span class='ocr_line' id='line_1_108' title="bbox 930 2703 1288 2732; baseline 0 -1"><span class='ocrx_word' id='word_1_825' title='bbox 930 2704 1049 2732; x_wconf 66' lang='grc' dir='ltr'><strong>ΫΑΚΙΑΞ</strong></span> <span class='ocrx_word' id='word_1_826' title='bbox 1082 2703 1288 2732; x_wconf 70' lang='lat' dir='ltr'><strong>LECTIONES.</strong></span> 
     </span>
    </p>
   </div>
   <div class='ocr_carea' id='block_1_109' title="bbox 332 2747 1927 2798">
    <p class='ocr_par' dir='ltr' id='par_1_109' title="bbox 332 2747 1927 2798">
     <span class='ocr_line' id='line_1_109' title="bbox 332 2747 1927 2798; baseline -0.004 -16"><span class='ocrx_word' id='word_1_827' title='bbox 332 2756 353 2772; x_wconf 90' lang='grc'><strong>¹⁷</strong></span> <span class='ocrx_word' id='word_1_828' title='bbox 361 2755 390 2796; x_wconf 82' lang='grc' dir='ltr'>δέ</span> <span class='ocrx_word' id='word_1_829' title='bbox 406 2755 484 2798; x_wconf 54' lang='lat' dir='ltr'><strong>deest</strong></span> <span class='ocrx_word' id='word_1_830' title='bbox 493 2752 588 2798; x_wconf 29' lang='lat' dir='ltr'><strong>inm0.&quot;</strong></span> <span class='ocrx_word' id='word_1_831' title='bbox 611 2749 790 2798; x_wconf 50' lang='grc' dir='ltr'>ξ⁸κνίσῃςση</span> <span class='ocrx_word' id='word_1_832' title='bbox 799 2759 889 2798; x_wconf 47' lang='lat' dir='ltr'><strong>{quarti</strong></span> <span class='ocrx_word' id='word_1_833' title='bbox 898 2751 1013 2798; x_wconf 51' lang='lat' dir='ltr'><strong>formam</strong></span> <span class='ocrx_word' id='word_1_834' title='bbox 1028 2751 1048 2793; x_wconf 65' lang='grc' dir='ltr'>ξ</span> <span class='ocrx_word' id='word_1_835' title='bbox 1074 2749 1352 2798; x_wconf 53' lang='grc' dir='ltr'>ωοὶιιξηορηιῐηιηονίι</span> <span class='ocrx_word' id='word_1_836' title='bbox 1373 2749 1400 2776; x_wconf 92' lang='lat' dir='ltr'><strong>in</strong></span> <span class='ocrx_word' id='word_1_837' title='bbox 1414 2748 1538 2798; x_wconf 62' lang='grc' dir='ltr'>κνίσῖηῇ</span> <span class='ocrx_word' id='word_1_838' title='bbox 1556 2752 1587 2775; x_wconf 88' lang='lat' dir='ltr'><strong>ut</strong></span> <span class='ocrx_word' id='word_1_839' title='bbox 1595 2755 1657 2798; x_wconf 59' lang='lat' dir='ltr'><strong>rscr.</strong></span> <span class='ocrx_word' id='word_1_840' title='bbox 1671 2747 1704 2798; x_wconf 60' lang='lat'><strong>(2;</strong></span> <span class='ocrx_word' id='word_1_841' title='bbox 1715 2747 1791 2798; x_wconf 41' lang='lat' dir='ltr'><strong>AVaide</strong></span> <span class='ocrx_word' id='word_1_842' title='bbox 1805 2749 1927 2777; x_wconf 89' lang='lat' dir='ltr'><strong>Dindor-</strong></span> 
     </span>
     <span class='ocr_line' id='line_1_110' title="bbox 747 2784 1915 2798; baseline 0 0"><span class='ocrx_word' id='word_1_843' title='bbox 747 2797 750 2798; x_wconf 44' lang='grc' dir='ltr'><em>ν</em></span> <span class='ocrx_word' id='word_1_844' title='bbox 768 2796 781 2798; x_wconf 70' lang='grc'>.,</span> <span class='ocrx_word' id='word_1_845' title='bbox 939 2795 948 2798; x_wconf 66' lang='grc'><strong>-</strong></span> <span class='ocrx_word' id='word_1_846' title='bbox 969 2796 973 2798; x_wconf 70' lang='lat'><strong>.</strong></span> <span class='ocrx_word' id='word_1_847' title='bbox 986 2795 1062 2798; x_wconf 41' lang='grc' dir='ltr'><strong>...ηλη</strong></span> <span class='ocrx_word' id='word_1_848' title='bbox 1078 2787 1097 2798; x_wconf 70' lang='lat' dir='ltr'><strong>1V</strong></span> <span class='ocrx_word' id='word_1_849' title='bbox 1202 2793 1312 2798; x_wconf 60' lang='lat'><strong>__-_..-_</strong></span> <span class='ocrx_word' id='word_1_850' title='bbox 1330 2784 1409 2798; x_wconf 68' lang='lat' dir='ltr'><strong>_.&#39;._.l-</strong></span> <span class='ocrx_word' id='word_1_851' title='bbox 1433 2784 1439 2792; x_wconf 89' lang='lat'><em>‘</em></span> <span class='ocrx_word' id='word_1_852' title='bbox 1528 2791 1578 2798; x_wconf 43' lang='grc' dir='ltr'><strong>γρ,-</strong></span> <span class='ocrx_word' id='word_1_853' title='bbox 1767 2791 1846 2798; x_wconf 70' lang='grc' dir='ltr'><strong>ιι-ηι-ι</strong></span> <span class='ocrx_word' id='word_1_854' title='bbox 1866 2784 1915 2798; x_wconf 68' lang='grc' dir='ltr'><strong>...ιιι</strong></span> 
     </span>
    </p>
   </div>
   <div class='ocr_carea' id='block_1_110' title="bbox 296 2787 828 2824">
    <p class='ocr_par' dir='ltr' id='par_1_110' title="bbox 296 2787 828 2824">
     <span class='ocr_line' id='line_1_111' title="bbox 296 2787 828 2824; baseline -0.008 -7"><span class='ocrx_word' id='word_1_855' title='bbox 296 2793 364 2818; x_wconf 73' lang='lat' dir='ltr'><strong>lium</strong></span> <span class='ocrx_word' id='word_1_856' title='bbox 381 2791 408 2816; x_wconf 88' lang='lat' dir='ltr'><strong>in</strong></span> <span class='ocrx_word' id='word_1_857' title='bbox 421 2789 500 2816; x_wconf 89' lang='lat' dir='ltr'><strong>IIom.</strong></span> <span class='ocrx_word' id='word_1_858' title='bbox 522 2788 592 2816; x_wconf 90' lang='lat' dir='ltr'><strong>Tum</strong></span> <span class='ocrx_word' id='word_1_859' title='bbox 605 2787 782 2824; x_wconf 78' lang='grc' dir='ltr'>προσχύσεων</span> <span class='ocrx_word' id='word_1_860' title='bbox 793 2788 828 2824; x_wconf 75' lang='lat'><strong>0.</strong></span> 
     </span>
    </p>
   </div>
   <div class='ocr_carea' id='block_1_111' title="bbox 868 2784 1451 2822">
    <p class='ocr_par' dir='ltr' id='par_1_111' title="bbox 868 2784 1451 2822">
     <span class='ocr_line' id='line_1_112' title="bbox 868 2784 1451 2822; baseline -0.007 -9"><span class='ocrx_word' id='word_1_861' title='bbox 868 2787 889 2802; x_wconf 82' lang='lat'>&quot;</span> <span class='ocrx_word' id='word_1_862' title='bbox 906 2787 1062 2822; x_wconf 86' lang='grc' dir='ltr'>ὀλολυγμῶν</span> <span class='ocrx_word' id='word_1_863' title='bbox 1077 2787 1113 2822; x_wconf 56' lang='lat' dir='ltr'><strong>C.</strong></span> <span class='ocrx_word' id='word_1_864' title='bbox 1146 2785 1312 2822; x_wconf 51' lang='lat' dir='ltr'><strong>“ﬁs-.0970;</strong></span> <span class='ocrx_word' id='word_1_865' title='bbox 1328 2784 1409 2815; x_wconf 83' lang='grc' dir='ltr'>αὐτὸς</span> 
     </span>
    </p>
   </div>
   <div class='ocr_carea' id='block_1_112' title="bbox 1523 2782 1925 2812">
    <p class='ocr_par' dir='ltr' id='par_1_112' title="bbox 1523 2782 1925 2812">
     <span class='ocr_line' id='line_1_113' title="bbox 1523 2782 1925 2812; baseline 0.005 -3"><span class='ocrx_word' id='word_1_866' title='bbox 1523 2784 1580 2809; x_wconf 77' lang='grc' dir='ltr'>ἐστι</span> <span class='ocrx_word' id='word_1_867' title='bbox 1595 2782 1626 2810; x_wconf 94' lang='lat'><strong>0.</strong></span> <span class='ocrx_word' id='word_1_868' title='bbox 1680 2783 1702 2798; x_wconf 84' lang='lat'>&quot;</span> <span class='ocrx_word' id='word_1_869' title='bbox 1711 2783 1752 2810; x_wconf 82' lang='lat' dir='ltr'><strong>Ad</strong></span> <span class='ocrx_word' id='word_1_870' title='bbox 1766 2791 1846 2811; x_wconf 92' lang='lat' dir='ltr'><strong>oram</strong></span> <span class='ocrx_word' id='word_1_871' title='bbox 1865 2784 1925 2812; x_wconf 86' lang='lat' dir='ltr'><strong>cod.</strong></span> 
     </span>
    </p>
   </div>
   <div class='ocr_carea' id='block_1_113' title="bbox 297 2818 1925 2887">
    <p class='ocr_par' dir='ltr' id='par_1_113' title="bbox 297 2818 1925 2887">
     <span class='ocr_line' id='line_1_114' title="bbox 297 2818 1925 2887; baseline -0.006 -35"><span class='ocrx_word' id='word_1_872' title='bbox 297 2826 390 2887; x_wconf 57' lang='lat' dir='ltr'><strong>gusti.</strong></span> <span class='ocrx_word' id='word_1_873' title='bbox 406 2825 442 2865; x_wconf 80' lang='lat' dir='ltr'><strong>al.</strong></span> <span class='ocrx_word' id='word_1_874' title='bbox 452 2832 526 2852; x_wconf 85' lang='lat' dir='ltr'><strong>man.</strong></span> <span class='ocrx_word' id='word_1_875' title='bbox 536 2833 580 2859; x_wconf 89' lang='grc' dir='ltr'><strong>γρ.</strong></span> <span class='ocrx_word' id='word_1_876' title='bbox 597 2818 740 2859; x_wconf 65' lang='grc' dir='ltr'>κέντρῶον.</span> <span class='ocrx_word' id='word_1_877' title='bbox 754 2858 759 2863; x_wconf 32' lang='grc' dir='ltr'><em>Π</em></span> <span class='ocrx_word' id='word_1_878' title='bbox 779 2821 838 2849; x_wconf 83' lang='lat' dir='ltr'><strong>&quot;Ci</strong></span> <span class='ocrx_word' id='word_1_879' title='bbox 850 2822 972 2883; x_wconf 62' lang='grc' dir='ltr'>ἁσῖαλής</span> <span class='ocrx_word' id='word_1_880' title='bbox 987 2818 1046 2856; x_wconf 79' lang='lat' dir='ltr'><strong>post</strong></span> <span class='ocrx_word' id='word_1_881' title='bbox 1059 2821 1156 2863; x_wconf 76' lang='grc' dir='ltr'>βουλῇς</span> <span class='ocrx_word' id='word_1_882' title='bbox 1170 2818 1375 2860; x_wconf 76' lang='lat' dir='ltr'><strong>Metaphrasten</strong></span> <span class='ocrx_word' id='word_1_883' title='bbox 1393 2818 1700 2858; x_wconf 81' lang='lat' dir='ltr'><strong>redolet,abundalque;</strong></span> <span class='ocrx_word' id='word_1_884' title='bbox 1714 2818 1841 2852; x_wconf 78' lang='grc' dir='ltr'>ἀσφαλές</span> <span class='ocrx_word' id='word_1_885' title='bbox 1853 2820 1925 2853; x_wconf 77' lang='lat' dir='ltr'><strong>conj,</strong></span> 
     </span>
     <span class='ocr_line' id='line_1_115' title="bbox 323 2852 1925 2887; baseline -0.005 -1"><span class='ocrx_word' id='word_1_886' title='bbox 323 2882 329 2887; x_wconf 94' lang='lat'><strong>.</strong></span> <span class='ocrx_word' id='word_1_887' title='bbox 361 2865 419 2887; x_wconf 84' lang='lat' dir='ltr'><strong>eest</strong></span> <span class='ocrx_word' id='word_1_888' title='bbox 430 2867 455 2885; x_wconf 85' lang='lat' dir='ltr'><strong>In</strong></span> <span class='ocrx_word' id='word_1_889' title='bbox 464 2858 486 2886; x_wconf 93' lang='grc' dir='ltr'>Ο</span> <span class='ocrx_word' id='word_1_890' title='bbox 535 2859 557 2874; x_wconf 76' lang='grc'><strong>’⁵</strong></span> <span class='ocrx_word' id='word_1_891' title='bbox 566 2858 593 2885; x_wconf 92' lang='lat' dir='ltr'><strong>In</strong></span> <span class='ocrx_word' id='word_1_892' title='bbox 604 2858 627 2886; x_wconf 88' lang='lat'><strong>0</strong></span> <span class='ocrx_word' id='word_1_893' title='bbox 648 2867 690 2887; x_wconf 80' lang='lat' dir='ltr'><strong>pr.</strong></span> <span class='ocrx_word' id='word_1_894' title='bbox 703 2867 741 2885; x_wconf 93' lang='lat' dir='ltr'><strong>m.</strong></span> <span class='ocrx_word' id='word_1_895' title='bbox 753 2866 779 2884; x_wconf 83' lang='lat' dir='ltr'><strong>In</strong></span> <span class='ocrx_word' id='word_1_896' title='bbox 788 2865 874 2887; x_wconf 71' lang='lat' dir='ltr'><strong>marg.</strong></span> <span class='ocrx_word' id='word_1_897' title='bbox 898 2856 1195 2887; x_wconf 68' lang='lat' dir='ltr'><strong>10V.Eaden:varictas</strong></span> <span class='ocrx_word' id='word_1_898' title='bbox 1204 2855 1404 2882; x_wconf 81' lang='lat' dir='ltr'><strong>occurrltmlra</strong></span> <span class='ocrx_word' id='word_1_899' title='bbox 1413 2862 1438 2880; x_wconf 72' lang='grc' dir='ltr'><strong>ο.</strong></span> <span class='ocrx_word' id='word_1_900' title='bbox 1448 2853 1493 2880; x_wconf 75' lang='lat'><strong>52.</strong></span> <span class='ocrx_word' id='word_1_901' title='bbox 1532 2853 1553 2868; x_wconf 85' lang='lat'>&quot;</span> <span class='ocrx_word' id='word_1_902' title='bbox 1562 2852 1669 2887; x_wconf 75' lang='grc' dir='ltr'>ἀληθῶς</span> <span class='ocrx_word' id='word_1_903' title='bbox 1683 2852 1799 2880; x_wconf 83' lang='grc' dir='ltr'>τοῦτοο.</span> <span class='ocrx_word' id='word_1_904' title='bbox 1830 2854 1854 2870; x_wconf 76' lang='grc'><strong>³⁸</strong></span> <span class='ocrx_word' id='word_1_905' title='bbox 1866 2854 1925 2881; x_wconf 60' lang='lat' dir='ltr'><strong>Pl»!</strong></span> 
     </span>
    </p>
   </div>
   <div class='ocr_carea' id='block_1_114' title="bbox 323 2852 1927 2894">
    <p class='ocr_par' dir='ltr' id='par_1_114' title="bbox 323 2852 1927 2894">
     <span class='ocr_line' id='line_1_116' title="bbox 323 2852 1927 2894; baseline -0.006 -8"><span class='ocrx_word' id='word_1_906' title='bbox 323 2882 329 2887; x_wconf 94' lang='lat'><strong>.</strong></span> <span class='ocrx_word' id='word_1_907' title='bbox 340 2860 419 2887; x_wconf 78' lang='lat' dir='ltr'><strong>Deest</strong></span> <span class='ocrx_word' id='word_1_908' title='bbox 430 2860 455 2885; x_wconf 90' lang='lat' dir='ltr'><strong>in</strong></span> <span class='ocrx_word' id='word_1_909' title='bbox 464 2858 486 2886; x_wconf 93' lang='grc' dir='ltr'>Ο</span> <span class='ocrx_word' id='word_1_910' title='bbox 535 2852 593 2894; x_wconf 54' lang='lat' dir='ltr'><strong>“In</strong></span> <span class='ocrx_word' id='word_1_911' title='bbox 604 2858 627 2886; x_wconf 88' lang='lat'><strong>0</strong></span> <span class='ocrx_word' id='word_1_912' title='bbox 648 2852 690 2894; x_wconf 72' lang='lat' dir='ltr'><strong>pr.</strong></span> <span class='ocrx_word' id='word_1_913' title='bbox 703 2867 741 2885; x_wconf 93' lang='lat' dir='ltr'><strong>m.</strong></span> <span class='ocrx_word' id='word_1_914' title='bbox 753 2858 779 2884; x_wconf 92' lang='lat' dir='ltr'><strong>in</strong></span> <span class='ocrx_word' id='word_1_915' title='bbox 788 2865 874 2894; x_wconf 74' lang='lat' dir='ltr'><strong>marg.</strong></span> <span class='ocrx_word' id='word_1_916' title='bbox 884 2852 1195 2894; x_wconf 23' lang='lat' dir='ltr'><strong>ExuviEadenEAvari&#39;ctas</strong></span> <span class='ocrx_word' id='word_1_917' title='bbox 1204 2852 1326 2882; x_wconf 68' lang='lat' dir='ltr'><strong>occurrit</strong></span> <span class='ocrx_word' id='word_1_918' title='bbox 1334 2855 1404 2894; x_wconf 57' lang='lat' dir='ltr'><strong>infra</strong></span> <span class='ocrx_word' id='word_1_919' title='bbox 1413 2862 1438 2894; x_wconf 51' lang='lat' dir='ltr'><strong>cn.</strong></span> <span class='ocrx_word' id='word_1_920' title='bbox 1448 2853 1493 2894; x_wconf 59' lang='grc' dir='ltr'><strong>ὃς.</strong></span> <span class='ocrx_word' id='word_1_921' title='bbox 1532 2853 1553 2868; x_wconf 81' lang='grc'><strong>’⁸</strong></span> <span class='ocrx_word' id='word_1_922' title='bbox 1562 2852 1669 2894; x_wconf 58' lang='grc' dir='ltr'>ἀληθῶς</span> <span class='ocrx_word' id='word_1_923' title='bbox 1683 2852 1763 2879; x_wconf 83' lang='grc' dir='ltr'>τοῦτο</span> <span class='ocrx_word' id='word_1_924' title='bbox 1769 2854 1799 2880; x_wconf 89' lang='lat'><strong>0.</strong></span> <span class='ocrx_word' id='word_1_925' title='bbox 1830 2854 1854 2870; x_wconf 79' lang='lat'><strong><em>“</em></strong></span> <span class='ocrx_word' id='word_1_926' title='bbox 1866 2852 1927 2881; x_wconf 57' lang='lat' dir='ltr'><strong>pug;</strong></span> 
     </span>
    </p>
   </div>
   <div class='ocr_carea' id='block_1_115' title="bbox 299 2887 1918 2931">
    <p class='ocr_par' dir='ltr' id='par_1_115' title="bbox 299 2887 1918 2931">
     <span class='ocr_line' id='line_1_117' title="bbox 299 2887 1918 2931; baseline -0.004 -9"><span class='ocrx_word' id='word_1_927' title='bbox 299 2898 356 2923; x_wconf 85' lang='grc' dir='ltr'><strong>τιυ</strong></span> <span class='ocrx_word' id='word_1_928' title='bbox 360 2895 464 2931; x_wconf 70' lang='lat' dir='ltr'><strong>praebet</strong></span> <span class='ocrx_word' id='word_1_929' title='bbox 475 2894 514 2920; x_wconf 81' lang='grc' dir='ltr'><strong>τό.</strong></span> <span class='ocrx_word' id='word_1_930' title='bbox 539 2894 561 2910; x_wconf 86' lang='grc'><strong>¹⁷</strong></span> <span class='ocrx_word' id='word_1_931' title='bbox 573 2887 839 2922; x_wconf 72' lang='grc' dir='ltr'>νὺδ.”πυνοάνεσοαί</span> <span class='ocrx_word' id='word_1_932' title='bbox 849 2887 941 2924; x_wconf 71' lang='grc' dir='ltr'>ἇουῖὺς</span> <span class='ocrx_word' id='word_1_933' title='bbox 951 2892 1099 2927; x_wconf 81' lang='grc' dir='ltr'>βουλόμεθα</span> <span class='ocrx_word' id='word_1_934' title='bbox 1115 2895 1288 2919; x_wconf 63' lang='lat' dir='ltr'><strong>accessurum</strong></span> <span class='ocrx_word' id='word_1_935' title='bbox 1298 2898 1329 2917; x_wconf 78' lang='lat' dir='ltr'><strong>ex</strong></span> <span class='ocrx_word' id='word_1_936' title='bbox 1344 2889 1376 2917; x_wconf 90' lang='lat'><strong>0.</strong></span> <span class='ocrx_word' id='word_1_937' title='bbox 1415 2887 1496 2914; x_wconf 65' lang='grc' dir='ltr'><strong>1⁸κᾶν</strong></span> <span class='ocrx_word' id='word_1_938' title='bbox 1513 2887 1598 2916; x_wconf 87' lang='lat' dir='ltr'><strong>om.0</strong></span> <span class='ocrx_word' id='word_1_939' title='bbox 1613 2908 1621 2923; x_wconf 87' lang='lat'><strong>,</strong></span> <span class='ocrx_word' id='word_1_940' title='bbox 1635 2888 1680 2917; x_wconf 84' lang='lat' dir='ltr'><strong>oui</strong></span> <span class='ocrx_word' id='word_1_941' title='bbox 1696 2892 1754 2916; x_wconf 88' lang='lat' dir='ltr'><strong>tum</strong></span> <span class='ocrx_word' id='word_1_942' title='bbox 1769 2896 1827 2917; x_wconf 80' lang='lat' dir='ltr'><strong>scr.</strong></span> <span class='ocrx_word' id='word_1_943' title='bbox 1844 2889 1918 2916; x_wconf 75' lang='grc' dir='ltr'>δοκεῖ</span> 
     </span>
    </p>
   </div>
  </div>
