1945 3101
296 171 342 198 Ill

717 166 745 191 ς,
763 159 960 190 CLEMENTIS
975 159 985 187 I
1005 159 1088 187 ROM.
1107 157 1207 186 PONT.
1226 155 1339 184 OPERA
1354 156 1468 183 DUBIA.

1857 152 1907 180 112

331 225 383 253 LII.
399 222 546 258 Respondit
571 221 683 249 Petrus:
699 220 779 246 Recte
797 220 888 253 itaque
909 225 962 244 non
989 216 1070 243 credo
1085 213 1093 239 ἐ

1156 214 1209 241 LII.
1227 214 1281 240 Kal
1297 214 1312 240 ὁ
1324 213 1426 248 Πέτρος
1442 210 1608 246 ἀπεκρίνατο
1620 209 1652 225 ³⁸·
1668 207 1772 236 οὐκοῦν
1789 207 1908 242 εὐλόγως

295 271 426 299 adversus
438 269 532 300 Deum,
546 275 595 294 nec
610 267 740 294 adversus
752 265 841 300 justos
855 264 881 290 iu
897 263 954 297 lege
967 269 1071 289 memo-

297 322 379 348 ratos,
395 315 505 349 impiam
517 321 684 349 pnesumens
695 312 860 346 opinionem.
877 309 910 336 Ut
921 309 993 336 enim
1006 308 1072 335 mihi

297 361 456 397 persuadeo,
470 367 558 394 neque
572 359 692 385 Adamus
705 363 891 392 transgressor
916 355 976 387 fuit,
992 362 1072 389 quem

296 408 343 436 Dei
360 414 456 434 manus
474 405 675 441 parturierunt:
702 411 790 439 neque
810 402 867 430 Noe
893 402 996 435 ebrius,
1027 400 1073 435 qui

297 461 351 488 pra:
365 453 438 481 omni
451 452 553 479 mundo
565 451 657 486 justus
674 450 800 477 inventus
811 453 868 476 est:
881 455 970 483 neque
985 447 1073 474 Abra-

297 501 395 528 hamus
406 504 461 526 tres
473 498 555 526 simul
574 497 669 525 habuit
680 504 789 529 uxores,
803 495 850 531 qui
865 498 974 530 propter
993 493 1076 521 casti-

298 552 379 574 tatem
402 547 519 574 donatns
535 549 577 572 est
603 544 749 571 liberorum
774 542 963 570 multitudine:
987 547 1076 574 neque

297 593 414 620 Iacobus
437 597 554 627 quatuor
579 590 667 622 duxit,
699 597 815 624 quarum
831 592 859 615 et
881 587 942 615 dua).
954 594 1075 618 sorores,

298 639 343 675 qui
371 638 512 665 duodecim
537 637 657 664 tribuum
682 641 759 671 pater
774 634 888 665 exstitit.
903 638 931 661 et
955 632 1076 668 Magistri

298 685 384 713 nostri
403 684 547 711 adventum
576 683 696 710 futurum
717 680 878 716 designavit.
894 679 1000 714 Moyses
1023 685 1077 705 non

297 736 357 759 erat
383 730 530 763 homicida,
546 737 596 757 nec
608 729 642 756 ab
667 728 801 755 idolorum
819 725 959 754 sacerdote
984 724 1078 751 didicit

296 778 431 813 judicare,
445 777 491 812 qui
511 776 639 803 omnibus
651 774 759 802 saeculis
774 774 860 808 legem
872 772 919 799 Dei
932 771 1078 807 propheta—

298 826 350 859 rit,
365 829 391 852 et
401 824 436 851 ob
453 827 553 850 rectam
569 821 774 857 intelligentiam
790 818 976 847 testimonium
992 817 1078 845 fidelis

299 870 496 907 dispensatoris
510 868 622 903 accepit.

335 918 400 946 Llll.
417 917 469 945 Sed
488 920 516 944 et
535 916 633 943 horum
654 913 839 947 similiumque
863 911 1027 940 solutionem
1050 909 1078 936 in

299 972 421 1000 tempore
435 964 482 991 tibi
496 961 639 990 exhibebo.
657 960 694 986 De
708 964 821 991 caetero,
838 957 979 993 quoniam.
994 960 1024 983 ut
1039 955 1080 981 vi-

300 998 453 1042 des—instat
466 1015 658 1043 vespera,qua2
668 1006 750 1033 hodie
765 1005 837 1032 dicta
848 1008 923 1034 sunt.
932 998 1078 1030 suIIiciant.

300 1057 425 1084 Altamen
441 1054 548 1089 quoties
564 1053 651 1084 voles,
667 1051 700 1079 de
718 1051 818 1086 quibus
843 1048 970 1084 placebit,
994 1046 1080 1075 ﬁden-

301 1108 342 1130 ter
356 1105 517 1137 percontare
537 1109 545 1127 :
561 1107 613 1126 nos
627 1097 681 1125 laeti
704 1096 849 1124 confestim
871 1093 1079 1129 explicabimus.

301 1150 406 1183 Quibus
417 1147 497 1174 dictis
512 1145 640 1173 surrexit.
660 1143 760 1178 Sicque
771 1145 880 1176 sumpto
893 1139 955 1167 cibo
969 1139 996 1166 in
1007 1145 1081 1165 som-

304 1203 367 1223 num
381 1193 451 1221 versi
466 1199 578 1225 sumus;
595 1197 648 1217 nox
660 1189 733 1216 enim
745 1188 901 1216 advenerat.

597 1335 741 1365 HOMIIJA
757 1334 803 1363 III.

340 1389 360 1416 l.
386 1387 451 1415 Post
465 1386 535 1413 duas
560 1385 641 1420 igitur
662 1383 732 1416 dies,
758 1381 840 1409 tertio
863 1383 955 1408 autem
990 1379 1085 1407 illuce-

307 1439 399 1463 scente
423 1440 479 1468 quo
502 1430 695 1466 disputandum
720 1432 780 1456 erat
802 1432 865 1455 cum
884 1425 1012 1457 Simone,
1033 1431 1085 1460 ego

305 1482 431 1509 Clemens
446 1476 650 1513 expergefactus
669 1475 847 1508 comitesque,
869 1473 920 1500 sub
935 1471 1085 1500 secundum

306 1527 438 1562 gallorum
449 1529 558 1552 cantum
571 1521 724 1550 invenimus
737 1519 985 1548 lucernamadhuc
997 1518 1087 1546 lucen-

306 1577 371 1604 tem,
387 1571 496 1598 Pctrum
519 1576 584 1596 vero
605 1568 718 1604 genibus
747 1567 824 1595 flexis
846 1571 982 1594 orantem.
1002 1565 1084 1592 Com-

308 1618 379 1653 pleta
393 1617 475 1652 igitur
488 1621 579 1650 prece.
592 1619 917 1648 conversusceruensque
925 1619 976 1639 nos
991 1610 1025 1638 ad
1036 1618 1087 1638 au-

306 1662 438 1691 diendum
454 1665 563 1696 paratos
576 1659 644 1688 dixit
658 1669 665 1686 :

344 1741 376 1769 Il.
395 1741 472 1769 Scire
487 1747 534 1766 vos
559 1739 630 1771 volo,
654 1738 725 1773 quod
740 1737 786 1772 qui
801 1744 835 1764 ex
858 1741 953 1764 nostro
973 1734 1090 1763 consilio

308 1793 420 1816 manent
439 1794 501 1814 cum
525 1785 648 1817 Simone,
671 1789 701 1812 ut
719 1783 820 1819 inepta'
832 1783 906 1810 illius
918 1782 1091 1810 addiscentes

310 1834 388 1863 nobis
403 1833 559 1868 subjiciam,
575 1838 630 1866 quo
646 1830 679 1857 ad
695 1830 799 1857 variam
816 1828 878 1865 ejus
893 1828 1025 1856 malitiam
1042 1835 1091 1860 ap-

310 1887 367 1908 tare
383 1888 432 1907 nos
448 1879 595 1915 possimus,
611 1877 661 1913 ipsi
678 1877 823 1909 miserunt,
837 1879 865 1903 et
885 1874 964 1902 nobis
978 1874 1029 1901 ista
1044 1874 1091 1901 de-

310 1929 449 1955 clararunt
465 1935 471 1952 :
489 1925 584 1953 Simon
600 1924 692 1955 hodie,
710 1921 940 1958 quemadmodum
952 1919 1090 1956 promisit,

311 1978 423 2008 paratus
437 1976 488 2004 est,
501 1971 594 1998 venire
608 1977 700 1998 coram
714 1969 852 1999 omnibus.
869 1972 900 1995 ut
913 1966 1040 1995 ostendat
1056 1974 1089 1993 ex

313 2017 461 2052 Scripturis
475 2026 481 2043 :
496 2016 567 2043 hunc
582 2015 627 2050 qui
645 2015 744 2042 coelum
760 2019 787 2041 et
801 2019 902 2041 terram
945 2013 1092 2047 omniaque

312 2064 340 2090 in
355 2064 389 2090 iis
401 2062 536 2090 exstantia
544 2061 675 2092 condidit,
685 2067 739 2087 non
751 2067 811 2087 esse
818 2059 903 2086 Deum
915 2065 1090 2093 supremum;

314 2109 361 2137 sed
385 2109 470 2136 alium
482 2107 613 2134 exsistere
637 2105 782 2140 quemdam
806 2104 975 2139 incognitum
998 2108 1026 2131 et
1047 2111 1095 2130 stt-

313 2161 448 2189 premum,
463 2153 533 2180 utin
548 2151 730 2179 ineiIabilibus
743 2150 917 2178 exsistentcm
935 2149 1020 2176 Deum
1029 2149 1094 2177 deo-

1122 260 1182 286 οὖτε
1197 260 1268 286 κατὰ
1283 259 1330 286 τοῦ
1345 258 1412 285 Θεοῦ
1429 257 1563 288 πιστεύω,
1579 255 1641 282 οὔτε
1662 254 1732 282 κατὰ
1755 254 1813 281 τῶν
1830 254 1860 280 ὲν
1873 255 1910 288 τῷ

1123 307 1197 342 νόμῳ
1220 305 1431 341 ἀναγραφέντων
1451 303 1573 334 δικαίων,
1593 301 1699 333 ἀσεϐῶς
1713 301 1826 336 φρονεῖν
1844 309 1910 335 προ-

1123 352 1267 388 λαμϐάνων
1282 351 1314 378 ³⁸.
1338 351 1382 382 Ὠς
1396 350 1451 385 γὰρ
1465 348 1626 384 πέπεισμαι,
1643 347 1704 374 οὔτε
1721 346 1809 382 Ἀδὰμ
1825 355 1912 381 παρα-

1124 398 1210 434 ϐάτης
1223 395 1268 433 ἦν,
1281 397 1296 424 ό
1311 397 1363 424 ὑπὸ
1379 395 1432 422 τῶν
1445 395 1492 421 τοῦ
1514 394 1582 420 Θεοῦ
1598 393 1697 429 χειρῶν
1717 391 1910 427 κυοφορηθείς·

1124 443 1185 470 οὔτε
1199 443 1260 470 Νῶε
1285 442 1401 478 μέθυσος
1417 439 1452 476 ἦν
1462 460 1470 473 ,
1486 442 1500 467 ό
1513 440 1584 476 ὑπὲρ
1596 439 1620 455 ⁸⁸
1634 439 1722 466 πάντα
1746 438 1793 464 τὸν
1811 438 1913 472 κόσμην

1124 490 1228 521 δίκαιος
1252 488 1383 524 εὑρεθείς
1408 487 1471 514 οὔτε
1485 487 1513 513 δὲ
1531 485 1655 521 Ἀϐραὰμ
1668 485 1756 520 τρισὶν
1777 484 1841 519 ἅμα
1854 492 1913 510 συν-

1124 535 1198 571 ᾖειδι
1215 534 1346 569 γυναιξὶν,
1376 535 1390 560 ό
1405 533 1449 559 διὰ
1459 531 1635 568 σωφροσύνην
1651 529 1838 571 πολυτεκνίας
1851 537 1915 555 κατ-

1126 581 1263 614 αξιωθείς·
1289 579 1350 606 οὔτε
1377 577 1474 605 Ἰακὼὸ
1497 577 1623 612 τετρὰσιν
1644 575 1793 607 ἐκοινώνει,
1815 567 1856 601 ὧν
1871 574 1915 601 δύο

1126 628 1174 655 καὶ
1189 627 1300 661 ἀδελφαὶ
1314 626 1336 641 δ’
1351 625 1507 659 ἐτύγχανον,
1523 624 1554 655 ὃς
1562 622 1675 649 δεκαδύο
1688 621 1778 656 φυλῶν
1788 620 1915 655 ὑπάρξας

1127 675 1217 710 πατὴρ
1232 674 1279 701 καὶ
1294 672 1343 708 τὴν
1359 671 1406 698 τοῦ
1421 669 1585 697 Διδασκάλου
1595 668 1672 703 ἡμῶν
1687 666 1843 703 παρουσίαν
1859 665 1916 700 Lar;-

1130 729 1212 756 μανεν
1229 719 1325 745 ἐλθεῖν-
1336 717 1366 744 οὐ
1379 716 1499 751 Μωῦσῆς
1509 715 1605 750 φονεὺς
1613 711 1657 748 ἦν,
1666 713 1713 739 καὶ
1729 711 1808 747 παρὰ
1822 710 1917 746 ἱερέως

1129 766 1244 793 εἰδώλων
1250 765 1273 781 ⁸³
1279 764 1381 800 κρίνειν
1391 763 1402 789 ὲ
1406 762 1547 798 μάνθανεν,
1558 762 1573 787 ό
1583 758 1723 794 παντὶ
1729 758 1767 793 τῷ
1779 756 1863 784 αἰῶνι
1875 756 1918 782 τὺν

1128 812 1176 838 τοῦ
1191 811 1259 838 Θεοῦ
1275 811 1356 846 νόμον
1372 807 1562 844 προφητεύσας
1574 806 1622 832 καὶ
1635 805 1668 831 δι’
1682 804 1765 840 ὀρθὴν
1782 803 1917 839 φρόνησιν

1093 877 1118 908 Β
1131 857 1225 889 πιστὸς
1239 855 1380 891 οἰκονόμος
1397 850 1592 890 μαρτυρηθείς.

1165 902 1231 930 Llll.
1246 902 1319 937 Πλὴν
1332 901 1379 927 καὶ
1392 899 1494 926 τούτων
1511 907 1552 925 σοι
1572 897 1623 933 τὴν
1637 896 1759 923 ἐπίλυσιν
1778 895 1854 932 μετὰ
1867 895 1918 921 τῶν

1129 949 1229 985 ὁμοίων
1242 948 1288 975 ἐπὶ
1302 946 1397 983 καιροῦ
1412 945 1532 981 παρέξω.
1553 943 1607 970 Τοῦ
1622 944 1651 970 δὲ
1659 942 1766 974 λοιποῦ,
1786 941 1829 973 ὡς
1844 942 1918 977 ὁρᾷς.

1130 994 1223 1029 ἐπειδὴ
1238 993 1340 1028 ἑσπέρα
1362 991 1533 1026 κατείληφεν,
1550 988 1585 1016 τὰ
1602 989 1720 1024 σήμερον
1739 987 1861 1023 ρηθέντα
1874 987 1918 1013 αὐ-

1129 1040 1238 1076 τάρκως
1252 1039 1346 1074 ἐχέτω.
1363 1037 1473 1064 ’Δλλστε
1490 1036 1520 1063 δὲ
1537 1036 1562 1062 sl
1578 1035 1601 1052 ⁸³
1626 1034 1726 1070 βούλει,
1741 1034 1809 1069 περὶ
1824 1029 1863 1060 ὧν
1879 1032 1919 1058 θέ-

1130 1086 1196 1118 λεις,
1219 1083 1327 1121 θαρρῶν
1350 1084 1427 1119 ἡμῶν
1450 1081 1597 1113 πυνθάνου,
1620 1081 1668 1107 καὶ
1680 1081 1760 1116 ἡμεῖς
1778 1078 1919 1114 χαίροντες

1131 1131 1235 1162 ἀόκνως
1267 1130 1439 1164 ὲπιλύσομεν.
1463 1129 1518 1154 Kal
1539 1127 1627 1154 ταῦτα
1651 1125 1735 1153 εἰπὼν
1758 1125 1917 1160 ἐγήγερται.

1131 1177 1187 1205 Kal
1204 1176 1291 1208 οὓτως
1306 1175 1408 1211 τροφῆς
1427 1172 1621 1210 μεταλαϐόντες
1638 1172 1679 1203 εἰς
1694 1170 1777 1197 ὕπνον
1801 1169 1918 1205 ἐτράπη-

1135 1231 1194 1258 μεν.
1209 1221 1374 1256 Κατειλήφει
1392 1219 1446 1255 γὰρ
1461 1220 1477 1255 ἡ
1492 1218 1549 1252 νύξ.

1437 1331 1558 1358 υΜἹΛΙΑ
1575 1330 1612 1357 Γ.

1170 1379 1191 1406 Ι.
1208 1378 1259 1405 Δύο
1274 1378 1324 1414 μὲν
1338 1375 1385 1404 οὖν
1400 1376 1559 1403 διελθουσῶν
1575 1375 1696 1412 ἡμερῶν,
1713 1373 1918 1409 ἐπιφωσκούσῃ

1134 1425 1164 1453 δὲ
1184 1425 1290 1461 τρίτης,
1307 1423 1375 1459 πρὸς
1388 1422 1419 1449 τὺ
1440 1422 1612 1457 διαλεχθῆναι
1627 1421 1667 1457 τῷ
1689 1420 1793 1456 Σίμωνι
1817 1419 1919 1452 ἐξυπνι-

1137 1471 1210 1502 σθεὶς
1225 1469 1280 1505 ἐγὼ
1294 1469 1409 1504 Κλήμης
1423 1468 1470 1495 καὶ
1481 1468 1506 1494 οἱ
1522 1467 1645 1499 συνόντες
1659 1468 1760 1502 ἑταῖροι
1774 1465 1799 1481 ⁵⁸
1814 1465 1865 1491 ὑπὸ
1874 1463 1918 1494 τὰς

1137 1517 1264 1553 δευτέρας
1285 1514 1538 1550 τῶνόλεκτρυόνων
1554 1513 1655 1549 φωνὰς,
1678 1512 1796 1548 εὕρομεν
1813 1511 1859 1537 τὸν
1875 1510 1919 1545 μὲν

1137 1564 1232 1598 λύχνον
1248 1562 1288 1588 ἔτι
1305 1561 1442 1596 φαίνοντα,
1457 1560 1503 1586 τὸν
1519 1560 1547 1586 δὲ
1562 1560 1664 1594 Πέτρον
1678 1557 1823 1592 γονυκλινῆ
1840 1562 1917 1591 προσ-

1138 1610 1292 1645 ευχόμενον.
1312 1607 1479 1638 Συντελέσας
1501 1605 1547 1632 οὖν
1561 1606 1613 1640 τὴν
1627 1605 1729 1641 δέησιν,
1746 1600 1918 1638 ἐπιστραφεὶς

1138 1656 1185 1682 καὶ
1206 1655 1267 1681 ἰδὼν
1287 1653 1362 1689 ἡμᾶς
1384 1653 1453 1689 πρὸς
1475 1652 1507 1678 τὸ
1531 1651 1647 1678 ἀκοῦσαι
1669 1650 1786 1685 ἑτοίμως
1802 1649 1918 1684 ἔχοντας,

1139 1701 1202 1736 ἔφη’

1174 1745 1206 1772 ll.
1220 1744 1366 1772 Γινώσκειν
1376 1743 1447 1779 ὑμᾶς
1459 1741 1539 1775 θέλω,
1549 1742 1590 1769 ὅτι
1604 1742 1628 1769 οἱ
1641 1741 1701 1768 καθ’
1712 1740 1849 1777 ἡμετέραν
1859 1737 1918 1774 πρό-

1139 1800 1214 1818 νοιαν
1234 1791 1359 1822 συνόντες
1376 1789 1415 1824 τῷ
1435 1789 1552 1825 Σίμωνι,
1569 1788 1642 1819 ὅπως
1663 1787 1712 1818 τὰς
1728 1786 1826 1822 βουλὰς
1843 1782 1919 1812 αὕτοῦ

1141 1837 1322 1873 μανθάνοντες
1344 1835 1530 1863 ὑποϐάλλωσιν
1543 1835 1618 1870 ἡμῖν,
1639 1834 1683 1860 ἶνα
1697 1832 1841 1867 δυνώμεθα
1858 1828 1919 1865 πρὸς

1140 1883 1189 1919 τὴν
1205 1882 1254 1918 τῆς
1274 1881 1373 1913 κακίας
1388 1880 1469 1908 αὑτοῦ
1491 1879 1627 1907 ποικιλίαν
1642 1878 1828 1915 ἁρμόσασθαι,
1852 1876 1919 1903 αὐτοὶ

1140 1929 1298 1965 πέμψαντες
1312 1927 1448 1963 ἐδήλωσαν
1460 1927 1525 1961 ἡμῖν
1538 1925 1671 1960 λέγοντες·
1690 1924 1779 1959 Σίμων
1798 1923 1918 1959 σήμερον,

1141 1975 1213 2002 καθὰ
1225 1973 1396 2006 συνετάξατο,
1411 1972 1519 2007 ἕτοιμός
1530 1972 1604 1998 ἐστιν
1618 1971 1672 1998 ἀπὸ
1685 1970 1739 1996 τῶν
1755 1969 1871 2006 Γραφῶν
1880 1968 1920 1993 ἐπὶ

1142 2021 1251 2048 πάντων
1273 2019 1356 2047 ὲλοὼν
1379 2017 1582 2049 ἀποδεικνύειν,
1609 2017 1645 2052 μὴ
1670 2016 1762 2043 τοῦτον
1861 2012 1920 2040 εἶναι

1142 2066 1208 2093 Θεδν
1223 2064 1368 2096 ἀνώτατον,
1383 2064 1412 2095 ὃς
1423 2063 1535 2099 οὐρανὸν
1550 2062 1639 2089 ἔκτισε
1652 2061 1699 2088 καὶ
1712 2061 1764 2096 γῆν
1778 2062 1827 2087 καὶ
1842 2060 1920 2086 πάντα

1142 2111 1177 2138 τὰ
1190 2111 1214 2127 ⁸⁸
1227 2111 1256 2137 ὲν
1269 2110 1370 2141 αὐτοῖς,
1386 2109 1454 2136 ἀλλὰ
1474 2109 1552 2136 ἄλλον
1565 2107 1625 2134 τινὰ
1645 2107 1782 2141 ἄγνωστον
1800 2107 1848 2133 καὶ
1862 2104 1921 2132 ἀνώ-

1143 2164 1233 2187 τατον,
1257 2155 1295 2187 ὡς
1318 2155 1347 2181 ὲν
1372 2155 1536 2190 ἀπορρήτοις
1559 2154 1623 2180 ὄντα
1641 2152 1706 2181 Θεὸν
1728 2152 1808 2180 θεῶν·
1833 2151 1862 2182 ὃς
1883 2149 1922 2176 δῦο

314 2208 386 2233 rum.
400 2200 447 2235 qui
461 2199 531 2227 duos
545 2199 649 2226 miserit
664 2197 740 2229 deos,
755 2204 790 2223 ex
804 2196 905 2231 quibus
919 2196 987 2223 alter
998 2195 1092 2222 mundi

1145 2200 1248 2236 ἔπεμψε
1264 2200 1350 2231 θεοὺς,
1366 2199 1411 2234 ἀφ’
1424 2197 1462 2226 ὧν
1482 2200 1497 2225 ό
1515 2199 1564 2234 μὲν
1578 2195 1618 2230 εἷς
1636 2198 1709 2224 ἐστιν
1723 2198 1738 2223 ὁ
1754 2197 1857 2232 κόσμον
1874 2195 1923 2221 κτί-

315 2249 432 2275 creator.
448 2245 516 2272 alter
530 2244 596 2279 legis
613 2243 701 2271 dator.
726 2242 813 2277 Atque
830 2242 889 2269 haac
908 2241 998 2269 dicere
1013 2241 1093 2267 moli-

318 2297 372 2323 tur,
387 2296 417 2318 ut
428 2295 528 2318 rectam
540 2290 618 2317 fidem
632 2297 727 2317 eorum
742 2289 890 2320 subverlat,
905 2287 951 2322 qui
967 2295 1050 2314 unum
1063 2294 1096 2314 ac

318 2338 406 2366 solum
427 2337 511 2364 Deum
534 2340 684 2364 creatorem
713 2334 775 2362 cmli
799 2338 826 2361 et
849 2338 928 2360 teme
954 2332 1094 2360 adoraturi

317 2389 391 2412 sunt.

352 2441 394 2469 III.
406 2439 468 2468 llaec
480 2440 592 2467 audiens
603 2446 659 2474 quo
672 2439 752 2466 modo
764 2445 816 2464 non
828 2437 940 2464 moleste
954 2436 1076 2463 tulissem
1088 2436 1099 2462 ?

317 2487 452 2520 Quocirca
473 2490 501 2513 ct
522 2493 570 2512 vos
588 2492 694 2512 mecum
716 2485 895 2511 consistentes
909 2483 1007 2510 fratres
1028 2482 1098 2509 seire

318 2533 390 2559 volui
407 2553 415 2564 ,
433 2539 486 2559 non
509 2531 681 2559 mediocriter
694 2530 786 2557 animo
801 2537 844 2556 me
857 2529 958 2560 dolere,
972 2528 1036 2555 dum
1057 2527 1094 2553 vi-

318 2578 380 2611 deo,
398 2577 537 2606 diabolum
551 2577 661 2612 quidem
674 2576 709 2604 ad
724 2576 848 2602 homines
869 2574 1012 2602 tentandos
1026 2573 1097 2608 vigi-

320 2624 386 2657 lare,
402 2625 528 2652 homines
542 2631 608 2651 vero
621 2623 700 2658 plane
716 2622 850 2657 negligere
872 2621 986 2648 salutem
1007 2628 1096 2648 suam.

1149 2255 1208 2278 σας,
1225 2247 1239 2273 ό
1253 2246 1281 2272 δὲ
1295 2246 1387 2281 ἕτερος
1401 2246 1415 2272 ό
1427 2244 1473 2271 τὸν
1486 2245 1566 2279 νόμον
1580 2243 1650 2275 δούς.
1672 2243 1727 2269 Καὶ
1740 2242 1829 2269 ταῦτα
1844 2248 1922 2277 μηχα-

1148 2290 1225 2315 νᾶται
1234 2288 1332 2322 λέγειν,
1345 2289 1417 2319 ὅπως
1431 2287 1485 2314 τῶν
1498 2287 1542 2314 τὸν
1557 2287 1605 2313 ἕνα
1620 2287 1665 2313 καὶ
1688 2287 1767 2322 μόνον
1782 2286 1923 2322 μελλόντων

1149 2334 1237 2361 σέϐειν
1257 2334 1333 2365 Θεὸν,
1351 2334 1380 2365 ὃς
1394 2333 1507 2369 οὐρανὸν
1523 2333 1613 2359 ἔκτισε
1632 2333 1680 2359 καὶ
1695 2333 1758 2368 γῆν,
1779 2333 1832 2368 τὴν
1851 2330 1923 2366 ὀρθὴν

1149 2379 1303 2416 προεκλύσῃ
1317 2380 1338 2396 ⁸⁷
1353 2379 1454 2406 πίστιν.

1184 2437 1227 2464 Ill.
1243 2437 1334 2464 Ταῦτα
1349 2435 1469 2468 ἀκούσας
1482 2435 1540 2466 πῶς
1553 2435 1603 2461 οὐκ
1618 2434 1650 2461 ἂν
1665 2434 1813 2470 ὴθύμησα;
1828 2433 1871 2460 Διὸ
1884 2431 1923 2458 καὶ

1150 2483 1220 2518 ὑμᾶς
1229 2483 1262 2514 ⁸³,
1272 2483 1335 2513 τοὺς
1345 2481 1473 2512 συνόντας
1483 2490 1527 2516 μοι
1538 2481 1678 2515 ἀδελφοὺς,
1689 2481 1788 2507 εἰδέναι
1805 2481 1923 2516 ἠθέλησα.

1149 2528 1186 2560 ὡς
1200 2529 1230 2554 οὐ
1248 2528 1364 2563 μετρίως
1378 2527 1428 2562 τὴν
1442 2527 1530 2562 ψυχὴν
1541 2526 1627 2561 ἀλγῶ,
1649 2527 1749 2562 ἐνορῶν
1764 2527 1811 2554 τδν
1826 2526 1873 2562 μὲν
1884 2532 1923 2550 πο-

1150 2575 1230 2610 νηρὸν
1246 2574 1313 2610 πρὸς
1329 2573 1442 2608 δοκιμὴν
1457 2572 1606 2609 ἀνθρώπων
1621 2572 1804 2608 ἐγρηγορότα,
1823 2571 1881 2602 τοὺς
1900 2569 1923 2596 δὲ

1150 2619 1308 2655 ἀνθρώπους
1321 2619 1371 2654 τῆς
1385 2618 1489 2645 ἑαυτῶν
1513 2618 1647 2653 σωτηρίας
1670 2618 1741 2645 πάνυ
1755 2617 1920 2653 ἀμελοῦντας.

947 2676 1063 2704 νΑΙιυΕ
1096 2675 1298 2704 LECTIONES.

356 2725 379 2741 ⁸⁸
391 2724 458 2752 νω).
477 2725 547 2752 πάνυ
564 2724 664 2755 καλῶς,
681 2724 735 2750 Kal
751 2724 765 2750 ό
782 2723 883 2759 Πέτρος
898 2722 1076 2759 ,ἀπεκρίνατο
1090 2722 1146 2749 des.
1168 2723 1207 2759 in»
1217 2721 1247 2749 Ο.
1258 2756 1278 2759 Δ.
1289 2721 1319 2759 _‘_’
1331 2719 1515 2759 προλαμόρνει
1526 2720 1548 2746 Ο
1562 2739 1569 2752 ,
1589 2718 1682 2759 ξῃ-ςιιξ.
1705 2726 1795 2759 marg.
1811 2718 1918 2759 alaman-

320 2756 386 2796 ig'tiea
408 2760 478 2796 κατὰ
493 2760 575 2796 νόμου
591 2754 733 2796 λεγόμενα.
750 2793 769 2796 Δ.
787 2754 875 2796 ἔχον
941 2754 1106 2796 V_id_.__s_upra
1117 2756 1279 2796 ἐξέϐη-,ξ’
1289 2755 1384 2796 Melius
1394 2754 1485 2796 Δ(ξυνῆν
1498 2754 1527 2780 S.

323 2767 386 2786 νουα
408 2767 478 2787 κατα
493 2767 575 2796 νόμου
592 2767 733 2794 Λεγομενα.
787 2767 828 2783 ⁷ἐ
847 2767 875 2784 ον
890 2767 920 2784 υ.
945 2767 1000 2784 νια.
1026 2767 1044 2783 Si

321 2794 433 2829 ἀδελφαί
446 2795 632 2822 desiderantur
645 2795 671 2821 in
679 2793 710 2821 Ο.
748 2767 924 2829 δἐίδιῶιουςὶἶ
959 2791 1044 2829 “ait?

322 2827 459 2863 ἄγνωστον
476 2830 522 2856 καί
536 2837 589 2857 non
602 2829 719 2857 exhibet.
754 2829 775 2844 "
793 2827 969 2863 προσεκλύσει
984 2827 1016 2852 C.

1588 2753 1611 2769 “
1621 2753 1688 2780 Vbb.
1706 2753 1881 2783 πολυτεκνίας
1895 2763 1920 2770 -·

1053 2785 1197 2861 ἐτεῇοὸ
1226 2791 1344 2825 ⁸⁸ἒτεροι
1355 2785 1469 2816 cura!
1486 2789 1642 2824 transcripsi
1653 2787 1716 2816 e10
1732 2789 1794 2824 ,qui
1806 2785 1919 2816 vocabula
