1945 3101
229 130 265 157 931
638 129 667 156 S.
687 127 906 161 CLEMENTISJ
920 128 1003 157 ΗΘΜ.

1077 129 1121 157 ιτ.
1138 128 1253 158 OPERA
1267 128 1380 158 DUBIA.

233 186 344 222 guinem
367 194 373 213 :

231 234 326 267 sicque
339 236 433 266 postea
446 240 529 259 carne
544 233 674 265 solidata,
686 232 825 260 hominem
838 240 891 259 non
907 240 923 260 e
938 237 1021 266 terra,

231 280 278 306 sed
294 286 327 305 ex
343 286 406 305 aere
431 278 554 312 protulit.
573 278 665 313 Atque
690 278 764 306 hunc
788 278 816 306 in
836 278 947 305 modum
970 278 1022 306 sibi

230 324 401 359 persuadens
420 324 543 358 potuisse
558 332 574 351 a
594 332 624 352 se
643 324 732 352 creari
753 332 854 351 nouum
871 324 1021 358 hominem,

227 371 267 397 ait
288 378 318 397 se
331 377 393 397 eum
405 390 412 400 ,
432 369 560 397 resolutis
582 370 824 403 conversionibus,
840 378 949 398 rursum
961 370 1022 397 aeri

229 415 393 443 reddidisse.
412 416 478 449 Qua:
504 424 566 443 cum
592 416 654 444 aliis
677 417 796 449 diceret,
812 417 989 450 credebatur;
1006 424 1022 444 a

233 462 312 489 nobis
328 470 404 493 vero,
420 462 467 496 qui
483 462 660 489 adfueramus
673 462 733 497 ejus
748 462 896 498 mysteriis,
907 462 952 497 pie
966 470 1022 489 non

233 508 405 536 credebatur.
423 509 605 542 Quapropter,
616 508 758 542 damnata,
770 507 910 543 impietate
924 508 1021 536 abces-

235 553 323 582 simns
339 554 374 581 ab
385 562 428 580 eo.

270 598 377 626 XXVII.
401 598 463 626 Haec
481 607 543 626 cum
559 598 656 634 Aquila
671 598 796 632 dixisset,
809 599 894 627 frater
903 600 963 635 ejus
977 599 1024 627 Ni-

234 651 309 673 cetas
324 646 362 672 ait
376 655 381 672 :
405 645 521 672 Necesse
547 650 589 673 est
601 666 608 678 ,
626 645 711 673 frater
723 652 815 673 noster
836 646 973 680 Clemens,
990 655 1023 674 ea

235 699 278 718 me
288 699 514 724 commemorare,
527 699 588 726 quae
599 691 632 718 ab
644 691 742 726 Aquila
753 692 935 727 praetermissa
949 697 1022 722 sunt.

234 737 328 764 Primo
344 737 470 772 equidem
488 737 559 765 Deus
578 738 655 765 testis
675 742 728 771 est,
743 746 794 766 nos
810 738 836 765 in
853 739 928 766 nullo
941 746 1024 774 opere

236 783 322 818 impio
335 791 397 811 enm
417 783 554 818 adjuvisse
565 804 573 817 ,
587 783 632 811 scd
645 803 652 816 ,
676 784 723 811 illo
750 784 868 812 faciente
878 805 886 818 ,
913 789 1021 812 tantum

235 836 393 864 spectasse;
412 834 439 856 et
451 829 572 864 quamliu
587 837 669 864 opera
689 830 800 857 innoxia
821 830 932 863 edebat,
947 830 1023 857 dele-

235 875 377 902 ctabantur
396 883 461 902 sane
480 883 488 908 ;
514 875 623 909 quando
645 881 736 903 autem
761 884 822 911 quae
838 884 886 911 per
905 877 1022 912 magiam

234 921 345 953 tiebant,
362 929 409 956 per
421 921 590 949 divinitatem
610 930 638 949 se
651 921 751 956 facere,
764 923 798 950 ad
813 924 872 958 pios
895 924 1023 953 homines

234 967 420 1001 decipiendos,
433 967 513 999 dixit,
530 975 585 994 non
599 968 717 1002 amplius
734 976 796 996 eum
811 970 885 1004 passi
907 978 1004 998 sumus
1014 991 1022 1004 ,

234 1012 361 1046 quamvis
376 1013 462 1039 multa
479 1013 557 1040 nobis
572 1014 761 1048 promitteret;
778 1016 895 1049 primum
911 1016 1022 1050 quidem

234 1057 293 1084 fore
308 1063 338 1084 ut
355 1059 484 1093 templum
499 1059 578 1086 nobis
593 1063 620 1086 et
631 1063 728 1087 statuae
742 1060 925 1095 erigerentur,
940 1067 1023 1097 atque

234 1103 270 1130 dii
286 1104 517 1138 existimarentur,
534 1109 561 1132 et
576 1113 591 1132 a
609 1105 718 1140 populis
730 1106 895 1141 colcremur,
909 1113 935 1135 et
951 1116 965 1135 a
981 1116 1023 1136 re-

234 1150 315 1184 gibus
332 1151 589 1186 magnilicaremur,
615 1157 697 1187 atque
721 1152 885 1180 donaremnr
906 1155 1023 1189 publicis

235 1195 401 1230 honoribus,
419 1205 468 1224 nec
485 1204 540 1224 non
562 1196 668 1224 inllnita
685 1197 711 1224 vi
736 1199 857 1232 pecunia:
877 1199 1023 1228 ditescere—

235 1250 309 1270 mus.

270 1289 392 1316 XXVIII.
407 1289 480 1323 llaec,
492 1294 519 1317 et
531 1290 583 1317 alia
596 1298 657 1325 quae
669 1297 800 1326 putantur
812 1292 927 1327 majora,
944 1293 1024 1322 nobis

235 1335 427 1370 pollicebatur,
441 1336 522 1363 modo
535 1341 566 1364 ut
578 1345 639 1364 eum
652 1345 685 1364 eo
700 1337 823 1366 viventes
835 1346 948 1373 pravum
964 1339 1023 1374 ejus

238 1381 368 1408 molimen
382 1386 546 1414 taceremus,
562 1390 617 1417 quo
630 1382 706 1410 fraus
721 1383 745 1410 ei
762 1384 918 1412 succederet
932 1393 939 1418 ;
955 1390 1025 1413 atta-

232 1435 299 1454 mncn
320 1428 425 1455 assensi
447 1436 501 1455 non
519 1436 636 1456 sumus:
659 1429 782 1464 quinimo
812 1431 956 1458 consilium
975 1432 1024 1460 de-

231 1472 339 1505 .dimus,
364 1478 393 1500 ut
404 1474 439 1501 ab
460 1473 511 1501 ista
533 1475 658 1502 vecordia
673 1475 828 1508 desisteret,
843 1476 964 1504 dicentes
977 1478 1001 1505 ei
1016 1487 1022 1505 :

401 190 428 214 et
449 193 483 214 ex
509 186 643 221 sanguine
658 190 788 214 concreto
807 194 920 214 carnem
936 186 1020 220 fecit;

1077 186 1122 222 τῆς
1137 186 1237 222 σαρκὸς
1250 185 1396 222 παγείσης,
1410 185 1554 222 ἄνθρωπον
1564 186 1614 213 οὒκ
1625 187 1679 214 ἀπὸ
1688 187 1751 223 γῆς,
1764 187 1836 215 ἀλλὰ
1849 188 1877 203 ⁸⁸

1074 232 1104 264 ἐξ
1119 232 1199 268 ἀέρος
1211 231 1358 264 ἀναδεῖξαι.
1375 232 1430 259 Καὶ
1447 231 1532 263 οὕτως
1548 232 1644 260 ἑαυτὸν
1660 233 1758 265 πείσας
1772 233 1877 260 καινὸν

1072 278 1215 314 ἄνθρωπον
1224 279 1278 314 62
1287 278 1417 306 δύνασθαι
1430 279 1552 313 ποιῆσαι,
1562 278 1611 311 τὰς
1624 279 1726 316 τροπὰς
1740 280 1876 307 ἀναλύων

1073 324 1154 351 πάλιν
1174 325 1377 352 ἀποδεδωκέναι
1395 324 1472 359 ἔλεγε
1488 324 1527 360 τῷ
1548 325 1619 362 ἀέρι.
1637 325 1692 352 Καὶ
1706 324 1792 352 ταῦτα
1815 325 1876 361 μὲν

1072 371 1162 402 ἄλλοις
1177 371 1262 404 λέγων
1285 371 1453 403 ἐπιστεύετο,
1471 371 1516 406 ὑφ’
1538 371 1617 407 ἡμῶν
1632 371 1661 398 δὲ
1676 371 1731 398 τῶν
1748 371 1795 400 ἐπὶ
1817 380 1875 398 τε-

1071 415 1136 452 λετῇ
1151 417 1347 452 συμπαρόντων
1362 416 1481 448 εὐσεϐῶς
1498 417 1646 451 ὴπιστεῖτο.
1664 416 1720 450 Διὸ,
1737 417 1877 449 ἀσεϐείας

1071 462 1262 497 καταγνόντες,
1279 462 1439 499 ἀπέστημεν
1454 462 1536 490 αὑτοῦ
1547 463 1578 490 ⁸⁷.

1106 605 1213 632 XXVII.
1222 604 1313 632 Ταῦτα
1323 604 1370 632 τοῦ
1384 604 1483 631 ’Δκύλα
1492 604 1622 637 εἰπόντος,
1632 604 1646 630 ὁ
1656 603 1769 639 ἀδελφὸς
1779 603 1874 631 αὑτοῦ

1072 652 1195 688 Νικήτης
1208 651 1271 687 ἔφη’
1289 651 1454 686 Ἃναγκαῖόν
1470 651 1553 683 ἐστιν,
1574 651 1673 685 ἀδελφὲ
1690 650 1769 686 ἡμῶν
1787 650 1875 686 Κλή-

1075 707 1143 734 μης,
1160 698 1194 725 τὰ
1216 697 1434 733 παραλειφθέντα
1451 696 1490 732 τῷ
1513 696 1613 733 Ἀκύλᾳ
1630 697 1679 732 ἐμὲ
1695 696 1873 732 ὑπομνῆσαι.

1073 744 1185 780 Πρῶτον
1202 744 1250 779 μὲν
1262 743 1315 779 γὰρ
1329 743 1433 778 μάρτυς
1442 744 1456 770 ὁ
1470 743 1546 775 Θεὸς,
1557 743 1595 775 ὡς
1609 743 1685 770 οὐδὲν
1697 742 1771 778 αὐτῷ
1783 743 1876 778 ἡμεῖς

1074 790 1312 826 συνειργασάμεθα
1329 789 1436 821 ἀσεϐὲς,
1452 789 1508 816 ἀλλ’
1521 790 1573 821 ὅτι,
1586 789 1668 816 αὑτοῦ
1685 789 1875 825 πράσσοντος,

1074 837 1257 872 ἱστορήσαμεν
1266 836 1306 852 ⁸⁸⁸
1325 836 1371 863 καὶ
1397 831 1493 871 μέχρις
1516 836 1560 862 ὅτε
1581 835 1686 871 ἀϐλαϐῆ
1702 835 1785 862 ποιῶν
1800 835 1876 861 ἐπε-

1071 882 1205 914 δείκνυτο,
1217 882 1264 909 καὶ
1278 881 1458 917 ὲτερπύμεθα·
1472 883 1515 909 ὅτε
1532 882 1560 909 δὲ
1576 881 1610 908 τὰ
1623 881 1722 917 μαγεία
1735 881 1878 916 γινόμενα

1074 929 1191 964 θειότητι
1199 929 1222 944 δ’
1234 930 1320 956 ποιεῖν
1333 928 1403 964 προς
1412 927 1520 964 ἀπάτην
1536 927 1668 954 θεοσεϐῶν
1682 927 1784 961 ἔλεγεν,
1801 926 1876 953 οὐκ-

1073 975 1113 1002 έτι
1126 975 1149 991 ⁸⁰
1178 975 1259 1002 αὐτοῦ
1283 974 1461 1010 ἠνεσχόμεθα,
1480 974 1566 1000 καίτοι
1592 973 1677 1000 πολλά
1697 972 1877 1007 ἐπαγγελλο-

1075 1021 1156 1056 μένου
1172 1022 1252 1056 ἠμῖν,
1269 1020 1377 1057 πρῶτον
1395 1021 1443 1055 μὲν
1468 1019 1530 1047 ναδν
1545 1020 1591 1046 καὶ
1607 1019 1768 1055 ἀνδριάντας
1785 1018 1878 1054 ἡμῶν

1073 1067 1328 1102 κατασκευασθῆναι
1339 1067 1371 1099 ⁵¹,
1388 1067 1435 1093 καὶ
1458 1066 1536 1098 θεοὺς
1551 1065 1726 1101 νομισθῆναι,
1744 1064 1792 1091 καὶ
1813 1064 1877 1091 ὑπὸ

1074 1113 1160 1148 ὄχλων
1177 1113 1409 1148 προσκυνηθῆναι,
1421 1113 1467 1140 καὶ
1479 1113 1531 1140 ὑπὸ
1546 1112 1676 1147 βασιλέων
1692 1111 1874 1146 δοξασθῆναι,

1074 1158 1121 1185 καὶ
1131 1158 1267 1194 δημοσίων
1280 1159 1367 1194 τιμῶν
1378 1157 1576 1193 καταξιωθῆναι
1590 1158 1637 1184 καὶ
1650 1158 1786 1194 χρήμασιν
1797 1157 1876 1184 ἀπε-

1076 1203 1221 1240 ριορίστοις
1237 1204 1396 1240 πλουτῆσαι.

1109 1291 1229 1320 XXVIII.
1248 1291 1341 1318 Ταῦτά
1355 1300 1383 1318 τε
1400 1291 1446 1318 καὶ
1462 1291 1497 1318 τὰ
1511 1291 1614 1322 τούτοις
1630 1289 1739 1326 μείζονα
1749 1289 1771 1305 ⁵¹
1784 1298 1872 1324 νομι-

1075 1339 1176 1374 ζόμενα
1190 1339 1256 1374 ἡμῖν
1265 1338 1398 1373 ὑπέσχετο
1409 1338 1441 1368 ⁵³,
1460 1337 1538 1373 μόνον
1556 1337 1598 1363 ἴνα
1615 1336 1738 1368 συνόντες
1751 1335 1827 1371 αὐτῷ
1836 1336 1874 1362 τὸ

1074 1385 1125 1420 τῆς
1140 1384 1322 1420 ἐγχειρήσεως
1339 1384 1422 1411 κακὸν
1439 1383 1599 1418 σιωπῶμεν,
1615 1381 1658 1409 ἵνα
1674 1382 1748 1418 αὐτῷ
1763 1381 1798 1408 τὰ
1815 1381 1873 1416 τῆς

1075 1431 1182 1467 ἀπάτης
1200 1431 1340 1466 προκόπτῃ
1351 1450 1359 1461 ,
1382 1430 1429 1456 καὶ
1445 1430 1520 1465 ὅμως
1542 1430 1572 1456 οὐ
1595 1428 1778 1463 συνεθέμεθα,
1795 1428 1873 1455 ἀλλὰ

1076 1477 1122 1504 καὶ
1138 1477 1219 1503 αὐτὸν
1238 1477 1291 1512 63
1318 1477 1366 1512 τῆς
1391 1476 1519 1511 τοιαύτης
1537 1474 1667 1506 ἀπονοίας
1691 1473 1828 1500 παύεσθαι
1846 1474 1874 1489 ⁵⁵

237 1518 303 1551 Nos,
317 1519 422 1552 Simon,
434 1520 573 1553 amicitiae,
589 1528 671 1555 quam
688 1525 777 1547 tecum
793 1529 807 1548 a
824 1522 939 1556 pueritia
955 1531 1022 1550 con—

1078 1522 1327 1558 συνεϐουλεύσαμεν
1339 1542 1346 1553 ,
1369 1521 1494 1556 λέγοντες
1518 1521 1602 1557 αὐτῷ·
1621 1521 1734 1556 Ἡμεῖς,
1753 1520 1850 1556 Σίμων
1864 1540 1872 1552 ,

236 1565 389 1598 traximus,
407 1573 557 1599 memores,
572 1571 653 1601 teque
676 1572 809 1598 amantes,
828 1568 903 1594 utilia
924 1577 1025 1596 consu-

236 1611 319 1639 limus
333 1620 340 1638 :
354 1619 430 1639 cessa
448 1612 483 1639 ab
504 1611 660 1646 hujusmodi
681 1613 779 1640 audaci
804 1613 940 1640 facinore:
957 1615 1025 1643 deus

236 1665 297 1685 esse
316 1665 370 1684 non
389 1662 485 1692 potes;
502 1658 567 1686 time
581 1666 643 1686 eum
665 1659 711 1693 qui
735 1667 798 1686 vere
822 1659 893 1687 Deus
906 1665 963 1692 est;
976 1667 1025 1686 co-

237 1711 336 1739 gnosce
352 1708 377 1731 te
384 1711 444 1732 esse
455 1704 603 1738 hominem,
620 1704 755 1739 breveque
766 1712 826 1732 esse
837 1710 946 1739 tempus
964 1706 1026 1733 vitae

238 1754 300 1777 tute.
317 1749 478 1784 Quanquam
503 1750 648 1777 admodum
673 1751 794 1784 locuples
814 1752 856 1778 vel
877 1752 959 1779 etiam
978 1760 1026 1779 rex

237 1795 460 1829 evadas,exiguo
471 1796 533 1822 vita:
547 1796 635 1831 spatio
648 1804 732 1831 pauca
750 1801 814 1824 sunt
828 1797 929 1832 quibus
950 1798 1024 1826 frue-

238 1842 296 1869 ris:
320 1846 348 1869 et
370 1850 431 1876 qua;
451 1842 533 1877 impie
556 1847 633 1877 parta
654 1848 729 1875 sunt,
751 1851 812 1870 cum
830 1843 884 1871 cito
908 1844 1023 1879 fugiant,

237 1895 368 1916 a-ternum
394 1889 557 1924 supplicium
580 1889 682 1916 homini
698 1889 836 1917 sceleroso
855 1894 1024 1924 comparant.

235 1935 329 1968 Quare
349 1941 476 1963 auctores
493 1935 540 1962 tibi
556 1943 662 1968 sumus,
679 1935 763 1963 Deum
780 1936 900 1963 verearis
913 1957 920 1969 ,
939 1945 954 1964 a
969 1945 1024 1971 quo

235 1982 353 2016 iudicari
366 1982 447 2010 debet
461 1982 678 2017 uniuscujusque
689 1982 780 2009 anima
797 1990 846 2018 pro
858 1983 892 2010 iis
909 1991 970 2017 quia:
982 1983 1026 2010 hic

235 2029 332 2062 gessit.

276 2073 372 2100 XXIX.
393 2072 456 2100 Haec
470 2074 516 2101 ille
537 2073 652 2100 audiens
677 2073 748 2101 risit.
777 2073 900 2109 Cumque
920 2075 1026 2102 dici-re-

236 2127 302 2147 cuius
317 2129 323 2146 :
342 2119 397 2146 Cur
421 2127 471 2146 nos
487 2120 602 2150 irrides,
620 2119 667 2154 qui
690 2120 738 2146 tibi
759 2120 835 2147 utilia
857 2121 1026 2148 suademus?

239 2165 343 2198 Rideo,
359 2166 463 2200 inquit,
488 2165 598 2193 stultam
624 2165 779 2200 opinionem
797 2170 931 2197 vestram,
952 2167 1025 2201 quod

236 2212 358 2239 credatis
376 2211 558 2238 immortalem
571 2219 632 2239 esse
644 2212 762 2238 animant
784 2212 914 2239 hominis.
929 2211 962 2239 Et
973 2221 1024 2248 ego

238 2257 368 2292 respondi
382 2267 389 2284 :
407 2256 466 2284 Non
492 2257 643 2290 miramur,
659 2265 676 2284 ο
694 2257 800 2290 Simon,
816 2257 840 2285 si
857 2257 952 2285 fallere
973 2266 1024 2286 nos

237 2304 368 2337 conaris;
395 2304 442 2331 sed
469 2304 705 2338 obstupescimus,
732 2312 785 2339 qua
813 2305 919 2332 ratione
942 2305 1024 2332 etiam

237 2350 358 2385 teipsum
377 2350 508 2385 deciplas.
521 2350 610 2377 Ell'are
626 2350 703 2383 mihi,
718 2350 824 2383 Simon,
838 2351 890 2378 etsi
905 2351 1024 2378 aliorum

237 2403 322 2423 nemo
349 2400 517 2430 compertum
541 2396 640 2423 habeat
659 2396 778 2423 animam
802 2404 862 2424 esse
881 2396 1024 2423 immorta-

238 2441 304 2474 lem,
323 2445 352 2469 tu
366 2447 458 2469 tamen
472 2446 499 2469 et
512 2450 562 2469 nos
578 2441 729 2474 habemus;
745 2446 773 2469 tu
789 2443 899 2477 quidem
911 2464 918 2475 ,
935 2447 964 2469 ut
979 2443 1026 2477 qui

239 2495 300 2514 eam
317 2495 332 2514 a
354 2496 468 2522 corpore
491 2487 614 2515 humano
635 2488 768 2515 diremisti
781 2509 788 2520 ,
806 2489 858 2523 qui
875 2489 1027 2516 collocutus

237 2540 270 2561 es
280 2554 288 2565 ,
303 2533 351 2568 qui
376 2533 536 2568 imperasti;
553 2542 604 2562 nos
617 2541 682 2561 vero
692 2554 700 2566 ,
714 2539 743 2561 ut
757 2535 805 2569 qui
826 2534 966 2562 adfuimus
978 2556 985 2567 ,
999 2540 1026 2562 et

238 2577 383 2614 imperium
399 2580 564 2613 audivimus,
580 2584 607 2607 et
620 2580 694 2615 quod
711 2579 820 2615 jussum
840 2585 883 2608 est
905 2581 1024 2608 vidimus

1063 1568 1126 1604 ⁴⁴τῆς
1140 1570 1172 1596 ὲκ
1186 1569 1288 1595 παίδων
1304 1568 1394 1603 φιλίας
1411 1567 1480 1603 πρὸς
1496 1567 1526 1594 σε
1544 1567 1721 1603 μεμνημένοι,
1736 1566 1873 1602 στέργον-

1075 1615 1121 1646 τὲς
1135 1623 1164 1641 σε
1174 1615 1208 1646 ⁵⁵,
1218 1614 1252 1641 τά
1267 1615 1439 1650 συμφέροντα
1454 1613 1680 1649 συμϐουλεύομεν·
1699 1612 1800 1639 παῦσαι
1817 1613 1875 1647 τῆς

1076 1662 1203 1696 τοιαύτης
1218 1661 1330 1697 τόλμης·
1358 1660 1420 1692 θεὸς
1440 1658 1507 1686 εἶναι
1524 1659 1554 1686 οὒ
1586 1659 1708 1686 δύνασαι·
1733 1659 1874 1694 φοϐήθητι

1075 1707 1121 1734 τον
1136 1707 1219 1738 ὅντως
1242 1706 1316 1733 Θεόν·
1334 1705 1418 1740 γνῶθι
1432 1706 1472 1732 ὅτι
1489 1705 1629 1741 ἄνθρωπος
1646 1703 1670 1731 εἷ
1688 1705 1735 1731 καὶ
1757 1705 1801 1731 ὅτι
1820 1713 1874 1732 σου

1077 1753 1173 1789 μικρός
1187 1753 1259 1779 ἐστιν
1273 1752 1287 1777 ὁ
1303 1752 1353 1787 τῆς
1363 1751 1436 1786 ζωῆς
1446 1751 1548 1787 χρόνος.
1562 1750 1622 1777 Κᾶν
1634 1750 1740 1786 μεγάλα
1748 1750 1772 1766 ⁵⁸
1785 1751 1875 1777 πλου-

1075 1800 1152 1836 τῇςῆ
1168 1799 1214 1826 καὶ
1231 1799 1404 1834 βασιλεύσῃς,
1417 1797 1456 1833 τῷ
1466 1798 1515 1833 τῆς
1527 1797 1599 1832 ζωῆς
1613 1805 1660 1823 σου
1676 1796 1766 1832 μικρῷ
1778 1797 1874 1832 χρόνῳ

1076 1846 1154 1881 ὀλίγα
1170 1845 1299 1880 τυγχάνει
1324 1844 1392 1880 πρὸς
1413 1844 1574 1875 ἀπόλαυσιν,
1587 1843 1634 1870 καὶ
1656 1842 1762 1874 ἀσεϐῶς
1787 1851 1874 1879 πορι-

1078 1889 1186 1921 σθέντα,
1204 1889 1304 1920 εὑθὲως
1321 1889 1466 1923 φεύγοντα,
1489 1889 1602 1915 αἰωνίαν
1617 1888 1726 1915 κόλασιν
1740 1896 1874 1923 περιποι-

1077 1936 1145 1962 εῖται
1168 1934 1208 1970 τῷ
1233 1934 1418 1970 τετολμηκότι.
1443 1934 1488 1960 Διὸ
1512 1934 1651 1968 φοϐεῖσθαί
1675 1942 1715 1960 σοι
1732 1934 1777 1959 τὸν
1800 1934 1875 1960 Θεὸν

1077 1979 1306 2016 συμϐουλεύομεν,
1319 1981 1363 2015 ὑφ’
1376 1978 1406 2006 οὗ
1424 1980 1550 2016 κριθῆναι
1561 1979 1618 2015 ἔχει
1633 1981 1650 2015 ή
1667 1979 1781 2006 ἑκάστου
1792 1979 1873 2015 ψυχὴ

1077 2028 1141 2063 περὶ
1156 2023 1193 2053 ὧν
1207 2026 1325 2062 ἔπραξεν
1341 2027 1469 2053 ἐνταῦθα.

1111 2073 1206 2100 XXIX.
1230 2073 1259 2100 '0
1276 2073 1315 2105 δὲ,
1332 2073 1418 2100 ταῦτα
1432 2072 1560 2104 ἀκούσας,
1579 2072 1714 2106 ἐγέλασεν.
1733 2072 1828 2107 Ἦμῶν
1841 2073 1875 2101 δὲ

1074 2119 1216 2146 εἰπόντων·
1235 2119 1266 2145 Τί
1280 2119 1359 2154 ἡμῶν
1374 2118 1409 2145 τά
1425 2127 1465 2145 σοι
1479 2119 1652 2154 συμφέροντα
1669 2117 1875 2153 συμϐουλευόν-

1076 2173 1130 2191 των
1153 2165 1321 2201 καταγελᾷς;
1339 2166 1421 2200 ”Εφη’
1439 2165 1512 2191 Γελῶ
1529 2165 1604 2200 ὑμῶν
1618 2165 1668 2200 τὴν
1689 2164 1782 2200 μωράν
1799 2165 1873 2192 ὑπό-

1077 2210 1169 2246 ληψιν,
1187 2212 1227 2238 ὃτι
1240 2211 1382 2238 πιστεύετε
1397 2211 1529 2238 ἀθάνατον
1545 2209 1613 2238 εἶναι
1632 2211 1682 2246 τὴν
1698 2210 1745 2236 τοῦ
1763 2211 1874 2246 ἀνθρὼ-

1080 2267 1129 2284 που
1143 2258 1231 2293 ψυχήν
1241 2258 1270 2284 ⁵⁷,
1286 2257 1371 2292 Κάγὼ
1383 2258 1463 2293 ἔφην·
1479 2258 1516 2284 Οὐ
1530 2256 1714 2292 θαυμάζομεν,
1727 2253 1749 2282 ὦ
1763 2256 1872 2292 Σίμων,

1077 2305 1102 2331 εἰ
1118 2305 1192 2340 ἡμᾶς
1208 2305 1315 2339 ἀπατᾷν
1332 2304 1494 2339 ἐπιχειρεῖς,
1513 2303 1568 2330 ἀλλ’
1585 2302 1796 2338 ἐκπεπλήγμεθα
1813 2303 1872 2330 τίνι

1077 2349 1148 2385 λόγῳ
1163 2350 1210 2376 καὶ
1226 2350 1320 2377 ἑαυτὸν
1335 2350 1450 2385 ἀπατᾷς.
1468 2349 1538 2383 Λέγε
1555 2358 1610 2384 μοι,
1625 2346 1647 2375 ὦ
1663 2349 1762 2383 Σίμων,
1777 2348 1801 2374 εἰ
1821 2350 1873 2375 καὶ

1077 2395 1132 2422 τῶν
1142 2396 1230 2423 ἄλλων
1239 2396 1328 2427 οὐδεὶς
1339 2396 1579 2432 πεπληροφόρηται
1592 2395 1722 2422 ἀθάνατον
1738 2392 1805 2420 εἶναι
1816 2395 1873 2430 τὴν

1077 2442 1177 2478 ψυχὴν,
1194 2442 1250 2468 ἀλλ’
1266 2441 1314 2468 οὖν
1328 2450 1359 2476 γε
1375 2443 1407 2469 σῦ
1424 2442 1470 2468 καὶ
1485 2443 1576 2477 ἡμεῖς.
1595 2442 1626 2468 σὺ
1645 2441 1693 2476 μὲν
1709 2440 1746 2472 ὠς
1758 2439 1872 2475 ἀνθρω-

1078 2489 1154 2515 πείου
1171 2488 1296 2524 σώματος
1312 2488 1433 2524 χωρίσας
1445 2488 1529 2523 αὐτὴν
1541 2488 1589 2514 καὶ
1603 2486 1802 2523 προσομιλήσας
1819 2488 1873 2514 καὶ

1077 2533 1220 2566 ἐπιτάξας,
1237 2536 1319 2570 ἡμεῖς
1334 2534 1363 2560 δὲ
1379 2535 1416 2566 ὡς
1435 2534 1625 2569 συμπαρόντες
1641 2533 1687 2560 κα)¹
1703 2532 1753 2568 τὴν
1768 2532 1871 2558 ἐπιτα-

1078 2580 1129 2615 γὴν
1145 2581 1308 2612 ἀκούσαντες
1330 2580 1377 2606 καὶ
1393 2579 1423 2606 τὸ
1441 2579 1583 2606 κελευσθὲν
1601 2579 1625 2595 ⁵⁸
1645 2578 1766 2614 ἐναργῶς
1792 2578 1872 2604 ἱστο-

873 2657 992 2684 VARI/1'3
1024 2656 1173 2684 LECTION
1179 2657 1229 2685 ES.

274 2716 297 2759 ’ἵ
306 2716 364 2759 ἀλῖ
449 2717 623 2759 "nari-“HF?

233 2752 256 2767 '°
270 2752 320 2778 οὐκ
337 2752 376 2778 ἔτι
385 2752 415 2780 C.

468 2753 538 2780 "Ita
562 2749 676 2787 Epittc.
701 2752 736 2787 29
758 2756 785 2778 et
799 2753 844 2787 07.
861 2751 932 2777 ναῶν
949 2749 1108 2786 ἀνδριάντας
1135 2751 1212 2785 ἡμῶν
1239 2749 1435 2787 καταξιωθῆναι

626 2725 640 2744 ν
649 2716 791 2757 ἀπἀὑτοζι
875 2716 1088 2757 δ”.ἱατορξςκαμεν
1102 2716 1229 2757 σοφῇ
1237 2715 1284 2741 καί
1298 2711 1692 2757 θιμιθηξτερπόμεθαῇιιγςξωξθ

1534 2748 1556 2763 δ’
1567 2747 1677 2781 μείζονα
1698 2746 1773 2773 addit
1781 2744 1785 2745 ν
1792 2744 1852 2775 Epit
1861 2766 1870 2773 .

233 2796 256 2811 σι,
279 2787 314 2812 29
325 2807 332 2815 .
345 2795 427 2821 quam
447 2795 503 2821 seq.
519 2788 547 2814 S.
585 2781 609 2803 ⁵³
620 2786 677 2814 Non
694 2786 766 2818 Cot.,
780 2791 809 2813 ut
823 2786 842 2812 S
867 2794 962 2819 parum
975 2781 1233 2816 avicurateadilotat,
1250 2784 1339 2821 setlrlil
1365 2781 1449 2821 edidit
1460 2782 1584 2821 ὺπέχετο.
1620 2781 1647 2821 f‘
1658 2781 1813 2821 παύσασθαι
1824 2782 1866 2821 10,

235 2822 255 2836 ’⁵
271 2821 308 2847 Ita
321 2817 381 2849 coll.
394 2822 445 2848 804
461 2817 492 2848 (δι’
505 2824 527 2849 υ
543 2843 548 2852 ,
565 2832 594 2849 τε
607 2823 637 2849 C.
675 2823 697 2837 '“
710 2822 781 2856 μέγα
797 2821 827 2848 (ὲ.
865 2817 886 2836 ⁸⁷
898 2821 945 2855 τὴν
960 2820 1019 2856 τοῦκ
1030 2820 1172 2856 ἀνθρώπου
1192 2820 1306 2855 ψυχήνίὶ
1323 2839 1330 2852 ,
1345 2818 1390 2854 qui
1402 2818 1529 2852 deinceps
1542 2817 1648 2852 ἁπατᾷν
1663 2817 1742 2852 ἡμᾶς.

235 2858 255 2877 ’ὶ
271 2877 278 2886 .
301 2864 324 2884 c.
339 2856 356 2883 S
371 2876 379 2890 ,
396 2857 520 2884 κελευθὲν
533 2857 564 2885 C.
580 2857 648 2885 Ante
665 2854 756 2892 Σίμων
770 2857 860 2884 addidi
873 2854 946 2884 κιιὸ
964 2864 987 2883 c.
1004 2854 1034 2883 Ο,

1783 2816 1806 2831 ⁵⁸⁸
1823 2815 1866 2843 lia
