1945 3101
269 164 324 192 107

675 159 703 186 S.
722 156 915 186 CLEMENTIS
931 156 941 183 I
962 155 1044 184 BOM.
1063 153 1165 184 PONT.
1183 153 1295 182 OPERA
1315 151 1429 180 DUBIA.

1844 145 1907 174 168

269 224 300 250 Si
312 221 446 249 invalidus
461 224 502 247 est
514 240 521 252 ,
536 219 597 254 quis
611 223 653 245 est
666 216 854 251 omnipotens?
877 215 905 241 Si
935 214 1051 248 injustus
1066 230 1067 234 η

1131 214 1190 240 ivra
1205 213 1332 243 δύναται;
1346 211 1377 236 Εἰ
1394 209 1422 236 δὲ
1446 207 1541 239 ἀδικεῖ,
1558 207 1606 234 καὶ
1621 207 1663 238 τίς
1681 206 1805 238 δίκαιοςς
1820 206 1857 232 Εἰ
1875 206 1910 232 δὲ

270 275 330 302 est,
343 268 405 303 quis
419 266 527 301 justus?
543 265 573 291 Si
588 264 660 291 mala
674 267 748 291 creat
760 283 767 295 ,
782 262 844 296 quis
858 261 929 288 bona
953 259 1051 287 faciet?

271 316 299 342 Si
311 314 381 341 mala
393 312 469 345 facit,
483 311 545 346 quis
556 309 648 338 bona?

304 357 398 386 XLIV.
415 357 444 384 Si
455 363 520 384 vero
536 359 656 382 montem
681 353 808 388 pinguem
827 352 942 387 appetit,
960 351 1052 384 cujus-

270 413 334 433 nam
349 407 431 432 erunt
441 401 559 430 cuneta?
571 400 600 428 Si
617 400 746 427 mentitur
756 421 764 432 ,
777 398 839 433 quis
852 405 936 425 verax
948 396 1007 424 est?
1024 393 1052 423 Si

271 453 298 479 in
314 449 491 479 tabernacqu
506 446 610 474 habitat
624 466 632 479 ,
644 445 707 480 quis
722 443 891 471 immensus?
904 441 933 469 Si
947 441 1054 469 deside-

270 503 314 526 rat
329 497 451 525 nidorem
463 516 470 528 .
500 493 635 522 sacriﬁcia
647 513 655 526 ,
682 491 810 519 victimas
832 494 860 517 et
886 489 1032 517 Iibationes
1045 508 1053 519 ,

271 545 334 580 quis
354 543 457 571 nullius
480 541 622 576 indigens,
651 538 714 574 quis
739 541 865 569 sanctus,
882 536 945 571 quis
958 542 1054 570 purus,

271 590 334 625 quis
347 587 501 624 perfectus?
513 586 542 614 Si
557 584 708 612 luminibus
719 591 752 610 ac
764 581 883 609 lucernis
894 581 1054 613 delectatur,

271 636 333 670 quis
348 633 492 661 luminaria
506 633 533 660 in
549 631 619 659 caalo
637 629 796 658 constituit?
809 628 840 655 Si
853 628 881 655 in
895 627 1010 662 caligine
1023 633 1056 654 ac

271 681 391 709 tenebris
404 684 431 708 et
442 679 561 715 procella
573 682 654 712 atque
668 676 745 704 fumo
765 680 901 708 versatur,
916 675 978 709 quis
993 678 1055 701 tan-

271 735 352 763 quam
369 727 461 754 lumen
487 724 637 752 maximum
663 730 751 750 aevum
777 721 931 749 illuminat?
945 720 974 747 Si
993 727 1055 748 cum

271 774 346 801 tubis
360 777 388 801 et
401 770 643 800 voeiferationibus
655 774 682 797 et
701 769 800 804 iaculis
816 773 842 796 et
856 767 962 803 sagittis
976 767 1057 794 adve-

271 821 323 853 nit,
348 820 411 855 quis
428 822 470 846 est
486 817 608 845 omnium
631 819 788 851 exspectata
811 813 1013 849 tranquillitas?
1028 811 1057 839 Si

267 860 331 902 ipse
343 866 413 893 bella
424 865 520 900 diligit,
532 863 594 899 quis
606 870 701 898 pacem
713 860 825 888 vult?Si
839 860 911 887 mala
925 860 982 895 ipse
991 867 1057 887 con—

271 913 322 945 dit,
337 912 400 947 quis
414 910 480 937 facit
493 909 581 937 bona?
593 908 622 936 Si
635 909 722 936 durus
737 908 811 942 ipse,
826 907 888 942 quis
904 905 1058 933 humanus?

272 958 300 985 Si
315 957 402 985 ﬁdelis
412 965 466 983 non
481 959 524 983 est
537 955 563 982 in
578 954 733 990 promissis,
746 953 789 980 cui
802 952 947 980 credetur?
958 951 986 978 Si
1000 959 1058 978 ma-

271 1005 314 1032 los
328 1007 401 1031 amat
417 1008 445 1030 et
461 1002 601 1030 adulteros
613 1005 640 1028 et
652 999 812 1032 homicidas,
829 999 891 1034 quis
906 998 1058 1032 eritjustus

270 1049 371 1084 judex?
386 1047 415 1075 Si
430 1056 492 1075 eum
504 1047 630 1083 poenitet,
646 1044 708 1080 quis
729 1049 770 1072 est
782 1043 929 1071 constans?
940 1043 969 1071 Si
983 1043 1059 1070 deni—

273 1104 326 1130 que
340 1095 427 1122 malos
440 1093 526 1129 eligit,
541 1092 667 1127 quisnam
684 1090 802 1118 admittit
813 1090 921 1117 bonos?

310 1224 391 1253 XLV.
408 1223 576 1258 Quocirca,o
591 1221 629 1249 illi
639 1220 777 1252 Clemens,
788 1217 882 1245 inhibe
895 1220 932 1249 te,
941 1222 976 1243 ne
986 1214 1060 1242 aliud

273 1274 307 1300 de
321 1271 377 1298 Deo
391 1270 505 1301 sentias.
518 1275 603 1303 quam
631 1266 704 1302 quod
716 1265 775 1300 ipse
796 1265 873 1292 solus
894 1263 931 1290 sit
949 1262 1020 1290 Deus
1033 1266 1061 1290 et

275 1317 409 1346 Dominus
425 1321 454 1343 et
466 1319 544 1351 pater
558 1314 648 1341 bonus
661 1319 695 1340 ac
708 1312 800 1347 justus
812 1313 932 1342 creator,
943 1309 1059 1344 patiens,

275 1364 443 1395 misericors,
454 1362 584 1394 nutritor,
600 1359 750 1391 beneﬁcus,
761 1355 940 1385 humanitatis
952 1354 1061 1389 legisla-

268 1418 328 1445 -1.or,
353 1409 487 1439 casdtatis
520 1407 713 1439 consiliarius,
741 1410 876 1437 aeternus,
898 1401 1061 1430 aeternitatis

274 1463 381 1490 auctor,
408 1454 643 1490 incomparabilis,
658 1453 686 1480 in
702 1452 838 1480 bonorum
853 1449 954 1478 animis
979 1447 1060 1476 habi-

268 1510 348 1537 ‘tans,
364 1504 548 1538 imperceptus
557 1506 585 1529 et
599 1504 753 1536 perceptus,
767 1498 814 1533 qui
830 1497 857 1524 in
880 1496 985 1523 inﬁnito
1002 1501 1062 1521 ma—

275 1559 359 1586 gnum
371 1557 458 1577 tevum
473 1553 602 1583 tanquam
613 1551 737 1574 centrum
753 1544 820 1576 leit,
838 1543 885 1578 qui
900 1542 1000 1570 caelum
1013 1548 1061 1567 ex-

274 1597 370 1633 pandit
380 1601 407 1624 et
420 1600 521 1623 terram
535 1592 681 1628 compegit,
695 1598 795 1626 aquam
809 1587 971 1620 recondidit,
985 1590 1060 1614 astra

276 1645 304 1671 in
328 1643 398 1670 ccelo
424 1640 570 1676 disposuit,
601 1643 701 1666 terram
718 1636 781 1664 fecit
798 1639 903 1663 scatere
927 1633 1060 1664 fontibus,

277 1690 383 1717 fructus
406 1686 545 1723 produxit,
563 1689 672 1712 montes
698 1684 726 1711 in
744 1683 829 1710 altum
851 1680 973 1712 sustulit.
992 1678 1061 1706 mari

277 1735 410 1763 terminos
431 1733 516 1765 dedit,
531 1735 627 1759 ventos
640 1738 674 1758 ac
698 1729 778 1756 flatus
791 1726 944 1757 ordinavit;
961 1723 1063 1759 quique

274 1781 386 1816 corpori
399 1778 531 1807 ambienti
548 1778 575 1804 in
587 1777 722 1804 immenso
744 1774 850 1810 pelago,
867 1779 916 1807 per
935 1770 1063 1806 spiritum

273 1827 385 1856 consilii
396 1826 450 1858 sui,
463 1825 636 1853 securitatem
656 1821 762 1851 tribuit.

314 1871 406 1901 XLVI.
425 1872 474 1900 llic
499 1875 594 1898 noster
604 1869 689 1904 judex
704 1872 755 1900 est,
776 1867 805 1894 in
833 1873 915 1901 quem
931 1862 1064 1892 intuendo

278 1924 386 1956 oportet
417 1918 524 1946 animas
544 1919 652 1943 nostras
674 1913 829 1945 emendare,
853 1911 946 1940 omnia
963 1917 1012 1945 pro
1032 1916 1065 1936 eo

278 1967 408 2002 cogitare,
433 1964 483 1999 ipsi
499 1962 675 1994 benedicere;
691 1964 773 1995 atque
787 1966 835 1994 pro
852 1961 927 1985 certo
950 1956 1063 1988 habere,

279 2012 353 2047 quod
368 2019 418 2039 sua
433 2009 561 2046 patientia
573 2006 773 2042 improbitatem
789 2009 951 2033 cunctorum
967 2003 995 2030 in
1013 2009 1066 2036 pu-

274 2059 381 2085 blicum
392 2057 530 2084 adducens
541 2055 616 2082 solus
629 2053 736 2081 exsistit
747 2053 845 2080 bonus.
867 2050 947 2086 Isque
969 2050 997 2076 in
1011 2049 1066 2076 ﬁne

276 2104 401 2130 «inversi
417 2101 566 2136 unicuique
580 2100 734 2128 facinorum
750 2103 846 2126 contra
868 2097 1003 2124 rationem
1015 2095 1064 2122 ad-

282 2151 430 2176 missorum
442 2148 534 2182 justus
556 2145 712 2181 prmsidebit
724 2144 817 2179 iudex.

317 2191 423 2218 XLVII.
439 2190 487 2218 His
500 2197 552 2225 ego
562 2189 689 2217 Clemens
702 2188 804 2215 auditis
822 2187 899 2215 dico:
914 2186 984 2214 Vere
999 2185 1066 2213 illud

1103 259 1174 286 κακὰ
1186 258 1282 289 κτίζει,
1296 257 1343 284 καὶ
1356 256 1399 287 τίς
1415 254 1505 289 ἀγαθὰ
1522 254 1638 290 πράξει;
1655 254 1686 280 Εἰ
1701 253 1729 278 δὲ
1746 253 1794 279 καὶ
1810 253 1832 268 "
1847 261 1909 278 κα-

1102 305 1139 332 κὰ
1157 306 1237 336 ποιεῖ,
1250 303 1345 334 καὶτίς
1361 301 1469 336 ἀγαθάς

1138 350 1231 378 XLIV.
1246 351 1278 377 Εἰ
1293 349 1322 376 δὲ
1336 349 1367 375 τὺ
1388 349 1450 374 πῖον
1471 347 1533 382 ὅρος
1548 345 1695 380 ἐπιθυμεῖ,
1707 343 1755 371 καὶ
1771 343 1852 374 τίνος
1870 341 1913 368 τὰ

1103 398 1208 429 πάντας
1227 397 1259 423 Εἰ
1274 395 1412 430 ψεύδεται,
1437 393 1485 420 καὶ
1499 392 1542 423 τίς
1553 390 1696 427 ἁληθεύει;
1715 390 1746 430 Εἰ
1762 390 1792 415 ὲν
1808 389 1913 423 σκηνῇ

1103 445 1182 475 οἰκεῖ,
1202 427 1256 470 ’και
1271 427 1313 473 .1.
1328 439 1532 476 ἀχώρητος;Ει
1548 438 1576 464 δὲ
1597 437 1722 473 ὀρέγεται
1741 427 1801 471 '73
1823 434 1917 461 κνίσ-

1104 499 1154 525 σης
1165 490 1186 506 ¹⁸
1201 489 1248 515 καὶ
1271 487 1370 515 θυσιῶν
1382 487 1430 513 καὶ
1444 485 1573 520 θυμάτων
1593 483 1640 510 καὶ
1660 482 1835 518 προχύσεων,
1857 479 1916 506 καὶ

1103 536 1145 567 τίς
1157 534 1310 571 ἀπροσδεὴς
1326 533 1373 560 καὶ
1385 532 1427 564 τίς
1444 531 1521 565 ἅγιος
1531 530 1579 557 καὶ
1593 529 1635 561 τίς
1652 528 1774 563 καθαρὸς
1790 527 1844 553 καὶ
1865 525 1919 556 τίς

1104 582 1224 614 τέλειος;
1241 581 1272 607 Εἰ
1297 579 1404 614 λύχνοις
1421 578 1468 604 καὶ
1490 576 1613 612 λυχνίαις
1629 576 1775 611 τέρπεται,
1794 573 1848 600 καὶ
1866 572 1919 603 τίς

1104 629 1169 659 τοὺς
1185 626 1330 662 φωστῆρας
1352 624 1445 657 ἔταξεν
1460 624 1487 649 ἐν
1503 622 1627 658 οὖρανῷ;
1647 622 1679 648 El
1695 622 1723 647 ὲν
1739 620 1838 655 γνόφῳ
1858 619 1919 645 καὶ

1107 673 1194 708 σκότῳ
1216 672 1262 698 καὶ
1276 671 1374 707 θυέλλῃ
1391 670 1438 697 καὶ
1454 668 1551 703 καπνῷ
1565 667 1699 698 σύνεστιν,
1717 666 1764 693 καὶ
1779 665 1826 697 τίς
1844 665 1919 699 φῶς

1107 718 1144 745 ὢν
1161 718 1272 754 φωτίζει
1286 717 1331 744 τὴν
1353 716 1482 752 μέγιστον
1499 714 1601 747 αἰῶνα;
1618 713 1651 740 Εἰ
1673 712 1718 739 διὰ
1737 711 1920 744 σαλπίγγων

1107 766 1154 792 καὶ
1169 764 1333 800 ἀλαλαγμῶν
1346 763 1369 780 ι’
1380 763 1427 790 καὶ
1442 761 1553 797 βολίδων
1561 760 1608 787 καὶ
1623 757 1797 794 τοξευμάτων
1813 766 1920 793 προσ-

1108 811 1227 847 έρχεται,
1255 811 1301 837 καὶ
1316 809 1357 841 τίς
1373 808 1454 845 ἠτῶν
1468 807 1535 834 ὅλων
1547 805 1727 842 προσδόκιμος
1738 803 1852 839 γαλήνη
1864 812 1873 835 ;
1890 804 1920 829 εξ

1110 857 1243 892 πολέμους
1254 856 1335 888 αὐτὸς
1345 855 1450 890 ἀγαπᾷ,
1468 854 1516 881 καὶ
1531 853 1573 885 τίς
1587 853 1697 888 εἰρήνην
1711 850 1782 877 θέλει
1794 858 1803 881 ;
1824 850 1852 876 εἰ
1878 849 1921 876 τὰ

1074 889 1094 916 Β
1108 889 1183 930 κακά
1195 902 1276 933 αὐτὸς
1286 889 1384 934 κτίζει,
1396 889 1443 927 καὶ
1452 900 1493 932 τίς
1509 899 1599 934 ἀγαθὰ
1613 899 1792 934 δημιουργεῐ;
1811 897 1847 924 Εἰ
1866 897 1923 923 αὐ-

1107 948 1154 981 τὸς
1168 949 1299 985 ἄστοργος
1310 949 1344 981 ¹⁰,
1362 948 1409 974 καὶ
1425 947 1467 979 τίς
1485 946 1692 981 φιλάνθρωπος;
1715 945 1747 971 Εἰ
1764 943 1854 974 αὐτὸς
1867 952 1922 969 πι-

1110 995 1171 1027 στὸς
1186 995 1236 1022 οὐκ
1258 994 1314 1021 ἐστι
1335 994 1400 1028 περὶ
1413 990 1450 1020 ὧν
1466 993 1655 1027 ὑπισχνεῖται,
1670 991 1719 1017 καὶ
1732 989 1776 1022 τίς
1789 997 1921 1016 πιστευ-

1109 1041 1238 1077 θήσεται;
1252 1041 1284 1067 Εἰ
1306 1040 1387 1071 αὐτὸς
1404 1039 1538 1074 πονηροὺς
1556 1038 1604 1064 καὶ
1626 1037 1737 1073 μοιχοὺς
1751 1036 1800 1063 καί⁵
1814 1036 1922 1071 φονεῖς

1109 1088 1212 1123 ἀγαπᾷ,
1229 1088 1276 1114 καὶ
1292 1087 1333 1118 τίς
1349 1085 1425 1112 ἔσται
1435 1082 1814 1119 ’¹δίκαιοςκριτής;Εἰαύτδς
1827 1090 1923 1117 μετα-

1111 1133 1242 1170 μελεῖται,
1259 1132 1305 1159 καὶ
1321 1132 1363 1163 τίς
1377 1131 1499 1166 βέϐαιος
1526 1130 1558 1156 Εἰ
1574 1129 1655 1161 αὐτὸς
1674 1129 1775 1160 κακοὺς
1787 1128 1920 1162 ἐκλέγε-

1110 1189 1165 1213 ται,
1180 1180 1228 1206 καὶ
1240 1179 1282 1209 τίς
1293 1177 1413 1212 ἀγαθοὺς
1429 1176 1583 1212 προσίεταις

1144 1224 1226 1252 XLV.
1243 1224 1300 1256 Διὸ,
1316 1221 1338 1250 ὦ
1352 1223 1448 1250 τέκνον
1464 1223 1589 1257 Κλήμης,
1613 1221 1706 1257 ἔπεχε,
1726 1220 1764 1257 μὴ
1787 1220 1861 1247 ἄλλο
1888 1229 1921 1247 τι

1111 1271 1248 1307 φρονήσῃς
1263 1270 1327 1306 περὶ
1339 1269 1386 1296 τοῦ
1404 1268 1483 1300 Θεοῦ,
1494 1268 1510 1303 ἢ
1520 1269 1561 1294 ὅτι
1570 1267 1652 1299 αὐτὸς
1669 1267 1749 1302 μόνος
1764 1266 1828 1293 ἐστὶ
1840 1266 1922 1298 Θεὸς

1112 1318 1158 1345 καὶ
1174 1317 1276 1351 Κύριος
1286 1316 1333 1342 καὶ
1342 1315 1432 1350 πατὴρ
1443 1313 1543 1348 ἀγαθὸς
1555 1314 1601 1340 καὶ⁷
1610 1313 1712 1344 δίκαιος
1724 1313 1921 1348 δημιουργὸς,

1113 1363 1289 1400 μακρόθυμος
1300 1382 1308 1394 ,
1324 1361 1448 1397 ἐλεήμων
1460 1380 1468 1392 ,
1491 1359 1618 1395 τροφεὺς,
1636 1359 1792 1394 εὐεργέτης,
1809 1359 1923 1394 φιλαν-

1111 1409 1232 1446 θρωπίαν
1249 1407 1425 1443 νομιστεύων,
1442 1405 1552 1440 ἁγνείαν
1569 1404 1770 1440 ωμὸουλεύων,
1782 1404 1920 1436 αἰώνιος,

1112 1454 1237 1485 αἰωνίους
1253 1453 1347 1485 ποιῶν,
1362 1452 1537 1488 ἀσύγκριτος,
1548 1452 1608 1482 ταῖς
1619 1450 1673 1477 τῶν
1683 1449 1792 1485 ἀγαθῶν
1803 1450 1922 1486 ψυχαῖς

1111 1500 1289 1536 οἰκιζόμενος,
1304 1498 1446 1534 ὰχὼρητος
1456 1498 1503 1524 καὶ
1519 1497 1701 1532 χωρούμενος,
1721 1497 1735 1522 ό
1749 1497 1777 1523 έν
1797 1496 1922 1532 ἀπείρῳ

1112 1546 1158 1573 τὸν
1185 1546 1270 1581 μέγαν
1293 1545 1379 1571 αἰῶνα
1402 1545 1443 1576 ὼς
1467 1543 1579 1578 κέντρον
1594 1543 1617 1559 ¹¹
1641 1542 1739 1578 πήξας,
1765 1543 1923 1578 όοὺρανδν

1115 1592 1278 1627 ὲφαπλώσας
1294 1591 1342 1618 καὶ
1370 1591 1421 1626 γῆν
1438 1590 1568 1622 πιλώσας,
1587 1589 1659 1624 ὓδωρ
1684 1588 1838 1624 ταμιεύσας
1850 1609 1859 1621 ,
1882 1589 1922 1615 ᾶ-

1115 1649 1183 1676 στρα
1199 1640 1228 1665 ὲν
1240 1638 1346 1674 οὐρανῷ
1357 1637 1468 1669 διαθεὶς,
1481 1635 1570 1672 πηγὰς
1583 1636 1619 1670 γῇ
1645 1634 1745 1670 βρύα-ας
1755 1654 1763 1666 ,
1780 1635 1924 1670 καρποὺς

1114 1686 1245 1720 ὲκφύσας,
1258 1685 1310 1720 ὖρη
1324 1683 1443 1718 ὐψώσας,
1457 1682 1593 1708 Θάλασσαν
1603 1681 1772 1716 περιορίσας,
1787 1681 1926 1716 ἀνέμους

1115 1740 1145 1758 τε
1160 1731 1214 1767 74
1223 1731 1272 1758 καὶ
1286 1729 1429 1765 πνεύματα
1439 1727 1578 1760 διατάξας,
1586 1728 1637 1754 ότὺ
1646 1728 1772 1763 περιέχον
1785 1727 1874 1763 σῶμα
1889 1729 1926 1754 ὲν

1115 1777 1223 1813 ἀπείρῳ
1235 1776 1349 1811 πελάγει
1363 1774 1497 1810 πνεύματι
1521 1774 1618 1810 βουλῆς
1633 1774 1656 1790 ⁸³
1671 1773 1920 1809 ἀσφαλισάμενος.

1151 1865 1243 1893 XLVI.
1260 1862 1344 1897 Οὗτος
1359 1865 1438 1901 ἡμῶν
1451 1864 1591 1901 δικαστὴς,
1608 1864 1647 1896 εἰς
1660 1864 1690 1890 δν
1703 1863 1926 1896 ἀποϐλέποντας

1117 1913 1170 1949 χρὴ
1179 1912 1229 1944 τὰς
1244 1911 1349 1939 ἑαυτῶν
1363 1911 1512 1947 κατορθοῦν
1524 1910 1623 1946 ψυχὰς,
1639 1909 1726 1936 πάντα
1736 1910 1808 1945 ὑπὲρ
1826 1911 1854 1926 ’⁸
1868 1912 1926 1937 αὑ-

1116 1960 1163 1987 τοῦ
1177 1959 1316 1990 νοοῦντας,
1333 1958 1415 1985 αὐτὸν
1428 1957 1628 1993 εὐφημοῦντας,
1652 1955 1860 1991 πεπεισμένους
1876 1958 1926 1984 ὅτι

1116 2007 1150 2042 τῇ
1168 2005 1250 2032 αὐτοῦ
1261 2004 1437 2040 μακροθυμίᾳ
1448 2004 1556 2030 πάντων
1567 2003 1616 2039 τὴν
1627 2003 1791 2039 προπέτειαν
1807 2003 1853 2034 εἰς
1864 2012 1928 2038 φα-

1117 2051 1194 2087 νερὸν
1210 2052 1285 2085 ἄγων
1302 2051 1382 2086 μόνος
1397 2050 1499 2084 ἀγαθός
1514 2049 1598 2075 ἐστιν.
1612 2049 1669 2075 Καὶ
1689 2046 1765 2080 οὗτος
1780 2048 1830 2075 ἐπὶ
1842 2049 1928 2076 τέλει

1117 2097 1164 2124 τοῦ
1178 2097 1278 2128 παντὸς
1293 2097 1400 2132 ἑκάστῳ
1408 2096 1463 2122 τῶν
1478 2094 1709 2130 τετολμηκότωνᾶ
1725 2094 1762 2130 μὴ
1772 2094 1864 2130 ἐχρῆν
1880 2095 1928 2122 δί-

1118 2151 1194 2174 καιος
1209 2142 1460 2178 προκαθεσθήσεται
1474 2141 1581 2177 κριτής.

1152 2188 1256 2216 XLVII.
1275 2187 1366 2214 Ταῦτα
1380 2187 1436 2222 ἐγὼ
1446 2187 1561 2222 Κλήμης
1578 2186 1707 2218 ἀκούσας,
1723 2185 1808 2221 ἔφην’
1840 2187 1931 2224 Ἄλη-

277 2238 378 2273 τειίείο
393 2241 448 2270 est,
461 2243 525 2264 vere
538 2235 605 2263 illud
619 2235 716 2270 pietas.
731 2234 888 2268 Iterumque
899 2233 961 2260 aio:
977 2231 1066 2266 Cupe-

1131 2235 1174 2266 ιῶς
1184 2234 1264 2261 τοῦτο
1276 2234 1425 2265 θεοσέϐεια,
1433 2233 1512 2260 τοῦτο
1524 2233 1631 2268 ἀληθῶς
1642 2233 1665 2249 ’⁸
1676 2232 1812 2259 εὐσέϐεια.
1827 2233 1930 2261 Πάλιν

276 2292 340 2312 -rem
354 2284 438 2319 igitur
453 2283 524 2310 scire
538 2302 546 2315 ,
569 2285 734 2316 quapropter
749 2287 782 2308 eo
795 2281 877 2307 modo
890 2278 985 2314 scripti
1001 2282 1067 2305 sunt

282 2331 345 2358 libri
358 2330 439 2358 sacri.
456 2327 565 2355 Memini
580 2327 679 2362 quippe
692 2330 720 2354 te
738 2326 841 2353 dixisse
863 2325 890 2353 id
903 2325 1004 2352 factum
1034 2324 1068 2351 ad

284 2375 475 2411 coarguendos
502 2381 550 2402 eos
561 2373 606 2408 qui
623 2372 742 2407 aliquid,
755 2372 829 2407 quod
853 2372 956 2399 dictum
970 2370 1006 2398 sit
1020 2370 1069 2397 ad-

284 2430 381 2450 versus
396 2421 490 2453 Deum,
507 2419 753 2447 temerercredituri
766 2423 853 2445 erant.
868 2416 922 2444 Sed
937 2416 1068 2452 quoniam

280 2469 413 2497 concedis
425 2468 516 2500 nobis,
530 2473 652 2501 quaerere
663 2473 697 2493 ex
707 2469 733 2492 te
745 2464 784 2492 uti
798 2464 884 2497 lubet,
899 2463 1070 2498 interrogare

262 2530 266 2534 -
284 2515 429 2546 audemus,
443 2519 469 2541 te
481 2513 605 2548 iubente.
616 2511 646 2538 Si
663 2511 736 2546 quis,
752 2510 914 2538 charissime
934 2509 1023 2542 Petre,
1041 2509 1069 2536 in

285 2561 409 2588 animum
430 2558 569 2587 induxerit
580 2557 670 2585 dicere
691 2557 770 2584 nobis
787 2565 793 2583 :
810 2555 957 2584 Veritatem
977 2554 1069 2582 conti-

285 2611 351 2634 nent
364 2614 425 2642 quae
435 2606 463 2633 in
480 2604 565 2632 Deum
577 2603 649 2631 dicta
662 2610 694 2631 ac
708 2603 807 2637 scripta
829 2606 903 2634 sunt.
929 2601 993 2629 licet
1019 2600 1068 2628 tibi

283 2654 429 2680 «ideantur
450 2651 532 2679 falsa:
549 2659 604 2686 quo
619 2649 701 2677 modo
713 2649 750 2676 illi
767 2647 1015 2684 respondebimus?

1118 2290 1147 2308 τε
1163 2281 1230 2317 ἔφην
1240 2290 1247 2296 ·
1263 2279 1378 2307 Ἦοελον
1389 2279 1484 2315 μαθεῖν
1497 2277 1553 2311 οὖν,
1564 2277 1641 2305 διὰτί
1655 2277 1741 2310 οὕτως
1751 2277 1931 2315 ἐγράφησαν

1117 2328 1148 2354 αἰ
1164 2326 1266 2353 Βίῦλοι.
1290 2325 1440 2361 Μέμνημαι
1463 2324 1518 2360 γὰρ
1533 2324 1571 2356 ὡς
1593 2324 1671 2359 ἔφης,
1689 2324 1728 2350 ὅτι
1739 2324 1780 2355 εἰς
1800 2324 1931 2361 ἔλεγχον

1119 2373 1174 2399 τῶν
1191 2372 1340 2408 μελλόντων
1350 2371 1452 2406 τολμᾷν
1467 2370 1604 2397 πιστεύειν
1612 2379 1638 2397 τι
1648 2371 1670 2386 ¹⁶
1684 2370 1834 2405 λεγόμενον
1845 2374 1932 2400 κατὰ

1121 2418 1167 2445 τοῦ
1182 2418 1260 2445 Θεοῦ.
1279 2418 1352 2453 Πλὴν
1371 2418 1432 2444 ἐπεὶ
1446 2416 1546 2453 χαρίζῃ
1567 2417 1633 2452 ἡμῖν
1654 2416 1843 2443 πυνθάνεσθαί
1873 2427 1930 2446 σου

1120 2465 1159 2496 ὡς
1177 2464 1325 2500 βουλόμεθα
1336 2464 1370 2496 ³⁷,
1388 2463 1570 2490 πυνθάνεσθαι
1585 2463 1739 2498 τολμῶμεν,
1759 2462 1808 2489 σοῦ
1826 2465 1932 2492 κελεύ-

1121 2519 1226 2542 σαντος·
1243 2511 1316 2543 εἴτις
1330 2510 1482 2546 βουληθείη,
1495 2509 1606 2544 φίλτατε
1619 2509 1716 2543 Πέτρε,
1726 2509 1817 2543 λέγειν
1834 2511 1929 2546 ἡμῖν·

1129 2557 1226 2593 Ἀληθῆ
1238 2558 1298 2583 ἐστι
1313 2556 1347 2583 τὰ
1356 2555 1545 2592 γεγραμμένα,
1555 2555 1635 2582 xiv“
1643 2563 1684 2582 σοι
1699 2555 1784 2590 ψευδῆ
1799 2555 1872 2592 δοκῇ
1893 2558 1931 2585 τὰ

1123 2603 1193 2630 κατὰ
1207 2603 1253 2629 τοῦ
1264 2602 1330 2629 Θεοῦ
1341 2601 1468 2638 ρηθέντα·
1485 2601 1543 2633 πῶς
1555 2600 1749 2637 ἀποκριθῶμεν
1764 2600 1845 2637 αὐτῷ
1857 2609 1866 2635 ;

920 2702 1039 2730 VARIxE
1072 2702 1277 2731 LECTIONES.

322 2753 476 2798 "eadem:
483 2751 580 2798 ἧπαρ-,μ
597 2751 726 2798 laetiﬁci);
738 2750 780 2782 C.,
789 2757 878 2798 [quamﬂ
887 2749 1003 2798 formam
1017 2749 1037 2791 ξ
1064 2749 1347 2798 tacitencfmmutavit’
1362 2749 1389 2791 in
1403 2748 1527 2798 )‘cvlac'qc;
1545 2752 1577 2775 ut
1584 2755 1646 2798 ger.
1660 2747 1694 2798 (ὲ
1705 2746 1780 2798 ξαρ
1794 2748 1911 2778 Dindor
1923 2767 1930 2772 -

696 2794 772 2798 .--μη
928 2794 938 2798 -
958 2795 962 2798 .
975 2793 1051 2798 .....Α..
1191 2792 1302 2798 μμΑυσ.-
1319 2793 1333 2798 -
1348 2793 1398 2798 .-.ι-
1422 2783 1429 2792 ‘
1518 2791 1568 2798 γε..
1756 2791 1836 2798 ιιι-ιι...
1857 2787 1914 2798 -.με

286 2791 354 2816 tium
371 2789 398 2815 in
411 2787 490 2814 Hom.
512 2787 582 2814 Tum
595 2785 772 2822 προσχύσεων
783 2786 826 2822 ΑΟΣ-
845 2785 878 2822 7"
895 2785 992 2822 όλολυγ

287 2824 381 2852 Ottob.
396 2823 432 2850 al.
443 2830 570 2858 manum.
587 2822 730 2858 κέντρωον.

290 2859 318 2886 S.
329 2858 409 2885 Beest
419 2856 477 2884 inO
525 2856 583 2892 “In
594 2856 617 2884 0
638 2856 680 2892 pr.
693 2865 732 2884 m.
743 2856 769 2882 in
779 2864 864 2892 marg.

820 2819 826 2825 .
845 2785 878 2825 _"
895 2784 1302 2825 ὀλολυγμῦνΑΟλ-’θ-ᾷστοργος
1318 2784 1398 2825 αὐτὸς
1451 2817 1457 2825 _

769 2819 828 2848 nCi
839 2820 963 2881 ἀσζαλής
977 2817 1036 2854 post
1049 2820 1146 2861 βουλῇς
1159 2817 1365 2860 Metaplirasteit'
1382 2817 1689 2858 redo_let,abundatqne;
1703 2819 1831 2857 gneus;
1843 2823 1927 2850 coni.

779 2864 864 2881 mam.
888 2864 945 2881 νον.
955 2855 1056 2881 Eadem
1065 2860 1184 2881 varietas
1193 2855 1393 2881 nccurnttnlra
1403 2862 1427 2880 ι’.
1437 2852 1483 2880 52.
1521 2852 1543 2868 ’⁵
1551 2852 1658 2881 ἀληθῶς
1672 2861 1752 2879 τουτο
1759 2854 1789 2880 0.
1819 2855 1844 2870 “
1857 2837 1927 2881 Ριιέι

889 2852 945 2890 χονξ
955 2852 1056 2882 Eadeni
1065 2852 1184 2884 varietas
1193 2852 1315 2882 occurrit
1323 2855 1393 2890 infra
1403 2862 1427 2890 c.

1512 2783 1570 2809 ἐστι
1584 2782 1615 2810 0.
1669 2783 1692 2798 ¹¹
1700 2783 1741 2810 Ad
1755 2791 1836 2811 oram
1855 2787 1928 2814 cod.

1521 2852 1543 2868 "
1551 2852 1658 2888 ἀληθῶς
1672 2852 1752 2879 τοῦτο
1759 2854 1789 2880 0.
1819 2855 1844 2870 “
1857 2852 1930 2884 Post

288 2896 345 2921 τιυ
350 2893 454 2930 praebet
465 2891 504 2918 τό.
530 2892 551 2908 ⁸⁷
564 2891 630 2920 Vbb.
638 2887 828 2919 ’πυνθάνεσθαί
839 2887 930 2922 σου’ὦς
940 2890 1088 2926 βουλόμεθα
1104 2895 1278 2918 accessurum
1288 2897 1319 2917 ex
1333 2889 1365 2916 0.
1404 2889 1426 2904 ’³
1435 2887 1486 2914 κᾶν
1502 2887 1588 2915 om.0
1602 2908 1610 2923 ,
1624 2887 1669 2917 aui
1685 2892 1744 2916 tum
1759 2896 1816 2917 scr.
1834 2890 1918 2917 δοκεῖ
