1945 3101
293 154 339 181 ΙΙΙ

327 209 378 237 LII.
395 207 541 243 Respondit
567 207 678 235 Petrus:
694 207 774 234 Recte
792 209 883 243 itaque
905 215 957 234 non
985 207 1065 234 credo
1079 203 1102 231 Α

290 255 421 282 adversus
433 254 527 287 Deum,
541 262 590 281 nec
605 254 735 281 adversus
747 253 836 288 jnstos
850 253 876 280 in
891 253 949 287 lege
962 260 1066 280 memo-

290 305 373 332 ratos,
389 300 499 334 impiam
511 307 678 334 prmsumens
689 300 854 334 opinionem.
870 299 905 326 Ut
916 299 987 326 enim
1001 299 1067 326 mihi

290 345 449 380 persuadeo,
463 353 552 379 neque
566 346 686 373 Adamus
699 350 884 381 transgressor
910 345 970 378 fuit,
986 353 1066 380 quem

290 392 337 419 Dei
353 399 449 419 manus
468 392 668 426 parturierunt:
695 399 784 427 neque
803 391 860 420 Noe
887 392 989 426 ebrius,
1020 391 1066 427 qui

289 445 344 471 pra:
358 437 430 465 omni
444 437 545 465 mundo
558 437 649 472 justus
667 437 793 465 inventus
804 442 861 465 est:
874 446 962 473 neque
978 438 1066 465 Abra-

290 484 387 511 hamus
399 489 453 511 tres
465 484 548 511 simul
567 484 661 511 habuit
672 492 781 518 uxores,
795 484 842 519 qui
857 488 967 520 propter
986 485 1068 512 casti-

290 535 370 558 tatem
393 531 511 558 donatus
527 535 569 558 est
595 531 740 558 liberorum
765 531 954 559 multitudine:
979 538 1067 565 neque

288 576 406 604 Jacobus
428 582 545 612 quatuor
570 577 658 610 duxit,
690 585 806 612 quarum
823 582 850 604 et
872 577 933 605 dum
945 585 1066 611 sorores,

288 623 334 658 qni
362 623 503 650 duodecim
529 623 647 650 tribuum
673 629 750 658 pater
765 623 878 655 exslitit,
894 627 921 651 et
945 623 1066 658 Magistri

288 669 374 697 nostri
393 669 537 696 adventum
566 669 686 697 futurum
708 669 868 705 designavit.
884 669 990 705 Moyses
1013 677 1067 697 non

287 720 346 743 erat
372 715 519 749 homicida,
535 723 586 743 nec
598 716 632 743 ab
657 715 791 742 idolorum
809 715 949 743 sacerdote
974 715 1068 743 didicit

286 762 420 796 judicare,
434 762 481 797 qui
500 762 628 789 omnibus
641 762 748 789 saeculis
763 762 849 797 legem
861 761 909 789 Dei
921 762 1068 797 propheta-

288 809 338 842 vit,
353 813 380 836 et
390 809 425 835 ob
442 812 542 835 rectam
558 808 762 843 intelligentiam
779 808 964 836 testimonium
981 808 1067 836 fidelis

287 855 484 891 dispensatoris
498 855 610 889 accepit.

323 902 388 930 LIII.
405 902 456 930 Sed
476 906 504 929 et
523 902 621 929 horum
642 901 826 936 similiumquc
851 900 1014 928 solutionem
1037 901 1065 927 in

287 955 408 984 tempore
423 948 469 976 tibi
483 948 626 976 exhibebo.
643 947 680 974 De
695 951 808 980 caetero,
825 947 966 982 quoniam,
981 951 1011 973 ut
1026 947 1067 973 vi-

287 996 345 1025 des.
357 995 440 1022 instat
453 1001 576 1029 vespera.
584 1001 645 1028 qua:
655 993 737 1021 hodie
751 993 824 1021 dicta
835 998 909 1024 sunt.
919 989 1064 1020 sufﬁciant.

287 1041 411 1068 Attamen
427 1040 534 1074 quoties
551 1039 637 1071 voles,
653 1039 686 1067 de
705 1039 803 1074 quibus
829 1038 956 1073 placebit,
980 1037 1066 1066 ﬁden-

287 1091 328 1114 ter
342 1090 502 1122 percontare
523 1095 530 1114 :
547 1093 598 1113 nos
613 1085 667 1112 laeti
690 1084 834 1113 confestim
856 1083 1064 1119 explicabimus.

287 1133 391 1167 Quibus
403 1132 482 1160 dictis
497 1131 626 1159 surrexit.
645 1131 745 1166 Sicque
756 1134 866 1165 sumpto
878 1130 939 1158 cibo
953 1129 981 1156 in
993 1136 1066 1156 sum—

289 1187 352 1206 num
366 1179 436 1206 versi
451 1186 562 1212 sumus;
579 1184 632 1204 nox
645 1177 717 1204 enim
730 1177 885 1204 advenerat.

1081 869 1106 900 B

580 1323 723 1352 HOMIIJA
740 1323 785 1352 Ill.

322 1373 342 1400 l.
369 1372 433 1400 Post
448 1372 517 1400 duas
542 1371 624 1406 igitur
644 1371 714 1404 dies,
741 1370 822 1398 tertio
845 1374 937 1398 autem
972 1370 1067 1399 illuce-

289 1423 381 1446 scente
406 1425 461 1453 quo
484 1417 677 1452 disputandum
702 1420 762 1444 erat
784 1422 846 1444 cum
865 1415 994 1449 Simone,
1014 1423 1067 1452 ego

286 1465 412 1493 Clemens
427 1463 632 1498 expergefactus
651 1463 828 1498 comitesque,
850 1463 901 1490 sub
916 1463 1066 1490 secundum

287 1511 418 1546 gallorum
429 1515 539 1537 cantum
552 1509 705 1537 invenimus
717 1509 965 1538 Iucernarmadhuc
977 1509 1066 1538 lucen-

287 1561 352 1589 tem,
368 1555 477 1583 Petrum
500 1563 564 1582 vero
586 1555 699 1590 genibus
727 1555 804 1584 ﬂexis
826 1561 961 1584 orantem.
982 1556 1063 1584 Com-

288 1602 359 1636 pleta
373 1601 455 1636 igitur
468 1607 559 1636 prece.
572 1608 896 1637 conversuscernensque
905 1609 955 1630 nos
970 1601 1004 1629 ad
1015 1610 1066 1629 au-

286 1647 417 1675 diendum
434 1651 543 1682 paratos
556 1646 624 1674 dixit
638 1656 645 1674 :

1079 1535 1100 1565 C

323 1725 355 1753 11.
374 1726 450 1753 Scire
466 1733 513 1752 vos
538 1726 609 1759 volo,
633 1725 704 1760 quod
719 1725 765 1760 qui
780 1732 813 1753 ex
837 1731 931 1753 nostro
951 1726 1067 1754 consilio

286 1777 398 1800 manent
418 1780 479 1799 enm
504 1771 626 1804 Simone,
649 1777 679 1799 ut
697 1771 884 1807 inepla'illius
896 1772 1067 1800 addiscentes

288 1818 366 1846 nobis
382 1817 536 1853 subjiciam,
553 1825 608 1852 quo
624 1817 657 1845 ad
673 1818 776 1845 variam
794 1817 855 1853 ejus
870 1818 1002 1846 malitiam
1019 1827 1068 1851 ap-

287 1870 345 1891 tare
360 1872 409 1892 nos
425 1864 573 1900 possimus,
589 1864 638 1899 ipsi
656 1865 800 1898 miserunt,
814 1869 842 1892 et
862 1864 941 1892 nobis
955 1865 1006 1892 ista
1020 1866 1067 1892 de-

287 1912 426 1938 clararunt
441 1920 448 1937 :
466 1910 561 1938 Simon
578 1911 668 1943 hodie,
687 1910 916 1946 quemadmodum
929 1911 1065 1946 promisit,

288 1961 399 1991 paratus
413 1960 464 1989 est,
478 1957 570 1984 venire
585 1964 676 1984 coram
691 1957 828 1988 omnibus.
845 1962 876 1984 ut
890 1957 1016 1986 ostendat
1032 1965 1064 1985 ex

288 2001 437 2036 Scripturis
450 2011 457 2028 ε
472 2001 543 2030 hunc
558 2002 603 2037 qui
621 2002 720 2030 caelum
735 2007 762 2030 et
777 2007 878 2030 terram
921 2004 1067 2039 omniaque

287 2047 315 2074 in
331 2048 364 2075 iis
376 2047 511 2074 exstantia
519 2048 650 2079 condidit,
660 2055 714 2075 non
725 2056 786 2076 esse
794 2048 877 2076 Deum
890 2055 1064 2084 supremum;

289 2092 336 2120 sed
360 2093 444 2120 alium
457 2093 588 2120 exsistere
612 2093 756 2128 quemdam
781 2094 948 2129 incognitum
972 2099 999 2122 et
1020 2103 1068 2123 su-

287 2145 422 2172 premum,
437 2143 467 2165 ut
479 2138 507 2165 in
522 2138 703 2166 inelfabilibus
718 2139 891 2167 exsistentem
909 2140 1067 2169 Denmdeo-

288 2192 360 2217 rum,
373 2185 420 2219 qui
434 2185 504 2212 duos
519 2185 623 2213 miserit
637 2185 713 2217 deos,
729 2193 763 2212 ex
777 2186 878 2220 quibus
892 2187 959 2214 alter
971 2188 1064 2215 mundi
1081 2205 1104 2233 D

287 2233 404 2259 creator.
420 2230 488 2257 alter
504 2230 569 2265 legis
585 2230 673 2258 dator.
698 2231 786 2266 Atque
803 2232 861 2259 hac
880 2232 970 2259 dicere
985 2233 1065 2260 moli—

290 2280 343 2307 tur.
359 2280 389 2303 ut
400 2280 500 2303 rectam
512 2276 590 2304 ﬁdem
604 2284 698 2304 eorum
714 2278 862 2310 subvertat,
877 2278 923 2313 qui
939 2287 1021 2306 unum
1035 2287 1067 2307 ac

289 2321 377 2349 solum
398 2321 483 2349 Deum
506 2327 655 2350 creatorem
685 2323 746 2350 coeli
771 2328 797 2351 et
819 2328 898 2351 teme
925 2325 1064 2352 adoraturi

288 2373 362 2395 sunt.

321 2425 364 2452 IlI.
377 2424 438 2453 llzec
450 2426 562 2453 audiens
574 2434 629 2461 quo
642 2427 722 2454 modo
734 2435 786 2454 non
798 2428 910 2455 moleste
923 2428 1069 2456 tulissem?

287 2471 422 2504 Quocirca
443 2476 470 2499 et
491 2479 539 2499 vos
558 2480 664 2500 mecum
686 2474 865 2501 consistentes
879 2474 977 2502 fratres
998 2475 1068 2502 scire

287 2517 359 2544 volui
377 2537 384 2549 ,
401 2524 455 2544 non
478 2517 650 2546 mediocriter
663 2519 755 2546 animo
770 2527 812 2546 me
826 2519 927 2552 dolere,
941 2520 1004 2547 dum
1026 2520 1063 2547 vi-

287 2561 348 2595 deo,
367 2563 505 2591 diabolum
520 2564 629 2599 quidem
643 2564 677 2592 ad
693 2565 816 2592 homines
837 2566 981 2593 tentandos
995 2566 1065 2602 vigi-

288 2608 354 2641 lare,
370 2609 496 2638 homines
510 2618 576 2638 vero
589 2611 668 2646 plane
684 2611 818 2647 negligere
840 2612 954 2639 salutem
975 2620 1064 2640 suam.

713 153 742 179 S.
760 149 955 178 CLEMENTIS
971 150 981 178 I
1001 150 1083 179 IIOM.
1102 149 1203 178 PONT.
1222 150 1335 178 OPERA
1350 151 1463 178 DUBIA.

1844 152 1895 180 “2

1151 207 1204 234 LII.
1223 207 1277 234 Kal
1293 209 1306 234 ὁ
1320 208 1422 243 Πέτρος
1438 207 1603 243 ἁπεκρίνατο
1615 207 1647 223 "-
1663 207 1766 234 Οὐκοῦν
1782 207 1897 242 εὐλόγως

1117 252 1178 279 οὔτε
1192 253 1263 280 κατά
1277 253 1324 280 τοῦ
1341 253 1407 280 Θεοῦ
1424 253 1558 286 πιστεύω,
1575 253 1636 280 οὗτε
1657 253 1726 280 κατὰ
1749 254 1801 281 τῶν
1816 255 1844 282 ὲν
1856 256 1898 290 τῷ

1117 299 1192 334 νόμῳ
1214 300 1425 335 ἀναγραφέντων
1445 299 1567 332 δικαίων,
1588 299 1694 331 ἁσεὸὦς
1708 301 1812 335 φρονεῖν
1828 310 1898 337 προ-

1117 344 1261 380 λαμεάνων
1276 345 1308 372 ³³.
1333 345 1376 377 Ὠς
1390 345 1445 381 γὰρ
1459 345 1620 381 πέπεισμαι,
1637 345 1697 372 οὔτε
1715 346 1797 382 Ἀδὰμ
1810 356 1900 382 παρα-

1118 390 1202 427 δάτης
1217 389 1261 426 ἦν,
1274 391 1289 418 ὁ
1305 391 1356 418 ὑπὸ
1371 391 1426 417 τῶν
1439 391 1486 418 τοῦ
1508 391 1576 418 Θεοῦ
1592 391 1691 427 χειρῶν
1711 393 1897 428 κυοφορηθείς·

1117 436 1178 463 οὔτε
1191 437 1253 463 Νῶε
1278 436 1393 473 μέθυσος
1410 434 1445 472 ἧν
1455 456 1463 468 ,
1479 438 1493 464 6
1506 437 1577 473 ὑπὲρ
1589 437 1613 453 ⁸⁸
1627 437 1714 464 πάντα
1738 437 1782 464 τὸν
1798 439 1900 474 κόσμον

1117 482 1220 514 δίκαιος
1243 483 1375 518 εὑρεθείς·
1401 482 1463 510 οὔτε
1477 483 1505 510 δὲ
1524 483 1647 519 Ἀϐραὰμ
1660 484 1748 519 τρισὶν
1769 484 1823 519 ἃμα
1835 493 1901 511 συν-

1116 527 1190 563 ﬁet“
1207 529 1338 563 γυναιξὶν,
1368 530 1382 555 ὁ
1397 528 1441 555 διὰ
1451 529 1627 565 σωφροσύνην
1643 529 1817 561 πολυτεκνίας
1832 538 1902 556 κατ-

1117 575 1254 606 αξιωθείς·
1280 574 1341 601 οὒτε
1369 573 1465 601 Ἰακὼὸ
1489 575 1614 610 τετράσιν
1636 575 1781 607 ἐκοινώνει,
1800 568 1836 602 ὧν
1851 575 1902 602 δύο

1117 621 1164 648 καὶ
1180 621 1291 655 ἀδελφαὶ
1305 621 1327 636 δ’
1341 620 1498 655 ἐτύγχανον,
1515 621 1544 652 ὃς
1553 620 1666 647 δεκαδύο
1679 621 1768 655 φυλῶν
1777 621 1902 657 ὑπάρξας

1118 667 1207 704 πατὴρ
1223 668 1269 694 καὶ
1284 667 1333 703 τὴν
1349 667 1397 694 τοῦ
1411 667 1575 694 Διδασκάλου
1585 666 1662 702 ἡμῶν
1677 666 1824 702 παρουσίαν
1839 667 1903 702 ἐσή-

1119 722 1202 749 μανεν
1219 713 1314 739 ἐλθεῖν·
1326 713 1356 739 οὺ
1369 712 1488 747 Μωῦσῆς
1499 712 1595 747 φονεὺς
1603 709 1702 747 ἦν,καὶ
1719 711 1793 748 παρά
1805 712 1905 747 ἱερέως

1118 759 1232 786 εἰδώλων
1240 759 1262 775 ⁸³
1269 759 1370 795 κρίνειν
1380 758 1536 794 ἐμάνθανεν,
1547 759 1561 785 ό
1572 758 1712 793 παντὶ
1718 757 1756 794 τῷ
1767 757 1842 784 αἰῶνι
1853 758 1905 784 τὸν

1117 805 1164 832 τοῦ
1180 805 1248 832 Θεοῦ
1263 805 1345 840 νόμον
1360 804 1551 840 προφητεύσας
1563 804 1611 831 καὶ
1624 803 1657 830 δι’
1671 803 1753 840 ὀρθὴν
1770 803 1905 839 φρόνησιν

1119 850 1213 882 πιστὸς
1228 850 1368 886 οἰκονόμος
1385 846 1580 886 μαρτυρηθείς.

1152 896 1217 924 LIII.
1234 896 1306 931 Πλὴν
1320 897 1367 923 καὶ
1380 896 1481 922 τούτων
1499 904 1539 922 σοι
1560 895 1610 931 τὴν
1624 895 1746 923 ἐπίλυσιν
1765 895 1833 932 μετά
1846 896 1906 923 τῶν

1116 942 1215 978 ὁμοίων
1229 942 1275 969 ἐπὶ
1289 942 1384 978 καιροῦ
1400 942 1519 978 παρέξω.
1541 941 1594 968 Τοῦ
1609 942 1638 968 δὲ
1647 941 1753 974 λοιποῦ,
1771 942 1808 974 ὡς
1823 943 1907 978 ὁρᾷς,

1117 987 1210 1023 ἐπειδὴ
1225 987 1327 1023 ἑσπέρα
1348 987 1520 1022 κατείληφεν,
1537 986 1572 1013 τὰ
1589 987 1707 1023 σήμερον
1725 987 1839 1023 ῥηθέντα
1853 988 1908 1015 αὑ-

1116 1033 1225 1070 τάρκως
1238 1033 1332 1068 ἐχέτω.
1349 1033 1459 1060 ’Δλλοτε
1476 1033 1506 1059 δὲ
1523 1033 1548 1060 εί
1564 1033 1587 1049 ⁸⁸
1612 1033 1711 1068 βούλει,
1726 1034 1790 1070 περὶ
1803 1030 1842 1061 ὥν
1858 1034 1909 1061 θέ-

1116 1079 1181 1111 λεις,
1205 1077 1312 1115 θαρρῶν
1335 1079 1412 1115 ἡμῶν
1436 1078 1582 1111 πυνθάνου,
1606 1080 1653 1106 καὶ
1665 1080 1745 1115 ἡμεῖς
1763 1079 1910 1115 χαίροντες

1116 1124 1220 1156 ἀόκνως
1252 1125 1424 1160 ὲπιλύσομεν.
1449 1125 1503 1151 Καὶ
1524 1125 1612 1152 ταῦτα
1636 1124 1719 1151 εἰπὼν
1742 1126 1907 1161 ἐγήγερται.

1116 1170 1171 1198 Καὶ
1189 1170 1275 1202 οὕτως
1291 1171 1392 1206 τροφῆς
1411 1169 1606 1206 μεταλαϐόντες
1623 1171 1662 1202 εἰς
1678 1169 1760 1197 ὕπνον
1782 1171 1910 1207 ἐτράπη-

1119 1224 1178 1251 μεν.
1193 1215 1357 1251 Κατειλήφει
1376 1215 1430 1251 γὰρ
1445 1216 1461 1251 ἡ
1476 1215 1534 1249 νύξ.

1419 1328 1541 1355 ΟΜῙΛΙΑ
1558 1328 1594 1356 Γ.

1152 1372 1173 1399 Ι.
1190 1372 1242 1399 Δύο
1256 1372 1306 1408 μὲν
1321 1370 1367 1399 οὖν
1382 1373 1541 1400 διελθουσῶν
1556 1374 1677 1410 ἡμερῶν,
1694 1375 1911 1410 ὲπιφωσκούσης

1116 1418 1146 1446 δὲ
1166 1418 1271 1454 τρίτης,
1289 1418 1356 1454 πρὸς
1369 1418 1400 1444 τὺ
1422 1419 1593 1455 διαλεχθῆναι
1609 1420 1648 1455 τῷ
1670 1419 1772 1456 Σίμωνι
1794 1420 1911 1452 ἐξυπνι-

1118 1464 1191 1495 σθεὶς
1205 1463 1260 1498 ἐγὼ
1275 1463 1389 1500 Κλήμης
1403 1465 1451 1491 καὶ
1462 1465 1487 1491 οἱ
1502 1465 1626 1497 συνόντες
1639 1466 1740 1502 ἑταῖροι
1754 1466 1777 1481 ⁵³
1792 1466 1844 1492 ὑπὸ
1854 1466 1911 1498 τὰς

1117 1510 1244 1547 δευτέρας
1265 1510 1518 1546 τῶνκάλεκτρυόνων
1534 1511 1635 1546 φωνὰς,
1658 1511 1773 1548 εὕρομεν
1790 1511 1837 1538 τδν
1853 1512 1911 1547 μὲν

1116 1556 1211 1592 λύχνον
1228 1556 1268 1583 ἔτι
1284 1556 1422 1591 φαίνοντα,
1437 1557 1482 1583 τὺν
1498 1557 1526 1584 δὲ
1542 1558 1643 1593 Πέτρον
1657 1557 1799 1592 γονυκλινῆ
1816 1566 1911 1593 προσ-

1117 1604 1271 1638 ευχόμενον.
1291 1603 1458 1634 Συντελέσας
1480 1602 1526 1630 οὖν
1540 1604 1592 1639 τὴν
1605 1603 1707 1640 δέησιν,
1724 1603 1913 1639 ἐπιστραφεὶς

1116 1649 1163 1676 καὶ
1185 1649 1245 1675 ἰδὼν
1266 1648 1340 1685 ἡμᾶς
1363 1649 1432 1684 πρὸς
1454 1649 1485 1676 τὸ
1510 1649 1625 1677 ἀκοῦσαι
1647 1649 1762 1685 ἑτοίμως
1777 1649 1912 1684 ἔχοντας,

1117 1694 1180 1729 ἔφη·

1151 1739 1183 1766 ll.
1197 1739 1343 1766 Γινώσκειν
1353 1739 1424 1775 ὑμᾶς
1436 1738 1516 1772 θέλω,
1526 1740 1567 1767 ὅτι
1581 1741 1605 1767 οἱ
1618 1740 1678 1767 καθ’
1688 1740 1824 1777 ἡμετέραν
1835 1741 1912 1776 πρό-

1116 1793 1190 1812 νοιαν
1211 1785 1336 1817 συνόντες
1352 1785 1392 1821 τῷ
1412 1786 1528 1821 Σίμωνι,
1546 1786 1619 1818 ὃπως
1639 1786 1689 1818 τὰς
1704 1786 1800 1821 βουλὰς
1816 1786 1913 1813 αὐτοῦ

1117 1831 1298 1866 μανθάνοντες
1321 1831 1506 1859 ὑποϐάλλωσιν
1520 1832 1594 1868 ἡμῖν,
1615 1832 1659 1859 ἵνα
1673 1832 1815 1868 δυνώμεθα.
1834 1832 1915 1868 πρὸς

1115 1876 1164 1912 τὴν
1180 1876 1229 1912 τῆς
1249 1877 1348 1908 κακίας
1364 1877 1444 1904 αὐτοῦ
1467 1878 1602 1904 ποικιλίαν
1617 1878 1800 1914 ἁρμόσασθαι,
1825 1879 1915 1907 αὐτοὶ

1116 1922 1274 1958 πέμψαντες
1288 1923 1424 1958 ἐδήλωσαν
1435 1923 1500 1958 ἡμῖν
1514 1923 1646 1958 λέγοντες·
1664 1924 1753 1959 Σίμων
1769 1924 1914 1960 σήμερον,

1115 1969 1187 1995 καθὰ
1200 1968 1370 2001 συνετάξατο,
1386 1969 1494 2005 ἕτοιμός
1505 1970 1579 1996 ἐστιν
1592 1970 1646 1996 ἀπὸ
1660 1970 1712 1996 τῶν
1728 1971 1748 1996 Γ
1751 1970 1848 2006 ραφῶν
1859 1972 1917 1998 ἐπὶ

1117 2014 1225 2042 πάντων
1247 2014 1330 2041 ἐλθὼν
1353 2014 1556 2047 ἀποδεικνύειν,
1583 2016 1619 2051 μὴ
1643 2016 1735 2043 τοῦτον
1763 2017 1820 2051 78
1835 2015 1918 2044 εἶναι

1116 2059 1182 2086 Θεὸν
1197 2058 1341 2092 ἀνώτατον,
1356 2060 1386 2092 ὃς
1397 2060 1509 2096 οὐρανὸν
1524 2060 1612 2087 ἔκτισε
1626 2061 1672 2088 καλ⁸
1686 2061 1736 2096 γῆν
1750 2062 1797 2088 καὶ
1812 2063 1918 2091 πάντα

1116 2105 1150 2131 τὰ
1164 2105 1187 2121 ⁵⁸
1200 2106 1229 2132 ὲν
1243 2105 1343 2138 αὐτοῖς,
1360 2105 1428 2132 ἀλλὰ
1447 2106 1525 2133 ἄλλον
1538 2106 1598 2132 τινὰ
1618 2107 1754 2140 ἄγνωστον
1769 2108 1818 2134 καὶ
1835 2108 1921 2135 ἀνώ-

1116 2158 1206 2182 τατον,
1229 2150 1268 2182 ὡς
1291 2151 1320 2176 ὲν
1345 2151 1509 2187 ἀπορρήτοις
1532 2152 1596 2178 ὄντα
1613 2151 1678 2180 Θεὸν
1701 2152 1777 2180 θεῶν’
1802 2153 1836 2185 ὃς
1862 2154 1921 2182 δύο

1117 2194 1221 2230 ἔπεμψε
1237 2195 1322 2227 θεοὺς,
1338 2195 1384 2231 ἀφ’
1397 2193 1434 2223 ὧν
1455 2197 1469 2222 ὁ
1487 2197 1536 2231 μὲν
1550 2194 1590 2229 εἷς
1608 2197 1681 2224 ἐστιν
1695 2198 1709 2224 ὁ
1725 2198 1830 2233 κόσμον
1851 2201 1922 2226 κτί-

1121 2249 1180 2272 σας,
1197 2242 1211 2267 ὁ
1225 2241 1253 2267 δὲ
1267 2241 1309 2267 ἓτε
1315 2250 1359 2277 ρος
1373 2243 1386 2268 ὁ
1399 2241 1444 2268 τὸν
1458 2242 1538 2277 νόμον
1552 2242 1622 2274 δούς.
1643 2243 1698 2269 Καὶ
1711 2243 1797 2270 ταῦτα
1814 2253 1921 2280 μηχα-

1120 2283 1196 2309 νᾶται
1205 2283 1304 2318 λέγειν,
1316 2285 1388 2316 ὅπως
1402 2285 1456 2311 τῶν
1469 2285 1514 2312 τὸν
1529 2285 1576 2312 ἕνα
1591 2286 1636 2312 καὶ
1659 2287 1737 2322 μόνον
1752 2287 1923 2322 μελλόντων

1120 2329 1208 2355 σέϐειν
1228 2329 1304 2360 Θεὸν,
1322 2330 1351 2361 ὃς
1365 2330 1478 2366 οὐρανὸν
1494 2331 1584 2358 ἔκτισε
1603 2332 1651 2359 καὶ
1666 2333 1728 2368 γῆν,
1749 2333 1800 2369 τὴν
1822 2335 1924 2372 ὀρθὴν

1119 2374 1273 2412 προεκλύσῃ
1287 2376 1308 2391 ⁸⁷
1323 2376 1424 2403 πίστιν.

1154 2431 1197 2458 III.
1213 2432 1304 2459 Ταῦτα
1319 2432 1438 2464 ἀκούσας
1451 2433 1510 2465 πῶς
1523 2434 1572 2460 οὐκ
1587 2434 1619 2461 ἂν
1635 2434 1780 2471 ἡθύμησας
1795 2436 1848 2463 Διδ
1865 2440 1925 2466 καὶ

1119 2477 1190 2512 ὑμᾶς
1199 2477 1232 2509 ⁸⁸,
1242 2479 1304 2509 τοὺς
1314 2478 1443 2510 συνόντας
1452 2488 1496 2514 μοι
1507 2480 1646 2515 ἀδελφοὺς,
1658 2479 1756 2509 εἰδέναι
1771 2482 1925 2519 ἠθέλησα,

1117 2523 1155 2554 ὡς
1169 2523 1199 2549 οὐ
1216 2523 1333 2559 μετρίως
1347 2524 1396 2560 τὴν
1411 2524 1499 2561 ψυχὴν
1510 2525 1596 2560 ἀλγῶ,
1617 2527 1716 2563 ἐνορῶν
1731 2527 1776 2554 τὸν
1793 2529 1851 2563 μὲν
1864 2540 1926 2557 πο-

1119 2569 1199 2605 νηρὸν
1215 2570 1281 2605 πρὸς
1297 2570 1410 2606 δοκιμὴν
1426 2571 1574 2607 ἀνθρώπων
1589 2568 1769 2608 ἐγρηγορότα,
1789 2575 1862 2607 τοὺς
1891 2577 1926 2604 δὲ

1118 2614 1276 2650 ἀνθρώπους
1290 2615 1339 2651 τῆς
1353 2616 1457 2643 ἑαυτῶν
1480 2617 1615 2652 σωτηρίας
1637 2619 1708 2645 πάνυ
1722 2619 1924 2654 ἀμελοῦντας.

915 2669 1030 2697 νΑηΙΑΞ
1063 2669 1266 2699 LECTIONES.

324 2709 346 2750 ξ’
358 2709 514 2750 Ἥὼηπάνυ
531 2711 630 2750 καλῶς.
647 2713 702 2739 Καὶ
717 2714 731 2740 ὁ
749 2713 850 2750 ῌέτρος
879 2714 1043 2750 ἀπεκρίνατο
1057 2716 1113 2744 des.

287 2740 353 2782 iga;
375 2745 445 2782 κατὰ
460 2746 542 2782 νόμου
558 2740 698 2782 λεγόμενα.

753 2748 841 2784 “EXIN
857 2750 886 2775 0.
908 2748 967 2776 Vid.
985 2758 1073 2784 supra
1094 2759 1118 2778 c.
1141 2751 1185 2778 46.

1135 2716 1286 2755 ip_‘0.‘__'_'
1297 2717 1482 2755 προλαμϐρνει
1493 2719 1514 2745 0
1529 2738 1536 2751 ,
1555 2718 1648 2755 incnj.
1672 2727 1758 2755 marg.
1775 2721 1814 2748 al.
1832 2730 1921 2750 man_

1224 2752 1245 2788 ξ¹
1256 2751 1350 2788 Melius
1369 2751 1452 2788 συνῆν
1465 2753 1493 2780 S.
1554 2753 1577 2769 "
1588 2751 1654 2780 Vbb.
1672 2751 1862 2788 Μλῦτεκνίας
1883 2774 1904 2779 -.
1915 2774 1924 2779 -

287 2778 676 2824 seges:desiderantur'iiro.
714 2778 890 2824 τζειδιιςλουᾳἰ
924 2778 1068 2824 “axx-3;;
1082 2785 1112 2824 δέ
1123 2786 1159 2824 c;
1193 2778 1435 2822 ιιιιτεροιοζδειτέι⁸
1452 2778 1923 2824 ιίίίηεςτίρέῖεἶσζάὶιίᾮῶἷωιά

288 2812 425 2846 ἄγνωστον
442 2816 487 2842 καί
502 2824 555 2844 non
568 2817 684 2845 exhibet.
720 2818 741 2834 ⁸⁷
759 2819 935 2854 προσεκλύσει
950 2820 982 2846 C.
1019 2820 1041 2836 ⁸⁸
1056 2812 1174 2855 ἡμᾶςο.
