1945 3101
68 144 96 172 IIS
649 152 880 182 CLEMENTINA.
897 169 931 176 —-
947 154 1088 182 HOMILIA
1105 155 1149 182 Ill.

1652 157 1701 185 ΙΗ

67 200 242 249 ’ξμηχανὴσειτο
270 206 345 243 γὰρ
375 209 444 240 τοῖς
470 209 528 236 ἀπὸ
548 208 630 236 ὲονῶν
656 210 781 245 μέλλουσι
801 212 861 247 περῖ

917 213 1069 242 Gentilibus
1092 214 1176 247 enim,
1197 214 1242 249 qui
1267 218 1373 242 terrena
1403 214 1550 242 simulacra
1570 215 1700 244 credituri

62 247 95 275 ιιῖιυ
106 249 227 284 ἐπιγείων
246 250 379 284 ξοάνων
402 255 554 282 πείθεσθαι
568 255 589 271 ⁵⁸
605 256 645 282 ὅτι
665 256 715 283 οὐκ
731 257 785 283 εἰσὶ
798 257 864 290 θεοὶ,

63 295 131 332 ἑτέρων
152 297 273 326 πολλῶν
302 299 392 327 θεῶν
418 301 504 333 δόξας
525 301 697 336 εἰσενεγκεῖν,
721 303 796 334 ὅπως
818 304 866 330 ἐὰν

63 342 189 371 παύσωνται
214 345 275 381 τῆς
301 346 398 373 κάτω
419 347 445 363 ⁵⁸
476 347 704 383 πολυθεομανίας,
725 348 825 384 ἑτέρως
847 348 864 385 ἢ

66 391 95 417 ul
105 392 187 426 γέρον
201 391 287 419 κατὰ
304 393 368 428 τῆς
383 393 437 420 τοῦ
453 393 522 420 Θεοῦ
538 394 684 430 μοναρχίας
694 394 782 429 λέγειν
792 396 864 422 ἀπα-

67 437 212 473 ηθὴεονται·
230 438 283 464 ἵνα
301 439 457 475 μηδέποτε
469 439 504 466 τὰ
514 440 564 475 τῆς
575 440 722 475 μοναρχίας
735 442 865 477 προτιμή-

66 492 138 515 σαντες
158 483 320 511 οὐπώποτε
338 485 442 517 ἐλέους
465 487 558 521 τυχεῖν
572 486 731 521 δυνηθῶσιν.
756 487 863 523 Ταύτης

64 529 81 556 δὲ
92 530 135 565 τῆς
145 530 254 566 τόλμης
270 531 366 557 ’ἑνεκα
389 532 405 557 ὁ
419 532 512 568 Σίμων
526 534 587 563 ταῖς
602 532 712 567 ψευδέσι
725 533 779 560 τῶν
792 533 863 569 Γρα-

60 576 104 610 ςῶν
122 578 301 612 περικοπαίς
318 578 502 614 ὡπλισμένος
519 579 646 614 πολεμεῖν
659 580 725 614 ἡμῖν
744 580 861 615 προσὲρ-

56 631 131 656 χεται.
148 624 208 650 Καὶ
219 623 254 650 τὸ
269 623 444 660 δεινότερον,
459 625 499 651 ὅτι
510 625 556 660 ἀφ’
567 621 605 651 ὧν
615 625 645 652 οὐ
659 625 681 641 ⁵⁸
695 625 861 652 πεπίστευκε

53 669 196 704 προςιητῶν
210 669 337 696 τοιαῦτα
361 670 535 706 δογματίζειν
552 671 622 698 κατὰ
633 671 679 698 τοῦ
695 672 778 704 ὅντως
794 671 862 699 Θεοῦ

915 266 994 288 erant
1012 268 1067 288 non
1090 268 1151 289 esse
1172 260 1249 294 deos,
1267 261 1441 290 machinatus
1460 267 1503 289 est
1526 261 1700 290 introducere

915 305 1059 341 opiniones
1084 306 1118 334 de
1142 307 1238 334 multis
1269 307 1330 334 aliis
1352 307 1424 340 diis;
1449 312 1480 335 ut
1495 308 1518 336 si
1539 315 1554 336 a
1578 310 1699 337 terrestri

916 351 1063 379 multorum
1077 353 1190 380 deorum
1204 358 1345 381 cessarent
1363 353 1481 387 insania,
1495 354 1547 381 alia
1561 355 1602 382 vel
1615 355 1700 390 pejori

915 397 1012 426 fraude
1032 404 1127 426 contra
1143 398 1190 426 Dei
1212 399 1401 427 monarchiam
1425 408 1457 428 ac
1477 401 1610 428 unitatem
1624 402 1698 436 loqui

915 444 1153 480 compellerentur,
1178 452 1223 477 ne,
1243 443 1397 473 doctrinam
1423 446 1457 474 de
1470 453 1526 473 uno
1546 446 1699 482 principatu

914 491 1027 518 maximi
1041 491 1182 525 facientes,
1192 499 1311 526 unquam
1327 491 1434 526 possint
1448 493 1579 527 consequi
1594 493 1701 520 miscri-

915 536 1046 564 c0rdiam.
1069 536 1126 564 lloc
1139 537 1174 564 ob
1186 537 1275 565 audax
1298 537 1405 566 facinus
1419 537 1514 566 Simon
1530 538 1607 566 falsis
1625 539 1700 566 Scri-

894 605 897 609 .
915 588 1056 617 pturarum
1080 583 1248 611 sectionibus
1269 588 1392 612 armatus
1411 584 1486 612 venit
1501 585 1534 611 ad
1549 592 1600 612 nos
1613 592 1700 619 oppu-

914 628 1046 663 gnandos.
1064 628 1198 664 Quodque
1213 629 1404 665 gravissimum
1421 635 1473 662 est,
1495 631 1546 657 ista
1569 631 1699 658 adversus

915 674 999 702 Deum
1014 683 1108 702 verum
1124 683 1157 703 ex
1172 676 1324 711 prophetis,
1339 676 1441 712 quibus
1454 681 1543 705 tamen
1567 684 1620 704 non
1640 684 1700 704 cre-

913 720 962 754 dit,
977 722 1075 749 docere
1090 730 1144 750 non
1157 727 1275 750 veretur.

946 767 990 795 ιν.
1007 767 1039 795 Ει
1060 768 1170 804 quidem
1187 769 1332 796 adversum
1356 776 1418 801 nos,
1442 769 1490 804 qui
1513 777 1528 796 a
1542 768 1699 804 jmajoribus

49 716 72 741 ου
89 715 270 751 πεφόὸηται.

73 772 122 799 ιν.
152 774 214 801 Καὶ
237 775 312 810 ἡμῖν
338 774 390 810 μὲν
403 775 461 806 τοῖς
478 774 511 800 ὲκ
526 773 665 810 προγόνων
680 774 861 810 παρειληφόσι

41 819 85 845 τὸν
99 819 142 846 τὰ
160 820 261 847 πάντα
282 820 420 848 κτίσαντα
442 820 497 856 79
514 820 604 847 σέϐειν
617 820 693 853 Θεὸν,
713 820 753 847 ἔτι
767 821 796 848 δὲ
814 821 861 848 καὶ

914 815 1017 842 cultum
1031 815 1155 842 omnium
1176 815 1327 842 conditoris
1347 814 1395 842 Dei
1408 815 1566 850 accepimus
1581 823 1630 843 nec
1644 824 1697 843 non

39 865 94 892 τῶν
139 866 264 902 ἀπατᾷν
298 867 459 902 δυναμένων
494 867 591 902 βίὸλων
624 868 656 894 τὺ
688 867 836 903 μυστήριον
852 887 859 900 ,

915 859 1123 895 Scripturarum
1137 860 1263 895 decipere
1276 861 1423 888 valentium
1437 861 1610 896 mysterium,
1631 861 1698 888 nihil

37 912 122 939 οὐδὲν
152 912 325 947 δυνήσεται,
348 914 405 945 τοῖς
427 913 455 940 δὲ
471 913 525 940 ἀπὸ
547 913 641 945 ἐθνῶν,
657 914 706 949 τὴν
732 913 861 940 πολύθεον

914 906 1013 942 poterit
1026 916 1032 933 :
1049 911 1145 934 contra
1159 915 1224 934 vero
1239 907 1363 942 gentiles,
1380 907 1407 934 in
1421 908 1570 935 multorum
1582 909 1697 936 deorum

37 959 193 994 ὐπόληψιν
222 959 380 995 σύντροφον
406 959 524 994 ἔχουσιν,
551 960 598 987 καὶ
621 959 676 986 τῶν
697 959 811 995 Γραφῶν
827 959 861 986 τὰ

914 953 1043 988 opinione
1066 953 1198 986 nutritas,
1223 953 1436 989 ignorantesque
1456 953 1605 989 Scriptum
1620 962 1697 982 men-

36 1005 137 1039 ᾴευδῆ
165 1006 222 1031 οὐκ
238 1005 354 1037 εἰδόσιν,
372 1005 438 1032 πολὺ
449 1006 601 1041 δυνήσεταυ
621 1006 652 1031 οὐ
669 1005 748 1041 μόνον
769 1005 861 1037 αὐτὸς,

914 999 1001 1032 dacia,
1017 999 1118 1026 valebit
1129 999 1277 1034 plurimum
1291 1009 1298 1026 :
1314 1008 1368 1027 non
1383 1000 1466 1028 modo
1480 1000 1549 1035 ipse,
1563 1001 1610 1028 sed
1628 1006 1655 1028 et
1673 1001 1696 1028 si

36 1051 102 1077 ἀλλ’
119 1052 152 1078 εἱ
166 1052 221 1078 καὶ
235 1051 320 1083 ἄλλος
335 1060 379 1083 τις
392 1053 447 1083 τοῖς
460 1051 516 1078 ἀπὸ
537 1051 622 1078 ἐθνῶν
645 1051 715 1079 κατὰ
729 1051 776 1078 τοῦ
793 1051 861 1078 Θεοῦ

914 1045 976 1080 quis
997 1045 1067 1072 alius
1086 1045 1203 1073 ethnicis
1220 1053 1317 1073 vanam
1336 1046 1456 1081 aliquam
1469 1046 1496 1074 in
1518 1046 1604 1074 Deum
1619 1047 1699 1074 fabu-

37 1099 129 1125 κενόν
143 1099 170 1114 ⁵¹
188 1107 258 1124 τινα
277 1099 371 1132 ὅμοιον
386 1097 491 1134 ὀνείρῳ.
509 1097 641 1129 πλουσίως
657 1097 861 1133 κεκοσμημένον

914 1091 978 1123 lam,
996 1091 1112 1118 similem
1129 1091 1238 1119 somnio
1260 1092 1457 1127 opulenterque
1475 1097 1601 1121 ornatam
1616 1102 1697 1121 enar-

38 1146 238 1181 ὑφηγήσεται
253 1144 350 1180 μῦθον,
366 1144 588 1180 πιστευθήσεται,
605 1143 642 1178 τῷ
654 1144 687 1170 ὲκ
701 1143 804 1170 παίδων
817 1143 861 1170 τὸν

914 1138 1023 1171 raverit,
1036 1138 1180 1171 credetur;
1193 1137 1266 1173 quod
1279 1146 1294 1165 a
1309 1139 1425 1173 pueritia
1439 1146 1517 1167 mens
1532 1146 1629 1167 eorum
1651 1147 1697 1166 sn-

39 1191 112 1218 »ηὗν
143 1191 246 1218 αὐτῶν
264 1190 302 1217 τὰ
324 1190 396 1217 κατὰ
417 1189 464 1217 τοῦ
476 1189 545 1216 Θεοῦ
568 1189 701 1225 λεγόμενα
722 1189 861 1223 ἐθισθῆναι

914 1184 960 1211 lita
976 1187 1018 1211 est
1041 1191 1182 1211 sermones
1204 1183 1336 1212 adversus
1352 1183 1438 1212 Deum
1458 1185 1609 1220 suscipere.
1632 1185 1696 1212 Bari

10 1262 11 1267 η
39 1237 213 1273 ῌμόἁνειν
229 1236 265 1262 ⁸³.
282 1236 396 1263 Σπάνιοι
408 1236 437 1263 δέ
452 1245 523 1267 τινες
538 1236 562 1262 οἱ
579 1235 627 1271 μὲν
641 1234 730 1262 αὐτῶν
744 1234 861 1266 ἔσονται,

914 1233 1003 1257 autem
1021 1230 1093 1257 inter
1105 1237 1153 1258 eos
1167 1235 1258 1263 erunt,
1273 1235 1302 1258 ut
1315 1238 1331 1258 e
1345 1231 1521 1259 multitudine
1535 1232 1626 1266 pauci,
1649 1233 1696 1267 qui

40 1284 82 1316 ὥς
103 1284 146 1311 ὲκ
166 1283 296 1318 πλήθους
319 1283 415 1316 ὀλίγοι,
436 1283 535 1314 οἵτινες
550 1282 584 1308 δι’
599 1281 808 1317 εὐγνωμοσύνην
831 1281 861 1307 οὐ

914 1276 948 1303 oh
960 1284 1068 1312 aequum
1085 1276 1207 1303 animum
1228 1277 1320 1304 nolent
1334 1277 1405 1304 malo
1420 1277 1447 1304 in
1463 1277 1587 1304 omnium
1606 1277 1699 1305 condi-

42 1330 207 1366 θελήσουσι
232 1329 307 1356 κατὰ
321 1329 367 1356 τοῦ
381 1328 416 1356 τὰ
429 1329 519 1355 πάντα
535 1328 675 1360 κτίσαντος
690 1327 758 1354 Θεοῦ
776 1327 861 1354 κακδν

914 1326 1000 1349 torem
1017 1321 1103 1349 Deum
1115 1323 1236 1350 sermoni
1249 1323 1292 1349 vel
1307 1330 1401 1350 aurem
1413 1323 1546 1350 duntaxat
1558 1324 1696 1358 praebere;

43 1376 133 1410 λόγον
161 1375 237 1402 αὐτὸ
257 1375 281 1390 ⁵⁸
299 1374 351 1401 κᾶν
375 1374 491 1402 ἀκοῦσαι
515 1372 670 1411 μόνον-,οἷς
695 1374 786 1410 μόνοις
808 1373 861 1400 ἀπὸ

914 1368 1014 1403 quibus
1025 1368 1091 1396 solis
1106 1369 1224 1396 ethnicis
1240 1369 1340 1396 salvari
1356 1369 1504 1404 continget.
1516 1369 1601 1397 Nemo
1615 1370 1699 1405 igitur

45 1422 143 1448 ἐθνῶν
169 1419 237 1448 οὖσι
255 1414 377 1457 σωθῆναι
398 1421 552 1456 γενήσεται.
571 1420 617 1456 Μὴ
633 1418 679 1447 οὖν
695 1421 761 1456 ημῖν
777 1419 801 1436 ⁸⁸
819 1428 861 1452 τις

914 1415 993 1444 nobis
1004 1415 1038 1442 de
1057 1415 1169 1442 Simone
1187 1414 1296 1450 penitus
1316 1419 1511 1450 conqueratur,
1528 1415 1570 1443 vel
1584 1416 1617 1444 de
1629 1423 1698 1451 quo-

46 1469 94 1494 τὸν
112 1468 241 1503 Σίμωνα
252 1467 394 1499 παντελῶς
410 1466 568 1502 μεμφέσθω,
583 1466 600 1502 ἢ
624 1467 670 1493 καὶ
685 1465 764 1494 ἄλλον
787 1465 861 1492 τινά·

914 1470 996 1497 quam
1011 1461 1076 1489 alio.
1093 1460 1165 1488 Nihil
1178 1461 1251 1488 enim
1276 1461 1379 1496 injuste
1391 1461 1508 1495 accidit;
1525 1462 1699 1497 quandoquto

47 1514 132 1540 οὖνὲν
152 1513 212 1550 γὰρ
235 1513 338 1545 ἀδίκως
354 1513 470 1547 γίνεται,
483 1513 550 1539 ὅπου
567 1512 614 1539 καὶ
627 1511 661 1539 τὰ
678 1512 732 1538 τῶν
744 1510 861 1547 Γραφῶν

915 1508 976 1535 dem
997 1512 1024 1534 et
1045 1507 1249 1542 Scripturarum
1264 1507 1405 1535 mendacia
1421 1507 1483 1542 jure
1503 1507 1537 1535 ad
1557 1508 1698 1536 hominum

48 1560 142 1595 ψευδῆ
161 1558 289 1593 εὐλόγως
303 1558 371 1594 πρὸς
384 1559 499 1594 δοκιμὴν
513 1558 606 1594 ἔχοντα
621 1558 759 1594 τυγχάνει.

914 1554 1100 1589 probationem
1113 1554 1202 1588 posita
1217 1557 1292 1581 sunt.

85 1605 124 1632 Υ.
146 1604 240 1640 Κάγὼ
257 1605 375 1641 Κλήμης
389 1605 509 1636 ἀκούσας
522 1604 599 1640 ἔφην·
618 1605 680 1637 Πῶς
696 1605 796 1639 λέγεις,
812 1604 861 1631 κύ·-

947 1599 981 1626 ν.
1006 1599 1068 1633 Quo
1082 1599 1176 1626 audito
1189 1607 1239 1635 ego
1253 1600 1378 1628 Clemens
1398 1600 1455 1628 dixi
1472 1610 1478 1628 :
1496 1600 1555 1634 Qua
1574 1600 1699 1635 ratione,

24 1650 26 1693 ξ
51 1661 106 1688 pta,
122 1652 176 1679 καὶ
186 1651 226 1678 τὰ
239 1651 297 1678 τῶν
307 1651 422 1687 Γραφῶν
433 1650 520 1686 ψευδῆ
534 1650 651 1685 εὐλόγως
665 1650 734 1685 πρὸς
746 1650 861 1685 δοκιμὴν

914 1645 964 1679 ais,
980 1645 1100 1679 domine,
1122 1649 1149 1673 et
1163 1645 1366 1680 Scripturarum
1387 1647 1528 1674 mendacia
1546 1647 1645 1675 merito
1663 1648 1697 1675 ad

50 1699 217 1735 ἀνθρώπιον
229 1697 318 1733 ἔχεινς
333 1698 362 1724 '0
369 1697 398 1723 δὲ
407 1696 582 1733 ἀπεκρίνατο·
591 1697 631 1723 Τὰ
636 1696 720 1732 ψευδῆ
729 1696 783 1723 τῶν
792 1696 862 1732 Γρα-

50 1746 113 1779 ςὼν
140 1745 284 1780 αἱτήματι
309 1743 410 1774 κακίας
435 1742 533 1778 δικαίῳ
553 1743 607 1769 τινὶ
629 1743 701 1778 λόγῳ
722 1743 862 1778 γραφῆναι

52 1790 256 1828 συνεχωρήθη.
280 1789 406 1824 Εὺλόγως
428 1789 457 1816 δὲ
469 1789 493 1805 ⁸⁸
516 1788 587 1823 λέγω
608 1789 705 1821 οὕτως.
736 1790 779 1816 Ἐν
801 1791 862 1822 ταῖς

52 1837 213 1871 θεολογίαις
226 1838 241 1863 ὁ
255 1835 374 1872 πονηρὸς
386 1835 434 1862 τοῦ
450 1834 553 1869 ἀγαθοῦ
568 1835 613 1862 τὸν
627 1835 694 1862 Θεὸν
715 1837 765 1863 οὐκ
782 1836 861 1863 ἔλατ-

53 1893 100 1910 τον
119 1883 244 1918 ἀγαπῶν
260 1882 303 1909 ἑνὶ
329 1882 402 1917 μόνῳ
423 1880 600 1909 ἀπολείπεται
618 1881 665 1908 τοῦ
683 1881 798 1916 ἀγαθοῦ,
821 1882 861 1909 ὅτι

54 1931 103 1956 καὶ
119 1929 177 1956 τῶν
201 1928 318 1963 ἀγνοίας
333 1928 409 1963 αἰτία
422 1926 592 1954 ἀσεϐούντων
610 1927 641 1953 οὐ
657 1926 860 1962 συγγινώσκων,

57 1977 163 2012 στοργῇ
187 1976 224 2010 τῇ
240 1974 312 2010 πρὸς
332 1973 363 2000 τὺ
379 1973 574 2008 ἀσεϐούμενον,
588 1973 643 2008 80
657 1973 711 1999 τῶν
732 1972 861 2000 ἀσεϐούν-

55 2029 112 2048 των
136 2021 276 2055 ἐπιθυμεῖ
294 2020 340 2046 τὸν
355 2019 479 2055 ὄλεθρον,
502 2019 517 2045 ὁ
539 2018 566 2046 δὲ
575 2018 596 2034 ⁵⁷
612 2019 662 2054 τὴν
680 2018 751 2045 ἴασιν
770 2018 862 2051 αὐτοῖς

55 2067 243 2102 προσφέρειν.
260 2067 290 2092 '0
297 2065 352 2101 γὰρ
361 2064 464 2100 ἀγαθὸς
477 2065 567 2091 ἰᾶσθαι
580 2065 683 2096 πάντας
693 2064 763 2091 θέλει
774 2065 861 2097 ⁵⁸ταίς

57 2112 273 2148 μεταμελείαις,
298 2111 377 2143 σώζει
393 2110 422 2138 δὲ
440 2110 536 2146 μόνους
557 2110 620 2142 τοὺς
642 2111 794 2144 ἐγνωκότας
815 2111 861 2138 τὸν

55 2159 137 2185 Θεόν·
149 2159 218 2189 τοὺς
233 2158 263 2185 δὲ
278 2157 444 2192 ἀγνοοῦντας
457 2156 506 2183 οὐκ
519 2156 602 2188 ἰᾶται,
617 2156 665 2191 οὐχ
679 2156 720 2182 ὅτι
733 2156 763 2183 οὑ
777 2156 859 2189 θέλει,

54 2205 114 2232 ἀλλ’
131 2206 174 2232 an
191 2205 245 2232 οὐκ
261 2204 366 2236 ἔξεστιν
383 2202 419 2229 τὰ
432 2202 622 2238 ἡτοιμασμὲνα
639 2203 696 2233 τοῖς
719 2202 786 2233 υῐοῖς
810 2202 859 2237 τῆς

55 2252 205 2284 βασιλείας
215 2250 310 2285 ἀγαθὰ
322 2250 378 2281 τοῖς
390 2247 437 2276 διὰ
449 2248 482 2274 τὸ
494 2247 648 2283 ἀδιάκριτον
661 2247 769 2281 ἀλόγοις
780 2247 860 2280 ζώοις

55 2297 278 2335 παρεικασθεῖσι
288 2296 450 2332 παρασχεῖν.

91 2389 142 2418 Vl.
158 2390 218 2417 Τοῦ
238 2388 300 2419 ἑνὸς
319 2387 367 2415 καὶ
380 2386 461 2423 μόνου
476 2384 555 2416 Θεοῦ,
569 2384 615 2412 τοῦ
631 2385 676 2411 τὸν
691 2383 793 2419 κόσμον
810 2392 860 2410 πε-

53 2437 211 2472 tantum“
233 2435 284 2462 καὶ
300 2434 373 2470 ἡμᾶς
392 2432 535 2464 κτίσαντος
555 2432 602 2458 καὶ
618 2431 705 2458 πάντα
721 2439 860 2466 παρεσχη-

53 2484 149 2515 κότος,
169 2482 289 2517 τοιαύτη
303 2481 426 2515 πέφυκεν
445 2478 541 2514 φύσις,
558 2479 660 2510 παντὸς
682 2479 733 2514 ἥδη
757 2478 822 2505 ποτὲ
835 2478 858 2495 δ’

54 2530 134 2561 ἐντὸς
148 2530 224 2564 ὂρων
245 2526 402 2557 θεοσεϐείας
419 2525 506 2557 ὄντος,
522 2524 569 2551 καὶ
585 2524 622 2560 μὴ
636 2524 858 2560 βλασφημοῦντος

54 2575 141 2602 αὑτοῦ
158 2575 193 2602 τὺ
216 2575 294 2608 ἅγιον
316 2571 440 2607 Πνεῦμα,
467 2571 566 2606 στοργῇ
579 2571 612 2606 τῇ
634 2570 702 2606 πρὸς
721 2570 800 2597 αὑτὸν
817 2570 859 2603 εἰς

912 1692 1055 1720 hominum
1078 1692 1266 1727 probationem
1281 1693 1370 1727 posita
1388 1693 1490 1720 fuisse?
1503 1692 1551 1720 llle
1568 1701 1634 1721 vero
1654 1702 1698 1721 re-

911 1738 1021 1773 spondit
1035 1748 1042 1766 :
1057 1737 1198 1766 Mendacia
1214 1737 1465 1773 Scripturarum,ex
1478 1739 1589 1767 malitia:
1601 1744 1696 1774 postu-

912 1784 1023 1816 latione,
1044 1784 1118 1820 justa
1133 1784 1239 1811 ratione
1258 1785 1393 1819 permissa
1408 1788 1473 1812 sunt
1487 1785 1581 1813 scribi.
1601 1784 1697 1812 Merito

912 1835 1002 1858 autem
1014 1829 1076 1858 dico
1089 1830 1140 1858 sic.
1153 1829 1182 1857 In
1196 1830 1332 1865 theologia
1345 1834 1372 1857 et
1386 1830 1516 1865 religione
1532 1830 1630 1863 malus,
1643 1838 1695 1858 non

912 1876 1004 1904 minus
1019 1875 1134 1912 diligens
1147 1875 1234 1903 Deum
1245 1883 1327 1910 quam
1344 1875 1433 1903 bonus
1449 1876 1476 1902 in
1492 1882 1548 1902 uno
1563 1879 1669 1902 tantum
1680 1884 1696 1903 a

911 1922 984 1951 bono
1007 1926 1163 1957 superatur,
1185 1921 1258 1956 quod
1281 1921 1377 1949 nolens
1402 1929 1515 1956 parcere
1529 1921 1573 1954 iis,
1595 1921 1641 1956 qui
1663 1929 1694 1948 ex

911 1969 1066 2005 ignorantia
1081 1968 1157 2002 impii
1173 1972 1247 2000 sunt,
1261 1975 1355 1995 amore
1372 1968 1398 1994 in
1415 1967 1481 1994 illud
1495 1967 1568 2002 quod
1583 1975 1638 1994 non
1649 1976 1697 1994 co-

911 2014 997 2048 litur,
1019 2015 1236 2049 irreligiosorum
1262 2013 1398 2041 desiderat
1427 2013 1579 2047 interitum,
1608 2013 1697 2040 bonus

913 2068 980 2088 vero
993 2060 1060 2095 ipsis
1074 2060 1172 2088 oﬂerre
1185 2059 1342 2087 sanitatem.
1354 2058 1498 2086 Vultenim
1511 2064 1627 2086 cunctos
1638 2067 1696 2094 pte-

911 2107 1025 2134 nitentia
1039 2113 1136 2134 sanare
1149 2115 1155 2133 :
1169 2110 1259 2133 servat
1272 2110 1363 2133 autem
1374 2113 1421 2133 eos
1434 2109 1539 2132 tantum
1551 2105 1598 2140 qui
1610 2104 1695 2132 Deum

911 2157 1097 2188 cognoscunt;
1127 2156 1156 2179 at
1173 2159 1221 2180 eos
1253 2151 1301 2186 qui
1328 2159 1391 2179 eum
1420 2151 1547 2186 ignorant
1573 2158 1628 2178 non
1651 2159 1697 2178 sn-

912 2203 970 2232 nat,
992 2206 1047 2226 non
1068 2198 1141 2233 quod
1154 2198 1233 2231 nolit,
1249 2197 1296 2225 sed
1311 2197 1377 2233 quia
1397 2205 1451 2224 non
1466 2197 1529 2225 licet
1548 2197 1619 2224 bona
1634 2197 1697 2225 filiis

912 2245 988 2280 regni
1002 2249 1153 2280 prteparata
1169 2244 1288 2271 tribuere
1304 2243 1473 2276 hominibus,
1488 2244 1535 2278 qui
1547 2243 1582 2270 ob
1593 2243 1697 2271 discre-

912 2291 995 2319 tionis
1007 2291 1188 2326 privationem
1203 2289 1348 2318 assimilati
1363 2294 1427 2317 sunt
1441 2289 1530 2318 brutis
1544 2289 1696 2317 animanti-

910 2336 974 2365 bus.

947 2382 991 2410 Vl.
1005 2381 1093 2410 Unius
1109 2389 1140 2410 ac
1156 2381 1242 2410 solius
1279 2381 1337 2415 Dei,
1362 2382 1410 2417 qui
1439 2381 1572 2409 mundum
1589 2380 1654 2409 fecit
1667 2386 1695 2408 ct

910 2438 960 2457 nos
981 2429 1084 2457 creavit
1107 2434 1133 2456 et
1144 2430 1236 2456 omnia
1262 2429 1387 2464 praebuit,
1412 2437 1443 2456 ea
1466 2433 1564 2456 natura
1586 2432 1646 2460 est,
1666 2433 1697 2455 ut

910 2476 1030 2503 animam
1045 2475 1190 2511 cujuslibet
1216 2475 1288 2503 intra
1311 2475 1420 2510 pietatis
1443 2475 1545 2502 limites
1569 2473 1650 2509 positi
1669 2478 1696 2501 et

910 2527 1034 2551 sanctum
1041 2522 1100 2557 ejus
1107 2521 1238 2556 Spiritum
1248 2529 1302 2548 non
1315 2521 1579 2557 blasphemantis,ad
1589 2519 1696 2553 se,cha-

912 2569 996 2598 ritate
1005 2576 1069 2604 erga
1084 2568 1158 2596 hunc
1170 2568 1321 2601 hominem,
1337 2568 1465 2601 adducat,
1481 2575 1528 2603 per
1539 2569 1694 2601 respectant

707 2636 824 2665 VARI/EI.
857 2635 1060 2665 LECTIONES.

93 2689 118 2704 δ’
133 2688 302 2716 πεισθεσθαι
316 2690 348 2714 U.
368 2687 392 2703 ‘°
407 2687 486 2714 κάτω
499 2694 554 2714 non
569 2686 693 2713 omittere
703 2684 818 2712 debebat
844 2683 872 2711 S.
901 2683 1023 2712 Subinde
1048 2683 1082 2715 0,
1111 2682 1353 2718 πολυθεουμανίας.

777 2719 798 2746 C
812 2719 832 2754 ),
843 2719 889 2747 sed
900 2719 992 2747 statim
1003 2714 1122 2746 πλουσίω
1132 2714 1261 2754 (πλουσίῴ
1272 2717 1292 2745 C
1307 2737 1314 2754 ε
1326 2717 1460 2754 πλουσίως
1469 2716 1503 2743 de
1514 2714 1693 2754 conjectura).

854 2755 881 2782 in
895 2762 994 2789 marg.,
1007 2750 1140 2788 λαμϐάνει
1153 2754 1181 2789 in
1207 2750 1291 2789 textu.
1303 2753 1330 2789 _“
1347 2751 1450 2789 αὐτός
1472 2750 1571 2789 imitari
1589 2750 1647 2777 vult
1667 2751 1696 2789 in

651 2720 681 2747 ὃν
697 2719 724 2746 εἴ

57 2723 80 2739 ⁸·
96 2725 193 2751 καινόν
207 2725 228 2751 υ
243 2743 252 2756 ,
266 2722 316 2758 qui
330 2722 430 2751 deinde
441 2721 539 2783 ὀνεὲκυ
555 2728 580 2749 c.
594 2720 625 2748 D.
641 2720 681 2771 ςὸν
697 2720 764 2782 sig.»
777 2720 792 2746 ε

57 2759 278 2783 Κειοσιιηθένια
293 2765 321 2783 n.
339 2765 490 2783 κεκοσμηιι
506 2765 549 2783 νον
563 2759 594 2783 υ.
630 2756 640 2772 ⁸
671 2755 710 2782 Ita
765 2759 792 2782 et

11 2766 12 2778 ι
57 2756 321 2822 Κεκοσμηιθένεα-ι).
339 2756 549 2819 ηκοσμηὲένον
563 2759 594 2783 υ.
630 2756 640 2772 ⁸

58 2794 140 2821 αὐτᾶν
154 2804 188 2822 ve
212 2793 304 2822 αὐτοί.
326 2792 453 2822 Frustra.
492 2792 526 2818 fr.
541 2791 613 2818 hom.
629 2799 636 2818 ι

58 2794 140 2821 αὐτᾶν
153 2792 197 2823 'vel
212 2792 304 2822 αὑτοιζ
326 2792 453 2822 Frustra.

1404 2682 1426 2698 “
1443 2681 1473 2708 οὺ
1490 2688 1544 2708 non
1559 2685 1602 2708 est
1615 2680 1642 2706 in
1659 2678 1693 2708 0.

492 2792 526 2818 fr.
541 2791 613 2818 hom.
629 2797 670 2823 nt,
686 2790 703 2818 9
730 2789 759 2825 S.
797 2789 821 2805 "
838 2789 916 2825 ὑμῶν
927 2784 971 2825 (ἒξ
987 2784 1019 2804 ’⁸⁸
1035 2784 1063 2816 δέ
1078 2797 1134 2825 om.
1146 2788 1179 2825 0.
1216 2789 1238 2825 {7
1249 2787 1350 2825 οὐδέν.
1365 2787 1424 2825 gat
1439 2785 1562 2825 0._Tn_m_
1573 2784 1693 2825 προσφέ-

12 2846 14 2850 ›
61 2818 420 2862 ἓτῖίθξμεῖ-εῖ
429 2818 464 2854 ἶ)
502 2818 670 2862 προσφέρων
684 2825 716 2858 C,
731 2824 762 2852 Ο.
795 2824 824 2862 *⁸⁸
841 2818 912 2851 θὲλει
927 2824 1030 2862 πάντας
1041 2825 1076 2862 ρ.
1114 2823 1136 2862 '_'
1152 2823 1190 2862 Ita
1214 2822 1242 2862 ξ,
1359 2823 1409 2862 ille
1425 2821 1497 2862 conj.
1509 2818 1645 2862 εξδήπὸῖε,
1659 2818 1695 2845 C.

59 2854 252 2902 ostiis—9%;
263 2854 489 2902 Ῠέιέξήοξιονὲντδς
505 2854 616 2897 ερωνᾙ
632 2861 656 2887 ἰιι
671 2854 756 2892 testu,
769 2860 802 2888 ad
814 2868 888 2887 orum
900 2867 973 2887 man.
988 2854 1026 2887 al:
1041 2859 1104 2890 ἴσως
1121 2859 1237 2890 ﬁndet]
1265 2858 1432 2889 edidittvrb;
1448 2854 1512 2892 ὅρῳ.
1525 2854 1594 2883 Τιὶιιι
1609 2854 1694 2891 βλασς-

60 2899 212 2936 ςυμοῦνίεος
228 2908 288 2929 scr.
303 2899 336 2926 0.
