1945 3101
261 153 315 182 107

666 149 695 176 S.
713 147 907 177 CLEMENTIS
922 147 932 175 I
952 147 1036 176 ROM.
1055 145 1157 176 ΡΟΝΤ.
1175 145 1287 175 OPERA
1306 144 1420 173 DL‘BIA.

1829 141 1880 170 168

260 213 291 240 Si
303 210 437 239 mvalidus
452 213 493 237 est
505 229 512 241 ,
527 209 588 244 quis
603 213 644 235 est
657 207 845 242 omnipotens?
868 206 896 233 Si
926 206 1042 240 injustus

1101 206 1182 232 πάντα
1196 205 1324 235 advenat;
1338 203 1369 230 Εί
1385 203 1414 229 δὲ
1437 201 1532 233 ἀδικεῖ,
1549 201 1596 228 καὶ
1612 201 1654 233 τίς
1672 200 1793 233 δίκαιος
1807 201 1839 228 El
1853 202 1882 229 δὲ

261 264 302 286 est
314 279 321 291 ,
334 257 396 293 quis
410 255 518 291 justus?
534 254 564 281 Si
579 254 650 281 mala
664 257 738 281 creat
751 274 758 286 ,
773 253 835 287 quis
849 252 920 279 bona
943 251 1043 278 faciet?

262 305 290 331 Si
302 303 372 330 mala
385 301 460 334 facit,
474 301 536 336 quis
547 299 639 327 bona?

296 347 389 375 XLIV.
406 347 434 374 Si
445 353 511 373 vero
527 348 646 372 montem
671 343 798 378 pinguem
818 343 933 378 appetit,
951 342 1043 376 cujus-

261 402 324 422 nam
340 397 421 422 erunt
432 391 549 420 cuncta?
561 390 590 418 Si
607 391 736 418 mentitur
747 411 754 423 ,
767 389 829 424 quis
842 396 925 416 verax
938 388 997 416 est?
1015 385 1043 415 Si

262 443 288 468 in
304 438 481 468 tabernaculo
496 436 600 464 habitat
614 456 622 470 ,
635 435 698 470 quis
713 434 881 462 immensus?
895 433 924 460 Si
938 433 1044 460 deside-

260 492 304 515 rat
319 487 441 514 nidorem
453 506 460 518 ,
490 483 624 512 sacriﬁcia
637 504 644 516 ,
673 482 799 509 victimas
822 485 850 508 et
876 481 1022 508 libationes
1035 499 1043 511 ,

261 534 324 570 quis
345 532 447 560 nullius
471 531 612 566 indigens,
641 529 703 564 quis
728 532 855 560 sanctus,
871 527 935 562 quis
947 534 1044 562 purus,

261 580 323 614 quis
337 577 491 614 perfectus?
503 576 532 604 Si
547 575 698 602 luminibus
709 581 742 601 ac
754 572 873 600 lucernis
884 572 1044 605 delectatur,

260 625 323 660 quis
339 623 482 651 luminaria
496 622 523 649 in
539 621 608 649 coelo
626 620 785 648 constituit?
799 618 829 646 Si
842 619 870 646 in
884 618 1000 654 caligine
1013 625 1046 646 ac

259 670 380 698 tenebris
393 673 420 697 et
432 668 550 704 procella
563 672 643 703 atque
657 667 734 694 fumo
754 671 890 700 versatur,
905 667 967 701 quis
983 670 1044 693 tan-

260 725 342 753 quam
359 716 450 743 lumen
477 714 627 742 maximum
652 721 741 741 aevum
765 712 920 740 illuminat?
934 712 963 739 Si
982 720 1044 739 cum

260 764 335 791 tubis
349 767 376 790 et
391 761 632 790 vociferationibus
644 764 671 788 et
690 759 789 795 jaculis
805 764 831 787 et
845 759 951 794 sagittis
965 759 1046 786 adve-

260 811 312 843 nit,
337 809 400 845 quis
417 812 459 836 est
475 807 597 835 omnium
620 810 776 841 exspectata
799 804 1001 840 tranquillitas?
1016 803 1046 831 Si

256 850 320 892 ipse
332 855 402 883 bella
412 855 509 890 diligit,
521 854 583 889 quis
594 861 689 888 pacem
702 851 814 879 vult?Si
828 851 899 879 mala
913 851 970 886 ipse
980 858 1046 879 con-

260 903 310 935 dit,
326 901 388 936 quis
402 900 469 928 facit
481 899 569 927 bona?
582 898 610 926 Si
624 899 710 926 durus
725 898 799 933 ipse.
814 898 876 933 quis
893 897 1046 924 humanus?

261 947 289 974 Si
304 947 390 974 ﬁdelis
400 954 454 974 non
470 950 512 973 est
525 945 551 972 in
566 944 721 980 promissis,
734 944 777 970 cui
790 943 934 971 credetur?
946 942 974 969 Si
988 951 1047 970 ma-

260 994 302 1021 los
317 997 389 1020 amat
405 997 433 1020 et
450 992 588 1019 adulteros
600 995 628 1018 et
640 990 800 1023 homicidas,
816 990 879 1024 quis
894 989 945 1016 erit
953 989 1045 1024 justus

258 1039 359 1074 judex?
374 1037 403 1065 Si
418 1046 479 1065 cum
492 1037 617 1073 pmnitet,
633 1035 696 1071 quis
716 1040 758 1062 est
769 1035 916 1062 constans?
927 1034 956 1062 Si
970 1034 1047 1062 deni-

261 1093 314 1119 que
329 1084 414 1112 malos
428 1083 513 1119 eligit,
528 1082 655 1118 quisnam
671 1075 789 1109 admittit
800 1081 908 1108 bonos?

297 1214 378 1242 XLV.
395 1213 563 1248 Quocirca,o
578 1211 616 1240 illi
626 1210 764 1242 Clemens,
775 1208 868 1236 inhibe
882 1211 918 1241 te,
928 1214 962 1235 ne
973 1206 1047 1234 aliud

260 1263 295 1289 de
310 1261 364 1288 Deo
378 1260 491 1292 sentias,
505 1266 589 1293 quam
617 1257 690 1292 quod
703 1256 761 1292 ipse
783 1255 859 1282 solus
880 1254 917 1282 sit
936 1253 1007 1282 Deus
1020 1258 1048 1282 et

262 1307 396 1335 Dominus
412 1311 440 1333 et
453 1308 531 1340 pater
545 1305 634 1331 bontts
648 1310 681 1330 ac
694 1303 787 1338 justus
799 1304 918 1334 creator,
929 1301 1046 1335 patiens,

261 1354 430 1385 misericors.
441 1351 570 1384 nutritor,
586 1350 736 1382 beneﬁcus,
747 1347 927 1376 humanitatis
938 1346 1048 1381 legisla-

255 1406 315 1434 10r,
340 1399 474 1428 castitatis
507 1397 699 1430 consiliarius,
727 1401 862 1428 abternus,
884 1393 1047 1422 aeternitatis

262 1452 368 1480 auctor,
395 1444 629 1480 ineomparabilis,
645 1443 672 1470 in
688 1443 823 1470 bonorum
840 1441 939 1469 animis
965 1439 1046 1468 habi~

255 1499 335 1526 tans,
351 1494 534 1528 imperceptus
544 1496 571 1518 et
585 1494 739 1526 perceptus,
753 1489 800 1524 qui
816 1489 843 1516 in
866 1487 970 1514 inﬁnito
988 1493 1047 1513 ma-

261 1548 346 1575 gnum
358 1546 445 1567 aevum
460 1542 589 1572 tanquam
600 1540 723 1564 centrum
739 1535 806 1567 ﬁxit,
824 1534 870 1569 qui
886 1533 986 1561 cmlum
999 1540 1047 1559 ex-

260 1586 357 1621 pandit
367 1589 393 1613 et
407 1589 507 1612 terram
522 1582 667 1618 compegit,
681 1588 780 1617 aquam
795 1579 956 1612 recondidit,
971 1582 1045 1606 astra

262 1633 290 1659 in
315 1632 384 1659 ccelo
410 1630 557 1665 disposuit,
587 1633 688 1656 terram
704 1626 767 1655 fecit
784 1630 888 1654 scatere
911 1624 1046 1657 fontibus,

262 1679 369 1705 fructus
392 1675 531 1712 produxit,
550 1679 658 1702 mortles
684 1674 712 1701 in
729 1674 815 1701 altum
836 1671 958 1704 sustulit,
977 1671 1046 1699 mari

263 1724 396 1751 terminos
417 1723 502 1754 dedit,
517 1725 613 1748 ventos
626 1728 660 1748 ac
683 1719 763 1747 ﬂatus
776 1717 929 1749 ordinavit;
945 1715 1048 1751 quique

261 1770 372 1804 corpori
385 1768 517 1796 ambienti
533 1768 560 1794 in
574 1767 707 1794 immenso
730 1765 836 1801 pelago,
852 1771 901 1799 per
920 1762 1047 1798 spiritum

258 1816 370 1845 consilii
382 1815 435 1847 sui,
448 1814 622 1842 securitatem
641 1812 747 1841 tribuit.

299 1860 391 1890 XLVI.
410 1861 459 1890 llic
484 1865 578 1888 noster
589 1859 673 1894 judex
689 1863 740 1891 est,
761 1858 790 1885 in
818 1864 899 1892 quem
915 1854 1048 1883 intuendo

263 1913 371 1944 oportet
402 1908 508 1935 animas
529 1910 636 1933 nostras
658 1904 813 1936 emendare,
838 1902 930 1931 omnia
948 1909 996 1937 pro
1015 1909 1049 1928 eo

263 1955 393 1990 cogitare,
417 1953 468 1988 ipsi
484 1952 659 1984 benedicere;
676 1956 757 1986 atque
771 1957 820 1985 pro
836 1952 912 1976 certo
934 1948 1046 1980 habere,

264 2001 337 2035 quod
353 2007 403 2028 sua
417 1999 545 2034 patientia
558 1997 757 2033 improbitatem
773 2000 935 2024 cunctorum
951 1995 978 2022 in
997 2002 1049 2029 pu-

258 2047 364 2074 .blicunt
377 2046 514 2073 adducens
525 2045 600 2072 solus
613 2043 719 2071 exsistit
730 2043 829 2070 bonus.
850 2041 931 2077 Isque
953 2042 980 2068 in
994 2042 1048 2068 ﬁne

260 2092 385 2119 universi
401 2091 549 2126 unicuique
563 2090 717 2118 facinorum
734 2094 830 2117 contra
851 2089 986 2116 rationem
998 2088 1047 2115 ad-

265 2139 413 2166 tnissorum
426 2137 517 2172 justus
541 2135 695 2171 przesidehit
707 2135 800 2170 judex.

300 2180 406 2208 XLVII.
422 2180 470 2208 His
484 2187 535 2215 ego
545 2179 672 2207 Clemens
686 2179 787 2206 auditis
805 2179 882 2206 dico:
898 2177 968 2206 Vere
982 2178 1049 2205 illud

1094 251 1165 278 κακὰ
1177 251 1273 282 κτίζει,
1287 250 1335 276 καὶ
1347 249 1391 280 τίς
1405 248 1496 282 ἀγαθὰ
1513 247 1628 283 πράξει;
1646 248 1677 274 Εί
1691 247 1719 273 δὲ
1736 248 1783 274 καὶ
1798 248 1818 263 "'
1831 257 1881 274 κα-

1093 297 1129 325 κὰ
1148 298 1228 328 ποιεῖ,
1241 296 1287 322 καὶ
1294 296 1337 328 τίς
1352 294 1459 330 ἀγαθά;

1128 342 1221 370 XLIV.
1236 343 1268 370 EI
1284 342 1312 369 δὲ
1326 342 1358 368 τὸ
1379 342 1440 368 πῖον
1461 340 1524 376 ὅρος
1539 339 1668 375 ἐπιθυμεῖ
1678 359 1686 370 ,
1697 339 1745 366 καὶ
1761 338 1834 370 τίνος
1849 338 1884 364 τὰ

1094 389 1197 422 πάντας
1218 389 1249 416 Et
1264 387 1402 424 ψεύδεται,
1428 386 1475 413 καὶ
1489 386 1532 417 τίς
1542 384 1686 421 ἀληθεύει;
1752 385 1781 411 ὲν
1795 385 1883 419 σκηνῇ

1093 437 1172 468 οίκεῖ,
1199 436 1246 462 καὶ
1260 422 1302 466 τίς
1319 433 1522 469 ἀχώρήτος;Εί
1538 432 1566 459 δὲ
1586 431 1712 468 ὀρέγεται
1731 422 1788 466 ’7³
1808 430 1886 457 κνίσ-

1095 490 1144 517 σης
1155 482 1176 498 ¹⁸
1191 481 1238 508 καὶ
1261 479 1360 507 θυσιῶν
1372 480 1420 506 καὶ
1434 478 1563 514 θυμάτων
1582 477 1630 504 καὶ
1650 477 1818 513 προχύσεων,
1837 475 1885 502 καὶ

1093 527 1134 560 τίς
1147 527 1299 563 ἀπροσδεὴς
1316 526 1362 553 καὶ
1375 525 1417 557 τίς
1434 525 1510 559 ἅγιος
1521 524 1569 550 καὶ
1583 523 1625 555 τίς
1641 523 1763 557 καθαρὸς
1778 522 1825 549 καὶ
1843 521 1887 552 τίς

1094 574 1213 606 τέλειος;
1230 573 1262 600 EI
1286 573 1394 608 λύχνοις
1411 572 1458 598 καὶ
1480 570 1602 606 λυχνίαις
1618 570 1765 605 τέρπεται,
1782 568 1832 595 καὶ
1843 567 1886 599 τίς

1094 621 1158 652 τοὺς
1175 619 1320 655 φωστῆρας
1341 617 1434 650 ἔταξεν
1449 618 1477 643 ὲν
1492 616 1616 652 οὺρανῷ;
1636 616 1668 642 Ei
1684 616 1712 642 ὲν
1728 615 1820 650 γνόφῳ
1836 615 1887 641 καὶ

1097 665 1184 700 σκότῳ
1205 665 1252 691 κα)⁸
1265 663 1364 701 θυέλλῃ
1380 663 1427 690 καὶ
1443 662 1540 697 καπνῷ
1554 661 1688 692 σύνεστιν,
1706 660 1753 688 καὶ
1768 660 1809 692 τίς
1825 660 1886 694 φῶς

1096 711 1133 737 ὢν
1151 711 1261 746 φωτίζει
1275 710 1320 737 τὸν
1342 709 1471 745 μέγιστον
1488 708 1590 741 αίῶνα;
1606 708 1639 734 Εἰ
1662 707 1706 733 διὰ
1726 706 1887 740 σαλπίγγων

1096 758 1143 785 καὶ
1158 757 1322 793 ἀλαλαγμῶν
1335 756 1358 773 ¹⁹
1369 756 1416 783 καὶ
1431 755 1542 791 βολίδων
1550 755 1596 781 καὶ
1612 752 1784 788 τοξευμάτων
1798 761 1887 788 προσ-

1096 803 1215 840 έρχεται,
1243 803 1290 830 καί
1305 802 1346 834 τίς
1361 803 1378 838 ἡ
1389 802 1443 828 τῶν
1457 801 1524 828 ὅλων
1535 799 1715 836 προσδόκιμος
1727 798 1848 834 γαλήνη;
1862 799 1887 825 εξ

1098 849 1231 884 πολέμους
1242 849 1324 881 αὐτὸς
1333 849 1438 884 ἀγαπᾷ,
1456 847 1504 874 καὶ
1519 847 1562 879 τίς
1575 847 1686 883 εἰρήνην
1699 844 1770 872 θέλει
1781 853 1788 877 ;
1807 845 1831 871 εί
1851 845 1888 872 τὰ

1062 881 1082 908 Β
1096 881 1171 921 κακά
1183 895 1264 927 αὐτὸς
1274 881 1372 927 κτίζει,
1384 881 1431 921 καὶ
1440 894 1481 926 τίς
1497 893 1587 928 ἀγαθὰ
1602 881 1779 929 δημιουργεῂ
1795 892 1827 918 Εί
1842 893 1890 919 αὑ-

1095 941 1141 973 τὸς
1157 941 1287 977 άστοργος
1299 942 1332 974 ὀ,
1350 941 1397 968 καὶ
1413 941 1454 972 τίς
1473 940 1680 975 φιλάνθρωπος;
1702 940 1734 966 Εί
1751 938 1832 970 αὐτὸς
1843 947 1890 964 πι-

1097 988 1159 1019 στὸς
1174 987 1225 1014 οὒκ
1245 987 1302 1014 ἐστι
1323 987 1388 1021 περὶ
1401 983 1437 1014 ὧν
1454 987 1643 1021 ὑπισχνεῖται,
1659 986 1706 1012 καὶ
1720 984 1763 1016 τίς
1777 992 1889 1011 πιστευ-

1096 1033 1225 1070 θήσεται;
1239 1033 1271 1060 Εί
1294 1033 1375 1065 αὐτὸς
1391 1033 1525 1068 πονηροὺς
1544 1032 1591 1058 καὶ
1614 1032 1724 1068 μοιχοὺς
1738 1031 1785 1058 καὶ
1797 1031 1890 1066 φονεῖς

1096 1080 1200 1116 ἀγαπᾷ,
1216 1081 1263 1106 καὶ
1279 1079 1320 1111 τίς
1337 1079 1412 1105 ἔσται
1422 1077 1798 1114 ¹¹δίκαιοςκριτής;Είαῦτδς
1809 1085 1891 1112 μετα-

1098 1126 1229 1162 μελεῖται,
1246 1125 1292 1152 καὶ
1308 1125 1350 1156 τίς
1365 1124 1486 1160 βέῦαιος;
1514 1125 1545 1150 Et
1561 1123 1642 1155 αὐτὸς
1661 1124 1762 1155 κακοὺς
1773 1123 1889 1158 ἐκλέγε-

1097 1181 1152 1205 ται,
1167 1172 1215 1199 καὶ
1227 1172 1269 1203 τίς
1280 1170 1400 1206 ἀγαθοὺς
1416 1170 1570 1206 προσίεται;

1131 1217 1213 1244 XLV.
1230 1217 1287 1249 Διὸ,
1303 1214 1325 1243 ὦ
1339 1217 1434 1243 τέκνον
1451 1217 1576 1252 Κλήμης,
1600 1216 1692 1252 ἔπεχε,
1712 1215 1750 1252 μὴ
1773 1215 1839 1242 ἄλλο
1861 1224 1889 1242 τι

1098 1264 1235 1300 φρονήσῃς
1250 1263 1314 1299 περὶ
1326 1263 1372 1289 τοῦ
1391 1262 1469 1293 Θεοῦ,
1481 1262 1497 1298 ἦ
1507 1263 1547 1288 ὅτι
1557 1262 1639 1293 αὐτὸς
1656 1262 1735 1297 μόνος
1750 1262 1811 1288 ἐστὶ
1821 1261 1890 1294 Θεὸς

1098 1310 1145 1337 καὶ
1160 1309 1263 1344 Κύριος
1273 1309 1320 1335 καὶ
1329 1308 1419 1344 πατὴρ
1429 1308 1530 1342 ἀγαθὸς
1541 1308 1587 1334 καὶ
1596 1307 1699 1339 δίκαιος
1710 1308 1888 1344 δημιουργὸς,

1100 1355 1275 1392 μακρόθυμος
1287 1375 1294 1387 ,
1310 1355 1434 1391 ἐλεήμων
1446 1374 1454 1385 ,
1477 1353 1605 1390 τροφεὺς,
1622 1353 1778 1389 εὐεργέτης,
1793 1354 1890 1389 φιλανυ

1097 1401 1219 1438 θρωπίαν
1235 1400 1411 1436 νομιστεύων,
1428 1399 1537 1434 ἁγνείαν
1555 1399 1756 1435 συμὸουλεύων,
1767 1399 1888 1431 αἰώνιος,

1098 1447 1223 1478 αἰωνίους
1238 1445 1332 1478 ποιῶν,
1348 1445 1522 1482 ἀσύγκριτος,
1534 1447 1593 1477 ταῖς
1605 1445 1659 1472 τῶν
1668 1445 1777 1480 ἀγαθῶν
1787 1446 1890 1481 ψυχαῖς

1097 1493 1275 1529 οίκιζόμενος,
1290 1491 1431 1527 ὰχώρητος
1442 1492 1489 1518 καὶ
1505 1491 1686 1527 χωρούμενος,
1706 1492 1720 1517 ό
1734 1492 1762 1518 ὲν
1782 1492 1890 1528 ἀπείρῳ

1097 1539 1143 1566 τὸν
1170 1539 1256 1574 μέγαν
1279 1539 1365 1565 αίῶνα
1388 1538 1428 1570 ὡς
1453 1537 1564 1573 κέντρον
1579 1538 1602 1554 ¹¹
1626 1537 1724 1573 πήξας,
1749 1538 1890 1574 ὁοὺρανδν

1099 1585 1263 1620 ὲφαπλώσας
1279 1584 1327 1612 καὶ
1355 1585 1406 1620 γῆν
1424 1584 1553 1617 πιλώσας,
1572 1584 1644 1620 ὕδωρ
1669 1584 1819 1619 ταμιεύσας
1830 1604 1837 1616 ,
1856 1584 1890 1611 ἆ-

1100 1641 1168 1670 στρα
1185 1633 1213 1659 έν
1226 1631 1331 1667 οὐρανῷ
1342 1631 1454 1663 διαθεὶς,
1466 1630 1555 1666 πηγὰς
1569 1631 1604 1666 γῇ
1630 1629 1730 1666 βρύσας
1740 1650 1747 1661 ,
1765 1631 1892 1666 καρποὺς

1099 1679 1230 1714 ὲκφύσας,
1242 1678 1294 1714 όρη
1308 1677 1428 1712 ὐψώσας,
1442 1676 1578 1703 θάλασσαν
1588 1676 1756 1712 περιορίσας,
1771 1676 1892 1712 ἀνέμους

1099 1733 1129 1751 τε
1144 1724 1198 1760 74
1208 1725 1256 1751 καὶ
1271 1723 1414 1759 πνεύματα
1423 1722 1563 1755 διατάξας,
1571 1723 1622 1749 ότὺ
1630 1723 1756 1758 περιέχον
1769 1722 1849 1758 σῶμα
1862 1724 1892 1749 ὲν

1099 1771 1207 1806 ἀπείρῳ
1219 1769 1333 1805 πελάγει
1347 1769 1481 1804 πνεύματι
1505 1769 1602 1804 βουλῆς
1617 1769 1641 1785 ’³
1655 1769 1886 1805 ἀσφαλισάμενος.

1134 1858 1227 1887 XLVI.
1243 1855 1327 1891 οὗτος
1343 1859 1421 1895 ήμῶν
1435 1859 1575 1896 δικαστὴς,
1592 1859 1631 1891 είς
1644 1859 1673 1886 ὃν
1687 1859 1891 1891 ἀποσλέποντας

1100 1906 1153 1942 χρὴ
1162 1906 1212 1938 τὰς
1228 1905 1332 1932 ἑαυτῶν
1347 1905 1496 1941 κατορθοῦν
1508 1905 1607 1941 ψυχὰς,
1622 1905 1709 1932 πάντα
1720 1905 1790 1941 ὑπὲρ
1807 1906 1831 1922 ⁸⁵
1844 1906 1891 1932 αὺ-

1099 1953 1146 1979 τοῦ
1161 1952 1299 1984 νοοῦντας,
1316 1952 1399 1979 αὐτὸν
1412 1952 1611 1988 εὐφημοῦντας,
1635 1951 1836 1987 πεπεισμένους
1849 1952 1891 1978 ὅτι

1099 2000 1133 2035 τῇ
1151 1998 1234 2026 αὑτοῦ
1244 1998 1421 2034 μακροθυμίᾳ
1431 1999 1540 2025 πάντων
1550 1998 1599 2034 τὴν
1611 1998 1773 2035 προπέτειαν
1788 1999 1830 2030 εἰς
1840 2007 1894 2033 φα-

1100 2045 1177 2080 νερὸν
1193 2045 1268 2079 ἄγων
1285 2045 1365 2080 μόνος
1381 2044 1483 2079 ἀγαθός
1497 2044 1581 2070 ἐστιν.
1595 2044 1652 2070 Καὶ
1672 2041 1748 2076 οὗτος
1761 2044 1809 2070 ἐπὶ
1820 2044 1894 2071 τέλει

1099 2090 1147 2117 τοῦ
1161 2091 1262 2122 παντὸς
1276 2091 1384 2126 ἑκάστῳ
1391 2090 1446 2117 τῶν
1461 2089 1665 2126 τετολμηκότων
1674 2089 1692 2117 ἃ
1707 2089 1745 2126 μὴ
1754 2090 1840 2126 ἐχρῆν
1853 2090 1893 2116 δί-

1101 2145 1177 2168 καιος
1192 2136 1443 2172 προκαθεσθήσεται
1457 2136 1564 2171 κριτής.

1136 2181 1240 2209 XLVII.
1258 2181 1349 2208 Ταῦτα
1363 2181 1419 2217 ἐγὼ
1429 2182 1544 2218 Κλήμης
1561 2181 1690 2214 ἀκούσας,
1706 2181 1773 2217 ἔφην
1783 2191 1789 2197 ·
1818 2182 1897 2219 ’Δλη-

260 2227 361 2263 religio
376 2231 431 2260 est,
444 2234 508 2254 vere
522 2226 588 2253 illud
602 2226 700 2260 pietas.
714 2225 871 2260 Iterumque
882 2224 944 2252 aio:
959 2223 1049 2258 Cupe—

1103 2227 1157 2260 θῶς
1167 2227 1247 2255 τοῦτο
1260 2228 1408 2260 θεοσέϐεια,
1416 2228 1495 2254 τοῦτο
1506 2228 1614 2264 ἀληθῶς
1625 2228 1648 2244 ³⁸
1658 2228 1792 2255 εὺσέὃεια.
1807 2229 1896 2256 Πάλιν

259 2282 323 2301 τοίη
337 2274 420 2309 igitur
436 2273 507 2300 scire
521 2293 529 2305 ,
552 2275 718 2307 quapropter
732 2278 766 2298 eo
778 2272 860 2298 modo
873 2270 969 2305 scripti
985 2275 1050 2298 sunt

266 2320 328 2347 libri
341 2320 422 2347 sacri.
438 2318 547 2346 Memini
562 2317 662 2353 quippe
675 2321 703 2345 te
721 2317 825 2344 dixisse
846 2317 873 2344 id
886 2316 987 2344 factum
1016 2317 1051 2344 ad

266 2365 457 2401 coarguendos
483 2372 532 2392 eos
543 2364 589 2399 qui
605 2363 724 2398 aliquid,
738 2363 812 2398 quod
835 2363 939 2390 dictum
953 2363 989 2390 sit
1003 2363 1051 2390 ad-

266 2420 363 2439 versus
378 2411 472 2443 Deum,
489 2409 735 2438 temere‘credituri
748 2414 836 2437 erant.
850 2408 904 2437 Sed
920 2409 1050 2444 quoniam

263 2458 394 2486 concedis
407 2458 497 2491 nobis,
512 2464 634 2492 quaerere
645 2463 679 2484 ex
689 2460 715 2484 te
727 2456 766 2483 uti
779 2456 866 2490 lubet,
881 2456 1052 2491 interrogare

245 2519 248 2522 -
266 2505 411 2536 audemus,
425 2509 450 2531 te
463 2503 586 2538 jubente.
598 2501 627 2529 Si
645 2502 718 2537 quis,
734 2502 896 2529 charissime
916 2501 1005 2534 Petre,
1023 2502 1051 2529 in

267 2550 391 2577 animum
412 2549 550 2577 induxerit
561 2548 651 2576 dicere
672 2548 751 2575 nobis
769 2557 775 2575 ε
792 2547 938 2576 Veritatem
959 2547 1051 2575 conti-

267 2600 333 2622 nent
346 2603 407 2630 quae
417 2595 445 2622 in
461 2594 546 2622 Deum
558 2594 630 2622 dicta
638 2601 675 2622 ac
689 2594 788 2629 scripta
810 2598 884 2626 sunt,
910 2594 973 2622 licet
1001 2593 1050 2621 tibi

265 2642 411 2669 uideantur
431 2641 514 2668 falsa:
531 2649 585 2676 quo
600 2641 681 2669 tnodo
694 2640 732 2668 illi
748 2640 996 2676 respondebimus?

1101 2283 1130 2302 τε
1146 2275 1213 2310 ἔφην
1223 2283 1230 2290 °
1247 2274 1360 2301 Ἤθελον
1371 2274 1466 2309 μαθεῖν
1479 2272 1535 2306 οὖν,
1546 2273 1624 2300 διὰτί
1637 2273 1723 2305 οὕτως
1732 2273 1897 2310 ἐγράφησαν

1100 2321 1130 2347 at
1147 2319 1248 2346 Βίϐλοι.
1273 2320 1422 2356 Μέμνημαι
1446 2319 1500 2356 γὰρ
1515 2319 1553 2351 ὡς
1575 2319 1653 2355 ἔφης,
1670 2320 1761 2351 ὄτιείς
1781 2320 1897 2355 ἔλεγχον

1102 2366 1155 2393 τῶν
1173 2366 1322 2402 μελλόντων
1332 2366 1434 2401 τολμᾷν
1449 2365 1586 2392 πιστεύειν
1594 2375 1620 2392 τι
1629 2367 1652 2382 ¹⁶
1666 2366 1812 2401 λεγόμενον
1822 2368 1898 2395 κατὰ

1103 2412 1149 2439 τοῦ
1164 2411 1242 2438 Θεοῦ.
1261 2412 1334 2448 Πλὴν
1353 2413 1414 2438 ἐπεὶ
1429 2411 1528 2448 χαρίζῃ
1548 2413 1615 2447 ἡμῖν
1636 2412 1820 2439 πυνθάνεσθαί
1846 2422 1897 2440 σου

1102 2458 1140 2490 ὡς
1159 2457 1307 2494 βουλόμεθα
1318 2458 1351 2490 ’⁷,
1370 2458 1551 2485 πυνθάνεσθαι
1567 2458 1720 2494 τολμῶμεν,
1739 2458 1787 2485 σοῦ
1804 2460 1898 2486 κελεύ-

1103 2513 1208 2536 σαντος·
1225 2506 1298 2537 εῐτις
1312 2505 1464 2540 βουληθείη,
1477 2505 1587 2540 φίλτατε
1601 2505 1697 2539 Πέτρε,
1707 2505 1795 2539 λέγειν
1811 2506 1896 2541 ἡμῖν’

1110 2551 1208 2587 Ἀληθῆ
1220 2551 1280 2578 ἐστι
1294 2551 1329 2577 τὰ
1338 2551 1527 2587 γεγραμμένα,
1535 2550 1586 2577 κᾶν
1593 2551 1616 2567 ’⁸
1624 2559 1664 2578 σοι
1680 2551 1763 2586 ψευδῆ
1778 2551 1846 2587 δοκῇ
1863 2553 1898 2579 τὰ

1104 2597 1174 2624 κατὰ
1188 2597 1234 2623 τοῦ
1245 2597 1312 2624 Θεοῦ
1322 2596 1450 2633 ρηθέντα·
1466 2596 1525 2629 πῶς
1536 2596 1729 2633 άποκριθῶμεν
1744 2596 1840 2632 αὺτῷ;

900 2695 1020 2723 VARI/8
1053 2695 1258 2725 LECTIONES.

303 2742 362 2769 ¹⁷δέ
378 2741 453 2778 deest
464 2740 538 2778 in_0.
582 2741 604 2757 ¹⁸
612 2742 705 2778 κνίσης
718 2742 761 2774 C.,
774 2750 856 2778 quam
868 2742 984 2770 formam
998 2742 1018 2770 S
1045 2743 1126 2771 tacite
1142 2744 1322 2771 commutavit
1343 2744 1370 2771 in
1385 2743 1465 2770 κνίασ

268 2779 335 2805 tium
352 2778 379 2803 in
392 2776 471 2804 Hom.
493 2776 562 2804 Tum
576 2776 752 2813 προσχύσεων
768 2776 805 2813 (Β,Δ
838 2778 859 2793 ¹¹
876 2778 972 2812 ὸλολυγ

975 2753 984 2770 ι
998 2753 1018 2784 9
1045 2753 1126 2771 taette
1142 2753 1322 2771 commutavtt
1343 2753 1370 2771 in
1385 2753 1508 2794 κνισσης,
1527 2753 1557 2771 ut
1574 2753 1596 2772 st

975 2779 1083 2814 μωνγϐη
1117 2778 1282 2814 ’σγάστοργος
1298 2779 1379 2810 αὑτός
1390 2779 1435 2814 (3.7
1459 2779 1469 2794 ¹
1493 2780 1550 2805 ἐστι
1565 2778 1596 2806 0.

1485 2753 1508 2775 ς,
1526 2747 1557 2771 ut
1574 2751 1627 2772 scr.
1641 2743 1674 2771 0.
1690 2743 1759 2772 Vide
1772 2744 1898 2773 Dindor-

1649 2780 1672 2794 "
1681 2779 1721 2806 Ad
1734 2787 1812 2807 oram
1830 2782 1897 2809 cod.

268 2813 361 2855 Qtt'ob.
424 2820 550 2855 m‘att._y_p_.
567 2811 711 2855 κέντρώον.
723 2848 729 2853 .
749 2813 771 2828 “
778 2811 808 2840 Ci
819 2811 1016 2855 ἁσςραλήὶῤῥδῐ
1030 2813 1128 2855 βουλῇς
1140 2811 1345 2855 Μειιιριἰι-αειεη.
1363 2813 1669 2855 τεύιζίεξι,θί›μηάειςιιε;
1684 2814 1896 2855 άσφαλέςὶρρηῇ.

270 2848 299 2874 S.
310 2847 388 2874 Deest
400 2848 425 2874 in
435 2846 457 2874 Ο
505 2846 563 2883 "In
574 2847 597 2875 0
618 2846 660 2883 pr.
673 2856 711 2875 m.
723 2848 749 2874 in
759 2855 844 2883 marg.

886 2847 925 2875 ονζ
936 2847 1036 2875 Eadeni
1046 2847 1164 2876 varietas
1173 2847 1295 2876 occurrit
1303 2850 1374 2876 inl‘ra
1383 2857 1408 2876 ρ.
1418 2849 1463 2876 52.

1502 2849 1523 2864 “
1532 2848 1638 2884 ἀληθῶς
1653 2848 1766 2876 τοῦτοο.
1795 2850 1820 2866 ¹⁶
1832 2848 1898 2879 Ρυὲι

269 2883 433 2920 τιυρτωὺει
445 2882 483 2909 τό.
509 2882 530 2899 ¹⁷
543 2882 610 2911 Vbb.
619 2882 808 2911 πυνθάνεσθαί
819 2882 865 2910 σου
874 2882 911 2914 ὡς
920 2883 1069 2918 βουλόμεθα
1085 2889 1257 2911 δεουεεντιιηι
1268 2893 1299 2912 ex
1313 2885 1346 2912 0.
1384 2885 1406 2900 ’⁸
1415 2883 1466 2910 κάν
1482 2883 1568 2912 om.0
1579 2882 1590 2919 Ἴ,
1604 2885 1649 2913 cui
1665 2888 1722 2912 tum
1737 2892 1793 2912 ser.
1810 2885 1888 2912 δοκεῖ
