1945 3101
278 157 324 184 lll

312 212 364 240 LII.
380 211 526 246 Respondit
553 211 664 238 Petrus:
680 210 759 238 Recte
777 211 868 245 itaque
890 219 942 237 I'IOII
970 210 1050 237 credo
1064 206 1087 234 A

275 259 406 286 adversus
418 257 512 289 Deum,
526 265 575 284 nec
590 257 720 284 adversus
732 256 821 291 justos
835 256 861 283 in
877 256 934 290 lege
947 263 1051 283 memo-

276 308 359 335 ratos,
374 303 484 337 impiam
496 310 663 337 praesumens
674 302 839 337 opinionem.
855 302 891 329 Ut
901 303 972 329 enitn
985 302 1052 329 mihi

276 349 435 384 persuadeo,
449 356 537 383 neque
551 349 671 376 Adamus
684 353 870 383 transgressor
895 348 955 381 fuit,
971 356 1051 383 quem

274 395 322 423 Dei
339 402 434 423 manus
453 395 653 430 parturierunt:
680 402 768 430 neque
788 394 845 423 Noe
871 395 974 428 ebrius,
1006 395 1051 430 qui

275 448 329 474 prae
343 441 416 468 omni
429 441 530 468 mundo
543 441 635 476 justus
652 440 778 468 inventus
789 445 846 468 est:
859 448 947 476 neque
963 441 1051 468 Abra-

274 487 371 515 hamus
384 492 438 515 tres
451 487 533 514 simul
552 487 646 514 habuit
657 495 766 520 uxores,
781 487 827 522 qui
843 492 952 523 propter
971 487 1053 514 casti-

275 538 355 561 tatem
379 534 496 562 donatus
512 538 554 561 est
580 534 726 561 liberorum
750 534 939 561 multitudine:
964 541 1052 568 neque

274 580 391 608 Jacobus
413 585 531 615 quatuor
555 580 643 613 duxit,
675 588 791 615 quarum
808 585 835 607 et
857 580 918 608 duae
930 588 1051 613 sorores,

273 627 319 661 qui
347 626 488 654 duodecim
513 627 633 653 tribuum
658 632 735 661 pater
750 626 863 658 exstitit,
880 631 906 653 et
931 626 1051 662 Magistri

273 673 360 700 nostri
378 672 522 700 adventum
551 672 671 700 futurum
693 672 853 708 designavit.
869 672 975 708 Moyses
998 680 1052 699 non

273 723 331 746 erat
358 718 504 752 homicida,
521 726 570 746 nec
583 719 617 746 ab
642 718 777 746 idolorum
795 718 934 746 sacerdote
959 718 1053 746 didicit

271 765 405 800 judicare,
419 765 466 800 qui
486 765 613 792 omnibus
626 765 733 793 saeculis
749 766 835 800 legem
846 765 894 792 Dei
907 765 1053 800 propheta-

273 813 323 846 vit,
339 817 365 839 et
375 812 410 839 ob
427 816 527 839 rectam
543 811 747 847 intelligentiam
764 811 950 839 testimonium
965 811 1052 839 ﬁdelis

273 859 469 894 dispensatoris
484 858 595 892 accepit.

309 906 373 933 Llli.
390 905 441 933 Sed
461 909 489 932 et
508 905 606 932 horum
627 904 812 939 similiumque
836 904 999 932 solutionem
1023 903 1050 930 in

272 958 394 988 tempore
408 952 454 979 tibi
469 951 611 979 exhibebo.
629 950 666 977 De
680 955 793 982 caetero,
810 950 951 985 quoniam,
966 953 997 977 ut
1011 950 1052 976 vi-

272 999 330 1029 des.
342 999 426 1025 instat
438 1005 561 1032 vespera,
569 1004 630 1032 qua:
640 996 722 1023 hodie
736 996 809 1024 dicta
820 1001 894 1027 sunt,
904 992 1049 1023 sufﬁciant.

272 1044 397 1071 Attamen
413 1043 519 1078 quoties
536 1042 622 1074 voles.
638 1042 672 1070 de
690 1042 788 1077 quibus
813 1041 941 1076 placebit,
966 1040 1052 1069 ﬁden-

272 1095 313 1117 ter
328 1093 487 1124 percontare
507 1098 515 1116 :
532 1096 583 1116 nos
598 1087 652 1115 laeti
675 1087 819 1115 confestim
841 1086 1049 1122 explicabimus.

272 1137 376 1170 Quibus
388 1135 467 1163 dictis
482 1135 610 1162 surrexit.
630 1133 730 1168 Sicque
742 1137 850 1168 sumpto
863 1133 925 1160 cibo
939 1132 966 1159 in
978 1139 1051 1159 som—

274 1190 337 1210 num
351 1182 422 1209 versi
437 1188 548 1214 sumus;
565 1187 617 1207 nox
630 1180 702 1207 enim
715 1180 870 1207 advenerat.

565 1326 709 1355 HOMIIJA
725 1326 771 1355 lll.

308 1377 328 1403 l.
354 1375 419 1404 Post
433 1375 503 1402 duas
527 1375 609 1409 igitur
630 1374 700 1408 dies,
726 1373 807 1401 tertio
831 1376 922 1401 autem
958 1373 1052 1402 illuce-

275 1426 367 1450 scente
391 1429 447 1456 quo
470 1421 662 1455 disputandum
687 1423 747 1448 erat
770 1425 832 1446 cum
851 1418 979 1451 Simone.
1000 1426 1052 1455 ego

272 1469 398 1496 Clemens
413 1466 617 1502 expergefactus
636 1466 813 1501 comitesque,
835 1466 886 1493 sub
901 1466 1051 1493 secundum

273 1514 404 1549 gallorum
416 1518 524 1540 cantum
538 1512 690 1540 invenimus
703 1512 950 1541 lucernamadhuc
963 1513 1052 1541 lucen-

273 1564 338 1592 tem,
354 1559 463 1586 Petrum
485 1566 550 1586 vero
572 1558 685 1594 genibus
713 1558 789 1586 ﬂexis
812 1564 946 1586 orantem.
968 1559 1048 1586 Com-

275 1605 345 1640 pleta
359 1604 441 1640 igitur
454 1611 545 1639 prece,
558 1611 707 1632 converSus
713 1612 882 1641 cernensque
890 1612 941 1633 nos
955 1604 989 1632 ad
1001 1613 1052 1632 au-

271 1650 403 1678 diendum
419 1653 528 1684 paratos
542 1649 609 1677 dixit
624 1659 630 1677 :

1065 1538 1085 1568 (Ξ

310 1728 340 1756 ll.
360 1728 436 1756 Scire
451 1736 499 1755 vos
524 1729 595 1762 volo,
618 1728 689 1763 quod
704 1729 750 1763 qui
765 1736 799 1756 ex
822 1734 917 1757 nostro
937 1729 1053 1757 consilio

272 1780 384 1803 manent
404 1783 465 1802 cum
490 1775 611 1808 Simone,
635 1780 665 1802 ut
683 1774 869 1810 inepta'illius
882 1775 1053 1804 addiscentes

274 1821 352 1850 nobis
367 1821 522 1856 subjiciam,
538 1828 594 1856 quo
610 1821 643 1848 ad
659 1822 762 1848 variam
780 1821 841 1857 ejus
856 1821 987 1849 malitiam
1005 1829 1053 1855 ap-

273 1873 330 1895 tare
346 1875 395 1895 nos
410 1867 558 1903 possimus,
574 1867 624 1902 ipsi
641 1867 785 1901 miserunt,
800 1872 827 1895 et
848 1867 926 1895 nobis
940 1868 991 1895 ista
1006 1869 1053 1896 de-

273 1915 412 1941 clararunt
428 1923 433 1940 :
452 1913 546 1941 Simon
563 1914 654 1946 hodie,
673 1913 901 1949 quemadmodum
914 1914 1050 1949 promisit,

274 1965 384 1994 paratus
399 1963 450 1992 est,
463 1960 556 1987 venire
571 1967 662 1987 coram
676 1960 814 1991 omnibus.
830 1965 861 1988 ut
875 1961 1001 1988 ostendat
1017 1969 1050 1988 ex

274 2004 422 2039 Scripturis
436 2014 442 2031 :
457 2005 529 2033 hunc
543 2006 589 2040 qui
606 2005 705 2032 coelum
721 2010 748 2033 et
762 2010 863 2033 terram
906 2007 1052 2042 omniaque

273 2050 300 2077 in
316 2051 350 2078 iis
361 2051 496 2077 exstantia
504 2051 636 2082 condidit,
646 2058 700 2078 non
711 2058 772 2079 esse
779 2051 863 2079 Deum
876 2059 1050 2087 supremum;

274 2096 321 2123 sed
346 2096 430 2123 alium
443 2095 574 2123 exsistere
598 2096 742 2131 quemdam
767 2097 934 2132 incognitum
957 2101 985 2126 et
1006 2106 1054 2125 su—

273 2149 408 2175 premunt,
423 2142 493 2169 utin
508 2141 689 2169 inctlabilibus
703 2142 876 2170 exsistentem
895 2143 979 2171 Deum
988 2144 1053 2172 deo-

273 2195 346 2220 rum,
359 2189 406 2222 qui
420 2188 489 2216 duos
504 2188 609 2216 miserit
623 2188 700 2220 deos,
715 2196 749 2216 ex
763 2189 864 2223 quibus
878 2190 945 2217 alter
956 2191 1050 2218 mundi
1067 2208 1090 2236 Ι)

273 2237 390 2262 creator.
406 2233 474 2260 alter
489 2233 555 2269 legis
571 2234 659 2261 dator.
683 2233 772 2269 Atque
789 2234 847 2262 haec
866 2235 956 2262 dicere
971 2236 1051 2263 moli-

276 2284 329 2311 tur,
345 2284 375 2306 ut
386 2284 486 2307 rectam
498 2280 576 2307 ﬁdem
590 2287 684 2307 eorum
700 2281 848 2313 subvertat,
863 2281 909 2316 qui
925 2290 1007 2308 unum
1020 2290 1053 2310 ac

274 2325 363 2353 solum
384 2325 468 2353 Deum
491 2330 641 2353 creatorem
671 2326 732 2353 catli
757 2330 783 2353 et
806 2331 884 2354 teme
911 2327 1050 2354 adoraturi

274 2377 347 2399 ευιη.

307 2428 350 2456 Ill.
363 2428 423 2456 llzec
436 2429 549 2457 audiens
560 2437 615 2464 quo
628 2431 708 2457 modo
720 2438 772 2457 non
784 2431 895 2458 moleste
909 2431 1031 2458 tulissem
1043 2433 1055 2458 '.'

272 2474 408 2507 Quocirca
429 2479 456 2502 et
476 2482 525 2502 vos
544 2483 650 2503 mecum
672 2477 850 2504 consistentes
864 2477 962 2505 fratres
983 2478 1053 2506 scire

273 2520 345 2546 volui
363 2540 370 2552 ,
387 2527 441 2547 non
464 2520 636 2549 mediocriter
649 2521 741 2549 animo
756 2530 798 2549 me
812 2522 912 2555 dolere,
927 2523 990 2550 dum
1011 2523 1048 2550 vi-

273 2565 334 2598 deo,
353 2565 491 2594 diabolum
506 2567 616 2601 quidem
629 2567 663 2595 ad
679 2568 802 2595 homines
823 2569 966 2596 tentanilos
980 2569 1051 2605 vigi-

274 2610 340 2644 lare,
356 2612 482 2640 homines
496 2620 562 2640 vero
575 2614 653 2648 plane
670 2615 803 2650 negligere
825 2615 940 2643 salutem
960 2624 1049 2644 suam.

698 156 727 182 S.
745 152 941 182 CLEMENTIS
956 153 966 180 l
986 153 1068 182 llOM.
1087 153 1188 181 PONT.
1208 153 1320 181 OPERA
1335 154 1448 181 DUBIA.

1833 155 1884 184 ll!

1137 209 1189 237 ιιι.
1208 211 1262 237 Kal
1278 212 1292 238 ὀ
1305 211 1407 246 Πέτρος
1423 210 1588 246 ἀπεκρίνατο
1600 210 1632 226 ⁸⁸·
1648 209 1752 237 Οὐκοῦν
1768 210 1886 246 εὐλόγως

1103 256 1163 282 οὔτε
1178 256 1248 283 κατὰ
1263 256 1309 283 τοῦ
1325 256 1392 283 Θεοῦ
1409 256 1543 288 πιστεύω,
1560 256 1621 283 οὔτε
1642 256 1712 283 κατὰ
1734 257 1789 283 τῶν
1805 258 1834 284 ὲν
1848 259 1887 293 τῷ

1102 302 1176 337 νόμῳ
1200 303 1410 338 ἀναγραφέντων
1431 302 1552 334 δικαίων,
1573 302 1679 334 ἀσεϐῶς
1693 304 1800 338 φρονεῖν
1816 313 1887 340 προ-

1103 347 1246 383 λαμϐάνων
1261 348 1293 375 ³⁸.
1318 348 1361 380 Ὠς
1375 348 1430 384 γὰρ
1444 348 1605 384 πέπεισμαι,
1621 347 1682 375 οὔτε
1700 349 1784 385 Ἀδὰμ
1798 359 1889 385 παρα-

1102 393 1187 430 ϐάτης
1202 391 1245 429 ἦν,
1259 394 1274 421 ὁ
1290 394 1341 421 ὑπὸ
1357 393 1410 420 τῶν
1424 393 1471 420 τοῦ
1493 394 1560 420 Θεοῦ
1577 394 1675 430 χειρῶν
1695 395 1887 431 κυοφορηθείς*

1102 439 1162 466 οὔτε
1177 440 1237 466 Νῶε
1262 439 1378 475 μέθυσος
1395 437 1430 476 ἦν
1440 459 1448 472 ,
1464 441 1478 466 ό
1491 439 1562 475 ὑπὲρ
1574 440 1598 455 ⁵⁵
1612 440 1699 467 πάντα
1723 440 1768 467 τὸν
1784 442 1889 476 κόσμον

1101 485 1205 517 δίκαιος
1229 485 1360 521 εὑρεθείς·
1386 485 1448 513 οὔτε
1462 485 1490 512 δὲ
1509 486 1633 522 Ἀδραὰμ
1645 487 1733 522 τρισὶν
1754 487 1811 522 ἅμα
1823 496 1890 514 συν-

1101 530 1144 566 ῄει
1154 531 1174 547 “
1192 531 1323 566 γυναιξὶν,
1353 532 1368 558 ὸ
1382 531 1426 558 διὰ
1436 532 1612 568 σωφροσύνην
1628 532 1805 564 πολυτεκνίας
1820 541 1891 559 κατ-

1102 577 1240 609 αξιωθείς⁶
1265 577 1327 603 οὕτε
1354 576 1450 604 Ἰακὼὸ
1474 577 1600 612 τετράσιν
1621 577 1767 609 ἐκοινώνει,
1787 570 1824 604 ὧν
1841 578 1891 605 δύο

1102 624 1150 650 καὶ
1165 624 1276 658 ἀδελφαὶ
1289 624 1312 639 δ’
1327 623 1483 658 ἐτύγχανον,
1499 624 1529 655 ὃς
1538 623 1651 650 δεκαδύο
1663 623 1753 658 φυλῶν
1762 624 1891 659 ὑπάρξας

1103 671 1192 707 πατὴρ
1208 670 1254 698 καὶ
1269 670 1318 706 τὴν
1334 669 1382 696 τοῦ
1397 669 1560 696 Διδασκάλου
1570 669 1648 704 ἡμῶν
1662 669 1811 705 παρουσίαν
1826 670 1892 704 ἔ,σή-

1105 724 1188 751 μανεν
1204 716 1300 742 ἐλθεῖν·
1311 715 1341 742 οὐ
1354 715 1474 750 Μωῦσῆς
1484 715 1580 750 φονεὺς
1588 712 1631 750 ἦν,
1641 715 1688 741 καὶ
1704 714 1779 750 παρὰ
1792 714 1893 750 ἱερέως

1103 761 1218 789 είδώλων
1225 761 1328 798 ⁸³κρίνε
1333 770 1355 788 ιν
1365 760 1522 796 ἐμάνθανεν,
1532 762 1547 788 ό
1557 761 1637 787 παντὶ
1644 760 1697 796 77
1703 760 1741 796 τῷ
1752 760 1830 787 αἰῶνι
1843 760 1893 787 τον

1102 808 1150 834 τοῦ
1165 807 1233 834 Θεοῦ
1249 807 1330 843 νόμον
1346 806 1536 843 προφητεύσας
1548 807 1596 833 καὶ
1610 806 1642 833 δι’
1656 806 1738 842 ὀρθὴν
1755 806 1893 842 φρόνησιν

1104 853 1198 885 πιστὸς
1213 853 1353 888 οἰκονόμος
1371 849 1565 889 μαρτυρηθείς.

1138 898 1203 926 Llll.
1219 899 1292 934 Πλὴν
1306 899 1352 925 καὶ
1365 898 1466 925 τούτων
1484 907 1524 924 σοι
1545 898 1596 934 τὴν
1610 898 1731 925 ἐπίλυσιν
1750 898 1820 935 μετὰ
1834 899 1893 926 τῶν

1101 945 1201 980 ὁμοίων
1214 945 1260 972 ἐπὶ
1274 944 1369 981 καιροῦ
1385 944 1504 980 παρέξω.
1526 944 1580 970 Τοῦ
1594 945 1623 971 δὲ
1632 944 1738 977 λοιποῦ,
1756 945 1796 977 ὡς
1810 946 1893 981 ὁρᾷς,

1101 990 1194 1026 ἐπειδὴ
1210 990 1312 1026 ἑσπέρα
1334 990 1505 1025 κατείληφεν,
1522 989 1557 1016 τὰ
1574 991 1692 1025 σήμερον
1710 990 1826 1026 ῥηθέντα
1842 991 1894 1017 αὐ-

1101 1036 1210 1072 τάρκως
1223 1036 1317 1071 ἐχέτω.
1334 1035 1445 1062 ’Δλλστε
1462 1036 1491 1062 δὲ
1509 1036 1533 1062 εἰ
1550 1036 1573 1052 ⁸⁸
1598 1036 1696 1071 βούλει,
1712 1037 1776 1072 περὶ
1790 1033 1829 1064 ὧν
1847 1037 1895 1063 θέ-

1101 1082 1167 1114 λεις,
1190 1080 1298 1118 θαρρῶν
1321 1082 1398 1117 ἡμῶν
1422 1081 1567 1114 πυνθάνου,
1592 1082 1638 1108 καὶ
1651 1083 1730 1118 ἡμεῖς
1748 1082 1895 1118 χαίροντες

1101 1127 1206 1159 ἀόκνως
1238 1127 1409 1162 ὲπιλύσομεν.
1434 1128 1488 1154 Καὶ
1510 1127 1598 1154 ταῦτα
1621 1127 1705 1154 εἰπὼν
1728 1128 1892 1164 ἐγήγερται.

1101 1173 1156 1200 Καὶ
1175 1173 1260 1205 οὕτως
1276 1173 1378 1209 τροφῆς
1397 1172 1591 1208 μεταλαϐόντες
1608 1173 1648 1204 εἰς
1664 1172 1746 1200 ὕπνον
1768 1174 1895 1209 ἐτράπη-

1104 1227 1163 1254 μεν.
1178 1218 1342 1254 Κατειλήφει
1361 1218 1415 1254 γὰρ
1430 1219 1446 1254 ὴ
1461 1218 1518 1252 νύξ.

1405 1330 1526 1358 UMlAlA
1543 1331 1580 1358 l".

1137 1375 1158 1402 l.
1175 1375 1227 1402 Δύο
1242 1375 1291 1411 μὲν
1306 1373 1352 1402 οὖν
1367 1375 1526 1403 διελθουσῶν
1542 1377 1662 1413 ἡμερῶν,
1679 1377 1895 1413 ἐπιφωσκούσης

1101 1421 1131 1449 δὲ
1151 1421 1256 1457 τρίτης,
1274 1421 1341 1457 πρὸς
1355 1421 1385 1448 τὸ
1407 1421 1578 1457 διαλεχθῆναι
1594 1422 1634 1458 τῷ
1656 1422 1758 1458 Σίμωνι
1781 1422 1895 1455 ἐξυπνι-

1104 1467 1176 1499 σθεὶς
1191 1466 1246 1502 ἐγὼ
1260 1466 1375 1502 Κλήμης
1389 1467 1436 1494 καὶ
1447 1468 1472 1493 οί
1488 1468 1611 1500 συνόντες
1625 1469 1725 1504 ἑταῖροι
1740 1468 1763 1484 ⁸³
1777 1469 1832 1495 ὑπὸ
1841 1469 1894 1500 τὰς

1102 1513 1230 1550 δευτέρας
1250 1513 1503 1549 τῶνάλεκτρυόνων
1519 1514 1620 1549 φωνὰς,
1643 1514 1759 1550 εὕρομεν
1775 1514 1824 1541 τδν
1841 1515 1895 1550 μὲν

1102 1559 1197 1595 λύχνον
1213 1559 1253 1586 ἔτι
1269 1559 1407 1594 φαίνοντα,
1422 1560 1468 1586 τὸν
1484 1560 1512 1586 δὲ
1527 1561 1629 1596 Πέτρον
1643 1560 1784 1595 γονυκλινῆ
1803 1568 1894 1596 προσ-

1103 1606 1256 1641 ευχόμενον.
1277 1606 1443 1638 Συντελέσας
1466 1605 1511 1633 οὖν
1525 1607 1578 1641 τὴν
1591 1606 1692 1642 δέησιν,
1710 1606 1895 1642 ἐπιστραφεὶς

1102 1653 1149 1678 καὶ
1170 1651 1231 1678 ἰδὼν
1251 1651 1325 1687 ἡμᾶς
1349 1652 1418 1688 πρὸς
1439 1652 1471 1678 τὸ
1495 1652 1611 1679 ἀκοῦσαι
1632 1652 1748 1688 ἑτοίμως
1763 1652 1895 1687 ἔχοντας,

1103 1697 1165 1732 ἔφη’

1137 1742 1168 1768 ll.
1183 1741 1328 1769 Γινώσκειν
1338 1741 1410 1778 ὑμᾶς
1421 1741 1501 1775 θέλω,
1511 1743 1552 1770 ὅτι
1567 1744 1591 1770 οἱ
1603 1743 1663 1770 καθ’
1674 1743 1811 1780 ἡμετέραν
1822 1744 1895 1780 πρό-

1102 1796 1176 1815 νοιαν
1197 1788 1321 1820 συνόντες
1337 1788 1377 1824 τῷ
1398 1789 1514 1824 Σίμωνι,
1531 1789 1605 1821 ὅπως
1625 1789 1674 1821 τὰς
1689 1789 1785 1824 βουλὰς
1803 1789 1895 1816 αὑτοῦ

1103 1834 1284 1869 μανθάνοντες
1306 1834 1491 1861 ὑποϐάλλωσιν
1505 1835 1580 1870 ἡμῖν,
1601 1835 1644 1862 ἵνα
1659 1835 1801 1870 δυνώμεθα.
1820 1835 1896 1871 πρὸς

1101 1879 1150 1916 τὴν
1166 1879 1215 1915 τῆς
1235 1880 1334 1911 κακίας
1349 1879 1430 1906 αὑτοῦ
1453 1881 1588 1907 ποικιλίαν
1603 1881 1785 1917 ἁρμόσασθαι,
1811 1882 1896 1909 αὐτοὶ

1102 1926 1259 1962 πέμψαντες
1273 1926 1409 1961 ἐδήλωσαν
1421 1926 1486 1961 ἡμῖν
1499 1926 1632 1960 λέγοντεςο
1650 1927 1739 1961 Σίμων
1754 1927 1894 1963 σήμερον,

1101 1972 1173 1999 καθὰ
1185 1971 1356 2004 συνετάξατο,
1372 1972 1479 2007 ἕτοιμός
1491 1973 1564 1999 ἐστιν
1578 1973 1632 1999 άπὸ
1645 1973 1698 1999 τῶν
1714 1973 1832 2009 Γραφῶν
1844 1975 1897 2001 ἐπὶ

1102 2017 1210 2045 πάντων
1233 2017 1316 2044 ἐλθὼν
1339 2018 1542 2050 ἀποδεικνύειν,
1569 2019 1605 2054 μὴ
1629 2019 1721 2045 τοῦτον
1819 2018 1898 2047 εἶναι

1101 2062 1167 2089 Θεὸν
1182 2061 1326 2095 ἀνώτατον,
1342 2063 1372 2095 ὃς
1383 2063 1495 2099 οὐρανὸν
1509 2063 1598 2090 ἔκτισε
1611 2064 1658 2090 καὶ
1671 2064 1722 2099 γῆν
1736 2065 1782 2090 καὶ
1798 2065 1898 2093 πάντα

1101 2108 1135 2134 τὰ
1149 2108 1172 2124 ⁸⁸
1186 2109 1214 2134 ὲν
1228 2108 1329 2140 αὐτοῖς,
1345 2109 1413 2135 ἀλλὰ
1433 2109 1511 2136 ἄλλον
1523 2109 1584 2135 τινὰ
1603 2110 1739 2143 ἄγνωστον
1755 2111 1804 2137 καὶ
1819 2111 1899 2138 ἀνώ-

1102 2161 1192 2184 τατον,
1215 2153 1253 2185 ὡς
1277 2154 1305 2179 ἐν
1331 2154 1495 2190 ἀπορρήτοις
1518 2155 1582 2181 ὄντα
1600 2154 1664 2183 Θεὸν
1687 2155 1762 2182 θεῶν·
1787 2155 1819 2187 ὃς
1846 2157 1901 2185 δύο

1103 2197 1206 2233 ἔπεμψε
1222 2198 1307 2229 θεοὺς,
1324 2198 1369 2234 ἀφ’
1383 2197 1420 2225 ὧν
1441 2200 1455 2225 ὁ
1473 2200 1522 2234 μὲν
1535 2196 1576 2231 εἷς
1594 2200 1667 2227 ἐστιν
1681 2201 1695 2227 ὁ
1711 2201 1813 2236 κόσμον
1832 2204 1901 2229 κτί-

1107 2251 1165 2275 σας,
1183 2245 1197 2270 ό
1210 2244 1239 2270 δὲ
1253 2244 1344 2280 ἕτερος
1359 2246 1372 2271 ὸ
1385 2244 1430 2271 τὸν
1444 2245 1524 2280 νόμον
1537 2245 1608 2277 δούς,
1629 2245 1684 2272 Καὶ
1697 2246 1783 2272 ταῦτα
1799 2255 1899 2283 μηχα-

1105 2286 1182 2312 νᾶται
1191 2286 1290 2321 λέγειν,
1301 2288 1374 2319 ὅπως
1388 2287 1441 2314 τῶν
1455 2288 1499 2315 τὸν
1515 2288 1562 2315 ἕνα
1577 2289 1622 2316 καὶ
1645 2290 1723 2324 μόνον
1738 2290 1901 2325 μελλόντων

1105 2332 1193 2358 σέϐειν
1214 2333 1290 2364 Θεὸν,
1308 2333 1337 2364 ὃς
1351 2333 1464 2368 οὐρανὸν
1480 2334 1570 2361 ἔκτισε
1589 2335 1637 2362 καὶ
1651 2335 1714 2371 γῆν,
1734 2336 1784 2372 τὴν
1806 2337 1902 2374 ὀρθὴν

1104 2377 1259 2415 προεκλύσῃ
1273 2379 1294 2395 ⁸⁷
1309 2379 1410 2406 πίστιν.

1140 2435 1182 2462 lll.
1199 2436 1290 2462 Ταῦτα
1305 2436 1424 2468 ἀκούσας
1437 2436 1496 2468 πῶς
1509 2437 1558 2463 οὐκ
1573 2437 1606 2464 ἂν
1621 2437 1765 2474 ἡθύμησα;
1780 2439 1828 2465 Διὸ
1847 2442 1902 2468 καὶ

1104 2480 1176 2516 ὑμᾶς
1184 2481 1217 2513 ⁸⁸,
1227 2482 1290 2513 τοὺς
1300 2481 1428 2513 συνόντας
1438 2491 1482 2517 μοι
1493 2483 1632 2518 ἀδελφοὺς,
1644 2483 1741 2511 εἰδέναι
1756 2485 1845 2523 ἠθὲλη
1852 2497 1902 2520 σα,

1103 2526 1141 2558 ὡς
1154 2527 1184 2553 οὺ
1201 2527 1319 2563 μετρίως
1333 2527 1382 2563 τὴν
1397 2527 1484 2564 ψυχὴν
1495 2528 1581 2563 ἀλγῶ,
1603 2529 1703 2565 ἐνορῶν
1716 2530 1761 2557 τὸν
1777 2531 1831 2566 μὲν
1845 2542 1903 2561 πο-

1104 2573 1184 2608 νηρὺν
1200 2573 1267 2608 πρὸς
1283 2573 1396 2609 δοκιμὴν
1411 2574 1560 2610 ἀνθρώπων
1575 2571 1754 2611 ἐγρηγορότα,
1774 2578 1843 2610 τοὺς
1869 2580 1902 2608 δὲ

1104 2617 1262 2654 ἀνθρώπους
1275 2619 1324 2654 τῆς
1338 2619 1442 2646 ἑαυτῶν
1466 2620 1601 2655 σωτηρίας
1624 2621 1693 2648 πάνυ
1707 2622 1900 2657 ἀμελοῦντας.

900 2672 1016 2700 VARle
1049 2673 1251 2702 LECTIONES.

310 2711 332 2753 :‘
344 2711 499 2753 Vllb._’l’ti‘VU
517 2714 616 2753 καλῶς.
633 2716 688 2742 Καὶ
703 2717 717 2743 ὁ
734 2717 836 2753 ῌέτρος
864 2718 1029 2753 ἀπεκρίνατο
1043 2719 1098 2746 des.

273 2742 339 2785 ῖόθᾳ
361 2748 431 2785 κατὰ
446 2749 527 2785 νόμου
544 2742 684 2785 λεγόμενα.

739 2751 827 2795 tam:
893 2751 1059 2795 V‘id:‘.supra
1070 2754 1232 2795 ἐξέϐη-εί
1242 2751 1336 2795 Melius
1347 2751 1437 2795 *συνῆν
1450 2756 1478 2782 S.

1121 2720 1160 2758 in"
1170 2719 1200 2747 Ο.
1211 2755 1230 2758 η
1242 2720 1272 2758 _'_'
1284 2720 1468 2758 προλαμϐάνει
1479 2722 1500 2748 Ο
1514 2741 1521 2754 ,
1541 2721 1634 2758 incuj.
1657 2730 1744 2758 marg.
1761 2723 1797 2751 al.
1814 2733 1896 2754 man.

1540 2756 1563 2792 θ’
1574 2756 1640 2784 Vbb.
1651 2756 1842 2792 πολυτεκνίας
1861 2778 1881 2783 -
1891 2778 1899 2783 -

273 2781 661 2828 εξελφίιάεείιιὲῃιιψῂίξεο,
700 2781 876 2828 ξζειδώλουᾳἒ
911 2781 1054 2828 “garriet-3
1068 2788 1099 2828 δέ
1109 2788 1146 2828 c._
1179 2781 1421 2824 ⁶⁵ἓτεροιϐ.⁸⁶τά’
1438 2781 1898 2828 temerest};enauigauit

273 2815 410 2850 ἄγνωστον
427 2819 473 2845 καί
488 2827 540 2847 non
553 2820 671 2848 exhibet.
706 2821 727 2837 ⁸⁷
745 2821 921 2856 προσεκλύσει
936 2822 968 2847 (ἶ.
1005 2822 1027 2838 ⁸⁸
1042 2823 1114 2857 ἡμᾶς
1128 2825 1160 2849 0.
