1945 3101
60 173 105 201 ll?)

630 177 861 208 CLEMENTINA.
879 194 913 201 —
929 180 1071 208 HOMlLlA
1087 181 1131 208 Ill.

1634 186 1682 214 tu

59 229 266 265 Ἕμηχανήσατο
289 231 351 268 γὰρ
375 234 431 264 τοῖς
453 233 507 260 ἀπὸ
528 232 611 260 ἐθνῶν
637 235 763 269 μέλλουσι
783 237 839 272 mp‘

898 239 1051 268 Gentilibus
1074 241 1158 274 enim,
1178 241 1224 276 qui
1250 245 1355 269 terrena
1385 241 1530 270 simulacra
1552 244 1682 272 credituri

53 275 104 302 τῶν
121 276 252 311 ἐπιγείων
268 276 376 310 ξοάνων
395 278 533 305 πείθεσθαι
547 280 569 295 δ’
586 280 626 306 ὅτι
646 281 697 308 οὐκ
713 282 767 308 εἰσὶ
780 282 845 315 θεοὶ,

51 322 151 358 ἐτέρων
180 323 287 351 πολλῶν
311 323 384 352 θεῶν
406 324 484 357 δόξας
504 325 679 360 είσενεγκεῖν,
703 327 777 360 ὅπως
800 329 847 355 ἐὰν

48 367 213 396 παύσωνται
237 369 287 405 τῆς
309 370 388 397 κάτω
405 371 429 387 ⁵ο
456 371 686 407 πολυθεομανίας,
707 373 806 409 ἑτέρως
828 374 845 410 ἢ

47 415 95 442 καὶ
110 417 206 451 χεῖρον
221 416 294 443 κατὰ
308 416 360 451 τῆς
373 417 420 444 τοῦ
435 417 501 444 Θεοῦ
518 419 665 454 μοναρχίας
675 419 762 454 λέγειν
773 420 845 448 ἀπα-

43 460 226 496 τηθήσονται’
244 462 288 488 ἴνα
303 463 439 498 μηδέποτε
449 463 483 489 τὰ
494 463 544 499 τῆς
556 464 703 500 μοναρχίας
716 467 846 502 προτιμή-

44 515 146 539 σαντες
168 507 316 535 οὐπώποτε
331 508 424 540 ἐλέους
445 511 538 544 τυχεῖν
553 510 713 546 δυνηθῶσιν.
737 512 844 548 Ταύτης

41 552 70 578 δὲ
86 553 140 588 τῆς
151 553 259 589 τόλμης
272 555 353 581 ἕνεκα
374 555 388 581 ὁ
401 555 491 591 Σίμων
506 557 567 587 ταῖς
583 556 692 591 ψευδέσι
705 557 759 584 τῶν
772 558 843 593 Γρα-

41 599 105 633 ςῶν
125 602 296 635 περικοπαῖς
310 601 481 637 ὡπλισμένος
499 602 627 638 πολεμεῖν
639 604 705 639 ἡμῖν
724 604 842 640 προσέρ-

40 654 132 680 χεται.
151 647 209 672 Καὶ
220 646 253 673 τὸ
265 647 425 683 δεινότερον,
439 648 478 674 ὅτι
490 648 536 683 ἀφ’
547 645 585 675 ὧν
595 649 626 676 οὐ
639 650 661 665 ⁵¹
675 650 842 677 πεπίστευκε

40 692 198 727 προφητῶν
210 693 322 720 τοιαῦτα
344 693 515 729 δογματίζειν
532 695 602 722 κατὰ
613 695 659 722 τοῦ
675 696 759 728 ὅντως
774 696 842 723 Θεοῦ

37 738 71 764 οὐ
88 738 261 774 πεφόϐηταί.

74 794 122 822 ιν.
148 796 208 823 Καὶ
229 797 296 832 ἡμῖν
320 797 370 832 μὲν
383 798 441 830 τοῖς
457 797 490 824 ὲκ
505 798 645 834 προγόνων
660 799 841 835 παρειληφόσι

36 842 87 868 τὸν
101 841 138 869 τὰ
154 842 248 869 πάντα
268 843 400 871 κτίσαντα
421 844 476 879 79
493 844 583 871 σέϐειν
596 844 673 878 Θεὸν,
692 845 732 872 ἔτι
746 845 775 872 δὲ
794 847 841 873 καὶ

37 887 97 914 τῶν
135 889 250 924 ἀπατᾷν
281 889 438 925 δυναμένων
472 890 571 926 βίὸλων
603 892 635 918 τὸ
667 892 815 928 μυστήριον
831 912 838 925 ,
857 903 878 932 η

37 934 120 960 οὐδὲν
144 935 304 970 δυνήσεται,
327 937 384 968 τοῖς
405 937 434 963 δὲ
449 937 504 963 ἀπὸ
526 937 620 969 ἐθνῶν,
636 938 685 973 τὴν
711 937 840 965 πολύθεον

38 980 184 1016 ὑπόληψιν
208 981 358 1017 σύντροφον
384 982 502 1018 ἔχουσιν,
529 984 576 1010 καὶ⁵
600 984 655 1010 τῶν
675 984 790 1020 Γραφῶν
806 984 841 1011 τὰ

37 1026 129 1061 ψευδῆ
153 1027 207 1054 οὐκ
221 1028 332 1060 εἰδόσιν,
350 1028 416 1056 πολὺ
427 1029 579 1065 δυνήσεται·
600 1030 630 1056 οὺ
647 1030 726 1065 μόνον
747 1030 839 1062 αὐτὸς,

38 1073 100 1099 ἀλλ’
114 1074 140 1099 εἰ
155 1075 205 1100 καὶ
218 1073 298 1106 ἀλλος
313 1083 356 1106 τις
370 1076 425 1106 τοῖς
439 1075 493 1102 ἀπὸ
515 1075 600 1102 ἐθνῶν
623 1075 694 1103 κατά
707 1076 754 1102 τοῦ
772 1076 840 1104 Θεοῦ

39 1120 121 1146 κενόν
132 1120 158 1136 ⁵⁸
175 1128 239 1147 τινα
257 1121 349 1155 ὅμοιον
364 1121 469 1157 ὀνείρῳ,
486 1121 619 1154 πλουσίως
635 1122 840 1158 κεκοσμημένον

39 1167 218 1202 ὐφηγήσεται
233 1166 328 1202 μῦθον,
343 1167 566 1203 πιστευθήσεται,
582 1167 620 1203 ινῷ
633 1168 665 1194 ὲκ
679 1168 782 1195 παίδων
794 1168 840 1194 τὸν

39 1213 105 1238 νοῦν
131 1212 226 1240 αὐτῶν
243 1213 278 1240 τὰ
301 1213 374 1240 κατά
395 1212 441 1240 τοῦ
453 1213 522 1240 Θεοῦ
545 1213 679 1249 λεγόμενα
699 1213 839 1248 ἐθισθῆναι

38 1258 196 1294 λαμδὰνειν
210 1259 244 1285 ⁸³.
260 1259 373 1286 Σπὰνιοι
385 1259 414 1286 δέ
429 1268 500 1291 τινες
515 1260 539 1286 οἱ
556 1259 604 1295 μὲν
619 1259 707 1287 αὐτῶν
721 1259 838 1291 ἔσονται,

39 1305 78 1336 ὡς
96 1305 131 1333 ἐκ
149 1305 273 1340 πλήθους
296 1306 392 1340 ὀλίγοι,
414 1306 512 1337 οἵτινες
527 1306 561 1332 δι’
576 1305 785 1341 εὐγνωμοσύνην
808 1305 838 1332 οὒ

40 1351 189 1387 θελήσουσι
211 1351 284 1378 κατὰ
298 1352 344 1379 τοῦ
358 1352 393 1379 τὰ
407 1352 496 1380 πάντα
511 1352 652 1384 κτίσαντος
667 1351 735 1378 Θεοῦ
753 1351 839 1379 κακον

38 1397 120 1431 λάινον
144 1396 215 1424 αὐτὸ
235 1397 258 1413 ⁵⁸
275 1398 328 1424 κᾶν
351 1398 467 1425 ἀκοῦσαι
491 1396 647 1436 μόνον’.οἶς
671 1398 762 1434 μόνοις
785 1398 838 1425 ἀπὸ

40 1443 127 1470 ὲθνῶν
153 1441 215 1470 οὖσι
233 1437 353 1479 σωθῆναι
375 1444 528 1480 γενήσεται.
547 1444 594 1480 Μὴ
610 1442 656 1471 οὖν
671 1445 738 1480 ἡμῖν
754 1444 778 1461 ⁵⁵
796 1454 838 1477 τις

40 1489 85 1515 τὸν
101 1489 219 1525 Σίμωνα
231 1490 370 1522 παντελῶς
387 1489 544 1526 μεμφέσθω,
559 1490 576 1525 ἢ
599 1491 646 1518 καὶ
662 1490 741 1518 ἀλλον
763 1490 836 1517 τινὰ·

40 1535 118 1561 οπὲν
135 1535 193 1572 γὰρ
213 1535 314 1568 ἀδίκως
329 1535 445 1570 γίνεται,
458 1537 526 1563 ὅπου
542 1536 590 1563 καὶ
603 1535 637 1563 τὰ
654 1536 708 1562 τῶν
720 1536 837 1572 Γραφῶν

38 1580 125 1616 ψευδῆ
143 1581 265 1616 εὐλόγως
279 1581 347 1617 πρὸς
360 1582 474 1618 δοκιμὴν
488 1582 582 1618 ἔχοντα
597 1583 735 1618 τυγχάνει.

75 1625 109 1653 ι’.
128 1626 218 1661 Κάγὼ
235 1627 350 1663 Κλήμης
365 1628 484 1660 ἀκούσας
497 1628 575 1664 ἔφην·
594 1629 656 1661 Πῶς
671 1629 771 1664 λέγεις,
788 1629 837 1656 κύ-

41 1682 93 1709 ριε,
107 1674 158 1700 καὶ
167 1673 203 1700 τὰ
217 1674 272 1700 τῶν
282 1674 397 1710 Γραφῶν
410 1674 494 1709 ψευδῆ
509 1674 627 1709 εὐλόγως
641 1675 709 1709 πρὸς
721 1675 837 1710 δοκιμὴν

39 1720 194 1756 ἀνθράπτων
205 1720 293 1755 ἓχεινς
308 1720 337 1747 Ὀ
344 1720 374 1746 δὲ
383 1720 557 1756 ἀπεκρίνατοο
566 1721 606 1747 Τὰ
611 1721 695 1756 ψευδῆ
705 1721 758 1748 τῶν
768 1721 837 1758 Γρα-

40 1766 98 1799 φῶν
122 1766 259 1801 αἱτήματι
285 1766 386 1798 κακίας
411 1766 508 1801 δικαίῳ
528 1767 582 1793 τινὶ
604 1767 676 1802 λόγῳ
698 1767 837 1803 γραφῆναι

40 1812 233 1849 συνεχωρήθη.
255 1812 382 1847 Εὖλόγως
403 1812 432 1839 δὲ
445 1812 467 1828 ⁸⁸
490 1812 562 1847 λέγω
583 1813 679 1845 οὕτως.
710 1814 754 1840 Ἐν
776 1816 837 1847 ταῖς

41 1859 191 1893 θεολογίαις
203 1860 218 1885 ὁ
232 1858 349 1894 πονηρὸς
362 1859 409 1885 τοῦ
425 1858 528 1893 ἀγαθοῦ
543 1859 588 1886 τὸν
601 1859 669 1887 Θεὸν
689 1861 740 1887 οὐκ
757 1861 836 1888 ἐλατ-

40 1913 84 1931 τον
100 1904 220 1939 ἀγαπῶν
236 1904 279 1931 ἑνὶ
304 1905 377 1940 μόνῳ
398 1904 574 1932 ἀπολείπεται
592 1906 640 1932 τοῦ
658 1906 772 1941 ἀγαθοῦ,
795 1907 835 1934 ὅτι

41 1951 86 1977 καὶ
100 1951 158 1978 τῶν
179 1951 294 1985 ἀγνοίας
309 1951 384 1986 αίτίᾳ
397 1950 566 1978 ἀσεϐούντων
584 1951 615 1977 οὺ
632 1951 834 1986 συγγινώσκων,

43 1998 143 2033 στοργῇ
166 1998 200 2032 τῇ
217 1997 288 2032 πρὸς
307 1996 338 2023 τὺ
354 1996 547 2032 ἀσεϐούμενον,
561 1997 617 2032 80
631 1997 685 2024 τῶν
705 1997 835 2025 ἀσεϐούν-

42 2050 94 2069 των
115 2042 251 2078 ἐπιθυμεί
269 2042 315 2069 τὸν
331 2042 453 2078 ὅλεθρον,
475 2043 490 2068 ὀ
511 2042 539 2069 δὲ
548 2043 570 2058 ⁸⁷
586 2043 635 2078 τὴν
653 2042 724 2069 ίασιν
743 2043 835 2076 αὐτοῖς

897 292 976 314 erant
994 294 1049 315 non
1072 294 1133 316 esse
1154 287 1230 321 deos,
1249 288 1423 318 machinatus
1442 295 1484 317 est
1508 289 1681 319 introducere

897 331 1041 367 opiniones
1065 332 1100 360 de
1123 333 1220 362 multis
1250 334 1311 362 aliis
1334 334 1405 367 diis;
1431 340 1461 363 ut
1477 336 1500 364 si
1520 344 1536 364 ει
1559 340 1680 366 terrestri

897 377 1044 406 multorum
1059 379 1172 407 deorum
1186 385 1327 408 cessarent
1345 381 1462 415 insania,
1476 382 1528 410 alia
1542 384 1583 411 vel
1595 384 1681 419 prjori

896 423 993 452 fraude
1013 431 1108 453 contra
1124 425 1171 454 Dei
1193 427 1382 455 monarchiam
1406 436 1438 456 ac
1458 429 1591 457 unitatem
1605 430 1679 465 loqui

896 471 1134 505 compellerentur,
1159 479 1204 504 nc,
1224 471 1378 500 doctrinam
1404 473 1438 502 de
1451 482 1506 501 uno
1527 475 1680 510 principatu

895 516 1007 544 maximi
1021 517 1162 552 facientes,
1172 526 1291 554 unquam
1308 519 1414 554 possint
1429 521 1559 556 consequi
1575 522 1681 549 miseri-

895 562 1027 590 cordiam.
1050 563 1106 591 lloc
1119 564 1154 592 ob
1167 565 1255 592 audax
1278 565 1385 594 facinus
1399 565 1494 594 Simon
1511 566 1587 595 falsis
1605 567 1680 595 Scri-

875 631 877 633 .
895 614 1036 642 pturarum
1059 610 1227 638 sectionibus
1249 615 1372 640 armatus
1391 612 1466 639 venit
1481 612 1515 640 ad
1529 620 1580 641 nos
1593 621 1680 648 oppu-

894 654 1026 688 gnandos.
1044 654 1178 690 Quodque
1193 657 1384 692 gravissimum
1401 662 1453 690 est,
1474 659 1526 686 ista
1549 659 1678 687 adversus

894 699 979 728 Deum
994 709 1088 728 verum
1103 709 1137 730 ex
1151 703 1304 738 prophetis,
1319 704 1421 739 quibus
1433 708 1523 733 tamen
1546 713 1600 733 non
1620 713 1679 733 cre-

892 746 941 780 dit,
956 748 1055 775 docere
1069 756 1124 776 non
1137 754 1254 777 veretur.

925 793 969 821 ιν.
986 793 1019 821 Et
1039 795 1149 829 quidem
1167 796 1312 823 adversum
1335 804 1397 829 nos,
1421 797 1469 832 qui
1492 805 1508 824 a
1521 797 1678 832 majoribus

892 841 996 867 cultum
1011 841 1134 868 omnium
1155 842 1306 870 conditoris
1326 842 1374 870 Dei
1387 843 1545 879 accepimus
1561 851 1609 872 nec
1623 853 1676 872 non

894 885 1102 921 Scripturarum
1115 887 1242 922 decipere
1254 888 1402 916 valentium
1416 889 1589 924 mysterium,
1609 890 1676 918 nihil

893 932 992 967 poterit
1005 942 1010 959 :
1028 937 1123 960 contra
1137 941 1202 961 vero
1218 935 1341 969 gentiles,
1359 935 1386 962 in
1399 936 1548 964 multorum
1559 937 1676 965 deorum

892 978 1021 1013 opinione
1046 979 1177 1013 nutritOs,
1201 980 1414 1016 ignorantesque
1434 981 1584 1018 Scriptura:
1598 991 1675 1011 men-

891 1024 979 1058 dacia,
995 1025 1096 1053 valebit
1107 1026 1276 1060 plurimum:
1292 1035 1347 1054 non
1361 1028 1443 1056 modo
1458 1028 1527 1064 ipse,
1541 1029 1588 1057 sed
1606 1035 1634 1057 et
1651 1030 1674 1057 si

891 1071 954 1105 quis
975 1070 1046 1099 alius
1064 1071 1181 1100 ethnicis
1197 1080 1295 1100 vanam
1314 1073 1433 1109 aliquam
1447 1074 1474 1102 in
1496 1074 1581 1102 Deum
1597 1075 1677 1103 fabu-

890 1116 956 1149 lam,
973 1117 1090 1145 similem
1107 1118 1216 1146 somnio
1238 1119 1435 1155 opulenterque
1453 1125 1578 1150 ornatam
1593 1131 1674 1150 enar-

890 1164 1001 1196 raverit,
1014 1164 1157 1198 credetur;
1171 1164 1243 1200 quod
1256 1173 1272 1192 ιι
1286 1166 1403 1200 pueritia
1417 1174 1494 1195 mens
1509 1175 1606 1196 eorum
1628 1176 1674 1196 3n-

890 1209 938 1236 lita
953 1213 995 1236 est
1018 1216 1160 1238 sermones
1181 1210 1314 1239 adversus
1329 1211 1416 1240 Deum
1436 1213 1586 1248 suscipere.
1609 1213 1673 1242 Rari

890 1259 980 1283 autem
998 1256 1071 1283 inter
1082 1263 1130 1284 eos
1145 1262 1236 1290 erunt,
1250 1262 1279 1285 ut
1293 1266 1308 1285 e
1322 1259 1498 1286 multitudine
1512 1260 1602 1294 pauci,
1626 1262 1673 1296 qui

890 1302 925 1329 ob
937 1309 1045 1337 aequum
1062 1302 1184 1330 animum
1205 1304 1298 1331 nolent
1311 1305 1383 1331 malo
1397 1304 1424 1332 in
1440 1305 1564 1332 omnium
1583 1306 1676 1334 condi-

889 1351 976 1375 torem
994 1347 1080 1375 Deum
1092 1349 1213 1376 sermoni
1227 1350 1269 1376 vel
1284 1358 1378 1377 aurem
1390 1350 1523 1379 duntaxat
1535 1353 1672 1387 prmberc;

889 1393 990 1428 quibus
1001 1394 1068 1422 solis
1083 1395 1200 1422 ethnicis
1216 1395 1316 1423 salvari
1332 1397 1480 1432 continget.
1492 1396 1578 1426 Nemo
1592 1399 1676 1434 igitur

889 1441 969 1470 nobis
980 1441 1014 1468 de
1033 1440 1145 1468 Simone
1163 1441 1272 1476 penitus
1292 1447 1487 1477 conqueratur,
1504 1444 1546 1471 vel
1560 1444 1594 1472 de
1605 1452 1674 1479 quo-

889 1495 972 1522 quam
987 1487 1052 1515 alio.
1069 1486 1141 1515 Nihil
1154 1488 1227 1515 enim
1251 1488 1354 1523 injuste
1367 1489 1484 1523 accidit;
1501 1491 1674 1526 quandoqui-

891 1534 952 1561 dem
972 1537 1000 1560 et
1021 1533 1225 1568 Scripturarum
1239 1534 1380 1562 mendacia
1397 1535 1459 1570 jure
1479 1536 1512 1563 ad
1533 1537 1674 1565 hominum

849 1578 871 1608 C
888 1580 1076 1615 probationem
1088 1580 1178 1615 posita
1193 1584 1267 1608 sunt.

923 1625 956 1652 ν.
981 1625 1043 1658 Quo
1057 1625 1152 1653 audito
1164 1633 1215 1662 ego
1228 1627 1354 1655 Clemens
1374 1628 1430 1655 dixi
1448 1638 1454 1656 :
1471 1628 1530 1662 Qua
1549 1629 1674 1664 ratione,

888 1671 938 1704 ais.
955 1671 1076 1705 domine,
1097 1676 1124 1699 et
1138 1671 1341 1708 Scripturarum
1362 1675 1503 1702 mendacia
1521 1675 1620 1704 merito
1638 1677 1672 1704 ad

887 1718 1029 1746 hominum
1052 1719 1241 1753 probationem
1256 1720 1345 1754 posita
1363 1720 1465 1748 fuisse?
1478 1720 1526 1748 llle
1543 1729 1609 1750 vero
1628 1731 1672 1750 re-

886 1764 996 1798 spondit
1009 1773 1016 1792 :
1032 1763 1172 1792 Mendacia
1189 1764 1440 1800 Scripturarum,ex
1453 1768 1564 1795 malitiae
1576 1774 1671 1803 postu-

887 1810 998 1842 latione,
1019 1810 1092 1846 justa
1107 1811 1214 1838 ratione
1233 1812 1367 1846 permissa
1383 1816 1447 1840 sunt
1462 1813 1555 1841 scribi.
1576 1813 1671 1841 Merito

887 1860 977 1883 autem
988 1856 1050 1883 dico
1063 1856 1113 1884 sic.
1127 1856 1155 1884 in
1170 1857 1307 1892 theologia
1320 1861 1346 1885 et
1361 1858 1490 1893 religione
1506 1859 1604 1892 malus,
1617 1867 1669 1887 non

886 1901 978 1929 minus
993 1902 1108 1938 diligens
1121 1901 1208 1929 Deum
1219 1910 1300 1937 quam
1318 1902 1408 1930 bonus
1423 1903 1451 1930 in
1466 1911 1522 1930 uno
1537 1908 1643 1932 tantum
1654 1913 1670 1932 a

885 1948 958 1976 bono
981 1952 1136 1983 superatur,
1159 1947 1231 1983 quod
1255 1948 1351 1976 nolens
1376 1957 1489 1984 parcere
1503 1950 1548 1983 iis,
1569 1950 1615 1985 qui
1637 1958 1668 1978 ex

885 1995 1040 2030 ignorantia
1055 1994 1130 2029 impii
1146 1999 1220 2027 sunt,
1235 2002 1328 2022 amore
1345 1995 1372 2022 in
1388 1995 1455 2023 illud
1469 1995 1542 2030 quod
1556 2003 1611 2023 non
1623 2005 1671 2024 eo-

885 2040 970 2074 litur,
993 2040 1209 2075 irreligiosorum
1235 2040 1372 2069 desiderat
1400 2041 1552 2075 interitum,
1581 2041 1670 2069 bonus

42 2088 221 2124 προσφέρειν.
236 2089 265 2115 ὐ
273 2088 328 2124 γὰρ
337 2087 437 2122 ἀγαθὸς
451 2088 540 2115 ἰᾶσθαι
553 2088 656 2120 πάντας
666 2088 737 2115 θέλει
747 2090 835 2122 ⁸³ταῖς

892 2094 953 2113 vero
966 2086 1033 2121 ipsis
1047 2086 1146 2114 olIerre
1158 2087 1315 2114 sanitatem.
1327 2086 1471 2114 Vultenim
1485 2092 1600 2115 cunctos
1611 2096 1669 2123 po:-

43 2134 248 2169 μεταμελείαις,
273 2133 352 2166 σώζει
368 2133 397 2160 δὲ
414 2133 508 2169 μόνους
530 2134 593 2166 τοὺς
615 2135 767 2169 ἐγνωκότας
789 2136 834 2163 τὸν

892 2132 998 2159 iitentia
1012 2140 1109 2160 sanare
1122 2142 1128 2160 :
1141 2137 1232 2160 servat
1245 2137 1336 2160 autem
1347 2140 1394 2161 eos
1406 2137 1512 2160 tantum
1524 2133 1571 2168 qui
1583 2132 1668 2161 Deum

42 2180 115 2207 Θεό-δ·
128 2181 194 2210 τοὺς
210 2179 239 2207 δὲ
253 2179 418 2214 ἀγνοοῦντας
430 2179 479 2206 οὐκ
492 2180 575 2212 ἰᾶται,
590 2180 638 2215 οὐχ
651 2181 693 2207 ὅτι
706 2181 736 2207 οὐ
750 2181 832 2214 θέλει,

892 2183 1070 2213 :ognoscunt;
1101 2183 1129 2206 at
1146 2186 1194 2206 eos
1226 2179 1274 2214 qui
1300 2187 1364 2206 eum
1393 2179 1520 2214 ignorant
1546 2187 1601 2207 non
1624 2188 1670 2207 sa-

42 2227 95 2253 ἀλλ¹
110 2227 153 2254 ὅτι
169 2226 222 2253 οὐκ
236 2226 341 2258 ἔξεστιν
359 2225 393 2252 τὰ
406 2225 595 2261 ἡτοιμασμένα
612 2227 668 2258 τοῖς
692 2227 759 2258 υἱοῖς
783 2227 832 2262 τῆς

892 2229 942 2258 ἰειι,
965 2232 1019 2252 non
1041 2225 1114 2260 quod
1127 2225 1206 2258 nolit,
1221 2225 1269 2252 sed
1284 2225 1349 2260 quia
1369 2233 1423 2252 non
1438 2225 1502 2253 licet
1520 2225 1592 2253 bona
1607 2225 1670 2254 ﬁliis

43 2273 181 2306 βασιλείας
191 2271 284 2307 ἀγαθὰ
297 2273 353 2304 τοῖς
365 2271 411 2298 διὰ
423 2271 454 2298 τὸ
466 2271 620 2306 ἀδιάκριτον
633 2271 741 2306 ἀλόγοις
753 2271 832 2305 ζώοις

892 2270 960 2305 'egni
974 2275 1126 2306 praeparata
1141 2271 1261 2298 tribucre
1276 2271 1446 2304 hominibus,
1460 2272 1507 2306 qui
1519 2272 1555 2299 ob
1565 2271 1670 2300 discre-

44 2319 252 2356 παρεικασθεῖσι
263 2319 423 2354 παρασχεῖν.
884 2317 967 2345 tionis
979 2317 1160 2352 privationem
1175 2317 1320 2345 assimilati
1335 2321 1399 2345 sunt
1413 2317 1502 2346 brutis
1516 2318 1668 2346 animanti-

883 2362 946 2390 bus.

919 2408 963 2436 Vl.
977 2407 1065 2436 L'nius
1081 2415 1112 2436 ac
1128 2408 1214 2436 solius
1251 2408 1308 2442 Dei,
1334 2410 1382 2444 qui
1411 2410 1544 2437 mundum
1561 2409 1626 2438 fecit
1639 2415 1667 2437 et

881 2463 932 2483 nos
953 2455 1056 2483 creavit
1078 2461 1105 2483 et
1116 2457 1208 2483 omnia
1233 2457 1359 2491 przebuit,
1383 2465 1415 2484 ea
1437 2461 1535 2484 natura
1557 2460 1618 2489 est,
1637 2462 1668 2484 ut

77 2411 122 2439 Vl.
137 2411 193 2438 Τοῦ
214 2410 274 2442 ἑνὸς
292 2409 342 2437 καὶ
354 2409 433 2445 μόνου
448 2408 527 2441 Θεοῦ,
541 2408 587 2436 τοῦ
603 2409 649 2436 τὸν
663 2408 765 2444 κόσμον
782 2417 832 2436 πε-

45 2458 186 2493 ποιηκότος
209 2456 259 2483 καὶ
274 2457 347 2492 ἡμᾶς
366 2455 507 2488 κτίσαντος
527 2456 574 2482 καὶ
589 2455 677 2482 πάντα
693 2464 832 2491 παρεσχη-

46 2505 127 2537 κότος,
145 2503 263 2538 τοιαύτη
277 2503 399 2537 πέφυκεν
418 2501 512 2537 φύσις,
529 2502 631 2535 παντὸς
654 2503 704 2539 ήδη
728 2502 793 2530 ποτὲ
806 2503 829 2520 ⁸⁵

892 2502 1001 2529 lnimam
1017 2501 1162 2537 cujuslibet
1188 2502 1259 2530 intra
1282 2503 1391 2538 pictatis
1414 2502 1517 2530 limites
1540 2502 1622 2537 positi
1640 2507 1668 2530 et

46 2551 114 2582 ἐντὸς
125 2551 198 2586 ὅρων
219 2548 376 2580 θεοσεϐείας
392 2548 477 2580 δντος,
493 2548 541 2575 καὶ
556 2549 593 2584 μή
607 2548 829 2585 βλασφημοῦντος

892 2553 1005 2575 .anctum
1011 2548 1071 2583 ejus
1077 2547 1208 2583 Spiritum
1219 2557 1273 2576 non
1286 2549 1550 2585 blasphemantis,ad
1561 2548 1667 2581 se,cba-

48 2597 120 2624 αὗτοῦ
133 2596 166 2624 τὺ
189 2596 268 2630 ἀγιον
290 2593 412 2629 Πνεῦμα,
438 2595 536 2630 στοργῇ
549 2595 583 2630 τῇ
605 2595 673 2631 πρὸς
692 2595 772 2622 αὑτὸν
789 2595 830 2628 εἰς

892 2595 967 2623 'itate
976 2602 1040 2630 erga
1055 2595 1129 2622 hunc
1142 2595 1292 2629 hominem,
1308 2596 1436 2630 adducat,
1452 2603 1499 2631 per
1510 2599 1665 2630 respectum

678 2661 795 2690 VARle
828 2661 1031 2690 LECTIONES.

76 2711 96 2726 "
110 2710 320 2750 πεμίσθεσθαιΡΣ
338 2710 365 2750 _'°
377 2710 524 2750 gzéfrwnon
539 2710 664 2750 omittere
674 2708 789 2750 debebat
815 2709 858 2750 S._
871 2708 1002 2750 Subinde.
1018 2709 1052 2742 0,
1063 2745 1068 2750 _
1081 2709 1325 2750 πολυθεουμιιινίαςἒ
1374 2711 1396 2750 ’ξ
1414 2710 1515 2750 οὑ-ηοη
1530 2709 1613 2750 estin

46 2746 64 2762 ιι
77 2747 163 2774 καινόν
177 2748 200 2773 0
214 2766 223 2779 ,
237 2745 287 2780 qui
302 2745 402 2774 deinde
413 2745 508 2780 ὁνείρω
525 2753 550 2773 c.
565 2744 596 2772 D.
612 2744 651 2795 ςὸν
667 2743 734 2796 εἴρω
748 2744 801 2796 ϐλ,
813 2744 859 2785 sed
870 2745 962 2772 statim
973 2745 1092 2772 πλουσίω
1102 2743 1232 2786 (πλουσίῴ
1242 2744 1262 2772 C
1277 2765 1285 2777 ,
1297 2745 1430 2788 πλουσίως
1439 2745 1473 2772 de
1484 2744 1664 2785 conjectura).

46 2781 248 2796 v...--.__nz._-
264 2788 281 2796 η
311 2781 519 2796 ...ιυρυυι-..έιιλυ
533 2783 553 2796 I|
600 2780 611 2796 Ι
641 2780 678 2796 [In
703 2779 714 2796 \
735 2784 761 2796 AI
825 2788 851 2796 ιη
866 2787 942 2796 ηυιή
978 2779 1109 2796 λεηαιιημ
1125 2789 1150 2796 In
1177 2784 1249 2796 Invln
1277 2780 1300 2796 ιι
1318 2780 1404 2796 amb-Al
1441 2784 1541 2796 mmor.
1559 2780 1616 2796 mult
1638 2787 1663 2796 ιιι

46 2779 292 2842 Κεκοσμηιθέπαίρ.
311 2779 519 2842 κεκοσμημένον
532 2783 564 2807 υ.
600 2779 624 2796 ⁸³
641 2780 680 2806 lta
692 2779 714 2806 0
735 2784 762 2807 et
776 2779 796 2806 C
824 2779 851 2806 in
866 2787 964 2815 marg.,
978 2779 1111 2815 λαμϐάνει
1124 2781 1151 2807 in
1177 2784 1261 2807 textu.
1277 2780 1300 2796 “
1317 2780 1382 2807 αὐτό
1395 2779 1414 2807 C
1441 2779 1541 2806 mutari
1559 2780 1618 2806 vult
1638 2780 1666 2805 in

46 2817 112 2842 αὒτὸν
123 2827 155 2842 we
181 2815 274 2842 αοτοι.
297 2815 424 2842 Frustra.
449 2815 495 2842 ‘l’r.
510 2815 583 2842 hom.
599 2821 641 2842 ιιι.
656 2814 678 2842 9.
700 2813 729 2842 S.
767 2814 790 2830 "
809 2815 886 2842 ὑμῶν
897 2814 928 2842 C.
967 2815 990 2831 ³⁸
1005 2815 1033 2842 δέ
1048 2823 1103 2842 om.
1116 2814 1149 2842 0.
1187 2815 1208 2831 ⁵⁷
1219 2814 1279 2841 οὐδέ
1293 2823 1320 2842 ι).
1337 2816 1351 2842 ὁ
1365 2815 1394 2841 δέ
1409 2816 1440 2841 Ο.
1457 2813 1525 2841 Τυιη
1543 2813 1664 2842 araneol-

44 2817 112 2845 αὐτόν
123 2813 165 2846 'vel
181 2813 274 2845 αὑτοίζ
297 2813 495 2844 Frustra.'Cl’r.
510 2815 583 2842 hom.
599 2821 641 2847 ιιι,
656 2814 678 2842 9.
700 2813 729 2842 S.
767 2814 790 2830 "
809 2815 886 2849 ὑμῶν
897 2813 939 2842 Cf
967 2815 990 2831 ³⁸
1005 2813 1033 2842 δέ
1048 2823 1103 2843 om.
1116 2814 1149 2842 0.
1187 2815 1208 2831 ⁵⁷
1219 2814 1279 2841 οὐδέ
1293 2823 1320 2849 p.
1337 2816 1351 2842 ὁ
1365 2815 1394 2841 δέ
1409 2813 1525 2855 0.·Τυιη
1543 2813 1664 2850 προσφέο

45 2861 91 2884 ρειν
108 2862 145 2882 sc.
158 2852 298 2884 ἐπιθυμεῖ
311 2851 344 2884 S,
361 2860 388 2880 c.
412 2850 434 2877 Ι)
448 2871 457 2882 ,
471 2850 633 2884 προσφέρων
654 2849 686 2883 C,
701 2849 733 2877 0.
771 2850 794 2866 ⁸⁸
811 2849 881 2876 θέλει
896 2850 1000 2882 πάντας
1015 2851 1046 2877 0.
1084 2850 1106 2865 "’
1122 2849 1159 2876 Ita
1184 2849 1212 2880 S,
1230 2857 1255 2877 c.
1270 2849 1292 2876 D
1307 2871 1314 2880 .
1334 2850 1379 2877 ille
1395 2857 1467 2883 conj.
1479 2849 1615 2884 ειδήποτε,
1629 2848 1666 2875 C-

45 2861 91 2887 pm
108 2862 145 2882 sc.
158 2852 298 2914 ὲπιθυὲιεϊ
311 2851 344 2884 S,
361 2860 388 2880 c.
412 2850 434 2877 Ι)
448 2871 457 2882 ,
471 2850 633 2890 προσφέρων
654 2849 686 2883 C,
701 2849 733 2877 0.
771 2850 794 2866 ⁸⁸
811 2849 881 2876 θέλει
896 2850 1000 2882 πάντας
1084 2850 1106 2890 ξ’
1122 2849 1159 2876 Ita
1184 2849 1212 2892 ἣ,
1230 2857 1255 2877 c.
1334 2850 1379 2877 ille
1395 2849 1467 2883 conj.
1479 2849 1615 2884 ειδήποτε,
1629 2849 1666 2875 C-

43 2890 69 2920 υ,
82 2889 218 2925 οΰδήποτε.
260 2886 367 2925 ubinde
381 2885 459 2917 ἐντὸς
474 2886 543 2921 ὅρων
556 2884 578 2912 0
601 2893 626 2912 Ill
641 2889 726 2917 textu,
740 2885 772 2913 ad
783 2892 858 2912 oram
870 2892 943 2913 man.
958 2886 992 2912 al.
1011 2893 1074 2916 ισως
1090 2885 1207 2917 εκτόςώ
1234 2885 1317 2913 edidit
1327 2886 1401 2916 ἐντὸς
1417 2884 1481 2920 ὅρῳ.
1494 2883 1563 2911 Τιιιιι
1579 2883 1667 2919 βλασς»

43 2922 177 2961 ςυμοῦντος
193 2931 254 2953 scr.
270 2922 305 2950 Ο.
