1942 3100
82 123 127 151 η’(
652 128 880 157 CLEMENTINA.
898 145 933 151 —
949 130 1091 159 HOMILIA
1110 131 1158 160 Ill.

1658 132 1711 161 H8

82 181 224 216 ἀνθρώπων
246 183 367 219 στοργή.
400 184 486 217 Εἰδὼς
506 185 534 212 δὲ
562 185 585 201 ⁷³
607 186 621 213 ὁ
643 186 769 222 πονηρὸς,
797 187 865 222 ήμῶι

927 189 1030 217 minum
1044 198 1107 226 erga
1128 189 1223 217 Deum.
1246 190 1346 218 Videns
1368 195 1457 218 autem
1480 191 1568 219 malus
1583 191 1712 221 festinare

87 229 247 257 σπευδόντων
262 231 320 261 τοῖς
337 230 397 258 ἀπὸ
414 231 498 258 ἐθνῶν
510 231 645 258 πιστεύειν
663 232 803 267 μέλλουσιν
817 232 875 264 ἑνὸς

86 276 131 302 καὶ
146 275 226 311 μόνου
241 275 310 302 Θεοῦ
323 277 355 302 ὲν
369 277 472 312 ψυχαῖς
487 277 608 313 σπείρειν
626 278 675 313 τὴν
685 278 875 305 ἀθανατοποιὺν

84 322 150 357 πρὸς
166 322 247 348 αὐτὸν
261 321 416 358 ἀνθρώπων
432 323 456 339 ⁷⁸
472 323 603 359 στοργὴν,
627 323 709 356 αὐτὸς
724 325 738 351 ὁ
759 324 876 360 πονηρὸς

84 367 154 394 κατὰ
167 367 222 394 τῶν
239 368 409 402 ἀγνοούντων
433 369 522 396 ἱκανὸν
541 370 623 396 ὅπλον
645 369 714 405 ἔχων
731 371 800 406 πρὸς
814 371 874 397 δλε-

83 413 147 447 θρον
168 413 313 446 σπουδάζει
326 414 435 441 πολλῶν
449 414 518 441 θεῶν
532 415 548 450 ἢ
566 415 613 442 καὶ
625 415 684 447 ἑνὸς
699 416 737 448 ὡς
752 416 874 452 κρείττο-

82 467 127 490 νος
142 459 200 494 ⁸2
221 461 331 495 σπεῖραι
347 460 397 496 τὴν
414 460 547 496 ὑπόληψιν
557 481 564 493 ,
579 461 622 488 ἵνα
635 461 810 494 συλλαϐόντες
828 463 874 489 καὶ

81 505 297 540 συμπεισθέντες
311 505 328 532 ἃ
347 505 385 541 μὴ
402 505 480 542 θέμις
490 528 498 538 ,
513 507 695 540 ἀποθανόντες
707 508 745 540 ὡς
758 509 804 535 ἐπὶ
816 518 874 544 μοι-

79 550 158 585 χείας
168 551 334 587 ἐγκλήματι,
349 552 400 587 τῆς
415 552 497 579 αὐτοῦ
513 552 650 588 βασιλείας
671 554 871 591 ἀποόληθῶσιν.

113 650 162 678 IX.
187 652 280 685 Ἀξιος
304 650 351 681 οὖν
373 655 423 690 τῆς
443 655 580 691 ἀποϐολῆς
595 657 649 688 πᾶς
668 656 739 684 κατά
754 657 803 693 τῆς
824 657 871 684 τοῦ

77 696 146 723 Θεοῦ
171 699 320 734 μοναρχίας
334 700 399 727 αὐτὸ
416 701 495 736 μόνον
512 702 562 729 κᾶν
578 702 693 730 ἀκοῦσαί
710 711 736 729 τι
753 703 872 729 τοιοῦτον

76 743 207 780 θελήσας.
231 746 263 772 El
287 746 315 773 δὲ
332 747 370 778 ὡς
389 747 510 783 Γραφαίς
529 748 709 785 τεθαρρηκὼς
733 748 804 775 κατὰ
824 749 870 775 τοῦ

75 791 144 818 Θεοῦ
160 792 251 828 τολμᾷ
263 801 305 825 τις
319 794 370 820 κᾶν
387 794 506 827 ἀκούειν,
524 794 631 830 πρῶτον
647 795 734 821 ἐκεῖνό
751 803 795 830 μοι
810 803 871 820 συν-

75 837 231 885 ενθομείτω
250 839 284 872 ⁷⁸,
301 840 352 871 ὅτι,
374 840 407 867 ἄν
430 849 472 872 τις
494 840 603 875 εὔλογον
626 840 714 877 ἑαυτῷ
727 841 816 876 δόγμα
832 841 870 872 ὼς
884 857 906 885 Β

75 883 202 918 βούλεται
225 885 378 922 ἀναπλάσῃ,
395 885 488 912 ἔπειτα
509 887 604 918 αὑταῖς
623 887 728 923 ὲγκύψῃ
742 887 778 920 ’³,
792 888 869 915 δυνα-

74 930 119 960 τὸς
147 929 228 957 ἔσται
252 931 352 963 πολλὰς
370 931 440 967 ὑπὲρ
463 929 493 960 οὗ
513 932 649 960 ἐπλάσατο
671 933 805 969 δόγματος
821 934 868 960 ἀπ’

74 976 166 1003 αὐτῶν
189 977 343 1013 μαρτυρίας
357 977 460 1015 φέρειν·
476 979 535 1011 πῶς
550 977 596 1006 οὖν
612 980 658 1006 ἐπὶ
673 980 786 1012 ταύταις
799 980 869 1007 κατὰ

74 1021 120 1047 τοῦ
137 1022 207 1049 Θεοῦ
221 1022 332 1059 θαρρεῖν
346 1023 430 1058 ἐστιν,
452 1024 482 1051 ὲν
496 1024 539 1057 αἷς
553 1026 571 1061 ή
584 1025 692 1053 πάντων
713 1025 794 1062 βουλὴ
813 1027 868 1052 εισ-

74 1068 232 1103 ευρίσκεται
244 1077 252 1101 ;

106 1114 144 1141 X.
169 1115 275 1142 Αὐτίκα
294 1115 360 1150 γοῦν
383 1117 474 1152 Σίμων
497 1117 592 1153 αὗριον
616 1119 681 1154 ἡμῖν
703 1118 826 1154 συζητεῖν
844 1119 866 1135 ⁷⁷

75 1161 181 1197 μέλλων
198 1162 316 1198 δημοσίᾳ
340 1163 411 1189 κατὰ
425 1164 473 1199 τῆς
491 1163 538 1190 τοῦ
556 1164 622 1190 Θεοῦ
647 1164 793 1200 μοναρχίας
809 1164 868 1191 τολ-

75 1208 165 1242 μᾷ¹¹¹,
181 1208 266 1234 θέλων
286 1208 387 1241 πολλὰς
403 1209 433 1242 ἐξ
455 1210 544 1237 αὐτῶν
567 1210 620 1237 τῶν
639 1211 754 1247 Γραφῶν
776 1211 868 1246 φωνὰς

72 1253 206 1287 ἐνεγκεῖν,
222 1254 263 1280 ὅτι
280 1254 303 1270 ⁷⁹
318 1254 409 1282 πολλοὶ
425 1255 477 1282 εἰσὶ
494 1255 560 1289 θεοὶ,
578 1255 618 1288 εἷς
634 1256 662 1283 δέ
678 1265 720 1288 τις
733 1256 782 1292 οὐχ
795 1258 808 1283 ὁ
821 1257 866 1284 τὸν

73 1299 177 1334 κόσμον
185 1300 292 1332 κτίσας,
305 1300 372 1327 ἀλλά
378 1301 402 1316 ⁸ο
408 1301 503 1328 τούτου
520 1302 605 1329 ἀνώτε
609 1311 664 1338 ρος·
676 1303 723 1329 καὶ
734 1303 809 1338 ὁμῶς
817 1302 866 1335 τὰς

72 1346 225 1379 ἀποδείξεις
239 1347 394 1382 ἐγγράφους
403 1348 459 1383 ἔχει
470 1350 629 1384 παρασχεῖν.
644 1350 700 1376 Καὶ
707 1350 788 1385 ἡμεῖς
801 1349 828 1376 δὲ
837 1349 867 1382 ἐξ

71 1392 161 1418 αὐτῶν
175 1392 277 1424 πολλὰς
288 1394 439 1429 περικοπὰς
452 1394 535 1427 δεῖξαι
550 1395 642 1429 σαφῶς
652 1395 759 1431 ἔχομεν,
775 1396 816 1423 ὅτι
826 1393 866 1428 εἷς

71 1438 146 1464 ἐστιν
156 1439 171 1465 ὁ
184 1438 207 1456 ⁸¹
217 1439 281 1471 Θεὸς
294 1438 372 1471 οὗτος
385 1441 399 1467 ὁ
412 1440 456 1467 τὸν
465 1441 565 1476 κόσμον
575 1441 679 1475 κτίσας,
694 1442 741 1468 καὶ
755 1442 832 1474 ἄλλος
841 1442 865 1458 ⁸⁸

71 1484 120 1510 οὐκ
135 1484 194 1510 ἐστι
209 1485 279 1520 πλὴν
292 1485 384 1512 αὑτοῦ.
405 1485 486 1514 Ἀλλὰ
501 1487 547 1513 καὶ
557 1487 583 1513 εἴ
594 1496 636 1519 τις
649 1487 736 1519 ἄλλως
751 1496 810 1520 πως
823 1489 863 1515 εί-

927 243 988 269 nos,
1001 240 1030 263 ut
1042 236 1069 263 in
1084 244 1179 264 eorum
1196 237 1306 269 animis,
1328 238 1374 272 qui
1389 245 1422 264 ex
1438 238 1564 272 gentibus
1582 239 1710 268 credituri

927 288 1001 315 sunt,
1014 282 1212 311 inseminemus
1225 283 1440 311 immortalitatis
1455 284 1632 318 operatriccm
1645 285 1712 312 cha-

926 327 1035 356 ritatem
1052 328 1196 356 hominum
1221 329 1248 356 in
1270 337 1354 356 unum
1369 337 1401 357 ac
1422 329 1510 356 solum
1531 329 1626 363 Deum,
1642 338 1710 365 Ipse,

926 375 1049 409 inquam,
1065 375 1202 408 diabolus,
1227 379 1322 402 contra
1342 375 1482 410 imperitos
1499 374 1666 403 sufﬁcienter
1675 376 1710 403 ad

925 429 1020 449 necem
1046 427 1169 449 armatus
1184 442 1191 455 ,
1220 421 1316 448 nititur
1343 421 1491 449 multorum
1515 421 1628 448 deorum
1653 420 1710 449 sive

926 467 1009 495 unius
1031 472 1161 502 tanquam
1178 467 1375 502 praestantioris
1395 467 1550 502 opinionem
1568 467 1686 494 inserere
1701 476 1708 494 :

924 522 980 549 quo
994 514 1131 546 homines,
1154 513 1272 541 tenendo
1290 522 1322 541 ac
1343 514 1478 542 credendo
1490 521 1551 548 quae
1567 522 1620 541 non
1636 513 1708 547 licet,

924 560 1079 588 moriantur
1092 561 1170 595 quasi
1184 560 1211 588 in
1227 561 1353 588 adulterii
1364 561 1490 590 crimine.
1501 565 1529 588 et
1539 567 1554 588 a
1568 568 1650 596 regno
1663 559 1709 588 Dei

923 607 1077 642 ejiciantur.

960 653 1007 680 IX.
1027 653 1122 689 Itaque
1144 654 1244 688 dignus
1263 652 1359 688 estqui
1378 652 1531 687 abjiciatur,
1553 651 1709 686 quicunque

922 705 1019 729 contra
1044 700 1091 728 Dei
1118 699 1308 727 monarchiam
1329 699 1372 726 vel
1399 702 1503 725 tantum
1528 697 1593 733 quid
1619 697 1709 725 simile

923 747 1018 775 audire
1030 747 1156 774 voluerit.
1173 745 1201 773 Si
1218 753 1283 773 vero
1296 766 1304 779 ,
1321 745 1400 780 quasi
1414 743 1565 779 Scripturis
1579 743 1706 776 conﬁdat,

922 797 1017 820 contra
1040 792 1124 820 Deum
1138 792 1180 819 vel
1195 791 1291 819 audire
1314 791 1414 826 aliquis
1427 790 1518 823 audet,
1534 789 1623 825 primo
1640 789 1707 816 illud

921 846 1028 866 mecum
1045 837 1200 866 consideret
1216 847 1223 865 :
1241 838 1333 873 siquis
1345 837 1443 871 dogma
1457 835 1567 871 aliquod
1578 835 1631 868 sibi
1643 843 1708 870 pro-

920 884 1009 912 habile
1021 892 1070 919 pro
1077 884 1217 911 voluntate
1228 883 1392 911 conﬁnxerit
1403 887 1431 910 et
1446 886 1539 917 postea
1548 881 1709 917 Scripturas

920 929 1002 957 fuerit
1015 930 1142 963 intuitus,
1164 937 1198 957 ex
1215 929 1249 956 iis
1265 929 1364 964 poterit
1385 927 1470 955 multa
1485 927 1639 955 testimonia
1657 935 1706 962 pro

919 975 1016 1003 ﬁctitio
1034 983 1086 1003 suo
1100 975 1225 1010 dogmate
1236 974 1373 1010 proferrc;
1395 981 1450 1009 quo
1472 973 1553 1001 modo
1573 973 1657 1009 igitur
1678 974 1705 1000 in

919 1022 954 1049 iis
967 1021 1098 1049 adversus
1111 1021 1197 1048 Deum
1212 1021 1348 1048 conﬁdere
1367 1019 1409 1048 l‘as
1421 1020 1467 1053 sit,
1480 1020 1508 1047 in
1523 1019 1623 1056 quibus
1635 1027 1704 1047 cun—

919 1071 1025 1096 ctorum
1041 1067 1172 1102 placitum
1190 1066 1351 1094 invenitur?

953 1113 988 1140 X.
1005 1112 1083 1140 Nunc
1099 1120 1164 1148 ergo
1177 1112 1283 1144 Simon,
1294 1120 1355 1140 cras
1369 1111 1513 1140 nobiscum
1525 1111 1634 1147 publice
1648 1111 1705 1138 dis-

917 1163 1075 1193 ceptaturus
1090 1179 1097 1192 ,
1125 1163 1221 1186 contra
1245 1157 1294 1185 Dei
1320 1158 1509 1185 monarchiam
1537 1158 1702 1193 aggreditur,

917 1205 1073 1239 multasque
1085 1211 1118 1232 ex
1131 1203 1198 1239 ipsis
1214 1203 1363 1239 Scripturis
1378 1211 1458 1232 voces
1473 1202 1569 1231 aﬁ‘erre
1584 1203 1651 1236 vult,
1670 1203 1704 1230 de

916 1257 950 1278 eo
962 1250 1035 1285 quod
1049 1250 1126 1277 multi
1138 1250 1176 1278 dii
1188 1251 1244 1278 sint
1257 1255 1284 1278 et
1295 1258 1367 1278 unus
1381 1250 1504 1286 quidam,
1523 1257 1577 1277 non
1593 1247 1702 1285 quidem

916 1300 1027 1324 creator
1044 1296 1158 1329 mundi,
1176 1297 1223 1325 sed
1243 1297 1290 1324 illo
1305 1297 1439 1332 superior.
1464 1295 1607 1331 Simulque
1621 1303 1704 1331 argu-

917 1347 1007 1370 menta
1021 1351 1054 1370 ex
1069 1343 1221 1378 Scripturis
1231 1343 1379 1370 exhibebit.
1395 1343 1428 1370 Et
1441 1350 1490 1371 nos
1500 1350 1611 1378 quoque
1622 1350 1655 1370 ex
1668 1343 1703 1370 iis

917 1388 984 1423 ipsis
997 1389 1083 1416 multa
1100 1390 1235 1417 evidentia
1249 1390 1370 1425 capitula
1387 1390 1529 1417 ostendere
1543 1397 1705 1424 possumus,

915 1434 988 1469 quod
1015 1442 1088 1462 unus
1109 1435 1145 1462 sit
1168 1434 1240 1463 Deus
1259 1435 1303 1463 hic
1323 1436 1369 1471 qui
1385 1436 1479 1463 orbem
1496 1435 1629 1469 condidit,
1652 1444 1703 1463 nec

917 1480 987 1508 alius
1001 1481 1038 1508 sit
1047 1485 1145 1516 praeter
1161 1489 1234 1509 eum.
1251 1481 1304 1509 Sed
1316 1487 1343 1510 et
1356 1482 1380 1509 si
1395 1482 1457 1517 quis
1473 1481 1526 1509 alio
1537 1490 1703 1517 quocunque

71 1531 132 1557 πεῖν
145 1531 264 1566 θελήσει,
275 1525 330 1564 ἕξει
342 1533 390 1559 καὶ
400 1532 480 1565 αὐτὸς
493 1533 523 1566 ἐξ
532 1534 621 1560 αὐτῶν
628 1534 666 1565 ὡς
675 1533 798 1569 βούλεται
808 1534 862 1570 83

920 1527 998 1554 modo
1025 1527 1116 1555 dicere
1136 1528 1264 1560 voluerit.
1287 1528 1398 1556 habebit
1421 1528 1503 1555 etiam
1523 1528 1547 1556 is
1568 1536 1602 1555 ex
1622 1529 1702 1564 ipsis,

71 1578 136 1612 περὶ
151 1574 188 1604 ὧν
212 1577 334 1612 βούλεται
349 1578 398 1610 τὰς
413 1579 564 1612 ἀποδείξεις
585 1582 745 1616 παρασχεῖν.
770 1581 862 1609 Πάντα

71 1622 124 1658 γὰρ
139 1623 168 1649 αἱ
183 1623 290 1658 Γραφαὶ
306 1623 439 1658 λέγουσιν.
455 1625 498 1652 ἴνα
514 1626 608 1661 μηδεὶς
621 1627 674 1652 τῶν
694 1627 862 1662 ἀγνωμόνως

71 1667 225 1703 ζητούντων
243 1670 274 1696 τὸ
292 1669 392 1706 ἀληθὲς
417 1670 510 1706 εὕροι,
538 1671 596 1698 ἀλλ’
620 1672 634 1698 ὃ
661 1671 793 1706 βούλεται,
814 1672 864 1700 τοῦ

70 1713 187 1748 ἀληθοῦς
202 1716 260 1746 τοῖς
274 1715 427 1752 εὐγνώμοσι
448 1717 643 1752 τετηρημένου.
660 1718 860 1755 Εύγνωμοσύνη

69 1759 96 1786 δέ
106 1760 183 1787 ἔστιν
193 1761 223 1787 τὺ
234 1761 259 1778 ⁸³
268 1761 336 1797 πρὸς
346 1762 391 1789 τὸν
405 1761 451 1789 τοῦ
461 1759 530 1790 εἶναι
537 1763 610 1799 ἡμᾶς
620 1764 704 1791 αἴτιον
710 1764 861 1797 ἀποσώζειν

71 1807 198 1842 στοργήν.

103 1851 148 1878 XI.
169 1851 251 1878 Ὅθεν
265 1852 319 1888 πρὸ
334 1853 444 1881 πάντων
464 1854 562 1881 εἰδέναι
585 1854 702 1889 ὀφείλει,
726 1855 767 1882 ὅτι
783 1855 862 1882 οὐδα-

71 1897 150 1932 μόθεν
168 1898 255 1934 αὐτὴν
273 1899 407 1934 εὑρίσκει,
422 1901 445 1927 εἰ
460 1901 498 1936 μὴ
513 1900 546 1927 ἂν
567 1901 620 1928 ἀπὸ
637 1901 776 1937 προφήτου
793 1901 860 1937 ἀλη-

69 1943 152 1975 θείας.
176 1944 325 1980 Προφήτης
348 1945 376 1972 δὲ
392 1945 494 1982 ἀληθής
515 1947 589 1973 ὲστιν
602 1947 617 1973 ὁ
634 1947 721 1974 πάντα
743 1947 859 1974 πάντοτε

69 1989 157 2022 εἰδὼς,
174 1990 215 2017 ἔτι
232 1990 260 2016 δὲ
275 1991 322 2018 καὶ
337 1991 388 2023 τὰς
403 1992 511 2019 πάντων
526 1993 640 2026 ἐννοίας,
656 1993 858 2029 ἀναμάρτητος

68 2035 106 2067 ὡς
122 2036 188 2072 περὶ
204 2036 255 2071 τῆς
271 2036 452 2072 προγνώσεως
469 2037 552 2065 αὐτοῦ
577 2039 614 2075 μὴ
639 2039 731 2071 ἁπλῶς
751 2039 860 2076 διαλαμ-

69 2081 170 2115 ϐάνειν,
196 2082 254 2109 ἀλλ’
268 2084 292 2110 ει
307 2083 417 2110 δύναται
434 2084 498 2112 ἄνευ
515 2084 610 2120 ἐτέρας
626 2085 788 2121 προφάσεως
802 2095 860 2113 συν-

67 2127 178 2155 εστάναι
193 2128 277 2155 αὐτοῦ
292 2129 309 2164 ή
324 2129 486 2165 πρόγνωσις.
503 2131 536 2157 ’Δ
551 2131 605 2166 γὰρ
621 2132 646 2158 οἱ
664 2131 751 2168 ἰατροὶ
767 2132 859 2168 προλέ-

68 2180 171 2206 γουσιν,
195 2173 417 2210 ύποὸεϐλημὲνην
436 2175 507 2211 ὕλην
521 2175 628 2211 ἔχοντες
649 2177 696 2204 τοῦ
718 2177 858 2210 νοσοῦντος

67 2218 111 2245 νὺν
127 2219 264 2254 σφυγμὸν,
287 2220 335 2247 aut
356 2221 381 2247 οἱ
402 2221 451 2256 μὲν
467 2222 566 2257 πτηνὰ,
586 2223 611 2249 οἱ
627 2223 656 2250 δὲ
676 2223 793 2259 θύματα,
810 2225 858 2251 καὶ

67 2263 139 2292 ἄλλοι
160 2264 245 2297 ἄλλας
267 2265 332 2298 ὕλας
350 2266 451 2298 πολλάς
466 2267 611 2304 διαφόρους
634 2269 858 2306 ύποϐεὸλημένας

68 2309 174 2345 ἔχοντες
187 2311 377 2348 προλέγουσιν,
395 2313 442 2340 καὶ
455 2314 592 2350 προφῆται
607 2315 658 2342 οὐκ
671 2316 748 2343 εἰσιν.

99 2389 156 2417 XII.
174 2390 205 2416 El
222 2390 251 2417 δὲ
262 2390 406 2427 βουληθείη
421 2400 462 2424 τις
470 2392 571 2427 λέγειν,
586 2394 635 2430 τήν
649 2394 693 2422 διὰ
706 2395 760 2423 τῶν
770 2397 857 2424 rorati—

914 1578 996 1610 prout
1016 1574 1091 1602 volet
1112 1578 1139 1602 et
1164 1574 1197 1602 de
1211 1574 1312 1609 quibus
1330 1574 1413 1607 volet,
1434 1574 1609 1610 probationes
1623 1574 1699 1602 dare.

914 1619 1013 1648 Omnia
1037 1620 1139 1656 quippe
1158 1620 1307 1655 Scriptura:
1326 1620 1422 1648 dicunt
1437 1629 1444 1648 :
1459 1628 1493 1648 ne
1506 1621 1579 1649 ullus
1591 1628 1701 1655 eorum,

913 1667 960 1701 qui
972 1667 1078 1702 ingrate
1093 1671 1220 1702 quaerunt
1230 1687 1237 1700 ,
1253 1667 1373 1695 inveniat
1388 1667 1605 1700 veritatem,,sed
1624 1668 1700 1695 inve-

913 1714 972 1741 niat
995 1713 1067 1749 quod
1083 1713 1158 1748 cupit
1178 1722 1187 1747 ;
1203 1713 1314 1741 veritate
1333 1713 1419 1748 gratis
1436 1713 1593 1741 hominibus
1611 1721 1700 1741 rescr-

912 1765 984 1788 vata.
1002 1760 1145 1788 Gratitudo
1162 1765 1251 1787 autem
1264 1765 1326 1792 est,
1341 1766 1449 1787 servare
1460 1759 1621 1787 charitalem
1634 1767 1702 1796 erga

912 1814 974 1835 eum
989 1805 1037 1842 qui
1052 1805 1202 1834 exsistendi
1216 1805 1295 1833 nobis
1311 1809 1408 1833 auctor
1422 1805 1484 1832 fuit.

946 1852 993 1880 X1.
1014 1851 1093 1880 Unde
1107 1856 1170 1879 ante
1184 1852 1279 1880 omnia
1295 1851 1366 1879 scire
1387 1855 1503 1886 oportet.
1518 1858 1574 1878 non
1588 1850 1699 1878 aliunde

911 1898 1028 1926 inveniri
1051 1898 1193 1926 veritatem
1209 1918 1217 1932 ,
1253 1905 1336 1933 quam
1363 1905 1379 1924 a
1404 1897 1527 1925 veritatis
1553 1897 1700 1932 propheta.

911 1944 1046 1980 Propheta
1062 1948 1153 1972 autem
1165 1951 1247 1971 verus
1259 1943 1283 1971 is
1295 1947 1337 1971 est
1350 1943 1397 1978 qui
1410 1943 1501 1971 omnia
1513 1943 1636 1976 omnino,
1655 1947 1698 1970 at-

911 1998 964 2027 que
984 1991 1066 2018 etiam
1089 1994 1250 2018 cunctorum
1277 1989 1456 2025 cogitationes
1481 1989 1576 2023 novit,
1601 1994 1697 2024 estque

911 2036 1111 2073 impeccabilis,
1123 2040 1155 2064 ut
1167 2036 1214 2072 qui
1229 2036 1263 2064 de
1275 2035 1440 2071 Dei.judicio
1454 2035 1491 2063 sit
1504 2035 1696 2067 certissimus;

909 2085 1039 2119 quocirca
1051 2090 1103 2110 nos
1113 2082 1244 2110 debemus
1255 2082 1289 2110 de
1299 2082 1359 2117 ejus
1373 2082 1542 2118 praccientia
1557 2089 1612 2109 non
1627 2082 1695 2109 sim-

909 2131 1018 2166 pliciter
1037 2129 1173 2166 judicare,
1196 2128 1244 2157 sed
1260 2128 1284 2156 si
1297 2128 1401 2163 absque
1420 2128 1474 2155 alia
1495 2135 1578 2155 causa
1602 2128 1695 2155 consi-

909 2181 982 2204 stere
1003 2174 1272 2211 potestpraescientia
1284 2174 1380 2209 ipsius.
1395 2174 1524 2208 Quaedam
1538 2174 1610 2202 enim
1625 2181 1695 2208 prm-

909 2222 1004 2250 dicunt
1026 2221 1144 2255 medici,
1166 2221 1237 2256 quia.
1253 2220 1404 2255 subjectam
1426 2220 1569 2248 materiam
1594 2220 1695 2247 habent

906 2267 1064 2304 aegrotantis
1079 2266 1208 2302 pulsum;
1224 2266 1287 2294 item
1302 2266 1347 2293 alii
1358 2274 1432 2299 aves,
1448 2266 1494 2294 alii
1503 2265 1700 2297 victimas.alii

906 2314 974 2342 alias
986 2313 1087 2341 multas
1105 2317 1132 2340 et
1145 2312 1236 2340 varias
1256 2311 1386 2340 materias
1408 2312 1546 2347 subiectas
1557 2312 1623 2340 dum
1638 2312 1695 2345 .ha‘

910 2360 985 2394 bent,
1007 2359 1167 2396 pradicant,
1181 2367 1230 2386 nec
1248 2363 1312 2386 sunt
1326 2359 1473 2394 prophetae.

945 2406 1003 2434 XII.
1025 2405 1104 2439 Quod
1124 2405 1147 2434 si
1168 2405 1336 2441 quisdicere
1353 2406 1486 2439 voluerit,
1495 2404 1693 2440 praescieutiam

703 2472 822 2501 VARUE
853 2473 1056 2502 LECTIONES.

138 2524 167 2551 δέ
182 2524 350 2563 σᾶάἰᾶίρηο
365 2545 378 2563 ,_
389 2560 395 2563 _
409 2525 423 2552 ὃ
437 2526 515 2563 εἰδώς
523 2528 596 2563 conj.
613 2527 644 2555 D.

67 2558 178 2611 ξξῗῖῗῗλξέἷ
188 2562 220 2611 (ἴε
243 2558 546 2611 εἶἰξτκιίίῃιείθέὲ
558 2558 747 2611 ’ἓγέύψειιθε
759 2558 879 2611 δέυίτὶιίε
892 2565 1003 2611 δυχαῇν
1019 2567 1076 2611 (ιχ,
1096 2565 1123 2606 ,⁷⁷
1139 2558 1281 2611 συνζητεῖὶί
1298 2564 1347 2611 Gz.
1359 2567 1382 2611 ιζ

301 2596 334 2622 0.
373 2596 396 2611 ⁸⁸
412 2596 481 2623 ἀλλά
495 2605 550 2625 om.
563 2596 680 2626 Oi'Tuin
693 2599 767 2634 ὁμῶς
778 2599 797 2626 8
812 2619 819 2631 ,
831 2600 905 2634 ὅμως
918 2600 949 2634 C,
964 2599 998 2628 Ο.
1035 2600 1080 2626 ¹¹¹ό
1095 2596 1198 2628 inserui
1211 2596 1237 2627 ἐ.
1254 2599 1286 2627 0.
1325 2599 1347 2616 ⁸⁹
1357 2599 1421 2626 ἄλλο
1433 2596 1472 2626 υζ
1491 2596 1531 2614 ’⁸’
1543 2599 1592 2634 τήν
1606 2597 1637 2625 C.

67 2594 124 2628 (sic)
139 2594 180 2621 ὅτι
197 2602 226 2630 p.
243 2595 284 2622 ὃτι
301 2596 334 2622 0.

709 2530 730 2565 ’j
742 2529 893 2565 ἀνθρώπων
904 2530 1022 2558 accessit
1037 2537 1069 2557 ex
1081 2529 1115 2557 0.
1152 2530 1174 2546 ⁷⁸
1187 2529 1226 2556 lta-
1243 2529 1283 2561 δε,
1300 2529 1491 2565 συνενθυμήτω
1503 2528 1524 2555 C
1539 2527 1691 2565 ,συνενθο-

1101 2565 1123 2581 ⁷⁷
1139 2565 1279 2600 συνζητεῖν
1298 2564 1333 2600 (3.7
1368 2565 1404 2600 ΠΨ
1417 2563 1525 2600 τολμᾷν
1542 2564 1573 2600 0,
1611 2563 1646 2600 _'”
1658 2565 1689 2596 εχ

707 2664 885 2694 VARIOliUM
902 2666 1019 2695 ΝΟΤΑΞ.

61 2773 112 2802 πης
126 2765 173 2802 καὶ
189 2763 282 2802 φὸᾷρυ-
294 2763 360 2800 περὶ
375 2764 451 2802 εξερνξ
468 2770 520 2792 etc.
538 2765 590 2802 Τοῦ
608 2766 684 2799 ἁγίου
695 2766 850 2802 Κλήμεντος

59 2799 366 2861 ἐπισκόπουΙῬώμὲς..
382 2799 525 2835 Αὐτάρκης
545 2801 598 2842 εἰς.
609 2799 785 2836 σωτηρίανἾ]
810 2803 850 2833 εὶς

59 2835 120 2861 Θεὸν
135 2835 294 2861 ἀνθοωιων
334 2842 418 2861 γαπη.
437 2835 650 2861 Εὺγνωμοσυνηε
666 2837 719 2861 vdo
742 2837 807 2861 ἐστι.
821 2837 850 2861 τὸ

58 2835 120 2863 θεὸν
135 2835 294 2871 ἀνθρώπων
316 2835 418 2869 ἀγάπη.
437 2835 650 2871 Εὺγνωμοσύνης
666 2835 719 2872 γάρ
742 2835 807 2870 ἐστι,
821 2837 850 2863 τὸ

901 2767 972 2811 προς
984 2767 1091 2811 τὺνὶτοῦ
1110 2765 1182 2810 εἶναι
1199 2766 1544 2811 ήμᾱςαῖτιιονβποσώέειν
1562 2768 1694 2811 σῐοργήν-

904 2800 947 2836 ὑίρ¹
958 2800 991 2838 ἦς
1001 2803 1046 2829 καὶ
1056 2803 1094 2834 εὶς
1108 2800 1232 2839 δεύτερον
1242 2804 1288 2830 καὶ
1297 2803 1391 2839 ἀγήρω
1400 2801 1484 2829 αἰῶνα
1493 2800 1695 2838 διασωζόμεθα.

901 2837 954 2865 Ιιιΐ.
964 2846 1024 2873 cap.
1039 2838 1080 2864 10.
1094 2838 1161 2866 Cur.
