1942 3100
264 135 313 163 125

259 192 344 219 clavis
361 191 447 225 regni,
463 191 513 218 hoc
533 194 574 217 est
587 189 718 224 cognitio,
732 196 793 223 quae
807 189 864 216 sola
875 192 961 222 potest
977 195 1040 222 apc-
1056 180 1076 208 Α

261 238 315 264 rire
331 237 393 264 vita:
415 241 518 271 portam
530 256 537 268 ,
551 243 599 270 per
614 243 697 270 quam
712 236 798 262 solam
816 235 842 261 in
857 235 940 261 vitam
965 238 1042 261 aeter-

260 291 323 310 nam
347 283 429 310 datur
450 282 565 317 ingredi.
582 280 634 309 Sed
647 281 686 308 ait
703 291 709 307 :
727 280 798 307 Sane
812 281 915 307 clavem
932 279 1041 314 quidem

261 327 413 364 possident,
429 333 457 356 at
469 328 574 356 intrare
587 327 741 355 volentibus
756 334 810 354 non
823 326 954 361 praebent.

297 454 367 483 XIX.
387 454 502 490 Propter
516 456 579 489 hoc,
594 456 718 490 inquam,
734 456 792 491 ipse
806 464 822 484 e
839 456 968 483 cathedra
981 464 1043 483 sur-

261 508 338 534 gens,
352 501 424 528 velut
439 506 514 536 pater
526 510 575 536 pro
589 502 661 533 liliis.
676 509 736 536 qua:
750 510 765 529 a
780 502 880 530 saeculo
894 503 921 529 in
935 503 1042 530 occulto

260 546 350 582 dignis
365 552 428 575 sunt
440 548 536 574 tradita
551 548 711 582 prmdicans,
727 548 941 576 misericordiam
957 556 1044 583 usque

261 592 295 619 ad
314 592 388 627 ipsas
410 598 503 629 gentes
528 594 695 627 extendens,
719 594 901 629 misertusque
921 594 1041 621 omnium

261 638 415 666 animarum
428 659 436 671 ,
457 640 597 674 proprium
621 639 782 673 sanguinem
804 640 931 674 neglexit.
948 639 1042 666 Fuluri

260 684 360 719 quippe
375 685 468 712 szecnli
485 693 531 712 rex
546 693 606 712 esse
627 690 790 713 consecutus
805 685 877 713 circa
893 686 944 713 hoc
958 694 1042 713 saecu-

260 730 334 763 lum,
350 731 423 765 quod
448 731 507 766 lege
525 732 628 766 accepit
646 740 776 766 regnum,
798 736 941 759 accuratus
960 737 1000 759 est
1015 732 1042 759 in

262 776 416 810 promissis.
433 776 565 811 Quodque
587 785 649 804 eum
672 777 790 804 maxime
810 778 970 810 contristat,
992 778 1043 805 hoc

260 825 317 854 est,
339 822 468 857 quoniam
491 823 525 850 ab
547 823 581 850 iis
600 831 646 858 per
663 823 843 858 ignorantiam
860 829 1042 859 oppugnatur.

260 873 369 902 propter
391 875 462 902 quos
486 873 615 904 tanquam
639 869 708 896 ﬁlios
728 869 828 896 bellum
843 871 971 905 suscepit.
987 869 1040 897 νε·
1057 863 1078 890 Β

261 920 414 941 rumtamen
432 915 513 942 etiam
529 923 623 942 osores
641 916 752 947 dilexit.
778 916 852 944 ﬂevit
875 916 1040 949 incredulos,

262 960 399 988 benedixit
426 961 658 994 conviciantilms,
684 966 711 989 et
735 963 824 990 oravit
840 970 889 997 pro
911 963 1039 990 inimicis.

261 1007 353 1042 Neque
368 1008 458 1035 solum
480 1009 531 1036 ista
548 1013 576 1034 ut
591 1013 666 1043 pater
686 1007 760 1040 fecit,
776 1008 822 1035 sed
845 1012 872 1035 et
895 1008 1042 1042 discipulos

260 1061 335 1086 suos,
348 1053 459 1081 aﬂ'ectos
474 1058 503 1080 ut
516 1062 579 1088 erga
597 1053 705 1087 fratres,
718 1053 817 1081 similia
833 1053 923 1081 facere
939 1054 1040 1080 docuit.

260 1099 318 1127 lloc
332 1106 416 1133 pater.
434 1100 486 1127 hoc
503 1100 651 1135 propheta;
679 1101 731 1128 hoc
754 1100 853 1127 rationi
868 1104 910 1127 est
927 1107 1043 1127 consen-

261 1150 391 1179 taneum,
405 1146 481 1173 illum
504 1147 562 1173 suis
578 1147 640 1173 ﬁliis
653 1146 803 1181 imperare,
825 1150 856 1173 ut
879 1153 928 1180 per
957 1146 1043 1180 patris

260 1200 324 1226 erga
338 1193 409 1219 tilios
431 1200 563 1222 amorem.
580 1200 683 1227 perque
699 1192 810 1219 insitum
826 1192 956 1219 honorem
972 1191 1042 1218 ﬁlio-

261 1246 321 1265 rmu
343 1246 406 1273 erga
432 1242 553 1272 patrem,
577 1238 644 1265 oriri
670 1231 756 1272 pﬁsit
777 1242 876 1264 aeterna
897 1244 960 1272 pax.
974 1236 1042 1264 Cum

261 1285 333 1311 enim
355 1285 444 1311 bonus
471 1284 605 1318 imperat,
621 1283 691 1318 apud
714 1283 852 1318 subjectos
867 1291 962 1310 verum
978 1291 1044 1318 gau-

261 1330 335 1357 dium
351 1330 387 1356 ob
400 1330 591 1364 imperatorem
609 1329 745 1357 nascitur.

296 1416 356 1444 XX.
380 1415 478 1443 Verum
499 1417 531 1444 ad
554 1417 672 1451 primum
694 1417 816 1444 veritatis
832 1417 1048 1445 sermoncmred—

260 1474 304 1493 eo.
337 1462 366 1490 Si
380 1463 417 1490 illi
430 1462 546 1494 homini,
561 1463 608 1497 qui
621 1462 667 1489 Dei
682 1463 809 1490 manibus
820 1463 969 1497 productus
983 1463 1043 1495 fuit,

264 1508 332 1535 nolit
346 1508 408 1543 quis
430 1508 581 1535 concedere
595 1512 626 1535 ut
642 1513 766 1535 sanctum
790 1508 892 1535 Christi
918 1508 1042 1543 spirituum

264 1554 401 1588 habuerit,
416 1561 472 1589 quo
487 1558 576 1588 pacto,
593 1554 616 1581 si
630 1554 708 1581 alteri
719 1562 752 1581 ex
765 1553 871 1588 impura
884 1554 968 1588 stirpe
980 1559 1044 1581 nato

262 1601 385 1628 eumdem
401 1600 569 1628 concesserit
583 1601 693 1632 habere,
709 1608 765 1627 non
785 1600 932 1635 plurimum
944 1600 1044 1634 impius

263 1650 301 1672 cst
311 1647 322 1672 Υ
332 1645 447 1672 Maxime
461 1653 525 1673 vero
540 1647 601 1681 pius
617 1645 709 1679 fuerit,
725 1646 748 1674 si
764 1646 842 1673 alteri
856 1645 965 1680 quidem
981 1653 1043 1673 eum

263 1691 387 1724 spiritum
402 1699 455 1718 non
468 1691 604 1724 tribuerit,
617 1691 663 1719 sed
678 1691 702 1718 ei
714 1691 764 1719 soli
777 1691 934 1726 assignarit,
949 1691 996 1725 qui
1011 1691 1045 1718 ab

264 1737 341 1764 initio
366 1737 457 1764 sa-cnli
469 1757 476 1769 ,
494 1737 594 1764 formas
611 1745 665 1764 una
678 1745 741 1764 cum
756 1737 912 1764 nominibus
926 1741 1044 1770 mutans,

263 1783 393 1816 pt'l‘t’l't'l‘il
408 1783 547 1816 saeculum,
563 1783 648 1810 donec
659 1787 756 1810 nactus
770 1791 818 1810 sua
834 1787 966 1817 tempora,
980 1789 1044 1817 pro-

265 1834 325 1863 pter
347 1829 455 1857 labores
471 1829 517 1856 Dei
533 1829 722 1856 misericordia
737 1834 840 1856 unctus
852 1850 859 1861 ,
882 1829 1003 1863 requiem
1018 1828 1045 1855 in

264 1879 396 1902 aeternum
413 1875 561 1910 possideat.
583 1874 633 1903 Hic
648 1876 753 1902 honore
767 1875 886 1902 donatus
901 1878 943 1902 est
962 1874 1047 1909 impe-

263 1921 340 1948 randi
349 1926 376 1948 et
386 1921 545 1948 dominandi
555 1921 694 1954 omnibus,
706 1929 768 1955 quae
778 1925 921 1948 versantur
934 1920 960 1947 in
973 1927 1045 1952 aere,

264 1972 337 1995 terra
352 1972 379 1995 et
393 1968 472 2002 aquis
486 1977 492 1994 :
508 1968 541 1995 ad
559 1968 616 1995 hmc
638 1967 725 2002 ipsius
741 1974 756 1994 a
778 1974 834 2001 quo
853 1967 936 1993 homo
958 1964 1046 1992 factus

263 2017 306 2040 est
328 2013 419 2040 ﬂatum
445 2013 550 2045 habuit,
573 2013 671 2040 animae
686 2012 813 2048 infragile
835 2012 1046 2044 vestimentum,

263 2066 319 2093 quo
331 2059 495 2086 immortalis
509 2067 570 2086 esse
582 2063 684 2093 posset.

300 2104 371 2132 XXI.
393 2104 477 2137 Idem,
494 2105 541 2140 qui
563 2105 638 2132 solus
653 2113 734 2132 verus
759 2105 893 2140 propheta
910 2108 962 2138 est,
986 2103 1047 2131 uni-

266 2150 366 2184 cuique
378 2150 488 2178 animali
503 2155 564 2185 apte
576 2150 609 2178 ad
625 2155 761 2183 naturam,
777 2150 848 2178 sicut
858 2150 917 2184 ejus
930 2154 1045 2182 creator,

1057 1529 1079 1558 (Ξ

686 133 714 161 S.
736 132 932 161 CLEMENTIS
947 132 956 158 ι
974 131 1057 159 “OM.
1078 131 1176 158 PONT.
1195 130 1310 158 OPEBA
1327 129 1440 157 DUBIA.

1828 128 1878 157 ηι

1091 187 1214 213 ἀκούετε
1238 185 1345 212 αὐτῶν.
1369 186 1472 213 Αὐτῶν
1493 185 1540 217 δέ,
1565 183 1650 217 εἶπεν,
1666 185 1704 216 ὡς
1716 184 1767 221 τὴν
1788 186 1880 212 κλεῖδα

1092 231 1143 266 τῆς
1164 231 1300 266 βασιλείας
1323 231 1562 267 πεπιστευμένων,
1585 231 1647 266 ἥτις
1660 231 1718 257 ἐστὶ
1736 230 1846 266 γνῶσις,
1861 231 1879 266 ἢ

1094 277 1161 312 μόνη
1174 277 1223 312 τὴν
1242 277 1329 312 πύλην
1351 277 1400 312 τῆς
1419 276 1491 312 ζωῆς
1515 277 1617 309 ἀνοῖξαι
1642 277 1773 308 δύναται,
1795 277 1829 303 δι’
1845 273 1880 311 ἧς

1095 323 1178 358 μόνης
1193 324 1233 355 εἰς
1252 323 1301 358 τὴν
1325 323 1435 349 αἰωνίαν
1456 322 1528 358 ζωὴν
1548 322 1676 349 εἰσελθεῖν
1692 323 1776 349 ἔστιν.
1798 322 1881 348 Ἀλλὰ

1092 369 1146 401 ναὶ,
1161 369 1254 404 φησὶν,
1270 369 1400 404 κρατοῦσι
1417 368 1465 404 μὲν
1476 368 1497 384 ¹⁰
1511 369 1560 404 τῆν
1576 369 1660 400 κλεῖν,
1674 369 1729 399 τοῖς
1743 368 1771 394 δὲ
1785 367 1879 402 βουλο-

1095 416 1184 451 μένοις
1197 415 1327 442 εἰσελθεῖν
1342 415 1371 441 οὺ
1388 414 1561 450 παρέχουσιν.

1126 460 1198 488 XIX.
1218 460 1267 487 Διὰ
1281 460 1371 492 τοῦτο,
1391 461 1472 495 φημὶ,
1488 459 1569 491 αὐτὸς
1581 459 1632 494 τῆς
1651 458 1784 494 καθέδρας
1799 459 1881 493 ἐγερ-

1093 506 1149 537 θεὶς
1162 506 1194 537 “,
1209 506 1247 538 ὼς
1262 506 1352 541 πατὴρ
1375 505 1445 540 ὑπὲρ
1463 505 1580 536 τέκνων,
1596 504 1631 531 τὰ
1645 505 1690 531 ἀπ’
1703 505 1724 520 ¹²
1738 504 1836 535 αἰῶνος
1850 504 1882 530 ὲν

1093 551 1205 588 κρυπτῷ
1223 551 1308 583 ἀξίοις
1323 551 1521 586 παραδιδόμενα
1544 550 1698 586 κηρύσσων,
1718 550 1814 586 μέχρις
1827 549 1881 576 αὐ-

1092 597 1146 624 τῶν
1161 597 1245 624 ἐθνῶν
1268 597 1314 623 τὸν
1338 597 1411 623 ἔλεον
1436 596 1564 623 ἐκτείνων
1593 596 1639 622 καὶ
1660 595 1748 630 ψυχὰς
1770 596 1882 622 πάντων

1093 643 1186 675 ἐλεῶν,
1205 642 1269 668 ἰδίου
1284 642 1398 677 αἵματος
1418 641 1524 677 ἡμέλει.
1545 641 1693 672 Μέλλοντος
1711 640 1766 676 γὰρ
1782 640 1883 671 αἰῶνος

1094 688 1220 723 βασιλεὺς
1242 686 1309 714 εἶναι
1325 687 1527 722 κατηξιωμένος
1552 687 1621 722 πρὸς
1639 687 1683 713 τὸν
1706 686 1753 713 νῦν
1776 687 1884 722 ὲμπρό-

1094 734 1194 769 θεσμος
1206 734 1227 749 ¹³
1243 733 1428 769 παρειληφότα
1443 733 1517 768 νόμῳ
1539 733 1587 768 τὴν
1614 732 1760 767 βασιλείαν.
1777 733 1834 758 Καὶ
1849 732 1884 758 τδ

1095 779 1220 814 μέγιστον
1235 780 1303 815 ὅπερ
1313 779 1394 805 αὐτὸν
1408 778 1466 805 λίαν
1477 778 1570 805 ἐλύπει
1584 779 1641 805 ἐστὶ
1653 779 1741 810 τοῦτο,
1753 779 1794 805 ὄτι
1808 778 1884 814 ὑπὲρ

1092 821 1129 851 ὧν
1143 825 1180 856 ὡς
1192 825 1293 852 τέκνων
1306 825 1356 860 τὴν
1371 824 1459 860 μάχην
1469 825 1594 856 ἐποιεῖτο,
1610 825 1655 851 ὑπ’
1668 824 1756 851 αὐτῶν
1770 825 1883 858 ἀγνοίας

1092 871 1166 906 αἰτίᾳ
1180 871 1347 906 ἐπολεμεῖτο.
1363 870 1418 897 Καὶ
1435 871 1510 906 ὅμως
1525 871 1620 905 ἠγάπα
1636 870 1682 897 καὶ
1695 871 1758 901 τοὺς
1770 869 1885 905 μισοῦν-

1092 926 1150 949 τας,
1165 918 1211 944 καὶ
1225 917 1315 943 ἔκλαιε
1327 917 1349 932 ⁸⁸
1358 918 1421 949 τοὺς
1435 916 1623 949 ἀπειθοῦντας,
1635 917 1682 944 καὶ
1698 917 1803 950 εὐλόγει
1816 917 1885 948 τοὺς

1093 962 1284 998 λοιδοροῦντας,
1293 962 1391 998 ηὔχετο
1399 962 1469 998 ὑπὲρ
1480 962 1525 997 ὲχθ
1530 962 1681 998 ραινόντων.
1692 962 1747 988 Καὶ
1756 962 1787 988 οὺ
1800 962 1883 996 μόνον

1092 1009 1177 1034 ταῦτα
1198 1009 1285 1035 ὲποίει
1304 1008 1342 1039 ὡς
1360 1008 1460 1044 πατὴρ,
1476 1007 1544 1034 ἀλλὰ
1558 1007 1604 1034 καὶ
1617 1007 1680 1039 τοὺς
1694 1007 1775 1033 αὑτοῦ
1790 1007 1882 1042 μαθη-

1092 1053 1183 1086 τὰς¹⁵,
1206 1054 1244 1086 ὡς
1260 1054 1328 1090 πρὸς
1343 1053 1474 1089 ἀδελφοὺς
1490 1053 1615 1089 ἔχοντας,
1637 1052 1672 1080 τὰ
1691 1054 1772 1088 ὅμοια
1793 1055 1885 1080 ποιεῖν

1093 1099 1240 1126 ἐδίδασκεν.
1255 1099 1311 1134 88
1327 1099 1411 1125 Τοῦτο
1427 1100 1527 1135 πατὴρ,
1544 1099 1623 1125 τοῦτο
1635 1100 1786 1135 προφήτης·
1801 1099 1885 1126 τοῦτο

1093 1145 1202 1179 εὔλογον
1216 1146 1246 1172 τὸ
1259 1145 1338 1171 αὐτὸν
1353 1145 1425 1172 ἰδίων
1438 1145 1539 1172 τέκνων
1555 1145 1724 1180 βασιλεῦσαι,
1743 1146 1786 1172 ἵνα
1800 1147 1834 1181 τῇ
1849 1146 1884 1172 ὲκ

1094 1191 1196 1226 πατρὸς
1209 1191 1277 1227 πρὸς
1293 1191 1376 1218 τέκνα
1394 1192 1494 1226 στοργῇ
1509 1191 1556 1217 καὶ
1569 1191 1622 1217 τῶν
1636 1191 1737 1217 τέκνων
1751 1191 1821 1226 πρὸς
1835 1191 1884 1217 τὸν

1095 1236 1201 1272 πατέρα
1217 1236 1361 1271 ὲνδιαθέτῳ
1384 1238 1450 1272 τιμῇ
1472 1235 1611 1268 αἰώνιος¹⁶
1634 1237 1728 1271 εἰρήνη
1753 1236 1884 1270 γενέσθαι

1094 1281 1203 1317 δυνηθῇ.
1219 1281 1272 1308 Τοῦ
1286 1281 1340 1317 γὰρ
1356 1282 1465 1316 εὐλόγου
1479 1281 1679 1317 βασιλεύοντος,
1694 1281 1740 1308 ἐπὶ
1752 1282 1817 1313 τοὺς
1831 1281 1884 1316 βα-

1096 1327 1284 1363 σιλευομένους
1299 1327 1401 1364 ἀληθὴς
1416 1327 1488 1363 χαρὰ
1502 1327 1566 1363 περὶ
1579 1327 1626 1354 τοῦ
1640 1327 1827 1362 βασιλεύοντος
1841 1327 1885 1361 τίς

1095 1382 1178 1400 νεται.

1129 1418 1188 1446 ΧΧ.
1205 1419 1278 1455 Πλὴν
1292 1419 1338 1446 ἐπὶ
1347 1419 1392 1446 τὸν
1403 1418 1510 1455 πρῶτον
1523 1419 1572 1454 τῆς
1582 1419 1711 1455 ἀληθείας
1721 1419 1851 1447 ἐπάνειμι
1862 1420 1883 1434 "

1095 1465 1183 1499 λόγον.
1205 1465 1267 1491 Ἐὰν
1281 1461 1320 1501 τῷ
1334 1465 1387 1492 ὑπὸ
1406 1465 1505 1500 χειρῶν
1528 1464 1595 1491 Θεοῦ
1616 1465 1812 1500 κυοφορηθέντι
1835 1465 1885 1491 ἀνα

1096 1510 1197 1546 θρώπῳ
1212 1510 1242 1536 τὺ
1258 1511 1335 1545 ἆγιον
1353 1510 1470 1546 Χριστοῦ
1498 1511 1535 1546 μὴ
1614 1519 1656 1542 τις
1677 1510 1748 1545 ἔχειν
1762 1510 1882 1545 πνεῦμα,

1097 1556 1155 1588 πῶς
1169 1556 1254 1592 ἑτέρῳ
1267 1557 1320 1583 τινὶ
1334 1557 1366 1583 ὲκ
1382 1557 1505 1592 μυσαρᾶς
1519 1556 1645 1590 σταγόνος
1658 1557 1832 1591 γεγενημένῳ
1848 1556 1889 1582 δι-

1094 1602 1156 1634 δοὺς
1169 1602 1241 1637 ἔχειν
1255 1602 1286 1628 οὐ
1298 1601 1333 1629 τὰ
1353 1602 1467 1637 μέγιστα
1481 1602 1592 1634 ἀσεὸεϊ;
1607 1601 1648 1628 Τὰ
1662 1601 1691 1628 δὲ
1706 1602 1822 1637 μέγιστα
1837 1601 1887 1628 εὑ-

1096 1647 1212 1680 σεϐεῖίδ,
1229 1647 1275 1674 ἐὰν
1295 1647 1381 1683 ἑτέρῳ
1406 1648 1454 1682 μὲν
1473 1647 1510 1683 μὴ
1527 1647 1582 1683 δῴη
1592 1647 1613 1663 ¹⁹
1627 1647 1713 1682 ἔχειν,
1730 1648 1834 1673 ἐκεῖνον
1854 1646 1884 1673 δὲ

1098 1694 1176 1730 μόνον
1191 1694 1263 1730 ἔχειν
1275 1694 1360 1728 λέγοι,
1377 1693 1406 1725 ὃς
1420 1694 1467 1720 ἀπ’
1479 1693 1565 1729 ἀρχῆς
1576 1693 1671 1724 αἰῶνος
1683 1691 1738 1727 (6‘2)
1753 1692 1812 1728 ἅμα
1825 1693 1886 1724 τοῖς

1095 1741 1207 1776 ὀνόμασι
1225 1739 1331 1776 μορφὰς
1352 1739 1492 1766 ἀλλάσσων
1505 1739 1551 1766 τὸν
1569 1738 1654 1765 αίῶνα
1667 1738 1768 1774 τρέχει,
1785 1738 1887 1773 μέχρις

1096 1786 1140 1812 ὅτε
1164 1786 1235 1812 ἰδίων
1257 1786 1360 1821 χρόνων
1381 1785 1487 1820 τυχὼν,
1512 1784 1556 1811 διὰ
1576 1785 1639 1816 τοὺς
1657 1784 1794 1819 καμάτους
1813 1784 1887 1810 Θεοῦ

1096 1831 1164 1858 ἐλέει
1187 1831 1322 1866 χρισθεὶς,
1337 1831 1376 1862 είς
1391 1831 1435 1857 ἀεὶ¹
1445 1831 1467 1846 ¹⁰
1482 1830 1538 1863 ἕξει
1551 1830 1600 1866 τὴν
1614 1829 1774 1856 ἀνάπαυσιν.
1796 1826 1886 1860 Οὗτος

1096 1878 1189 1912 ἄρχειν
1211 1886 1241 1904 τε
1261 1877 1307 1904 καὶ
1328 1876 1463 1913 κυριεύειν
1478 1876 1585 1903 πάντων
1598 1876 1651 1902 τῶν
1665 1877 1694 1903 ὲν
1708 1875 1768 1911 ἀέρι
1782 1875 1832 1901 καὶ
1847 1877 1885 1910 γῇ

1097 1924 1143 1950 καὶ
1152 1923 1172 1939 ²¹
1194 1923 1272 1949 ὕδασι
1285 1923 1442 1958 τετίμηταιο
1460 1923 1528 1958 πρὸς
1542 1923 1646 1954 τούτοις
1659 1922 1688 1948 δὲ
1702 1921 1783 1948 αὑτοῦ
1798 1921 1849 1948 τοῦ
1862 1923 1888 1938 "

1097 1969 1275 2004 πεποιηκότος
1290 1969 1336 1995 τὸν
1351 1969 1494 2005 ἄνθρωπον
1517 1969 1565 2004 τὴν
1589 1969 1672 2004 πνοὴν
1691 1967 1777 2003 ἔσχεν,
1792 1967 1886 2002 ψυχῆς

1097 2015 1233 2052 ἄρρηκτον
1247 2014 1403 2051 περιϐολὴν,
1419 2015 1494 2046 ὅπως
1506 2014 1640 2046 ἀθάνατος
1652 2012 1721 2040 εἶναι
1734 2013 1848 2048 δυνηθῇ.

1132 2101 1204 2130 XXI.
1224 2099 1308 2133 Οὗτος
1325 2101 1406 2133 αὐτὸς
1426 2102 1504 2137 μόνος
1521 2101 1624 2136 ἀληθὴς
1637 2099 1759 2136 ὑπάρξας
1775 2100 1888 2134 προφή-

1098 2157 1147 2183 της
1162 2147 1216 2184 (65)
1235 2147 1342 2182 ἑκάστῳ
1356 2146 1416 2182 ζώῳ
1430 2148 1489 2173 κατ’
1504 2146 1580 2178 ἀξίαν
1593 2146 1642 2182 τῆς
1655 2145 1775 2181 φύσεως,
1790 2145 1888 2178 καθὼς

265 2196 375 2231 propria
395 2196 526 2232 imposuit
546 2197 667 2224 nomina.
690 2197 768 2230 Quod
791 2198 863 2224 enim
883 2195 1044 2228 nominavit,

1098 2195 1112 2220 ό
1134 2193 1290 2229 πεποιηκὼς
1310 2193 1390 2220 αὑτὸν
1400 2193 1433 2225 ’⁸,
1448 2192 1555 2224 οἰκείως
1576 2191 1681 2219 τέθεικε
1698 2191 1732 2218 τὰ
1751 2190 1886 2226 ὀνόματα.

894 2252 1014 2280 νΑιιιιΕ
1046 2249 1247 2279 LECTIONES.

298 2300 324 2337 '_'
339 2299 377 2327 lta
395 2300 417 2328 0
439 2309 464 2329 c.
481 2309 567 2337 marg.
583 2301 625 2334 Ci,
642 2302 669 2329 in
681 2302 736 2337 cuj.
757 2305 830 2329 textu
843 2300 1008 2337 κρατοῦμεν.
1019 2298 1082 2337 pl'r.

1097 2298 1163 2325 Luc.
1180 2296 1280 2328 “.52;
1291 2295 1667 2329 Matth.xxm,’l5.Credner,
1681 2293 1762 2321 Beitr.
1779 2293 1801 2325 1,
1817 2293 1886 2329 517.

268 2335 287 2351 ε·
303 2335 463 2369 Explanavit
483 2328 565 2364 ιιιιὴἕ
577 2328 668 2364 tot-im}
681 2328 740 2364 sua
756 2328 954 2364 εοιιιιριέιειιιηό
964 2334 1109 2371 vindicavit
1128 2332 1248 2371 _Baurius
1265 2331 1362 2371 apud.
1384 2328 1481 2371 ματρὶ.
1493 2330 1617 2371 Τυιιίφς.
1634 2330 1713 2361 «ειμι,
1736 2336 1763 2363 p.
1780 2328 1883 2370 snas.

268 2371 289 2385 ιι
307 2364 360 2396 at};
379 2371 411 2398 ο.
451 2372 472 2387 η
487 2372 650 2406 “genam”,
672 2372 694 2399 si
712 2372 777 2406 quid
791 2372 877 2406 video,
893 2369 1100 2406 ἐμπροθέσμωὲ
1114 2368 1156 2406 _At
1169 2367 1245 2406 deest
1258 2366 1370 2406 aliquid.
1384 2366 1413 2392 '0
1432 2366 1478 2406 νῦν
1491 2364 1687 2406 ἐμπροθέσμως
1708 2364 1888 2406 παρειληφὸρς

266 2405 340 2442 νόμῳ
355 2406 404 2441 τὴν
421 2399 558 2442 βασιλείᾷν
574 2414 616 2434 est
637 2399 771 2442 diabolus.
785 2405 827 2442 Cf.
846 2399 920 2442 bom'.
936 2399 981 2437 ιὰ,
996 2404 1022 2442 7.
1080 2399 1166 2430 Etiam
1190 2399 1327 2442 Ncander,
1345 2405 1374 2428 ut
1390 2404 1484 2442 postea
1501 2399 1635 2442 cognovi,
1648 2400 1720 2442 hunc
1736 2399 1887 2442 locunrsic

266 2434 395 2481 ρκίιίίεθίι
409 2434 502 2484 (ἱνιοξι-
517 2441 628 2484 Sat-.1»
645 2442 712 2484 “t-.
722 2441 785 2468 νοει
795 2441 945 2484 Emis?!
965 2434 1198 2484 adﬁrmet
1214 2434 1525 2484 ξὴξημέξιιῐὲξξῖιεξον
1539 2434 1721 2484 “.ειυ.ίξίὲ...ῖί1ει¹
1747 2434 1780 2483 ίξιτ
1794 2440 1886 2484 33:23

267 2471 572 2537 insequentilegiturfS.
593 2471 777 2512 ἕμπροθέσμω
793 2471 826 2503 Ο.
866 2476 887 2491 ³⁵
904 2475 1007 2502 ἐκλαίει
1022 2474 1053 2502 C.
1093 2471 1187 2512 "Vro‘t;
1212 2471 1294 2498 αὑτοῦ
1313 2471 1447 2506 μαθηταῖς
1474 2471 1508 2497 0.
1546 2471 1568 2510 ‘_'
1584 2471 1682 2509 αἰωνία
1698 2471 1729 2495 C.
1760 2471 1780 2512 ξ⁷
1794 2471 1866 2508 ὲπόρ

268 2518 312 2537 μοι
342 2526 348 2535 λ
364 2530 372 2537 .
388 2511 473 2537 tam
486 2521 528 2537 ιιοι
545 2511 574 2537 S.
614 2512 635 2527 ¹⁸
647 2511 744 2537 εὐσεϐῆ
760 2511 781 2537 C
807 2515 834 2537 et
849 2510 868 2537 S
882 2532 889 2537 .
905 2511 968 2537 licet,
981 2514 1102 2537 nostram
1116 2508 1258 2534 lectlonem
1273 2506 1452 2533 commendet.
1491 2505 1512 2521 ¹⁹
1531 2505 1569 2537 δῳ
1583 2503 1616 2531 Ο,
1638 2503 1703 2530 Dem
1723 2504 1763 2530 ἀπ
1795 2503 1866 2537 ἀρχῇ

268 2518 312 2544 μοι
328 2503 348 2537 C
364 2530 372 2542 ,
388 2503 473 2544 ἐφόρᾶ
486 2503 528 2544 μοι
545 2511 574 2538 S.
610 2503 635 2527 ἠ
647 2503 745 2544 ἑὺσεϐᾔ
760 2511 781 2537 C
807 2515 834 2537 et
849 2510 868 2537 S
882 2532 889 2543 ,
905 2511 968 2538 licet
981 2514 1102 2537 nostram
1116 2507 1258 2544 lectionem
1273 2503 1452 2544 commendet.
1491 2505 1514 2544 Ἰ
1531 2504 1569 2540 δῷ
1577 2503 1616 2544 ρ,
1638 2503 1770 2544 D_ein__&-r:‘
1784 2503 1888 2544 ,ἀρχῇς

364 2530 372 2542 .
388 2511 473 2546 ὲφόρα
486 2521 528 2546 μοι
545 2511 574 2538 S.
614 2512 635 2527 ¹⁸
647 2511 750 2573 εύοέϐῐη.ι
760 2511 781 2537 C

368 2547 494 2573 άπαογῆς
508 2547 539 2573 C.
592 2547 614 2562 ²⁰
630 2546 715 2573 είσαεί
754 2567 760 2572 .

267 2545 295 2582 ξ,
308 2544 329 2571 υ
345 2565 352 2576 ,
368 2544 494 2582 ἀπαρχῆς
508 2547 539 2573 C.
592 2547 614 2562 ²⁰
630 2546 715 2582 είσαεί

796 2546 819 2562 ¹¹
836 2539 889 2572 καί
899 2553 924 2573 c.
939 2545 962 2572 0
976 2565 984 2577 ,
998 2545 1075 2572 deest
1095 2544 1123 2571 iu
1136 2541 1196 2577 cod.
1214 2540 1294 2577 Hom_
1309 2539 1526 2577 Paris.}_este_C.

1474 2469 1508 2497 0.
1546 2467 1570 2484 ¹⁶
1584 2470 1682 2496 αἰωνία
1698 2468 1729 2495 C.
1760 2468 1780 2483 "
1794 2467 1888 2502 ὲπόρα

1850 2525 1885 2564 ὐῖ

1577 2539 1599 2554 ¹¹
1617 2539 1664 2566 τοῦ
1679 2539 1791 2573 adiunxi
1810 2546 1835 2564 c.

267 2572 655 2617 Lien}'deineeps'palmariam
667 2572 780 2616 largitus
793 2586 834 2609 est
850 2572 1067 2616 Ιουιξνᾶῤῥηκτον
1087 2586 1115 2614 p.
1138 2576 1257 2612 άρῤητον
1273 2575 1352 2612 Vulg.
1390 2574 1458 2602 "Ita
1473 2575 1504 2608 C,
1519 2574 1542 2602 0
1557 2594 1565 2606 ,
1580 2574 1645 2601 αὑτό
1660 2572 1803 2609 legendum
1818 2580 1884 2600 cen-

268 2620 308 2641 sct
323 2613 352 2641 S.

906 2668 1086 2696 VARIORUM
1103 2668 1218 2698 ΝΟΤέΕ.

301 2717 356 2749 ((Ὦ)
376 2719 428 2750 ὀς
440 2718 491 2744 ἀπ’
507 2717 602 2752 ἀρχῆς
619 2716 742 2748 αὶῶνος,
767 2719 818 2743 etc.
840 2714 901 2742 Haec
912 2715 1050 2752 “conferas

268 2752 347 2778 Vt'lim
361 2749 422 2779 cuni
440 2749 601 2787 Epiphanio,
618 2752 713 2780 haeresi
728 2751 772 2782 30.
788 2759 848 2785 quae
859 2754 900 2777 est
912 2749 1051 2777 Ebionita-

268 2795 329 2814 rum
341 2795 400 2821 cap.
417 2788 444 2814 5.
458 2789 526 2815 (lor.

305 2821 361 2854 (65)
376 2819 598 2856 Μόνοςιὶληθὴς
614 2822 684 2855 imi!
693 2822 746 2854 ξας
760 2820 920 2856 προφήτης.
935 2819 1048 2846 Inferius

272 2863 329 2889 Vin,
358 2857 399 2883 itl.
428 2857 454 2884 Id
471 2866 578 2892 quoque
608 2858 780 2885 observatum
807 2866 831 2884 ιιι
861 2855 995 2882 Ebioua-is
1023 2859 1050 2881 ct

1105 2715 1250 2750 Sampsmis
1266 2724 1313 2743 seu
1333 2715 1457 2742 Elccsmis
1476 2714 1510 2741 ab
1525 2713 1694 2750 Epiphanio,
1709 2712 1781 2750 quod
1800 2712 1886 2750 Chri-

1103 2747 1179 2777 stunf
1197 2751 1222 2777 in
1243 2751 1347 2776 Adamo
1366 2754 1506 2784 ponerent.
1525 2747 1673 2784 Vidcueum
1687 2748 1740 2784 vol.
1754 2747 1815 2784 Lip.
1838 2747 1886 2778 55,

1103 2786 1164 2847 I271,
1182 2785 1243 2846 ἒϋοὶί,
1263 2786 1325 2819 Mil,
1339 2782 1400 2812 M32.
1419 2783 1573 2812 Periculose
1590 2782 1744 2811 Mcthodius
1761 2783 1887 2811 Convirii

1101 2828 1148 2848 ora
1164 2841 1169 2847 .
1203 2841 1209 2847 .
1238 2828 1262 2847 ιι.
