1942 3100
79 159 121 186 liti

655 160 885 189 CLEMENTINA.
907 175 938 180 —
958 159 1100 188 HOMILIA
1117 159 1160 187 Ill.

1671 159 1722 188 I30

82 218 158 254 χεὶαις
172 220 287 256 ἡδοναῖς
307 221 360 248 τοῦ
382 220 514 257 λογισμοῦ
538 220 586 256 τὴν
613 220 688 255 ἰσχὺν
706 219 878 249 ammon,

935 226 984 254 que
1007 219 1191 254 voluptatibus
1213 218 1268 246 vim
1292 217 1390 245 mentis
1405 215 1560 252 depmdata
1581 216 1673 252 plures
1694 217 1721 244 in

86 268 141 300 τοὺς
155 267 284 299 πλείονας
300 268 341 299 εἰς
361 267 485 303 μοιχείαν
499 267 569 301 ἀγει,
585 267 632 293 καὶ
647 266 733 297 οὕτως
754 265 801 292 τοῦ
818 265 881 300 μέλ-

84 315 169 346 λοντος
185 314 272 340 καλοῦ
285 314 430 350 στερίσκει
454 313 580 349 νυμφίου.
598 312 700 348 Νύμφη
716 312 772 348 γάρ
794 313 851 338 ἐστι
866 313 881 338 ὁ

84 363 136 393 ’.ἐς
151 361 175 377 u
191 361 348 397 ἄνθρωπος,
365 361 467 387 ὑπάταν
489 359 537 386 τοῦ
564 358 681 395 ἀληθοῦς
702 359 725 374 ³³
742 359 880 394 προφήτου

81 408 172 444 λευκῷ
179 408 253 443 λόγῳ
262 407 395 442 ἀληθείας
405 406 581 442 σπειρόμενος
590 405 740 441 φωτίζηται
748 405 794 431 τὸν
807 404 878 431 νοῦν.

117 453 241 481 XXVIII.
256 453 302 481 Διὸ
312 453 336 469 ⁸⁵
350 454 410 485 ἑνὸς
428 453 508 489 μόνου
531 451 579 479 τοῦ
601 452 652 487 τῆς
672 451 799 487 ἀληθείας
814 459 881 487 προ-

80 501 171 536 φήτου
187 500 298 527 ἀκούειν
313 500 363 531 δεῖ,
381 499 470 526 εἰδότα
488 499 528 525 ὅτι
545 499 559 525 ὁ
574 499 638 532 παρ’
655 497 748 533 ἑτέρου
768 497 881 532 σπαρείς

80 546 173 581 λόγος,
189 546 312 582 μοιχείας
327 546 453 581 ἔγκλημα
464 544 554 572 λαϐὼν
569 545 602 577 ⁵⁸,
613 545 650 575 ὡς
666 544 718 570 ὑπὸ
732 544 847 578 νυμφίου
858 544 881 559 ⁸⁸

78 594 134 629 τῆς
153 593 295 629 βασιλείας
319 592 401 620 αὐτοῦ
416 591 585 618 ἐκϐάλλεται.
604 591 667 622 Τοῖς
685 590 714 616 δὲ
729 589 759 615 τὸ
776 590 880 625 μυστή-

81 647 141 676 ριον
157 640 259 667 εἰδόσιν
275 639 327 666 ὑπὸ
339 638 458 674 ψυχικῆς
477 637 598 673 μοιχείας
615 637 662 663 καὶ
680 636 794 667 θάνατος
808 635 881 670 γίνε-

77 695 139 713 ται.
161 686 281 713 Ὁπὰταν
293 686 315 701 ⁸⁷
331 686 348 720 ἠ
367 685 441 720 ψυχὴ
458 684 501 718 ὑφ’
515 683 616 719 ἐτέρων
639 683 742 718 σπαρῇ,
763 682 821 708 τότε
843 682 881 714 ὡς

77 731 262 767 πορνεύσασα
274 731 291 767 ἢ
306 730 505 766 μοιχευσαμένη
515 730 568 756 ὑπὸ
575 729 622 755 τοῦ
631 728 783 764 πνεύματος
797 728 879 762 έγκα-

76 778 256 808 ταλείπεται,
270 777 324 812 93
345 777 393 804 καὶ
413 775 499 808 οὕτως
522 776 552 802 τὸ
577 775 698 811 ἔμψυχον
721 775 811 811 σῶμα,
832 774 880 802 τοῦ

77 824 220 857 (onmno?)
248 824 402 859 πνεύματος
433 822 621 858 χωρισθέντος,
645 823 686 854 εἰς
704 822 728 838 ⁵¹³
748 823 798 858 γῆν
816 823 881 849 ἁναο

77 871 190 902 λύεται,
204 871 252 897 καὶ
273 870 320 896 τοῦ
343 870 539 905 ἁμαρτήματος
556 869 572 903 ὴ
596 869 655 895 κατ’
671 868 748 902 ἀξίαν
771 868 881 900 κόλασις
898 885 918 912 Β

77 918 110 943 ὲν
129 917 172 952 τῷ
194 917 247 952 τῆς
265 915 380 952 κρίσεως
399 915 487 952 καιρῷ
507 915 661 942 ἀποδίδοται
677 917 710 951 τῇ
723 916 795 952 ψυχῇ
815 916 882 952 μετὰ

77 964 131 998 τὴν
145 963 197 990 τοῦ
220 962 346 998 σώματος
362 962 500 989 ἀνάλυσιν
527 961 624 998 ὥσπερ
635 962 677 988 ἐπ’
695 962 844 997 ἀνθρώπων
865 963 881 997 ἡ

78 1010 128 1036 ἐπὶ
140 1009 254 1045 μοιχείᾳ
263 1008 422 1045 φωραθεῖσα
434 1007 540 1044 πρῶτον
552 1008 605 1035 τῶν
616 1009 697 1036 οἴκων
711 1008 880 1040 ἐκϐάλλεται,

80 1053 132 1082 εἷθ’
149 1055 267 1090 ὕστερον
283 1055 329 1081 ἐπὶ
343 1053 476 1091 καταδίκῃ
491 1055 622 1090 κρίνεται.

118 1101 220 1128 XXIX.
240 1101 295 1128 Τοῦ
311 1101 417 1137 Πέτρου
432 1101 526 1128 τοῦτον
542 1101 685 1136 μέλλοντος
694 1101 760 1137 ἡμῖν
771 1101 882 1133 τελείως

81 1148 226 1182 ὲκςνιαίνειν
243 1147 290 1175 τὸν
301 1148 432 1183 μυστικὸν
443 1148 520 1182 λόγον
531 1147 563 1180 ⁸⁸,
574 1148 708 1183 Ζακχαῖος
721 1145 773 1183 ἦκε
785 1147 880 1181 λέγων’

84 1195 157 1230 Ἤδη
176 1194 284 1226 λοιπὸν,
303 1191 325 1221 ὦ
340 1193 438 1229 Πέτρε,
452 1193 553 1230 ξκαιρὸς
567 1193 635 1229 πρὸς
649 1194 680 1220 τὸ
693 1193 812 1220 ἐκϐάντα
825 1193 882 1220 δια-

82 1240 216 1276 λεχθῆναί
231 1249 274 1267 σε.
291 1240 380 1272 Πολὺς
393 1239 448 1275 γὰρ
460 1239 506 1266 ἐπὶ
522 1239 572 1275 τῆς
583 1239 668 1275 αὐλῆς
681 1240 883 1276 συναθροισθεὶς

84 1287 220 1322 ἀναμένει
241 1295 272 1313 σε
293 1287 381 1322 ὄχλος,
405 1284 436 1313 οὗ
455 1287 484 1313 ὲν
507 1286 581 1321 μέσῳ
597 1286 636 1318 ὡς
648 1287 819 1322 πολέμαρχος
837 1287 882 1314 ὑπ’

85 1333 172 1360 αὐτοῦ
186 1333 423 1369 δορυφορούμενος
439 1333 539 1368 ἕστηκε
562 1332 664 1368 Σίμων.
688 1333 716 1360 '0
739 1333 768 1360 δὲ
781 1333 884 1369 Πέτρος

87 1380 218 1412 ἀκούσας,
235 1380 318 1415 εὐχῆς
328 1379 409 1415 χάριν
431 1379 582 1415 ὑποχωρεῖν
593 1379 616 1395 ⁶⁰
637 1388 682 1415 μοι
700 1379 831 1412 κελεύσας
845 1380 884 1412 ὡς

90 1427 174 1461 μήπω
186 1425 311 1461 είληφι
326 1425 358 1452 τὸ
370 1425 440 1461 πρὸς
451 1425 586 1460 σωτηρίαν
600 1425 751 1461 βάπτισμα,
764 1427 820 1458 τοῖς
831 1426 882 1462 ἤδη

88 1472 202 1503 τελείοις
217 1471 280 1507 ἔφη·
305 1471 478 1507 Ἑγερθέντες
491 1471 644 1508 εὐξώμεθα,
663 1472 706 1499 ἵνα
720 1473 734 1499 ὁ
747 1472 813 1504 Θεὸς
826 1474 884 1504 τοῖς

89 1517 278 1549 ἀνεκλείπτοις
289 1517 372 1545 αὐτοῦ
383 1518 534 1553 οἱκτιρμοῖς
544 1518 699 1555 συνεργήσῃ
710 1527 754 1553 μοι
763 1518 883 1554 ὁρμῶντι

91 1563 158 1598 πρὸς
174 1562 312 1598 σωτηρίαν
321 1571 375 1589 των
388 1563 434 1590 ὑπ’
445 1562 527 1589 αὑτοῦ
543 1553 705 1590 κτισθέντων
719 1553 881 1598 ἀνθρώπων.
896 1553 917 1582 C

90 1609 146 1635 Kal.
158 1608 239 1634 τοῦτ’
253 1608 274 1623 "
287 1608 372 1634 εἰπὼν
386 1607 544 1643 εὐξάμενος,
556 1608 629 1644 ἐξῄει
641 1609 681 1640 είς
695 1608 740 1635 τὸν
752 1608 882 1645 ὕπαιθρον

89 1654 140 1689 τῆς
156 1654 244 1689 αὐλῆς
274 1654 357 1681 τόπον
384 1654 472 1690 μέγαν
495 1655 578 1687 ὄντα,
596 1654 659 1681 ἔνθα
675 1654 883 1691 συνεληλυθότες

90 1697 160 1735 ἦσαν
172 1700 267 1727 πολλοὶ
279 1700 326 1727 τοῦ
339 1699 505 1727 ἐποπτεῦσαι
519 1700 609 1737 χάριν,
625 1701 673 1735 τῆς
687 1701 849 1737 διακρίσεως
861 1702 883 1717 θ’

91 1745 174 1772 αὑτοῦ
186 1746 236 1772 ἐπὶ
256 1746 288 1773 τὸ
310 1746 438 1773 σπεύδειν
463 1746 510 1773 τοῦ
532 1747 642 1774 ἀκούειν
659 1747 884 1785 σπουδαιοτέρους

91 1792 284 1828 πεποιηκυίας.

126 1839 210 1866 XXX.
229 1839 298 1871 Στὰς
310 1836 368 1871 οὖν,
393 1839 441 1866 καὶ
462 1839 523 1866 ίδὼν
542 1839 611 1876 μετὰ
628 1840 719 1877 πάσης
734 1841 757 1857 ⁸³
769 1841 883 1878 ἡσυχίας

91 1885 136 1912 τον
151 1886 244 1914 πάντα
257 1887 321 1914 λαὸν
335 1887 378 1918 εἰς
389 1886 470 1913 αὗσδν
484 1885 650 1919 ἀτενίζοντα,
667 1887 777 1922 Σίμωνα
793 1887 822 1914 δὲ
837 1888 883 1914 τὸν

92 1931 186 1966 Μάγον
203 1933 244 1964 εἰς
260 1932 343 1968 μέσον
358 1931 463 1958 ἑστῶτα
474 1951 481 1963 ,
503 1931 550 1958 τοῦ
565 1931 654 1966 λέγειν
668 1931 768 1967 ἤρξατο
786 1931 880 1964 οὕτως·

93 1977 194 2014 Εἰρήνη
209 1979 252 2013 εἴη
268 1979 350 2005 πᾶσιν
362 1978 428 2013 ὑμῖν
445 1979 501 2009 τοῖς
516 1978 631 2013 ἑτοίμως
644 1977 667 1993 ⁸⁸
685 1977 776 2013 έχουσι
793 1978 884 2011 δεξιὰς

91 2021 188 2050 διδόναι
201 2022 259 2058 94
271 2024 305 2058 τῇ
320 2022 367 2049 τοῦ
387 2023 456 2049 Θεοῦ
475 2022 596 2058 ἀληθείᾳ,
612 2023 645 2058 ἢν
661 2021 744 2049 αὑτοῦ
761 2023 883 2059 μεγάλην

93 2077 120 2095 τε
137 2070 183 2095 καὶ
196 2068 363 2103 ἀσύγκριτον
374 2069 402 2094 ὲν
416 2068 456 2104 τῷ
467 2068 514 2095 νῦν
528 2068 625 2104 κόσμῳ
640 2069 815 2105 ὑπάρχουσαν
833 2069 884 2097 δω-

95 2115 156 2150 ρεὰν
165 2115 180 2140 ὁ
195 2114 359 2146 ἀποστείλας
368 2114 452 2150 ἡμᾶς,
463 2114 510 2140 τοῦ
523 2115 551 2140 ὲν
562 2114 683 2151 ὑπεροχῇ
698 2115 883 2151 συμφέροντος

93 2160 209 2196 ἀψευδὴς
223 2160 354 2196 ὑπάρχων
369 2160 519 2196 προφήτης,
533 2159 635 2195 ταύτην
653 2161 718 2196 ἡμῖν
733 2161 883 2188 ἐνετείλατο

93 2206 228 2242 προφάσει
262 2205 448 2241 προσηγορίας
475 2205 527 2242 πρὸ
552 2205 607 2232 τῶν
638 2207 687 2241 τῆς
711 2206 883 2238 διδασκαλίας

93 2253 177 2286 λόγων
197 2252 263 2287 ὑμῖν
290 2251 514 2286 ἐπιφθέγγεσθαι,
538 2251 592 2284 ἵνα,
605 2251 653 2278 ἐὰν
706 2261 748 2284 τις
766 2253 795 2279 ὲν
816 2252 881 2288 ὑμῖν
898 2242 919 2269 θ

94 2299 201 2334 εἰρήνης
218 2297 325 2330 τέκνον,
336 2298 380 2324 διὰ
389 2298 439 2333 τῆς
458 2298 631 2330 διδασκαλίας
646 2299 724 2335 ἡμῶν
740 2299 881 2336 καταλάὸῃ

94 2343 170 2369 αὑτὸν
193 2343 212 2378 ἡ
230 2343 342 2378 εἰρήνη,
366 2342 437 2369 εἰδὲ
459 2342 560 2379 ταύτην
582 2343 674 2370 λαϐεῖν
689 2344 765 2379 ὑμῶν
776 2353 818 2376 τις
843 2345 881 2380 μὴ

94 2388 171 2419 θέλοι,
187 2388 249 2415 τότε
262 2389 343 2424 ἡμεῖς
353 2389 580 2425 ἀποτιναξάμενοι
600 2390 640 2421 είς
661 2391 813 2426 μαρτυρίαν
826 2391 881 2417 τῶν

95 2434 178 2460 ποδῶν
193 2434 273 2470 ἡμῶν
283 2434 329 2460 τὸν
343 2434 376 2462 ἐκ
391 2434 446 2461 τῶν
466 2435 533 2462 ὁδῶν
552 2436 700 2471 κονιορτὸν,
718 2437 748 2463 ὃν
762 2436 806 2464 διὰ
819 2438 884 2469 τοὺς

94 2479 230 2514 καμάτους
245 2479 430 2514 βαστάξαντες
443 2480 466 2498 ³⁸
476 2481 630 2516 ἠνέγκαμεν
645 2481 713 2516 πρὸς
724 2482 796 2517 ὑμᾶς
809 2482 884 2515 ὅπως

96 2526 207 2561 σωθῆτε,
224 2526 266 2557 είς
278 2525 382 2562 ἐτέρων
401 2525 526 2562 ἀπίωμεν
540 2526 628 2558 οἰκίας
637 2527 683 2553 καὶ
697 2527 797 2559 πόλεις.

128 2600 140 2614 ι
153 2593 249 2621 Matth.
264 2602 294 2629 x,
311 2587 454 2627 1'2;Marc.
466 2602 503 2626 v1,
520 2593 566 2629 ll;
579 2594 647 2622 Luc.
659 2603 687 2628 x,
703 2595 731 2622 5.

932 265 1099 292 adulterium
1120 264 1206 297 ducit,
1228 264 1323 298 sicque
1347 263 1436 298 privat
1458 262 1589 298 praeclaro
1607 270 1722 297 sponso,

930 318 1012 345 quem
1042 310 1160 338 habituri
1182 314 1270 337 erant.
1296 309 1364 336 Nam
1389 309 1502 344 quilibet
1521 308 1604 335 homo
1622 316 1722 343 sponsa

931 361 984 388 est,
1004 356 1114 392 quando
1125 356 1180 383 veri
1190 355 1328 391 propheta:
1342 355 1458 382 candido
1465 354 1587 381 veritatis
1597 361 1724 382 sermone

931 411 1096 438 conspersus
1113 407 1202 429 mente
1220 402 1401 429 illuminatur.

965 448 1084 476 XXVI“.
1106 449 1276 484 Quapropter
1306 456 1390 475 unum
1407 448 1496 475 solum
1510 447 1630 475 veritatis
1657 454 1722 482 pro-

930 495 1039 530 phetam
1056 495 1211 522 auscultarc
1239 498 1357 530 oportet,
1374 494 1571 528 scicndumque
1588 498 1630 521 est
1650 493 1722 528 quod

932 540 966 567 ab
978 541 1032 567 alio
1045 541 1197 568 seminatus
1211 548 1313 573 sermo,
1332 540 1457 568 adulterii
1473 545 1582 576 sumpto
1596 539 1722 571 crimine,

931 590 1060 621 tanquam
1075 594 1090 613 a
1107 594 1207 621 sponso
1222 594 1237 614 e
1256 594 1340 622 regno
1356 587 1415 622 ejus
1429 586 1549 620 ejicitur.
1573 585 1608 613 lis
1631 590 1722 613 autem

933 631 980 667 qui
995 632 1154 667 mysterium
1169 637 1370 667 cognoverunt,
1387 640 1435 667 per
1446 632 1545 659 animae
1559 633 1721 660 adulterium

931 683 958 706 et
972 687 1045 706 mors
1058 679 1200 714 contingit.
1215 678 1325 706 Scilicet
1333 686 1395 706 cum
1408 679 1499 706 anima
1515 679 1549 706 ab
1559 679 1620 706 aliis
1631 687 1722 706 semcn

931 725 1076 760 acceperit,
1095 730 1160 752 tunc
1176 725 1250 753 velut
1265 725 1397 753 fornicata
1413 730 1460 752 aut
1477 725 1640 752 adulterium
1656 733 1723 760 ope-

932 776 990 798 rata
1009 771 1143 799 deseritur
1162 779 1178 798 a
1194 772 1291 806 spiritu
1313 781 1320 798 :
1339 776 1420 807 atque
1443 772 1479 798 ita
1501 779 1601 807 corpus
1618 772 1724 801 anima-

932 822 1001 851 tum,
1019 819 1110 846 ablato
1122 818 1292 846 viviticatore
1307 818 1416 853 spiritu.
1433 818 1460 844 in
1476 822 1577 845 terram
1595 817 1723 845 dissolvi—

933 869 988 897 tur,
1007 869 1035 892 et
1049 864 1151 899 peccati
1173 864 1307 899 condigna
1333 863 1465 899 supplicia
1485 869 1608 899 tempore
1627 863 1723 899 judicii

932 911 1121 938 retribuuntur
1144 911 1242 937 animae
1259 915 1323 945 post
1347 910 1545 944 separationcm
1563 917 1579 937 a
1598 917 1721 945 corpore.

932 957 1167 992 Quemadmodum
1191 957 1261 984 inter
1291 956 1432 989 homines,
1451 963 1512 991 quae
1538 956 1565 982 in
1590 955 1724 984 adulterio

932 1004 1099 1039 deprehensa
1118 1008 1170 1036 est,
1185 1003 1304 1038 primum
1319 1002 1421 1030 aedibus
1442 1001 1560 1037 ejicitur,
1575 1009 1608 1029 ac
1626 1002 1724 1029 deinde

932 1050 1158 1078 condemnatione
1169 1049 1326 1077 mulctatur.

969 1097 1064 1127 XXIX.
1095 1099 1220 1134 Cumque
1248 1098 1345 1126 Petrus
1366 1099 1440 1126 hunc
1457 1098 1546 1133 ipsum
1574 1099 1721 1135 mysticum

932 1153 1085 1174 sermonem
1100 1144 1219 1180 perfecte
1238 1144 1319 1172 nobis
1343 1144 1533 1172 declaraturus
1546 1149 1636 1178 esset,
1655 1144 1724 1172 Zac-

933 1193 1025 1220 chreus
1037 1192 1111 1219 venit
1123 1191 1245 1226 dixitque
1261 1200 1268 1218 :
1283 1190 1343 1218 Jam
1358 1198 1441 1224 nunc,
1454 1190 1543 1223 Petrc,
1559 1196 1667 1226 tempus
1681 1196 1724 1218 est

934 1243 963 1266 ut
981 1246 1063 1266 exeas
1073 1237 1107 1266 ad
1121 1237 1322 1265 disserendum.
1338 1236 1421 1264 Multa
1433 1237 1506 1264 enim
1519 1237 1596 1264 turba
1609 1238 1636 1264 in
1651 1238 1723 1265 atrio

933 1288 1098 1319 congregata
1124 1283 1246 1318 operitur
1270 1287 1307 1314 te.
1326 1282 1353 1310 in
1376 1282 1456 1318 cujus
1479 1283 1570 1310 medio
1592 1288 1722 1318 tanquam

934 1329 997 1356 belli
1015 1329 1069 1356 dux
1083 1328 1118 1355 ab
1135 1329 1230 1356 eadem
1253 1332 1392 1363 protectus
1417 1335 1450 1355 ac
1463 1328 1581 1364 stipatus
1601 1328 1724 1356 constitit

934 1373 1039 1402 Simon.
1052 1373 1112 1406 Quo
1125 1373 1231 1407 audito,
1243 1372 1341 1401 Petrus
1355 1373 1488 1401 orationis
1503 1374 1590 1409 gratia
1598 1373 1725 1402 secedere

933 1428 978 1448 ine
994 1420 1088 1455 jussit,
1109 1424 1140 1447 ut
1165 1420 1213 1455 qui
1229 1419 1351 1447 nondum
1371 1420 1537 1454 accepissem
1560 1420 1657 1448 salutis
1673 1420 1723 1448 ba-

933 1467 1044 1502 ptisma,
1061 1471 1088 1494 et
1104 1465 1138 1493 ad
1155 1466 1212 1501 jam
1237 1465 1373 1501 baptismo
1389 1465 1524 1501 perfectOs
1542 1466 1611 1494 dixit
1626 1475 1633 1493 τ
1652 1466 1722 1494 Sur-

934 1518 1028 1548 gentes
1043 1519 1165 1543 oremus,
1185 1516 1215 1539 ut
1230 1510 1303 1539 Deus
1319 1519 1368 1546 pro
1382 1512 1441 1539 suis
1454 1512 1594 1547 perpetuis
1609 1513 1724 1541 misera~

935 1557 1055 1585 tionibus
1079 1557 1227 1592 opituletur
1251 1557 1330 1590 mihi,
1351 1558 1399 1592 qui
1422 1558 1524 1592 prodeo
1545 1559 1582 1587 ob
1605 1559 1721 1587 salutem

934 1603 1076 1630 hominum
1090 1610 1159 1638 quos
1172 1603 1284 1630 creavit.
1301 1602 1391 1638 thue
1405 1604 1462 1632 haec
1476 1605 1584 1633 locutus
1595 1611 1648 1637 est,
1660 1613 1724 1633 ora»

933 1651 1009 1678 tione
1035 1649 1125 1683 facta,
1152 1650 1218 1678 exiit
1245 1650 1273 1678 in
1303 1651 1364 1677 atrii
1394 1651 1484 1679 locum
1516 1652 1667 1680 subdialvm
1697 1657 1724 1681 et

933 1704 1073 1732 magnum,
1097 1704 1152 1732 quo
1173 1696 1252 1724 multi
1271 1701 1456 1725 convenerant
1470 1698 1611 1732 spectandi
1626 1706 1721 1732 causa;

933 1750 996 1770 nam
1011 1743 1071 1778 ejus
1085 1743 1238 1777 disputatio
1252 1742 1374 1777 fecerat.
1396 1749 1426 1772 ut
1445 1745 1632 1780 diligentiores
1647 1745 1724 1773 festi-

933 1793 1031 1816 narent
1045 1789 1078 1816 ad
1091 1789 1270 1816 audiendum.

968 1844 1053 1873 XXX.
1070 1844 1151 1873 Stans
1167 1853 1242 1881 ergo,
1264 1853 1434 1881 cernensque
1455 1846 1613 1874 universum
1636 1855 1724 1882 popu-

933 1892 990 1918 lum
1008 1892 1137 1919 universo
1158 1900 1220 1919 cum
1244 1892 1352 1920 silentio
1371 1893 1466 1920 oculos
1486 1892 1513 1919 in
1529 1893 1617 1927 ipsum
1633 1893 1718 1927 conji-

932 1945 1004 1971 cere,
1021 1945 1052 1965 ae
1068 1937 1207 1966 Simonem
1226 1937 1334 1974 Magum
1353 1939 1380 1966 in
1394 1939 1484 1966 medio
1498 1944 1587 1972 stare,
1606 1939 1680 1967 hunc
1695 1942 1721 1966 in

933 1984 1044 2011 modum
1062 1984 1138 2019 loqui
1161 1985 1244 2019 erepit
1261 1993 1268 2010 :
1286 1984 1342 2012 Pax
1362 1985 1398 2012 sit
1412 1984 1542 2012 omnibus
1564 1985 1654 2018 vobis,
1673 1986 1720 2020 qui

932 2030 1020 2063 parati
1034 2029 1101 2057 estis
1115 2030 1241 2057 dexteras
1257 2030 1324 2058 dare
1341 2031 1450 2058 veritati
1472 2030 1530 2064 Dei,
1552 2038 1647 2066 quam.
1663 2039 1723 2058 ma-

933 2084 1018 2112 gnum
1033 2084 1131 2111 nempe
1145 2084 1178 2104 ac
1192 2077 1407 2112 incomparabile
1423 2077 1482 2112 ejus
1494 2085 1594 2104 munus
1618 2077 1645 2104 in
1671 2077 1723 2105 hoc

933 2123 1046 2156 mundo,
1061 2123 1277 2151 utsalutationis
1297 2131 1380 2151 causa
1400 2123 1477 2151 vobis
1498 2128 1562 2151 ante
1581 2131 1722 2151 sermones

932 2168 1063 2195 doctrinae
1075 2168 1269 2202 acclamemus,
1285 2169 1413 2204 praecepit
1424 2168 1504 2197 nobis
1519 2169 1566 2204 qui
1582 2169 1657 2197 misit
1669 2177 1721 2196 nos

933 2222 1015 2242 verus
1037 2214 1195 2242 excellentis
1220 2214 1284 2242 boni
1313 2215 1462 2250 propheta;
1492 2223 1548 2250 quo
1572 2215 1595 2243 si
1621 2215 1721 2250 aliquis

934 2261 1005 2288 inter
1018 2268 1067 2288 vos
1085 2262 1121 2288 sit
1146 2261 1219 2288 ﬁlius
1242 2261 1327 2296 pacis,
1351 2268 1400 2296 per
1424 2261 1576 2289 doctrinam
1599 2266 1720 2289 nostram

936 2315 987 2341 pax
1004 2314 1068 2334 eum
1083 2307 1292 2342 complectatur;
1305 2306 1328 2334 si
1347 2307 1410 2342 quis
1421 2312 1512 2335 autem
1527 2312 1646 2335 vestrum
1660 2315 1720 2334 eam

934 2352 1056 2387 accipere
1069 2352 1146 2386 nolit,
1171 2357 1238 2380 tunc
1259 2359 1327 2385 nos,
1344 2359 1460 2380 excusso
1486 2353 1513 2380 in
1535 2353 1720 2381 testimonium

935 2399 1045 2434 pulvere
1059 2398 1157 2433 pedum
1170 2402 1340 2431 nostrorum,
1364 2405 1446 2433 quem
1461 2398 1604 2426 collectum
1627 2406 1660 2426 ex
1677 2399 1722 2425 ilio

934 2451 1031 2470 uerum
1045 2443 1185 2471 laboribus
1201 2443 1299 2470 salutis
1318 2447 1417 2471 vestra:
1431 2451 1498 2479 ergo
1514 2443 1671 2475 attulimus,
1686 2444 1720 2470 ad

933 2489 1049 2516 aliorum
1064 2488 1162 2516 domos
1179 2495 1212 2515 ac
1227 2488 1350 2516 civitates
1370 2488 1501 2517 abeamus
1513 2495 1538 2517 ⁸.

728 2660 847 2689 VARIIE
879 2661 1084 2690 LECTIONES.

122 2739 177 2769 "C
213 2740 275 2768 haec
287 2739 389 2774 vertit,
420 2739 500 2774 quasi
530 2739 583 2774 legi
603 2739 727 2774 voluerit
757 2740 811 2772 πᾶς
841 2741 864 2767 ὁ.
896 2740 924 2768 S.

91 2776 112 2816 ξ
124 2776 164 2816 ita
174 2775 199 2804 0
209 2784 251 2816 _c.
266 2776 289 2802 D
305 2795 314 2807 ,
330 2773 427 2816 λαβεῖν
443 2773 477 2801 C.
516 2773 581 2815 f'ln
594 2773 705 2816 Onesse“
711 2775 817 2816 videtur
828 2776 962 2816 μοιχείαςε

175 2812 358 2852 τοῦτονᾌοῃῑε
369 2809 450 2843 λόγον
464 2809 551 2852 omisi
572 2817 598 2852 c_.
613 2809 646 2837 0.
682 2809 705 2826 ‘°
716 2809 892 2852 ὑποχωρῆσαί
907 2811 1020 2852 C._Dein
1033 2812 1173 2852 tb‘rtt'ﬁ‘nm
1193 2821 1238 2852 μοι

89 2821 108 2829 ’¹
120 2821 149 2840 bl
175 2821 275 2839 τουτον
291 2821 358 2837 alltc
370 2821 450 2843 Λυγυν
470 2821 551 2849 unum
572 2821 598 2836 υ.
613 2821 646 2837 υ.
683 2821 704 2826 "
716 2821 892 2871 υποιχωρησαι
907 2821 938 2838 ιι.
953 2821 1018 2839 ueln
1033 2821 1072 2843 ως
1089 2821 1173 2852 μηπω
1191 2821 1238 2874 μοι
1252 2821 1301 2847 pro
1316 2821 1354 2845 ως
1373 2821 1457 2848 μηπω

86 2849 106 2887 ξ’
164 2855 265 2887 vocem
277 2845 422 2887 διάκρισις
431 2848 509 2887 r‘vcrtl
528 2844 594 2887 _vult
614 2852 662 2887 per
680 2845 760 2887 rauce!
771 2850 870 2887 ετιιιρῃι
901 2847 948 2887 _vel
962 2848 1161 2887 βτηὶηεηιχευη,⁵
1173 2855 1188 2874 e
1203 2867 1209 2874 .
1243 2847 1251 2873 l
1278 2847 1342 2887 ρον.
1373 2855 1411 2881 ιν,
1433 2847 1459 2875 7.

85 2884 104 2899 οι
116 2883 235 2914 ἑτοίμοις
248 2879 366 2910 σάλοι
394 2879 451 2907 ctS
473 2884 568 2907 contra
583 2880 770 2908 auctoritatem
784 2881 861 2908 codd.
901 2881 922 2897 ⁸⁵

954 2741 1023 2778 Tum
1033 2777 1038 2778 γ
1049 2741 1124 2778 ὁπότ’
1141 2743 1174 2770 ἄν
1199 2742 1278 2778 Υυιε.

1016 2777 1038 2792 ⁸⁷
1055 2777 1130 2804 ὁπότ’
1144 2778 1176 2805 ἀν
1195 2777 1226 2805 C.

1330 2742 1353 2759 ⁵³
1371 2742 1471 2772 ἀλγιθοῦ
1490 2744 1521 2769 0.
1559 2742 1583 2759 ³⁸
1599 2744 1638 2770 Δι’
1653 2742 1668 2770 ὅ
1685 2742 1718 2772 C.

1275 2777 1298 2794 "
1309 2777 1342 2804 τὰ
1352 2778 1392 2809 είς
1404 2777 1437 2805 0.
1451 2777 1575 2813 Legerim
1588 2778 1648 2805 τότε
1667 2780 1717 2811 εἰς.

1252 2820 1301 2847 pro
1316 2812 1354 2845 ὡς
1373 2813 1457 2848 μήπω
1474 2812 1505 2840 0⁷.
1551 2813 1572 2829 ⁶¹
1591 2814 1668 2841 ταῦτ’
1685 2815 1718 2842 0.

1515 2847 1539 2864 ⁸⁸
1566 2849 1667 2882 πολλῆς
1685 2850 1718 2878 υ.

938 2882 1063 2917 κάμπους
1079 2881 1262 2917 βαστάσαντες
1274 2885 1307 2909 υ.
