1942 3100
228 146 276 173 151

663 145 692 172 S.
729 145 926 173 CLEMENTIS
943 147 952 171 Ι
969 144 1052 172 IlOll.
1070 144 1170 172 ΡΟΧΤ,
1189 143 1303 172 ΟΡΕΒᾹ
1320 143 1433 171 υυΒΙᾹ.

1805 144 1856 172 132

262 201 358 230 XXXI.
372 202 410 230 Ac
425 210 487 229 vcrc
508 203 625 230 dicimus
649 203 728 230 vobis
747 211 754 229 :
772 203 941 231 tolerabilius
963 203 1016 229 erit

1099 201 1193 228 XXXI.
1220 202 1274 228 Καὶ
1303 201 1409 237 ἀληθῶς
1437 202 1500 236 ὑμῖν
1524 201 1649 237 λέγομεν·
1676 201 1859 238 ἀνεκτότερον

227 247 254 274 in
283 247 327 275 die
350 248 458 282 judicii,
490 257 602 275 manere
631 248 658 275 in
687 253 757 276 terra
782 248 964 275 Sodomorum
990 253 1017 275 et

227 293 411 326 Goniort'ltm,
442 302 526 329 quam
548 295 574 320 in
597 294 658 321 loco
681 294 895 327 incredulitatis;
928 294 1017 328 primo

227 339 349 373 quidem,
365 340 430 374 quia
444 341 516 375 quod
534 340 633 367 rationi
647 341 791 374 convenit,
816 348 849 367 ex
870 339 948 367 vobis
962 347 1017 366 non

228 385 419 418 intellexistis;
435 386 564 418 secundo,
586 386 715 420 quoniam
738 393 800 413 cum
820 385 855 412 de
875 384 955 412 nobis
969 392 1018 411 au-

226 430 358 463 diissetis,
377 438 431 457 non
447 431 558 458 venistis
581 431 614 457 ad
640 438 707 463 nos;
729 431 820 462 tertio,
844 433 910 465 quia
935 431 1017 457 etiam

227 483 290 502 cum
321 475 513 508 venissemus,
549 476 629 503 nobis
653 484 706 503 non
737 476 900 504 credidistis.
927 475 1018 508 Quare

228 521 415 556 gratiﬁcantes
439 522 516 548 vobis
536 522 620 554 ultro,
646 530 768 553 oramus,
792 526 821 548 ut
844 529 896 556 pax
923 525 1017 548 nostra

229 567 320 593 veniat
335 574 417 601 super
431 574 496 593 vos.
519 565 546 593 Si
562 574 626 601 ergo
639 574 699 593 eam
715 567 815 594 habere
827 566 919 598 vultis,
936 573 1019 601 opor—

230 616 268 638 tet
290 619 338 638 vos
365 612 451 638 alacri
475 612 567 639 animo
590 611 741 646 suscipere,
764 615 794 638 ut
819 611 948 646 iniuriam
964 618 1018 638 non

231 656 338 684 faciatis
351 661 378 684 et
394 658 472 684 vobis
497 657 594 684 factam
617 657 713 685 feratis
735 657 840 684 fortiter
856 666 862 684 :
876 657 948 692 quod
969 656 1020 683 ho-

231 704 314 730 minis
328 707 427 730 natura
447 711 501 730 non
527 703 684 735 sustinebit,
706 703 758 730 nisi
781 704 856 738 prius
874 703 1019 730 eminentis

231 749 295 776 boui
313 750 449 784 acceperit
465 749 589 776 notitiam
601 770 609 781 ,
627 748 653 775 id
674 753 765 775 autem
780 753 837 781 est,
853 755 1021 783 cognoscere

227 795 331 829 justam
348 795 407 829 ejus
430 795 476 829 qui
493 799 592 822 cuncta
617 798 765 829 exsuperat
787 798 913 821 naturam
925 815 933 826 ,
946 793 1018 829 quod

231 841 320 874 punit,
338 845 367 866 ut
382 839 483 874 injuria
500 839 612 866 allectos
632 839 792 873 ulciscatur,
814 842 842 866 et
861 838 922 874 pios
933 838 1018 866 bene-

232 885 300 912 ticiis
314 885 340 912 in
357 885 553 919 sempiternum
565 883 657 911 allicit.

264 930 374 958 XXXII.
389 929 445 957 Vos
465 930 557 965 igitur,
581 934 612 956 ut
633 934 725 964 gratos
750 928 795 956 Dei
815 936 909 957 servos
931 929 1018 961 decet,

230 983 263 1002 ex
279 975 356 1002 vobis
371 975 444 1010 quod
460 975 559 1002 rationi
575 980 789 1002 consentaneum
804 979 846 1002 est
860 975 1016 1010 intelligen-

233 1024 284 1052 tes,
308 1020 391 1046 vitam
422 1019 448 1046 ei
484 1019 636 1054 placentem
663 1019 878 1054 amplectimini,
908 1024 939 1046 ut
967 1019 1018 1053 sic,

232 1070 358 1092 amantes
372 1073 434 1092 cum
449 1069 476 1092 et
487 1065 522 1092 ab
535 1073 568 1092 eo
582 1066 677 1098 amati,
695 1065 767 1100 quod
781 1065 884 1092 bonum
901 1069 944 1093 est
955 1073 1021 1100 pos-

231 1111 344 1138 sid.-atis
370 1115 510 1146 perpetuo.
537 1109 603 1138 Illud
629 1111 701 1138 enim
728 1111 785 1145 ipse
813 1110 889 1137 solus
902 1110 1021 1137 maxime

231 1161 322 1192 potest
336 1162 476 1191 praestare,
486 1157 533 1191 qui
548 1164 601 1183 non
616 1156 777 1183 exsistentia
787 1156 821 1183 ad
830 1156 1019 1183 exsistentiam

231 1201 364 1234 adduxit,
388 1201 488 1228 ctelum
517 1202 748 1234 ercavit,terram
772 1201 918 1236 compegit,
945 1208 1021 1228 mare

232 1247 380 1278 conclusit,
392 1254 453 1281 qua:
468 1247 494 1273 in
508 1246 603 1274 inferis
617 1250 681 1274 sunt
692 1246 856 1279 recondidit,
867 1251 1021 1281 cunctaque

233 1292 347 1326 replevit
361 1299 434 1318 aere.

267 1336 386 1364 XXXIII.
401 1336 450 1363 llic
467 1337 544 1364 solus
566 1344 649 1364 unam
670 1344 702 1364 ac
719 1337 834 1372 primam
855 1337 1021 1372 simplicem-

233 1391 287 1418 que
308 1383 488 1411 substantiam
511 1383 723 1417 quadrupliciter
746 1388 772 1410 et
795 1384 932 1410 contrarie
951 1391 1019 1410 con-

193 1437 196 1445 -
232 1429 314 1455 vertit
330 1438 336 1455 :
354 1436 386 1455 ac
406 1428 502 1455 deinde
522 1428 703 1455 comatis-cens
723 1429 795 1455 mille
812 1429 874 1455 inde
893 1428 1021 1463 produxit

233 1474 326 1506 mista,
351 1481 406 1508 quo
430 1473 583 1500 contrarias
602 1473 629 1500 in
650 1478 762 1500 naturas
781 1477 892 1500 mutatae
915 1481 946 1500 ac
959 1480 1020 1508 per-

234 1519 322 1546 mistae
344 1526 388 1546 res
407 1519 468 1546 vita:
488 1519 653 1553 voluptatem
676 1526 723 1552 per
743 1519 941 1553 oppositionem
955 1526 1018 1553 pro-

233 1568 372 1590 curarent.
391 1562 452 1598 Ipse
472 1563 555 1590 etiam
579 1562 654 1590 solus
671 1562 784 1597 populos
807 1562 965 1597 angelorum
991 1566 1018 1589 ct

233 1609 378 1645 spirituum
391 1613 458 1635 nutu
474 1608 621 1636 voluntatis
637 1608 774 1641 condidit,
785 1608 873 1643 iisque
894 1608 1016 1643 implevit

233 1655 319 1681 ρωιοε
334 1663 342 1681 :
358 1653 428 1681 sicut
444 1657 471 1680 ct
488 1653 560 1688 quod
581 1653 706 1680 videmus
729 1653 929 1680 ﬁrmamentum
953 1662 1018 1681 con-

233 1698 373 1726 decoravit
386 1698 482 1731 stellis,
492 1698 593 1732 quibus
602 1697 713 1725 semitas
722 1697 843 1725 delinivit
853 1705 1019 1734 cursumque

233 1744 372 1772 ordinavit
388 1747 505 1770 :terram
516 1763 523 1776 ,
542 1747 653 1778 propter
676 1742 783 1777 frugum
810 1743 1018 1778 incrementum,

233 1789 386 1824 compegit:
401 1796 475 1815 mare
497 1793 588 1815 autem
603 1787 755 1820 conclusit,
780 1787 973 1816 habitationem
991 1789 1017 1816 in

234 1835 315 1864 siccis
340 1834 409 1861 locis
434 1834 626 1861 secernendo:
644 1841 706 1868 quae
731 1834 801 1869 apud
828 1833 932 1862 inferos
955 1840 1019 1863 sunt

233 1880 400 1912 recondidit,
423 1880 576 1907 animarum
600 1879 691 1907 locum
714 1887 890 1914 nuncupans;
921 1886 1018 1908 cuneta

233 1935 297 1954 vero
314 1926 425 1961 replevit
439 1933 513 1959 aere,
528 1930 557 1953 ut
568 1926 659 1952 omnia
671 1925 799 1953 animalia
811 1926 1018 1961 respirationem

234 1973 296 2000 vita:
307 1971 489 1999 necessariam
506 1971 638 1998 haberent
652 1968 775 1998 liberam.

268 2026 388 2054 XXXIV.
404 2025 426 2054 0
450 2033 576 2061 magnam
602 2025 649 2052 Dei
664 2033 696 2052 ac
718 2026 877 2060 prudentem
895 2034 1018 2059 manum,

234 2073 262 2100 in
280 2073 409 2100 omnibus
423 2072 516 2099 omnia
532 2071 694 2098 facientem!
711 2070 819 2098 Inlinita
833 2071 933 2106 quippe
948 2073 1020 2100 vola—

234 2119 322 2145 tilium
336 2117 481 2144 multitudo
497 2124 545 2152 per
565 2124 628 2144 eum
652 2116 767 2150 exstitit,
791 2116 914 2151 adeoque
931 2118 1018 2150 varia,

234 2168 360 2198 respectu
373 2163 484 2190 alterius
497 2162 609 2189 omnino
625 2161 742 2194 diversa,
755 2162 817 2189 dico
831 2167 922 2189 autem
940 2163 1015 2190 colo-

1067 248 1143 274 ἔσται
1154 249 1190 283 γῇ
1201 247 1223 263 ⁸⁸
1233 247 1355 282 Σοδόμων
1365 248 1411 273 καὶ
1425 248 1566 284 Γομόρρας
1580 249 1610 274 ὲν
1623 247 1715 283 ἡμέρᾳ
1728 248 1859 283 κρίσεως,

1067 294 1084 329 ἢ
1101 293 1139 328 τῷ
1153 294 1202 328 τῆς
1217 293 1356 324 ἀπειθείας
1372 293 1445 328 τόπῳ
1467 294 1636 321 ἐνδιατελεῖν·
1663 295 1773 330 πρῶτον
1796 295 1860 330 μὲν,

1067 339 1108 365 ὅτι
1118 338 1149 365 τὸ
1162 338 1270 372 εὗλογον
1280 339 1325 373 ἀφ’
1340 338 1443 365 ἑαυτῶν
1450 339 1504 375 (66)
1510 340 1559 366 οὺκ
1569 340 1708 375 ἐνοήσατει
1718 340 1860 376 δεύτερον,

1067 384 1118 416 ὅτι,
1134 383 1297 416 ἀκούσαντες
1308 384 1342 411 τὰ
1354 384 1414 411 καθ’
1426 385 1500 420 ἡμᾶς
1517 385 1568 411 οὐκ
1586 385 1682 421 ἧλθετε
1691 385 1761 421 πρὸς

1067 430 1167 465 τρίτον,
1179 430 1218 456 ὅτι
1232 430 1278 457 καὶ
1286 429 1406 456 ἐλθοῦσιν
1417 430 1482 466 ἡμῖν
1500 431 1679 466 ἠπειθήσατε.
1696 430 1743 458 Διὸ
1757 432 1779 447 "
1799 440 1863 466 φει-

1067 475 1172 510 δόμενοι
1196 475 1273 511 ὑμῶν
1290 477 1390 511 προῖκα
1403 476 1537 511 εὐχόμεθα
1554 476 1577 492 ⁸⁸
1587 477 1636 512 τὴν
1650 477 1764 512 εἰρήνην
1779 477 1863 512 ἡμῶν

1067 521 1153 547 ἐλθεῖν
1179 521 1222 556 ἐφ’
1242 522 1322 556 ὑμᾶς.
1343 522 1374 548 El
1403 519 1449 548 οὖν
1473 522 1574 557 ταύτην
1596 522 1668 557 ἔχειν
1689 522 1797 555 θέλετε,
1818 522 1863 549 δεῖ

1068 567 1139 602 ὑμᾶς
1153 567 1298 602 προθύμως
1311 567 1342 593 τὸ
1360 568 1397 603 μὴ
1412 567 1514 594 ἀδικεῖν
1537 567 1733 600 ἀναδέξασθαι,
1757 568 1805 595 καὶ
1828 567 1863 594 τὸ

1067 612 1216 639 ἀδικεῖσθαι
1243 613 1374 646 γενναίως
1395 613 1496 648 φέρειν,
1522 614 1589 649 ὅπερ
1609 613 1754 649 ἀνθρώπου
1777 614 1863 648 φύσις

1067 658 1118 685 οὐκ
1138 658 1171 685 ἂν
1182 659 1313 694 ὑποσταίη
1328 659 1360 691 ⁶⁹,
1371 659 1418 685 ἐὰν
1435 659 1471 694 μὴ
1487 659 1617 695 πρότερον
1630 659 1677 686 τοῦ
1693 661 1722 686 ὲν
1733 660 1861 695 ὑπεροχῇ

1069 703 1251 739 συμφέροντος
1260 704 1308 739 τὴν
1322 703 1421 738 γνῶσιν
1435 704 1514 739 λάὸῃ,
1529 704 1598 740 ὅπερ
1617 705 1692 731 ἐστὶν
1705 705 1737 731 τδ
1757 705 1863 731 εἰδέναι

1067 748 1114 775 τοῦ
1132 749 1220 776 πάντα
1235 749 1414 785 ὑπερέχοντος
1429 750 1478 785 τὴν
1501 750 1608 776 δικαίαν
1627 750 1717 784 φύσιν,
1738 750 1781 777 δτι
1800 751 1862 778 ἀδι-

1068 794 1215 829 κουμένους
1225 794 1339 821 ἐκδικῶν
1358 794 1381 810 ’⁸
1394 795 1518 831 τιμωρεῖ,
1539 795 1585 822 καὶ
1601 795 1665 827 τοὺς
1677 795 1862 827 εὐσεῦοῠντας

1068 840 1109 871 είς
1121 840 1165 867 ἀεὶ
1180 840 1327 876 εὐεργετεῖ.

1103 926 1157 962 95
1171 925 1279 953 XXXII.
1303 926 1397 961 Ὑμεῖς
1409 923 1455 953 οὖν
1469 926 1507 958 ὼς
1521 926 1590 954 Θεοῦ
1611 926 1700 954 δοῦλοι
1714 927 1861 963 εὐγνώμο-

1069 981 1123 1004 νες,
1145 973 1191 1007 ἀφ’
1203 971 1307 998 ἑαυτῶν
1322 971 1353 998 τὸ
1366 971 1474 1005 εὔλογον
1488 972 1620 1004 νοοῦντες,
1639 973 1688 1008 τὴν
1703 973 1780 1008 αὐτῷ
1794 974 1863 1009 ἀρέο

1070 1026 1187 1044 σκουσαν
1208 1017 1370 1050 ἀναδέξασθε
1386 1017 1533 1050 πολιτείαν,
1548 1018 1591 1044 ἵνα
1601 1017 1688 1050 οὕτως
1709 1019 1793 1045 αὑτὸν
1815 1028 1862 1054 φι-

1069 1063 1176 1094 λοῦντες
1189 1063 1236 1089 καὶ
1252 1063 1406 1098 φιλούμενοι
1420 1063 1466 1089 ὑπ’
1480 1063 1562 1090 αὑτοῦ
1572 1065 1612 1095 είς
1621 1064 1703 1090 ἀεὶτὸ
1718 1065 1863 1100 συμφέρον

1069 1108 1155 1143 ἔχοιτε
1170 1109 1203 1134 ’¹.
1219 1108 1298 1143 Αὐτῷ
1312 1108 1366 1144 γὰρ
1377 1108 1449 1144 μόνῳ
1462 1109 1493 1135 τὸ
1506 1111 1657 1145 παρασχεῖν
1670 1109 1862 1137 δυνατώτατόν

1069 1154 1153 1185 ἐστιν,
1181 1154 1221 1188 τῷ
1241 1154 1275 1180 τὰ
1300 1154 1337 1189 μὴ
1361 1154 1425 1181 ὅντα
1443 1155 1484 1185 εις
1499 1154 1530 1181 τὸ
1551 1153 1620 1181 εἶναι
1646 1157 1860 1191 συστησαμένῳ,

1069 1199 1182 1235 οὐρανὸν
1204 1194 1442 1235 δημὶουργήσαντι,
1464 1200 1516 1235 γῆν
1536 1199 1694 1232 πιλώσαντι,
1719 1200 1862 1229 θάλασσαν

1070 1243 1266 1280 περιορίσαντι,
1279 1243 1313 1270 τὰ
1325 1245 1354 1270 ὲν
1374 1244 1425 1281 ᾅδῃ
1446 1243 1623 1280 ταμιεύσαντι
1643 1245 1692 1272 καὶ
1710 1245 1746 1272 τὰ
1767 1247 1862 1274 πάντα

1069 1291 1148 1326 ἀέρος
1164 1290 1187 1305 "
1204 1289 1386 1325 πληρώσαντι.

1104 1333 1221 1361 XXXIII.
1237 1331 1321 1366 Οὗτος
1336 1335 1415 1370 μόνος
1435 1335 1484 1371 τὴν
1502 1336 1565 1372 μίαν
1581 1337 1629 1363 καὶ
1642 1337 1756 1374 πρώτην
1767 1337 1792 1354 ⁷³
1810 1347 1861 1374 μο-

1069 1380 1157 1415 νοειδῆ
1170 1379 1263 1406 οὐσίαν
1280 1381 1417 1416 τετραχῶς
1434 1382 1480 1408 καὶ
1498 1382 1625 1413 ἐναντίως
1643 1382 1768 1418 ἔτρεψεν·
1798 1382 1862 1410 εἶτα

1071 1425 1150 1461 μίξας
1161 1425 1273 1462 κράσεις
1289 1425 1318 1459 ἐξ
1331 1426 1419 1453 αὐτῶν
1435 1427 1570 1463 ἐποίησεν,
1585 1428 1629 1454 ινα
1643 1429 1684 1460 είς
1697 1430 1826 1462 ἐναντίας
1835 1431 1862 1446 ⁷⁸

1070 1471 1164 1506 φύσεις
1181 1471 1364 1506 τετραμμέναι
1382 1472 1429 1498 καὶ
1449 1473 1613 1508 μεμιγμέναι
1630 1473 1677 1500 τοῦ
1694 1474 1744 1510 ζῇν
1759 1475 1861 1512 ἡδονὴν

1068 1517 1102 1544 ὲκ
1123 1517 1172 1552 τῆς
1195 1517 1387 1551 ὰντισυζυγίας
1411 1518 1590 1553 ἐργάσωνται.
1623 1520 1714 1555 Ὁμῶς
1737 1521 1761 1536 ⁷⁸
1775 1522 1862 1554 αὐτὸς

1069 1563 1148 1599 μόνος
1161 1562 1191 1597 δή
1196 1571 1261 1597 μους
1270 1562 1392 1597 ἀγγέλων
1402 1564 1449 1590 καὶ
1460 1564 1621 1600 πνευμάτων
1632 1565 1730 1602 βουλῆς
1739 1567 1861 1602 νεύματι

1067 1608 1286 1644 δημιουργήσας,
1311 1608 1411 1644 ἔπλησε
1437 1610 1501 1642 τοὺς
1527 1611 1669 1646 οὐρανούς·
1690 1612 1729 1643 ὡς
1752 1613 1800 1639 καὶ
1826 1614 1861 1640 τὸ

1068 1654 1228 1689 φαινόμενον
1253 1654 1396 1690 στερέωμα
1418 1655 1530 1691 ἄστροις
1549 1657 1721 1692 ἐκόσμησεν,
1745 1655 1786 1690 οἷς
1810 1661 1862 1686 καὶ

1068 1701 1176 1738 τρίϐους
1191 1700 1273 1736 ὥρισε
1288 1701 1335 1727 καὶ
1352 1700 1450 1736 δρόμον
1464 1701 1570 1734 ἔταξεν·
1589 1702 1639 1737 γῆν
1656 1703 1792 1730 ὲπίλωσεν
1817 1705 1862 1736 εις

1068 1748 1182 1783 καρπῶν
1198 1746 1324 1783 αὓξησιν·
1339 1747 1475 1774 θάλασσαν
1491 1747 1519 1774 δὲ
1541 1748 1714 1784 περιώρισεν,
1739 1750 1768 1776 ἐν
1789 1750 1861 1777 ἀνύ-

1068 1793 1141 1829 δροις
1159 1793 1264 1828 οἴκησιν
1278 1792 1423 1828 ἀφορίσας·
1443 1793 1477 1819 τὰ
1492 1794 1520 1819 ὲν
1540 1793 1591 1830 ᾄδῃ
1612 1795 1746 1829 ταμιεύει,
1761 1795 1862 1831 ψυχῶν

1068 1839 1156 1875 χῶρον
1175 1838 1325 1874 ὀνομάσας·
1347 1838 1382 1864 τὰ
1400 1838 1430 1865 δὲ
1451 1838 1538 1865 πάντα
1558 1839 1674 1874 ἔπλησεν
1696 1841 1788 1877 ἀέρος,
1813 1842 1862 1869 ἵνα

1068 1886 1157 1912 πάντα
1169 1884 1204 1911 τὰ
1222 1884 1278 1917 ζῶα
1295 1884 1363 1920 πρὸς
1376 1884 1407 1910 τὺ
1423 1883 1473 1920 ζῇν
1487 1884 1571 1917 ἀδεῶς
1586 1886 1729 1913 ἀναπνέειν
1754 1886 1812 1922 ἔχοι
1821 1888 1860 1915 ⁷⁸.

1103 2013 1223 2042 XXXIV.
1251 2013 1283 2040 Ὦ
1303 2013 1352 2048 τῆς
1378 2012 1497 2049 μεγάλης
1520 2012 1588 2039 Θεοῦ
1609 2013 1742 2049 φρονίμου
1752 2015 1860 2050 χειρὸς,

1068 2061 1117 2097 τῆς
1130 2062 1159 2087 ὲν
1174 2061 1240 2087 πᾶσι
1255 2059 1344 2086 πάντα
1356 2059 1412 2094 96
1428 2058 1573 2094 ποιούσηςί
1594 2058 1689 2094 μυρίος
1708 2059 1764 2096 γὰρ
1778 2060 1862 2095 ὄχλος

1068 2106 1178 2142 πτηνῶν
1197 2106 1242 2132 ὑπ’
1261 2104 1343 2131 αὐτοῦ
1366 2104 1525 2139 γεγένηται,
1551 2105 1598 2130 καὶ
1617 2101 1694 2136 οὗτος
1719 2106 1859 2138 ποικίλος,

1069 2153 1138 2188 πρὸς
1151 2152 1196 2178 τὸν
1212 2151 1303 2186 ἓτερον
1318 2149 1390 2177 κατὰ
1404 2150 1427 2165 ⁷⁷
1446 2150 1535 2176 πάντα
1556 2149 1769 2185 ὲξηλλαγμένος,
1784 2151 1862 2186 λέγω

235 2218 290 2242 res,
320 2213 417 2241 rostra,
447 2215 569 2242 ungues,
599 2211 756 2242 aspectum,
784 2215 900 2240 sensus,
922 2216 1013 2241 voces,

1070 2199 1096 2226 δὲ
1109 2198 1144 2225 τά.
1157 2206 1187 2224 τε
1201 2196 1341 2232 χρώματα,
1368 2195 1471 2242 ρᾴμιρη,
1488 2195 1595 2242 δνυχας,
1619 2195 1775 2242 βλέμματα,
1786 2197 1863 2231 γνώ-

234 2260 387 2289 cmteraque
408 2254 510 2281 omnia.
536 2252 610 2285 Quot
631 2257 721 2279 autem
745 2252 827 2279 etiam
850 2257 914 2280 sunt
933 2253 1015 2280 varia:

234 2301 388 2337 plantarum
404 2298 519 2334 species,
543 2298 692 2331 «oloribus,
716 2297 903 2332 qualitatibus,
921 2297 1016 2325 odori-

234 2348 286 2374 bus
299 2345 451 2372 innumeris
466 2343 614 2370 distincta!
632 2342 704 2375 Quot
715 2349 782 2369 vero
799 2346 879 2370 terrae
898 2347 925 2370 et
939 2350 1016 2378 aquae

233 2391 372 2421 animalia,
399 2396 515 2424 quorum
534 2388 703 2423 impossibile
725 2391 768 2414 est
787 2395 929 2414 recensere
947 2387 1017 2423 ﬁgu-

234 2444 289 2470 ras,
303 2435 416 2467 formas,
427 2434 507 2466 situs,
523 2432 640 2464 colores,
651 2430 760 2459 vivendi
772 2430 903 2463 rationes,
917 2438 1016 2459 sensus

1070 2253 1132 2280 μας,
1147 2243 1290 2278 φθέγματα
1305 2241 1351 2268 καὶ
1367 2241 1401 2267 τὰ
1422 2240 1502 2267 λοιπὰ
1522 2241 1620 2267 πάντα.
1647 2241 1732 2268 Πόσαι
1756 2241 1787 2268 δὲ
1810 2244 1863 2270 καὶ

1068 2289 1159 2324 φυτῶν
1179 2288 1301 2323 διάφοροι
1327 2286 1407 2318 ἰδέαι,
1434 2285 1562 2322 χρώμασι
1584 2287 1631 2313 καὶ
1655 2286 1782 2323 ποιότησι
1810 2290 1862 2316 καὶ

1065 2336 1161 2370 ὀδμαῖς
1176 2333 1300 2368 ἀπείροις
1314 2332 1338 2348 ⁷³
1352 2331 1543 2367 διωρισμέναιῐ
1562 2332 1635 2358 Πόσα
1645 2332 1675 2359 δὲ
1689 2333 1739 2368 τῆς
1755 2333 1861 2370 χέρσου

1066 2381 1124 2413 ζῶα
1139 2380 1187 2407 καὶ
1201 2378 1254 2405 τῶν
1275 2379 1303 2404 ὲν
1318 2377 1411 2404 ὕδασιν
1422 2378 1456 2408 ⁷⁹,
1476 2374 1513 2404 ὦν
1532 2378 1662 2404 ἀδύνατον
1676 2379 1767 2405 εἰπεῖν
1789 2381 1861 2415 σχή-

1067 2435 1149 2464 ματα,
1165 2425 1287 2461 μορφὰς,
1304 2424 1408 2456 θέσεις,
1430 2422 1563 2459 χρώματα
1581 2423 1615 2456 ⁸ο,
1628 2423 1712 2458 βίους,
1730 2425 1859 2461 γνώμας,

867 2519 982 2548 νΑΙὶῙΕ
1017 2516 1218 2546 LECTIONES.

268 2593 291 2609 “
305 2594 337 2627 τῇ
356 2593 387 2618 0.
403 2625 414 2627 Α
425 2591 446 2606 ⁸⁷
463 2590 522 2627 διζό
611 2588 633 2627 '_‘
644 2587 682 2627 l_t_a
697 2583 800 2627 0__etS
829 2593 854 2627 c_.
870 2587 979 2627 Epith.
1061 2582 1255 2627 ἐὺχῴμνεςιὶίιὲΓ

1311 2582 1333 2598 ⁸⁸
1354 2581 1487 2620 ὑποσταίη
1514 2580 1536 2607 0
1562 2580 1624 2620 0ηὸ
1639 2602 1646 2615 ,
1674 2582 1811 2620 time-gain
1825 2585 1860 2614 C.

232 2629 256 2645 "
271 2614 387 2654 ὲκέίξιᾶῖν
397 2625 420 2653 0
446 2614 531 2657 (εί-Π,
542 2614 639 2650 imm
649 2623 681 2650 C.
726 2623 749 2638 “
762 2621 825 2656 Leg.
840 2614 924 2657 ἔχητε
935 2621 963 2648 S.
979 2614 1152 2657 "'gdépt'C:
1169 2620 1205 2657 _"'
1219 2618 1346 2645 Fortasse
1356 2614 1528 2657 scribendum
1543 2615 1659 2657 τςρῴτως
1739 2618 1764 2634 ⁷⁸
1778 2614 1861 2657 ὲδῖαν-

231 2652 356 2694 τίοῐξ“υ.⁷
383 2652 455 2687 τίιιπ
477 2659 506 2687 S.
523 2652 597 2695 ὅμως
612 2658 642 2690 C.
662 2657 693 2695 ρ.
712 2658 755 2695 ﬂ"
768 2652 823 2695 éxﬁ
908 2655 964 2695 0.“
978 2656 1000 2672 "
1066 2652 1138 2695 ὲαςτά
1153 2654 1213 2695 sine
1226 2660 1309 2681 causa
1321 2661 1353 2679 ac
1367 2652 1447 2678 tacite
1461 2652 1575 2679 mulavit
1585 2652 1612 2678 in
1628 2652 1709 2687 μετά,
1724 2655 1802 2688 quod
1815 2663 1862 2682 re.

321 2696 351 2724 S.
392 2696 416 2712 "'
429 2689 593 2731 ἁπείρωῸξ
617 2694 640 2711 ⁷⁹
660 2693 754 2721 Scribe
767 2689 844 2718 τᾶἒν
857 2690 977 2718 Somni).
1016 2691 1039 2706 ⁸ο
1056 2689 1155 2726 χρῶμα
1166 2689 1197 2716 (ὲ.

874 2769 1056 2804 νΑιιιοιζυΜ
1073 2767 1191 2797 NOTAE.

268 2847 325 2888 (66)
337 2845 455 2881 Πρῶτον
465 2844 523 2908 {Aer
537 2844 672 2886 ὅτιτιξεῦ.

231 2888 257 2911 et
268 2884 371 2910 dwrum
387 2890 411 2909 ν.
426 2881 460 2909 29
492 2884 519 2908 et
533 2887 590 2915 seq.
604 2879 672 2907 (.or.

537 2843 620 2872 ὅτιτὸ
631 2843 758 2877 εὔλογον
769 2840 1014 2877 ἁρ’ἐαυτᾱη·,οιε.
1031 2837 1151 2874 Respicit
1170 2836 1204 2864 ad
1224 2834 1460 2863 decantatissimos
1480 2833 1589 2863 llcsiodi
1601 2841 1706 2861 versas.
1739 2835 1857 2870 Operam
