1942 3100
76 146 126 175 M9

644 145 873 176 CLEMENTINA.
891 162 925 168 —-
942 147 1084 177 HOHILIA
1100 146 1144 175 111.

1659 147 1708 177 150

80 203 147 241 μιτὰ
160 202 261 236 πολλὰς
269 203 382 242 ἡμέρας
391 202 473 241 ἦλθόν
482 213 556 238 τινες
565 205 620 233 τῶν
635 206 766 242 προόδων,
778 206 874 241 Πέτρῳ

933 210 988 234 iost
1006 206 1104 234 diebus
1119 209 1252 234 venerunt
1268 205 1382 240 quidam
1405 213 1501 234 eorum
1513 226 1521 240 ,
1543 206 1592 241 qui
1614 207 1710 242 pmire

79 250 215 285 λέγοντες-
232 250 328 286 Σίμων
352 251 461 288 μεγάλα
479 251 618 288 θαυμάσια
634 253 663 279 ὲν
684 252 766 288 Τύρῳ
789 251 873 279 ποιῶν

79 297 192 329 πολλοὺς
203 297 259 324 τῶν
276 297 337 324 ἐκεῖ
349 298 539 335 κατεπλήξατο
550 319 558 331 ,
574 299 621 326 καί
636 307 666 325 σε
687 298 797 331 πολλαῖς
815 298 874 326 δια-

80 343 172 374 ϐολαῖς
190 343 329 379 μισεῖσθαι
344 344 483 379 ἐποίησεν.

115 388 185 416 LIX.
211 389 305 416 Ταῦτα
321 389 443 422 ἀκούσας
456 389 470 416 6
486 389 603 425 Πέτρος,
615 390 649 425 τῇ
669 389 784 426 ἐπιούσῃ
797 388 875 415 νυκτὶ

79 435 135 462 τῶν
160 435 305 471 ἀκροατῶν
323 435 370 462 τὸν
385 435 462 471 ὁχλον
484 435 620 463 συνελθεῖν
643 435 785 471 ἐποίησεν·
799 434 876 471 όμῶς

81 481 258 510 συνελθοῦσιν
281 483 350 518 ἔφη·
374 481 528 518 Ὀρμῶντός
542 491 594 518 μου
608 482 632 499 ⁸³
646 482 687 515 είς
703 482 739 509 τὰ
755 481 818 517 ἔθνη
841 481 877 508 τὰ

82 528 199 561 πολλοὺς
214 529 295 561 θεοὺς
307 528 421 564 λέγοντα
434 548 441 561 ,
458 528 576 565 κηρῦξαι
592 529 640 557 καὶ
662 528 766 561 διδάξαι
780 529 821 556 δτι
836 525 877 560 εἷς

81 575 158 602 ἔστιν
171 576 186 602 ό
197 574 277 607 Θεὸς,
294 574 325 607 ὃς
347 574 460 610 οὐρανὸν
480 574 571 601 ἔκτισε
590 574 638 602 καὶ
652 574 704 610 γῆν
729 574 777 601 καὶ
791 574 826 600 τὰ
847 574 877 600 ιν

80 622 177 653 αὐτοῖς
197 621 289 649 πάντα
305 641 313 653 ,
341 621 415 653 ὁπως
437 621 629 657 ἀγαπήσαντες
654 621 736 649 αὑτὸν
759 621 877 657 σωθῆναι

81 666 247 702 δυνηθῶσιν,
261 666 435 702 προλαδοῦσα
449 667 466 702 ή
483 666 568 694 κακία
587 665 628 702 τῷ
637 666 661 682 ἰ
673 666 723 702 τῆς
748 665 878 700 συζυγίας

81 713 160 749 νόμῳ
182 712 384 749 προαπέστειλε
407 713 537 749 Σίμωνα,
551 712 597 740 ἶνα
616 713 641 740 οι
659 712 795 749 ἂνθρωποι
808 731 816 744 ,
829 711 878 738 ἐὰν

81 760 148 792 τοὺς
161 759 278 791 πολλοὺς
299 759 378 791 θεοὺς
392 759 482 794 λέγειν
504 759 673 791 παύσωνται,
697 758 879 793 καταγνόντες

80 806 139 834 τῶν
161 806 210 833 ἐπὶ
231 805 285 841 γῆς
308 805 462 841 λεγομένων
474 825 484 838 ,
499 805 530 832 ἐν
550 804 658 841 οὐρανῷ
674 803 788 836 πολλοὺς
800 803 879 835 θεοὺς

82 849 154 878 εἶναι
171 850 321 887 νομίσωσιν
330 850 354 866 ⁸⁸
364 858 372 865 ·
390 850 434 877 ῐνα
449 849 583 886 μηδέποτε
599 849 630 876 τδ
651 850 703 886 τῆς
729 848 878 885 μοναρχίας

924 252 1059 287 solebant,
1074 257 1102 280 et
1112 253 1242 280 dixerunt
1256 251 1337 280 Petro
1351 261 1358 279 :
1373 251 1469 279 Simon
1481 259 1594 288 magnas
1607 255 1710 289 prasti-

924 297 990 332 gias
999 297 1064 334 Tyri
1077 298 1184 326 edendo
1199 298 1302 326 multos
1317 298 1470 326 incolarum
1486 298 1612 333 perculit.
1630 303 1710 335 teque

924 344 1019 371 multis
1030 345 1176 372 calumniis
1189 345 1315 372 odiosum
1329 344 1456 372 reddidit.

961 389 1031 418 LIX.
1049 390 1116 424 Qua‘.
1140 396 1284 426 postquam
1308 390 1412 420 audivit
1432 389 1541 424 Petrus.
1556 390 1711 426 insequenti

925 441 1005 464 nocte
1032 437 1188 464 auditorum
1216 437 1324 464 turbam
1349 435 1413 465 fecit
1436 436 1604 470 convenire,
1628 441 1712 471 atque

926 484 1100 520 congregatis
1114 483 1184 512 dixit
1201 493 1208 511 :
1224 483 1294 511 Cum
1317 491 1368 519 ego
1380 491 1557 519 properarem
1572 483 1606 511 ad
1617 487 1712 518 gentes

925 538 987 566 qua:
1004 530 1105 558 multos
1117 530 1561 566 deosasserunt,praedicaturuset
1569 529 1711 562 docturus.

926 583 1011 604 unum
1019 584 1080 604 esse
1086 575 1170 604 Deum
1179 581 1330 605 creatorem
1337 576 1399 604 cmli
1410 579 1437 603 et
1449 579 1528 604 terra:
1534 575 1714 610 omniumque

927 631 989 659 quae
1003 623 1030 651 in
1046 623 1081 651 iis
1095 624 1282 658 continentur,
1296 631 1352 659 quo
1365 623 1465 652 dilecto
1475 627 1587 658 possent
1597 623 1712 651 salutem

927 667 1070 702 consequi,
1082 668 1253 703 praeveniens
1267 667 1371 696 malitia
1385 675 1419 696 ex
1440 667 1643 704 conjugationis
1656 668 1714 704 lege

928 714 1060 749 praemisit
1083 713 1223 742 Simonem
1239 734 1248 748 .
1275 718 1306 742 ut
1324 714 1450 743 homines
1463 734 1472 747 ,
1487 714 1511 742 si
1527 714 1597 742 forte
1611 714 1715 743 mullos

927 759 1006 794 deos,
1017 760 1155 788 damnatis
1169 761 1204 789 iis
1218 760 1265 796 qui
1278 760 1306 788 in
1321 765 1395 789 terra
1407 761 1546 794 dicuntur.
1559 760 1716 789 desinerent

928 804 1066 833 ailirmare
1077 827 1086 840 ,
1098 805 1156 841 jam
1174 806 1277 834 multos
1290 808 1318 835 in
1346 806 1416 834 caelo
1439 807 1557 835 existere
1570 811 1713 842 putarent;

929 859 996 887 quo,
1013 852 1078 879 dum
1093 853 1261 881 monarchiae
1274 860 1322 882 seu
1345 852 1458 883 unitatis
1472 852 1520 881 Dei
1533 854 1635 881 bonum
1652 853 1716 881 nul-

81 897 253 933 τιμήσαντες
269 896 351 924 καλὸν
367 896 408 928 είς
418 895 450 923 τὸ
463 895 593 928 παντελὲς
606 895 674 931 μετὰ
688 896 798 923 κόλασιν
812 895 879 923 ἀπό-

933 897 1038 926 latenus
1055 899 1082 926 in
1097 899 1185 934 pretio
1201 899 1312 933 habent,
1324 899 1352 926 in
1366 903 1527 935 perpetuum
1537 904 1600 934 post
1613 899 1717 935 suppli-

81 942 194 970 λωνται.
210 942 267 969 Καὶ
279 941 309 968 τὺ
323 941 481 975 δεινότατον⁹
498 941 560 968 ἐπεὶ
567 941 670 978 ἀληθὴς
680 941 757 976 λόγος
769 941 878 977 ἀπαρά-

82 989 184 1025 σλητον
203 988 281 1024 ἰσχὺν
296 987 369 1023 εχει.
381 986 581 1023 προλαμϐάνων
598 987 659 1018 ταῖς
669 985 806 1018 διαϐολαῖς
819 985 880 1012 πεί-

84 1035 126 1064 θει
144 1035 247 1066 αὐτοὺς
261 1033 341 1066 αὐτὸ,
360 1034 438 1068 ιιι
457 1033 525 1069 μηδὲ
537 1033 587 1069 τήν
597 1033 684 1069 ἀρχὴν
700 1032 879 1066 ἀναδέξασθαί

85 1090 137 1117 μου
142 1081 177 1097 ⁸⁸⁸
183 1082 223 1116 μή
230 1089 289 1112 πως
295 1081 310 1107 6
316 1079 465 1107 διαῦάλλων
471 1080 552 1112 αὐτὸς
556 1079 596 1115 τῷ
606 1079 661 1106 ὁντι
670 1079 792 1112 διάϐολος
801 1080 879 1115 ὲλεγ-

84 1127 136 1164 χθῇ
150 1147 160 1159 ,
181 1127 230 1154 καὶ
254 1127 269 1153 6
293 1125 396 1162 ἀληθὴς
411 1125 488 1160 λόγος
512 1125 679 1161 ἀναδειχθεὶς
702 1125 880 1162 πιστευθῆναι

84 1173 196 1209 δυνηθῇ.
214 1173 276 1208 Χρὴ
296 1170 342 1199 οὖν
367 1181 401 1208 με
416 1172 522 1208 ταχέως
543 1172 626 1199 αὑτὸν
649 1173 879 1207 ὲπικαταλαὸεῖν,

85 1220 130 1248 ἵνα
143 1220 181 1256 μὴ
195 1220 215 1255 ή
230 1219 340 1256 διαϐολὴ
352 1219 533 1255 ἑγχρονίσασα
546 1218 688 1252 παντελῶς
698 1219 807 1248 πάντων
818 1220 879 1248 επι-

85 1266 213 1302 κρατήσῃ
223 1265 257 1292 ⁸⁷-

120 1310 179 1338 LX.
207 1310 284 1338 Ἐπεὶ
295 1307 343 1338 οὖν
358 1310 399 1337 δεῖ
413 1318 473 1338 τινα
491 1311 581 1347 ὁρίσαι
596 1312 654 1339 ἀντ’
670 1311 738 1348 ἐμοῦ
754 1311 802 1340 τὸν
812 1312 880 1348 ἐμὸν

85 1356 296 1392 ἀναπληροῦντα
314 1356 397 1384 τόπον
409 1376 418 1389 ,
435 1357 485 1393 μιᾷ
504 1357 662 1394 προαιρέσει
677 1357 819 1394 δεηθῶμεν
832 1357 880 1385 τοῦ

86 1403 155 1430 Θεοῦ
166 1403 191 1420 ⁸³
214 1403 238 1429 οἱ
262 1403 363 1434 πάντες
375 1422 382 1435 ,
397 1403 472 1434 ὅπως
493 1402 548 1429 τῶν
563 1403 649 1430 ὄντων
669 1404 698 1430 ὲν
719 1405 786 1440 ήμῖν
801 1403 847 1431 τὸν
857 1404 880 1421 ⁸⁹

87 1449 232 1485 κρείττονα
247 1449 328 1481 αὐτὸς
346 1448 480 1484 πρόδηλον
493 1450 594 1485 ποιήσῃ
605 1469 613 1481 ,
629 1450 674 1477 ἵνα
689 1450 736 1477 ἐπὶ
748 1451 798 1486 τῆς
811 1450 880 1487 Χρι-

89 1495 152 1522 στοῦ
168 1494 303 1531 καθέδρας
318 1494 460 1527 καθεσθεὶς
475 1495 525 1531 τὴν
540 1495 625 1522 αότοῦ
647 1496 815 1532 Ἐκκλησίαν
833 1496 880 1524 εὐ-

89 1540 178 1573 σεὸὦς
199 1541 339 1577 οίκονομῇ.
364 1541 413 1573 Τίς
435 1541 490 1578 ἄρα
513 1541 687 1578 ὁρισθήσεται
710 1541 801 1575 ;Θεοῦ
826 1542 882 1578 γὰρ

89 1586 173 1622 βουλῇ
186 1587 210 1603 ⁹⁹
221 1587 411 1614 ἀναδείκνυται
425 1587 561 1623 μακάριος
578 1588 592 1614 6
609 1587 751 1624 ἅνθρωπος
762 1589 879 1622 ἐκεῖνος,

90 1634 122 1661 ὃν
146 1635 315 1670 καταστήσει
335 1635 350 1661 6
373 1633 467 1670 κύριος
483 1633 566 1661 αὑτοῦ
590 1633 637 1661 ἐπὶ
663 1634 712 1670 τῆς
736 1634 884 1671 θεραπείας

88 1680 144 1708 τῶν
171 1680 321 1707 συνδούλων
344 1679 427 1707 αὑτοῦ
439 1699 448 1712 .
461 1679 509 1706 τοῦ
529 1679 629 1707 διδόναι
651 1680 742 1712 αὐτοῖς
756 1680 806 1714 τὰς
820 1690 883 1717 τρο-

89 1725 142 1760 φὰς
162 1726 193 1752 ἑν
215 1725 304 1761 καιρῷ
322 1724 412 1752 αὐτῶν
424 1745 432 1757 ,
453 1726 489 1762 μή
517 1725 690 1761 ἐννοούμενον
704 1727 752 1753 καὶ
772 1726 884 1762 λέγοντα

89 1770 118 1797 ἐν
144 1771 178 1806 τῇ
203 1769 304 1806 καρδίᾳ
331 1769 579 1805 αὑτοῦσσΧρονίζει
602 1771 617 1798 ό
639 1770 733 1807 κύριός
759 1780 810 1808 μου
841 1771 885 1798 ὲλ-

90 1815 160 1843 θιῐν·
179 1816 228 1843 καὶ
252 1814 371 1852 ἄρξηται
387 1816 498 1842 τύπτειν
519 1816 583 1848 τοὺς
610 1816 768 1850 συνδούλους
789 1817 883 1852 αὐτοῦ,

91 1860 186 1887 ὲσθίων
199 1861 249 1887 καὶ
262 1861 347 1888 πίνων
362 1860 432 1896 μετά
444 1869 474 1887 τι
490 1860 512 1877 ³³
525 1860 632 1897 πύρνων
652 1862 699 1889 καὶ
716 1862 882 1898 μεθυόντων·

91 1907 137 1934 καὶ
156 1906 219 1942 ήξει
232 1907 247 1933 ό
263 1906 358 1942 κύριος
372 1906 395 1922 ⁹¹
411 1905 458 1933 τοῦ
472 1906 565 1934 δούλου
576 1907 681 1934 ἐκείνου
697 1908 727 1935 ὲν
743 1907 802 1944 ὥρᾳ
815 1905 833 1945 ᾖ
853 1916 883 1936 ου

91 1953 231 1989 προσδοκᾷ
242 1972 251 1985 ,
268 1953 316 1980 καὶ
329 1953 359 1979 ὲν
373 1952 466 1989 ἡμέρᾳ
480 1949 498 1990 ᾗ
511 1953 544 1980 οὐ
559 1952 690 1988 γινώσκει
700 1974 708 1986 ,
725 1955 772 1981 καὶ
784 1954 885 1990 διχοτο-

92 2000 172 2035 μήσῑι
188 1999 283 2031 αὐτὸν,
299 1999 347 2026 καὶ
360 1998 392 2026 τδ
402 1998 535 2026 ἀπιστοῧν
548 1999 632 2027 αὑτοῦ
649 2000 732 2036 μέρος
749 2000 819 2036 μετὰ
831 2000 885 2027 τῶν

91 2045 250 2082 ὑποκριτῶν
266 2045 354 2080 θήσει.
362 2056 372 2074 ι

124 2090 195 2119 LXI.
209 2091 243 2118 El
257 2091 286 2118 δέ
301 2099 343 2124 τις
353 2090 408 2118 τῶν
418 2090 609 2125 παριστάντων,
619 2091 729 2119 διοικεῖν
738 2091 885 2127 δυνάμενος

90 2137 137 2173 τὴν
151 2137 351 2173 ἀγνωμοσύνην
364 2137 419 2165 τῶν
431 2137 596 2174 ἀνθρώπιον,
614 2138 819 2169 ὑποστέλλεται,
835 2138 885 2174 τῆς

91 2183 172 2210 αὐτοῦ
183 2183 367 2215 ἀναπαύσεως
377 2183 527 2218 φροντίζων
538 2183 633 2219 μόνης,
645 2184 692 2211 καὶ
704 2183 787 2215 αὐτὸς
801 2192 886 2218 προσ-

91 2229 196 2256 δοκάτω
201 2228 328 2256 ἀκοῦσαι·
338 2229 432 2256 Act-1.1.3
437 2228 550 2262 πονηρὲ
555 2229 604 2255 καὶ
612 2228 730 2263 ὀκνηρέ,
738 2229 798 2256 ἔδει
808 2236 845 2256 σε
851 2228 885 2255 τὸ

94 2275 173 2310 112
184 2275 329 2309 ἀργύριόν
335 2284 394 2309 μου
401 2274 561 2309 προϐαλεῖν
566 2274 615 2301 ἐπὶ
625 2274 685 2301 τῶν
694 2273 883 2309 τραπεζὶτῶν,

92 2320 140 2349 καὶ
155 2320 215 2355 ἐγὼ
225 2320 265 2347 ἄν
274 2320 372 2348 ἐλθὼν
381 2320 497 2355 ἔπραξα
506 2320 539 2348 τὸ
549 2321 622 2356 ἐμόν
629 2329 635 2335 ·
646 2320 786 2348 ἐκϐάλετε
795 2320 818 2336 ⁸³
832 2320 885 2347 τὸν

93 2366 214 2401 ἀμῖον
219 2366 383 2400 δοῦλον-εις
391 2367 424 2394 τὸ
433 2367 542 2401 σκότος
548 2367 580 2394 τὸ
591 2367 746 2401 ἐξώτερον,
753 2367 807 2394 Καὶ
814 2367 886 2394 εὐλό-

95 2421 159 2447 γως.
180 2413 234 2440 Σοῦ
248 2413 304 2449 γὰρ
314 2432 322 2446 ,
335 2413 427 2449 φησὶν,
444 2412 582 2450 ἄνθρωπε,
597 2413 659 2445 τοὺς
675 2413 769 2447 λόγους
783 2421 833 2449 μου
846 2412 884 2444 ὡς

97 2458 226 2495 ἀργύριον
243 2459 291 2486 ἐπὶ
307 2458 477 2494 τραπεζιτῶν
499 2459 619 2494 βαλείν⁹⁸
634 2459 680 2486 καὶ
699 2458 737 2490 ὡς
755 2459 884 2495 χρήματα

95 2504 250 2541 δοκιμάσαι.
279 2505 316 2531 Τὸ
341 2503 388 2532 οὗν
411 2505 511 2541 πλῆθος
525 2505 580 2532 τῶν
596 2505 699 2532 πιστῶν
720 2505 760 2531 δεῖ
776 2505 815 2532 ἑνί
830 2513 883 2532 τινι

97 2551 254 2583 πείθεσθαι,
272 2552 317 2578 ἳνα
337 2551 424 2583 οὓτως
448 2552 477 2579 ὲν
493 2551 604 2587 ὁμονοίᾳ
623 2551 751 2578 διατελεῖν
771 2551 883 2587 δυνηθῇ.

97 2597 131 2624 T6
144 2597 198 2634 γὰρ
220 2598 262 2630 εἰς
281 2597 370 2634 ἀρχὴν
394 2598 457 2633 μιᾶς
477 2597 559 2633 λῆγον
574 2597 715 2630 ἐξουσίας,
738 2597 886 2634 μοναρχίας

895 1564 917 1594 C

929 943 973 972 cia
989 943 1135 972 intereant.
1151 943 1286 980 Quodque
1309 945 1458 979 pessimum
1474 949 1516 973 est
1527 965 1536 978 ,
1549 945 1613 980 quia
1635 953 1717 974 verus

929 996 1021 1017 sermo
1045 989 1291 1024 incomparabilem
1317 989 1400 1017 habet
1414 989 1468 1017 vim
1479 1010 1488 1024 ,
1501 990 1655 1026 anticipans
1671 989 1717 1018 Si-

930 1043 995 1063 mon
1020 1035 1167 1064 calumniis
1189 1036 1334 1072 persuadet
1356 1037 1514 1066 hominibus
1541 1045 1575 1066 ne
1595 1045 1640 1065 me
1660 1037 1718 1065 ullo

930 1081 1014 1109 modo
1029 1081 1175 1117 recipiant,
1191 1090 1226 1110 ne
1240 1081 1326 1116 forte,
1343 1083 1391 1118 qui
1409 1083 1607 1116 calumniatur,
1622 1091 1718 1112 revera

929 1133 991 1154 esse
1007 1126 1192 1154 calumniator
1207 1127 1444 1162 deprehendatur,
1461 1133 1489 1156 et
1509 1135 1543 1156 ne
1559 1135 1639 1156 verus
1659 1135 1718 1156 ser-

930 1179 976 1200 mo
988 1192 997 1207 ,
1015 1180 1078 1201 cum
1104 1172 1188 1201 fuerit
1210 1172 1362 1208 patefactus
1373 1193 1382 1206 ,
1396 1175 1471 1202 credi
1492 1165 1588 1210 possit.
1605 1172 1720 1210 Oportet

928 1225 995 1254 ergo
1007 1226 1051 1246 me
1064 1218 1120 1246 cito
1137 1219 1277 1246 hominem
1295 1218 1457 1255 assequi,ut
1469 1227 1503 1248 ne
1509 1219 1648 1248 calumnia
1660 1219 1719 1248 diu-

931 1264 986 1293 tius
1005 1264 1150 1293 immorata
1169 1273 1265 1294 omncs
1277 1266 1386 1302 penitus
1402 1266 1522 1295 invadat.

967 1309 1025 1338 LX.
1050 1310 1187 1344 Quoniam
1205 1311 1289 1346 igitur
1312 1319 1427 1340 necesse
1439 1316 1484 1340 est
1496 1311 1597 1347 aliquis
1616 1311 1722 1340 consti-

930 1360 1024 1384 tuatur
1039 1357 1087 1392 qui
1098 1364 1190 1386 meum
1205 1357 1331 1393 suppleat
1347 1357 1449 1392 locum,
1466 1365 1522 1386 uno
1530 1357 1624 1386 animo
1634 1356 1719 1385 Deum

931 1403 1023 1431 cuncti
1039 1410 1168 1436 oremus,
1185 1408 1216 1431 ut
1233 1411 1329 1431 eorum
1346 1403 1395 1439 qui
1412 1403 1483 1431 inter
1503 1411 1554 1431 nos
1569 1407 1634 1431 sunt
1649 1411 1721 1438 prte-

931 1450 1134 1477 stantissimum
1159 1449 1334 1484 maniiestet,
1358 1457 1415 1488 quo
1436 1448 1535 1479 sedens
1562 1450 1590 1479 in
1617 1449 1721 1479 Christi

932 1494 1063 1524 cathedra
1089 1495 1177 1530 ipsius
1201 1494 1353 1524 Ecclesiam
1378 1496 1422 1532 pie
1446 1496 1627 1527 administret.
1652 1495 1722 1530 Quis

934 1547 1026 1569 autem
1041 1540 1246 1577 designabitur‘l
1262 1541 1310 1570 Dei
1333 1542 1433 1578 quippe
1449 1542 1641 1578 pronuntiatur
1656 1549 1722 1570 conn

934 1587 997 1615 silio
1014 1587 1113 1616 beatus
1129 1588 1175 1616 ille
1192 1589 1286 1621 homo,
1301 1596 1383 1624 quem
1397 1588 1545 1616 constituet
1557 1587 1618 1623 ejus
1632 1586 1722 1615 domi-

934 1643 987 1663 nus
1003 1642 1085 1670 super
1099 1634 1266 1663 famulitium
1283 1642 1477 1663 conservorum
1495 1641 1608 1662 suorum
1619 1653 1627 1667 ,
1639 1633 1722 1661 utdet

933 1681 989 1710 illis
1006 1681 1099 1709 cibum
1113 1681 1141 1709 in
1157 1685 1279 1717 tempore
1289 1701 1296 1713 ,
1312 1680 1359 1716 qui
1376 1688 1430 1708 non
1445 1680 1547 1716 cogitat
1563 1685 1595 1707 ac
1609 1678 1676 1707 dicit
1692 1679 1721 1706 in

933 1725 1016 1754 corde
1024 1733 1110 1754 suo”
1121 1725 1223 1754 Moram
1242 1725 1310 1754 facit
1324 1725 1451 1753 dominus
1468 1733 1546 1753 meus
1561 1724 1655 1752 venire
1672 1733 1680 1752 :
1697 1723 1722 1751 si

933 1772 1008 1800 enim
1024 1772 1066 1800 sic
1080 1772 1197 1808 coeperit
1213 1777 1357 1808 percutere
1367 1779 1533 1804 conservos.
1551 1770 1722 1799 manducans

933 1823 961 1847 et
970 1818 1068 1846 bibens
1085 1826 1148 1847 eum
1165 1819 1358 1847 meretricibus
1374 1826 1406 1846 ac
1419 1818 1551 1851 ebriosis,
1569 1817 1659 1845 veniet
1672 1817 1722 1845 do-

934 1863 1027 1892 minus
1041 1864 1114 1892 servi
1124 1864 1199 1892 illius
1212 1864 1240 1892 in
1254 1865 1322 1892 hora
1346 1872 1400 1900 qua
1415 1872 1470 1891 non
1487 1867 1579 1899 sperat
1592 1866 1619 1891 et
1636 1863 1662 1890 in
1677 1863 1723 1891 die

935 1918 991 1945 quo
1013 1910 1100 1938 nescit
1117 1930 1125 1944 ,
1143 1914 1171 1938 et
1186 1909 1290 1938 dividet
1306 1917 1368 1937 eum
1382 1930 1389 1943 ,
1405 1913 1565 1945 partemque
1584 1908 1646 1943 ejus
1660 1907 1725 1936 inii-

934 1955 1022 1984 delem
1038 1961 1121 1992 ponet
1135 1964 1198 1984 cum
1215 1955 1365 1992 hypocritis
1382 1961 1407 1983 ι.
1426 1963 1435 1980 ι

971 2090 1040 2119 LXI.
1058 2089 1136 2124 Quod
1150 2090 1174 2118 si
1196 2089 1259 2126 quis
1273 2089 1421 2117 astanlium
1433 2109 1441 2120 .
1455 2097 1517 2117 cum
1533 2089 1620 2124 possit
1634 2087 1724 2116 homi-

936 2145 1002 2165 num
1019 2136 1220 2172 improbitatem
1236 2143 1344 2170 regere,
1362 2139 1452 2163 tamen
1466 2135 1609 2167 detrectat,
1624 2134 1659 2162 de
1672 2141 1723 2162 sua

937 2182 1026 2210 solum
1040 2181 1132 2217 quiete
1146 2181 1282 2209 sollicitus
1294 2201 1302 2215 ,
1319 2185 1347 2208 et
1362 2181 1421 2216 ipsc
1444 2185 1586 2216 exspectet
1602 2180 1699 2208 audire
1714 2188 1722 2207 :

938 2227 1016 2255 Serve
1038 2227 1108 2254 male
1122 2231 1147 2254 et
1165 2227 1258 2262 piger,
1283 2227 1399 2264 oportuit
1423 2231 1446 2254 te
1467 2227 1570 2254 tradere
1583 2226 1724 2262 pecuniam

937 2281 1022 2300 meam
1039 2272 1245 2306 nummulariis,
1258 2277 1282 2299 et
1302 2280 1348 2308 ego
1373 2273 1476 2299 veniens
1492 2271 1635 2307 exegissem
1654 2271 1732 2307 quod-

937 2327 1024 2346 meum
1038 2323 1086 2346 est.
1104 2318 1201 2354 Ejicile
1215 2319 1336 2346 inutilem
1359 2327 1461 2353 servum
1475 2318 1502 2346 in
1517 2319 1635 2346 tenebras
1648 2323 1724 2345 exte-

938 2366 1020 2393 riom
1036 2365 1061 2392 b.
1093 2364 1127 2392 Et
1151 2365 1260 2392 merito.
1291 2363 1381 2392 Tuum
1398 2365 1470 2392 enim
1483 2385 1490 2398 ,
1506 2363 1612 2400 inquit,
1630 2367 1689 2396 est,
1707 2371 1724 2391 ο

938 2411 1031 2444 homo,
1048 2411 1166 2446 probare
1178 2410 1260 2438 verba
1274 2418 1350 2444 mea,
1368 2414 1497 2446 tanquam
1509 2409 1580 2445 apud
1595 2416 1726 2437 nummu-

937 2456 1023 2484 larios
1037 2460 1178 2492 argentum
1195 2460 1223 2484 et
1239 2456 1383 2491 pecuniam
1403 2456 1530 2492 pendere.
1547 2455 1642 2490 itaque
1655 2455 1725 2482 iide-

937 2502 1005 2530 lium
1023 2503 1168 2531 multitudo
1184 2503 1231 2530 uni
1248 2502 1330 2530 debet
1345 2502 1468 2536 credere,
1486 2507 1517 2529 ut
1531 2501 1568 2529 ita
1581 2501 1669 2536 possit
1684 2501 1725 2528 vi—

937 2557 1002 2577 vere
1017 2549 1199 2578 concorditer.
1224 2548 1303 2583 Quod
1326 2549 1399 2576 enim
1424 2548 1451 2576 in
1481 2548 1565 2576 unius
1581 2547 1725 2583 potestatis

939 2595 1085 2630 imperium
1101 2595 1213 2630 desinit,
1233 2595 1401 2624 monarchiae
1419 2592 1672 2629 repraesentatione,
1686 2592 1726 2620 [ο-

128 2673 142 2688 ι
159 2666 258 2695 Matth.
273 2674 353 2700 xxxv,
367 2665 419 2699 £8;
432 2665 498 2694 Luc.
510 2673 560 2700 xu,
571 2666 617 2693 42.
661 2667 676 2687 b
695 2665 790 2694 Matth.
804 2673 874 2698 xxv,
886 2663 935 2697 26;
948 2664 1017 2693 Luc.
1035 2673 1094 2700 nx,
1109 2664 1155 2694 22.

747 2743 866 2772 VARIE
890 2742 1093 2771 LECTIONES.

127 2827 259 2869 ⁸³έιτειδὴ

97 2829 149 2889 ο.”
157 2829 260 2890 έτὲἒῖθλυ
272 2829 489 2896 Ψιὲζῖῗεξῶῇἒζ
503 2829 749 2896 ’ἐξέρείὲ
757 2829 787 2886 ἕ

339 2824 419 2855 ἰιντός
438 2831 488 2858 μου
503 2830 530 2858 ρ.
542 2823 681 2860 ὀρμῶντός
699 2831 749 2859 μου
764 2823 794 2851 0.
833 2823 938 2860 ’δαὺτῷ
950 2824 982 2852 C.
1021 2822 1081 2848 "vo
1106 2821 1208 2849 ίσουσιν
1220 2820 1252 2850 C.
1289 2819 1312 2836 ⁸⁶
1323 2820 1393 2854 Lege
1405 2819 1439 2856 μέ
1451 2819 1481 2860 8ἶ
1518 2817 1611 2845 "tam
1646 2817 1724 2852 τήσει

344 2859 489 2890 δεηθῶμεν
510 2857 542 2886 C.
593 2858 669 2885 ¹⁹τόν
681 2866 735 2886 om.
757 2858 787 2886 C.
845 2859 949 2887 "tuo
976 2866 1001 2889 c.
1017 2856 1038 2883 Ι)
1053 2877 1061 2888 .
1077 2831 1203 2890 iam}.
1259 2857 1279 2874 ·¹
1300 2856 1330 2882 τέ
1346 2857 1580 2890 praetermiserunt
1594 2825 1647 2882 Cia
1647 2856 1676 2881 et
1692 2850 1720 2879 S.

1259 2857 1279 2874 ·¹
1300 2856 1330 2882 τὲ
1346 2850 1580 2892 [traici-miserunt
1594 2850 1626 2882 Cl
1647 2850 1678 2881 et
1692 2850 1720 2879 S.

96 2898 120 2914 "
137 2899 244 2928 ὶκείνου
262 2898 372 2927 excidit
388 2892 480 2930 'ap.'Cl
503 2898 530 2922 et
544 2893 572 2922 S.
610 2893 773 2929 ’δὲμὸάλετε
784 2894 815 2922 0.
843 2895 966 2931 ’δβαλεῖν
980 2892 1092 2929 adiunxi
1103 2901 1127 2921 c.
1144 2892 1176 2921 0.
