1942 3100
90 133 132 164 l5
655 140 871 171 CLEMENTINA

932 143 1074 172 IIOIILIA
1088 143 1132 172 III.

1661 146 1715 176 158

93 192 213 230 σωτηρίας
224 213 233 227 ,
260 193 336 231 ὑπὲρ
352 194 450 223 αὐτῶν
465 196 476 212 ¹
492 196 648 233 οἰκονομίας
662 198 710 225 καὶ
732 199 782 234 σῆς
805 199 871 234 ὠφε-

929 205 971 228 ter
985 201 1173 236 episcopatum
1191 200 1338 237 suscipias,
1354 206 1464 238 propter
1477 202 1637 238 Christum,
1663 213 1714 241 pro

95 240 168 273 llius.

123 328 201 357 LXV.
217 329 274 357 Καὶ
288 329 320 357 τδ
334 329 433 366 ἕτερον
448 331 477 358 δὲ
487 330 605 366 λόγισαι,
617 331 670 364 ὃτι,
681 331 776 368 ὥσπερ
789 332 879 368 κάμα-

90 383 132 402 ςον
147 376 195 402 καὶ
217 375 341 403 κίνδυνον
363 376 422 412 εχει
446 377 478 404 τὸ
495 377 546 413 τὴν
573 378 693 414 Χριστοῦ
716 379 879 415 Ἐκκλησίαν

89 422 249 457 οἰκονομεῖν,
269 423 391 459 τοσούτῳ
409 423 510 459 μείζων
530 425 544 451 ὸ
561 424 665 460 μισθός·
691 425 748 452 ἀλλ’
767 425 806 452 ἐτι
824 426 878 462 μὴν

88 469 133 494 καὶ
147 469 163 504 ή
180 468 292 500 κόλασις
304 469 405 505 μείζων
418 469 457 505 τῷ
472 470 612 506 δυναμένῳ
629 471 676 498 καὶ
690 471 875 507 ἀπειθήσαντι.

88 513 220 550 Βούλομαι
235 512 292 547 οὖν,
303 515 538 552 πολυμαθέστερον
547 515 624 548 εἰδώς
631 525 661 543 σε
670 516 725 544 τῶν
737 517 878 553 παρεστώ-

86 568 149 591 των,
169 560 302 592 δανείζειν
318 561 328 576 ⁸
345 561 430 592 καλὰς
445 561 566 597 γνώμας,
580 561 614 594 ἃς
627 562 703 598 παρὰ
716 563 764 590 τοῦ
774 563 877 599 Κυρίου

87 606 278 633 πεπίστευσαι·
305 607 378 639 Ἰνα,
393 607 445 640 Εὖ,
463 607 555 635 δοῦλε
588 608 680 644 ἀγαθὲ
702 608 752 635 καὶ
777 608 875 641 πιστὰ,

86 651 217 689 ἀκούσῃς,
235 653 284 679 καὶ
301 653 338 688 μὴ
355 654 365 670 ¹
382 653 477 690 ὥσπερ
493 655 508 681 ό
523 654 554 680 τὸ
567 654 596 681 ἒν
605 654 766 691 ἀποκρύψας
779 654 877 682 τάλαν-

85 706 140 729 τον,
158 698 286 734 ἔγκλημα
309 699 398 726 λαϐὼν
422 699 532 727 κολάσει
548 700 698 732 ὑπεύθυνος
725 701 874 737 ἀναφανῇς.

85 743 117 770 Εἰ
130 744 159 771 δὲ
178 744 217 780 μὴ
236 744 324 779 βούλει
341 745 443 779 ἀγαθὸς
455 745 540 781 φύλαξ
552 747 719 782 καταστῆναι
729 747 740 763 ⁸
752 747 800 783 τῆς
820 748 878 774 Ἐκ-

84 789 208 825 κλησίας,
224 790 316 826 ἕτερον
326 791 386 818 ἀντὶ
403 791 450 818 σοῦ
463 792 592 828 μήνυσον,
610 792 656 820 σοῦ
674 792 876 828 πολυμαθέστε-

86 844 130 871 ρον
145 837 192 863 καὶ
209 836 378 873 πιστότερον.
477 838 487 854 ⁸
498 838 529 865 οὺ
541 837 646 870 δώσεις·
660 839 692 866 σὺ
707 839 762 875 γὰρ
779 839 826 866 καὶ
835 838 874 874 τῷ

930 245 1045 274 fratrum
1057 247 1155 281 salute,
1168 255 1218 283 pro
1233 248 1391 276 earumdem
1405 249 1613 285 gubernatio-ie,
1625 256 1652 280 et
1667 257 1714 282 tua

929 293 1056 322 utilitate.

965 338 1048 368 LXV.
1061 339 1143 367 Aliud
1157 339 1239 368 etiam
1253 345 1362 376 reputa,
1376 342 1461 377 quod,
1484 342 1556 370 sicut
1571 343 1665 372 labore
1686 349 1716 374 et

929 385 1053 420 periculo
1067 394 1122 414 non
1141 391 1225 420 caret,
1253 387 1407 423 gubernare
1429 387 1580 417 Ecclesiam
1599 390 1713 423 Christi.

928 431 1065 467 eomajor
1089 436 1130 460 est
1146 440 1262 466 merces,
1286 433 1334 461 sed
1349 439 1376 461 et
1400 434 1489 470 major
1513 443 1593 470 pinna
1612 436 1639 464 ei
1666 437 1714 472 qui

929 481 1030 512 potest,
1044 483 1155 506 recusat
1176 483 1278 506 tamen.
1295 479 1384 515 Cupio
1405 479 1498 516 igitur,
1511 481 1559 517 qui
1582 486 1608 509 te
1627 483 1712 510 sciam

928 523 1077 551 astantium
1089 524 1318 558 eruditissimum,
1333 526 1433 554 [ωηοτί
1443 527 1492 554 des
1509 527 1639 562 pulchras
1648 537 1713 556 sen-

929 569 1038 603 tentias,
1056 578 1118 606 quae
1143 571 1191 598 tibi
1217 579 1232 598 a
1248 571 1365 600 Domino
1379 573 1485 600 tradita:
1499 578 1582 608 sunt;
1607 579 1637 603 ut
1660 583 1712 603 au-

927 615 1005 643 dias:
1018 615 1091 651 Euge
1103 625 1174 644 urve
1187 617 1251 644 bone
1264 623 1288 645 et
1303 618 1390 653 ﬁdelis
1404 625 1429 652 ι,
1453 623 1481 647 et
1505 627 1570 654 non,
1582 622 1714 656 quemad-

927 661 1040 689 modum
1051 662 1099 697 qui
1110 670 1196 690 unum
1213 663 1344 691 talentum
1360 665 1513 698 abscondit,
1535 666 1712 701 opprobrium

926 707 1010 740 feras,
1020 713 1048 736 et
1058 709 1194 738 obnoxius
1205 710 1339 745 supplicio
1349 711 1507 740 declareris.
1521 712 1569 740 Sin
1580 721 1646 740 vero
1657 721 1712 741 non

925 754 969 782 vis
984 754 1075 782 bonus
1086 754 1215 783 Ecclesiat
1225 756 1354 784 constitui
1378 762 1472 785 custos
1482 778 1490 791 ,
1508 758 1593 786 alium
1621 767 1671 794 pro
1686 764 1713 787 te

925 799 1026 833 indica,
1040 800 1087 835 qui
1099 806 1125 829 te
1136 801 1172 829 sit
1185 801 1291 829 doctior
1306 810 1340 830 ac
1350 802 1465 831 ﬁdelior.
1487 803 1540 831 Sed
1552 813 1607 832 non
1621 805 1711 839 dabis,

926 850 954 874 tu
968 847 1041 874 enim
1053 851 1081 874 et
1092 855 1154 874 eum
1167 847 1284 875 Domino
1299 853 1424 877 versatus
1435 858 1465 878 es
1476 858 1509 878 ac
1521 851 1613 879 vidisti
1627 851 1712 878 mira-

84 881 179 917 Κυρὶῳ
203 882 296 918 συνῆς,
313 884 360 910 καὶ
384 883 434 916 τὰς
449 883 617 920 θαυμασίους
636 885 750 921 πράξεις
768 885 871 922 ἱστόρη-

925 892 990 920 bilia
1002 899 1096 928 opera,
1111 898 1137 922 et
1147 893 1275 922 Ecclesiae
1293 895 1557 924 administrationem
1578 897 1710 926 didicisti.

84 935 142 959 σας,
158 929 205 954 καὶ
220 928 350 965 διοίκησιν
370 930 531 966 Ἑκκλησίας
547 931 717 967 μεμάθηκας.

116 973 212 1002 LXVI.
231 976 287 1002 Καὶ
304 975 350 1003 σοῦ
362 976 411 1012 μὲν
424 976 504 1013 ἔργον
515 966 710 1007 εστλλελεῦειν
723 977 742 1006 ἃ.
757 978 808 1011 δεῖ,
819 978 875 1006 τῶν

83 1021 205 1055 ἀδελφῶν
218 1022 251 1053 ‘°,
270 1022 394 1050 ὑπείκειν
412 1024 460 1050 καὶ
483 1024 521 1060 μὴ
545 1024 678 1052 ἀπειθεῖν.
702 1023 875 1058 Ὑπείξαντες

84 1068 132 1103 μὲν
147 1066 195 1095 οὖν
215 1068 394 1104 σωθήσονται,
417 1069 615 1106 ἀπειθήσαντες
633 1070 662 1097 δὲ
679 1070 732 1098 ὑπὸ
746 1070 794 1098 τοῦ
809 1072 875 1107 Χρι-

84 1112 145 1139 στοῦ
162 1114 184 1130 “
196 1114 421 1150 κολασθήσονται,
432 1115 473 1143 ὃτι
484 1116 498 1142 ό
507 1116 741 1152 προκαθεζόμενος
755 1116 874 1153 Χριστοῦ

82 1160 162 1187 τόπον
178 1160 370 1189 ππίστευται.
382 1161 428 1188 Διὸ
442 1162 500 1198 ήτοι
512 1163 578 1198 τιμὴ
588 1163 605 1198 ἢ
622 1162 700 1199 ὕϐρις
708 1163 754 1191 τοῦ
771 1172 874 1200 προκα-

83 1205 227 1241 θεζομένου
241 1207 281 1238 είς
288 1207 405 1243 Χριστὸν
416 1208 542 1244 φέρεται,
554 1209 632 1244 115
645 1209 699 1236 ἀπὸ
711 1209 740 1236 δὲ
754 1209 873 1246 Χριστοῦ

82 1253 121 1284 είς
137 1252 205 1279 Θεὸν
221 1253 244 1268 “
261 1254 437 1290 ἀναφέρεται.
461 1255 547 1282 Τοῦτο
563 1255 591 1282 δὲ
613 1256 729 1292 ετρηκα,
756 1256 800 1283 ἵνα
826 1257 873 1283 καὶ

82 1299 157 1325 αὐτοὶ
168 1300 194 1325 of
208 1299 319 1335 ἀδελφοὶ
337 1300 388 1336 τῆς
402 1301 470 1337 πρὸς
483 1301 514 1328 σὲ
531 1302 672 1334 ἀπειθείας
687 1302 733 1330 τὸν
752 1302 873 1330 κίνδυνον

82 1345 169 1372 αὐτῶν
189 1346 212 1362 ³⁸
238 1346 276 1382 μὴ
301 1346 454 1381 ἀγνοῶσιν,
482 1348 524 1375 ὅτι
540 1348 570 1380 ὃς
595 1348 628 1375 ἀν
650 1357 691 1375 σοι
715 1348 872 1377 κελεύσαντι

81 1393 228 1430 ἀπειθήσῃ,
254 1392 365 1428 Χριστῷ
381 1393 488 1420 ἀπειθεῖ
503 1393 535 1427 ⁸⁸,
551 1393 661 1430 Χριστῷ
674 1393 703 1420 δὲ
721 1394 872 1431 ἀπειθήσας

82 1436 146 1466 Θεὸν
156 1439 332 1475 παροργίζει.

116 1484 222 1512 LXVII.
239 1485 299 1521 Χρὴ
313 1483 359 1512 οὖν
374 1485 426 1522 τὴν
444 1486 618 1522 Ἐκκλησίαν,
627 1486 666 1518 ὡς
674 1486 750 1514 πόλιν
766 1486 796 1514 ὲν
808 1485 871 1522 ὕψει

81 1531 221 1566 οίκοδομου
226 1531 311 1567 μένην
325 1532 358 1565 ¹⁵,
376 1532 498 1566 φιλόθεον
508 1532 581 1568 εχειν
590 1532 667 1567 τάξιν
682 1533 729 1560 καὶ
739 1532 871 1569 διοίκησιν

82 1577 172 1613 καλήν.
192 1577 251 1614 Πρὸ
265 1578 374 1605 πάντων
390 1579 404 1605 ό
423 1578 571 1611 ἐπίσκοπος
586 1579 624 1610 ὡς
640 1578 732 1614 ἄρχων
755 1579 820 1616 περὶ
831 1575 870 1607 ὧν

82 1623 151 1658 λέγει
175 1624 327 1651 ἁκουέσθω·
351 1625 376 1651 oi
393 1624 573 1661 πρεσϐύτεροι
589 1623 625 1652 τὰ
643 1624 809 1660 κελευόμενα
828 1625 871 1659 γί-

81 1669 170 1696 νεσθαι
187 1670 209 1685 ¹⁶
228 1669 462 1703 σπουδαζέτωσαν·
477 1671 502 1697 οἱ
518 1671 636 1698 διάκονοι
658 1670 870 1707 ὲκπεριερχόμε-

81 1724 117 1742 vat
133 1715 189 1742 τῶν
205 1715 328 1750 ἀδελφῶν
343 1715 379 1743 τὰ
392 1715 504 1752 σώματα
521 1717 568 1744 καὶ
583 1716 633 1748 τὰς
646 1716 737 1752 ψυχὰς
759 1717 871 1743 ἐπισκε-

79 1762 251 1795 πτέσθωσαν,
269 1763 316 1789 καὶ
322 1762 362 1798 τῷ
375 1762 516 1798 ὲπισκόπῳ
526 1762 801 1791 ἁντιϐαλλέτωσαν·οί
815 1763 871 1790 λοι-

79 1808 124 1834 ποὶ
140 1808 244 1839 πάντες
257 1807 368 1842 ἀδελφοὶ
383 1808 415 1835 τὸ
428 1809 579 1835 ἀδικεῖσθαι
595 1808 825 1844 ἀναδεχέσθωσαν·
844 1809 870 1836 εξ

77 1853 104 1880 δὲ
120 1854 264 1889 κρίνεσθαι
285 1854 393 1881 θέλουσι
414 1855 479 1891 περὶ
495 1851 532 1882 ὧν
554 1855 727 1888 ἀδικοῦνται,
753 1854 870 1882 ἐπὶτῶν

76 1900 274 1936 πρεσϐυτέρων
286 1901 556 1936 συμϐιϐαζέσθωσαν·
575 1901 621 1929 τὸν
636 1901 664 1928 δὲ
681 1901 870 1937 συμϐιϐασμὺν

75 1947 101 1973 οἱ
121 1946 306 1983 πρεσϐύτεροι
316 1947 356 1982 τῷ
369 1947 510 1982 ὲπισκόπῳ
526 1947 816 1983 προσαναφερέτωσαν.

109 2003 229 2031 LXVIII.
246 2004 326 2031 Νέων
338 2004 366 2031 δὲ
384 2005 421 2040 μὴ
437 2005 515 2040 μόνον
526 2005 762 2038 κατεπειγέτωσαν
773 2005 793 2020 ⁸⁷
807 2004 869 2038 τοὺς

71 2050 192 2085 γάμους,
203 2050 273 2077 ἀλλὰ
287 2051 334 2077 καὶ
349 2050 403 2077 τῶν
414 2050 633 2086 προϐεϐηκότων,
651 2051 687 2087 μή
699 2059 757 2082 πως
771 2050 869 2083 ζέουοα

70 2097 87 2131 ή
107 2095 202 2132 δρεξις
219 2096 356 2132 προφάσει
373 2097 500 2132 πορνείας
516 2097 532 2132 ἢ
550 2097 672 2132 μοιχείας
680 2097 772 2133 λοιμὸν
785 2105 869 2133 προσ-

70 2142 178 2178 ενέγκῃ
196 2142 219 2158 ¹³
232 2143 266 2178 τῇ
291 2142 448 2178 Ἐκκλησία.
476 2143 561 2179 ’Υπὲρ
580 2143 670 2170 πᾶσαν
702 2143 758 2179 γὰρ
779 2144 870 2179 ἀμαρ-

68 2188 134 2214 τίαν
150 2188 170 2224 ή
185 2188 237 2224 τῆς
255 2189 378 2224 μοιχείας
401 2188 512 2216 ἀσέϐεια
526 2188 585 2224 Θεῷ
606 2189 764 2224 ὲστύγηται,
781 2189 822 2216 ὅτι
837 2189 868 2216 οὐ

960 972 1054 1001 LXVI.
1071 972 1137 1002 Tuae
1153 974 1237 1009 igitur
1250 980 1343 1010 partes
1360 980 1435 1009 sunt,
1460 976 1558 1011 jubere
1582 984 1625 1010 ea,
1649 985 1711 1012 quae

925 1024 1048 1055 oportet;
1065 1024 1158 1056 partes
1173 1020 1301 1056 fratrum,
1316 1022 1451 1057 subjicere
1464 1030 1493 1050 se
1504 1027 1532 1051 et
1551 1031 1605 1050 non
1621 1024 1709 1051 refra-

923 1066 993 1102 gari.
1011 1066 1194 1102 Subjicientes
1208 1076 1273 1104 ergo
1296 1076 1326 1096 se
1340 1069 1408 1096 salvi
1432 1069 1515 1097 fient:
1542 1069 1710 1107 refragantes

923 1120 989 1140 vero
1001 1121 1016 1140 a
1030 1112 1141 1142 Christo
1157 1114 1325 1149 punientur;
1341 1115 1472 1150 quoniam
1495 1116 1542 1151 qui
1570 1117 1709 1152 prmsidet,

923 1158 1027 1186 Christi
1041 1159 1132 1187 locum
1147 1160 1262 1195 accepit.
1279 1160 1370 1193 Quare
1386 1162 1559 1195 praesidentis
1585 1163 1642 1191 sive
1656 1164 1709 1192 ho-

923 1212 974 1233 nor
998 1204 1056 1233 sive
1080 1206 1245 1233 contumelia
1270 1206 1304 1234 ad
1328 1206 1469 1235 Christum
1493 1207 1622 1241 refertur,
1649 1214 1677 1237 et
1692 1217 1708 1238 a

923 1249 1035 1279 Christo
1051 1251 1086 1278 ad
1099 1250 1195 1279 Deum.
1223 1251 1252 1279 Id
1270 1257 1361 1280 autem
1389 1254 1552 1288 prolocutus
1580 1263 1653 1290 sum,
1678 1260 1710 1284 ut

923 1298 976 1333 ipsi
986 1305 1097 1336 quoque
1105 1297 1204 1326 fratres
1216 1306 1270 1326 non
1284 1299 1420 1334 ignorent,
1431 1305 1533 1334 quanto
1544 1300 1571 1328 in
1586 1301 1710 1336 periculo

921 1349 1065 1373 versentur
1077 1345 1124 1380 qui
1137 1344 1187 1373 tibi
1201 1352 1256 1372 non
1269 1345 1506 1380 obtemperabunt.
1519 1345 1588 1373 Nam
1600 1347 1647 1381 qui
1659 1347 1709 1375 tibi

919 1391 1027 1427 jubenti
1043 1399 1097 1418 non
1110 1391 1320 1426 obtemperabit,
1335 1391 1448 1419 Christo
1464 1400 1518 1420 non
1541 1392 1658 1426 obediet,
1682 1397 1710 1421 et

921 1437 986 1466 dum
1001 1445 1057 1466 non
1069 1437 1162 1465 obedit
1172 1437 1294 1470 Christo,
1307 1436 1394 1465 Deum
1407 1438 1440 1466 ad
1457 1438 1526 1465 iram
1546 1438 1652 1466 incitat.

956 1483 1061 1512 LXVII.
1075 1483 1188 1519 Oportet
1198 1491 1264 1519 ergo
1280 1488 1310 1511 ut
1320 1482 1453 1517 Ecclesia,
1468 1485 1543 1512 velut
1566 1485 1664 1513 civitas
1679 1486 1706 1513 in

921 1530 1031 1559 excelso
1041 1529 1187 1564 aedificata,
1199 1529 1255 1558 Deo
1264 1529 1378 1566 dignum
1393 1530 1493 1558 habeat
1503 1531 1626 1558 ordinem
1638 1538 1707 1566 prae-

921 1576 1081 1612 claramque
1103 1576 1381 1605 administrationem.
1403 1576 1473 1603 Ante
1497 1577 1589 1604 omnia
1599 1578 1707 1612 episco-

921 1630 984 1659 pus,
998 1623 1072 1651 velut
1091 1627 1194 1656 rector,
1208 1622 1237 1650 in
1251 1622 1285 1650 iis
1304 1630 1366 1658 quae,
1391 1621 1458 1650 dicit
1473 1622 1615 1656 audiatur;
1642 1631 1707 1658 pre-

921 1669 1022 1705 sbyteri
1037 1673 1136 1697 curent
1147 1669 1205 1697 fieri
1220 1676 1282 1704 quae
1293 1668 1440 1702 jubentur;
1466 1668 1574 1696 diaconi
1588 1669 1708 1696 circum-

920 1714 1092 1743 ambulantes
1106 1714 1281 1742 considerent
1292 1714 1408 1742 fratrum
1421 1722 1535 1750 corpora
1545 1719 1572 1742 et
1587 1715 1705 1750 animas,

921 1765 1002 1795 atque
1016 1761 1144 1796 episcopo
1154 1761 1332 1794 denuntient;
1355 1760 1454 1795 reliqui
1482 1768 1578 1788 omnes
1603 1760 1702 1789 fratres

921 1806 990 1834 afﬁci
1002 1807 1103 1842 injuria
1122 1806 1506 1842 suscipiantlibenter;quod
1520 1807 1542 1834 si
1565 1807 1602 1842 de.
1615 1808 1659 1840 iis,
1678 1808 1706 1834 in

920 1854 1021 1888 quibus
1045 1854 1146 1888 injuria
1162 1853 1327 1886 afﬁciuntur,
1341 1852 1456 1887 cupiunt
1475 1851 1604 1887 judicari,
1633 1853 1705 1888 apud

920 1901 1092 1936 presbyteros
1105 1900 1296 1932 concilientur,
1309 1903 1336 1926 et
1358 1899 1508 1934 presbyteri
1536 1899 1705 1927 conciliatio-

920 1954 982 1974 nem
992 1947 1025 1974 ad
1045 1946 1204 1981 episcopum
1219 1945 1349 1973 referant.

956 2005 1072 2034 LXVIII.
1085 2005 1145 2033 Non
1161 2006 1243 2034 modo
1257 2010 1349 2034 autem
1374 2005 1489 2041 juvenes
1503 2004 1537 2032 ad
1563 2004 1705 2032 matrimo-

919 2054 996 2082 nium
1015 2053 1190 2088 compellant,
1202 2052 1248 2080 sed
1265 2057 1293 2080 et
1307 2057 1373 2079 natu
1385 2056 1539 2087 provectos,
1549 2058 1583 2078 ne
1597 2050 1706 2079 fervens

920 2100 1056 2135 cupiditas
1071 2106 1119 2134 per
1134 2098 1344 2126 fornicationem
1357 2099 1399 2126 vel
1415 2097 1579 2126 adulterium
1600 2102 1704 2133 pestem

920 2146 948 2173 in
973 2145 1123 2173 Ecclesiain
1149 2145 1259 2173 inferat.
1275 2144 1363 2180 Super
1378 2152 1459 2172 omne
1474 2144 1547 2172 enim
1562 2147 1704 2179 peccatum

920 2191 1047 2226 impietas
1059 2191 1186 2219 adulterii
1212 2191 1276 2219 odio
1294 2199 1310 2218 ει
1337 2190 1393 2219 Deo
1417 2191 1546 2219 habetur:
1561 2190 1626 2226 quia
1649 2198 1705 2218 non

71 2233 157 2268 μόνον
172 2233 256 2260 αὐτὸν
270 2234 317 2261 τὸν
332 2235 529 2270 ἀμαρτήσαντα
541 2235 658 2271 ἀναιρεῖ,
669 2235 737 2263 ἀλλὰ
752 2236 798 2263 καὶ
804 2235 868 2267 τοὺς

925 2238 1009 2266 solum
1034 2237 1164 2265 interficit
1184 2237 1274 2272 ipsum
1305 2242 1475 2272 peccatorem
1491 2237 1538 2264 sed
1554 2241 1582 2264 et
1606 2244 1706 2264 conve-

71 2280 311 2316 σιΝεστιωμένους
337 2281 384 2307 καὶ
407 2281 669 2317 συναμιλλωμένους·
695 2281 782 2319 λύσσῃ
812 2281 866 2319 γὰρ

69 2324 176 2358 ἔοικεν,
193 2326 235 2353 ἃει
250 2327 301 2362 τῆς
315 2327 382 2358 ιδίας
399 2327 496 2363 μανίας
513 2328 679 2363 μεταδιδόναι
701 2328 780 2362 φύσιν
799 2328 867 2364 ἔχει.

70 2372 262 2409 Σωφροσύνης
273 2370 321 2400 ὤν
336 2373 415 2409 χάριν
425 2374 614 2402 σπευδέτωσαν
620 2375 684 2407 τοὺς
693 2375 798 2411 γάμους
808 2376 869 2402 ἐπι-

70 2418 163 2446 τελεῖν
174 2420 212 2456 μὴ
229 2419 308 2455 μόνον
319 2420 344 2446 of.
353 2419 543 2456 πρεσϐύτεροι,
553 2420 621 2448 ἀλλὰ
628 2422 675 2448 καὶ
686 2422 796 2458 1160!
804 2422 869 2450 πάν-

70 2471 130 2496 τες·
141 2465 159 2500 ἡ
173 2465 230 2502 γὰρ
243 2464 292 2492 τοῦ
302 2466 502 2502 μοιχησαμένου
517 2467 640 2503 ἁμαρτία
660 2467 707 2494 ἐπὶ
721 2468 784 2500 τοὺς
799 2468 868 2495 πάν-

72 2517 125 2543 τας
133 2511 225 2538 ἐλθεῖν
236 2512 368 2550 βιάζεται.
385 2513 423 2540 Τὸ
431 2513 452 2531 ¹⁹
463 2510 641 2542 οὗνσπεύδειν
649 2516 797 2550 σωφρονεῖν
803 2516 867 2547 τοὺς

110 2598 125 2614 ιι
143 2591 242 2621 Ilatth.
261 2599 328 2626 xxv,
341 2592 388 2620 2i.

919 2289 1027 2313 scentes
1051 2291 1084 2312 ac
1110 2291 1283 2319 congressos.
1303 2283 1399 2310 Babiei
1417 2283 1517 2318 quippe
1527 2287 1570 2310 est
1595 2283 1704 2316 similis,

918 2329 1141 2366 quandoquidem
1157 2338 1172 2357 a
1187 2334 1286 2357 natura
1304 2329 1396 2362 habet,
1411 2333 1442 2356 ut
1457 2336 1535 2357 suam
1549 2328 1705 2356 communi-

918 2381 962 2404 cet
972 2377 1118 2404 insaniam.
1133 2375 1205 2411 Ergo
1217 2380 1328 2411 propter
1340 2375 1492 2403 castitatem
1505 2374 1635 2402 festinent
1647 2381 1700 2401 nu-

918 2423 990 2457 ptias
1005 2422 1152 2450 conciliare
1163 2430 1217 2450 non
1233 2422 1314 2450 modo
1323 2422 1488 2458 presbyteri,
1506 2429 1598 2449 verum
1619 2420 1702 2447 etiam

919 2476 1029 2503 omnes;
1042 2477 1106 2496 nam
1120 2468 1222 2496 mmchi
1233 2468 1361 2496 delictum
1373 2469 1407 2496 ad
1422 2476 1518 2496 omnes
1544 2466 1702 2494 necessario

919 2516 1004 2543 venit.
1027 2515 1119 2543 Prima
1134 2523 1199 2552 ergo
1214 2515 1403 2543 misericordia
1420 2518 1472 2549 est,
1485 2514 1584 2542 fratres
1602 2512 1636 2540 ad
1651 2519 1702 2547 pu-

725 2651 843 2680 VARIIE
863 2651 1066 2681 LECTIONES.

111 2706 124 2742 ἦ
149 2706 223 2742 ὑπὲρ
239 2706 309 2742 τῆςη
325 2705 417 2734 αὐτῶν
446 2707 478 2735 C.

79 2741 139 2769 vult
151 2741 370 2770 κατασταθῆναι.
444 2744 455 2758 ⁹
463 2742 531 2769 ἀλλά
546 2744 575 2770 0.

552 2706 680 2751 ξδανίςει
761 2743 788 2751 ﬂ
803 2709 873 2751 fit!)
905 2717 960 2751 non
997 2710 1121 2751 omittere
1153 2709 1285 2751 debebat
1305 2708 1324 2736 S

651 2742 742 2775 ¹⁰τοὺς
755 2742 886 2778 ἀδελφούς
903 2746 932 2772 0.

1366 2715 1403 2736 ι..
1425 2705 1467 2734 Cl.
1547 2706 1558 2722 '
1586 2705 1608 2732 D
1647 2705 1700 2736 legi

1007 2745 1141 2781 “Kupiou
1208 2780 1214 2781 γ
1264 2743 1340 2781 ¹ξγτοΰ
1360 2744 1412 2781 Κρ.
1430 2743 1470 2781 είς
1489 2741 1552 2781 τδνη
1568 2740 1634 2781 Θεόν

78 2776 102 2792 ¹⁸
111 2776 148 2804 Ita
167 2776 190 2803 Β
211 2775 418 2820 approbanteO
435 2786 444 2810 ;
459 2777 533 2814 αὐτῷ
548 2777 569 2805 C
584 2798 591 2810 ,
607 2778 654 2813 qui
668 2778 738 2813 conj.
755 2775 845 2806 αὐτόν.
877 2775 955 2807 ⁷¹⁸Ιιιι
976 2780 995 2806 S
1009 2800 1016 2812 ,
1037 2775 1181 2839 animae.
1201 2780 1230 2806 0.
1271 2779 1291 2795 ³⁸
1299 2775 1512 2839 οξκοδομέμένην
1531 2776 1553 2804 C
1567 2797 1575 2809 ,
1602 2775 1694 2811 ᾠκοδο

80 2812 204 2839 mu.th
220 2812 250 2839 ὃ.
292 2812 315 2827 ⁸⁸
323 2812 447 2839 γινέσθαι
463 2812 494 2839 C.
548 2812 642 2839 "Post
655 2814 892 2839 κατεπειγέτωσαν
908 2821 1067 2839 rennluntur
1082 2816 1107 2839 in
1175 2815 1237 2839 \‘Ilb.
1252 2815 1297 2839 τὸν
1307 2814 1336 2839 δὲ
1351 2822 1406 2839 συν.
1425 2812 1537 2839 ιϐασιιόν
1553 2816 1694 2839 emuncto.

80 2812 494 2865 li"£fﬂt£:.."£“‘3°f:.—.Cs

111 2847 292 2884 προσενέγκοι
308 2847 341 2875 C.
382 2847 403 2865 ¹⁹
412 2847 460 2875 τοῦ
476 2847 506 2876 C.

548 2812 642 2842 "Post
655 2814 892 2849 κατεπειγέτωσαν
908 2821 1067 2851 repetuntur
1082 2816 1108 2844 in

1175 2815 1237 2844 \‘hb.
1252 2815 1297 2843 τὸν
1307 2814 1336 2842 δὲ
1351 2812 1537 2849 συμϐιϐασμόν
1553 2816 1695 2847 expuncto.
