1942 3100
240 147 294 177 185

664 145 693 173 S.
714 145 907 175 CLEMENTIS
926 146 935 174 Ι
955 146 1037 175 ROM.
1060 146 1160 175 PONT.
1181 146 1295 177 OPERA
1313 147 1424 177 DUBIA.

238 205 363 236 dicitlatu
372 203 524 240 impellere,
535 202 669 240 quoniam
683 203 782 232 anima:
794 209 837 232 est
856 203 974 238 medela,
1001 208 1030 232 at.

1080 203 1221 238 ἀδελφοὺς,
1231 204 1310 231 τοῦτο
1326 204 1421 241 πρώτη
1437 205 1618 243 ἐλεημοσύνηε
1631 206 1721 243 ψυχῆς
1735 207 1795 245 ’γάρ
1811 208 1872 237 ἑστι

238 254 318 284 cibus
334 252 460 288 corpOris
471 256 514 280 est
525 252 669 279 recreatio.

275 343 371 373 LXIX.
385 343 519 371 Caeterum
532 341 556 370 si
571 341 670 369 fratres
682 346 790 369 vestros
813 341 942 376 diligatis,
960 341 1027 369 nihil

239 401 336 422 eorum
347 391 489 423 auferetis,
511 390 567 417 imo
578 393 668 417 vestra
686 389 940 417 communionbitis:
964 396 1027 416 esu-

239 441 343 468 rientes
359 437 498 469 nutrietis,
513 436 670 464 sitientibus
685 436 840 471 praebebitis
855 440 961 471 potum,
985 436 1028 463 in-

238 487 329 514 ductis
341 485 440 516 nudOs,
453 483 780 518 visitabitisaagrotantes,
789 489 899 510 carcere
914 481 1027 509 inclusis

239 530 408 560 suecurretis
420 537 469 565 pro
484 529 600 561 viribus,
617 529 778 564 peregrinos
799 528 827 556 iu
837 532 931 556 vestra
955 532 1027 556 tecta

238 577 395 613 suscipietis
411 577 553 610 lubenter,
577 576 714 604 neminem
731 575 795 603 odio
812 575 1026 611 prosequemini.

239 624 300 657 Quo
315 623 399 652 modo
413 627 505 650 autem
522 623 566 658 pie
576 623 669 650 vivere
682 626 820 658 oporteat,
841 629 891 650 vos
906 626 1027 650 attentos

238 675 330 698 vester
353 669 464 698 docebit
483 669 602 697 animus.
623 668 724 696 Verum
746 672 810 696 ante
834 668 938 702 omnia,
960 668 984 696 si
1001 672 1028 696 et

238 717 316 744 vobis
329 716 420 744 dicere
433 723 544 743 necesse
559 715 606 747 sit,
619 714 777 750 frequenter
787 715 932 742 convenite
942 735 951 749 ,
971 715 1027 742 uti-

239 771 303 790 nam
319 762 437 798 singulis
452 762 539 793 horis,
567 761 690 796 alioquin
706 765 858 789 conventus
875 761 956 789 statis
969 761 1028 789 die-

238 810 301 838 bus.
314 810 381 837 Nam
398 809 420 837 si
437 809 490 837 hoc
507 808 638 839 feceritis,
656 808 729 836 intra
740 815 835 836 muros
852 807 920 836 estis
936 807 1026 844 asyli;

238 856 402 892 perditionis
416 856 517 891 quippe
532 855 640 882 initium
657 860 698 882 est
711 854 763 882 ista
775 854 906 882 desertio.
920 853 960 882 Ne
974 854 1026 889 igi-

1076 250 1223 323 :spanata'
1252 251 1269 286 ή
1300 250 1355 286 γὰρ
1373 251 1460 287 τροφὴ
1491 251 1539 280 τοῦ
1565 251 1689 288 σώματος
1717 254 1873 288 ἁνάπαυσίς

1093 305 1161 323 στιν.

1093 305 1161 324 στιν.

1077 358 1098 363 -
1115 342 1210 371 LXIX.
1233 343 1323 379 Ὁμῶς
1335 343 1381 370 ἐὰν
1391 344 1553 380 ἀγαπήσητε
1565 345 1628 377 τοὺς
1641 346 1770 381 ἀδελφοὺς
1779 346 1872 383 ὑμῶν,

1078 389 1155 416 οὐδὲν
1164 389 1253 417 αὐτῶν
1264 391 1460 427 ἀφαιρήσεσθε,
1470 387 1507 418 ὧν
1519 391 1548 418 δὲ
1561 391 1636 427 ἔχετε
1651 393 1820 428 μεταδώσετε
1833 394 1872 411 ὀ·

1079 437 1231 469 πεινῶντας
1246 437 1302 473 γὰρ
1318 437 1442 473 θρέψετε,
1468 437 1565 473 διψῶσι
1589 439 1669 466 ποτὸν
1686 440 1817 476 παρέξετε
1834 441 1873 475 ⁸³,

1078 483 1201 518 γυμνοὺς
1218 483 1354 516 ἑνδύσετε,
1380 483 1525 516 νοσοῦντας
1547 485 1736 520 ἑπισκέψεσθε,
1764 488 1822 519 τοῖς
1842 488 1876 513 ὲν

1078 530 1201 565 εἱρκταῖς
1214 530 1252 561 ὡς
1262 530 1373 557 δυνατὸν
1388 530 1546 567 βοηθήσετε,
1555 531 1646 564 ξένους
1660 533 1700 564 είς
1715 533 1750 560 τὰ
1763 534 1877 561 ἑαυτῶν

1080 575 1250 618 σκηνώματα
1265 576 1413 612 προθύμως
1424 576 1597 610 ἀποδέξεσθε,
1613 578 1713 614 μηδένα
1728 581 1876 616 μισήσετε.

1084 620 1129 653 Ὠς
1143 621 1171 649 δὲ
1185 622 1225 649 δεῖ
1232 622 1364 654 εὐσεϐεῖν,
1374 623 1612 659 εὐγνωμονοῡντας
1628 625 1722 660 opaea
1738 627 1878 662 ὑμέτερος

1078 667 1179 701 διδάξει
1196 668 1269 700 νοῦς.
1285 668 1342 706 Πρδ
1358 669 1387 697 δὲ
1398 670 1518 703 πάντων,
1535 671 1560 697 εί
1573 671 1620 698 καὶ
1636 672 1677 699 δεῖ
1689 672 1753 708 ὑμῖν
1767 672 1875 707 λέγειν,

1080 715 1274 750 συνεχέστερον
1291 715 1464 752 συνέρχεσθε,
1479 717 1535 744 ετθε
1551 717 1574 734 ¹¹
1587 717 1648 745 καθ’
1659 718 1743 756 ὥραν,
1760 719 1821 746 ὲπεί
1837 729 1877 754 γε

1078 760 1108 788 ἐν
1123 762 1184 793 ταῖς
1198 762 1405 798 νενομισμέναις
1420 763 1470 799 τῆς
1488 764 1512 780 ⁸³
1531 764 1638 792 συνόδου
1655 765 1781 801 ἡμέραις.
1807 766 1878 793 Ἐὰν

1078 807 1134 844 γὰρ
1146 807 1226 835 τοῦτο
1252 809 1349 844 ποιῆτε
1378 808 1411 841 ³⁵,
1428 809 1505 841 ἐντὸς
1532 809 1630 846 τειχῶν
1653 811 1767 843 ἀσυλίας
1796 811 1875 838 ἐστέι

1078 853 1150 891 ἀρχὴ
1166 854 1222 891 γὰρ
1238 854 1377 887 ἀπωλείας
1393 855 1537 887 άποταξία.
1558 856 1634 891 Μήτε
1661 854 1708 883 οὖν
1736 858 1878 893 προψάσει

239 888 285 930 iur
295 902 369 937 quis,
385 888 517 937 praetextu
531 901 603 936 quod
612 901 704 928 animo
719 907 785 935 erga
799 899 911 928 fratrem
925 888 1026 935 pusillo

1080 888 1265 937 μικροψυχίας
1284 901 1333 937 τῆς
1350 901 1374 918 ⁸⁵
1389 901 1459 937 πρὸς
1474 901 1587 936 ἀδελφὺν
1597 888 1603 891 1
1614 888 1803 929 ἀπολειπέσθω
1829 911 1879 935 τις

239 956 272 976 ac
288 949 384 984 iniquo
396 949 441 981 sit,
465 948 580 976 desistat
594 947 750 975 couvenire.
773 945 800 974 Si
828 946 902 974 enim
926 946 1027 981 aliquis

239 999 359 1022 vestrum
372 1003 387 1022 a
404 994 614 1030 congregatione
629 993 774 1026 destiterit,
793 1000 856 1020 cum
869 992 904 1021 iis
915 997 1026 1028 reputa-

239 1041 313 1069 bitur
325 1041 372 1076 qui
392 1041 494 1069 Christi
519 1040 655 1076 dissipant
680 1039 843 1073 Ecclesiam,
869 1044 897 1067 et
922 1044 953 1068 ut
966 1039 1027 1075 ejus

238 1087 435 1123 discipulorum
448 1088 623 1115 inimicorum
636 1087 766 1122 princeps
790 1086 919 1122 punietur
944 1090 1027 1122 atque

238 1142 302 1163 cum
327 1135 462 1162 adulteris
489 1135 634 1170 ejiciatur;
663 1142 727 1161 nam
747 1138 878 1168 tanquam
907 1133 1025 1167 adulter,

237 1191 287 1218 per
298 1182 425 1218 spiritum
441 1182 468 1208 in
483 1181 541 1216 ipso
556 1179 745 1213 cxsistentem,
758 1183 891 1214 praetextu
906 1180 1026 1214 quodam

238 1233 359 1264 sumpto,
375 1228 496 1263 seipsum
512 1226 662 1262 separavit,
688 1230 715 1253 et
730 1225 803 1252 malo
822 1225 912 1252 locum
929 1230 1026 1252 contra

238 1282 268 1302 se
292 1274 376 1307 dedit,
402 1277 432 1300 ut
446 1280 526 1300 ovem
549 1277 667 1307 raperet,
697 1270 827 1298 nimirum
839 1274 917 1298 extra
932 1271 1026 1299 caulas

239 1319 389 1347 inventam.

274 1365 356 1394 LXX.
376 1364 462 1393 Porro
477 1365 635 1400 episcopum
652 1368 772 1391 vestrum
786 1363 888 1398 audite,
902 1370 1026 1391 omnem-

238 1420 292 1448 que
307 1412 332 1439 ei
346 1412 477 1439 honorem
494 1411 613 1439 tribuere
626 1418 659 1438 ne
684 1409 798 1438 cessetis
811 1419 818 1437 :
840 1410 937 1438 scitote
952 1409 1026 1445 quod

238 1465 287 1493 per
302 1457 378 1485 illum
391 1456 558 1484 adducimini
576 1455 610 1483 ad
625 1455 764 1483 Christum
775 1475 784 1489 ,
796 1457 823 1482 et
838 1462 854 1482 a
868 1455 978 1482 Christo
993 1455 1026 1482 ad

239 1503 335 1531 Deum.
352 1503 503 1530 Adducenti
520 1509 585 1537 ergo
603 1501 788 1536 multipliciter
805 1501 955 1528 retribuite.
973 1500 1027 1528 Ho-

239 1554 336 1577 norate
347 1549 449 1577 Christi
472 1549 613 1576 thronum.
635 1547 862 1583 Quandoquidem
884 1552 911 1575 et
925 1547 1026 1584 Moysis
1039 1564 1062 1594 ο

239 1597 397 1624 cathedram
410 1596 544 1624 honorare
556 1595 626 1630 jussi
638 1595 716 1629 estis,
727 1595 853 1630 quamvis
868 1595 895 1622 in
909 1603 942 1622 ea
956 1603 1027 1630 pra:-

238 1642 360 1671 sidentes
372 1646 530 1676 peccatores
547 1640 710 1668 habeantur.
733 1640 822 1676 Atque
844 1640 902 1668 hate
916 1641 1027 1676 quidem

238 1687 318 1715 vobis
340 1686 503 1715 sutlieienter
527 1686 582 1714 sint
604 1686 686 1714 dicta.
711 1685 840 1715 Zacchteo
861 1691 951 1714 autem
973 1695 1027 1722 qua

238 1733 346 1761 ratione
357 1733 492 1768 inculpate
501 1732 584 1766 vivat,
593 1732 760 1768 superﬂuum
772 1737 837 1768 puto
849 1733 954 1766 dicere;
964 1741 1027 1761 cum

238 1780 321 1808 etiam
334 1779 408 1807 illius
422 1779 469 1814 qui
485 1786 529 1806 me
541 1778 635 1806 docuit
648 1779 751 1814 probus
766 1779 802 1806 sit
819 1778 980 1814 discipulus.

275 1878 370 1906 LXXI.
402 1878 524 1913 Verum,
550 1878 670 1912 fratres,
698 1878 830 1906 nonnulla
851 1883 882 1906 ut
909 1879 1029 1908 audiatis

239 1930 398 1961 exspectare
418 1934 472 1953 nou
497 1930 616 1961 oportet,
630 1925 677 1953 sed
703 1933 737 1953 ex
759 1925 838 1953 vobis
865 1926 933 1961 ipsis
954 1927 1027 1961 quod

239 1979 348 2006 aequum
363 1976 405 1999 est
428 1972 588 2007 intelligere.
608 1971 756 2000 Zaechaeus
780 1971 874 2005 solus,
896 1980 927 2000 se
941 1977 1028 2000 totum

240 2025 296 2053 quo
310 2017 389 2045 vobis
408 2022 485 2045 vacet
499 2018 626 2050 tradens,
642 2025 705 2045 cum
728 2022 851 2045 ventrem
866 2017 976 2050 habeat,
991 2018 1029 2045 si-

240 2064 323 2098 bique
338 2071 392 2090 nou
407 2063 565 2098 provideat,
581 2070 638 2098 quo
659 2066 740 2091 modo
756 2067 845 2098 potest
867 2063 958 2090 cibum
979 2070 1029 2090 ue-

240 2112 392 2139 cessarium
406 2111 586 2145 comparare?
605 2109 700 2138 Nonne
713 2117 778 2137 vero
800 2110 907 2144 justum
924 2113 984 2140 est.
999 2114 1030 2137 ut

241 2163 339 2185 omnes
353 2164 402 2184 vos
417 2157 506 2185 vietus
528 2156 588 2191 ejus
611 2163 706 2183 curam
730 2155 850 2190 geratis,
873 2162 961 2190 neque
981 2163 1031 2182 ex-

241 2203 370 2238 spectetis
383 2208 413 2230 ut
436 2207 511 2238 petat
534 2210 550 2229 a
569 2202 667 2230 vobis?
696 2201 749 2229 hoc
775 2201 875 2228 etenim
901 2200 1029 2230 mendico

242 2233 380 2280 convenit,
393 2233 482 2281 potius
494 2252 583 2274 autem
596 2246 694 2281 peribit
707 2245 791 2279 fame,
802 2253 886 2280 quam
900 2245 926 2273 id
939 2245 1028 2273 facere
1044 2233 1066 2262 θ

241 2292 386 2321 sustineat.
401 2291 435 2319 Et
448 2299 503 2327 qua
518 2291 623 2319 ratione
635 2298 683 2319 vos
694 2298 790 2326 pumas
807 2299 860 2318 non
875 2290 987 2323 dabitis,
1004 2291 1027 2318 si

242 2347 298 2367 non
312 2339 514 2374 reputaveritis,
529 2339 642 2375 dignum
654 2345 716 2366 esse
730 2338 887 2373 operarium
902 2338 1028 2366 mercede

1075 947 1124 975 τοῦ
1153 947 1332 984 συνεδρεύειν.
1360 947 1424 975 Ἐὰν
1439 948 1496 985 γάρ
1511 956 1553 979 τις
1580 948 1656 984 ὑμῶν
1671 949 1697 965 ³⁸
1718 949 1877 985 ἀπολειφθῇ

1076 994 1125 1022 τοῦ
1139 995 1316 1030 συνάγεσθαι,
1324 995 1379 1022 τῶν
1391 995 1592 1032 σκορπιξόντων
1607 995 1657 1032 τὴν
1672 996 1790 1032 Χριστοῦ
1809 996 1878 1023 Ἐκ-

1077 1041 1192 1078 κλησίαν
1207 1041 1409 1078 λογισθήσεται,
1421 1042 1467 1068 καὶ
1475 1041 1513 1073 ὡς
1526 1041 1581 1068 τῶν
1592 1041 1663 1069 κατὰ
1677 1041 1731 1069 τῶν
1744 1042 1791 1069 τοῦ
1805 1043 1862 1078 Χρι

1078 1087 1141 1115 στοῦ
1159 1087 1288 1124 μαθητῶν
1317 1087 1443 1124 ὑπάρξας
1472 1087 1668 1124 κολασθήσεται
1691 1089 1737 1115 καὶ
1754 1089 1776 1105 ³⁷
1802 1089 1878 1124 μετὰ

1079 1134 1181 1170 μοιχῶν
1193 1134 1414 1171 ἀποϐληθήσεται
1428 1135 1461 1151 ⁸⁸·
1474 1135 1513 1166 ὡς
1529 1134 1584 1170 γὰρ
1603 1135 1696 1171 μοιχὸς
1709 1134 1762 1162 ὑπὸ
1783 1135 1832 1162 τοῦ
1844 1136 1878 1162 ὲν

1076 1181 1151 1217 αὐτῷ
1165 1181 1321 1216 πνεύματος
1340 1181 1475 1217 προφάσει
1489 1181 1566 1216 117
1578 1181 1649 1213 τινὸς
1664 1181 1760 1208 ἑαυτὸν
1767 1181 1878 1217 ἀφώρι-

1078 1235 1134 1260 σεν,
1156 1228 1203 1254 καὶ
1219 1227 1258 1263 τῷ
1277 1227 1388 1264 πονηρῷ
1404 1228 1466 1254 κατ’
1476 1228 1558 1254 αὐτοῦ
1575 1227 1666 1264 χώραν
1693 1227 1776 1255 ἔδωκε
1804 1227 1877 1264 πρό-

1077 1273 1157 1300 δατον
1173 1273 1294 1310 ἁρπάσαι
1309 1274 1343 1306 ’³,
1359 1273 1397 1306 ὡς
1410 1273 1536 1310 μανδρῶν
1550 1273 1602 1307 ἔξω
1614 1273 1735 1310 εὑρεθέν.

1111 1362 1193 1390 LXX.
1214 1363 1287 1400 Πλὴν
1300 1363 1349 1391 τοῦ
1362 1363 1512 1392 ἐπισκόπου
1527 1363 1604 1399 ὑμῶν
1623 1363 1747 1397 ἀκούετε,
1764 1364 1812 1391 καὶ
1827 1373 1874 1391 τι·-

1078 1408 1132 1444 μὴν
1146 1410 1235 1436 πᾶσαν
1249 1409 1325 1445 αὑτῷ
1339 1410 1521 1446 ἀπονέμοντες
1544 1410 1580 1445 μὴ
1595 1410 1712 1446 κάμητε,
1734 1410 1836 1442 εἰδότες
1848 1411 1874 1426 ³⁹

1076 1455 1118 1483 ὅτι
1132 1456 1269 1491 προφάσει
1281 1458 1316 1493 τῇ
1332 1457 1401 1493 πρὸς
1413 1457 1494 1484 αὐτὸν
1506 1458 1546 1489 είς
1561 1457 1676 1493 Χριστὸν
1695 1457 1802 1492 φέρετε,
1816 1457 1876 1485 ἀπ)

1076 1500 1106 1529 δὲ
1118 1501 1236 1538 Χριστοῦ
1256 1503 1296 1534 εις
1311 1502 1377 1529 Θεὸν
1393 1503 1542 1538 ἀναφέρετε
1551 1502 1588 1519 ¹¹·
1604 1503 1650 1529 καὶ
1669 1502 1707 1538 τῷ
1722 1503 1875 1538 προσενέγ-

1076 1558 1156 1579 καντι
1176 1548 1368 1581 πολυπλασιως
1379 1548 1570 1576 ἀνταποδῐδοτε
1581 1549 1612 1576 ³¹,
1629 1548 1729 1584 Θρὸνον
1741 1546 1788 1576 οὖν
1802 1549 1876 1584 Χρι-

1079 1595 1143 1624 στοῦ
1158 1595 1288 1631 τιμήσετε
1297 1594 1335 1611 ⁸⁸·
1352 1595 1392 1622 ὅτι
1407 1594 1455 1621 καὶ
1473 1593 1612 1625 Μωῦσέως
1633 1593 1764 1629 καθέδραν
1786 1593 1874 1629 τιμᾷν

1077 1641 1265 1676 ὲκελεύσθητε,
1280 1640 1332 1668 κᾶν
1344 1641 1369 1666 οἱ
1382 1638 1611 1677 προκαθεζόμενοι
1624 1639 1782 1676 ἁμαρτωλοὶ
1794 1639 1876 1674 νομί-

1078 1685 1222 1719 ζωνται³⁵.
1242 1685 1298 1712 Καὶ
1318 1685 1405 1712 ταῦτα
1426 1685 1476 1721 μὲν
1497 1685 1562 1720 ὑμῖν
1581 1685 1725 1721 αὐτάρκως
1746 1685 1872 1720 εἴρηται·

1078 1732 1199 1768 αὐτῷδὲ,
1228 1731 1287 1764 πῶς
1309 1732 1460 1768 ἀμέμπτως
1491 1731 1575 1767 βιοῦν,
1599 1731 1725 1768 περιττὸν
1748 1731 1876 1767 ἡγοῦμαι

1078 1778 1181 1814 λέγειν,
1196 1778 1278 1805 ὸπότι
1303 1776 1351 1805 τοῦ
1372 1778 1445 1813 κάμὲ
1461 1778 1615 1812 διδάξαντος
1629 1778 1742 1815 δόκιμος
1759 1778 1875 1815 ὑπάρχῃ

1080 1825 1216 1861 μαθητής.

1114 1881 1208 1909 LXXI.
1217 1881 1302 1917 Πλὴν,
1310 1880 1525 1917 ἀδελφοὶ,ένιαοὺ
1532 1881 1585 1917 χρὴ
1593 1880 1738 1916 ἀναμένειν
1747 1880 1873 1912 ἀκούειν,

1078 1928 1146 1956 ἀλλὰ
1157 1929 1203 1956 καὶ
1210 1929 1256 1963 ἀφ’
1265 1928 1367 1955 ἑαυτῶν
1373 1929 1402 1955 τὸ
1410 1928 1519 1963 εὔλογον
1528 1929 1607 1955 νοεῖν.
1617 1929 1749 1963 Ζακχαῖος
1760 1928 1843 1963 μόνος
1849 1928 1873 1945 ³⁸

1080 1973 1143 2009 ὑμῖν
1156 1973 1216 2006 ὅλος
1232 1974 1328 2000 ἑαυτὸν
1341 1973 1464 2008 ἀσχολεῖν
1478 1971 1668 2004 ἀποδεδωκὼς,
1683 1971 1788 1998 κοιλίαν
1801 1972 1874 2006 ἔχων

1079 2020 1126 2047 καὶ
1140 2020 1230 2055 ἑαυτῷ
1246 2020 1283 2056 μὴ
1301 2019 1446 2055 εὐσχολῶν,
1464 2019 1523 2052 πῶς
1536 2018 1646 2045 δύναται
1658 2017 1707 2053 τὴν
1718 2018 1874 2052 ἀναγκαίαν

1079 2066 1202 2102 πορίζειν
1217 2066 1412 2102 τροφήν;οὐχὶ
1431 2066 1460 2093 δὲ
1481 2065 1590 2100 εὓλογόν
1609 2065 1667 2091 ἐστι
1681 2064 1785 2095 πάντας
1798 2064 1875 2099 ὑμᾶς

1079 2111 1126 2138 τοῦ
1145 2111 1195 2148 ζῇν
1209 2112 1293 2139 αὐτοῦ
1309 2112 1436 2148 πρόνοιαν
1451 2112 1473 2128 ³⁸
1488 2112 1592 2143 ποιεῖν,
1611 2110 1662 2137 οὐκ
1685 2110 1874 2145 ἀναμένοντας

1080 2156 1162 2184 αὐτὸν
1181 2157 1253 2192 ὑμᾶς
1271 2157 1371 2189 αἰτεῖν,
1391 2156 1471 2184 τοῦτο
1484 2156 1540 2192 γὰρ
1554 2155 1762 2192 προσαιτοῦντος
1785 2156 1871 2182 ἐστιν·

1082 2202 1181 2237 μᾶλλον
1190 2203 1219 2230 δὲ
1228 2203 1385 2239 τεθνήξεται
1395 2203 1476 2238 λιμῷ,
1483 2203 1501 2239 ἢ
1508 2203 1587 2230 τοῦτο
1597 2203 1682 2229 ποιεῖν
1695 2202 1830 2237 ὑποσταίη
1837 2201 1872 2228 ⁸⁷.

1085 2248 1166 2283 118
1182 2248 1244 2281 Πῶς
1254 2249 1287 2285 δὴ
1305 2248 1354 2276 καὶ
1368 2249 1448 2285 ὑμεῖς
1460 2249 1492 2276 οὐ
1507 2249 1584 2285 δίκην
1603 2248 1725 2283 ὑφέξετε,
1744 2247 1782 2283 μὴ
1800 2247 1875 2281 λογιο

1083 2293 1195 2328 σάμενοι
1208 2294 1249 2320 ὃτι
1264 2294 1337 2327 ἄξιός
1351 2295 1425 2321 ἐστιν
1438 2296 1452 2322 ὁ
1465 2295 1582 2331 ἐργάτης
1596 2294 1642 2321 τοῦ
1658 2293 1754 2329 μισθοῦ
1767 2293 1851 2320 αὐτοῦ
1863 2302 1871 2326 ;

1082 2339 1129 2366 καὶ
1140 2340 1178 2375 μὴ
1186 2339 1288 2374 λεγέτω
1297 2349 1348 2373 τιςο
1356 2340 1454 2368 οὐκοῦν
1463 2342 1477 2367 ὁ
1485 2340 1589 2376 δωρεὰν
1599 2338 1782 2376 παρασχεθεὶς
1792 2339 1873 2373 λόγος

880 2415 995 2443 νΑῐιιΕ
1017 2415 1222 2445 LECTIONES.

277 2478 487 2514 ’θμεταδώσητε
512 2478 544 2514 C.
571 2477 641 2514 Tum
672 2477 744 2514 idem
774 2475 902 2514 Opéqmze:

243 2550 298 2576 εἴθε
311 2549 341 2576 0.
380 2549 472 2580 ¹³ταίς
485 2547 514 2575 ΟΖ
553 2547 622 2575 “Ita
635 2547 665 2574 0⁷
682 2555 706 2575 c.

244 2586 265 2611 0

955 2475 984 2515 "‘
1001 2475 1143 2515 παρέχετε
1166 2477 1242 2514 (lege
1277 2478 1413 2515 παρέξητε

244 2510 358 2541 σετε’-
377 2510 605 2549 ἐπισκέψησθεή-
618 2511 771 2549 βοηθήσητε
789 2510 1002 2549 ὲ-άποδέξαορε
1075 2510 1226 2549 μισήσητεῖ

706 2520 771 2574 agt:
789 2520 1002 2555 -αποοεςασυε
1025 2528 1059 2533 --
1083 2520 1226 2549 μισήσητε.
1281 2520 1303 2530 ι·
1329 2520 1498 2566 συνδέζεσυε,
1529 2520 1604 2556 stage
1626 2521 1653 2548 p.

710 2582 722 2588 -
755 2567 763 2580 ,
779 2549 879 2588 ποιεῖτε
893 2547 924 2574 (ι.
948 2546 1033 2588 ~Tum
1049 2548 1198 2588 ἁσυχίαςρ.
1211 2549 1366 2588 ἀσυλίας-0.
1406 2549 1507 2588 ’,11³Αο
1528 2557 1551 2577 c.
1571 2553 1598 2576 δ.
1626 2550 1659 2584 ’τῇ

1281 2474 1869 2541 aesaesesseesse:-

1329 2513 1498 2548 συνδέχεσθε,
1529 2513 1604 2540 εῐσθε
1626 2521 1653 2548 p.
1689 2513 1869 2548 συνέρχεσθε.

1681 2547 1711 2575 c.
1752 2547 1871 2584 ίίῦμων

293 2593 335 2619 pr.
349 2592 424 2612 man.
462 2584 483 2625 ’ζ
493 2583 562 2625 Vbi}:
571 2583 624 2625 ¹ξιαὶ
631 2583 669 2614 ὡς
689 2582 752 2625 τῷν.
762 2582 832 2609 κατὰ
844 2582 966 2625 τῶνλτολῦι
982 2583 1100 2625 Χριστοῦ
1117 2582 1244 2625 μαθητῶν
1253 2582 1782 2625 ὑπάρξας’κολασθήσετ-αιι-οεεεδξετυλῐιι
1795 2582 1867 2625 ei

244 2617 421 2656 Subsequens
433 2619 588 2656 καί-δᾲάίᾀί
603 2626 636 2656 εξ
648 2618 816 2656 conjectura.
839 2617 877 2656 _"
886 2617 1034 2656 βληθήσειὲε
1050 2620 1071 2646 0
1086 2639 1093 2650 ,
1106 2617 1151 2656 qui
1165 2617 1222 2646 tum
1241 2617 1342 2656 μοιχόν.
1381 2621 1404 2636 ι’
1413 2617 1531 2656 ἁρπάσει
1548 2619 1576 2647 S.
1592 2619 1662 2656 Tum
1678 2619 1825 2654 εὑρεθέντα
1832 2619 1864 2647 C.

243 2655 266 2690 ξ’
277 2652 360 2687 tam];
375 2656 405 2690 υ.
444 2654 495 2681 "C
522 2654 575 2689 legi
589 2653 647 2690 vult
665 2652 780 2690 φέρεσθε
797 2657 823 2680 et
831 2652 1011 2690 ἀναφέρεσθε,
1036 2659 1118 2689 atque
1133 2655 1203 2682 hanc
1219 2652 1382 2690 scripturam
1397 2652 1667 2684 in'versioneLalina
1685 2652 1797 2690 secutus
1815 2659 1866 2682 est.

244 2689 406 2726 Bectiusih
436 2690 579 2724 proposuit
585 2688 702 2726 gépswqt
713 2692 740 2715 et
752 2688 915 2726 ἀναφέρεται
932 2689 982 2723 (sc.
1002 2692 1019 2726 ἠ
1035 2688 1124 2726 τιμή),
1138 2690 1187 2718 cfr.
1201 2688 1284 2726 supra
1299 2699 1322 2718 c.
1340 2690 1385 2725 66,
1406 2691 1451 2719 ubi
1475 2691 1546 2719 idem
1562 2690 1659 2726 legitur
1680 2689 1775 2726 iisdem
1801 2695 1871 2724 pene

245 2726 343 2753 verbis.
361 2723 493 2753 Praeterea
505 2732 566 2751 cum
580 2724 611 2751 Cl
627 2723 812 2759 scribendum
826 2724 962 2759 προφάσει

245 2760 317 2793 quod
333 2761 384 2787 sub
397 2760 486 2795 specie
501 2759 614 2795 honoris
630 2759 657 2786 iu
673 2758 766 2795 ipsum
772 2758 954 2795 (episcopum)

977 2724 1027 2788 ﬁli;
1041 2724 1201 2765 (εοζτιμῆς)
1219 2724 1292 2768 πρὸς.
1309 2726 1398 2768 αὐτόν.
1418 2724 1714 2768 vertendum‘il‘aque:
1732 2724 1866 2757 Scieutes,

977 2768 1002 2787 ιο
1015 2761 1060 2787 lati
1073 2759 1158 2787 fertur
1170 2762 1272 2788 (honor
1286 2761 1342 2788 ille)
1354 2770 1380 2788 ιη
1394 2761 1535 2788 Christum
1546 2766 1573 2788 et
1583 2769 1598 2788 :.
1611 2761 1720 2788 Christo
1732 2759 1766 2787 ad
1780 2759 1866 2787 Deum

970 2759 1060 2796 collati
1073 2759 1158 2787 fertur
1169 2759 1272 2796 (honor
1286 2761 1342 2796 ille)
1354 2762 1380 2789 in
1394 2761 1535 2789 Christum
1546 2766 1573 2788 et
1583 2769 1598 2788 :.
1611 2759 1720 2788 Christo
1729 2759 1766 2796 ad
1780 2759 1867 2796 Deum

245 2795 364 2845 πῖθι-ωι-
378 2793 420 2823 5(
440 2794 671 2821 ³²άνταποδίδοται
686 2795 717 2820 0.
757 2793 780 2809 ³³
790 2793 922 2857 τιμήσατε
935 2794 966 2822 C.
983 2793 1195 2837 Tum‘Mwﬁeéo;
1207 2799 1235 2823 υ.
1276 2793 1342 2824 “Ita
1352 2796 1374 2824 0
1398 2805 1421 2824 c.
1436 2796 1571 2824 Turriano
1582 2796 1600 2824 l.
1618 2803 1657 2828 c.,
1670 2794 1828 2831 νομίζονται
1836 2794 1867 2822 C.

280 2829 406 2857 Fortasse
425 2831 569 2857 leuenduut
597 2830 687 2857 ιιόνοις
711 2828 740 2856 S.
763 2827 833 2857 Tum
861 2829 914 2857 λως
928 2829 960 2857 0.
999 2831 1022 2848 ³⁸
1030 2831 1225 2857 αυτοποόνοιαν
1241 2839 1267 2857 n.
1280 2832 1363 2857 αὐτοῦ
1374 2831 1500 2857 ποόνοιαν
1514 2835 1544 2857 υ.
1583 2831 1605 2848 ³⁷
1616 2830 1655 2857 ita
1665 2830 1688 2857 Ο
1709 2838 1735 2857 c.
1750 2829 1771 2857 S
1785 2830 1867 2857 Λη-

247 2829 406 2901 ἒιέἓὶιειεεο
425 2831 569 2866 legendum
596 2830 687 2866 μόνοις
711 2828 740 2856 S.
763 2827 833 2857 Tum

876 2839 914 2863 ως
928 2829 960 2858 Ο.
999 2831 1022 2848 ³⁸
1030 2830 1225 2868 αὐτοπρόνοιαν
1241 2839 1267 2868 p.
1280 2832 1363 2859 αὐτοῦ
1374 2831 1500 2869 πρόνοιαν
1514 2835 1544 2859 U.
1583 2831 1605 2848 ³⁷
1616 2830 1655 2859 Ita
1665 2830 1688 2859 0
1704 2829 1735 2858 ἐ.
1750 2829 1771 2858 S
1785 2830 1868 2865 ,ὐπ-
