1942 3100
73 145 115 174 ὶῖιΊ

623 149 853 179 ΩιΕΜΕΝΤΙΝΑ.
864 165 901 173 -
912 152 1053 180 ιιυΜιιιΑ
1070 151 1112 180 IV.

1650 151 1701 179 l58

74 206 212 238 ωλεῖταις
232 205 283 241 Μὴ
303 206 425 240 γένοιτο.
441 208 476 234 Ei'
485 216 527 240 τις
540 209 595 244 γὰρ
609 208 688 244 ἔχων,
703 208 784 236 πόθεν
804 209 863 245 ζῇν,

920 219 965 238 sua
976 211 1010 238 ιτ
1032 210 1087 238 Nec
1116 210 1189 238 dicat
1213 210 1312 246 aliquis
1325 218 1359 237 an
1374 218 1438 246 ergo
1450 210 1533 246 gratis
1547 209 1626 237 datus
1641 217 1701 237 scr-

74 251 136 286 λὰδῃ
147 250 178 283 ³⁸.
191 247 270 283 οὗτος
280 252 371 279 πωλεῖ
381 253 430 280 τὸν
444 253 533 288 λόγον,
545 255 569 280 εἰ
581 254 610 280 δὲ
627 254 664 290 μὴ
676 254 745 289 ἔχων
757 255 805 281 τοῦ
816 254 865 291 ζῇν

73 297 146 332 χάριν
161 295 298 332 λαμϐάνει
310 299 429 334 τροφὴν,
440 299 478 331 ὡς
489 299 536 326 καὶ
550 300 563 327 ὁ
578 300 680 335 Κύριος
690 300 784 327 ἐλαϐεν
797 300 826 327 ἐν
835 309 865 327 τε

73 343 183 375 δείπνοις
191 344 240 370 καὶ
249 343 348 378 φίλοις,
363 345 441 372 οὐδὲν
451 345 531 380 ἔχων,
541 347 555 372 ό
566 345 687 378 εἰσαῦθις
697 346 732 372 τὰ
745 347 833 374 πάντα
842 347 865 363 ³⁸

73 389 148 424 έχων.
161 389 213 425 οὐχ
235 389 400 425 ἁμαρτάνει.
423 390 589 421 ’Δκολούθως
607 388 654 418 οὖν
676 392 772 427 τιμᾶτε
795 400 863 428 πρε-

73 433 229 470 σσυτέρους,
236 435 407 471 κατηχητὰς,
418 436 556 468 διακόνους
562 437 723 472 χρησίμους,
734 438 822 472 χήρας
832 436 863 465 εὖ

73 479 245 514 βεϐιωκυίας,
255 479 392 515 ὀρφανοὺς
401 480 439 512 ὡς
456 481 616 516 Ἑκκλησίας
627 482 719 508 τέκνα·
731 482 799 509 ἀλλὰ
818 483 864 510 καὶ

71 525 149 552 ὁπότε
163 525 247 561 χρεία
257 525 331 557 τινὸς
344 526 430 562 πόρου
441 526 511 562 πρός
519 535 546 553 τι
556 527 579 544 ⁵ο
593 528 738 562 ἀναγκαῖον
749 528 863 562 γένοιτο,

71 570 128 606 ἅμα
139 571 165 597 οἱ
176 570 282 603 πάντες
297 571 494 606 συμϐάλλεσθε.
506 572 555 604 Et;
568 572 701 609 ἀλλήλους
715 574 863 607 εὐσεϐεῖτε,

73 615 108 651 μὴ
121 615 269 647 ὀκνοῦντες
285 616 339 643 πᾶν
352 616 443 644 δτιοῦν
455 617 526 654 ὑπὲρ
544 617 595 653 τῆς
607 618 712 646 ἑαυτῶν
727 619 865 657 σωτηρίας

71 662 230 698 ὑπομένειν.
607 677 611 680 ι

103 751 212 779 LXXII.
233 752 289 779 Kal.
303 751 392 780 ταῦτα
405 753 490 780 εἰπὼν
500 753 620 789 ὲπέθηκε
636 755 715 790 χεῖρα
738 754 777 791 τῷ
793 755 864 783 Ζακ-

69 798 138 834 χαίῳ
152 798 252 832 λέγων’
267 798 389 826 Δέσποτα
404 800 451 826 καὶ
467 799 554 836 Κύριε
573 800 626 826 τῶν
637 800 717 833 ὅλων,
737 802 752 828 ό
768 801 864 838 Πατὴρ

68 845 115 871 καὶ
127 843 207 877 Θεὸς,
229 845 262 871 σὺ
280 844 442 880 δαφύλαξον
457 846 574 882 ποιμένα
590 846 659 882 μετὰ
681 846 807 883 ποίμνης.
827 847 862 874 Σὺ

67 891 84 924 ἡ
99 889 240 925 πρόφασις
252 910 260 922 ,
277 891 309 917 σὺ
324 891 340 926 ή
355 890 479 926 δύναμις.
505 891 600 927 Ἡμεῖς
617 891 648 918 τὸ
671 891 861 928 βοηθούμενον,
877 885 899 913 Β

68 937 100 963 σὺ
115 937 130 963 ὁ
152 935 262 972 βοηθὸς,
276 936 290 962 ό
305 936 407 972 ἰατρὸς,
422 937 437 964 ὁ
453 936 554 973 σωτὴρ,
568 937 599 964 τὸ
614 938 714 972 τεῖχος,
729 938 746 973 ὴ
763 936 830 973 ζωὴ,
845 938 862 974 ἡ

68 982 157 1013 ἐλπὶς,
172 983 190 1017 ἡ
208 981 373 1017 καταφυγὴ,
391 983 408 1017 ὴ
425 981 541 1018 χαρὰ,ή
567 982 715 1019 προσδοκία
726 1002 734 1015 ,
755 983 772 1019 ἡ
797 982 864 1010 ἀνά-

69 1035 183 1059 παυσιςο
217 1027 335 1055 συνελὼν
363 1027 432 1064 ἐρῶ·
457 1029 488 1055 σὺ
512 1029 578 1063 ἡμῖν
607 1028 642 1054 τὰ
664 1028 764 1056 πάντα.
791 1029 865 1064 Πρὸς

69 1073 177 1100 αἰώνιον
193 1072 312 1108 ὓπαρξιν
332 1072 470 1108 σωτηρίας
486 1073 662 1108 ουνέργησον,
676 1072 768 1109 ῥῦσαι,
780 1073 866 1108 φύλα-

69 1118 124 1151 ξον.
139 1118 234 1146 Πάντα
255 1117 378 1144 δύνασαι.
396 1117 433 1144 Σὺ
449 1116 504 1152 γὰρ
521 1117 629 1152 ’Ἄρχων
644 1117 796 1152 ἀρχόντων,
817 1118 865 1145 καὶ

69 1163 172 1199 Κύριος
189 1163 303 1199 κυρίων,
323 1162 463 1197 Δεσπότης
477 1161 617 1197 βασιλέων.
631 1162 666 1189 Σὺ
682 1162 726 1194 δὸς
741 1162 865 1194 ἐξουσίαν

70 1207 108 1243 τῷ
119 1207 362 1244 προκαθεζομένῳ,
381 1206 454 1233 λύειν
469 1205 487 1233 ἃ.
505 1206 546 1232 δεῖ
560 1205 645 1238 λύειν,
657 1206 703 1232 καὶ
723 1206 831 1241 δεσμεῖν
847 1205 866 1232 ἃ

69 1254 109 1281 δεῖ
117 1254 238 1289 δεσμεῖν.
253 1253 287 1280 Σὺ
298 1252 416 1287 σόφισον·
431 1253 463 1279 σὺ
475 1251 513 1283 ὼς
525 1251 557 1278 δι’
570 1250 686 1287 ὀργάνου
698 1250 720 1266 ⁸⁸
736 1250 769 1277 δι’
782 1250 865 1277 αὐτοῦ

69 1301 118 1336 τὴν
147 1299 313 1335 Ἐκκλησίαν
333 1298 382 1326 τοῦ
402 1297 520 1334 Χριστοῦ
545 1305 592 1324 σου
620 1297 658 1328 ὡς
679 1296 763 1333 καλὴν
787 1296 868 1332 119

70 1347 181 1382 νύμφην
207 1344 373 1380 διαφύλαξόν
387 1366 393 1372 .
420 1344 471 1371 Σοῦ
487 1344 541 1380 γάρ
564 1344 637 1372 ἔστιν
661 1343 724 1376 δόξα
740 1343 865 1375 αἰώνιος,

72 1393 156 1428 ὕμνος
164 1413 174 1425 ,
191 1391 279 1428 Πατρὶ
290 1391 338 1418 καὶ
351 1390 410 1425 Υίῷ
422 1390 469 1418 καὶ
480 1389 548 1426 ἁγίῳ
559 1389 699 1424 Πνεύματι
709 1388 742 1422 δ’,
753 1389 794 1420 εἰς
803 1388 868 1420 τοὺς

72 1439 235 1474 σύμπαντας
247 1437 357 1468 αἰῶνας.
371 1436 467 1472 ’Δμήν.

104 1483 225 1512 LXXIII.
247 1483 303 1511 Καὶ
316 1482 403 1510 ταῦτα
424 1481 519 1514 εἰπὼν,
535 1480 604 1518 μετὰ
618 1479 705 1508 ταῦτα
715 1480 776 1515 ἔφη·
791 1481 867 1508 ’Όσοι

71 1529 137 1556 ποτὲ
155 1528 341 1564 βαπτισθῆναι
361 1527 462 1559 θέλετε,
483 1526 537 1553 ἀπὸ
549 1526 600 1562 τῆς
614 1525 708 1562 αὔριον
728 1525 868 1560 νηστεύειν

917 265 962 285 mo
974 257 1117 285 venditur?
1131 257 1229 285 Absit!
1246 257 1312 284 Nam
1329 257 1351 284 si
1370 257 1447 292 quis,
1464 257 1511 292 qui
1534 256 1614 283 habet
1630 257 1701 284 unde

915 303 1001 336 vivat,
1014 303 1123 338 accipit,
1147 304 1191 330 hic
1212 303 1304 330 vendit
1329 310 1504 330 sermonem:
1530 310 1585 329 non
1607 307 1702 337 peccat

916 357 993 382 vero,
1005 349 1027 377 si
1042 357 1098 376 non
1112 349 1217 376 habens
1231 348 1346 384 accipiat
1358 349 1449 376 cibum
1462 348 1495 376 ad
1505 348 1619 381 victum,
1632 348 1703 375 sicut

915 398 944 423 et
965 394 1099 422 Dominus
1123 395 1151 422 in
1167 395 1254 422 omnis
1267 399 1294 421 et
1313 394 1384 429 apud
1404 395 1507 421 amicos
1526 394 1640 428 accepit.
1655 394 1702 428 qui

915 439 985 467 nihil
1005 440 1132 471 habebat,
1152 440 1179 466 in
1193 444 1334 474 posterum
1357 444 1447 466 tamen
1470 439 1563 466 omnia
1579 439 1702 474 posside-

915 485 966 512 bit.
982 484 1186 512 Convenienter
1209 484 1293 520 igitur
1305 483 1437 511 honorate
1456 483 1640 518 presbyteros,
1654 490 1702 510 ca-

885 563 888 567 ,
915 530 1057 564 techistas,
1074 530 1207 558 diaconos
1227 529 1326 564 utiles,
1348 529 1444 556 viduas
1467 533 1540 556 recte
1562 528 1702 562 viventes,

915 578 1056 613 orphanos
1071 577 1145 604 velut
1160 577 1232 604 tilios
1251 575 1389 603 Ecclesiae.
1406 575 1458 603 Sed
1474 579 1502 603 et
1520 582 1582 602 cum
1598 575 1631 602 ad
1653 583 1703 602 ne-

914 623 1067 650 cessarium
1088 629 1159 657 opus
1180 621 1234 650 erit
1254 621 1371 656 pecunia
1384 641 1392 653 ,
1407 627 1502 648 omnes
1521 620 1622 655 pariter
1636 627 1704 648 con-

915 668 994 696 ferte.
1010 667 1106 696 Mutuo
1127 673 1252 696 exercete
1274 667 1418 702 pietatem,
1435 673 1486 693 nec
1499 666 1588 701 pigeat
1612 666 1703 693 omnia

914 722 965 750 pro
980 714 1069 741 salute
1082 718 1173 741 vestra
1184 713 1335 740 sustinere.

951 758 1057 787 LXXII.
1072 759 1178 792 Quibus
1192 759 1283 791 dictis,
1296 765 1407 786 manum
1420 757 1550 786 Zacchteo
1562 757 1703 792 imposuit,

914 807 1009 836 dicens
1024 815 1032 834 :
1046 805 1116 833 Here
1130 805 1280 833 acDomine
1293 805 1427 837 omnium,
1440 804 1520 831 Pater
1536 811 1563 831 et
1580 803 1662 837 Deus,
1674 808 1703 830 tu

914 858 1051 889 pastorem
1069 861 1131 881 cum
1143 860 1223 888 grege
1236 852 1352 880 custodi.
1366 851 1407 879 Tu
1419 858 1513 884 causa,
1528 855 1556 878 tu
1572 854 1702 886 potestas.

913 899 969 928 Nos
986 907 1081 928 sumus
1094 899 1113 926 ii
1132 898 1181 934 qui
1195 898 1374 932 adjuvnntur;
1390 901 1418 924 tu
1428 896 1553 931 adjutor,
1570 895 1703 928 medicus,

914 949 1047 979 servator,
1059 944 1235 977 murus,vita,
1251 950 1323 978 spes,
1338 941 1485 977 refugium,
1501 941 1641 976 gaudium,
1657 947 1705 967 ex-

915 991 1056 1028 spectatio,
1070 991 1198 1025 requies;
1212 989 1331 1017 breviter
1350 988 1452 1021 dicam,
1473 991 1501 1014 tu
1517 986 1596 1014 nobis
1612 985 1704 1013 omnia

914 1045 953 1065 es.
963 1037 1004 1064 Ad
1012 1035 1231 1071 consequendam
1247 1034 1361 1062 salutem
1373 1037 1501 1060 aeternam
1514 1032 1658 1066 opitularc.
1671 1030 1706 1057 li-

915 1084 991 1116 bera,
1007 1082 1123 1110 custodi.
1142 1081 1246 1108 Cuncta
1263 1084 1350 1115 potes.
1376 1079 1417 1106 Tu
1433 1079 1506 1106 enim
1525 1085 1556 1105 es
1571 1077 1704 1111 Princeps

915 1129 1083 1164 principum,
1103 1132 1130 1154 et
1142 1126 1274 1154 Dominus
1294 1125 1480 1156 dominorum,
1492 1123 1581 1150 Herus
1598 1129 1704 1157 regum.

917 1174 958 1202 Tu
980 1172 1096 1201 antistiti
1119 1173 1153 1199 da
1171 1176 1332 1207 potestatem
1363 1170 1487 1198 solvendi
1509 1177 1570 1203 qua:
1597 1172 1705 1203 oportet

917 1219 1021 1247 solvere
1041 1223 1067 1245 et
1084 1217 1186 1252 ligandi
1198 1224 1259 1252 quae
1273 1216 1357 1252 ligare
1375 1219 1491 1251 oportet.
1508 1214 1548 1242 Tu
1563 1214 1639 1241 doce.
1662 1212 1704 1240 Tu

917 1273 965 1300 per
993 1271 1057 1292 eum
1080 1270 1209 1297 tanquam
1235 1270 1282 1296 per
1313 1262 1526 1289 instrumentum
1553 1258 1704 1286 Ecclesiam

917 1309 1019 1338 Christi
1039 1309 1077 1336 tui
1097 1308 1170 1335 velut
1191 1307 1333 1342 pulchram
1352 1313 1483 1341 sponsam
1505 1309 1606 1333 tutare.
1622 1304 1662 1332 Ad
1680 1310 1706 1331 te

918 1355 991 1384 enim
1008 1354 1126 1390 pertinet
1137 1357 1238 1381 aeterna
1262 1352 1362 1387 gloria,
1377 1352 1448 1385 laus,
1461 1350 1535 1378 Patri
1552 1354 1580 1379 et
1595 1350 1664 1378 Filio
1679 1354 1706 1377 et

919 1401 1034 1437 Spiritui
1048 1404 1157 1434 sancto,
1176 1399 1204 1427 in
1220 1399 1313 1427 omnia
1327 1398 1438 1426 saecula.
1455 1396 1554 1425 Amen.

955 1470 1071 1499 LXXlll.
1092 1470 1158 1504 Quae
1183 1470 1244 1498 cum
1261 1469 1393 1503 dixisset,
1412 1474 1506 1504 postea
1533 1468 1592 1496 inﬁt
1612 1477 1618 1495 :
1639 1467 1706 1502 Qui—

920 1524 1028 1552 cunque
1054 1515 1188 1551 baptizari
1207 1515 1306 1548 vultis,
1328 1522 1362 1542 ex
1377 1514 1498 1543 crastino
1516 1514 1561 1542 die
1579 1513 1706 1548 ieiunare

70 1558 192 1610 ἄρξασθε
203 1594 212 1608 ,
228 1574 277 1601 καὶ
289 1558 459 1609 ’καθημέραν
470 1571 492 1588 ⁸¹
504 1558 703 1608 χειροθετεῐπσθε
713 1591 720 1604 ,
742 1558 789 1598 καὶ
803 1571 867 1607 περὶ

920 1562 1042 1597 incipite,
1051 1566 1078 1589 et
1092 1561 1208 1597 singulis
1222 1560 1320 1589 diebus
1330 1569 1428 1588 manus
1445 1560 1646 1595 impositionem
1660 1566 1706 1586 ac-

68 1617 107 1647 ὦν
129 1621 224 1648 θέλετε
245 1619 423 1648 πυνθάνεσθε.
439 1620 500 1646 Ἔτι
520 1618 575 1655 γὰρ
587 1617 699 1654 ἡμερῶν
719 1617 785 1644 δέκα
803 1618 866 1653 ὑμῖν

68 1667 212 1702 ἐπιμεῖναι
238 1666 317 1693 θέλω.
340 1666 418 1692 Μετὰ
440 1665 468 1693 δὲ
493 1666 567 1701 τρεῖς
590 1664 698 1700 ἡμέρας
726 1663 867 1700 βαπτίζειν

66 1712 237 1748 ἀρξάμενος,
249 1711 300 1747 ἐμὲ
312 1711 441 1747 φωνήσας
455 1710 502 1737 καὶ
519 1710 634 1737 Ἀκύλαν
650 1710 698 1737 καὶ
713 1709 835 1746 Νικήτην
845 1708 869 1725 ⁵⁸

66 1756 131 1792 ἔφη·
153 1756 270 1783 Μέλλων
290 1756 337 1782 ἐπὶ
359 1755 409 1791 τὴν
428 1755 515 1791 Τύρον
535 1755 624 1791 ὁρμᾷν
650 1754 709 1790 μεθ’
723 1754 747 1770 ⁸⁸
763 1753 869 1790 ἡμέρας

65 1801 139 1828 ἑπτὰ
160 1800 292 1837 βούλομαι
308 1800 425 1836 ἐξαυτῆς
440 1801 511 1836 ὑμᾶς
530 1800 697 1832 ἀπελθόντας
707 1820 714 1832 ,
742 1798 818 1835 παρὰ
831 1800 866 1835 τῇ

63 1846 281 1874 Χαναανίτιδι⁵⁸
295 1846 413 1882 Βερνίκῃ
426 1846 481 1882 (80)
499 1846 619 1881 Ἰούστης
634 1845 750 1882 θυγατρὶ
769 1845 868 1871 λανθα-

63 1893 171 1924 νόντως
197 1892 434 1925 ἐπιξενωθέντας,
462 1892 528 1928 παρ’
550 1891 637 1927 αὐτῆς
667 1891 702 1918 τὰ
730 1891 802 1918 κατὰ
823 1890 870 1918 τὸν

63 1938 183 1974 Σίμωνα
203 1937 327 1974 ἀκριϐῶς
343 1938 477 1973 μαθόντας
487 1939 508 1954 ⁵⁷
524 1937 628 1974 γράψαι
647 1947 700 1973 μοι.
724 1936 795 1964 Πολὺ
814 1937 869 1973 γάρ

65 1992 114 2019 μοι
129 1983 329 2019 συμϐάλλεται,
345 1983 390 2010 ἵνα
405 1984 473 2019 πρὸς
490 1983 556 2010 αὐτὸ
577 1983 749 2019 ἁρμόσωμαι,
768 1983 813 2009 Διδ
825 1982 870 2014 ὲξ-

64 2029 157 2065 αυτῆς
176 2029 326 2064 πορεύεσθε
343 2030 400 2064 μετ’
417 2030 537 2065 εἰρήνης.
554 2030 610 2055 Καὶ
624 2028 656 2065 δὴ
666 2029 689 2045 ⁸⁸
705 2028 870 2064 βαπτίζοντα

64 2075 154 2102 αὐτὸν
170 2075 303 2106 ἐάσαντες
315 2095 322 2107 ,
337 2074 429 2106 καθὼς
449 2074 590 2102 ἐκέλευσεν
602 2094 609 2108 ,
624 2075 664 2107 εἰς
684 2073 772 2110 Τύρον
790 2073 870 2101 αὑτὸν

66 2120 236 2156 προήξαμεν
249 2120 301 2156 τῆς
315 2119 452 2156 Φοινίκης.

383 2211 514 2240 'OMIAIA
532 2211 567 2238 A'.

106 2255 128 2284 I.
150 2256 325 2292 Καισαρείας
339 2257 369 2284 δὲ
385 2257 436 2291 τῆς
455 2233 612 2293 Στράτωνος
626 2256 705 2290 ἐξιὼν
725 2257 780 2291 ἐγὼ
797 2256 872 2292 Κλή-
883 2233 909 2263 D

71 2309 141 2337 μης,
158 2300 218 2338 ἃμα
232 2301 357 2338 Νικήτης
368 2310 399 2328 τε
415 2302 438 2317 δ’
452 2302 499 2328 καὶ
520 2302 644 2334 Ἀκύλας,
659 2303 699 2334 εἰς
719 2302 806 2338 Τύρον
822 2301 873 2337 τῆς

69 2347 205 2384 Φοινίκης
216 2347 382 2381 εἰσέϐαλλον,
397 2348 445 2375 καὶ
463 2350 523 2376 κατ’
540 2347 649 2384 ἐντολὴν
667 2348 746 2383 120
766 2348 872 2384 Πέτρου

70 2390 123 2419 τοῦ
144 2392 356 2424 ἀποστείλαντος
369 2393 455 2429 ἡμᾶς,
470 2392 645 2429 ὲξενίσθημεν
661 2392 738 2429 παρὰ
755 2392 872 2429 Βερνίκῃ

113 2464 128 2479 ι
146 2458 218 2487 Luc.
233 2466 262 2493 ι,
276 2458 304 2488 7.

919 1609 1010 1644 eipite.
1029 1616 1061 1636 ac
1085 1608 1252 1642 interrogate
1265 1607 1299 1634 de
1318 1607 1419 1642 quibus
1439 1606 1593 1633 volueritis.
1611 1604 1706 1631 Adhuc

919 1654 991 1682 enim
1004 1654 1097 1681 decem
1113 1654 1172 1682 dies
1192 1654 1255 1680 volo
1267 1653 1408 1680 vobiscum
1428 1659 1548 1679 manere.
1567 1651 1633 1678 Post
1651 1655 1706 1678 tres

920 1703 1011 1727 autem
1028 1700 1097 1730 dies,
1115 1707 1177 1726 cum
1192 1698 1332 1733 baptizare
1345 1697 1483 1732 cmpisset,
1498 1696 1607 1724 vocavit
1622 1703 1666 1723 me
1679 1699 1706 1723 et

920 1745 1048 1780 Aquilam
1063 1749 1090 1772 et
1103 1743 1237 1776 Nicetam,
1254 1747 1281 1769 et
1296 1742 1366 1769 dixit
1383 1751 1389 1768 :
1407 1741 1509 1776 Tyrum
1532 1740 1707 1775 profecturus

920 1795 984 1826 post
1008 1794 1110 1825 septem
1136 1790 1195 1817 dies
1209 1789 1272 1815 volo
1285 1796 1333 1815 vos
1353 1787 1446 1815 statim
1469 1787 1562 1818 abire,
1584 1789 1612 1813 et
1635 1786 1706 1820 apud

920 1837 1103 1864 Chananazam
1119 1835 1265 1862 Berenicen
1286 1834 1370 1862 Justae
1381 1834 1463 1860 ﬁliam
1476 1833 1545 1860 clam
1558 1832 1704 1867 hospitari,

921 1888 1003 1918 atque
1022 1882 1167 1916 diligenter
1189 1887 1250 1908 eam
1274 1879 1521 1915 percontatosmihi
1537 1878 1707 1913 perscribere

921 1937 982 1964 qua:
996 1928 1029 1955 ad
1047 1928 1187 1954 Simonem
1206 1926 1391 1960 pertinebunt.
1415 1923 1530 1952 Multum
1551 1923 1624 1951 enim
1643 1929 1707 1957 pro-

920 1975 993 2002 derit
1017 1973 1096 2006 mihi,
1115 1976 1144 1999 ut
1167 1971 1199 1999 ad
1227 1971 1253 1998 id
1284 1979 1327 1999 me
1353 1977 1513 2006 praeparem.
1538 1969 1708 2004 Quapropter

918 2020 1032 2057 jatnjam
1049 2026 1112 2046 cum
1137 2025 1204 2053 pace
1219 2017 1333 2052 pergite.
1355 2016 1439 2052 Igitur
1463 2015 1620 2042 deserentes
1643 2021 1705 2040 eum

921 2067 1104 2102 haptizantem
1116 2085 1123 2098 ,
1140 2062 1371 2100 quemadmodum
1395 2062 1516 2097 jusserat
1528 2081 1535 2094 ,
1563 2060 1590 2087 in
1605 2059 1706 2095 Tyrum

921 2112 1070 2140 Plueniciae
1080 2111 1272 2147 praeces-simus
1285 2116 1359 2136 eum.

1212 2201 1354 2230 IIOMILIA
1374 2200 1416 2228 IV.

960 2252 980 2281 I.
1001 2252 1125 2280 Caesarea
1138 2257 1204 2285 ergo
1220 2248 1357 2277 Stratonis
1372 2254 1498 2282 egressus
1517 2253 1567 2280 ego
1582 2244 1708 2272 Clemens

924 2299 1062 2334 simulque
1081 2297 1192 2324 Nicetas
1216 2300 1243 2322 et
1257 2294 1353 2330 Aquila
1383 2293 1410 2319 in
1435 2291 1536 2328 Tyrum
1561 2290 1709 2317 Phcenicize

923 2346 1099 2377 intravimus,
1114 2347 1141 2371 et
1152 2344 1230 2378 juxta
1246 2340 1320 2369 Petri
1337 2339 1496 2367 mandatum
1507 2357 1515 2370 ,
1530 2337 1577 2372 qui
1595 2338 1707 2363 miserat

925 2400 987 2426 nos,
1004 2390 1136 2426 hospitali
1150 2397 1247 2418 sumus
1266 2387 1338 2424 apud
1352 2386 1501 2414 Berenicen
1514 2404 1521 2417 ,
1534 2383 1619 2411 Justaa
1633 2383 1707 2410 Cha-

717 2506 837 2535 V'ARIAE
851 2501 1055 2533 LECTIONES.

115 2563 224 2591 κλάδοι
241 2563 273 2591 c.
312 2559 386 2596 ιοετς
401 2562 479 2598 αὖθις
495 2566 585 2593 πάντα
599 2565 631 2593 c.
668 2565 725 2592 ωτι
740 2565 830 2592 addidi
847 2572 872 2592 c.
886 2563 918 2591 ο.
957 2564 978 2579 ⁸·
992 2562 1060 2598 Vbb-
1074 2561 1107 2588 δι’
1120 2558 1250 2598 tam":
1267 2564 1327 2598 αυειὲ
1344 2555 1416 2598 ῐτξὶηὲ
1428 2553 1706 2598 θπῗί¹ἓῗ³5ἱ¹.¹.¹¹τὲ.ἒῗ.³ξὶ¹¹

79 2598 315 2636 Schvvegleriano,
339 2600 447 2636 reposui
462 2597 487 2629 ὁ.
515 2600 545 2629 0.
559 2600 588 2628 In
602 2601 697 2628 eodem
711 2608 769 2636 seq.
788 2600 916 2636 mendum
928 2599 961 2636 δι’
980 2597 1066 2636 αύτῷε
1119 2597 1147 2636 δ’.
1161 2597 1345 2636 Ιξατρὸὶκαιη
1352 2597 1411 2636 μου
1428 2597 1475 2636 κριι

811 2620 958 2662 δι”ξέἆὸτ
981 2620 1199 2658 -ῖδῆὶξανανίτιδι
1222 2620 1228 2629 ³
1253 2620 1274 2644 ί⁷
1293 2626 1427 2662 μαθόντας
1443 2620 1526 2662 ιεξξῑιξῖ
1545 2622 1606 2662 {ﬁdi
1622 2620 1707 2662 (ἔξυρ-

79 2633 193 2690 ἷιος.’0.’
220 2635 244 2651 ⁸³
260 2635 321 2661 καθ’
337 2633 445 2697 ήίμέραν
461 2636 492 2663 C.
530 2636 553 2652 “
568 2636 691 2707 Νικίὶλταν
705 2635 737 2662 0.

116 2670 158 2702 δις
173 2669 207 2698 ο.
245 2670 269 2686 ⁸⁸
285 2679 316 2697 τε
332 2678 347 2697 ιι
367 2670 396 2697 d.
412 2679 438 2699 c.
451 2671 483 2706 0,
500 2672 559 2707 ἅμα
575 2672 628 2698 Νικ
647 2678 682 2707 τῃ
707 2679 737 2697 κο

1119 2585 1145 2612 ίδ
1161 2585 1411 2629 ΪΙατρδξκαὶΞΥἱοῦ
1428 2589 1475 2616 καὶ
1490 2588 1566 2629 artiori
1583 2585 1709 2629 ῃνεύμα-

79 2655 207 2702 ἱ’ἠέίέ
245 2655 316 2697 λῖἒὲ
332 2655 690 2708 ἅμα
707 2655 755 2697 καὶ
776 2655 1231 2706 Ἀκύλᾎψείςυῖύροντῆςῖῡοινίκης
1246 2655 1431 2698 ἐπορευόμεθα
1458 2658 1526 2686 Cod.
1550 2656 1616 2692 Reg.
1645 2655 1710 2684 804.

736 2735 920 2764 VARIOBUM
937 2734 1054 2763 ΝΟΤΛΕ.

115 2810 171 2847 (80)
188 2809 332 2847 Βερκικῃ.
343 2808 419 2847 Idem
434 2815 534 2847 nomen
550 2807 678 2835 Bernices
694 2804 870 2847 seumBereni-

80 2841 133 2880 eos,
159 2841 273 2881 mulieri
297 2841 498 2881 αἱμορροούσῃ,
514 2850 598 2881 quam
613 2841 718 2881 sanavit
727 2841 869 2881 βίη-ἰδίεις.

83 2876 209 2913 tribuitur
223 2880 260 2914 ab
271 2876 497 2910 alio'fa'bulator'e
511 2876 616 2907 Joanne
627 2877 798 2906 Antiocheno
810 2876 867 2905 Ma-

923 2806 988 2869 lailta,
1004 2804 1076 2868 ιιιὲιιι
1095 2803 1296 2833 Damascenum
1310 2805 1381 2830 orat.
1397 2800 1425 2833 '5,
1443 2805 1492 2836 pro
1512 2797 1600 2826 sacris
1612 2793 1709 2833 imagi-

923 2849 940 2869 n
972 2849 1014 2869 us.
1051 2847 1098 2869 οτ.

923 2847 1014 2869 "IDUS.
1029 2847 1098 2869 ωτ.
