1942 3100
49 170 97 199 I61

619 163 849 194 CL‘EIIENTINA.
865 178 899 184 —
913 161 1054 190 HOMILlA
1070 160 1114 188 IV.

1632 157 1684 185 162

48 229 175 265 δαίμοσιν
190 226 345 255 ὑπέϐαλεν·
361 225 413 253 καὶ
429 225 473 252 ἶνα
493 223 531 260 μὴ
547 222 632 250 πολλὰ
639 223 721 257 λέγω,
737 221 852 253 πολλοὺς

910 220 1010 254 busque
1029 217 1146 252 subjecit
1165 225 1173 244 :
1198 223 1230 244 ac
1250 223 1286 243 ne
1305 215 1383 251 plura
1402 215 1560 251 proloquar,
1585 215 1688 244 multos

51 273 180 304 κακώσας
197 272 259 304 θεδς
275 268 349 299 εἶναι
364 269 542 306 ὑποληφθεὶς,
557 268 626 304 πρὸς
642 267 683 303 τῷ
695 267 717 283 ⁶¹
731 266 848 302 φοϐερὸν

50 318 119 348 εἶναι
135 319 184 346 καὶ
201 317 417 355 προτετίμηται.

87 366 120 393 ν.
142 365 229 392 Ὅθεν
254 365 306 391 οὐκ
329 364 424 399 οἴομαι
449 361 612 398 δυνήσεσθαί
635 369 698 387 τινα
719 359 849 387 τοσοῦτον

50 411 175 447 ἀναφθὲν
187 411 246 447 πῦρ
260 410 367 437 σϐέσαι.
385 408 453 436 Οὐδὲ
468 408 522 444 γὰρ
533 407 664 440 ἱνδοιάζει
678 415 722 439 τις
737 402 850 443 περὶῶν

51 461 159 490 ἐκεῖνος
175 457 386 492 ἐπαγγέλληται,
403 455 472 483 ἀλλὰ
485 454 564 482 τοῦτο
574 453 661 485 οὕτως
677 453 756 488 122
777 453 849 488 ἔχειν

52 505 259 532 διαϐεϐαιοῦται
274 504 401 535 ἕκαστος.
417 502 463 530 Διὸ
474 502 522 530 τοῦ
544 502 582 538 μὴ
595 501 760 529 κινδυνεύειν
777 501 850 537 ὑμᾶς

52 552 134 588 χάριν
150 551 306 587 παρακαλῶ
322 550 403 586 μηδὲν
419 549 576 586 ἐγχειρῆσαι
589 548 657 584 πρὸς
677 548 769 580 αὑτὸν,
786 547 850 583 πρὶν

55 599 87 625 iv
101 599 208 634 Πέτρος
225 597 302 634 ἔλθῃ,
318 597 347 629 ὃς
369 597 451 632 μόνος
468 597 611 632 δυνήσεται
627 594 696 630 πρὸς
712 593 734 610 ⁶¹
751 593 850 620 τοσαύ-

54 654 103 681 την
128 645 302 676 δυναστείαν,
320 643 367 671 τοῦ
391 643 493 680 Κυρίου
514 642 593 679 ἡμῶν
624 641 710 677 Ἰησοῦ
732 640 851 676 Χριστοῦ

54 692 244 727 ὼκιμιῖιτατος
275 691 405 726 ὑπάρχων
437 689 578 726 μαθητὴς,
606 689 850 724 ἀνταγωνίσασθαι.

54 738 191 764 Τοσοῦτον
203 737 260 773 γὰρ
269 737 425 772 πεφόϐημαι
433 737 478 763 τὸν
492 735 585 772 ἄνδρα,
596 736 644 768 ὡς,
656 736 681 762 εί
693 735 729 771 μὴ
744 735 792 762 καὶ
804 735 852 763 ἄλ-

57 783 118 810 λοτε
134 784 208 819 πρὸς
218 783 265 810 τὸν
281 783 375 819 κύριόν
391 791 442 818 μου
457 783 559 818 Πέτρον
570 783 719 818 διαλεχθεὶς
728 783 759 809 τὸ
771 780 852 819 ἦττον

57 830 249 865 ἀπηνέγκατο,
274 829 470 856 συνεϐούλευσα
480 829 512 856 ἂν
526 829 590 864 ὑμῖν
601 830 648 856 καὶ
657 828 738 856 αὐτὸν
749 830 853 856 πείθειν

57 875 229 911 τδνΠέτρον,
238 875 276 911 μὴ
285 875 432 910 πειρᾶσθαι
447 875 670 908 ἀντεξετάζεσθαι
684 875 725 911 τῷ
739 875 851 911 Σίμωνι.

90 955 137 984 Vl.
159 954 249 990 Κάγὼ
261 955 340 991 ἔφην·
359 955 388 982 '0
401 954 494 991 κύριος
508 954 586 990 ἡμῶν
601 954 704 991 Πέτρος
720 955 744 981 εί
761 955 853 990 ἠγνόει

57 1002 98 1029 ὅτι
122 1001 207 1034 αὐτὸς
233 1001 313 1036 μόνος
334 1001 475 1036 κατισχύει
495 1001 546 1036 τῆς
564 1001 670 1028 ἐκείνου
684 1001 853 1033 δυναστείας,

57 1049 108 1075 οὐκ
122 1049 158 1075 ἂν
172 1048 250 1084 ἡμᾶς
263 1047 434 1083 προπέμπων
447 1047 611 1080 ἐνετέλλετο,
623 1047 805 1079 λανθανόντως
819 1046 854 1074 τὰ

59 1094 129 1122 κατὰ
145 1094 261 1130 Σίμωνα
277 1093 504 1129 διαμανθάνοντας
518 1093 593 1129 αὑτῷ
616 1093 741 1129 γράφειν.
760 1094 856 1129 Ὅμως

59 1141 121 1167 ἐπεὶ
137 1140 246 1176 ἑσπέρα
269 1140 440 1175 κατειλήφει,
462 1139 534 1167 ἀλῶν
552 1140 747 1176 μεταλαϐόντες
764 1139 855 1167 ὑπνώ-

61 1195 159 1223 σαμεν.
187 1186 295 1214 Ἕωθεν
317 1186 346 1212 δέ
367 1194 410 1218 τις
433 1187 467 1222 τῇ
493 1186 611 1222 Βερνίκῃ
633 1185 750 1222 συνήθης
771 1185 857 1212 ἐλθὼν

61 1234 124 1269 ἔφη,
139 1233 187 1260 τὸν
202 1232 313 1268 Σίμωνα
325 1232 364 1264 είς
376 1231 427 1267 τὴν
441 1231 544 1259 Σιδῶνα
561 1232 786 1264 ὲκπεπλευκέναι,
802 1231 857 1258 τῶν

60 1280 89 1307 δὲ
110 1279 198 1308 αὐτοῦ
227 1278 357 1315 μαθητῶν
385 1278 609 1305 καταλελοιπέναι
645 1278 786 1305 ’Δππίωνα
810 1278 857 1305 τὸν

62 1325 260 1361 Πλειστονίκην
275 1324 309 1357 ⁸³,
332 1324 417 1360 ἄνδρα
448 1324 641 1360 Ἀλεξανδρέα,
665 1324 858 1360 γραμματικὸν

65 1373 112 1408 τὴν
135 1372 306 1408 ὶπιστήμην,
331 1371 362 1398 ὃν
386 1370 456 1408 πρὸς
470 1371 574 1406 πατρός
594 1380 638 1407 μοι
655 1370 733 1406 φίλον
754 1371 820 1398 δντα
835 1371 859 1387 ⁸⁸

66 1418 200 1453 ἐπέγνων,
228 1417 277 1444 καὶ
308 1416 488 1444 ’Δννουϐιῶνα
518 1417 565 1444 τὸν
589 1417 767 1452 Διοσπολίτην
798 1416 859 1443 τινὰ

67 1464 241 1500 ἀστρολόγον,
252 1464 300 1491 καὶ
316 1463 497 1500 Ἀθηνόδωρον
510 1463 556 1490 τὸν
575 1462 713 1499 Ἀθηναῖον
728 1463 768 1499 τῷ
788 1463 860 1490 Ἐπι-

67 1511 167 1546 κοὺρου
193 1510 217 1526 ⁸⁵
236 1510 421 1546 ἀρεσκόμενον
443 1509 523 1545 λόγῳ.
550 1509 647 1545 Ἦμεῖς
667 1509 707 1541 δὲ,
730 1509 765 1535 τὰ
788 1508 860 1536 κατὰ

68 1558 110 1583 τὸν
125 1557 237 1593 Σίμωνα
255 1556 396 1593 μαθόντες,
421 1556 505 1583 ἕωθεν
528 1556 616 1583 πάντα
638 1555 793 1591 γράψαντες
813 1556 860 1582 καὶ

900 265 1045 299 σίιιικειιάο
1061 264 1130 292 deus
1142 264 1204 292 esse
1217 263 1348 294 creditur,
1364 267 1400 296 et,
1416 267 1594 298 praeterquam
1613 261 1687 298 quod

900 310 1080 339 formidabilis
1091 314 1143 342 est,
1159 309 1242 337 etiam
1258 309 1363 336 honore
1376 308 1501 336 allicitur.

936 356 970 384 V.
989 356 1124 390 Quocirca
1139 362 1194 383 non
1212 359 1279 391 puto
1293 363 1309 382 a
1323 361 1462 390 quoquam
1480 354 1570 390 ignem
1581 358 1687 382 tantum

900 411 1046 432 accensum
1068 410 1150 439 posse
1168 401 1315 437 exstingui.
1332 400 1418 428 Nemo
1433 401 1506 428 enim
1526 400 1553 428 in
1574 400 1688 428 dubium

900 454 980 478 vocat
1002 456 1063 485 quae
1087 449 1132 476 ille
1151 447 1313 484 pollicetur,
1338 446 1385 474 sed
1403 446 1503 482 singuli
1527 447 1690 474 conﬁrmant

900 503 958 524 rem
970 496 1007 523 ita
1021 503 1050 523 se
1063 494 1174 522 habere.
1185 494 1277 528 Quare
1293 501 1326 520 ea
1344 493 1442 528 gratia,
1461 497 1491 519 ut
1507 500 1556 520 vos
1570 493 1597 519 in
1615 493 1688 528 peri-

901 542 992 578 culum
1008 549 1062 570 non
1081 541 1207 574 veniatis,
1230 541 1326 568 hortor
1345 547 1380 568 ne
1402 539 1552 574 quidquam
1578 539 1688 567 tentetis

902 588 1033 616 adversus
1049 595 1124 620 eum,
1141 592 1202 614 ante
1216 593 1298 621 quam
1314 585 1411 613 Petrus
1433 585 1546 618 venerit,
1561 585 1607 621 qui
1626 593 1690 612 cum

902 634 937 662 sit
954 634 1062 661 Domini
1077 633 1163 661 nostri
1183 632 1247 660 Jesu
1263 632 1365 660 Christi
1379 631 1588 666 probatissimus
1608 631 1691 658 disci-

901 681 994 716 pulus,
1009 680 1109 716 poterit
1123 679 1198 707 solus
1214 683 1308 706 contra
1325 683 1427 705 tantam
1442 678 1589 712 potentiam
1607 677 1690 705 dimi-

903 734 976 754 care.
1008 725 1126 753 Tantum
1155 726 1256 760 quippe
1277 729 1370 752 metuo
1384 725 1457 752 hunc
1476 724 1626 757 hominem,
1650 728 1689 756 ut,

903 773 955 801 nisi
971 773 1038 801 alias
1053 780 1115 800 cum
1128 772 1240 799 domino
1250 779 1312 799 meo
1325 771 1406 798 Petro
1418 771 1573 806 disceptans
1586 771 1674 798 disces
1683 786 1691 792 -

903 819 985 847 sisset
1009 819 1134 851 inferior,
1156 818 1301 846 consilium
1330 818 1467 845 dedissem
1491 817 1580 851 vobis,
1602 817 1690 853 ipsum

903 873 1012 901 quoque
1025 865 1134 893 Petrum
1155 865 1354 900 persuaderetis
1376 871 1410 892 ne
1425 871 1487 891 cum
1505 863 1616 892 Simone
1636 865 1692 892 dis-

905 917 1002 948 putare
1013 911 1154 939 niteretur.

941 957 985 984 Vl.
1004 957 1037 985 Et
1049 965 1100 992 ego
1115 957 1242 992 respondi
1260 967 1266 984 :
1288 957 1316 984 Si
1335 957 1463 985 dominus
1484 961 1577 984 noster
1595 956 1692 984 Petrus

907 1004 1048 1039 ignoraret
1066 1003 1138 1038 quod
1157 1003 1215 1038 ipse
1230 1003 1304 1031 solus
1321 1003 1453 1030 adversus
1471 1003 1531 1038 ejus
1544 1003 1691 1038 potentiam

904 1049 1041 1084 praevalet,
1056 1057 1109 1076 non
1129 1049 1223 1084 utique
1248 1048 1436 1084 pmmittendo
1455 1057 1505 1076 nos
1524 1049 1691 1080 mandasset.

904 1100 937 1124 ut
958 1096 1028 1124 clam
1051 1095 1172 1123 Simonis
1189 1100 1264 1131 gesta
1288 1095 1424 1123 discentes
1443 1095 1469 1122 ei
1498 1095 1691 1123 scriberemus.

905 1141 992 1170 Porro
1006 1149 1068 1170 cum
1081 1149 1136 1169 nox
1148 1142 1277 1174 venisset,
1297 1145 1407 1176 sumpto
1426 1141 1487 1169 cibo
1501 1141 1692 1169 dormivimus.

905 1189 985 1216 Mane
1010 1195 1077 1216 vero
1105 1187 1205 1223 aliquis
1230 1188 1374 1216 Berenices
1402 1187 1546 1215 familiaris
1580 1188 1693 1215 veniens

907 1236 986 1268 dixit,
1003 1234 1142 1262 Simonem
1159 1235 1187 1262 in
1206 1234 1336 1262 Sidonem
1352 1235 1504 1270 navigasse,
1521 1242 1553 1261 ex
1569 1234 1627 1261 suis
1644 1242 1694 1261 au—

908 1286 963 1310 tem
983 1281 1128 1317 discipulis
1154 1281 1298 1317 reliquisse
1323 1281 1474 1316 Appionem
1498 1279 1692 1313 Plistoniccm,

907 1329 996 1356 virum
1008 1327 1232 1361 Alexandrinum,
1247 1331 1304 1355 arte
1320 1327 1538 1363 grammaticum,
1549 1331 1693 1362 paternum

909 1382 1000 1402 meum
1024 1374 1143 1402 amicum
1170 1373 1238 1401 mihi
1261 1373 1417 1408 cognitum.
1447 1378 1474 1400 et
1502 1372 1693 1400 Annubionem

909 1419 1053 1455 quemdam
1068 1419 1257 1455 Diospolitam,
1275 1419 1453 1455 astrologum,
1473 1423 1555 1455 atque
1572 1419 1695 1448 Atheno-

909 1466 1007 1494 dorum
1018 1465 1212 1493 Atheniensem
1228 1465 1368 1500 Epicurea
1382 1470 1464 1493 secta:
1478 1466 1626 1494 addictum.
1639 1465 1695 1494 Nos

909 1517 1000 1540 autem
1013 1512 1102 1540 edocti
1118 1519 1162 1540 res
1178 1511 1300 1540 Simonis
1316 1520 1395 1540 mane
1415 1516 1513 1540 cuncta
1539 1520 1602 1540 cum
1624 1513 1695 1540 scri-

910 1558 1061 1594 psissemns
1073 1563 1101 1586 et
1114 1558 1147 1585 ad
1159 1557 1269 1585 Petrum
1286 1559 1468 1592 misissemus,
1483 1559 1517 1586 ad
1530 1559 1695 1587 ambulatio-

70 1603 165 1639 Πέτρῳ
179 1603 394 1639 διαπέμψαντες,
415 1603 456 1635 είς
470 1602 620 1639 περίπατον
633 1601 857 1638 ἀπετραπόμεθα.

911 1612 972 1632 nem
993 1604 1178 1632 convertimus
1192 1605 1317 1640 gradum.

103 1649 161 1678 VII.
181 1649 238 1676 Καὶ
272 1649 394 1676 Ἀππίων
409 1649 582 1685 ἀπηντήσατο
601 1649 624 1664 ⁸⁸
639 1650 715 1684 ἡμῖν,
734 1648 764 1675 οὐ
781 1648 860 1684 μόνον

71 1696 140 1732 μετὰ
155 1696 211 1722 τῶν
231 1695 438 1732 προειρημένων
459 1695 537 1731 123
553 1695 669 1731 ἑταίρων
690 1695 712 1711 ⁸⁷
733 1694 787 1721 τῶν
802 1694 859 1726 δύο,

68 1743 135 1769 ἀλλὰ
149 1744 196 1769 καὶ
211 1742 271 1779 μεθ’
286 1741 386 1778 ἐτέρων
402 1741 506 1777 ἀνδρῶν
521 1742 559 1773 ὡς
573 1741 728 1778 τριάκοντα,
745 1740 791 1768 καί
804 1740 861 1775 ἅμα

67 1789 105 1825 τῷ
130 1790 196 1817 ἰδεῖν
219 1798 254 1825 με
274 1788 498 1825 προσαγορεύσας
518 1788 566 1815 καὶ
587 1787 775 1823 καταφιλήσας
797 1786 859 1822 ἔφη’

68 1837 151 1869 ϋῖμτός
166 1838 227 1864 ἔστι
247 1836 373 1871 Κλήμης,
394 1835 458 1870 περὶ
472 1830 502 1861 οὗ
521 1834 585 1869 ὑμῖν
604 1833 654 1869 τῆς
673 1841 703 1859 τε
724 1832 863 1867 εὐγενείας

67 1883 114 1910 καὶ
127 1884 178 1919 τῆς
194 1880 458 1917 ἐλευθεροπρεπείας
475 1880 496 1896 ³⁸
513 1880 595 1907 πολὺν
612 1879 760 1915 ἐποιούμην
773 1879 861 1914 λόγον,

66 1929 108 1956 ὅτι
122 1929 195 1965 ἀνὴρ
211 1927 280 1964 πρὸς
298 1928 393 1962 γένους
407 1925 532 1962 Τιϐερίου
543 1926 679 1961 Καίσαρος
694 1924 731 1952 ὣν
747 1925 794 1952 καὶ
810 1925 863 1952 πά-

67 1984 116 2011 σης
138 1974 301 2010 Ἑλληνικῆς
317 1973 441 2005 παιδείας
457 1973 478 1989 "
492 1972 743 2009 ἐξησκημένος,ῠπὸ
758 1971 862 2008 βαρϐά-

65 2030 114 2057 ρου
129 2021 215 2053 τινὸς,
231 2021 281 2056 τὴν
297 2019 482 2056 προσηγορίαν
498 2019 612 2055 Πέτρου,
632 2019 667 2046 τὰ
682 2018 737 2045 τῶν
753 2019 775 2034 ⁷⁰
797 2019 863 2045 Ἰου-

64 2070 148 2098 δαίων
159 2071 250 2096 ποιεῖν
267 2069 313 2096 καὶ
326 2068 416 2102 λέγειν
431 2066 580 2102 ἡπάτηται.
600 2066 679 2093 Ὅθεν
700 2065 767 2099 ἀξιῶ
785 2074 864 2093 συνα-

64 2115 237 2150 γωνίσασθαί
259 2123 304 2150 μοι
324 2114 394 2150 πρὸς
410 2113 459 2149 τὴν
480 2113 621 2149 διόρθωσιν
639 2112 731 2139 αὐτοῦ’
753 2113 801 2139 καὶ
819 2113 863 2146 ἐφ’

65 2162 144 2197 ὑμῶν
159 2160 246 2188 αὐτοῦ
264 2160 444 2195 πυνθάνομαι.
467 2159 577 2193 Λεγέτω
601 2167 657 2194 μοι,
677 2158 771 2194 ἐπειδὴ
796 2158 865 2194 πρὸς

65 2208 96 2234 τὸ
111 2207 240 2234 εὐσεϐεῖν
262 2207 357 2233 ἑαυτὸν
377 2204 576 2233 ἀποδεδωκέναι
595 2204 710 2240 νομίζει,
727 2203 786 2236 πῶς
804 2203 865 2239 οὐχὶ

65 2254 101 2280 τὰ
123 2254 243 2290 μέγιστα
271 2252 373 2284 ἀσεϐεῖ,
400 2250 555 2279 καταλιπὼν
575 2251 598 2266 ¹¹¹
624 2250 674 2286 μὲν
695 2249 730 2277 τὰ
750 2250 862 2285 πάτρια,

66 2299 219 2330 ἀποκλίνας
232 2299 262 2325 δὲ
274 2299 314 2330 εἰς
326 2298 373 2333 εθη
389 2297 523 2334 βάρϐαρα.

103 2346 172 2374 V'lll.
194 2345 282 2379 Κάγὼ
299 2346 323 2362 ⁷⁸
343 2344 545 2380 ἀπεκρινάμην·
567 2342 623 2379 Τὴν
650 2342 700 2378 μὲν
724 2342 792 2378 πρὸς
811 2342 861 2377 ὲμὲ

70 2401 116 2419 σου
131 2392 240 2428 ἀγαθὴν
254 2391 411 2427 προαίρεσιν
426 2390 602 2426 ἀποδέχομαι,
618 2389 668 2425 τὴν
681 2389 710 2416 δὲ
724 2389 862 2423 ἀγνωσίαν

69 2439 245 2474 ἁποσείομαι.
266 2438 298 2464 ’Π
315 2438 365 2474 μὲν
378 2437 402 2453 ⁷³
414 2437 468 2473 γὰρ
481 2436 639 2473 προαίρεσις
654 2435 754 2471 ἀγαθὴ,
769 2435 820 2467 ὅτι,
833 2436 862 2461 ὲν

71 2484 111 2517 οἷς
124 2486 213 2516 δοκεῖς
231 2484 257 2500 ⁷⁸
278 2483 381 2515 καλοῖς,
403 2484 432 2510 ὲν
453 2482 557 2514 τούτοις
579 2479 648 2508 εἷναί
670 2490 703 2517 με
727 2481 822 2512 θέλεις·
845 2482 861 2517 ἡ

73 2531 100 2557 δὲ
121 2531 222 2565 γνῶσις
245 2530 296 2556 οὐκ
317 2529 405 2565 ὀρθῶς
425 2528 523 2564 ἔχουσα
546 2527 636 2562 φιλίας
657 2527 793 2563 προφάσει
805 2528 863 2553 ὲνε-

76 2577 175 2614 ipsis“;
200 2576 376 2612 ἀγωνίζεται.
400 2576 454 2602 Καὶ
469 2576 484 2603 ό
498 2575 621 2602 ’Δππίων
637 2574 699 2610 ἔφη·
728 2574 863 2609 Ἀγνωσία

946 1650 1002 1678 νη.
1023 1650 1055 1678 Ει
1074 1650 1195 1678 oecurrit
1214 1651 1292 1678 nobis
1307 1651 1425 1686 Appion,
1448 1658 1502 1678 non
1524 1651 1611 1678 solum
1632 1658 1696 1678 cum

910 1697 1048 1732 praedictis
1061 1696 1169 1724 duobus
1191 1697 1284 1730 sociis,
1299 1696 1347 1724 sed
1365 1702 1393 1724 et
1407 1705 1468 1724 cum
1486 1697 1548 1725 aliis
1564 1698 1630 1725 viris
1644 1698 1697 1724 tri-

911 1745 986 1780 ginta
999 1745 1116 1772 circiter.
1137 1745 1177 1772 Ac
1192 1745 1273 1772 simul
1286 1749 1367 1779 atque
1383 1753 1426 1772 me
1440 1744 1518 1777 vidit,
1534 1744 1655 1772 salutans
1669 1749 1699 1772 et

911 1791 1051 1818 osculatus
1061 1791 1100 1818 ait
1115 1799 1122 1818 :
1139 1789 1189 1817 llic
1206 1794 1247 1817 est
1260 1789 1397 1823 Clemens,
1413 1789 1445 1816 de
1457 1797 1512 1825 quo
1533 1790 1647 1817 multum
1663 1790 1696 1817 ad

911 1845 962 1865 vos
973 1845 1128 1865 sermonem
1144 1837 1238 1870 habui,
1251 1836 1285 1864 de
1296 1836 1370 1864 illius
1382 1837 1522 1864 nobilitate
1532 1844 1564 1864 ac
1575 1837 1697 1864 moribus

912 1883 1085 1917 liberalibus;
1103 1883 1176 1918 quod
1193 1883 1235 1910 vir
1247 1891 1280 1910 ex
1299 1890 1396 1918 genere
1414 1881 1515 1910 Tiberii
1529 1882 1656 1916 (Σῶσπις,
1671 1887 1698 1910 et

913 1929 941 1957 in
969 1929 1044 1957 omni
1067 1929 1159 1956 Graeca
1184 1928 1327 1964 disciplina
1349 1929 1525 1962 exercitatus,
1544 1937 1559 1957 a
1580 1929 1697 1957 barbaro

912 1975 1047 2010 quodam,
1074 1975 1122 2010 qui
1145 1979 1259 2002 vocatur
1283 1974 1397 2008 Petrus,
1425 1974 1520 2003 fraude
1540 1976 1698 2010 compulsus

911 2026 984 2049 esset
999 2021 1033 2048 ad
1051 2020 1217 2056 peragendos
1237 2027 1268 2048 ac
1283 2021 1468 2055 pmdicandos
1483 2020 1638 2049 Iudaeorum
1661 2022 1699 2049 ri-

914 2071 968 2094 tus.
981 2066 1072 2100 Quare
1089 2074 1166 2101 rogo,
1188 2071 1217 2094 ut
1237 2074 1281 2094 me
1303 2067 1330 2093 in
1349 2067 1395 2094 illo
1410 2067 1573 2102 corrigendo
1588 2067 1699 2102 adjuve-

912 2113 963 2145 tis;
990 2117 1017 2140 et
1044 2119 1137 2140 coram
1166 2112 1244 2140 vobis
1263 2120 1325 2140 eum
1353 2113 1500 2148 interrogo.
1525 2112 1700 2149 Respondeat

913 2159 991 2189 mihi.
1006 2158 1226 2194 quandoquidem
1244 2159 1402 2191 arbitratur,
1418 2159 1491 2194 quod
1507 2166 1547 2192 se,
1563 2163 1593 2186 ut
1612 2160 1698 2194 pieta-

912 2209 967 2233 tem
983 2204 1095 2237 coleret,
1110 2204 1254 2238 dediderit,
1269 2212 1325 2240 quo
1344 2205 1425 2232 modo
1441 2212 1496 2232 non
1515 2205 1634 2233 maxime
1647 2205 1700 2232 ini-

912 2251 975 2286 pius
990 2250 1036 2283 sit,
1055 2251 1105 2286 qui
1122 2251 1226 2286 patrios
1239 2251 1426 2287 dereliquerit,
1444 2251 1621 2279 declinaverit
1635 2260 1700 2280 vero

877 2304 900 2332 ι)
914 2298 948 2325 ad
959 2297 1092 2325 barbaros
1106 2305 1207 2325 mores.

951 2343 1017 2371 Vlll.
1039 2343 1072 2370 Et
1092 2350 1143 2379 ego
1165 2342 1292 2378 respondi
1320 2352 1326 2370 :
1353 2342 1438 2370 Tuam
1466 2344 1576 2379 quidem
1603 2344 1630 2372 in
1656 2352 1700 2372 me

914 2389 1072 2425 praeclaram
1094 2389 1262 2418 voluntatem
1284 2390 1373 2418 habeo
1393 2395 1551 2425 acceptam;
1571 2395 1599 2418 at
1620 2391 1700 2426 igno-

914 2437 1048 2464 rationem
1063 2437 1189 2465 amolior.
1205 2436 1324 2470 Scilicet,
1339 2437 1468 2472 praeclara
1479 2437 1588 2473 quidem
1601 2438 1700 2465 volun-

915 2487 958 2511 tas
972 2487 1025 2517 est,
1045 2483 1118 2518 quod
1138 2483 1165 2510 in
1189 2483 1235 2515 iis,
1254 2491 1316 2519 qua:
1338 2484 1386 2511 tibi
1408 2483 1479 2511 bona
1499 2483 1634 2515 videntur,
1657 2492 1700 2512 me

916 2529 1019 2558 versari
1035 2529 1113 2565 cupis
1136 2538 1143 2557 :
1169 2537 1264 2558 verum
1289 2530 1409 2566 cognitio
1430 2537 1485 2557 non
1507 2534 1580 2557 recte
1595 2530 1700 2557 habens

917 2581 1048 2612 praetextu
1061 2576 1187 2604 amicitiae
1203 2577 1326 2605 insidiari
1346 2577 1450 2605 nititur.
1473 2575 1547 2604 Dixit
1563 2576 1668 2612 Appion
1690 2586 1697 2604 :

704 2642 823 2671 VARIE
842 2643 1046 2672 LECTIONES.

108 2692 242 2721 “ltaO
281 2701 308 2720 c.
347 2691 452 2723 0.16
483 2691 515 2718 C.

589 2691 611 2706 "
642 2690 709 2718 Post
739 2692 807 2727 πρός
828 2691 980 2727 νεειξαὺτόν
1022 2691 1049 2718 in
1079 2691 1101 2717 0
1140 2695 1316 2725 expunctum.

1389 2690 1412 2705 ⁶³
1438 2689 1625 2716 Πλειστονίκον
1663 2687 1696 2716 Ο.

77 2730 96 2745 ⁵⁸
119 2729 181 2756 ὄντα
211 2728 236 2755 0
275 2733 302 2755 et
331 2735 366 2754 ex
389 2727 504 2761 conject.
522 2726 579 2761 AC...
614 2727 640 2753 in
662 2727 716 2760 cuj.
731 2724 804 2753 teitu
820 2726 860 2752 δν.
889 2725 989 2753 Davisii
1009 2727 1130 2753 notnlam
1150 2724 1184 2761 ed
1205 2729 1369 2760 spectantem
1396 2725 1415 2761 S
1451 2724 1698 2761 nonnintellexisse

76 2765 180 2792 videtur.
195 2763 270 2791 Tum
282 2759 462 2796 Διοσπολίτην
477 2759 536 2793 S,O
551 2781 558 2793 ,
570 2759 726 2796 Διοπολίτην
736 2761 766 2788 (1.
804 2761 873 2787 “Ita
886 2769 918 2787 ex
930 2761 1044 2794 conject.
1060 2761 1081 2788 C
1097 2782 1104 2794 ,
1117 2761 1163 2795 qui
1179 2760 1206 2786 in
1224 2760 1457 2796 ιθιιιιιῈπικούρω
1467 2764 1496 2786 ιιι
1507 2759 1539 2786 0.

789 2796 812 2814 ει
828 2785 1697 2834 ιλι-ίῑίξέρῇίξέῑέξ-ιῑοίιάᾗχοίιάίιέέιῑηῑιίέλευιερωέφεπειαςιειίφ

75 2802 163 2828 τίσατο
178 2799 212 2828 0.
255 2799 279 2816 ⁸⁷
299 2798 402 2833 ἐτέρων
416 2797 449 2823 0.
467 2796 613 2833 Μοιηλκαθῖ
627 2796 737 2833 ἑτέρων.

1579 2759 1601 2774 ⁸⁸
1609 2760 1698 2794 ἀπην-

76 2838 127 2864 cod.
144 2836 211 2870 Reg.
233 2834 302 2866 804,
322 2830 581 2870 ἒὶεοθεροτροτὶείας
592 2832 624 2870 _(l.
639 2866 652 2870 _
663 2830 801 2870 “itepone
809 2832 898 2870 mian
910 2831 1068 2870 Ἑλληνικὴν
1079 2831 1213 2870 παιδείαν,
1231 2831 1269 2857 uti
1292 2838 1398 2870 semper
1422 2832 1571 2870 loquunntur
1589 2866 1595 2870 _
1606 2830 1696 2870 idonei

75 2867 222 2907 scriptorcs.
232 2870 305 2897 Vide
320 2867 397 2910 Epit.
411 2867 494 2909 c346.
509 2867 540 2892 D.

76 2908 126 2935 cod.
139 2907 205 2935 lien.
221 2906 258 2933 80
265 2905 290 2932 ι.
331 2905 355 2922 ⁷¹
391 2902 455 2935 Erro
470 2901 501 2928 C.

76 2915 126 2936 con.
139 2915 205 2943 neg.
221 2915 258 2933 δυ
265 2915 290 2932 ι.

578 2867 602 2885 ἰο
618 2866 672 2892 τῶν
689 2864 789 2893 inserui
804 2874 828 2893 c.
842 2867 874 2893 0.
913 2867 934 2883 ⁷¹
953 2864 989 2892 ita
1006 2866 1027 2892 0
1047 2864 1075 2895 c.
1086 2867 1116 2894 Gl
1145 2871 1171 2894 ct
1191 2865 1209 2893 S
1223 2865 1411 2901 ,καταλειπών
1425 2865 1486 2901 (sic)
1497 2866 1529 2894 C.
1549 2865 1616 2893 Dein
1633 2864 1698 2899 ἔθνη

331 2901 355 2922 τί
383 2902 455 2936 Ἐγώ
470 2901 501 2928 C.
539 2901 562 2919 ⁷³
581 2902 654 2937 ἡμᾶς
671 2909 697 2936 p.
715 2903 732 2937 ἡ
746 2901 794 2936 μέν
811 2902 844 2928 υ.
882 2903 904 2920 ⁷⁴
914 2901 1001 2928 δοκεῖν
1015 2901 1045 2931 Ο.
