1942 3100
235 157 283 186 151

658 154 687 182 S.
709 146 905 182 CLEKENTIS
922 151 933 179 l
947 149 1032 179 ΗΘΜ.
1049 147 1150 177 PONT.
1167 146 1282 177 OPEBA
1297 144 1411 174 DUB'IA.

1806 136 1861 165 ΕΩ

234 217 273 244 cit
293 218 323 242 ut
337 213 454 249 subjecti
469 219 519 248 per
529 212 632 240 bonum
645 210 769 239 ordinem
786 209 914 238 fruantur
929 214 1016 244 pace:
1032 234 1034 239 ,

1079 207 1162 240 τῐκάνι,
1175 206 1239 236 τοὺς
1255 203 1416 233 ὗπείκοντας
1429 199 1504 236 αίτεᾳ
1520 197 1648 249 εὐταξίας
1663 195 1775 247 εἰρήνης
1790 195 1861 249 ἀτροῖ

234 261 282 297 qui
300 267 365 288 vero
381 266 478 287 omnes
495 258 592 285 volunt
617 257 763 292 imperare,
780 263 832 284 nec
846 255 895 283 uni
911 255 961 283 soli
972 261 1019 282 ce-

234 308 299 334 dere
314 326 322 340 ,
344 305 380 333 ob
405 304 570 335 divisionem
600 303 710 339 penitus
737 302 885 330 concidant
908 307 1019 329 necesse

233 357 288 380 est.

273 401 353 430 LXII.
370 400 423 430 Sed
437 405 464 429 et
476 405 502 429 te
516 399 699 436 persuadeant
712 406 773 432 quae
788 402 851 426 ante
864 396 957 425 oculos
970 403 1019 432 po-

237 448 290 476 sita
311 448 502 476 obversantur.
527 445 638 474 Scilicet
663 452 736 473 nunc
752 466 760 478 ,
786 451 849 472 cum
869 442 949 470 multi
971 449 1021 477 per

236 502 346 523 omnem
365 499 464 522 terram
480 493 537 521 sint
557 499 649 528 reges.
675 491 786 519 assidue
799 490 869 518 bella
880 489 1018 517 oriuntur.

238 540 435 576 Unusquisque
447 539 519 567 enim
531 538 705 566 occasionem
722 537 755 564 ad
773 536 874 564 bellum
889 534 974 563 sumit
987 541 1021 562 ex

238 585 350 614 alterius
363 585 489 620 imperio.
503 584 532 612 Si
543 588 635 611 autem
651 590 723 610 unus
741 586 813 610 esset
827 580 922 608 mundi
934 580 1022 615 impe-

237 635 329 665 rator,
348 631 394 659 ille
416 631 558 658 desinente
578 629 694 657 bellandi
709 636 790 656 causa
806 632 935 655 aeternam
950 626 1021 654 obti-

238 681 314 703 neret
329 683 433 711 pacem.
451 675 572 710 Denique
583 675 617 702 iis
628 674 675 709 qui
690 674 773 701 vitam
786 675 942 708 perpetuam
956 679 1021 699 con-

238 727 404 756 sequentur,
432 728 518 747 unum
548 719 620 747 Deus
635 719 663 746 in
685 718 731 746 illo
753 717 855 745 sarculo
880 715 1022 744 constituit

238 767 360 794 universi
378 773 468 802 regem
482 786 489 799 ,
502 770 532 793 ut.
544 773 591 800 per
605 763 792 799 monarchiam
814 771 866 798 pax
881 762 1021 790 exoriatur

238 813 354 841 stabilis.
373 812 475 841 Debent
492 812 587 847 itaque
601 811 694 839 cuncti
719 817 804 837 unum
827 815 958 844 tanquam
970 808 1022 836 viae

239 860 336 887 ducem
352 858 447 894 sequi,
462 858 557 893 sicque
582 857 631 884 Dei
656 855 803 892 imaginem
825 856 960 883 honorare
976 862 983 880 :
997 853 1021 881 is

1070 253 1162 280 λαύειν
1187 251 1308 287 τίθησιν·
1337 249 1368 276 τὸ
1399 247 1428 275 δὲ
1441 246 1465 263 ³⁸
1482 245 1586 276 πάντας
1604 241 1804 280 φιλαρχοῦντας
1818 241 1861 268 ἐνὶ

1072 297 1145 334 μόνῳ
1153 295 1261 329 ὑπεῖξαι
1277 295 1314 332 μὴ
1330 294 1418 321 θέλειν
1427 314 1434 326 ,
1449 292 1496 319 καὶ
1513 291 1589 327 αἰτία
1597 290 1620 306 ’⁸
1633 289 1792 325 διαιρέσεως
1801 287 1862 323 (79)

1070 343 1180 374 πάντως
1195 342 1243 370 καὶ
1258 341 1417 377 περιπεσεῖν
1427 339 1449 355 ’⁷
1467 338 1583 374 ἔχουσιν.

1106 389 1257 417 ιΧ11.Ἀλλ’
1265 389 1305 415 ἐτι
1314 387 1366 423 μὴν
1376 385 1489 413 πειθέτω
1495 383 1530 410 τά
1534 384 1599 419 παρ’
1604 381 1752 417 ὀφθαλμοῖς
1757 379 1866 416 τιθέμε-

1071 445 1104 463 να
1114 436 1148 468 ",
1158 435 1217 467 πῶς
1224 434 1272 462 νῦν
1282 432 1386 461 πολλῶν
1396 428 1466 458 κατά
1475 431 1564 457 πᾶσαν
1576 429 1626 464 τὴν
1635 428 1686 463 γῆν
1692 427 1775 454 ὅντων
1782 426 1866 461 βασι-

1071 481 1138 508 λέων
1148 480 1266 515 συνεχῶς
1275 478 1386 514 πόλεμοι
1393 477 1521 512 γίνονται.
1533 475 1608 510 Ἔχει
1615 473 1669 509 γὰρ
1675 472 1790 515 ἕκαστος
1800 469 1870 515 πρᾴ

1071 535 1153 562 φασιν
1162 527 1202 558 εἰς
1211 514 1327 560 πόλεμον
1339 524 1388 559 τὴν
1398 522 1490 558 ἐτέρου
1500 521 1598 558 ἀρχήν.
1614 519 1677 545 Ἐἀν
1686 517 1716 545 δέ
1726 514 1767 548 εἷς
1816 514 1867 541 τοῦ

1070 573 1172 604 παντὸς
1187 570 1314 607 ἡγεμὼν,
1331 567 1361 598 οὗ
1377 569 1480 596 εἵνεκεν
1497 567 1609 602 πολεμεῖ
1624 566 1675 592 οὑκ
1691 564 1761 599 ἔχων
1776 562 1867 590 ἀίδιον

1070 619 1120 655 τὴν
1136 618 1247 654 εἰρήνην
1262 617 1329 652 ἔχει.
1344 616 1434 650 Πέρας
1450 613 1515 649 γοῦν
1530 614 1544 640 ὁ
1556 612 1622 643 Θεὸς
1637 612 1695 642 τοῖς
1715 608 1869 655 καταξιουῖ

1073 652 1168 701 μένοις-
1177 652 1285 690 αἰωνίου
1297 662 1370 697 ζωῆς
1381 661 1429 687 ἐνα
1443 661 1471 687 ἐν
1481 659 1520 695 τῷ
1530 658 1590 685 τότε
1604 657 1683 684 αἰῶνι
1696 653 1808 691 βασιλέα
1817 652 1870 679 τοῦ

1074 710 1177 742 παντὸς
1192 709 1352 744 καθίστησιν
1365 727 1372 739 ,
1398 707 1443 734 ἵνα
1470 705 1544 740 αἰτίᾳ
1571 702 1718 740 μοναρχίας
1742 701 1871 731 immo;

1074 756 1170 792 εἰρήνη
1192 755 1304 790 γένηται
1315 753 1348 780 ’³.
1368 752 1428 788 Χρὴ
1445 749 1492 778 οὖν
1508 750 1547 777 ἐνί
1563 758 1615 776 τινι
1639 749 1678 780 ὡς
1691 746 1780 783 ὁδηγῷ
1794 745 1871 792 Δτοῖος

1073 789 1180 832 πάντας
1190 789 1314 831 ἔπεσθαι,
1325 799 1362 830 ὡς
1377 797 1469 824 εἰκόνα
1480 794 1546 822 Θεοῦ
1564 792 1764 829 προτιμῶντας,
1776 789 1824 816 τὸν
1838 789 1871 817 δὲ

1075 845 1172 882 ὁδηγὸν
1188 842 1259 872 εἶναι
1274 843 1324 878 τῆς
1340 843 1381 874 εις
1395 841 1444 877 τὴν
1460 840 1541 874 ἁγίαν
1554 837 1630 864 πόλιν
1645 835 1781 870 εἰσιούσης
1796 832 1872 859 εἰσό-

239 910 329 933 auteln
355 890 452 933 ductor
474 890 544 932 scire
566 903 647 932 debet
669 890 758 936 viam,
780 909 834 937 qua
860 901 979 929 intratur
995 900 1024 927 in

1079 892 1120 920 5ου
1136 891 1317 927 ἐπιστήμονα.

239 956 362 980 sanctam
378 950 526 978 civitatem.

274 997 366 1026 LXIII.
381 997 468 1031 Quem
487 1003 553 1025 vero
575 996 661 1024 alium
685 1002 720 1023 ex
745 993 898 1023 astantibus
913 993 1023 1028 eligam.

239 1051 321 1078 quam
336 1043 515 1076 Zacchzeum,
544 1042 617 1078 apud
637 1049 719 1077 quem
741 1045 769 1069 et
784 1040 916 1068 Dominus
932 1043 1026 1067 noster

239 1089 378 1124 ingressus
389 1088 490 1116 mansit
503 1109 511 1122 ,
523 1088 652 1123 judicans
667 1088 779 1123 dignum
795 1094 856 1114 eSSe
873 1086 921 1121 qui
936 1085 1026 1113 salva—

239 1135 332 1163 retur?
354 1134 415 1168 Quo
431 1134 506 1162 dicto
529 1142 641 1162 manum
658 1133 785 1170 praesenti
804 1131 936 1160 Zacchaeo
963 1130 1026 1166 inji-

233 1181 326 1221 piens,
353 1181 467 1216 cogebat
491 1188 554 1211 eum
581 1181 609 1208 in
635 1187 685 1208 sua
714 1179 841 1207 cathedra
869 1178 972 1205 sedere.
991 1176 1027 1204 At

240 1225 388 1255 Zacchzeus
402 1226 529 1254 accidens
543 1226 576 1254 ad
591 1225 674 1261 pedes
686 1224 747 1260 ejus
757 1223 873 1260 rogabat
898 1222 938 1249 uti
951 1222 1026 1257 prin-

240 1275 333 1309 cipatu
359 1274 450 1310 ipsum
476 1273 603 1301 liberaret
620 1282 627 1300 :
646 1272 783 1307 simulque
799 1270 979 1306 pollicebatur
994 1276 1027 1297 ac

241 1319 348 1347 dicebat
365 1329 371 1346 :
388 1318 564 1354 Quaecunque
590 1318 637 1354 qui
653 1322 752 1353 praeest
767 1316 858 1344 facere
872 1316 968 1348 debet,
986 1315 1028 1343 fa-

243 1366 325 1399 ciam,
344 1370 451 1393 tanlum
466 1365 535 1392 mihi
556 1364 627 1392 dona
648 1372 704 1391 non
722 1363 821 1391 habere
842 1363 896 1390 hoc
906 1369 1025 1390 nomen:

240 1419 337 1439 vereor
351 1411 424 1439 enim
449 1411 619 1447 principatus
641 1418 741 1439 nomen
760 1410 882 1443 induere,
897 1409 1026 1445 quoniam

241 1458 341 1486 acerba
359 1458 461 1486 invidia
477 1462 505 1486 et
515 1458 638 1494 periculo
648 1457 778 1486 abundat.

277 1536 371 1566 LXIV.
386 1536 460 1566 Dixit
469 1537 579 1566 Petrus:
595 1536 624 1565 Si
635 1537 688 1565 hoc
702 1537 816 1571 vereris,
830 1536 885 1566 noli
900 1537 1027 1572 princeps

240 1585 345 1618 vocari,
359 1584 407 1613 sed
419 1584 587 1613 constitutus
599 1584 658 1620 (seu
674 1583 841 1621 praefectus),
855 1591 914 1612 eam
928 1583 1029 1619 quippe

243 1631 453 1666 appellationem
472 1630 606 1659 Dominus
619 1630 756 1658 concessit
784 1637 833 1664 per
857 1630 914 1657 haec
926 1629 1027 1657 verba:

242 1676 341 1704 Beatus
358 1676 404 1704 ille
414 1677 500 1709 homo,
515 1685 590 1712 quem
601 1677 657 1711 ejus
669 1676 791 1703 dominus
802 1676 942 1703 constituet
952 1683 1030 1710 super

243 1723 406 1758 famulitium
418 1730 600 1751 conservorum
623 1730 731 1750 suorum
744 1729 769 1749 I.
789 1721 867 1755 Quod
881 1722 903 1749 si
916 1721 1029 1750 omnino

242 1769 347 1805 refugis
357 1769 469 1805 agnosci
493 1776 543 1804 pro
553 1776 586 1797 eo
596 1769 643 1804 qui
660 1769 760 1796 habeat
770 1768 939 1804 gubernandi
953 1773 1030 1804 pote-

242 1820 351 1849 statem,
363 1815 490 1851 ignorare
504 1815 618 1849 videris,
630 1814 782 1851 professam
797 1815 968 1850 praesidentis
981 1822 1028 1850 po-

241 1866 367 1890 testatem
384 1862 500 1889 multum
514 1861 605 1890 valere
632 1862 666 1890 ad
688 1861 904 1897 persuadendam
918 1861 1029 1890 ﬂecten-

242 1908 360 1944 damque
384 1908 500 1944 plebem.
525 1907 557 1936 Ei
583 1909 684 1944 quippe
710 1915 841 1945 tanquam
867 1913 1029 1944 potestatem

242 1955 341 1990 adepto
352 1955 468 1983 credunt
479 1955 601 1991 singuli,
629 1957 828 1984 conscientiam
853 1963 903 1991 pro
931 1963 1030 1991 magna

245 2001 408 2030 necessitate
431 2001 572 2030 habentes.
597 2001 668 2035 Quid
682 2011 758 2036 vero,
786 2010 878 2031 nonne
903 2007 931 2030 et
956 2007 1029 2030 certo

243 2048 310 2082 scis,
321 2052 348 2075 te
358 2055 414 2075 non
437 2052 466 2075 ut
477 2048 616 2083 principes
633 2049 754 2084 gentium
771 2049 907 2083 imperare
920 2048 1029 2081 debere,

243 2093 291 2122 sed
306 2098 336 2121 ut
354 2100 463 2121 servum
477 2093 633 2122 ministrare
657 2094 817 2123 hominibus
830 2115 837 2128 ,
871 2099 900 2122 ut
924 2099 1029 2130 patrem

244 2140 315 2168 tueri
323 2139 423 2175 injuria
435 2139 558 2174 allectos,
571 2144 602 2168 ut
612 2140 749 2168 medicum
762 2141 882 2173 visitare,
896 2145 926 2168 ut
938 2146 1031 2176 pasto-

243 2193 302 2214 rem
316 2185 466 2220 custodire,
483 2193 538 2214 uno
551 2185 645 2219 verbo,
661 2191 776 2215 cunctas
796 2195 847 2222 pro
870 2187 1030 2215 eorumdem

1111 990 1278 1020 LXlll.Tiva.
1296 989 1324 1016 δέ
1344 987 1422 1016 ἄλλον
1438 987 1587 1023 αἱρήσομαι
1606 985 1660 1012 τῶν
1674 983 1815 1019 παρόντων
1825 1001 1833 1014 ,
1849 981 1869 1016 ἢ

1076 1038 1220 1074 Ζακχαίον,
1231 1035 1300 1071 πρὸς
1315 1034 1394 1069 113
1408 1033 1437 1060 ὂν
1452 1033 1499 1060 καὶ
1517 1033 1531 1059 ὁ
1547 1031 1649 1066 Κύριος
1665 1028 1744 1065 ἡμῶν
1761 1028 1870 1074 “tela-

1079 1085 1126 1113 ιὼν
1145 1083 1333 1113 ἀνεπαύσατο,
1350 1080 1397 1107 τοῦ
1420 1078 1553 1112 σώζεσθαι
1575 1077 1672 1113 κρίνας
1688 1074 1762 1108 ἄξιον
1779 1073 1871 1106 εἶναι;

1076 1131 1132 1159 Καὶ
1147 1130 1225 1157 τοῦτο
1242 1127 1327 1155 εἰπὼν
1339 1147 1346 1159 ,
1383 1125 1540 1162 παρεστῶτι
1565 1123 1604 1159 τῷ
1625 1122 1752 1157 Ζακχαίῳ
1769 1120 1871 1147 ἐπιδα-

1076 1177 1130 1204 λὼν
1158 1176 1208 1213 τὴν
1231 1175 1310 1211 χεῖρα
1324 1193 1331 1206 ,
1366 1172 1490 1205 ἐϐιάζετο
1523 1171 1570 1197 ἐπὶ
1596 1169 1645 1205 τὴν
1673 1168 1756 1195 αὐτοῦ
1787 1167 1873 1194 καθε-

1078 1224 1174 1260 σθῆναι
1205 1221 1349 1257 καθέδραν.
1373 1219 1402 1247 Ὅ
1426 1218 1455 1246 δὲ
1479 1218 1613 1252 Ζακχαῖος
1634 1213 1796 1260 προσπεσὼν
1811 1214 1871 1260 τοῖς

1077 1257 1156 1297 ποσὶν
1167 1266 1248 1295 αὐτοῦ
1264 1266 1363 1298 ἐδέετο,
1378 1265 1452 1295 ὅπως
1467 1261 1515 1289 τοῦ
1528 1262 1622 1297 ἀρχειν
1638 1259 1718 1287 αὑτὸν
1733 1257 1871 1292 ἀπολύσῃ,

1079 1314 1149 1350 μετὰ
1159 1313 1206 1341 τοῦ
1219 1310 1406 1347 ὑπισχνεῖσθαι
1420 1309 1467 1336 καὶ
1481 1308 1580 1342 λέγειν,
1592 1307 1632 1333 ὅτι
1642 1305 1730 1332 ὁπόσα
1741 1302 1804 1330 ποτὲ
1814 1303 1870 1338 χρὴ

1077 1361 1122 1388 τὸν
1145 1361 1263 1397 ἄρχοντα
1286 1359 1391 1390 ποιεῖν,
1415 1356 1538 1392 ποιήσω,
1557 1353 1636 1390 μόνον
1661 1351 1761 1397 μοιγτδ

1077 1394 1222 1441 τοῦταμὴ
1253 1403 1324 1439 ἔχειν
1352 1402 1477 1438 χάρισαι·
1505 1398 1670 1434 εὐλαϐοῦμαι
1692 1396 1747 1432 γάρ
1767 1396 1797 1422 τὸ

1077 1451 1164 1488 ἀρχῆς
1191 1440 1353 1476 ἐνδύσασθαι
1382 1447 1481 1482 ὄνομα·
1504 1443 1603 1481 πικροῦ
1617 1443 1672 1478 γὰρ
1697 1441 1795 1476 φθόνου
1821 1440 1871 1467 καὶ

1078 1496 1200 1525 κινδύνου
1215 1496 1246 1530 γέ
1250 1503 1304 1530 μει.

1114 1541 1207 1571 LXIV.
1225 1542 1281 1569 Καὶ
1294 1542 1308 1568 ὁ
1319 1540 1422 1576 Πέτρος
1433 1538 1498 1575 ἔφη’
1513 1537 1545 1564 El
1561 1535 1641 1563 τοῦτο
1651 1532 1762 1569 εὐλαϐῇ,
1775 1531 1871 1567 ἄρχων

1082 1590 1133 1626 μὲν
1145 1589 1182 1625 μὴ
1203 1586 1297 1620 καλοῦ,
1315 1586 1408 1613 ἀλλάο
1427 1582 1576 1616 καθεστὼς,
1600 1580 1680 1608 τοῦτο
1695 1578 1744 1607 τοῦ
1763 1576 1872 1626 ῖὶυρίου

1079 1624 1225 1666 δεδωκότος
1239 1632 1377 1668 λέγεσθαι,
1392 1630 1431 1666 τῷ
1447 1631 1545 1657 εἰπεῖν*
1560 1627 1710 1661 Μακάριος
1726 1626 1743 1653 ὀ
1758 1624 1872 1658 ἅνθρω-

1080 1688 1137 1714 πος
1148 1679 1263 1712 ἐκεῖνος
1274 1699 1281 1712 ,
1298 1678 1334 1706 ὃν
1347 1675 1532 1709 καταστήσει
1552 1676 1569 1705 d
1582 1674 1685 1707 κύριος
1700 1670 1794 1698 αὐτοῦ
1820 1669 1872 1696 ἐπὶ

1080 1727 1135 1762 τῆς
1151 1725 1308 1760 θεραπείας
1322 1723 1381 1751 τῶν
1397 1721 1576 1750 συνδούλων
1590 1718 1694 1747 αὑτοῦ.
1706 1718 1740 1745 Ει
1755 1716 1785 1744 δὲ
1801 1724 1873 1743 παν-

1080 1773 1164 1805 τελῶς
1179 1773 1210 1798 οὐ
1227 1771 1313 1803 θέλεις
1327 1769 1480 1804 γνωσθῆναι
1506 1768 1547 1794 ὅτι
1563 1765 1688 1798 ἐξουσίαν
1710 1763 1873 1798 διοικήσεως

1081 1819 1163 1855 ἔχεις,
1180 1818 1288 1852 ἀγνοεῖν
1315 1825 1358 1853 μοι
1377 1816 1477 1848 ἔοικας,
1501 1815 1542 1840 ὅτι
1569 1813 1586 1848 ἡ
1602 1809 1804 1847 ὁμολογουμένη
1823 1807 1873 1834 τοῦ

1081 1863 1319 1901 προκαθεζομένου
1335 1862 1444 1896 ἐξουσία
1460 1860 1526 1888 πολύ
1541 1868 1567 1887 τι
1583 1858 1692 1885 δύναται
1707 1856 1770 1892 πρὸς
1782 1855 1872 1881 δυσω-

1081 1912 1146 1939 πίαν
1162 1911 1209 1938 τοῦ
1225 1909 1354 1946 πλήθους.
1387 1909 1430 1940 Ὧς
1448 1908 1457 1923 ³
1472 1907 1527 1942 γάρ
1538 1905 1660 1940 εἰληφότι
1679 1903 1730 1939 τὴν
1744 1901 1872 1934 ἐξουσίαν

1080 1958 1195 1989 ⁵ἐκαστος
1211 1956 1352 1987 πείθεται,
1372 1955 1410 1986 ὼς
1426 1952 1547 1989 μεγάλην
1562 1951 1684 1985 ἀνάγκην
1708 1948 1758 1984 τὴν
1781 1946 1872 1973 συνεί-

1080 2005 1157 2040 δησιν
1177 2003 1255 2038 ἔχων.
1274 2001 1307 2029 Τί
1322 2002 1351 2029 δὲ
1367 2001 1428 2036 οὐχὶ
1451 1999 1498 2026 καὶ
1515 1996 1643 2033 ἀσφαλῶς
1657 1994 1812 2030 γινώσκεις,
1830 1992 1874 2040 ὅτι

1080 2038 1130 2086 ούχ
1145 2051 1182 2083 ὡς
1191 2051 1216 2077 οἱ
1235 2049 1363 2085 ἄρχοντες
1385 2046 1439 2073 τῶν
1454 2045 1538 2072 ἐθνῶν
1553 2044 1646 2080 ἀρχειν
1662 2042 1743 2077 ἔχεις,
1760 2039 1816 2067 ἀλλ’
1833 2038 1872 2070 ὡς

1080 2085 1172 2129 δοῦλος
1184 2096 1275 2128 αὐτοῖς
1293 2092 1446 2130 ὑπηρετῶν,
1468 2092 1506 2124 ὡς
1530 2091 1620 2126 πατὴρ
1645 2086 1831 2123 ἀδικουμένοις
1847 2085 1870 2118 ³,

1081 2143 1120 2175 ὡς
1137 2143 1227 2179 ἰατρὸς
1251 2140 1500 2175 ἐπισκεπτόμενος,
1527 2137 1565 2170 ὠς
1590 2136 1690 2171 ποιμὴν
1714 2133 1871 2169 φυλάσσων,

1083 2189 1200 2217 συνελὼν
1210 2189 1265 2225 ἐρῶ
1275 2209 1283 2221 ,
1300 2187 1350 2219 τὰς
1368 2186 1458 2217 πάσας
1476 2184 1546 2220 ὑπὲρ
1561 2184 1611 2220 τῆς
1630 2181 1720 2209 αὐτῶν
1735 2179 1874 2215 σωτηρίας

244 2233 333 2261 salute
355 2232 496 2268 suscipere
522 2233 624 2261 curas?
647 2233 689 2260 An
717 2237 799 2268 putas
822 2233 949 2268 ignorare
976 2241 1029 2266 me,

1083 2235 1225 2272 φροντίδας
1245 2234 1332 2270 ἐχων;
1357 2234 1418 2260 Ὂτι
1437 2232 1487 2259 οῐει
1507 2231 1613 2266 ἀγνοεῖν
1632 2237 1677 2265 με,
1694 2228 1766 2259 οἴους
1782 2225 1875 2276 καμάῖ

244 2279 339 2315 quales
349 2284 376 2307 te
389 2278 550 2314 compellam
563 2279 671 2307 labores
687 2286 806 2312 sumere,
820 2279 885 2306 dum
898 2283 924 2306 te
937 2279 1000 2308 volo
1013 2287 1030 2306 a

1082 2271 1146 2314 τους
1161 2280 1337 2313 ἀναδέξασθαί
1353 2288 1383 2307 σε
1400 2277 1537 2315 βιάζομαι,
1555 2276 1607 2303 ὑπὸ
1622 2275 1707 2311 ὕχλων
1731 2271 1873 2309 κρίνεσθαί

243 2326 322 2363 plebe
336 2325 466 2361 judicari,
493 2325 538 2353 cui
554 2325 664 2360 placere
690 2332 771 2352 nemo
788 2325 845 2352 ullo
869 2325 960 2353 studio
981 2333 1030 2361 po-

244 2377 313 2407 test;
330 2380 392 2400 cum
404 2371 523 2400 maxime
533 2371 592 2400 ﬁeri
611 2375 703 2407 queat,
719 2376 759 2405 ut,
773 2371 820 2406 qui
843 2371 913 2399 bene
933 2379 1031 2406 opera-

244 2423 300 2454 tur,
315 2419 372 2447 Deo
385 2423 480 2455 gratus
490 2418 599 2446 existat.
617 2417 752 2451 Quocirca
765 2425 816 2447 oro
831 2422 868 2451 te,
886 2422 917 2445 ut
930 2418 1030 2446 alacri-

279 2483 294 2498 a
311 2476 406 2505 Matth.
425 2485 500 2510 xxtv,
517 2477 564 2512 M;
580 2475 647 2504 Luc.
664 2484 714 2511 xu,
727 2475 775 2504 44.

1086 2327 1167 2364 lli.
1178 2336 1208 2354 σε
1225 2327 1318 2360 ἀξιῶν,
1335 2324 1375 2358 οἷς
1384 2326 1480 2361 ἀρέσαι
1493 2324 1554 2352 τινὰ
1565 2323 1703 2358 ἀμήχανον
1713 2329 1720 2353 ;
1731 2319 1791 2354 Θεῷ
1802 2318 1832 2345 δὲ
1842 2315 1872 2344 εὖ

1084 2374 1238 2410 πράττοντα
1253 2374 1264 2390 ³
1279 2370 1527 2400 δυνατάγτατον.Διδ
1536 2369 1631 2404 δέομαι
1640 2366 1787 2403 προθύμως
1808 2365 1874 2410 ἀνα-

1083 2409 1220 2452 δέξασθαι,
1232 2419 1276 2447 διὰ
1292 2419 1357 2447 Θεὸν
1366 2418 1387 2451 ’⁵,
1402 2417 1447 2445 διὰ
1454 2416 1584 2452 Χριστὸν,
1602 2414 1672 2449 ὑπὲρ
1687 2413 1736 2447 τῆς
1749 2409 1872 2445 ἀδελφῶν

897 2522 1012 2551 νΑιιιλΕ
1030 2521 1234 2552 LECTIONES.

277 2584 303 2600 “
312 2583 469 2619 Legendum
479 2583 519 2619 τῷ
534 2583 563 2610 δέ
579 2583 608 2611 S.
646 2583 764 2619 ’ξαιτίαν
777 2590 837 2615 var.
858 2583 921 2610 lect.
952 2589 996 2617 ap.
1019 2581 1145 2619 Turrian.
1168 2580 1222 2608 Pro
1237 2581 1312 2616 epist.
1327 2578 1421 2615 pontii.
1434 2587 1462 2612 v,
1491 2578 1544 2619 9,,-
1556 2577 1579 2619 "’_
1593 2576 1686 2619 πεσεῖν

246 2618 365 2670 ἓξὲξ

415 2608 1058 2655 δῖ’ἰξέὶοῖιτξιἸ).ᾼιίῶιιὲέςέιῖιὶίηῖἑέερἷιὶῃρῐ
1074 2608 1343 2655 δξηιιιιημιιίιιηιέι
1370 2608 1429 2649 Ipse
1449 2608 1634 2655 repetitdeet.
1649 2610 1680 2637 Ci
1713 2608 1869 2655 parem-rat:

379 2644 565 2695 ρεεειὲρίάξ
594 2644 896 2695 ,ξτῷῐοοηῖῠῠςέδςῖφ
911 2644 961 2695 τήν
984 2653 1046 2695 add.
1066 2660 1090 2679 c.
1179 2644 1391 2695 Ξὶακηδρμειος
1409 2644 1519 2695 ςοιῄῖι)
1533 2669 1540 2681 ,
1553 2646 1700 2695 ﬁghting;
1716 2645 1764 2695 velx
1772 2644 1871 2695 iam:

246 2677 458 2725 υἱῶνέξοῖιίῖῖ
535 2677 899 2724 's‘cribeudu‘inrpiitaveliui
1177 2686 1262 2713 ³Θεὸν
1273 2677 1352 2712 ’δὲἐὖ
1369 2677 1524 2721 πράττοντα
1534 2677 1647 2709 ’πείθειν
1663 2681 1693 2708 C.
1731 2679 1796 2706 ⁴διά
1806 2677 1871 2706 Θεόν

246 2732 302 2752 om.
314 2724 345 2751 0.

902 2767 1083 2796 VARIORUII
1100 2767 1213 2795 ΝΟΤΙΕ.

282 2829 412 2871 (79)"qu
425 2830 504 2864 αιτιᾳ
514 2829 693 2865 διαιρέσεως.
711 2828 797 2857 liabet
819 2827 973 2855 Turrianus
1004 2825 1052 2854 lib.
1072 2833 1097 2860 ν,
1128 2826 1180 2855 Pro
1199 2824 1322 2861 epistolis
1337 2823 1496 2860 pontiﬁcum
1515 2829 1577 2858 cap.
1602 2821 1636 2854 9,
1657 2820 1761 2854 αἰτίαν,
1779 2819 1874 2849 minus

247 2863 325 2892 bene.
336 2864 403 2900 ῼοτ.
