1942 3100
641 147 907 180 ειειεκτιηι-
918 149 1060 179 HOKILIA
1074 150 1118 180 III.

1647 153 1701 183 156

86 203 229 239 σωτηρίας,
257 202 334 240 ὑπὲρ
347 203 436 232 αὐτῶν
451 204 462 221 ⁵
478 204 635 240 οἰκονομίας
649 206 697 233 καὶ
718 207 768 242 σῆς
792 207 858 242 ὠφε-

915 212 958 235 ter
972 208 1159 244 episcopatum
1177 207 1324 244 suscipias,
1340 213 1450 245 propter
1463 209 1623 246 Christum,
1649 220 1700 248 pro

85 249 159 282 λείας-

113 336 189 365 LXV.
205 338 262 365 Καὶ
278 337 311 365 τὸ
327 338 420 375 ἓτερον
434 339 463 366 δὲ
473 338 591 374 λόγισαι,
603 339 656 372 ὅτι,
668 339 763 376 ὥσπερ
775 340 866 376 κάμα-

82 393 122 410 m
136 385 181 410 καὶ
204 383 333 412 κίνδυνον
353 385 410 420 ἔχει
432 385 464 412 τὸ
481 385 532 420 τὴν
560 385 680 422 Χριστοῦ
703 386 865 423 Ἐκκλησίαν

82 431 233 466 οἰκονομεῖν,
254 431 378 467 τοσούτῳ
396 431 496 467 μείζων
516 433 531 459 ό
548 432 652 468 μισθός·
678 433 735 460 ἀλλ’
753 433 793 460 ἔτι
811 434 864 469 μὴν

81 477 122 503 καὶ
134 478 150 513 ἠ
166 476 277 508 κόλασις
290 477 392 512 μείζων
405 477 444 513 τῷ
458 477 598 514 δυναμένῳ
615 479 662 505 καὶ
677 479 862 514 ἀπειθήσαντι.

81 521 203 557 Βούλομαι
216 520 275 555 οὖν,
287 523 524 560 πολυμαθέστερον
534 523 611 556 εἰδώς
618 533 648 550 σε
657 524 712 551 τῶν
723 525 865 560 παρεστώ-

79 576 136 599 των,
154 567 286 600 δανείζειν
303 569 314 584 ⁸
332 569 416 600 xm;
432 569 553 605 γνώμας,
567 569 600 601 ἃς
614 570 690 606 παρὰ
703 570 750 597 τοῦ
761 571 863 607 Κυρίου

80 613 260 641 ταπίστευσαι·
290 616 364 647 Ἰνα,
379 615 432 648 Εὖ,
450 615 542 643 δοῦλε
575 615 667 652 ἀγαθὲ
689 616 739 643 καί
764 615 862 648 πιστέ,

80 660 198 697 ἀκούσῃς,
216 660 265 687 καὶ
284 661 325 696 μὴ
341 662 351 678 τ
369 661 464 698 ὥσπερ
480 663 494 689 ό
509 662 541 688 τὸ
554 661 583 688 ἒν
592 662 753 698 ἀποκρύψας
766 661 863 689 τάλαν-

79 713 128 737 τον,
143 706 269 741 ἔγκλημα
293 707 386 735 λαϐὼν
409 708 519 735 κολάσει
535 708 685 740 ὑπεύθυνος
712 708 860 744 ἀναφανῇς.

80 752 107 778 El
119 752 145 778 δὲ
161 752 197 788 μὴ
215 752 309 787 βούλει
327 753 430 788 ἀγαθὸς
441 754 527 789 φύλαξ
539 755 706 790 καταστῆναι
716 754 727 771 ⁸
739 755 787 791 τῆς
806 755 865 782 Ἐκ-

79 797 189 833 ιιλησίας,
204 797 301 834 ἕτερον
312 799 373 826 ἀντὶ
390 799 437 826 σοῦ
450 800 578 836 μήνυσον,
597 800 644 827 σοῦ
661 800 863 836 πολυμαθέστε-

81 852 119 879 ρον
132 844 175 871 καὶ
190 844 365 881 πιστότερον.
385 845 452 873 Ἀλλ’
464 846 474 862 ⁸
485 846 516 873 οὺ
527 846 633 878 δώσειςσ
647 847 679 873 σὺ
694 846 749 882 γάρ
766 846 812 874 καὶ
821 845 861 882 τῷ

916 253 1031 282 fratrum
1044 254 1142 288 salute,
1154 262 1204 290 pro
1219 255 1376 284 eorumdem
1391 256 1599 292 gubernatione,
1611 263 1638 287 et
1653 263 1701 289 tua

915 300 1042 330 utilitate.

952 346 1035 374 LXV.
1047 347 1129 374 Aliud
1143 347 1225 375 etiam
1240 353 1348 383 reputa,
1363 349 1447 384 quod,
1470 349 1542 377 sicut
1558 350 1651 379 labore
1672 356 1702 381 et

916 392 1039 428 periculo
1053 401 1109 421 non
1127 399 1211 427 caret,
1239 394 1393 430 gubernare
1415 394 1566 424 Ecclesiaut
1585 397 1699 430 Christi.

914 438 1051 474 eomajor
1075 444 1117 467 est
1133 447 1249 473 meroes,
1273 441 1321 468 sed
1335 446 1363 468 et
1387 441 1476 477 major
1499 450 1580 477 pinna
1599 443 1625 471 ei
1653 444 1700 480 qui

916 489 1017 519 potest,
1030 489 1141 513 recusat
1162 490 1264 514 tamen.
1282 486 1370 522 Cupio
1392 487 1485 522 igitur,
1497 488 1545 523 qui
1568 493 1594 516 te
1614 490 1699 518 sciam

914 530 1064 558 astantinm
1075 531 1305 565 eruditissimum,
1319 533 1420 561 ftenori
1430 533 1478 561 des
1495 534 1625 569 pulchras
1634 543 1699 563 sen-

915 577 1024 610 tentias.
1043 585 1104 613 quae
1130 578 1178 606 tibi
1203 586 1219 606 a
1234 578 1352 607 Domino
1366 580 1472 608 traditae
1485 585 1569 615 sunt;
1593 587 1624 610 ut
1647 590 1699 610 au-

913 622 974 650 dias
985 632 992 650 :
1005 622 1078 659 Euge
1089 632 1160 651 serve
1174 624 1238 652 bone
1250 630 1275 652 et
1290 625 1376 660 ﬁdelis
1390 632 1416 659 ι,
1440 631 1468 654 et
1491 635 1557 661 non,
1568 628 1700 663 quemad-

914 669 1028 696 modum
1038 670 1086 704 qui
1097 678 1182 698 unum
1200 671 1330 698 talentum
1346 672 1500 705 abscondit,
1522 674 1698 708 opprobrium

912 714 996 748 feras,
1007 721 1035 744 et
1045 716 1181 745 obnoxius
1193 717 1325 752 supplicio
1335 718 1494 747 declareris.
1508 719 1556 746 Sin
1568 727 1633 748 vero
1643 728 1698 748 non

912 761 956 789 vis
971 761 1061 790 bonus
1073 761 1201 790 Ecclesiae
1211 764 1341 791 constitui
1365 769 1459 792 custos
1469 785 1478 798 ,
1496 765 1580 793 alium
1607 773 1658 801 pro
1672 771 1699 794 te

912 807 1013 840 indica,
1027 808 1074 843 qui
1086 813 1112 836 te
1122 808 1159 836 sit
1171 809 1278 836 doctior
1293 817 1326 838 ac
1337 810 1453 838 ﬁdelior.
1473 810 1527 838 Sed
1539 819 1593 839 non
1608 812 1697 846 dabis,

913 858 941 881 tu
955 854 1028 881 enim
1040 858 1142 882 etcum
1153 854 1270 882 Domino
1286 861 1411 884 versatus
1422 865 1452 885 es
1463 865 1496 885 ac
1509 857 1600 886 vidisti
1614 858 1699 886 mira-

79 889 162 925 Κυρίῳ
184 890 278 926 συνῆς,
297 892 348 918 καὶ
371 891 420 924 τάς
436 892 604 928 θαυμασίους
623 893 737 929 πράξεις
754 893 858 929 ἱστόρη-

913 900 977 928 bilia
989 907 1083 936 opera,
1098 905 1125 929 et
1134 900 1262 929 Ecclesiae
1280 902 1544 932 administrationem
1565 905 1697 933 didicisti.

79 943 129 967 σας,
143 937 186 963 καὶ
200 935 337 973 διοίκησιν
357 938 518 974 Ἐκκλησίας
534 939 704 975 μεμάθηκας.

107 981 192 1009 LXVI.
210 984 268 1011 Καὶ
286 972 337 1011 σοῦ
349 984 398 1020 μὲν
411 972 491 1020 ἔρξον
502 972 696 1015 ὲστλλελεύειν
710 985 728 1013 ἃ
745 985 796 1019 δεῖ,
806 985 862 1014 τῶν

78 1029 186 1063 ἀδελφῶν
198 1030 231 1062 ιθ,
251 1030 381 1058 ὑπείκειν
399 1032 446 1058 καὶ
471 1032 508 1068 μὴ
532 1031 665 1060 ἀπειθεῖν.
689 1031 862 1066 ’Υπείξαντες

79 1075 120 1110 μὲν
134 1074 177 1102 οιῖρν
195 1077 381 1112 σωθήσονται,
405 1077 602 1114 ἀπειθήσαντες
620 1078 649 1104 δὲ
666 1078 719 1106 ὑπὸ
733 1079 780 1106 τοῦ
796 1079 862 1115 Χρι-

79 1120 133 1147 στοῦ
147 1121 167 1137 ¹¹
178 1122 407 1158 κολασθήσονται,
419 1123 460 1152 ﬁt
471 1125 485 1151 ό
494 1124 728 1160 προκαθεζόμενος
742 1124 860 1161 Χριστοῦ

77 1167 147 1194 τύπον
162 1169 357 1197 πεπίστευται.
369 1169 415 1196 Διὸ
429 1170 487 1206 ἦτοι
498 1170 592 1206 τιμὴῆ
609 1170 687 1207 ὕϐρις
695 1171 742 1198 τοῦ
758 1180 862 1207 προκα-

78 1213 208 1250 θεζομένου
221 1216 263 1247 είς
271 1215 392 1251 Χριστὸν
403 1216 529 1252 φέρεται,
541 1217 620 1252 115
632 1217 686 1244 ἀπὸ
698 1217 727 1244 δὲ
742 1217 860 1253 Χριστοῦ

76 1261 111 1292 εἰς
124 1260 186 1287 θεὸν
202 1261 224 1277 ¹²
242 1262 424 1298 ἀναφέρεται.
449 1262 534 1290 Τοῦτο
550 1263 578 1290 δὲ
600 1264 715 1301 εῐρηκα,
744 1264 788 1291 ἵνα
813 1264 861 1291 καὶ

77 1306 143 1333 αὐτοὶ
153 1308 177 1334 οί
189 1308 304 1343 ἀδελφοὶ
324 1308 376 1344 τῆς
390 1309 458 1345 πρὸς
471 1310 502 1336 σὲ
518 1310 659 1342 ἀπειθείας
675 1310 721 1337 τὸν
739 1309 860 1338 κίνδυνον

76 1353 154 1380 αὐτῶν
172 1354 193 1370 ³³
219 1355 258 1390 μὴ
285 1354 441 1389 ἀγνοῶσιν,
470 1356 511 1383 ὅτι
527 1356 557 1388 ὃς
582 1355 614 1383 ἀν
638 1365 679 1383 σοι
702 1355 860 1385 κελεύσαντι

75 1399 210 1438 ἀπειθήσῃ,
235 1400 353 1437 Χριστῷ
369 1401 476 1429 ἀπειθεῖ
490 1402 522 1435 ¹⁸,
539 1401 649 1438 Χριστῷ
661 1401 690 1428 δὲ
708 1401 860 1438 ἀπειθήσας

75 1443 132 1473 θεὸν
142 1447 320 1483 παροργίζει.

105 1491 204 1521 LXVII.
219 1493 284 1530 Χρὴ
298 1491 348 1521 οὖν
363 1493 413 1530 τὴν
432 1493 605 1530 Ἐκκλησίαν,
615 1494 653 1526 ὡς
661 1493 738 1522 πόλιν
754 1494 784 1522 ὲν
796 1493 859 1530 ὕψει

74 1539 296 1576 οἰκοδομουμένην
312 1540 347 1573 ¹⁸,
364 1540 486 1575 φιλόθεον
496 1540 568 1576 εχειν
577 1540 655 1574 τάξιν
670 1541 717 1567 καὶ
726 1540 859 1577 διοίκησιν

75 1584 157 1620 καλήν,
176 1586 233 1622 Πρὸ
247 1587 362 1614 πάντων
378 1587 392 1613 ό
410 1587 559 1619 ἐπίσκοπος
573 1587 612 1618 ὡς
628 1586 719 1622 ἄρχων
743 1587 808 1623 περὶ
819 1583 858 1614 ὧν

75 1630 138 1665 λέγει
160 1632 314 1660 ἀκουέσθω·
339 1633 365 1659 οἱ
381 1633 560 1669 πρεσϐύτεροι
577 1632 612 1660 τὰ
630 1632 797 1668 κελευόμενα
816 1632 859 1667 γί-

75 1677 156 1704 νεσθαι
171 1678 192 1693 ¹⁶
210 1678 449 1711 σπουδαζέτωσαψ
465 1679 489 1706 oi
505 1679 624 1707 διάκονοι
645 1678 858 1715 ὲκπεριερχόμε-

75 1731 108 1749 νοι
122 1723 173 1750 τῶν
188 1724 316 1758 ἀδελφῶν
331 1724 366 1751 τὰ
379 1723 492 1760 σώματα
509 1725 556 1752 καὶ
571 1724 620 1756 τὰς
633 1724 725 1760 ψυχὰς
747 1725 860 1751 ἐπισκε-

74 1769 232 1802 πτέσθωσαν,
252 1771 305 1797 καὶ
311 1770 349 1806 τῷ
363 1771 504 1806 ὲπισκόπῳ
514 1771 756 1798 ἁντιϐαλλέτωσαν·
765 1771 790 1798 οι
803 1771 859 1798 λοι-

76 1815 114 1841 ποὶ
128 1816 225 1848 πάντες
239 1816 356 1850 ἀδελφοὶ
372 1817 402 1843 τὸ
416 1817 567 1844 ἀδικεῖσθαι
583 1816 814 1852 ἀναδεχέσθωσανο
833 1817 858 1844 εί

74 1860 98 1887 δὲ
111 1861 246 1897 κρίνεσθαι
271 1863 381 1889 θέλουσι
402 1863 467 1899 περὶ
483 1859 520 1890 ὧν
542 1863 715 1896 ἀδικοῦνται,
742 1862 858 1890 ἐπὶτῶν

74 1908 256 1944 πρεσϐυτέρων
273 1909 545 1944 συμϐιϐαζέσοωσανσ
563 1909 609 1937 τὸν
624 1910 652 1936 δὲ
670 1909 858 1945 συμϐιϐασμδν

75 1954 97 1980 oi
114 1954 295 1991 πρεσϐύτεροι
305 1955 345 1991 τῷ
357 1955 498 1990 ὲπισκόπῳ
515 1956 804 1992 προσαναφερέτωσαν.

104 2011 212 2039 LXVIII.
228 2013 314 2040 Νέων
327 2013 355 2039 δὲ
373 2013 410 2048 μὴ
425 2013 503 2048 μόνον
514 2013 750 2047 κατεπειγέτωσαν
761 2013 781 2029 "
795 2012 858 2046 τοὺς

75 2058 176 2092 γάμους,
187 2059 256 2086 ἀλλά
276 2060 323 2085 καὶ
337 2059 392 2086 τῶν
403 2058 622 2095 προϐεϐηκότων,
640 2060 676 2095 μή
687 2068 745 2091 πως
759 2059 858 2091 ζέουοα

75 2103 89 2138 ὴ
104 2103 186 2139 δρεξις
202 2104 344 2141 προφάσει
362 2105 488 2140 πορνείας
504 2105 521 2141 ἢ
539 2105 661 2141 μοιχείας
668 2105 761 2141 λοιμὸν
773 2113 858 2141 προσ-

76 2149 165 2186 ενέγκῃ
181 2151 202 2167 ¹⁸
215 2153 250 2187 τῇ
280 2151 436 2187 Ἐκκλησία.
464 2151 550 2187 ’Υπὲρ
569 2151 659 2178 πᾶσαν
691 2151 746 2187 γὰρ
768 2152 858 2187 ἀμαρ-

75 2195 127 2222 τίαν
141 2197 158 2232 ἡ
171 2197 220 2232 τῆς
238 2197 367 2233 μοιχείας
390 2196 500 2224 ἀσέϐεια
514 2196 574 2233 Θιῷ
596 2197 752 2232 ὲστύγηται,
769 2197 810 2224 ὅτι
825 2198 856 2224 οὐ

947 980 1040 1008 LXVI.
1059 980 1124 1008 Tum
1141 981 1224 1016 igitur
1238 987 1330 1018 partes
1347 987 1422 1016 sunt,
1448 983 1545 1018 jubere
1569 991 1612 1018 ea,
1636 993 1698 1020 qua

912 1032 1035 1063 oportet;
1052 1032 1145 1063 partes
1160 1028 1288 1063 fratrum,
1303 1029 1438 1064 subjicere
1451 1037 1480 1057 se
1491 1034 1518 1058 et
1538 1038 1593 1057 non
1609 1030 1696 1058 refra-

911 1074 980 1109 gari.
998 1074 1181 1110 Subjicicntes
1195 1083 1260 1111 ergo
1284 1083 1313 1104 se
1327 1076 1395 1104 salvi
1419 1076 1502 1104 fient:
1529 1077 1697 1114 refragantes

911 1127 977 1148 vero
988 1128 1004 1148 a
1017 1119 1128 1149 Christo
1144 1121 1312 1156 punientur;
1329 1122 1459 1157 quoniam
1482 1123 1530 1158 qui
1557 1125 1696 1158 praesidet,

910 1165 1014 1194 Christi
1028 1167 1119 1195 locum
1134 1168 1248 1202 accepit.
1266 1167 1357 1201 Quare
1374 1168 1546 1203 praesidentis
1572 1170 1630 1198 sive
1643 1171 1696 1198 ho-

911 1220 962 1240 nor
985 1212 1043 1240 sive
1067 1213 1232 1241 contumelia
1257 1213 1291 1241 ad
1316 1213 1457 1242 Christum
1481 1215 1610 1248 refertur,
1637 1221 1664 1244 et
1679 1224 1696 1244 a

911 1257 1022 1286 Christo
1039 1258 1073 1286 ad
1086 1257 1182 1287 Deum.
1211 1258 1240 1287 Id
1257 1265 1349 1287 autem
1376 1261 1540 1295 prolocutus
1567 1270 1640 1296 sum,
1666 1267 1697 1291 ut

910 1305 964 1341 ipsi
974 1313 1084 1343 quoque
1092 1305 1192 1334 fratres
1203 1313 1258 1334 non
1271 1306 1408 1342 ignorent,
1419 1312 1521 1342 quanto
1531 1307 1558 1334 in
1574 1308 1697 1343 periculo

909 1357 1053 1380 versentur
1064 1352 1111 1388 qui
1125 1351 1174 1380 tibi
1189 1360 1244 1380 non
1257 1353 1494 1388 obtemperabunt.
1507 1352 1575 1380 Nam
1587 1354 1635 1388 qui
1647 1354 1696 1382 tibi

907 1398 1015 1434 jubenti
1031 1407 1085 1426 non
1097 1398 1308 1434 obtemperabit,
1322 1398 1435 1426 Christo
1451 1407 1505 1427 non
1529 1399 1646 1434 obediet,
1670 1405 1698 1428 et

909 1445 974 1473 dum
989 1453 1045 1473 non
1057 1444 1150 1473 obedit
1159 1445 1282 1478 Christo,
1295 1443 1381 1472 Deum
1394 1445 1428 1473 ad
1444 1445 1514 1472 iram
1534 1446 1640 1473 incitat.

944 1491 1049 1520 LXVII.
1063 1491 1175 1526 Oportet
1185 1499 1252 1526 ergo
1267 1496 1297 1519 ut
1307 1490 1440 1525 Ecclesia,
1456 1492 1530 1519 velut
1554 1492 1652 1520 civitas
1666 1493 1694 1520 in

909 1538 1019 1566 excelso
1028 1537 1175 1572 aediﬁcata,
1186 1537 1242 1565 Deo
1252 1537 1365 1573 dignum
1380 1537 1480 1565 habeat
1491 1538 1614 1565 ordinem
1626 1545 1695 1573 pra:-

909 1584 1069 1619 claramque
1090 1583 1369 1612 administrationem.
1390 1583 1461 1611 Ante
1485 1584 1577 1611 omnia
1586 1585 1694 1619 cpisco-

909 1638 972 1666 pus.
986 1630 1060 1658 velut
1079 1635 1181 1663 rector,
1196 1630 1224 1657 in
1239 1630 1274 1658 iis
1292 1637 1353 1665 quae
1379 1629 1446 1657 dicit
1460 1630 1603 1663 audiatur;
1629 1638 1695 1665 pre-

909 1676 1010 1713 sbyteri
1026 1681 1124 1704 curent
1135 1676 1193 1704 fieri
1208 1683 1270 1711 quae
1281 1675 1428 1710 jubentur;
1454 1675 1562 1703 diaconi
1576 1676 1696 1703 circum-

909 1722 1080 1750 ambulantes
1094 1722 1269 1750 considerent
1279 1721 1396 1749 fratrum
1409 1729 1523 1757 corpora
1533 1726 1559 1749 et
1575 1722 1693 1756 animas,

909 1773 990 1803 atque
1003 1769 1132 1804 episcopo
1142 1768 1319 1801 denuntient;
1343 1767 1442 1803 reliqui
1470 1775 1566 1796 omnes
1591 1767 1690 1796 fratres

909 1814 978 1842 allici
990 1815 1091 1850 injuria
1110 1815 1262 1849 suscipiant
1273 1814 1494 1848 libenter;quod
1507 1815 1531 1842 si
1553 1814 1590 1849 de.
1603 1815 1648 1847 iis,
1666 1815 1694 1842 in

908 1862 1010 1896 quibus
1033 1861 1134 1897 injuria
1150 1860 1316 1893 afﬁciuntur,
1329 1859 1444 1895 cupiunt
1463 1859 1593 1894 judicari,
1621 1860 1692 1894 apud

908 1908 1081 1944 presbyteros
1093 1908 1284 1940 concilientur,
1298 1910 1325 1934 et
1347 1906 1496 1942 presbyteri
1524 1906 1694 1934 conciliatio-

908 1962 971 1982 nem
980 1954 1014 1982 ad
1033 1954 1193 1989 episcopum
1207 1952 1337 1981 referant.

944 2013 1061 2043 LXVIII.
1073 2013 1133 2041 Non
1149 2014 1231 2042 modo
1246 2018 1337 2041 autem
1362 2013 1477 2049 juvenes
1492 2012 1526 2040 ad
1550 2011 1693 2039 matrimo-

908 2061 984 2090 nium
1003 2060 1179 2096 compellant,
1190 2060 1236 2088 sed
1253 2065 1281 2088 et
1296 2064 1361 2087 natu
1373 2063 1527 2095 provectos,
1537 2066 1572 2086 ne
1585 2057 1694 2086 fervens

908 2107 1044 2143 cupiditas
1060 2114 1108 2142 per
1122 2106 1332 2134 fornicationem
1345 2106 1387 2133 vel
1403 2105 1567 2133 adulterium
1588 2109 1692 2140 pestem

908 2154 937 2181 in
961 2153 1111 2182 Ecclesiam
1138 2152 1248 2181 inferat.
1263 2151 1351 2187 Super
1366 2160 1448 2180 omne
1462 2151 1536 2179 enim
1551 2154 1692 2186 peccatum

909 2199 1035 2234 impietas
1048 2199 1175 2227 adulterii
1201 2199 1265 2226 odio
1283 2207 1298 2226 a
1326 2198 1382 2226 Deo
1406 2198 1534 2226 habetur:
1549 2197 1614 2233 quia
1637 2205 1693 2225 non

78 2240 147 2275 μόνον
160 2242 240 2270 αὑτὸν
255 2243 305 2270 τὸν
321 2243 517 2279 ἁμαρτήσαντα
530 2243 647 2280 ἀναιρεῖ,
658 2242 726 2271 ἀλλά
740 2243 856 2275 καὶτοὺς

913 2246 998 2273 solum
1023 2246 1152 2273 intertlcit
1173 2245 1262 2281 ipsum
1293 2249 1463 2280 peccatorem
1480 2244 1526 2272 sed
1543 2249 1571 2272 et
1595 2251 1694 2271 conve—

77 2289 300 2324 συνεπιωμένους
326 2289 373 2316 καὶ
396 2290 658 2326 συναμιλλωμένουςο
685 2289 771 2326 λύσσῃ
801 2289 855 2326 γὰρ

76 2331 164 2366 ἔοικεν,
179 2335 219 2362 ὁτι
235 2335 290 2371 τῆς
305 2335 371 2367 ιδίας
387 2336 485 2371 μανίας
501 2336 668 2372 μεταδιδόναι
690 2335 769 2371 φύσιν
789 2335 856 2371 ἔχει.

77 2379 246 2418 Σωφροσύνης
262 2379 310 2408 οὗν
325 2382 405 2417 χάριν
414 2382 602 2409 σπευδέτωσαν
609 2383 673 2415 τοὺς
682 2383 787 2419 γάμους
797 2384 858 2410 ἐπι-

77 2426 154 2454 τελεῖν
162 2428 198 2464 μὴ
214 2428 298 2464 μόνον
308 2428 333 2455 οί
342 2428 531 2465 πρεσϐύτεροι,
542 2429 664 2456 ἀλλὰκαὶ
675 2430 755 2466 116
761 2431 785 2456 οί
794 2430 858 2457 πάν-

78 2473 151 2508 τεςή
162 2474 216 2510 γὰρ
229 2473 280 2502 τοῦ
291 2474 491 2511 μοιχησαμένου
506 2476 629 2512 ἁμαρτία
649 2476 696 2502 ἐπὶ
710 2476 773 2508 τοὺς
788 2476 857 2503 πάν-

78 2523 122 2550 τας
129 2519 212 2547 ὲλθεῖν
223 2520 357 2559 βιάζεται.
374 2521 411 2548 Τὸ
419 2522 440 2540 ⁸³
452 2519 499 2548 οὖν
505 2522 630 2550 σπεύδειν
638 2524 786 2558 σωφρονεῖν
792 2524 856 2555 τοὺς

110 2604 123 2620 ι
138 2599 231 2630 Matth.
250 2608 317 2634 xxv,
330 2600 376 2629 2L

907 2296 1015 2320 scentes
1039 2298 1072 2320 ac
1099 2299 1272 2328 congressos.
1292 2291 1387 2318 [labici
1405 2291 1506 2325 quippe
1515 2294 1558 2318 est
1583 2289 1691 2323 similis,

907 2337 1130 2373 quandoquidem
1145 2345 1161 2365 a
1176 2342 1274 2365 natura
1293 2337 1385 2370 habet,
1400 2341 1431 2364 ut
1445 2344 1524 2364 suam
1537 2335 1692 2363 communi—

907 2389 950 2412 cet
960 2385 1106 2412 insaniam.
1121 2383 1194 2419 Ergo
1206 2388 1316 2418 propter
1328 2383 1480 2410 castitatem
1493 2381 1623 2409 festinent
1635 2389 1688 2408 nu-

907 2431 978 2465 ptias
993 2430 1140 2458 conciliare
1152 2438 1206 2457 non
1221 2430 1302 2457 modo
1312 2429 1476 2465 presbyteri,
1494 2436 1586 2456 verum
1608 2427 1690 2454 etiam

907 2483 1018 2510 omnes;
1031 2484 1095 2504 nam
1109 2476 1210 2504 moechi
1222 2476 1350 2503 delictum
1362 2476 1395 2503 ad
1411 2483 1507 2503 omnes
1533 2473 1690 2502 necessario

908 2523 993 2551 venit.
1016 2522 1108 2550 Prima
1124 2531 1188 2559 ergo
1203 2522 1391 2550 misericordia
1408 2526 1460 2556 est,
1474 2521 1573 2549 fratres
1590 2519 1624 2547 ad
1639 2526 1690 2555 pu—

713 2659 832 2688 VARIIE
851 2659 1055 2689 LECTIONES.

112 2712 124 2750 '_
145 2713 214 2750 ὑπὲρ
230 2714 298 2750 τῆςη
315 2714 405 2742 αὐτῶν
435 2715 467 2743 C.

85 2747 137 2775 vult
148 2747 359 2778 κατασταθῆναι.
433 2751 444 2766 ⁹
452 2750 521 2777 ἀλλά
535 2751 564 2778 0.

85 2818 483 2869 ιηέιέξίιχ.ἕ.,.¹ῑτινέεθίξ.οε

113 2855 282 2890 προσενέγκοι
298 2855 329 2884 C.
371 2856 392 2873 "
401 2855 449 2883 τοῦ
465 2855 495 2884 C.

541 2716 554 2732 ⁶
568 2714 669 2747 δανίζει
702 2716 734 2743 0.
805 2717 816 2733 ⁷
825 2717 862 2759 μῄ

541 2751 556 2767 ΓΙ
640 2750 731 2767 ιονιξ.-
744 2751 858 2767 Διὶ-ἴσην...

85 2751 137 2775 vult
148 2751 359 2812 καταπαθῖὲναι.
433 2751 521 2777 1’ἀλλά
535 2751 564 2778 ο.
640 2751 731 2783 ¹⁶τοὺς
744 2751 875 2786 ἀδελφούς
891 2754 922 2780 0.
997 2753 1018 2768 “
1027 2753 1130 2788 Κυρίου
1147 2752 1179 2779 C.
1253 2751 1329 2778 ³’τοῦ
1349 2751 1398 2786 Χρ.

84 2781 150 2820 “Ita_
163 2783 184 2809 Ι)
205 2792 289 2820 appro
309 2784 407 2813 anteO
425 2794 432 2819 ;
448 2785 522 2820 αὐτῷ
537 2785 559 2813 C
573 2806 581 2818 ,
596 2785 643 2820 qui
658 2786 727 2820 conj.
745 2787 834 2814 αὐτόν.
874 2787 944 2815 “Ita
965 2787 984 2814 S
998 2808 1006 2819 ,
1026 2788 1124 2820 ἀπειθῇ
1140 2787 1170 2820 C,
1190 2788 1220 2814 Ο.
1260 2787 1280 2803 ’⁸
1289 2785 1398 2820 οἰκοδομ

222 2792 373 2827 ppronante
383 2792 407 2813 υ
425 2794 432 2819 ;
448 2792 522 2822 αυτῳ
537 2792 559 2813 υ
573 2806 581 2818 ,
596 2793 643 2821 qut
658 2793 727 2821 conj.
745 2792 834 2814 αὐτόν.
874 2792 944 2815 I'lta
965 2792 984 2814 δ
998 2808 1006 2819 ,
1026 2792 1170 2850 ἀπειθῗὸυ,

222 2827 242 2848 ι.
282 2820 485 2859 ’ξχινέσθαι-(ζ
537 2820 632 2850 "Post
644 2821 880 2857 κατεπειγέτωσαν
897 2828 1056 2859 repetuntur
1071 2832 1097 2851 Ill
1164 2831 1170 2847 ι

1354 2722 1392 2743 ο..
1414 2712 1456 2741 Cl.
1535 2713 1546 2729 ⁸
1575 2712 1597 2739 D
1636 2712 1689 2743 legi

894 2726 949 2745 non
986 2718 1111 2745 omittere
1142 2716 1257 2745 debebat
1294 2715 1313 2743 S

997 2753 1130 2788 ¹¹Κυρίου
1147 2752 1179 2788 C.
1253 2750 1329 2778 ³’τοῦ
1349 2751 1401 2788 ξίρ.
1419 2750 1459 2788 εἰς
1478 2748 1540 2788 τὺνῆ
1557 2747 1623 2788 Θεόν

1419 2785 1501 2820 μένην
1520 2783 1542 2811 C
1556 2804 1564 2816 ,
1590 2783 1683 2818 ᾠκοδο-
