  <div class='ocr_page' id='page_1' title='image "/cluster/home/n/w/nwhite01/storage/ocr_20150623/2/njp.32101077772349/121.png"; bbox 0 0 1942 3100; ppageno 0'>
   <div class='ocr_carea' id='block_1_1' title="bbox 239 150 294 180">
    <p class='ocr_par' dir='ltr' id='par_1_1' title="bbox 239 150 294 180">
     <span class='ocr_line' id='line_1_1' title="bbox 239 150 294 180; baseline 0 0"><span class='ocrx_word' id='word_1_1' title='bbox 239 150 294 180; x_wconf 66' lang='grc'><strong>185</strong></span> 
     </span>
    </p>
   </div>
   <div class='ocr_carea' id='block_1_2' title="bbox 663 148 1424 180">
    <p class='ocr_par' dir='ltr' id='par_1_2' title="bbox 663 148 1424 180">
     <span class='ocr_line' id='line_1_2' title="bbox 663 148 1424 180; baseline 0.004 -4"><span class='ocrx_word' id='word_1_2' title='bbox 663 148 693 177; x_wconf 87' lang='lat' dir='ltr'><strong>S.</strong></span> <span class='ocrx_word' id='word_1_3' title='bbox 713 148 907 177; x_wconf 78' lang='lat' dir='ltr'><strong>CLEMENTIS</strong></span> <span class='ocrx_word' id='word_1_4' title='bbox 926 149 935 177; x_wconf 96' lang='grc' dir='ltr'><strong>Ι</strong></span> <span class='ocrx_word' id='word_1_5' title='bbox 956 149 1037 178; x_wconf 71' lang='grc' dir='ltr'><strong>ΒΟΜ.</strong></span> <span class='ocrx_word' id='word_1_6' title='bbox 1060 149 1160 178; x_wconf 82' lang='grc' dir='ltr'><strong>ΡΟΝΤ.</strong></span> <span class='ocrx_word' id='word_1_7' title='bbox 1180 149 1294 179; x_wconf 70' lang='grc' dir='ltr'>οΡΕιιΑ</span> <span class='ocrx_word' id='word_1_8' title='bbox 1312 149 1424 180; x_wconf 80' lang='lat' dir='ltr'><strong>DUBlA.</strong></span> 
     </span>
    </p>
   </div>
   <div class='ocr_carea' id='block_1_3' title="bbox 237 205 1036 248">
    <p class='ocr_par' dir='ltr' id='par_1_3' title="bbox 237 205 1029 243">
     <span class='ocr_line' id='line_1_3' title="bbox 237 205 1029 243; baseline -0.004 -5"><span class='ocrx_word' id='word_1_9' title='bbox 237 208 363 239; x_wconf 80' lang='lat' dir='ltr'><strong>dicitlam</strong></span> <span class='ocrx_word' id='word_1_10' title='bbox 372 206 524 243; x_wconf 86' lang='lat' dir='ltr'><strong>impellere,</strong></span> <span class='ocrx_word' id='word_1_11' title='bbox 535 205 668 242; x_wconf 84' lang='lat' dir='ltr'><strong>quoniam</strong></span> <span class='ocrx_word' id='word_1_12' title='bbox 683 206 782 235; x_wconf 76' lang='lat' dir='ltr'><strong>anima:</strong></span> <span class='ocrx_word' id='word_1_13' title='bbox 793 212 837 235; x_wconf 85' lang='lat' dir='ltr'><strong>est</strong></span> <span class='ocrx_word' id='word_1_14' title='bbox 856 206 973 241; x_wconf 81' lang='lat' dir='ltr'><strong>medela,</strong></span> <span class='ocrx_word' id='word_1_15' title='bbox 1000 211 1029 235; x_wconf 90' lang='lat' dir='ltr'><strong>at</strong></span> 
     </span>
    </p>
   </div>
   <div class='ocr_carea' id='block_1_4' title="bbox 1080 205 1871 248">
    <p class='ocr_par' dir='ltr' id='par_1_4' title="bbox 1080 206 1871 248">
     <span class='ocr_line' id='line_1_4' title="bbox 1080 206 1871 248; baseline 0.008 -15"><span class='ocrx_word' id='word_1_16' title='bbox 1080 206 1220 241; x_wconf 78' lang='grc' dir='ltr'>ἀδελφοὺς,</span> <span class='ocrx_word' id='word_1_17' title='bbox 1231 206 1310 234; x_wconf 81' lang='grc' dir='ltr'>τοῦτο</span> <span class='ocrx_word' id='word_1_18' title='bbox 1325 206 1420 244; x_wconf 83' lang='grc' dir='ltr'><strong>πρώτη</strong></span> <span class='ocrx_word' id='word_1_19' title='bbox 1437 207 1618 246; x_wconf 73' lang='grc' dir='ltr'><strong>ἐλεημοσύνη·</strong></span> <span class='ocrx_word' id='word_1_20' title='bbox 1630 208 1721 246; x_wconf 82' lang='grc' dir='ltr'>ψυχῆς</span> <span class='ocrx_word' id='word_1_21' title='bbox 1735 209 1794 248; x_wconf 76' lang='grc' dir='ltr'>’γάρ</span> <span class='ocrx_word' id='word_1_22' title='bbox 1810 211 1871 240; x_wconf 63' lang='grc' dir='ltr'>ἑστι</span> 
     </span>
    </p>
   </div>
   <div class='ocr_carea' id='block_1_5' title="bbox 237 255 669 290">
    <p class='ocr_par' dir='ltr' id='par_1_5' title="bbox 237 255 669 290">
     <span class='ocr_line' id='line_1_5' title="bbox 237 255 669 290; baseline -0.009 -5"><span class='ocrx_word' id='word_1_23' title='bbox 237 257 318 288; x_wconf 82' lang='lat' dir='ltr'><strong>cibus</strong></span> <span class='ocrx_word' id='word_1_24' title='bbox 334 255 459 290; x_wconf 81' lang='lat' dir='ltr'><strong>corporis</strong></span> <span class='ocrx_word' id='word_1_25' title='bbox 471 259 514 282; x_wconf 90' lang='lat' dir='ltr'><strong>est</strong></span> <span class='ocrx_word' id='word_1_26' title='bbox 524 255 669 282; x_wconf 85' lang='lat' dir='ltr'><strong>recreatio.</strong></span> 
     </span>
    </p>
   </div>
   <div class='ocr_carea' id='block_1_6' title="bbox 275 344 1027 380">
    <p class='ocr_par' dir='ltr' id='par_1_6' title="bbox 275 344 1027 380">
     <span class='ocr_line' id='line_1_6' title="bbox 275 344 1027 380; baseline -0.005 -5"><span class='ocrx_word' id='word_1_27' title='bbox 275 345 371 376; x_wconf 80' lang='lat' dir='ltr'><strong>LXIX.</strong></span> <span class='ocrx_word' id='word_1_28' title='bbox 384 346 519 373; x_wconf 71' lang='lat' dir='ltr'><strong>Caeterum</strong></span> <span class='ocrx_word' id='word_1_29' title='bbox 532 345 556 372; x_wconf 88' lang='lat' dir='ltr'><strong>si</strong></span> <span class='ocrx_word' id='word_1_30' title='bbox 571 344 670 372; x_wconf 77' lang='lat' dir='ltr'><strong>fratres</strong></span> <span class='ocrx_word' id='word_1_31' title='bbox 682 349 790 372; x_wconf 90' lang='lat' dir='ltr'><strong>vestros</strong></span> <span class='ocrx_word' id='word_1_32' title='bbox 813 344 943 380; x_wconf 71' lang='lat' dir='ltr'><strong>diligatis,</strong></span> <span class='ocrx_word' id='word_1_33' title='bbox 959 344 1027 372; x_wconf 85' lang='lat' dir='ltr'><strong>nihil</strong></span> 
     </span>
    </p>
   </div>
   <div class='ocr_carea' id='block_1_7' title="bbox 238 392 1027 426">
    <p class='ocr_par' dir='ltr' id='par_1_7' title="bbox 238 392 1027 426">
     <span class='ocr_line' id='line_1_7' title="bbox 238 392 1027 426; baseline -0.008 -2"><span class='ocrx_word' id='word_1_34' title='bbox 238 403 335 425; x_wconf 87' lang='lat' dir='ltr'><strong>eorum</strong></span> <span class='ocrx_word' id='word_1_35' title='bbox 347 393 489 426; x_wconf 87' lang='lat' dir='ltr'><strong>auferetis,</strong></span> <span class='ocrx_word' id='word_1_36' title='bbox 511 393 567 420; x_wconf 93' lang='lat' dir='ltr'><strong>imo</strong></span> <span class='ocrx_word' id='word_1_37' title='bbox 578 397 668 420; x_wconf 87' lang='lat' dir='ltr'><strong>vestra</strong></span> <span class='ocrx_word' id='word_1_38' title='bbox 687 392 940 420; x_wconf 81' lang='lat' dir='ltr'><strong>communicabitis:</strong></span> <span class='ocrx_word' id='word_1_39' title='bbox 964 399 1027 419; x_wconf 89' lang='lat' dir='ltr'><strong>esu-</strong></span> 
     </span>
    </p>
   </div>
   <div class='ocr_carea' id='block_1_8' title="bbox 239 439 1028 474">
    <p class='ocr_par' dir='ltr' id='par_1_8' title="bbox 239 439 1028 474">
     <span class='ocr_line' id='line_1_8' title="bbox 239 439 1028 474; baseline -0.006 -3"><span class='ocrx_word' id='word_1_40' title='bbox 239 444 342 471; x_wconf 86' lang='lat' dir='ltr'><strong>rientes</strong></span> <span class='ocrx_word' id='word_1_41' title='bbox 358 440 497 472; x_wconf 83' lang='lat' dir='ltr'><strong>nutrietis,</strong></span> <span class='ocrx_word' id='word_1_42' title='bbox 513 439 670 467; x_wconf 88' lang='lat' dir='ltr'><strong>sitientibus</strong></span> <span class='ocrx_word' id='word_1_43' title='bbox 686 439 840 474; x_wconf 64' lang='lat' dir='ltr'><strong>praebebitis</strong></span> <span class='ocrx_word' id='word_1_44' title='bbox 855 443 961 474; x_wconf 89' lang='lat' dir='ltr'><strong>potum,</strong></span> <span class='ocrx_word' id='word_1_45' title='bbox 985 439 1028 466; x_wconf 92' lang='lat' dir='ltr'><strong>in-</strong></span> 
     </span>
    </p>
   </div>
   <div class='ocr_carea' id='block_1_9' title="bbox 239 478 1028 521">
    <p class='ocr_par' dir='ltr' id='par_1_9' title="bbox 239 478 1028 521">
     <span class='ocr_line' id='line_1_9' title="bbox 239 478 1028 521; baseline -0.006 -4"><span class='ocrx_word' id='word_1_46' title='bbox 239 489 329 517; x_wconf 84' lang='lat' dir='ltr'><strong>ductis</strong></span> <span class='ocrx_word' id='word_1_47' title='bbox 341 488 441 519; x_wconf 89' lang='lat' dir='ltr'><strong>nudos,</strong></span> <span class='ocrx_word' id='word_1_48' title='bbox 453 478 601 514; x_wconf 82' lang='lat' dir='ltr'><strong>visitabitis</strong></span> <span class='ocrx_word' id='word_1_49' title='bbox 607 490 780 521; x_wconf 59' lang='lat' dir='ltr'><strong>aegrotantes,</strong></span> <span class='ocrx_word' id='word_1_50' title='bbox 789 493 899 514; x_wconf 83' lang='lat' dir='ltr'><strong>carcere</strong></span> <span class='ocrx_word' id='word_1_51' title='bbox 914 484 1028 512; x_wconf 82' lang='lat' dir='ltr'><strong>inclusis</strong></span> 
     </span>
    </p>
   </div>
   <div class='ocr_carea' id='block_1_10' title="bbox 239 531 1027 568">
    <p class='ocr_par' dir='ltr' id='par_1_10' title="bbox 239 531 1027 568">
     <span class='ocr_line' id='line_1_10' title="bbox 239 531 1027 568; baseline -0.006 -5"><span class='ocrx_word' id='word_1_52' title='bbox 239 533 409 564; x_wconf 86' lang='lat' dir='ltr'><strong>succurretis</strong></span> <span class='ocrx_word' id='word_1_53' title='bbox 421 541 470 568; x_wconf 90' lang='lat' dir='ltr'><strong>pro</strong></span> <span class='ocrx_word' id='word_1_54' title='bbox 485 533 601 564; x_wconf 74' lang='lat' dir='ltr'><strong>viribus,</strong></span> <span class='ocrx_word' id='word_1_55' title='bbox 618 532 778 567; x_wconf 75' lang='lat' dir='ltr'><strong>peregrinos</strong></span> <span class='ocrx_word' id='word_1_56' title='bbox 799 531 827 558; x_wconf 90' lang='lat' dir='ltr'><strong>in</strong></span> <span class='ocrx_word' id='word_1_57' title='bbox 838 535 931 559; x_wconf 89' lang='lat' dir='ltr'><strong>vestra</strong></span> <span class='ocrx_word' id='word_1_58' title='bbox 955 535 1027 558; x_wconf 85' lang='lat' dir='ltr'><strong>tecta</strong></span> 
     </span>
    </p>
   </div>
   <div class='ocr_carea' id='block_1_11' title="bbox 239 578 1026 616">
    <p class='ocr_par' dir='ltr' id='par_1_11' title="bbox 239 578 1026 616">
     <span class='ocr_line' id='line_1_11' title="bbox 239 578 1026 616; baseline -0.001 -8"><span class='ocrx_word' id='word_1_59' title='bbox 239 580 396 616; x_wconf 81' lang='lat' dir='ltr'><strong>suscipietis</strong></span> <span class='ocrx_word' id='word_1_60' title='bbox 412 580 554 613; x_wconf 82' lang='lat' dir='ltr'><strong>lubenter,</strong></span> <span class='ocrx_word' id='word_1_61' title='bbox 578 579 715 607; x_wconf 86' lang='lat' dir='ltr'><strong>nemiuem</strong></span> <span class='ocrx_word' id='word_1_62' title='bbox 732 579 796 606; x_wconf 92' lang='lat' dir='ltr'><strong>odio</strong></span> <span class='ocrx_word' id='word_1_63' title='bbox 813 578 1026 614; x_wconf 88' lang='lat' dir='ltr'><strong>prosequemini.</strong></span> 
     </span>
    </p>
   </div>
   <div class='ocr_carea' id='block_1_12' title="bbox 239 626 1027 662">
    <p class='ocr_par' dir='ltr' id='par_1_12' title="bbox 239 626 1027 662">
     <span class='ocr_line' id='line_1_12' title="bbox 239 626 1027 662; baseline -0.004 -7"><span class='ocrx_word' id='word_1_64' title='bbox 239 627 301 661; x_wconf 80' lang='lat' dir='ltr'><strong>Quo</strong></span> <span class='ocrx_word' id='word_1_65' title='bbox 317 627 399 655; x_wconf 91' lang='lat' dir='ltr'><strong>modo</strong></span> <span class='ocrx_word' id='word_1_66' title='bbox 413 631 506 654; x_wconf 90' lang='lat' dir='ltr'><strong>autem</strong></span> <span class='ocrx_word' id='word_1_67' title='bbox 523 627 566 662; x_wconf 85' lang='lat' dir='ltr'><strong>pie</strong></span> <span class='ocrx_word' id='word_1_68' title='bbox 577 626 669 653; x_wconf 86' lang='lat' dir='ltr'><strong>vivere</strong></span> <span class='ocrx_word' id='word_1_69' title='bbox 682 629 820 661; x_wconf 82' lang='lat' dir='ltr'><strong>oporteat,</strong></span> <span class='ocrx_word' id='word_1_70' title='bbox 842 633 891 653; x_wconf 88' lang='lat' dir='ltr'><strong>vos</strong></span> <span class='ocrx_word' id='word_1_71' title='bbox 906 629 1027 653; x_wconf 89' lang='lat' dir='ltr'><strong>attentos</strong></span> 
     </span>
    </p>
   </div>
   <div class='ocr_carea' id='block_1_13' title="bbox 238 671 1028 705">
    <p class='ocr_par' dir='ltr' id='par_1_13' title="bbox 238 671 1028 705">
     <span class='ocr_line' id='line_1_13' title="bbox 238 671 1028 705; baseline -0.004 -4"><span class='ocrx_word' id='word_1_72' title='bbox 238 678 331 701; x_wconf 79' lang='lat' dir='ltr'><strong>vester</strong></span> <span class='ocrx_word' id='word_1_73' title='bbox 354 672 465 701; x_wconf 84' lang='lat' dir='ltr'><strong>docebit</strong></span> <span class='ocrx_word' id='word_1_74' title='bbox 483 672 602 700; x_wconf 90' lang='lat' dir='ltr'><strong>animus.</strong></span> <span class='ocrx_word' id='word_1_75' title='bbox 623 671 724 699; x_wconf 85' lang='lat' dir='ltr'><strong>Verum</strong></span> <span class='ocrx_word' id='word_1_76' title='bbox 746 675 810 699; x_wconf 88' lang='lat' dir='ltr'><strong>ante</strong></span> <span class='ocrx_word' id='word_1_77' title='bbox 834 671 938 705; x_wconf 81' lang='lat' dir='ltr'><strong>omnia,</strong></span> <span class='ocrx_word' id='word_1_78' title='bbox 960 671 984 699; x_wconf 87' lang='lat' dir='ltr'><strong>si</strong></span> <span class='ocrx_word' id='word_1_79' title='bbox 1000 675 1028 699; x_wconf 85' lang='lat' dir='ltr'><strong>et</strong></span> 
     </span>
    </p>
   </div>
   <div class='ocr_carea' id='block_1_14' title="bbox 238 718 1026 753">
    <p class='ocr_par' dir='ltr' id='par_1_14' title="bbox 238 718 1026 753">
     <span class='ocr_line' id='line_1_14' title="bbox 238 718 1026 753; baseline -0.003 -6"><span class='ocrx_word' id='word_1_80' title='bbox 238 721 316 748; x_wconf 82' lang='lat' dir='ltr'><strong>vobis</strong></span> <span class='ocrx_word' id='word_1_81' title='bbox 329 719 421 747; x_wconf 84' lang='lat' dir='ltr'><strong>dicere</strong></span> <span class='ocrx_word' id='word_1_82' title='bbox 433 726 544 746; x_wconf 88' lang='lat' dir='ltr'><strong>necesse</strong></span> <span class='ocrx_word' id='word_1_83' title='bbox 559 718 606 750; x_wconf 92' lang='lat' dir='ltr'><strong>sit,</strong></span> <span class='ocrx_word' id='word_1_84' title='bbox 620 718 777 753; x_wconf 89' lang='lat' dir='ltr'><strong>frequenter</strong></span> <span class='ocrx_word' id='word_1_85' title='bbox 788 718 933 746; x_wconf 83' lang='lat' dir='ltr'><strong>convenite</strong></span> <span class='ocrx_word' id='word_1_86' title='bbox 942 738 951 751; x_wconf 95' lang='lat'><strong>,</strong></span> <span class='ocrx_word' id='word_1_87' title='bbox 971 718 1026 745; x_wconf 88' lang='lat' dir='ltr'><strong>uti-</strong></span> 
     </span>
    </p>
   </div>
   <div class='ocr_carea' id='block_1_15' title="bbox 239 764 1028 802">
    <p class='ocr_par' dir='ltr' id='par_1_15' title="bbox 239 764 1028 802">
     <span class='ocr_line' id='line_1_15' title="bbox 239 764 1028 802; baseline -0.003 -9"><span class='ocrx_word' id='word_1_88' title='bbox 239 774 304 794; x_wconf 86' lang='lat' dir='ltr'><strong>nam</strong></span> <span class='ocrx_word' id='word_1_89' title='bbox 320 766 437 802; x_wconf 75' lang='lat' dir='ltr'><strong>singulis</strong></span> <span class='ocrx_word' id='word_1_90' title='bbox 453 765 539 796; x_wconf 86' lang='lat' dir='ltr'><strong>horis.</strong></span> <span class='ocrx_word' id='word_1_91' title='bbox 567 765 690 800; x_wconf 86' lang='lat' dir='ltr'><strong>alioquin</strong></span> <span class='ocrx_word' id='word_1_92' title='bbox 706 768 858 793; x_wconf 88' lang='lat' dir='ltr'><strong>conventus</strong></span> <span class='ocrx_word' id='word_1_93' title='bbox 876 764 956 792; x_wconf 83' lang='lat' dir='ltr'><strong>statis</strong></span> <span class='ocrx_word' id='word_1_94' title='bbox 969 764 1028 792; x_wconf 88' lang='lat' dir='ltr'><strong>die-</strong></span> 
     </span>
    </p>
   </div>
   <div class='ocr_carea' id='block_1_16' title="bbox 238 810 1026 846">
    <p class='ocr_par' dir='ltr' id='par_1_16' title="bbox 238 810 1026 846">
     <span class='ocr_line' id='line_1_16' title="bbox 238 810 1026 846; baseline -0.004 -5"><span class='ocrx_word' id='word_1_95' title='bbox 238 813 301 842; x_wconf 86' lang='lat' dir='ltr'><strong>bus.</strong></span> <span class='ocrx_word' id='word_1_96' title='bbox 313 812 380 840; x_wconf 81' lang='lat' dir='ltr'><strong>Nam</strong></span> <span class='ocrx_word' id='word_1_97' title='bbox 397 813 420 840; x_wconf 93' lang='lat' dir='ltr'><strong>si</strong></span> <span class='ocrx_word' id='word_1_98' title='bbox 437 813 490 840; x_wconf 90' lang='lat' dir='ltr'><strong>hoc</strong></span> <span class='ocrx_word' id='word_1_99' title='bbox 507 811 638 843; x_wconf 80' lang='lat' dir='ltr'><strong>feceritis,</strong></span> <span class='ocrx_word' id='word_1_100' title='bbox 656 811 729 838; x_wconf 91' lang='lat' dir='ltr'><strong>intra</strong></span> <span class='ocrx_word' id='word_1_101' title='bbox 740 818 835 838; x_wconf 90' lang='lat' dir='ltr'><strong>muros</strong></span> <span class='ocrx_word' id='word_1_102' title='bbox 852 810 920 838; x_wconf 84' lang='lat' dir='ltr'><strong>estis</strong></span> <span class='ocrx_word' id='word_1_103' title='bbox 936 810 1026 846; x_wconf 83' lang='lat' dir='ltr'><strong>asyli;</strong></span> 
     </span>
    </p>
   </div>
   <div class='ocr_carea' id='block_1_17' title="bbox 238 855 1026 895">
    <p class='ocr_par' dir='ltr' id='par_1_17' title="bbox 238 855 1026 895">
     <span class='ocr_line' id='line_1_17' title="bbox 238 855 1026 895; baseline -0.004 -8"><span class='ocrx_word' id='word_1_104' title='bbox 238 859 401 895; x_wconf 83' lang='lat' dir='ltr'><strong>perditionis</strong></span> <span class='ocrx_word' id='word_1_105' title='bbox 416 859 517 894; x_wconf 84' lang='lat' dir='ltr'><strong>quippe</strong></span> <span class='ocrx_word' id='word_1_106' title='bbox 532 858 640 886; x_wconf 89' lang='lat' dir='ltr'><strong>initium</strong></span> <span class='ocrx_word' id='word_1_107' title='bbox 657 863 699 886; x_wconf 87' lang='lat' dir='ltr'><strong>est</strong></span> <span class='ocrx_word' id='word_1_108' title='bbox 711 857 764 885; x_wconf 86' lang='lat' dir='ltr'><strong>ista</strong></span> <span class='ocrx_word' id='word_1_109' title='bbox 776 857 906 885; x_wconf 90' lang='lat' dir='ltr'><strong>desertio.</strong></span> <span class='ocrx_word' id='word_1_110' title='bbox 920 855 960 884; x_wconf 82' lang='lat' dir='ltr'><strong>Ne</strong></span> <span class='ocrx_word' id='word_1_111' title='bbox 973 857 1026 892; x_wconf 76' lang='lat' dir='ltr'><strong>igi-</strong></span> 
     </span>
    </p>
   </div>
   <div class='ocr_carea' id='block_1_18' title="bbox 1076 252 1872 326">
    <p class='ocr_par' dir='ltr' id='par_1_18' title="bbox 1076 252 1872 326">
     <span class='ocr_line' id='line_1_18' title="bbox 1076 252 1872 326; baseline 0.006 -47"><span class='ocrx_word' id='word_1_112' title='bbox 1076 252 1223 326; x_wconf 58' lang='grc' dir='ltr'><strong>ἑὶεραπεία⁸</strong></span> <span class='ocrx_word' id='word_1_113' title='bbox 1251 254 1268 289; x_wconf 89' lang='grc' dir='ltr'><strong>ή</strong></span> <span class='ocrx_word' id='word_1_114' title='bbox 1299 253 1355 289; x_wconf 86' lang='grc' dir='ltr'>γὰρ</span> <span class='ocrx_word' id='word_1_115' title='bbox 1372 254 1460 290; x_wconf 80' lang='grc' dir='ltr'>τροφή</span> <span class='ocrx_word' id='word_1_116' title='bbox 1490 254 1538 282; x_wconf 78' lang='grc' dir='ltr'><strong>τοῦ</strong></span> <span class='ocrx_word' id='word_1_117' title='bbox 1564 254 1689 291; x_wconf 84' lang='grc' dir='ltr'>σώματος</span> <span class='ocrx_word' id='word_1_118' title='bbox 1717 256 1872 290; x_wconf 75' lang='grc' dir='ltr'>ἀνάπαυσις</span> 
     </span>
     <span class='ocr_line' id='line_1_19' title="bbox 1092 307 1161 326; baseline 0.014 -1"><span class='ocrx_word' id='word_1_119' title='bbox 1092 307 1161 326; x_wconf 85' lang='grc' dir='ltr'>στιν.</span> 
     </span>
    </p>
   </div>
   <div class='ocr_carea' id='block_1_19' title="bbox 1092 307 1161 326">
    <p class='ocr_par' dir='ltr' id='par_1_19' title="bbox 1092 307 1161 326">
     <span class='ocr_line' id='line_1_20' title="bbox 1092 307 1161 326; baseline 0.014 -1"><span class='ocrx_word' id='word_1_120' title='bbox 1092 307 1161 326; x_wconf 86' lang='grc' dir='ltr'>στιν.</span> 
     </span>
    </p>
   </div>
   <div class='ocr_carea' id='block_1_20' title="bbox 1077 345 1870 385">
    <p class='ocr_par' dir='ltr' id='par_1_20' title="bbox 1077 345 1870 385">
     <span class='ocr_line' id='line_1_21' title="bbox 1077 345 1870 385; baseline 0.005 -12"><span class='ocrx_word' id='word_1_121' title='bbox 1077 361 1098 366; x_wconf 88' lang='grc'><strong>-</strong></span> <span class='ocrx_word' id='word_1_122' title='bbox 1115 345 1210 374; x_wconf 75' lang='lat' dir='ltr'><strong>LXIX.</strong></span> <span class='ocrx_word' id='word_1_123' title='bbox 1233 346 1323 382; x_wconf 86' lang='grc' dir='ltr'><strong>Ὀμῶς</strong></span> <span class='ocrx_word' id='word_1_124' title='bbox 1335 346 1381 373; x_wconf 79' lang='grc' dir='ltr'><strong>ὲάν</strong></span> <span class='ocrx_word' id='word_1_125' title='bbox 1390 347 1552 383; x_wconf 80' lang='grc' dir='ltr'><strong>ἀγαπήσητε</strong></span> <span class='ocrx_word' id='word_1_126' title='bbox 1564 347 1628 379; x_wconf 81' lang='grc' dir='ltr'>τοὺς</span> <span class='ocrx_word' id='word_1_127' title='bbox 1641 348 1771 383; x_wconf 83' lang='grc' dir='ltr'>ἀδελφοὺς</span> <span class='ocrx_word' id='word_1_128' title='bbox 1779 348 1870 385; x_wconf 77' lang='grc' dir='ltr'>ὑμῶν,</span> 
     </span>
    </p>
   </div>
   <div class='ocr_carea' id='block_1_21' title="bbox 1078 390 1869 430">
    <p class='ocr_par' dir='ltr' id='par_1_21' title="bbox 1078 390 1869 430">
     <span class='ocr_line' id='line_1_22' title="bbox 1078 390 1869 430; baseline 0.005 -11"><span class='ocrx_word' id='word_1_129' title='bbox 1078 392 1155 419; x_wconf 82' lang='grc' dir='ltr'>οὐδὲν</span> <span class='ocrx_word' id='word_1_130' title='bbox 1164 393 1252 420; x_wconf 85' lang='grc' dir='ltr'>αὐτῶν</span> <span class='ocrx_word' id='word_1_131' title='bbox 1264 393 1460 429; x_wconf 83' lang='grc' dir='ltr'><strong>ἀφαιρήσεσθε,</strong></span> <span class='ocrx_word' id='word_1_132' title='bbox 1470 390 1506 420; x_wconf 82' lang='grc' dir='ltr'>ὧν</span> <span class='ocrx_word' id='word_1_133' title='bbox 1519 393 1548 420; x_wconf 80' lang='grc' dir='ltr'><strong>δὲ</strong></span> <span class='ocrx_word' id='word_1_134' title='bbox 1561 394 1636 429; x_wconf 77' lang='grc' dir='ltr'>ἔχετε</span> <span class='ocrx_word' id='word_1_135' title='bbox 1651 395 1818 430; x_wconf 83' lang='grc' dir='ltr'>μεταδώσετε</span> <span class='ocrx_word' id='word_1_136' title='bbox 1833 397 1869 413; x_wconf 71' lang='grc' dir='ltr'><strong>’θ’</strong></span> 
     </span>
    </p>
   </div>
   <div class='ocr_carea' id='block_1_22' title="bbox 1079 439 1871 479">
    <p class='ocr_par' dir='ltr' id='par_1_22' title="bbox 1079 439 1871 479">
     <span class='ocr_line' id='line_1_23' title="bbox 1079 439 1871 479; baseline 0.005 -13"><span class='ocrx_word' id='word_1_137' title='bbox 1079 439 1230 471; x_wconf 76' lang='grc' dir='ltr'><strong>πεινῶντας</strong></span> <span class='ocrx_word' id='word_1_138' title='bbox 1246 439 1301 476; x_wconf 86' lang='grc' dir='ltr'>γὰρ</span> <span class='ocrx_word' id='word_1_139' title='bbox 1318 439 1442 476; x_wconf 69' lang='grc' dir='ltr'>θρέψετε,</span> <span class='ocrx_word' id='word_1_140' title='bbox 1468 440 1565 476; x_wconf 74' lang='grc' dir='ltr'>διψῶσι</span> <span class='ocrx_word' id='word_1_141' title='bbox 1589 442 1670 468; x_wconf 80' lang='grc' dir='ltr'>ποτὸν</span> <span class='ocrx_word' id='word_1_142' title='bbox 1686 443 1816 479; x_wconf 78' lang='grc' dir='ltr'>παρέξετε</span> <span class='ocrx_word' id='word_1_143' title='bbox 1834 444 1871 477; x_wconf 80' lang='grc'>³⁸,</span> 
     </span>
    </p>
   </div>
   <div class='ocr_carea' id='block_1_23' title="bbox 1078 485 1873 523">
    <p class='ocr_par' dir='ltr' id='par_1_23' title="bbox 1078 485 1873 523">
     <span class='ocr_line' id='line_1_24' title="bbox 1078 485 1873 523; baseline 0.005 -11"><span class='ocrx_word' id='word_1_144' title='bbox 1078 485 1201 521; x_wconf 79' lang='grc' dir='ltr'>γυμνοὺς</span> <span class='ocrx_word' id='word_1_145' title='bbox 1218 486 1354 519; x_wconf 80' lang='grc' dir='ltr'>ὲνδύσετε,</span> <span class='ocrx_word' id='word_1_146' title='bbox 1379 486 1525 518; x_wconf 80' lang='grc' dir='ltr'><strong>νοσοῦντας</strong></span> <span class='ocrx_word' id='word_1_147' title='bbox 1547 487 1736 523; x_wconf 78' lang='grc' dir='ltr'>ὲπισκέψεσθε,</span> <span class='ocrx_word' id='word_1_148' title='bbox 1764 491 1822 521; x_wconf 84' lang='grc' dir='ltr'>τοῖς</span> <span class='ocrx_word' id='word_1_149' title='bbox 1840 490 1873 516; x_wconf 77' lang='grc' dir='ltr'>ὲν</span> 
     </span>
    </p>
   </div>
   <div class='ocr_carea' id='block_1_24' title="bbox 1078 532 1873 569">
    <p class='ocr_par' dir='ltr' id='par_1_24' title="bbox 1078 532 1873 569">
     <span class='ocr_line' id='line_1_25' title="bbox 1078 532 1873 569; baseline 0.005 -10"><span class='ocrx_word' id='word_1_150' title='bbox 1078 533 1200 568; x_wconf 82' lang='grc' dir='ltr'><strong>εἱρκταῖς</strong></span> <span class='ocrx_word' id='word_1_151' title='bbox 1214 532 1252 564; x_wconf 84' lang='grc' dir='ltr'><strong>ὡς</strong></span> <span class='ocrx_word' id='word_1_152' title='bbox 1261 532 1373 560; x_wconf 79' lang='grc' dir='ltr'>δυνατὸν</span> <span class='ocrx_word' id='word_1_153' title='bbox 1388 533 1546 569; x_wconf 79' lang='grc' dir='ltr'><strong>βοηθήσετε,</strong></span> <span class='ocrx_word' id='word_1_154' title='bbox 1556 533 1646 566; x_wconf 81' lang='grc' dir='ltr'>ξένους</span> <span class='ocrx_word' id='word_1_155' title='bbox 1660 535 1700 566; x_wconf 80' lang='grc' dir='ltr'><strong>εὶς</strong></span> <span class='ocrx_word' id='word_1_156' title='bbox 1714 535 1750 562; x_wconf 87' lang='grc' dir='ltr'>τὰ</span> <span class='ocrx_word' id='word_1_157' title='bbox 1763 536 1873 563; x_wconf 78' lang='grc' dir='ltr'>ἑαυτῶν</span> 
     </span>
    </p>
   </div>
   <div class='ocr_carea' id='block_1_25' title="bbox 1079 578 1871 618">
    <p class='ocr_par' dir='ltr' id='par_1_25' title="bbox 1079 578 1871 618">
     <span class='ocr_line' id='line_1_26' title="bbox 1079 578 1871 618; baseline 0.008 -14"><span class='ocrx_word' id='word_1_158' title='bbox 1079 578 1250 614; x_wconf 78' lang='grc' dir='ltr'><strong>σκηνώματα</strong></span> <span class='ocrx_word' id='word_1_159' title='bbox 1265 579 1413 614; x_wconf 82' lang='grc' dir='ltr'><strong>προθύμως</strong></span> <span class='ocrx_word' id='word_1_160' title='bbox 1424 579 1597 613; x_wconf 76' lang='grc' dir='ltr'><strong>ἀποδέξεσθε,</strong></span> <span class='ocrx_word' id='word_1_161' title='bbox 1613 581 1713 616; x_wconf 80' lang='grc' dir='ltr'><strong>μηδένα</strong></span> <span class='ocrx_word' id='word_1_162' title='bbox 1727 583 1871 618; x_wconf 82' lang='grc' dir='ltr'><strong>μισήσετε.</strong></span> 
     </span>
    </p>
   </div>
   <div class='ocr_carea' id='block_1_26' title="bbox 1084 623 1873 665">
    <p class='ocr_par' dir='ltr' id='par_1_26' title="bbox 1084 623 1873 665">
     <span class='ocr_line' id='line_1_27' title="bbox 1084 623 1873 665; baseline 0.006 -14"><span class='ocrx_word' id='word_1_163' title='bbox 1084 623 1129 656; x_wconf 78' lang='grc' dir='ltr'><strong>Ὠς</strong></span> <span class='ocrx_word' id='word_1_164' title='bbox 1143 624 1171 652; x_wconf 71' lang='grc' dir='ltr'><strong>δὲ</strong></span> <span class='ocrx_word' id='word_1_165' title='bbox 1185 624 1225 652; x_wconf 82' lang='grc' dir='ltr'>δεῖ</span> <span class='ocrx_word' id='word_1_166' title='bbox 1232 625 1364 657; x_wconf 78' lang='grc' dir='ltr'>εὐσεϐεῖν,</span> <span class='ocrx_word' id='word_1_167' title='bbox 1374 626 1612 661; x_wconf 56' lang='grc' dir='ltr'>εὺῃωμονοῦντας</span> <span class='ocrx_word' id='word_1_168' title='bbox 1628 628 1723 663; x_wconf 77' lang='grc' dir='ltr'><strong>ὑμᾶςὸ</strong></span> <span class='ocrx_word' id='word_1_169' title='bbox 1738 629 1873 665; x_wconf 83' lang='grc' dir='ltr'>ὑμέτερος</span> 
     </span>
    </p>
   </div>
   <div class='ocr_carea' id='block_1_27' title="bbox 1078 670 1871 710">
    <p class='ocr_par' dir='ltr' id='par_1_27' title="bbox 1078 670 1871 710">
     <span class='ocr_line' id='line_1_28' title="bbox 1078 670 1871 710; baseline 0.005 -12"><span class='ocrx_word' id='word_1_170' title='bbox 1078 670 1179 704; x_wconf 75' lang='grc' dir='ltr'><strong>διδάξει</strong></span> <span class='ocrx_word' id='word_1_171' title='bbox 1196 671 1269 703; x_wconf 78' lang='grc' dir='ltr'>νοῦς.</span> <span class='ocrx_word' id='word_1_172' title='bbox 1284 671 1342 708; x_wconf 78' lang='grc' dir='ltr'><strong>Πρὸ</strong></span> <span class='ocrx_word' id='word_1_173' title='bbox 1357 671 1388 700; x_wconf 74' lang='grc' dir='ltr'><strong>δὲ</strong></span> <span class='ocrx_word' id='word_1_174' title='bbox 1399 673 1518 706; x_wconf 85' lang='grc' dir='ltr'>πάντων,</span> <span class='ocrx_word' id='word_1_175' title='bbox 1535 674 1560 700; x_wconf 84' lang='grc' dir='ltr'><strong>εί</strong></span> <span class='ocrx_word' id='word_1_176' title='bbox 1573 673 1620 701; x_wconf 77' lang='grc' dir='ltr'><strong>καὶ</strong></span> <span class='ocrx_word' id='word_1_177' title='bbox 1636 674 1676 701; x_wconf 83' lang='grc' dir='ltr'>δεῖ</span> <span class='ocrx_word' id='word_1_178' title='bbox 1689 674 1753 710; x_wconf 78' lang='grc' dir='ltr'>ὑμῖν</span> <span class='ocrx_word' id='word_1_179' title='bbox 1767 674 1871 710; x_wconf 82' lang='grc' dir='ltr'>λέγειν,</span> 
     </span>
    </p>
   </div>
   <div class='ocr_carea' id='block_1_28' title="bbox 1080 718 1872 758">
    <p class='ocr_par' dir='ltr' id='par_1_28' title="bbox 1080 718 1872 758">
     <span class='ocr_line' id='line_1_29' title="bbox 1080 718 1872 758; baseline 0.006 -14"><span class='ocrx_word' id='word_1_180' title='bbox 1080 718 1274 753; x_wconf 83' lang='grc' dir='ltr'><strong>συνεχέστερον</strong></span> <span class='ocrx_word' id='word_1_181' title='bbox 1291 718 1465 755; x_wconf 78' lang='grc' dir='ltr'>συνέρχεσθε,</span> <span class='ocrx_word' id='word_1_182' title='bbox 1479 719 1535 746; x_wconf 71' lang='grc' dir='ltr'>εἴθε</span> <span class='ocrx_word' id='word_1_183' title='bbox 1551 720 1574 737; x_wconf 87' lang='grc'><strong>¹¹</strong></span> <span class='ocrx_word' id='word_1_184' title='bbox 1587 719 1648 747; x_wconf 72' lang='grc' dir='ltr'>καθ’</span> <span class='ocrx_word' id='word_1_185' title='bbox 1659 721 1743 758; x_wconf 86' lang='grc' dir='ltr'>ὤραν,</span> <span class='ocrx_word' id='word_1_186' title='bbox 1761 722 1822 748; x_wconf 85' lang='grc' dir='ltr'>ὲπεί</span> <span class='ocrx_word' id='word_1_187' title='bbox 1837 731 1872 757; x_wconf 86' lang='grc' dir='ltr'><strong>γε</strong></span> 
     </span>
    </p>
   </div>
   <div class='ocr_carea' id='block_1_29' title="bbox 1078 763 1873 803">
    <p class='ocr_par' dir='ltr' id='par_1_29' title="bbox 1078 763 1873 803">
     <span class='ocr_line' id='line_1_30' title="bbox 1078 763 1873 803; baseline 0.006 -13"><span class='ocrx_word' id='word_1_188' title='bbox 1078 763 1108 790; x_wconf 80' lang='grc' dir='ltr'>ὲν</span> <span class='ocrx_word' id='word_1_189' title='bbox 1123 765 1183 796; x_wconf 86' lang='grc' dir='ltr'>ταῖς</span> <span class='ocrx_word' id='word_1_190' title='bbox 1198 765 1405 801; x_wconf 78' lang='grc' dir='ltr'>νενομισμέναις</span> <span class='ocrx_word' id='word_1_191' title='bbox 1420 766 1470 802; x_wconf 78' lang='grc' dir='ltr'>τῆς</span> <span class='ocrx_word' id='word_1_192' title='bbox 1488 766 1512 783; x_wconf 81' lang='grc'><strong><em>⁸³</em></strong></span> <span class='ocrx_word' id='word_1_193' title='bbox 1531 767 1638 794; x_wconf 81' lang='grc' dir='ltr'><strong>συνόδου</strong></span> <span class='ocrx_word' id='word_1_194' title='bbox 1655 767 1782 803; x_wconf 75' lang='grc' dir='ltr'><strong>ἡμέραις.</strong></span> <span class='ocrx_word' id='word_1_195' title='bbox 1806 768 1873 795; x_wconf 84' lang='grc' dir='ltr'><strong>Ἐὰν</strong></span> 
     </span>
    </p>
   </div>
   <div class='ocr_carea' id='block_1_30' title="bbox 1077 810 1870 849">
    <p class='ocr_par' dir='ltr' id='par_1_30' title="bbox 1077 810 1870 849">
     <span class='ocr_line' id='line_1_31' title="bbox 1077 810 1870 849; baseline 0.004 -12"><span class='ocrx_word' id='word_1_196' title='bbox 1077 810 1134 847; x_wconf 85' lang='grc' dir='ltr'>γὰρ</span> <span class='ocrx_word' id='word_1_197' title='bbox 1146 810 1226 838; x_wconf 84' lang='grc' dir='ltr'>τοῦτο</span> <span class='ocrx_word' id='word_1_198' title='bbox 1253 811 1349 847; x_wconf 84' lang='grc' dir='ltr'>ποιῆτε</span> <span class='ocrx_word' id='word_1_199' title='bbox 1377 811 1412 843; x_wconf 72' lang='grc'><strong>’⁵,</strong></span> <span class='ocrx_word' id='word_1_200' title='bbox 1429 812 1504 844; x_wconf 75' lang='grc' dir='ltr'>ἐντὸς</span> <span class='ocrx_word' id='word_1_201' title='bbox 1532 812 1630 849; x_wconf 81' lang='grc' dir='ltr'>τειχῶν</span> <span class='ocrx_word' id='word_1_202' title='bbox 1654 813 1767 845; x_wconf 84' lang='grc' dir='ltr'><strong>ἀσυλίας</strong></span> <span class='ocrx_word' id='word_1_203' title='bbox 1796 814 1870 840; x_wconf 82' lang='grc' dir='ltr'>ὲστέ·</span> 
     </span>
    </p>
   </div>
   <div class='ocr_carea' id='block_1_31' title="bbox 1078 856 1874 895">
    <p class='ocr_par' dir='ltr' id='par_1_31' title="bbox 1078 856 1874 895">
     <span class='ocr_line' id='line_1_32' title="bbox 1078 856 1874 895; baseline 0.003 -11"><span class='ocrx_word' id='word_1_204' title='bbox 1078 856 1150 894; x_wconf 82' lang='grc' dir='ltr'>ἀρχὴ</span> <span class='ocrx_word' id='word_1_205' title='bbox 1166 857 1222 894; x_wconf 86' lang='grc' dir='ltr'>γὰρ</span> <span class='ocrx_word' id='word_1_206' title='bbox 1238 857 1377 889; x_wconf 77' lang='grc' dir='ltr'><strong>ἀπωλείας</strong></span> <span class='ocrx_word' id='word_1_207' title='bbox 1393 857 1537 890; x_wconf 84' lang='grc' dir='ltr'>ἀποταξία.</span> <span class='ocrx_word' id='word_1_208' title='bbox 1558 859 1634 894; x_wconf 80' lang='grc' dir='ltr'>Μήτε</span> <span class='ocrx_word' id='word_1_209' title='bbox 1661 857 1708 886; x_wconf 86' lang='grc' dir='ltr'>οὖν</span> <span class='ocrx_word' id='word_1_210' title='bbox 1736 860 1874 895; x_wconf 73' lang='grc' dir='ltr'><strong>προφάσει</strong></span> 
     </span>
    </p>
   </div>
   <div class='ocr_carea' id='block_1_32' title="bbox 239 891 1036 940">
    <p class='ocr_par' dir='ltr' id='par_1_32' title="bbox 239 891 1026 940">
     <span class='ocr_line' id='line_1_33' title="bbox 239 891 1026 940; baseline -0.004 -7"><span class='ocrx_word' id='word_1_211' title='bbox 239 891 285 933; x_wconf 72' lang='lat' dir='ltr'><strong>iur</strong></span> <span class='ocrx_word' id='word_1_212' title='bbox 295 905 368 940; x_wconf 81' lang='lat' dir='ltr'><strong>quis,</strong></span> <span class='ocrx_word' id='word_1_213' title='bbox 385 891 517 940; x_wconf 59' lang='lat' dir='ltr'><strong>praetextu</strong></span> <span class='ocrx_word' id='word_1_214' title='bbox 531 904 603 939; x_wconf 90' lang='lat' dir='ltr'><strong>quod</strong></span> <span class='ocrx_word' id='word_1_215' title='bbox 612 903 704 931; x_wconf 88' lang='lat' dir='ltr'><strong>animo</strong></span> <span class='ocrx_word' id='word_1_216' title='bbox 720 911 786 938; x_wconf 78' lang='lat' dir='ltr'><strong>erga</strong></span> <span class='ocrx_word' id='word_1_217' title='bbox 799 902 912 930; x_wconf 80' lang='lat' dir='ltr'><strong>fratrem</strong></span> <span class='ocrx_word' id='word_1_218' title='bbox 925 891 1026 938; x_wconf 72' lang='lat' dir='ltr'><strong>pusillo</strong></span> 
     </span>
    </p>
   </div>
   <div class='ocr_carea' id='block_1_33' title="bbox 1080 891 1874 940">
    <p class='ocr_par' dir='ltr' id='par_1_33' title="bbox 1080 891 1874 940">
     <span class='ocr_line' id='line_1_34' title="bbox 1080 891 1874 940; baseline 0.001 -9"><span class='ocrx_word' id='word_1_219' title='bbox 1080 891 1265 940; x_wconf 57' lang='grc' dir='ltr'><strong>μίᾆροῴυῇιιας</strong></span> <span class='ocrx_word' id='word_1_220' title='bbox 1284 904 1333 940; x_wconf 85' lang='grc' dir='ltr'>τῆς</span> <span class='ocrx_word' id='word_1_221' title='bbox 1351 903 1374 921; x_wconf 85' lang='grc'><strong><em>³⁸</em></strong></span> <span class='ocrx_word' id='word_1_222' title='bbox 1388 903 1458 940; x_wconf 80' lang='grc' dir='ltr'>πρὸς</span> <span class='ocrx_word' id='word_1_223' title='bbox 1473 891 1803 938; x_wconf 57' lang='grc' dir='ltr'>ἀδελφὺνάπολειπέσθιο</span> <span class='ocrx_word' id='word_1_224' title='bbox 1829 914 1874 937; x_wconf 86' lang='grc' dir='ltr'><strong>τις</strong></span> 
     </span>
    </p>
   </div>
   <div class='ocr_carea' id='block_1_34' title="bbox 239 948 1027 987">
    <p class='ocr_par' dir='ltr' id='par_1_34' title="bbox 239 948 1027 987">
     <span class='ocr_line' id='line_1_35' title="bbox 239 948 1027 987; baseline -0.003 -8"><span class='ocrx_word' id='word_1_225' title='bbox 239 959 272 980; x_wconf 89' lang='lat' dir='ltr'><strong>ac</strong></span> <span class='ocrx_word' id='word_1_226' title='bbox 288 952 383 987; x_wconf 91' lang='lat' dir='ltr'><strong>iniquo</strong></span> <span class='ocrx_word' id='word_1_227' title='bbox 396 952 441 984; x_wconf 83' lang='lat' dir='ltr'><strong>sit,</strong></span> <span class='ocrx_word' id='word_1_228' title='bbox 465 951 580 979; x_wconf 85' lang='lat' dir='ltr'><strong>desistat</strong></span> <span class='ocrx_word' id='word_1_229' title='bbox 594 949 751 978; x_wconf 88' lang='lat' dir='ltr'><strong>convenire.</strong></span> <span class='ocrx_word' id='word_1_230' title='bbox 773 948 800 976; x_wconf 92' lang='lat' dir='ltr'><strong>Si</strong></span> <span class='ocrx_word' id='word_1_231' title='bbox 829 949 902 977; x_wconf 88' lang='lat' dir='ltr'><strong>enim</strong></span> <span class='ocrx_word' id='word_1_232' title='bbox 926 949 1027 984; x_wconf 81' lang='lat' dir='ltr'><strong>aliquis</strong></span> 
     </span>
    </p>
   </div>
   <div class='ocr_carea' id='block_1_35' title="bbox 239 995 1026 1033">
    <p class='ocr_par' dir='ltr' id='par_1_35' title="bbox 239 995 1026 1033">
     <span class='ocr_line' id='line_1_36' title="bbox 239 995 1026 1033; baseline -0.004 -7"><span class='ocrx_word' id='word_1_233' title='bbox 239 1002 359 1026; x_wconf 78' lang='lat' dir='ltr'><strong>vestrum</strong></span> <span class='ocrx_word' id='word_1_234' title='bbox 371 1006 387 1025; x_wconf 89' lang='lat' dir='ltr'><strong>a</strong></span> <span class='ocrx_word' id='word_1_235' title='bbox 404 997 614 1033; x_wconf 76' lang='lat' dir='ltr'><strong>congregatione</strong></span> <span class='ocrx_word' id='word_1_236' title='bbox 629 996 774 1029; x_wconf 86' lang='lat' dir='ltr'><strong>destiterit,</strong></span> <span class='ocrx_word' id='word_1_237' title='bbox 794 1003 856 1023; x_wconf 87' lang='lat' dir='ltr'><strong>cum</strong></span> <span class='ocrx_word' id='word_1_238' title='bbox 869 995 904 1024; x_wconf 84' lang='lat' dir='ltr'><strong>iis</strong></span> <span class='ocrx_word' id='word_1_239' title='bbox 915 999 1026 1031; x_wconf 84' lang='lat' dir='ltr'><strong>reputa-</strong></span> 
     </span>
    </p>
   </div>
   <div class='ocr_carea' id='block_1_36' title="bbox 238 1042 1027 1080">
    <p class='ocr_par' dir='ltr' id='par_1_36' title="bbox 238 1042 1027 1080">
     <span class='ocr_line' id='line_1_37' title="bbox 238 1042 1027 1080; baseline -0.003 -8"><span class='ocrx_word' id='word_1_240' title='bbox 238 1044 314 1072; x_wconf 81' lang='lat' dir='ltr'><strong>bitur</strong></span> <span class='ocrx_word' id='word_1_241' title='bbox 325 1045 372 1080; x_wconf 89' lang='lat' dir='ltr'><strong>qui</strong></span> <span class='ocrx_word' id='word_1_242' title='bbox 393 1044 493 1072; x_wconf 87' lang='lat' dir='ltr'><strong>Christi</strong></span> <span class='ocrx_word' id='word_1_243' title='bbox 519 1043 655 1078; x_wconf 86' lang='lat' dir='ltr'><strong>dissipant</strong></span> <span class='ocrx_word' id='word_1_244' title='bbox 680 1043 843 1076; x_wconf 80' lang='lat' dir='ltr'><strong>Ecclesiam,</strong></span> <span class='ocrx_word' id='word_1_245' title='bbox 869 1047 898 1070; x_wconf 87' lang='lat' dir='ltr'><strong>et</strong></span> <span class='ocrx_word' id='word_1_246' title='bbox 923 1047 953 1070; x_wconf 88' lang='lat' dir='ltr'><strong>ut</strong></span> <span class='ocrx_word' id='word_1_247' title='bbox 967 1042 1027 1078; x_wconf 88' lang='lat' dir='ltr'><strong>ejus</strong></span> 
     </span>
    </p>
   </div>
   <div class='ocr_carea' id='block_1_37' title="bbox 238 1089 1027 1126">
    <p class='ocr_par' dir='ltr' id='par_1_37' title="bbox 238 1089 1027 1126">
     <span class='ocr_line' id='line_1_38' title="bbox 238 1089 1027 1126; baseline -0.003 -8"><span class='ocrx_word' id='word_1_248' title='bbox 238 1091 435 1126; x_wconf 89' lang='lat' dir='ltr'><strong>discipulorum</strong></span> <span class='ocrx_word' id='word_1_249' title='bbox 448 1091 623 1118; x_wconf 89' lang='lat' dir='ltr'><strong>inimicorum</strong></span> <span class='ocrx_word' id='word_1_250' title='bbox 637 1090 765 1125; x_wconf 87' lang='lat' dir='ltr'><strong>princeps</strong></span> <span class='ocrx_word' id='word_1_251' title='bbox 790 1089 919 1125; x_wconf 85' lang='lat' dir='ltr'><strong>punietur</strong></span> <span class='ocrx_word' id='word_1_252' title='bbox 944 1093 1027 1124; x_wconf 88' lang='lat' dir='ltr'><strong>atque</strong></span> 
     </span>
    </p>
   </div>
   <div class='ocr_carea' id='block_1_38' title="bbox 238 1136 1025 1172">
    <p class='ocr_par' dir='ltr' id='par_1_38' title="bbox 238 1136 1025 1172">
     <span class='ocr_line' id='line_1_39' title="bbox 238 1136 1025 1172; baseline -0.004 -6"><span class='ocrx_word' id='word_1_253' title='bbox 238 1145 302 1166; x_wconf 83' lang='lat' dir='ltr'><strong>cum</strong></span> <span class='ocrx_word' id='word_1_254' title='bbox 328 1138 462 1166; x_wconf 87' lang='lat' dir='ltr'><strong>adulteris</strong></span> <span class='ocrx_word' id='word_1_255' title='bbox 490 1137 635 1172; x_wconf 75' lang='lat' dir='ltr'><strong>ejiciatur;</strong></span> <span class='ocrx_word' id='word_1_256' title='bbox 663 1144 727 1164; x_wconf 88' lang='lat' dir='ltr'><strong>nam</strong></span> <span class='ocrx_word' id='word_1_257' title='bbox 747 1141 879 1171; x_wconf 88' lang='lat' dir='ltr'><strong>tanquam</strong></span> <span class='ocrx_word' id='word_1_258' title='bbox 908 1136 1025 1170; x_wconf 84' lang='lat' dir='ltr'><strong>adulter,</strong></span> 
     </span>
    </p>
   </div>
   <div class='ocr_carea' id='block_1_39' title="bbox 237 1182 1026 1222">
    <p class='ocr_par' dir='ltr' id='par_1_39' title="bbox 237 1182 1026 1222">
     <span class='ocr_line' id='line_1_40' title="bbox 237 1182 1026 1222; baseline -0.006 -9"><span class='ocrx_word' id='word_1_259' title='bbox 237 1194 287 1222; x_wconf 90' lang='lat' dir='ltr'><strong>per</strong></span> <span class='ocrx_word' id='word_1_260' title='bbox 298 1185 425 1221; x_wconf 84' lang='lat' dir='ltr'><strong>spiritum</strong></span> <span class='ocrx_word' id='word_1_261' title='bbox 441 1185 468 1212; x_wconf 88' lang='lat' dir='ltr'><strong>in</strong></span> <span class='ocrx_word' id='word_1_262' title='bbox 483 1184 542 1219; x_wconf 90' lang='lat' dir='ltr'><strong>ipso</strong></span> <span class='ocrx_word' id='word_1_263' title='bbox 556 1182 746 1215; x_wconf 85' lang='lat' dir='ltr'><strong>exsistcntem,</strong></span> <span class='ocrx_word' id='word_1_264' title='bbox 758 1186 892 1217; x_wconf 59' lang='lat' dir='ltr'><strong>praetextu</strong></span> <span class='ocrx_word' id='word_1_265' title='bbox 907 1183 1026 1217; x_wconf 86' lang='lat' dir='ltr'><strong>quodam</strong></span> 
     </span>
    </p>
   </div>
   <div class='ocr_carea' id='block_1_40' title="bbox 238 1228 1027 1267">
    <p class='ocr_par' dir='ltr' id='par_1_40' title="bbox 238 1228 1027 1267">
     <span class='ocr_line' id='line_1_41' title="bbox 238 1228 1027 1267; baseline -0.008 -7"><span class='ocrx_word' id='word_1_266' title='bbox 238 1236 359 1267; x_wconf 87' lang='lat' dir='ltr'><strong>sumpto,</strong></span> <span class='ocrx_word' id='word_1_267' title='bbox 375 1231 497 1266; x_wconf 86' lang='lat' dir='ltr'><strong>seipsum</strong></span> <span class='ocrx_word' id='word_1_268' title='bbox 513 1229 662 1265; x_wconf 84' lang='lat' dir='ltr'><strong>separavit,</strong></span> <span class='ocrx_word' id='word_1_269' title='bbox 688 1233 715 1256; x_wconf 92' lang='lat' dir='ltr'><strong>et</strong></span> <span class='ocrx_word' id='word_1_270' title='bbox 730 1228 804 1256; x_wconf 89' lang='lat' dir='ltr'><strong>malo</strong></span> <span class='ocrx_word' id='word_1_271' title='bbox 822 1228 913 1255; x_wconf 90' lang='lat' dir='ltr'><strong>locum</strong></span> <span class='ocrx_word' id='word_1_272' title='bbox 929 1232 1027 1255; x_wconf 82' lang='lat' dir='ltr'><strong>comra</strong></span> 
     </span>
    </p>
   </div>
   <div class='ocr_carea' id='block_1_41' title="bbox 238 1273 1026 1310">
    <p class='ocr_par' dir='ltr' id='par_1_41' title="bbox 238 1273 1026 1310">
     <span class='ocr_line' id='line_1_42' title="bbox 238 1273 1026 1310; baseline -0.004 -5"><span class='ocrx_word' id='word_1_273' title='bbox 238 1285 269 1306; x_wconf 90' lang='lat' dir='ltr'><strong>se</strong></span> <span class='ocrx_word' id='word_1_274' title='bbox 292 1277 376 1310; x_wconf 85' lang='lat' dir='ltr'><strong>dedit,</strong></span> <span class='ocrx_word' id='word_1_275' title='bbox 403 1281 432 1303; x_wconf 87' lang='lat' dir='ltr'><strong>ut</strong></span> <span class='ocrx_word' id='word_1_276' title='bbox 447 1283 526 1303; x_wconf 85' lang='lat' dir='ltr'><strong>ovem</strong></span> <span class='ocrx_word' id='word_1_277' title='bbox 549 1279 667 1310; x_wconf 85' lang='lat' dir='ltr'><strong>raperet,</strong></span> <span class='ocrx_word' id='word_1_278' title='bbox 698 1273 828 1301; x_wconf 88' lang='lat' dir='ltr'><strong>nimirum</strong></span> <span class='ocrx_word' id='word_1_279' title='bbox 840 1277 917 1301; x_wconf 76' lang='lat' dir='ltr'><strong>extra</strong></span> <span class='ocrx_word' id='word_1_280' title='bbox 933 1274 1026 1302; x_wconf 81' lang='lat' dir='ltr'><strong>caulas</strong></span> 
     </span>
    </p>
   </div>
   <div class='ocr_carea' id='block_1_42' title="bbox 239 1323 389 1351">
    <p class='ocr_par' dir='ltr' id='par_1_42' title="bbox 239 1323 389 1351">
     <span class='ocr_line' id='line_1_43' title="bbox 239 1323 389 1351; baseline -0.013 0"><span class='ocrx_word' id='word_1_281' title='bbox 239 1323 389 1351; x_wconf 88' lang='lat' dir='ltr'><strong>inventam.</strong></span> 
     </span>
    </p>
   </div>
   <div class='ocr_carea' id='block_1_43' title="bbox 275 1366 1026 1403">
    <p class='ocr_par' dir='ltr' id='par_1_43' title="bbox 275 1366 1026 1403">
     <span class='ocr_line' id='line_1_44' title="bbox 275 1366 1026 1403; baseline -0.004 -7"><span class='ocrx_word' id='word_1_282' title='bbox 275 1368 356 1397; x_wconf 80' lang='lat' dir='ltr'><strong>LXX.</strong></span> <span class='ocrx_word' id='word_1_283' title='bbox 376 1368 463 1396; x_wconf 85' lang='lat' dir='ltr'><strong>Porro</strong></span> <span class='ocrx_word' id='word_1_284' title='bbox 477 1368 635 1403; x_wconf 88' lang='lat' dir='ltr'><strong>episcopum</strong></span> <span class='ocrx_word' id='word_1_285' title='bbox 652 1371 773 1394; x_wconf 88' lang='lat' dir='ltr'><strong>vestrum</strong></span> <span class='ocrx_word' id='word_1_286' title='bbox 786 1366 888 1401; x_wconf 90' lang='lat' dir='ltr'><strong>audite,</strong></span> <span class='ocrx_word' id='word_1_287' title='bbox 903 1373 1026 1393; x_wconf 86' lang='lat' dir='ltr'><strong>omnem-</strong></span> 
     </span>
    </p>
   </div>
   <div class='ocr_carea' id='block_1_44' title="bbox 238 1412 1026 1451">
    <p class='ocr_par' dir='ltr' id='par_1_44' title="bbox 238 1412 1026 1451">
     <span class='ocr_line' id='line_1_45' title="bbox 238 1412 1026 1451; baseline -0.003 -9"><span class='ocrx_word' id='word_1_288' title='bbox 238 1423 292 1451; x_wconf 90' lang='lat' dir='ltr'><strong>que</strong></span> <span class='ocrx_word' id='word_1_289' title='bbox 308 1415 332 1443; x_wconf 91' lang='lat' dir='ltr'><strong>ei</strong></span> <span class='ocrx_word' id='word_1_290' title='bbox 346 1416 477 1442; x_wconf 88' lang='lat' dir='ltr'><strong>honorem</strong></span> <span class='ocrx_word' id='word_1_291' title='bbox 494 1414 614 1441; x_wconf 87' lang='lat' dir='ltr'><strong>tribuere</strong></span> <span class='ocrx_word' id='word_1_292' title='bbox 626 1421 660 1441; x_wconf 90' lang='lat' dir='ltr'><strong>ne</strong></span> <span class='ocrx_word' id='word_1_293' title='bbox 684 1412 818 1441; x_wconf 77' lang='lat' dir='ltr'><strong>ceSsetis:</strong></span> <span class='ocrx_word' id='word_1_294' title='bbox 841 1413 938 1440; x_wconf 83' lang='lat' dir='ltr'><strong>scitote</strong></span> <span class='ocrx_word' id='word_1_295' title='bbox 953 1412 1026 1448; x_wconf 93' lang='lat' dir='ltr'><strong>quod</strong></span> 
     </span>
    </p>
   </div>
   <div class='ocr_carea' id='block_1_45' title="bbox 238 1457 1027 1496">
    <p class='ocr_par' dir='ltr' id='par_1_45' title="bbox 238 1457 1027 1496">
     <span class='ocr_line' id='line_1_46' title="bbox 238 1457 1027 1496; baseline -0.004 -8"><span class='ocrx_word' id='word_1_296' title='bbox 238 1469 287 1496; x_wconf 91' lang='lat' dir='ltr'><strong>per</strong></span> <span class='ocrx_word' id='word_1_297' title='bbox 302 1460 378 1488; x_wconf 91' lang='lat' dir='ltr'><strong>illum</strong></span> <span class='ocrx_word' id='word_1_298' title='bbox 391 1459 558 1487; x_wconf 81' lang='lat' dir='ltr'><strong>adducimiui</strong></span> <span class='ocrx_word' id='word_1_299' title='bbox 577 1458 610 1486; x_wconf 91' lang='lat' dir='ltr'><strong>ad</strong></span> <span class='ocrx_word' id='word_1_300' title='bbox 625 1458 765 1486; x_wconf 88' lang='lat' dir='ltr'><strong>Christum</strong></span> <span class='ocrx_word' id='word_1_301' title='bbox 776 1478 784 1492; x_wconf 88' lang='lat'><strong>,</strong></span> <span class='ocrx_word' id='word_1_302' title='bbox 797 1459 824 1485; x_wconf 82' lang='lat' dir='ltr'><strong>et</strong></span> <span class='ocrx_word' id='word_1_303' title='bbox 838 1465 854 1485; x_wconf 86' lang='lat' dir='ltr'><strong>a</strong></span> <span class='ocrx_word' id='word_1_304' title='bbox 869 1457 978 1485; x_wconf 87' lang='lat' dir='ltr'><strong>Christo</strong></span> <span class='ocrx_word' id='word_1_305' title='bbox 993 1458 1027 1485; x_wconf 86' lang='lat' dir='ltr'><strong>ad</strong></span> 
     </span>
    </p>
   </div>
   <div class='ocr_carea' id='block_1_46' title="bbox 239 1503 1027 1540">
    <p class='ocr_par' dir='ltr' id='par_1_46' title="bbox 239 1503 1027 1540">
     <span class='ocr_line' id='line_1_47' title="bbox 239 1503 1027 1540; baseline -0.005 -6"><span class='ocrx_word' id='word_1_306' title='bbox 239 1506 336 1534; x_wconf 90' lang='lat' dir='ltr'><strong>Deum.</strong></span> <span class='ocrx_word' id='word_1_307' title='bbox 352 1506 504 1533; x_wconf 79' lang='lat' dir='ltr'><strong>Adducenti</strong></span> <span class='ocrx_word' id='word_1_308' title='bbox 521 1512 585 1540; x_wconf 76' lang='lat' dir='ltr'><strong>ergo</strong></span> <span class='ocrx_word' id='word_1_309' title='bbox 603 1504 789 1539; x_wconf 86' lang='lat' dir='ltr'><strong>multipliciter</strong></span> <span class='ocrx_word' id='word_1_310' title='bbox 805 1503 956 1532; x_wconf 83' lang='lat' dir='ltr'><strong>retribuite.</strong></span> <span class='ocrx_word' id='word_1_311' title='bbox 973 1503 1027 1530; x_wconf 86' lang='lat' dir='ltr'><strong>Ho-</strong></span> 
     </span>
    </p>
   </div>
   <div class='ocr_carea' id='block_1_47' title="bbox 239 1550 1062 1596">
    <p class='ocr_par' dir='ltr' id='par_1_47' title="bbox 239 1550 1062 1596">
     <span class='ocr_line' id='line_1_48' title="bbox 239 1550 1062 1596; baseline -0.004 -16"><span class='ocrx_word' id='word_1_312' title='bbox 239 1557 335 1580; x_wconf 87' lang='lat' dir='ltr'><strong>norate</strong></span> <span class='ocrx_word' id='word_1_313' title='bbox 347 1552 450 1580; x_wconf 79' lang='lat' dir='ltr'><strong>Christi</strong></span> <span class='ocrx_word' id='word_1_314' title='bbox 472 1551 614 1579; x_wconf 88' lang='lat' dir='ltr'><strong>thronum.</strong></span> <span class='ocrx_word' id='word_1_315' title='bbox 635 1550 863 1586; x_wconf 83' lang='lat' dir='ltr'><strong>Quandoquidem</strong></span> <span class='ocrx_word' id='word_1_316' title='bbox 885 1554 912 1578; x_wconf 90' lang='lat' dir='ltr'><strong>et</strong></span> <span class='ocrx_word' id='word_1_317' title='bbox 925 1550 1026 1586; x_wconf 85' lang='lat' dir='ltr'><strong>Moysis</strong></span> <span class='ocrx_word' id='word_1_318' title='bbox 1039 1567 1062 1596; x_wconf 59' lang='grc' dir='ltr'><strong>ρ</strong></span> 
     </span>
    </p>
   </div>
   <div class='ocr_carea' id='block_1_48' title="bbox 239 1598 1027 1633">
    <p class='ocr_par' dir='ltr' id='par_1_48' title="bbox 239 1598 1027 1633">
     <span class='ocr_line' id='line_1_49' title="bbox 239 1598 1027 1633; baseline -0.004 -5"><span class='ocrx_word' id='word_1_319' title='bbox 239 1600 398 1628; x_wconf 84' lang='lat' dir='ltr'><strong>cathedram</strong></span> <span class='ocrx_word' id='word_1_320' title='bbox 411 1600 545 1626; x_wconf 91' lang='lat' dir='ltr'><strong>honorare</strong></span> <span class='ocrx_word' id='word_1_321' title='bbox 557 1598 626 1633; x_wconf 85' lang='lat' dir='ltr'><strong>jussi</strong></span> <span class='ocrx_word' id='word_1_322' title='bbox 639 1598 716 1632; x_wconf 88' lang='lat' dir='ltr'><strong>estis,</strong></span> <span class='ocrx_word' id='word_1_323' title='bbox 728 1598 854 1633; x_wconf 87' lang='lat' dir='ltr'><strong>quamvis</strong></span> <span class='ocrx_word' id='word_1_324' title='bbox 868 1598 896 1625; x_wconf 87' lang='lat' dir='ltr'><strong>in</strong></span> <span class='ocrx_word' id='word_1_325' title='bbox 910 1605 942 1625; x_wconf 88' lang='lat' dir='ltr'><strong>ea</strong></span> <span class='ocrx_word' id='word_1_326' title='bbox 956 1605 1027 1633; x_wconf 72' lang='lat' dir='ltr'><strong>pra:-</strong></span> 
     </span>
    </p>
   </div>
   <div class='ocr_carea' id='block_1_49' title="bbox 238 1643 1027 1679">
    <p class='ocr_par' dir='ltr' id='par_1_49' title="bbox 238 1643 1027 1679">
     <span class='ocr_line' id='line_1_50' title="bbox 238 1643 1027 1679; baseline -0.004 -6"><span class='ocrx_word' id='word_1_327' title='bbox 238 1645 361 1674; x_wconf 84' lang='lat' dir='ltr'><strong>sidentes</strong></span> <span class='ocrx_word' id='word_1_328' title='bbox 373 1649 531 1679; x_wconf 81' lang='lat' dir='ltr'><strong>peccatores</strong></span> <span class='ocrx_word' id='word_1_329' title='bbox 547 1643 710 1671; x_wconf 86' lang='lat' dir='ltr'><strong>habeantur.</strong></span> <span class='ocrx_word' id='word_1_330' title='bbox 734 1643 822 1678; x_wconf 87' lang='lat' dir='ltr'><strong>Atque</strong></span> <span class='ocrx_word' id='word_1_331' title='bbox 845 1643 903 1671; x_wconf 64' lang='lat' dir='ltr'><strong>haec</strong></span> <span class='ocrx_word' id='word_1_332' title='bbox 917 1644 1027 1678; x_wconf 88' lang='lat' dir='ltr'><strong>quidem</strong></span> 
     </span>
    </p>
   </div>
   <div class='ocr_carea' id='block_1_50' title="bbox 238 1689 1027 1724">
    <p class='ocr_par' dir='ltr' id='par_1_50' title="bbox 238 1689 1027 1724">
     <span class='ocr_line' id='line_1_51' title="bbox 238 1689 1027 1724; baseline -0.001 -6"><span class='ocrx_word' id='word_1_333' title='bbox 238 1691 318 1718; x_wconf 86' lang='lat' dir='ltr'><strong>vobis</strong></span> <span class='ocrx_word' id='word_1_334' title='bbox 340 1690 504 1718; x_wconf 79' lang='lat' dir='ltr'><strong>sufficienter</strong></span> <span class='ocrx_word' id='word_1_335' title='bbox 528 1689 583 1717; x_wconf 90' lang='lat' dir='ltr'><strong>sint</strong></span> <span class='ocrx_word' id='word_1_336' title='bbox 604 1689 687 1717; x_wconf 87' lang='lat' dir='ltr'><strong>dicta.</strong></span> <span class='ocrx_word' id='word_1_337' title='bbox 711 1689 841 1718; x_wconf 66' lang='lat' dir='ltr'><strong>Zaecharo</strong></span> <span class='ocrx_word' id='word_1_338' title='bbox 862 1694 951 1716; x_wconf 89' lang='lat' dir='ltr'><strong>autem</strong></span> <span class='ocrx_word' id='word_1_339' title='bbox 973 1697 1027 1724; x_wconf 88' lang='lat' dir='ltr'><strong>qua</strong></span> 
     </span>
    </p>
   </div>
   <div class='ocr_carea' id='block_1_51' title="bbox 238 1735 1027 1771">
    <p class='ocr_par' dir='ltr' id='par_1_51' title="bbox 238 1735 1027 1771">
     <span class='ocr_line' id='line_1_52' title="bbox 238 1735 1027 1771; baseline -0.001 -8"><span class='ocrx_word' id='word_1_340' title='bbox 238 1737 346 1764; x_wconf 88' lang='lat' dir='ltr'><strong>ratione</strong></span> <span class='ocrx_word' id='word_1_341' title='bbox 357 1736 493 1771; x_wconf 74' lang='lat' dir='ltr'><strong>inculpale</strong></span> <span class='ocrx_word' id='word_1_342' title='bbox 501 1735 585 1769; x_wconf 81' lang='lat' dir='ltr'><strong>vivat,</strong></span> <span class='ocrx_word' id='word_1_343' title='bbox 594 1735 760 1770; x_wconf 85' lang='lat' dir='ltr'><strong>superﬂuum</strong></span> <span class='ocrx_word' id='word_1_344' title='bbox 773 1740 838 1771; x_wconf 91' lang='lat' dir='ltr'><strong>puto</strong></span> <span class='ocrx_word' id='word_1_345' title='bbox 849 1735 954 1769; x_wconf 89' lang='lat' dir='ltr'><strong>dicere;</strong></span> <span class='ocrx_word' id='word_1_346' title='bbox 964 1743 1027 1764; x_wconf 90' lang='lat' dir='ltr'><strong>cum</strong></span> 
     </span>
    </p>
   </div>
   <div class='ocr_carea' id='block_1_52' title="bbox 239 1781 980 1818">
    <p class='ocr_par' dir='ltr' id='par_1_52' title="bbox 239 1781 980 1818">
     <span class='ocr_line' id='line_1_53' title="bbox 239 1781 980 1818; baseline -0.003 -7"><span class='ocrx_word' id='word_1_347' title='bbox 239 1783 321 1812; x_wconf 88' lang='lat' dir='ltr'><strong>etiam</strong></span> <span class='ocrx_word' id='word_1_348' title='bbox 334 1782 408 1810; x_wconf 92' lang='lat' dir='ltr'><strong>illius</strong></span> <span class='ocrx_word' id='word_1_349' title='bbox 422 1781 469 1818; x_wconf 88' lang='lat' dir='ltr'><strong>qui</strong></span> <span class='ocrx_word' id='word_1_350' title='bbox 485 1789 529 1810; x_wconf 90' lang='lat' dir='ltr'><strong>me</strong></span> <span class='ocrx_word' id='word_1_351' title='bbox 541 1781 636 1809; x_wconf 90' lang='lat' dir='ltr'><strong>docuit</strong></span> <span class='ocrx_word' id='word_1_352' title='bbox 648 1782 752 1817; x_wconf 90' lang='lat' dir='ltr'><strong>probus</strong></span> <span class='ocrx_word' id='word_1_353' title='bbox 766 1781 802 1809; x_wconf 85' lang='lat' dir='ltr'><strong>sit</strong></span> <span class='ocrx_word' id='word_1_354' title='bbox 820 1781 980 1817; x_wconf 87' lang='lat' dir='ltr'><strong>discipulus.</strong></span> 
     </span>
    </p>
   </div>
   <div class='ocr_carea' id='block_1_53' title="bbox 275 1881 1029 1916">
    <p class='ocr_par' dir='ltr' id='par_1_53' title="bbox 275 1881 1029 1916">
     <span class='ocr_line' id='line_1_54' title="bbox 275 1881 1029 1916; baseline 0 -6"><span class='ocrx_word' id='word_1_355' title='bbox 275 1881 370 1910; x_wconf 78' lang='lat' dir='ltr'><strong>LXXI.</strong></span> <span class='ocrx_word' id='word_1_356' title='bbox 402 1881 524 1916; x_wconf 84' lang='lat' dir='ltr'><strong>Verum,</strong></span> <span class='ocrx_word' id='word_1_357' title='bbox 550 1881 670 1915; x_wconf 78' lang='lat' dir='ltr'><strong>fratres,</strong></span> <span class='ocrx_word' id='word_1_358' title='bbox 698 1881 830 1909; x_wconf 89' lang='lat' dir='ltr'><strong>nonnulla</strong></span> <span class='ocrx_word' id='word_1_359' title='bbox 851 1886 882 1909; x_wconf 92' lang='lat' dir='ltr'><strong>ut</strong></span> <span class='ocrx_word' id='word_1_360' title='bbox 910 1882 1029 1910; x_wconf 86' lang='lat' dir='ltr'><strong>audiatis</strong></span> 
     </span>
    </p>
   </div>
   <div class='ocr_carea' id='block_1_54' title="bbox 239 1928 1028 1964">
    <p class='ocr_par' dir='ltr' id='par_1_54' title="bbox 239 1928 1028 1964">
     <span class='ocr_line' id='line_1_55' title="bbox 239 1928 1028 1964; baseline 0 -8"><span class='ocrx_word' id='word_1_361' title='bbox 239 1934 398 1964; x_wconf 81' lang='lat' dir='ltr'><strong>exspectare</strong></span> <span class='ocrx_word' id='word_1_362' title='bbox 418 1937 473 1956; x_wconf 92' lang='lat' dir='ltr'><strong>non</strong></span> <span class='ocrx_word' id='word_1_363' title='bbox 498 1933 616 1964; x_wconf 89' lang='lat' dir='ltr'><strong>oportet,</strong></span> <span class='ocrx_word' id='word_1_364' title='bbox 631 1928 678 1956; x_wconf 83' lang='lat' dir='ltr'><strong>sed</strong></span> <span class='ocrx_word' id='word_1_365' title='bbox 703 1936 737 1956; x_wconf 80' lang='lat' dir='ltr'><strong>ex</strong></span> <span class='ocrx_word' id='word_1_366' title='bbox 760 1928 838 1956; x_wconf 85' lang='lat' dir='ltr'><strong>vobis</strong></span> <span class='ocrx_word' id='word_1_367' title='bbox 866 1929 933 1964; x_wconf 83' lang='lat' dir='ltr'><strong>ipsis</strong></span> <span class='ocrx_word' id='word_1_368' title='bbox 955 1929 1028 1964; x_wconf 92' lang='lat' dir='ltr'><strong>quod</strong></span> 
     </span>
    </p>
   </div>
   <div class='ocr_carea' id='block_1_55' title="bbox 239 1974 1028 2010">
    <p class='ocr_par' dir='ltr' id='par_1_55' title="bbox 239 1974 1028 2010">
     <span class='ocr_line' id='line_1_56' title="bbox 239 1974 1028 2010; baseline 0.001 -8"><span class='ocrx_word' id='word_1_369' title='bbox 239 1982 348 2010; x_wconf 67' lang='lat' dir='ltr'><strong>aequum</strong></span> <span class='ocrx_word' id='word_1_370' title='bbox 363 1979 405 2002; x_wconf 81' lang='lat' dir='ltr'><strong>est</strong></span> <span class='ocrx_word' id='word_1_371' title='bbox 428 1975 588 2010; x_wconf 80' lang='lat' dir='ltr'><strong>intelligere.</strong></span> <span class='ocrx_word' id='word_1_372' title='bbox 609 1974 756 2003; x_wconf 76' lang='lat' dir='ltr'><strong>Zacchaeus</strong></span> <span class='ocrx_word' id='word_1_373' title='bbox 780 1975 875 2009; x_wconf 83' lang='lat' dir='ltr'><strong>solus,</strong></span> <span class='ocrx_word' id='word_1_374' title='bbox 897 1983 927 2002; x_wconf 88' lang='lat' dir='ltr'><strong>se</strong></span> <span class='ocrx_word' id='word_1_375' title='bbox 941 1980 1028 2003; x_wconf 87' lang='lat' dir='ltr'><strong>totum</strong></span> 
     </span>
    </p>
   </div>
   <div class='ocr_carea' id='block_1_56' title="bbox 240 2020 1030 2057">
    <p class='ocr_par' dir='ltr' id='par_1_56' title="bbox 240 2020 1030 2057">
     <span class='ocr_line' id='line_1_57' title="bbox 240 2020 1030 2057; baseline -0.001 -9"><span class='ocrx_word' id='word_1_376' title='bbox 240 2029 297 2057; x_wconf 92' lang='lat' dir='ltr'><strong>quo</strong></span> <span class='ocrx_word' id='word_1_377' title='bbox 311 2020 390 2048; x_wconf 87' lang='lat' dir='ltr'><strong>vobis</strong></span> <span class='ocrx_word' id='word_1_378' title='bbox 409 2025 486 2048; x_wconf 88' lang='lat' dir='ltr'><strong>vacet</strong></span> <span class='ocrx_word' id='word_1_379' title='bbox 499 2021 627 2053; x_wconf 84' lang='lat' dir='ltr'><strong>tradens,</strong></span> <span class='ocrx_word' id='word_1_380' title='bbox 643 2028 705 2048; x_wconf 92' lang='lat' dir='ltr'><strong>cum</strong></span> <span class='ocrx_word' id='word_1_381' title='bbox 729 2025 851 2048; x_wconf 89' lang='lat' dir='ltr'><strong>ventrem</strong></span> <span class='ocrx_word' id='word_1_382' title='bbox 867 2020 976 2053; x_wconf 83' lang='lat' dir='ltr'><strong>habeat.</strong></span> <span class='ocrx_word' id='word_1_383' title='bbox 991 2021 1030 2048; x_wconf 83' lang='lat' dir='ltr'><strong>si-</strong></span> 
     </span>
    </p>
   </div>
   <div class='ocr_carea' id='block_1_57' title="bbox 240 2066 1029 2102">
    <p class='ocr_par' dir='ltr' id='par_1_57' title="bbox 240 2066 1029 2102">
     <span class='ocr_line' id='line_1_58' title="bbox 240 2066 1029 2102; baseline -0.004 -7"><span class='ocrx_word' id='word_1_384' title='bbox 240 2067 324 2102; x_wconf 83' lang='lat' dir='ltr'><strong>bique</strong></span> <span class='ocrx_word' id='word_1_385' title='bbox 338 2074 392 2094; x_wconf 87' lang='lat' dir='ltr'><strong>non</strong></span> <span class='ocrx_word' id='word_1_386' title='bbox 408 2066 566 2102; x_wconf 82' lang='lat' dir='ltr'><strong>provideat,</strong></span> <span class='ocrx_word' id='word_1_387' title='bbox 582 2073 638 2101; x_wconf 92' lang='lat' dir='ltr'><strong>quo</strong></span> <span class='ocrx_word' id='word_1_388' title='bbox 659 2069 741 2094; x_wconf 84' lang='lat' dir='ltr'><strong>modo</strong></span> <span class='ocrx_word' id='word_1_389' title='bbox 756 2070 846 2101; x_wconf 82' lang='lat' dir='ltr'><strong>potest</strong></span> <span class='ocrx_word' id='word_1_390' title='bbox 867 2066 959 2093; x_wconf 91' lang='lat' dir='ltr'><strong>cibum</strong></span> <span class='ocrx_word' id='word_1_391' title='bbox 980 2074 1029 2093; x_wconf 82' lang='lat' dir='ltr'><strong>ne-</strong></span> 
     </span>
    </p>
   </div>
   <div class='ocr_carea' id='block_1_58' title="bbox 241 2113 1031 2148">
    <p class='ocr_par' dir='ltr' id='par_1_58' title="bbox 241 2113 1031 2148">
     <span class='ocr_line' id='line_1_59' title="bbox 241 2113 1031 2148; baseline -0.003 -6"><span class='ocrx_word' id='word_1_392' title='bbox 241 2115 392 2142; x_wconf 86' lang='lat' dir='ltr'><strong>cessarium</strong></span> <span class='ocrx_word' id='word_1_393' title='bbox 407 2113 586 2148; x_wconf 77' lang='lat' dir='ltr'><strong>comparare?</strong></span> <span class='ocrx_word' id='word_1_394' title='bbox 605 2113 701 2141; x_wconf 86' lang='lat' dir='ltr'><strong>Nonne</strong></span> <span class='ocrx_word' id='word_1_395' title='bbox 714 2121 779 2140; x_wconf 89' lang='lat' dir='ltr'><strong>vero</strong></span> <span class='ocrx_word' id='word_1_396' title='bbox 801 2113 908 2148; x_wconf 82' lang='lat' dir='ltr'><strong>justum</strong></span> <span class='ocrx_word' id='word_1_397' title='bbox 925 2116 984 2144; x_wconf 83' lang='lat' dir='ltr'><strong>est.</strong></span> <span class='ocrx_word' id='word_1_398' title='bbox 1000 2117 1031 2140; x_wconf 83' lang='lat' dir='ltr'><strong>ut</strong></span> 
     </span>
    </p>
   </div>
   <div class='ocr_carea' id='block_1_59' title="bbox 241 2158 1032 2194">
    <p class='ocr_par' dir='ltr' id='par_1_59' title="bbox 241 2158 1032 2194">
     <span class='ocr_line' id='line_1_60' title="bbox 241 2158 1032 2194; baseline -0.005 -6"><span class='ocrx_word' id='word_1_399' title='bbox 241 2167 339 2188; x_wconf 88' lang='lat' dir='ltr'><strong>omnes</strong></span> <span class='ocrx_word' id='word_1_400' title='bbox 354 2168 403 2188; x_wconf 89' lang='lat' dir='ltr'><strong>vos</strong></span> <span class='ocrx_word' id='word_1_401' title='bbox 417 2161 506 2188; x_wconf 87' lang='lat' dir='ltr'><strong>victus</strong></span> <span class='ocrx_word' id='word_1_402' title='bbox 529 2159 589 2194; x_wconf 77' lang='lat' dir='ltr'><strong>ejus</strong></span> <span class='ocrx_word' id='word_1_403' title='bbox 612 2166 706 2186; x_wconf 81' lang='lat' dir='ltr'><strong>curam</strong></span> <span class='ocrx_word' id='word_1_404' title='bbox 731 2158 850 2193; x_wconf 75' lang='lat' dir='ltr'><strong>geratis,</strong></span> <span class='ocrx_word' id='word_1_405' title='bbox 873 2165 961 2192; x_wconf 86' lang='lat' dir='ltr'><strong>neque</strong></span> <span class='ocrx_word' id='word_1_406' title='bbox 982 2166 1032 2185; x_wconf 79' lang='lat' dir='ltr'><strong>ex-</strong></span> 
     </span>
    </p>
   </div>
   <div class='ocr_carea' id='block_1_60' title="bbox 1076 950 1873 988">
    <p class='ocr_par' dir='ltr' id='par_1_60' title="bbox 1076 950 1873 988">
     <span class='ocr_line' id='line_1_61' title="bbox 1076 950 1873 988; baseline 0.001 -11"><span class='ocrx_word' id='word_1_407' title='bbox 1076 950 1124 978; x_wconf 78' lang='grc' dir='ltr'>τοῦ</span> <span class='ocrx_word' id='word_1_408' title='bbox 1153 950 1332 987; x_wconf 77' lang='grc' dir='ltr'>συνεδρεύειν,</span> <span class='ocrx_word' id='word_1_409' title='bbox 1360 950 1424 977; x_wconf 83' lang='grc' dir='ltr'><strong>Ἐὰν</strong></span> <span class='ocrx_word' id='word_1_410' title='bbox 1439 951 1496 988; x_wconf 81' lang='grc' dir='ltr'><strong>γάρ</strong></span> <span class='ocrx_word' id='word_1_411' title='bbox 1511 959 1553 982; x_wconf 90' lang='grc' dir='ltr'><strong>τις</strong></span> <span class='ocrx_word' id='word_1_412' title='bbox 1580 950 1656 986; x_wconf 85' lang='grc' dir='ltr'>ὑμῶν</span> <span class='ocrx_word' id='word_1_413' title='bbox 1671 951 1697 968; x_wconf 80' lang='grc'><strong>¹⁶</strong></span> <span class='ocrx_word' id='word_1_414' title='bbox 1718 951 1873 987; x_wconf 82' lang='grc' dir='ltr'>ἀπολειφθῇ</span> 
     </span>
    </p>
   </div>
   <div class='ocr_carea' id='block_1_61' title="bbox 1076 997 1874 1034">
    <p class='ocr_par' dir='ltr' id='par_1_61' title="bbox 1076 997 1874 1034">
     <span class='ocr_line' id='line_1_62' title="bbox 1076 997 1874 1034; baseline 0.001 -10"><span class='ocrx_word' id='word_1_415' title='bbox 1076 997 1124 1025; x_wconf 77' lang='grc' dir='ltr'>τοῦ</span> <span class='ocrx_word' id='word_1_416' title='bbox 1139 997 1379 1033; x_wconf 73' lang='grc' dir='ltr'>ωνάγεσθαι,τῶν</span> <span class='ocrx_word' id='word_1_417' title='bbox 1391 997 1592 1034; x_wconf 65' lang='grc' dir='ltr'>πορπιζόντων</span> <span class='ocrx_word' id='word_1_418' title='bbox 1607 998 1657 1034; x_wconf 82' lang='grc' dir='ltr'>τὴν</span> <span class='ocrx_word' id='word_1_419' title='bbox 1672 998 1790 1034; x_wconf 81' lang='grc' dir='ltr'>Χριστοῦ</span> <span class='ocrx_word' id='word_1_420' title='bbox 1808 999 1874 1025; x_wconf 84' lang='grc' dir='ltr'><strong>Ἐκ-</strong></span> 
     </span>
    </p>
   </div>
   <div class='ocr_carea' id='block_1_62' title="bbox 1077 1043 1860 1081">
    <p class='ocr_par' dir='ltr' id='par_1_62' title="bbox 1077 1043 1860 1081">
     <span class='ocr_line' id='line_1_63' title="bbox 1077 1043 1860 1081; baseline 0 -10"><span class='ocrx_word' id='word_1_421' title='bbox 1077 1043 1193 1081; x_wconf 80' lang='grc' dir='ltr'>κλησιαν</span> <span class='ocrx_word' id='word_1_422' title='bbox 1208 1043 1410 1080; x_wconf 83' lang='grc' dir='ltr'>λογισθήσεται,</span> <span class='ocrx_word' id='word_1_423' title='bbox 1421 1045 1467 1071; x_wconf 77' lang='grc' dir='ltr'><strong>καὶ</strong></span> <span class='ocrx_word' id='word_1_424' title='bbox 1475 1044 1513 1076; x_wconf 85' lang='grc' dir='ltr'><strong>ὠς</strong></span> <span class='ocrx_word' id='word_1_425' title='bbox 1526 1043 1582 1071; x_wconf 86' lang='grc' dir='ltr'><strong>τῶν</strong></span> <span class='ocrx_word' id='word_1_426' title='bbox 1591 1044 1663 1071; x_wconf 78' lang='grc' dir='ltr'>κατὰ</span> <span class='ocrx_word' id='word_1_427' title='bbox 1677 1044 1732 1072; x_wconf 82' lang='grc' dir='ltr'><strong>τῶν</strong></span> <span class='ocrx_word' id='word_1_428' title='bbox 1745 1045 1792 1071; x_wconf 84' lang='grc' dir='ltr'>τοῦ</span> <span class='ocrx_word' id='word_1_429' title='bbox 1804 1045 1860 1080; x_wconf 87' lang='grc' dir='ltr'><strong>Χρι</strong></span> 
     </span>
    </p>
   </div>
   <div class='ocr_carea' id='block_1_63' title="bbox 1078 1090 1873 1127">
    <p class='ocr_par' dir='ltr' id='par_1_63' title="bbox 1078 1090 1873 1127">
     <span class='ocr_line' id='line_1_64' title="bbox 1078 1090 1873 1127; baseline 0.001 -10"><span class='ocrx_word' id='word_1_430' title='bbox 1078 1090 1141 1118; x_wconf 84' lang='grc' dir='ltr'>στοῦ</span> <span class='ocrx_word' id='word_1_431' title='bbox 1159 1090 1288 1127; x_wconf 76' lang='grc' dir='ltr'><strong>μαθητῶν</strong></span> <span class='ocrx_word' id='word_1_432' title='bbox 1318 1090 1443 1126; x_wconf 77' lang='grc' dir='ltr'><strong>ὑπάρξας</strong></span> <span class='ocrx_word' id='word_1_433' title='bbox 1472 1090 1668 1127; x_wconf 81' lang='grc' dir='ltr'>κολασθήσεται</span> <span class='ocrx_word' id='word_1_434' title='bbox 1691 1091 1738 1118; x_wconf 76' lang='grc' dir='ltr'><strong>καὶ</strong></span> <span class='ocrx_word' id='word_1_435' title='bbox 1754 1091 1776 1107; x_wconf 89' lang='lat'><strong>&quot;</strong></span> <span class='ocrx_word' id='word_1_436' title='bbox 1802 1091 1873 1126; x_wconf 81' lang='grc' dir='ltr'><strong>μετά</strong></span> 
     </span>
    </p>
   </div>
   <div class='ocr_carea' id='block_1_64' title="bbox 1079 1137 1874 1173">
    <p class='ocr_par' dir='ltr' id='par_1_64' title="bbox 1079 1137 1874 1173">
     <span class='ocr_line' id='line_1_65' title="bbox 1079 1137 1874 1173; baseline 0.001 -10"><span class='ocrx_word' id='word_1_437' title='bbox 1079 1137 1182 1173; x_wconf 86' lang='grc' dir='ltr'>μοιχῶν</span> <span class='ocrx_word' id='word_1_438' title='bbox 1194 1137 1414 1173; x_wconf 82' lang='grc' dir='ltr'>ἀποδληθήσεται</span> <span class='ocrx_word' id='word_1_439' title='bbox 1428 1137 1461 1154; x_wconf 82' lang='grc'><strong>⁸⁸·</strong></span> <span class='ocrx_word' id='word_1_440' title='bbox 1474 1137 1513 1169; x_wconf 83' lang='grc' dir='ltr'>ὡς</span> <span class='ocrx_word' id='word_1_441' title='bbox 1529 1137 1584 1173; x_wconf 86' lang='grc' dir='ltr'>γὰρ</span> <span class='ocrx_word' id='word_1_442' title='bbox 1603 1137 1696 1173; x_wconf 68' lang='grc' dir='ltr'>μοιχὸς</span> <span class='ocrx_word' id='word_1_443' title='bbox 1709 1137 1763 1164; x_wconf 83' lang='grc' dir='ltr'>ὐπδ</span> <span class='ocrx_word' id='word_1_444' title='bbox 1784 1137 1831 1164; x_wconf 80' lang='grc' dir='ltr'><strong>τοῦ</strong></span> <span class='ocrx_word' id='word_1_445' title='bbox 1844 1139 1874 1164; x_wconf 76' lang='grc' dir='ltr'><strong>έν</strong></span> 
     </span>
    </p>
   </div>
   <div class='ocr_carea' id='block_1_65' title="bbox 1077 1183 1874 1219">
    <p class='ocr_par' dir='ltr' id='par_1_65' title="bbox 1077 1183 1874 1219">
     <span class='ocr_line' id='line_1_66' title="bbox 1077 1183 1874 1219; baseline 0 -9"><span class='ocrx_word' id='word_1_446' title='bbox 1077 1183 1151 1219; x_wconf 84' lang='grc' dir='ltr'><strong>αὺτῷ</strong></span> <span class='ocrx_word' id='word_1_447' title='bbox 1166 1183 1321 1219; x_wconf 83' lang='grc' dir='ltr'>πνεύματος</span> <span class='ocrx_word' id='word_1_448' title='bbox 1340 1183 1475 1219; x_wconf 82' lang='grc' dir='ltr'>προφάσει</span> <span class='ocrx_word' id='word_1_449' title='bbox 1489 1184 1566 1219; x_wconf 76' lang='lat'><strong>117</strong></span> <span class='ocrx_word' id='word_1_450' title='bbox 1578 1183 1649 1216; x_wconf 83' lang='grc' dir='ltr'>τινὸς</span> <span class='ocrx_word' id='word_1_451' title='bbox 1664 1184 1760 1210; x_wconf 80' lang='grc' dir='ltr'>ἑαυτὸν</span> <span class='ocrx_word' id='word_1_452' title='bbox 1767 1183 1874 1219; x_wconf 81' lang='grc' dir='ltr'>ἀφώρι-</span> 
     </span>
    </p>
   </div>
   <div class='ocr_carea' id='block_1_66' title="bbox 1079 1230 1874 1266">
    <p class='ocr_par' dir='ltr' id='par_1_66' title="bbox 1079 1230 1874 1266">
     <span class='ocr_line' id='line_1_67' title="bbox 1079 1230 1874 1266; baseline 0 -10"><span class='ocrx_word' id='word_1_453' title='bbox 1079 1238 1134 1263; x_wconf 83' lang='grc' dir='ltr'>σεν,</span> <span class='ocrx_word' id='word_1_454' title='bbox 1156 1231 1203 1257; x_wconf 82' lang='grc' dir='ltr'>καὶ</span> <span class='ocrx_word' id='word_1_455' title='bbox 1219 1230 1258 1265; x_wconf 84' lang='grc' dir='ltr'>τῷ</span> <span class='ocrx_word' id='word_1_456' title='bbox 1277 1230 1389 1266; x_wconf 78' lang='grc' dir='ltr'>πονηρῷ</span> <span class='ocrx_word' id='word_1_457' title='bbox 1405 1231 1466 1257; x_wconf 80' lang='grc' dir='ltr'>κατ’</span> <span class='ocrx_word' id='word_1_458' title='bbox 1476 1230 1558 1256; x_wconf 80' lang='grc' dir='ltr'>αὑτοῦ</span> <span class='ocrx_word' id='word_1_459' title='bbox 1575 1230 1666 1266; x_wconf 86' lang='grc' dir='ltr'>χώραν</span> <span class='ocrx_word' id='word_1_460' title='bbox 1693 1230 1776 1257; x_wconf 75' lang='grc' dir='ltr'>ἔδωκε</span> <span class='ocrx_word' id='word_1_461' title='bbox 1804 1230 1874 1266; x_wconf 86' lang='grc' dir='ltr'><strong>πρὸ-</strong></span> 
     </span>
    </p>
   </div>
   <div class='ocr_carea' id='block_1_67' title="bbox 1077 1275 1735 1313">
    <p class='ocr_par' dir='ltr' id='par_1_67' title="bbox 1077 1275 1735 1313">
     <span class='ocr_line' id='line_1_68' title="bbox 1077 1275 1735 1313; baseline 0.002 -11"><span class='ocrx_word' id='word_1_462' title='bbox 1077 1275 1157 1303; x_wconf 77' lang='grc' dir='ltr'>ϐατον</span> <span class='ocrx_word' id='word_1_463' title='bbox 1173 1276 1295 1313; x_wconf 75' lang='grc' dir='ltr'>ἁρπάσαι</span> <span class='ocrx_word' id='word_1_464' title='bbox 1309 1276 1343 1308; x_wconf 76' lang='grc'><strong>’⁸,</strong></span> <span class='ocrx_word' id='word_1_465' title='bbox 1360 1276 1398 1308; x_wconf 79' lang='grc' dir='ltr'><strong>ὡς</strong></span> <span class='ocrx_word' id='word_1_466' title='bbox 1411 1276 1536 1312; x_wconf 69' lang='grc' dir='ltr'>μανδρῶν</span> <span class='ocrx_word' id='word_1_467' title='bbox 1550 1276 1603 1310; x_wconf 71' lang='grc' dir='ltr'><strong>ἔξω</strong></span> <span class='ocrx_word' id='word_1_468' title='bbox 1614 1276 1735 1313; x_wconf 79' lang='grc' dir='ltr'>εὑρεθέν.</span> 
     </span>
    </p>
   </div>
   <div class='ocr_carea' id='block_1_68' title="bbox 1112 1364 1871 1402">
    <p class='ocr_par' dir='ltr' id='par_1_68' title="bbox 1112 1364 1871 1402">
     <span class='ocr_line' id='line_1_69' title="bbox 1112 1364 1871 1402; baseline 0 -9"><span class='ocrx_word' id='word_1_469' title='bbox 1112 1364 1194 1394; x_wconf 88' lang='lat' dir='ltr'><strong>LXX.</strong></span> <span class='ocrx_word' id='word_1_470' title='bbox 1214 1365 1288 1402; x_wconf 84' lang='grc' dir='ltr'>Πλὴν</span> <span class='ocrx_word' id='word_1_471' title='bbox 1300 1365 1349 1394; x_wconf 79' lang='grc' dir='ltr'>τοῦ</span> <span class='ocrx_word' id='word_1_472' title='bbox 1362 1366 1513 1394; x_wconf 69' lang='grc' dir='ltr'>ἐπισκόπου</span> <span class='ocrx_word' id='word_1_473' title='bbox 1528 1366 1605 1402; x_wconf 79' lang='grc' dir='ltr'>ὑμῶν</span> <span class='ocrx_word' id='word_1_474' title='bbox 1624 1365 1747 1399; x_wconf 81' lang='grc' dir='ltr'>ἀκούετε,</span> <span class='ocrx_word' id='word_1_475' title='bbox 1764 1366 1812 1393; x_wconf 79' lang='grc' dir='ltr'><strong>καὶ</strong></span> <span class='ocrx_word' id='word_1_476' title='bbox 1826 1375 1871 1393; x_wconf 82' lang='grc' dir='ltr'>τι-</span> 
     </span>
    </p>
   </div>
   <div class='ocr_carea' id='block_1_69' title="bbox 1078 1411 1872 1448">
    <p class='ocr_par' dir='ltr' id='par_1_69' title="bbox 1078 1411 1872 1448">
     <span class='ocr_line' id='line_1_70' title="bbox 1078 1411 1872 1448; baseline 0.003 -11"><span class='ocrx_word' id='word_1_477' title='bbox 1078 1411 1132 1447; x_wconf 77' lang='grc' dir='ltr'><strong>μήν</strong></span> <span class='ocrx_word' id='word_1_478' title='bbox 1146 1412 1235 1439; x_wconf 77' lang='grc' dir='ltr'>πᾶσαν</span> <span class='ocrx_word' id='word_1_479' title='bbox 1250 1412 1325 1448; x_wconf 83' lang='grc' dir='ltr'><strong>αὑτῷ</strong></span> <span class='ocrx_word' id='word_1_480' title='bbox 1339 1412 1521 1448; x_wconf 83' lang='grc' dir='ltr'>ἀπονέμοντες</span> <span class='ocrx_word' id='word_1_481' title='bbox 1544 1413 1580 1448; x_wconf 82' lang='grc' dir='ltr'><strong>μὴ</strong></span> <span class='ocrx_word' id='word_1_482' title='bbox 1595 1412 1713 1448; x_wconf 80' lang='grc' dir='ltr'>κάμητε,</span> <span class='ocrx_word' id='word_1_483' title='bbox 1734 1412 1836 1444; x_wconf 83' lang='grc' dir='ltr'>είδὰτες</span> <span class='ocrx_word' id='word_1_484' title='bbox 1848 1412 1872 1429; x_wconf 71' lang='grc'><strong>⁸⁸</strong></span> 
     </span>
    </p>
   </div>
   <div class='ocr_carea' id='block_1_70' title="bbox 1076 1458 1873 1496">
    <p class='ocr_par' dir='ltr' id='par_1_70' title="bbox 1076 1458 1873 1496">
     <span class='ocr_line' id='line_1_71' title="bbox 1076 1458 1873 1496; baseline 0.003 -11"><span class='ocrx_word' id='word_1_485' title='bbox 1076 1458 1118 1485; x_wconf 82' lang='grc' dir='ltr'>ὅτι</span> <span class='ocrx_word' id='word_1_486' title='bbox 1132 1459 1269 1494; x_wconf 77' lang='grc' dir='ltr'>προφάσει</span> <span class='ocrx_word' id='word_1_487' title='bbox 1282 1461 1316 1495; x_wconf 84' lang='grc' dir='ltr'>τῇ</span> <span class='ocrx_word' id='word_1_488' title='bbox 1333 1459 1401 1496; x_wconf 80' lang='grc' dir='ltr'>πρὸς</span> <span class='ocrx_word' id='word_1_489' title='bbox 1413 1459 1495 1487; x_wconf 79' lang='grc' dir='ltr'>αὑτὸν</span> <span class='ocrx_word' id='word_1_490' title='bbox 1507 1461 1547 1492; x_wconf 87' lang='grc' dir='ltr'><strong>είς</strong></span> <span class='ocrx_word' id='word_1_491' title='bbox 1562 1459 1677 1495; x_wconf 81' lang='grc' dir='ltr'>Χριστὸν</span> <span class='ocrx_word' id='word_1_492' title='bbox 1695 1459 1803 1495; x_wconf 85' lang='grc' dir='ltr'>φέρετε,</span> <span class='ocrx_word' id='word_1_493' title='bbox 1815 1460 1873 1487; x_wconf 68' lang='grc' dir='ltr'><strong>ἀπ)</strong></span> 
     </span>
    </p>
   </div>
   <div class='ocr_carea' id='block_1_71' title="bbox 1076 1503 1873 1541">
    <p class='ocr_par' dir='ltr' id='par_1_71' title="bbox 1076 1503 1873 1541">
     <span class='ocr_line' id='line_1_72' title="bbox 1076 1503 1873 1541; baseline 0.001 -10"><span class='ocrx_word' id='word_1_494' title='bbox 1076 1503 1106 1531; x_wconf 78' lang='grc' dir='ltr'><strong>δὲ</strong></span> <span class='ocrx_word' id='word_1_495' title='bbox 1118 1504 1237 1540; x_wconf 83' lang='grc' dir='ltr'>Χριστοῦ</span> <span class='ocrx_word' id='word_1_496' title='bbox 1257 1505 1296 1537; x_wconf 83' lang='grc' dir='ltr'><strong>εἰς</strong></span> <span class='ocrx_word' id='word_1_497' title='bbox 1311 1505 1377 1532; x_wconf 79' lang='grc' dir='ltr'>Θεὸν</span> <span class='ocrx_word' id='word_1_498' title='bbox 1393 1505 1543 1541; x_wconf 76' lang='grc' dir='ltr'>ἀναφέρετε</span> <span class='ocrx_word' id='word_1_499' title='bbox 1551 1505 1588 1522; x_wconf 79' lang='grc'><strong>³¹·</strong></span> <span class='ocrx_word' id='word_1_500' title='bbox 1604 1505 1651 1532; x_wconf 74' lang='grc' dir='ltr'><strong>καὶ</strong></span> <span class='ocrx_word' id='word_1_501' title='bbox 1669 1504 1708 1540; x_wconf 89' lang='grc' dir='ltr'>τῷ</span> <span class='ocrx_word' id='word_1_502' title='bbox 1722 1505 1873 1540; x_wconf 74' lang='grc' dir='ltr'>προσενέγ-</span> 
     </span>
    </p>
   </div>
   <div class='ocr_carea' id='block_1_72' title="bbox 1077 1549 1873 1586">
    <p class='ocr_par' dir='ltr' id='par_1_72' title="bbox 1077 1549 1873 1586">
     <span class='ocr_line' id='line_1_73' title="bbox 1077 1549 1873 1586; baseline -0.005 -5"><span class='ocrx_word' id='word_1_503' title='bbox 1077 1561 1157 1581; x_wconf 73' lang='grc' dir='ltr'>καντι</span> <span class='ocrx_word' id='word_1_504' title='bbox 1177 1551 1369 1584; x_wconf 86' lang='grc' dir='ltr'>πολυπλασίως</span> <span class='ocrx_word' id='word_1_505' title='bbox 1379 1551 1570 1578; x_wconf 82' lang='grc' dir='ltr'>ἀνταποδίδοτε</span> <span class='ocrx_word' id='word_1_506' title='bbox 1582 1551 1612 1578; x_wconf 81' lang='grc'><strong>³².</strong></span> <span class='ocrx_word' id='word_1_507' title='bbox 1630 1551 1729 1586; x_wconf 84' lang='grc' dir='ltr'>Θρόνον</span> <span class='ocrx_word' id='word_1_508' title='bbox 1741 1549 1788 1578; x_wconf 81' lang='grc' dir='ltr'>οὖν</span> <span class='ocrx_word' id='word_1_509' title='bbox 1804 1551 1873 1586; x_wconf 85' lang='grc' dir='ltr'>Χρι-</span> 
     </span>
    </p>
   </div>
   <div class='ocr_carea' id='block_1_73' title="bbox 1079 1595 1872 1633">
    <p class='ocr_par' dir='ltr' id='par_1_73' title="bbox 1079 1595 1872 1633">
     <span class='ocr_line' id='line_1_74' title="bbox 1079 1595 1872 1633; baseline -0.006 -7"><span class='ocrx_word' id='word_1_510' title='bbox 1079 1598 1144 1626; x_wconf 79' lang='grc' dir='ltr'>στοῦ</span> <span class='ocrx_word' id='word_1_511' title='bbox 1158 1597 1288 1633; x_wconf 85' lang='grc' dir='ltr'>τιμήσετε</span> <span class='ocrx_word' id='word_1_512' title='bbox 1298 1597 1336 1613; x_wconf 85' lang='grc'><strong>⁸³·</strong></span> <span class='ocrx_word' id='word_1_513' title='bbox 1353 1597 1393 1624; x_wconf 77' lang='grc' dir='ltr'>ὅτι</span> <span class='ocrx_word' id='word_1_514' title='bbox 1407 1596 1455 1624; x_wconf 74' lang='grc' dir='ltr'><strong>καὶ</strong></span> <span class='ocrx_word' id='word_1_515' title='bbox 1473 1596 1612 1628; x_wconf 80' lang='grc' dir='ltr'>Μωῦσέως</span> <span class='ocrx_word' id='word_1_516' title='bbox 1634 1595 1764 1631; x_wconf 81' lang='grc' dir='ltr'>καθέδραν</span> <span class='ocrx_word' id='word_1_517' title='bbox 1787 1595 1872 1631; x_wconf 77' lang='grc' dir='ltr'>τιμᾷν</span> 
     </span>
    </p>
   </div>
   <div class='ocr_carea' id='block_1_74' title="bbox 1078 1640 1873 1679">
    <p class='ocr_par' dir='ltr' id='par_1_74' title="bbox 1078 1640 1873 1679">
     <span class='ocr_line' id='line_1_75' title="bbox 1078 1640 1873 1679; baseline -0.005 -7"><span class='ocrx_word' id='word_1_518' title='bbox 1078 1643 1266 1678; x_wconf 73' lang='grc' dir='ltr'>ἑκελεύσθητε,</span> <span class='ocrx_word' id='word_1_519' title='bbox 1280 1642 1333 1671; x_wconf 78' lang='grc' dir='ltr'>κᾶν</span> <span class='ocrx_word' id='word_1_520' title='bbox 1345 1643 1370 1669; x_wconf 77' lang='grc' dir='ltr'><strong>οἱ</strong></span> <span class='ocrx_word' id='word_1_521' title='bbox 1383 1640 1611 1679; x_wconf 77' lang='grc' dir='ltr'>προκαθεζόμενοι</span> <span class='ocrx_word' id='word_1_522' title='bbox 1625 1641 1782 1678; x_wconf 76' lang='grc' dir='ltr'>ἁμαρτωλοὶ</span> <span class='ocrx_word' id='word_1_523' title='bbox 1795 1642 1873 1676; x_wconf 90' lang='grc' dir='ltr'>νομί-</span> 
     </span>
    </p>
   </div>
   <div class='ocr_carea' id='block_1_75' title="bbox 1078 1687 1870 1724">
    <p class='ocr_par' dir='ltr' id='par_1_75' title="bbox 1078 1687 1870 1724">
     <span class='ocr_line' id='line_1_76' title="bbox 1078 1687 1870 1724; baseline -0.004 -8"><span class='ocrx_word' id='word_1_524' title='bbox 1078 1688 1223 1722; x_wconf 57' lang='lat' dir='ltr'><strong>Calvam“.</strong></span> <span class='ocrx_word' id='word_1_525' title='bbox 1242 1688 1299 1714; x_wconf 73' lang='grc' dir='ltr'><strong>Καὶ</strong></span> <span class='ocrx_word' id='word_1_526' title='bbox 1318 1688 1406 1715; x_wconf 83' lang='grc' dir='ltr'>ταῦτα</span> <span class='ocrx_word' id='word_1_527' title='bbox 1427 1688 1476 1724; x_wconf 77' lang='grc' dir='ltr'><strong>μὲν</strong></span> <span class='ocrx_word' id='word_1_528' title='bbox 1497 1688 1562 1722; x_wconf 81' lang='grc' dir='ltr'>ὑμῖν</span> <span class='ocrx_word' id='word_1_529' title='bbox 1582 1687 1726 1723; x_wconf 81' lang='grc' dir='ltr'>αὐτάρκως</span> <span class='ocrx_word' id='word_1_530' title='bbox 1747 1687 1870 1722; x_wconf 72' lang='grc' dir='ltr'>εἴρηται·</span> 
     </span>
    </p>
   </div>
   <div class='ocr_carea' id='block_1_76' title="bbox 1078 1733 1873 1771">
    <p class='ocr_par' dir='ltr' id='par_1_76' title="bbox 1078 1733 1873 1771">
     <span class='ocr_line' id='line_1_77' title="bbox 1078 1733 1873 1771; baseline -0.001 -9"><span class='ocrx_word' id='word_1_531' title='bbox 1078 1735 1200 1770; x_wconf 72' lang='grc' dir='ltr'>αὐτῷδὲ,</span> <span class='ocrx_word' id='word_1_532' title='bbox 1229 1734 1288 1766; x_wconf 81' lang='grc' dir='ltr'>πῶς</span> <span class='ocrx_word' id='word_1_533' title='bbox 1309 1734 1461 1771; x_wconf 84' lang='grc' dir='ltr'>ἀμέμπτως</span> <span class='ocrx_word' id='word_1_534' title='bbox 1491 1733 1576 1770; x_wconf 79' lang='grc' dir='ltr'>βιοῦν,</span> <span class='ocrx_word' id='word_1_535' title='bbox 1599 1733 1725 1770; x_wconf 81' lang='grc' dir='ltr'>περιττὸν</span> <span class='ocrx_word' id='word_1_536' title='bbox 1749 1733 1873 1769; x_wconf 78' lang='grc' dir='ltr'>ἡγοῦμαι</span> 
     </span>
    </p>
   </div>
   <div class='ocr_carea' id='block_1_77' title="bbox 1078 1779 1872 1817">
    <p class='ocr_par' dir='ltr' id='par_1_77' title="bbox 1078 1779 1872 1817">
     <span class='ocr_line' id='line_1_78' title="bbox 1078 1779 1872 1817; baseline -0.001 -10"><span class='ocrx_word' id='word_1_537' title='bbox 1078 1781 1182 1816; x_wconf 79' lang='grc' dir='ltr'>λέγειν,</span> <span class='ocrx_word' id='word_1_538' title='bbox 1197 1781 1279 1808; x_wconf 74' lang='grc' dir='ltr'>ὁπότε</span> <span class='ocrx_word' id='word_1_539' title='bbox 1303 1779 1352 1807; x_wconf 84' lang='grc' dir='ltr'>τοῦ</span> <span class='ocrx_word' id='word_1_540' title='bbox 1373 1781 1446 1816; x_wconf 71' lang='grc' dir='ltr'><strong>κάμὲ</strong></span> <span class='ocrx_word' id='word_1_541' title='bbox 1462 1780 1616 1814; x_wconf 80' lang='grc' dir='ltr'>διδάξαντος</span> <span class='ocrx_word' id='word_1_542' title='bbox 1630 1780 1742 1817; x_wconf 83' lang='grc' dir='ltr'>δόκιμος</span> <span class='ocrx_word' id='word_1_543' title='bbox 1760 1780 1872 1817; x_wconf 80' lang='grc' dir='ltr'>ὑπάρχῃ</span> 
     </span>
    </p>
   </div>
   <div class='ocr_carea' id='block_1_78' title="bbox 1081 1827 1216 1864">
    <p class='ocr_par' dir='ltr' id='par_1_78' title="bbox 1081 1827 1216 1864">
     <span class='ocr_line' id='line_1_79' title="bbox 1081 1827 1216 1864; baseline -0.007 -10"><span class='ocrx_word' id='word_1_544' title='bbox 1081 1827 1216 1864; x_wconf 73' lang='grc' dir='ltr'>μαθητής.</span> 
     </span>
    </p>
   </div>
   <div class='ocr_carea' id='block_1_79' title="bbox 1115 1881 1871 1919">
    <p class='ocr_par' dir='ltr' id='par_1_79' title="bbox 1115 1881 1871 1919">
     <span class='ocr_line' id='line_1_80' title="bbox 1115 1881 1871 1919; baseline -0.005 -7"><span class='ocrx_word' id='word_1_545' title='bbox 1115 1883 1208 1912; x_wconf 80' lang='lat' dir='ltr'><strong>LXXI.</strong></span> <span class='ocrx_word' id='word_1_546' title='bbox 1218 1883 1302 1919; x_wconf 84' lang='grc' dir='ltr'>Πλὴν,</span> <span class='ocrx_word' id='word_1_547' title='bbox 1311 1883 1525 1919; x_wconf 75' lang='grc' dir='ltr'>ἀδελφοὶ,ἑνιαοὺ</span> <span class='ocrx_word' id='word_1_548' title='bbox 1533 1883 1586 1919; x_wconf 84' lang='grc' dir='ltr'>χρὴ</span> <span class='ocrx_word' id='word_1_549' title='bbox 1593 1882 1738 1919; x_wconf 79' lang='grc' dir='ltr'>ἀναμένειν</span> <span class='ocrx_word' id='word_1_550' title='bbox 1747 1881 1871 1914; x_wconf 70' lang='grc' dir='ltr'>ἀκούειν,</span> 
     </span>
    </p>
   </div>
   <div class='ocr_carea' id='block_1_80' title="bbox 1079 1930 1871 1966">
    <p class='ocr_par' dir='ltr' id='par_1_80' title="bbox 1079 1930 1871 1966">
     <span class='ocr_line' id='line_1_81' title="bbox 1079 1930 1871 1966; baseline -0.003 -8"><span class='ocrx_word' id='word_1_551' title='bbox 1079 1931 1146 1959; x_wconf 82' lang='grc' dir='ltr'>ἀλλὰ</span> <span class='ocrx_word' id='word_1_552' title='bbox 1158 1931 1204 1958; x_wconf 74' lang='grc' dir='ltr'>καὶ</span> <span class='ocrx_word' id='word_1_553' title='bbox 1211 1931 1256 1966; x_wconf 84' lang='grc' dir='ltr'><strong>ἀφ’</strong></span> <span class='ocrx_word' id='word_1_554' title='bbox 1266 1931 1368 1958; x_wconf 73' lang='grc' dir='ltr'>ἑαυτῶν</span> <span class='ocrx_word' id='word_1_555' title='bbox 1373 1931 1404 1957; x_wconf 82' lang='grc' dir='ltr'><strong>τὸ</strong></span> <span class='ocrx_word' id='word_1_556' title='bbox 1411 1931 1520 1966; x_wconf 79' lang='grc' dir='ltr'>εὖλογον</span> <span class='ocrx_word' id='word_1_557' title='bbox 1529 1931 1608 1958; x_wconf 84' lang='grc' dir='ltr'>νοεῖν.</span> <span class='ocrx_word' id='word_1_558' title='bbox 1618 1931 1750 1966; x_wconf 78' lang='grc' dir='ltr'>Ζακχαῖος</span> <span class='ocrx_word' id='word_1_559' title='bbox 1761 1930 1843 1965; x_wconf 82' lang='grc' dir='ltr'>μόνος</span> <span class='ocrx_word' id='word_1_560' title='bbox 1849 1930 1871 1946; x_wconf 84' lang='grc'><strong>³⁵</strong></span> 
     </span>
    </p>
   </div>
   <div class='ocr_carea' id='block_1_81' title="bbox 1080 1973 1872 2012">
    <p class='ocr_par' dir='ltr' id='par_1_81' title="bbox 1080 1973 1872 2012">
     <span class='ocr_line' id='line_1_82' title="bbox 1080 1973 1872 2012; baseline -0.004 -9"><span class='ocrx_word' id='word_1_561' title='bbox 1080 1976 1143 2012; x_wconf 81' lang='grc' dir='ltr'>ὑμῖν</span> <span class='ocrx_word' id='word_1_562' title='bbox 1157 1976 1217 2008; x_wconf 79' lang='grc' dir='ltr'>ὅλος</span> <span class='ocrx_word' id='word_1_563' title='bbox 1233 1976 1328 2003; x_wconf 74' lang='grc' dir='ltr'>ἑαυτὸν</span> <span class='ocrx_word' id='word_1_564' title='bbox 1341 1975 1465 2011; x_wconf 82' lang='grc' dir='ltr'>ἀσχολεῖν</span> <span class='ocrx_word' id='word_1_565' title='bbox 1478 1974 1668 2006; x_wconf 78' lang='grc' dir='ltr'>ἀποδεδωκὼς,</span> <span class='ocrx_word' id='word_1_566' title='bbox 1684 1973 1788 2001; x_wconf 80' lang='grc' dir='ltr'>κοιλίαν</span> <span class='ocrx_word' id='word_1_567' title='bbox 1802 1973 1872 2009; x_wconf 73' lang='grc' dir='ltr'>ἔχων</span> 
     </span>
    </p>
   </div>
   <div class='ocr_carea' id='block_1_82' title="bbox 1080 2020 1872 2058">
    <p class='ocr_par' dir='ltr' id='par_1_82' title="bbox 1080 2020 1872 2058">
     <span class='ocr_line' id='line_1_83' title="bbox 1080 2020 1872 2058; baseline -0.005 -9"><span class='ocrx_word' id='word_1_568' title='bbox 1080 2023 1127 2049; x_wconf 79' lang='grc' dir='ltr'><strong>καὶ</strong></span> <span class='ocrx_word' id='word_1_569' title='bbox 1141 2023 1230 2058; x_wconf 83' lang='grc' dir='ltr'>έαυτῷ</span> <span class='ocrx_word' id='word_1_570' title='bbox 1246 2022 1283 2058; x_wconf 84' lang='grc' dir='ltr'>μὴ</span> <span class='ocrx_word' id='word_1_571' title='bbox 1302 2022 1447 2057; x_wconf 83' lang='grc' dir='ltr'>εὐσχολῶν,</span> <span class='ocrx_word' id='word_1_572' title='bbox 1465 2021 1523 2054; x_wconf 85' lang='grc' dir='ltr'><strong>πῶς</strong></span> <span class='ocrx_word' id='word_1_573' title='bbox 1536 2021 1646 2047; x_wconf 85' lang='grc' dir='ltr'>δύναται</span> <span class='ocrx_word' id='word_1_574' title='bbox 1659 2020 1707 2056; x_wconf 81' lang='grc' dir='ltr'><strong>τὴν</strong></span> <span class='ocrx_word' id='word_1_575' title='bbox 1719 2020 1872 2054; x_wconf 74' lang='grc' dir='ltr'>ἀναγκαίαν</span> 
     </span>
    </p>
   </div>
   <div class='ocr_carea' id='block_1_83' title="bbox 1080 2066 1873 2105">
    <p class='ocr_par' dir='ltr' id='par_1_83' title="bbox 1080 2066 1873 2105">
     <span class='ocr_line' id='line_1_84' title="bbox 1080 2066 1873 2105; baseline -0.004 -10"><span class='ocrx_word' id='word_1_576' title='bbox 1080 2068 1202 2104; x_wconf 77' lang='grc' dir='ltr'>πορίζειν</span> <span class='ocrx_word' id='word_1_577' title='bbox 1218 2069 1339 2105; x_wconf 80' lang='grc' dir='ltr'>τροφήν;</span> <span class='ocrx_word' id='word_1_578' title='bbox 1352 2068 1412 2104; x_wconf 74' lang='grc' dir='ltr'>οὐχὶ</span> <span class='ocrx_word' id='word_1_579' title='bbox 1431 2068 1461 2095; x_wconf 70' lang='grc' dir='ltr'><strong>δὲ</strong></span> <span class='ocrx_word' id='word_1_580' title='bbox 1482 2067 1591 2102; x_wconf 75' lang='grc' dir='ltr'>εὔλογόν</span> <span class='ocrx_word' id='word_1_581' title='bbox 1610 2068 1668 2093; x_wconf 75' lang='grc' dir='ltr'>ἐστι</span> <span class='ocrx_word' id='word_1_582' title='bbox 1682 2066 1785 2097; x_wconf 86' lang='grc' dir='ltr'>πάντας</span> <span class='ocrx_word' id='word_1_583' title='bbox 1799 2067 1873 2101; x_wconf 81' lang='grc' dir='ltr'>ὑμᾶς</span> 
     </span>
    </p>
   </div>
   <div class='ocr_carea' id='block_1_84' title="bbox 1080 2112 1872 2151">
    <p class='ocr_par' dir='ltr' id='par_1_84' title="bbox 1080 2112 1872 2151">
     <span class='ocr_line' id='line_1_85' title="bbox 1080 2112 1872 2151; baseline -0.004 -10"><span class='ocrx_word' id='word_1_584' title='bbox 1080 2114 1127 2141; x_wconf 78' lang='grc' dir='ltr'>τοῦ</span> <span class='ocrx_word' id='word_1_585' title='bbox 1146 2114 1195 2151; x_wconf 80' lang='grc' dir='ltr'><strong>ζῇν</strong></span> <span class='ocrx_word' id='word_1_586' title='bbox 1210 2114 1294 2141; x_wconf 78' lang='grc' dir='ltr'>αὑτοῦ</span> <span class='ocrx_word' id='word_1_587' title='bbox 1310 2114 1438 2150; x_wconf 74' lang='grc' dir='ltr'>πρόνοιαν</span> <span class='ocrx_word' id='word_1_588' title='bbox 1452 2114 1474 2130; x_wconf 81' lang='grc'><strong>³⁸</strong></span> <span class='ocrx_word' id='word_1_589' title='bbox 1489 2114 1593 2145; x_wconf 85' lang='grc' dir='ltr'>ποιεῖν,</span> <span class='ocrx_word' id='word_1_590' title='bbox 1612 2113 1663 2140; x_wconf 79' lang='grc' dir='ltr'>οὐκ</span> <span class='ocrx_word' id='word_1_591' title='bbox 1687 2112 1872 2147; x_wconf 78' lang='grc' dir='ltr'>ἀναμένοντας</span> 
     </span>
    </p>
   </div>
   <div class='ocr_carea' id='block_1_85' title="bbox 1081 2157 1870 2195">
    <p class='ocr_par' dir='ltr' id='par_1_85' title="bbox 1081 2157 1870 2195">
     <span class='ocr_line' id='line_1_86' title="bbox 1081 2157 1870 2195; baseline -0.005 -9"><span class='ocrx_word' id='word_1_592' title='bbox 1081 2159 1163 2186; x_wconf 80' lang='grc' dir='ltr'>αὐτὸν</span> <span class='ocrx_word' id='word_1_593' title='bbox 1182 2160 1254 2194; x_wconf 77' lang='grc' dir='ltr'>ὑμᾶς</span> <span class='ocrx_word' id='word_1_594' title='bbox 1272 2160 1372 2191; x_wconf 79' lang='grc' dir='ltr'>αἰτεῖν,</span> <span class='ocrx_word' id='word_1_595' title='bbox 1392 2158 1472 2186; x_wconf 66' lang='grc' dir='ltr'>τοῦτο</span> <span class='ocrx_word' id='word_1_596' title='bbox 1485 2158 1540 2195; x_wconf 86' lang='grc' dir='ltr'>γὰρ</span> <span class='ocrx_word' id='word_1_597' title='bbox 1555 2157 1764 2194; x_wconf 74' lang='grc' dir='ltr'>προσαιτοῦντος</span> <span class='ocrx_word' id='word_1_598' title='bbox 1786 2158 1870 2183; x_wconf 72' lang='grc' dir='ltr'>ἐστιν·</span> 
     </span>
    </p>
   </div>
   <div class='ocr_carea' id='block_1_86' title="bbox 242 2203 1036 2242">
    <p class='ocr_par' dir='ltr' id='par_1_86' title="bbox 242 2203 1030 2242">
     <span class='ocr_line' id='line_1_87' title="bbox 242 2203 1030 2242; baseline -0.001 -8"><span class='ocrx_word' id='word_1_599' title='bbox 242 2207 370 2242; x_wconf 84' lang='lat' dir='ltr'><strong>spectetis</strong></span> <span class='ocrx_word' id='word_1_600' title='bbox 383 2211 414 2234; x_wconf 88' lang='lat' dir='ltr'><strong>ut</strong></span> <span class='ocrx_word' id='word_1_601' title='bbox 437 2210 511 2241; x_wconf 84' lang='lat' dir='ltr'><strong>petat</strong></span> <span class='ocrx_word' id='word_1_602' title='bbox 534 2213 550 2233; x_wconf 88' lang='lat' dir='ltr'><strong>a</strong></span> <span class='ocrx_word' id='word_1_603' title='bbox 570 2205 668 2233; x_wconf 86' lang='lat' dir='ltr'><strong>vobis?</strong></span> <span class='ocrx_word' id='word_1_604' title='bbox 697 2205 750 2232; x_wconf 89' lang='lat' dir='ltr'><strong>hoc</strong></span> <span class='ocrx_word' id='word_1_605' title='bbox 775 2204 875 2231; x_wconf 81' lang='lat' dir='ltr'><strong>etenim</strong></span> <span class='ocrx_word' id='word_1_606' title='bbox 901 2203 1030 2233; x_wconf 87' lang='lat' dir='ltr'><strong>mendico</strong></span> 
     </span>
    </p>
   </div>
   <div class='ocr_carea' id='block_1_87' title="bbox 1080 2203 1871 2242">
    <p class='ocr_par' dir='ltr' id='par_1_87' title="bbox 1083 2203 1871 2241">
     <span class='ocr_line' id='line_1_88' title="bbox 1083 2203 1871 2241; baseline -0.003 -10"><span class='ocrx_word' id='word_1_607' title='bbox 1083 2204 1182 2240; x_wconf 81' lang='grc' dir='ltr'>μᾶλλον</span> <span class='ocrx_word' id='word_1_608' title='bbox 1191 2205 1220 2232; x_wconf 84' lang='grc' dir='ltr'><strong>δὲ</strong></span> <span class='ocrx_word' id='word_1_609' title='bbox 1229 2205 1386 2241; x_wconf 77' lang='grc' dir='ltr'>τεθνήξεται</span> <span class='ocrx_word' id='word_1_610' title='bbox 1397 2205 1502 2241; x_wconf 79' lang='grc' dir='ltr'>λιμῷ,ή</span> <span class='ocrx_word' id='word_1_611' title='bbox 1509 2205 1588 2232; x_wconf 81' lang='grc' dir='ltr'>τοῦτο</span> <span class='ocrx_word' id='word_1_612' title='bbox 1598 2205 1683 2231; x_wconf 81' lang='grc' dir='ltr'>ποιεῖν</span> <span class='ocrx_word' id='word_1_613' title='bbox 1696 2204 1832 2239; x_wconf 84' lang='grc' dir='ltr'>ὑποσταίη</span> <span class='ocrx_word' id='word_1_614' title='bbox 1839 2203 1871 2230; x_wconf 86' lang='grc'><strong>³⁷.</strong></span> 
     </span>
    </p>
   </div>
   <div class='ocr_carea' id='block_1_88' title="bbox 242 2236 1036 2287">
    <p class='ocr_par' dir='ltr' id='par_1_88' title="bbox 242 2236 1029 2284">
     <span class='ocr_line' id='line_1_89' title="bbox 242 2236 1029 2284; baseline -0.001 -7"><span class='ocrx_word' id='word_1_615' title='bbox 242 2236 381 2283; x_wconf 69' lang='lat' dir='ltr'><strong>convenit,</strong></span> <span class='ocrx_word' id='word_1_616' title='bbox 393 2236 483 2284; x_wconf 79' lang='lat' dir='ltr'><strong>potius</strong></span> <span class='ocrx_word' id='word_1_617' title='bbox 495 2255 584 2276; x_wconf 87' lang='lat' dir='ltr'><strong>autem</strong></span> <span class='ocrx_word' id='word_1_618' title='bbox 597 2249 695 2284; x_wconf 87' lang='lat' dir='ltr'><strong>peribit</strong></span> <span class='ocrx_word' id='word_1_619' title='bbox 708 2248 791 2282; x_wconf 85' lang='lat' dir='ltr'><strong>fame,</strong></span> <span class='ocrx_word' id='word_1_620' title='bbox 803 2256 886 2284; x_wconf 90' lang='lat' dir='ltr'><strong>quam</strong></span> <span class='ocrx_word' id='word_1_621' title='bbox 900 2248 926 2276; x_wconf 91' lang='lat' dir='ltr'><strong>id</strong></span> <span class='ocrx_word' id='word_1_622' title='bbox 939 2248 1029 2276; x_wconf 88' lang='lat' dir='ltr'><strong>facere</strong></span> 
     </span>
    </p>
   </div>
   <div class='ocr_carea' id='block_1_89' title="bbox 1080 2236 1873 2287">
    <p class='ocr_par' dir='ltr' id='par_1_89' title="bbox 1083 2236 1873 2287">
     <span class='ocr_line' id='line_1_90' title="bbox 1083 2236 1873 2287; baseline -0.004 -9"><span class='ocrx_word' id='word_1_623' title='bbox 1083 2236 1166 2286; x_wconf 54' lang='grc'><strong>118</strong></span> <span class='ocrx_word' id='word_1_624' title='bbox 1183 2251 1246 2283; x_wconf 81' lang='grc' dir='ltr'><strong>Πῶς</strong></span> <span class='ocrx_word' id='word_1_625' title='bbox 1255 2251 1288 2287; x_wconf 84' lang='grc' dir='ltr'><strong>δὴ</strong></span> <span class='ocrx_word' id='word_1_626' title='bbox 1303 2236 1355 2278; x_wconf 43' lang='grc' dir='ltr'><strong>παὶ</strong></span> <span class='ocrx_word' id='word_1_627' title='bbox 1369 2236 1585 2287; x_wconf 40' lang='grc' dir='ltr'>ὑμεῖς-οὑᾟίκην</span> <span class='ocrx_word' id='word_1_628' title='bbox 1604 2250 1726 2285; x_wconf 78' lang='grc' dir='ltr'>ὑφέξετε,</span> <span class='ocrx_word' id='word_1_629' title='bbox 1745 2249 1783 2285; x_wconf 80' lang='grc' dir='ltr'>μὴ</span> <span class='ocrx_word' id='word_1_630' title='bbox 1802 2236 1873 2284; x_wconf 80' lang='grc' dir='ltr'>λογι-</span> 
     </span>
    </p>
   </div>
   <div class='ocr_carea' id='block_1_90' title="bbox 242 2293 1036 2333">
    <p class='ocr_par' dir='ltr' id='par_1_90' title="bbox 242 2293 1028 2330">
     <span class='ocr_line' id='line_1_91' title="bbox 242 2293 1028 2330; baseline -0.004 -7"><span class='ocrx_word' id='word_1_631' title='bbox 242 2295 387 2324; x_wconf 87' lang='lat' dir='ltr'><strong>sustineat.</strong></span> <span class='ocrx_word' id='word_1_632' title='bbox 402 2294 436 2322; x_wconf 83' lang='lat' dir='ltr'><strong>Et</strong></span> <span class='ocrx_word' id='word_1_633' title='bbox 449 2303 504 2330; x_wconf 90' lang='lat' dir='ltr'><strong>qua</strong></span> <span class='ocrx_word' id='word_1_634' title='bbox 519 2295 623 2322; x_wconf 85' lang='lat' dir='ltr'><strong>ratione</strong></span> <span class='ocrx_word' id='word_1_635' title='bbox 636 2301 684 2321; x_wconf 82' lang='lat' dir='ltr'><strong>vos</strong></span> <span class='ocrx_word' id='word_1_636' title='bbox 694 2302 790 2329; x_wconf 79' lang='lat' dir='ltr'><strong>ptenas</strong></span> <span class='ocrx_word' id='word_1_637' title='bbox 807 2302 861 2321; x_wconf 91' lang='lat' dir='ltr'><strong>non</strong></span> <span class='ocrx_word' id='word_1_638' title='bbox 875 2293 988 2326; x_wconf 85' lang='lat' dir='ltr'><strong>dabitis,</strong></span> <span class='ocrx_word' id='word_1_639' title='bbox 1005 2294 1028 2321; x_wconf 89' lang='lat' dir='ltr'><strong>si</strong></span> 
     </span>
    </p>
   </div>
   <div class='ocr_carea' id='block_1_91' title="bbox 1080 2293 1871 2333">
    <p class='ocr_par' dir='ltr' id='par_1_91' title="bbox 1083 2295 1871 2333">
     <span class='ocr_line' id='line_1_92' title="bbox 1083 2295 1871 2333; baseline -0.001 -11"><span class='ocrx_word' id='word_1_640' title='bbox 1083 2296 1195 2331; x_wconf 81' lang='grc' dir='ltr'>σάμενοι</span> <span class='ocrx_word' id='word_1_641' title='bbox 1209 2297 1250 2323; x_wconf 78' lang='grc' dir='ltr'>ὅτι</span> <span class='ocrx_word' id='word_1_642' title='bbox 1265 2296 1338 2329; x_wconf 78' lang='grc' dir='ltr'>ἄξιός</span> <span class='ocrx_word' id='word_1_643' title='bbox 1352 2297 1426 2324; x_wconf 71' lang='grc' dir='ltr'>ἐστιν</span> <span class='ocrx_word' id='word_1_644' title='bbox 1439 2298 1453 2324; x_wconf 80' lang='grc' dir='ltr'><strong><em>ὁ</em></strong></span> <span class='ocrx_word' id='word_1_645' title='bbox 1465 2297 1583 2333; x_wconf 78' lang='grc' dir='ltr'>ἐργάτης</span> <span class='ocrx_word' id='word_1_646' title='bbox 1597 2296 1643 2323; x_wconf 79' lang='grc' dir='ltr'>τοῦ</span> <span class='ocrx_word' id='word_1_647' title='bbox 1659 2295 1756 2331; x_wconf 78' lang='grc' dir='ltr'>μισθοῦ</span> <span class='ocrx_word' id='word_1_648' title='bbox 1768 2295 1871 2328; x_wconf 73' lang='grc' dir='ltr'>αὐτοῦς</span> 
     </span>
    </p>
   </div>
   <div class='ocr_carea' id='block_1_92' title="bbox 243 2340 1036 2379">
    <p class='ocr_par' dir='ltr' id='par_1_92' title="bbox 243 2341 1029 2378">
     <span class='ocr_line' id='line_1_93' title="bbox 243 2341 1029 2378; baseline -0.004 -8"><span class='ocrx_word' id='word_1_649' title='bbox 243 2350 299 2370; x_wconf 89' lang='lat' dir='ltr'><strong>non</strong></span> <span class='ocrx_word' id='word_1_650' title='bbox 312 2341 515 2378; x_wconf 87' lang='lat' dir='ltr'><strong>reputaveritis,</strong></span> <span class='ocrx_word' id='word_1_651' title='bbox 530 2341 643 2377; x_wconf 80' lang='lat' dir='ltr'><strong>dignum</strong></span> <span class='ocrx_word' id='word_1_652' title='bbox 655 2348 717 2369; x_wconf 88' lang='lat' dir='ltr'><strong>esse</strong></span> <span class='ocrx_word' id='word_1_653' title='bbox 731 2341 888 2376; x_wconf 88' lang='lat' dir='ltr'><strong>operarium</strong></span> <span class='ocrx_word' id='word_1_654' title='bbox 903 2341 1029 2368; x_wconf 85' lang='lat' dir='ltr'><strong>mercede</strong></span> 
     </span>
    </p>
   </div>
   <div class='ocr_carea' id='block_1_93' title="bbox 1080 2340 1873 2379">
    <p class='ocr_par' dir='ltr' id='par_1_93' title="bbox 1083 2340 1873 2379">
     <span class='ocr_line' id='line_1_94' title="bbox 1083 2340 1873 2379; baseline 0 -11"><span class='ocrx_word' id='word_1_655' title='bbox 1083 2342 1130 2368; x_wconf 74' lang='grc' dir='ltr'>καὶ</span> <span class='ocrx_word' id='word_1_656' title='bbox 1141 2342 1179 2378; x_wconf 81' lang='grc' dir='ltr'>μὴ</span> <span class='ocrx_word' id='word_1_657' title='bbox 1187 2342 1289 2377; x_wconf 81' lang='grc' dir='ltr'>λεγέτω</span> <span class='ocrx_word' id='word_1_658' title='bbox 1297 2351 1349 2375; x_wconf 78' lang='grc' dir='ltr'>τιςο</span> <span class='ocrx_word' id='word_1_659' title='bbox 1357 2343 1455 2370; x_wconf 79' lang='grc' dir='ltr'>οὐκοῦν</span> <span class='ocrx_word' id='word_1_660' title='bbox 1463 2344 1478 2370; x_wconf 81' lang='grc' dir='ltr'><strong>ὀ</strong></span> <span class='ocrx_word' id='word_1_661' title='bbox 1486 2342 1590 2379; x_wconf 82' lang='grc' dir='ltr'>δωρεὰν</span> <span class='ocrx_word' id='word_1_662' title='bbox 1600 2340 1783 2378; x_wconf 76' lang='grc' dir='ltr'>παρασχεθεὶς</span> <span class='ocrx_word' id='word_1_663' title='bbox 1794 2340 1873 2375; x_wconf 82' lang='grc' dir='ltr'>λόγος</span> 
     </span>
    </p>
   </div>
   <div class='ocr_carea' id='block_1_94' title="bbox 880 2417 1223 2448">
    <p class='ocr_par' dir='ltr' id='par_1_94' title="bbox 880 2417 1223 2448">
     <span class='ocr_line' id='line_1_95' title="bbox 880 2417 1223 2448; baseline 0.009 -3"><span class='ocrx_word' id='word_1_664' title='bbox 880 2417 996 2446; x_wconf 64' lang='grc' dir='ltr'>νΑῐιιλΕ</span> <span class='ocrx_word' id='word_1_665' title='bbox 1017 2417 1223 2448; x_wconf 82' lang='lat' dir='ltr'><strong>LECTIONES.</strong></span> 
     </span>
    </p>
   </div>
   <div class='ocr_carea' id='block_1_95' title="bbox 278 2478 903 2517">
    <p class='ocr_par' dir='ltr' id='par_1_95' title="bbox 278 2478 903 2517">
     <span class='ocr_line' id='line_1_96' title="bbox 278 2478 903 2517; baseline -0.005 -9"><span class='ocrx_word' id='word_1_666' title='bbox 278 2481 302 2498; x_wconf 78' lang='lat'><strong>‘°</strong></span> <span class='ocrx_word' id='word_1_667' title='bbox 312 2481 488 2517; x_wconf 74' lang='grc' dir='ltr'>μεταδώσητε</span> <span class='ocrx_word' id='word_1_668' title='bbox 513 2480 544 2517; x_wconf 66' lang='grc' dir='ltr'><strong>(ΣΪ</strong></span> <span class='ocrx_word' id='word_1_669' title='bbox 572 2479 642 2517; x_wconf 81' lang='lat' dir='ltr'><strong>Tum</strong></span> <span class='ocrx_word' id='word_1_670' title='bbox 672 2479 745 2517; x_wconf 77' lang='lat' dir='ltr'><strong>idem</strong></span> <span class='ocrx_word' id='word_1_671' title='bbox 775 2478 903 2517; x_wconf 59' lang='grc' dir='ltr'><strong>θρὲψςητεΣ</strong></span> 
     </span>
    </p>
   </div>
   <div class='ocr_carea' id='block_1_96' title="bbox 245 2513 771 2577">
    <p class='ocr_par' dir='ltr' id='par_1_96' title="bbox 245 2513 771 2577">
     <span class='ocr_line' id='line_1_97' title="bbox 245 2513 771 2577; baseline -0.006 -33"><span class='ocrx_word' id='word_1_672' title='bbox 245 2513 359 2559; x_wconf 59' lang='grc' dir='ltr'>σξτί-</span> <span class='ocrx_word' id='word_1_673' title='bbox 378 2513 606 2552; x_wconf 63' lang='grc' dir='ltr'>ἐπισδὶέψησθε-</span> <span class='ocrx_word' id='word_1_674' title='bbox 619 2513 771 2577; x_wconf 63' lang='grc' dir='ltr'>βοηθήσὲτε</span> 
     </span>
     <span class='ocr_line' id='line_1_98' title="bbox 245 2550 764 2577; baseline -0.002 0"><span class='ocrx_word' id='word_1_675' title='bbox 245 2553 299 2577; x_wconf 76' lang='grc' dir='ltr'>ειθε</span> <span class='ocrx_word' id='word_1_676' title='bbox 312 2553 342 2577; x_wconf 85' lang='grc'><strong>0.</strong></span> <span class='ocrx_word' id='word_1_677' title='bbox 381 2552 473 2577; x_wconf 79' lang='grc' dir='ltr'>¹³ταῖε</span> <span class='ocrx_word' id='word_1_678' title='bbox 486 2553 516 2577; x_wconf 91' lang='lat'><strong>0.</strong></span> <span class='ocrx_word' id='word_1_679' title='bbox 555 2551 577 2566; x_wconf 68' lang='lat'><strong>&quot;</strong></span> <span class='ocrx_word' id='word_1_680' title='bbox 586 2550 623 2577; x_wconf 90' lang='lat' dir='ltr'><strong>Ita</strong></span> <span class='ocrx_word' id='word_1_681' title='bbox 636 2552 657 2576; x_wconf 88' lang='lat'><strong>0</strong></span> <span class='ocrx_word' id='word_1_682' title='bbox 682 2557 707 2577; x_wconf 89' lang='lat' dir='ltr'><strong>c.</strong></span> <span class='ocrx_word' id='word_1_683' title='bbox 756 2570 764 2577; x_wconf 96' lang='lat'>.</span> 
     </span>
    </p>
   </div>
   <div class='ocr_carea' id='block_1_97' title="bbox 243 2550 1874 2586">
    <p class='ocr_par' dir='ltr' id='par_1_97' title="bbox 243 2550 1874 2586">
     <span class='ocr_line' id='line_1_99' title="bbox 243 2550 1874 2586; baseline 0 -8"><span class='ocrx_word' id='word_1_684' title='bbox 243 2553 299 2580; x_wconf 76' lang='grc' dir='ltr'>εἴθε</span> <span class='ocrx_word' id='word_1_685' title='bbox 312 2553 342 2580; x_wconf 91' lang='lat'><strong>0.</strong></span> <span class='ocrx_word' id='word_1_686' title='bbox 381 2552 473 2583; x_wconf 86' lang='grc' dir='ltr'>¹³ταῖς</span> <span class='ocrx_word' id='word_1_687' title='bbox 486 2550 516 2586; x_wconf 64' lang='grc' dir='ltr'>οζ</span> <span class='ocrx_word' id='word_1_688' title='bbox 555 2550 623 2577; x_wconf 73' lang='lat' dir='ltr'><strong>&quot;Ita</strong></span> <span class='ocrx_word' id='word_1_689' title='bbox 636 2552 657 2576; x_wconf 93' lang='lat'><strong>0</strong></span> <span class='ocrx_word' id='word_1_690' title='bbox 682 2550 742 2586; x_wconf 50' lang='grc' dir='ltr'><strong>(λβ</strong></span> <span class='ocrx_word' id='word_1_691' title='bbox 756 2570 764 2582; x_wconf 89' lang='grc'><strong>,</strong></span> <span class='ocrx_word' id='word_1_692' title='bbox 779 2552 880 2586; x_wconf 75' lang='grc' dir='ltr'>ποιεῖτε</span> <span class='ocrx_word' id='word_1_693' title='bbox 894 2550 925 2577; x_wconf 84' lang='lat' dir='ltr'><strong>C.</strong></span> <span class='ocrx_word' id='word_1_694' title='bbox 950 2550 1034 2586; x_wconf 18' lang='lat' dir='ltr'><strong>iTum</strong></span> <span class='ocrx_word' id='word_1_695' title='bbox 1051 2550 1164 2585; x_wconf 82' lang='grc' dir='ltr'>ἁσυχίας</span> <span class='ocrx_word' id='word_1_696' title='bbox 1174 2550 1199 2586; x_wconf 82' lang='lat' dir='ltr'><strong>p.</strong></span> <span class='ocrx_word' id='word_1_697' title='bbox 1215 2551 1328 2584; x_wconf 83' lang='grc' dir='ltr'>ἀσυλίας</span> <span class='ocrx_word' id='word_1_698' title='bbox 1339 2553 1367 2578; x_wconf 90' lang='grc' dir='ltr'><strong>Ο.</strong></span> <span class='ocrx_word' id='word_1_699' title='bbox 1407 2550 1430 2568; x_wconf 64' lang='grc' dir='ltr'><strong>ίδ</strong></span> <span class='ocrx_word' id='word_1_700' title='bbox 1440 2551 1508 2578; x_wconf 87' lang='lat' dir='ltr'><strong>ltaO</strong></span> <span class='ocrx_word' id='word_1_701' title='bbox 1529 2559 1552 2578; x_wconf 91' lang='lat' dir='ltr'><strong>c.</strong></span> <span class='ocrx_word' id='word_1_702' title='bbox 1571 2550 1599 2578; x_wconf 83' lang='lat' dir='ltr'><strong>S.</strong></span> <span class='ocrx_word' id='word_1_703' title='bbox 1627 2551 1660 2586; x_wconf 84' lang='grc' dir='ltr'>τῇ</span> <span class='ocrx_word' id='word_1_704' title='bbox 1682 2550 1711 2577; x_wconf 91' lang='lat' dir='ltr'><strong>C.</strong></span> <span class='ocrx_word' id='word_1_705' title='bbox 1753 2550 1777 2565; x_wconf 85' lang='lat'>&quot;</span> <span class='ocrx_word' id='word_1_706' title='bbox 1792 2550 1874 2586; x_wconf 79' lang='grc' dir='ltr'>ὓμων</span> 
     </span>
    </p>
   </div>
   <div class='ocr_carea' id='block_1_98' title="bbox 245 2585 1871 2623">
    <p class='ocr_par' dir='ltr' id='par_1_98' title="bbox 245 2585 1871 2623">
     <span class='ocr_line' id='line_1_100' title="bbox 245 2585 1871 2623; baseline -0.001 -8"><span class='ocrx_word' id='word_1_707' title='bbox 245 2589 266 2614; x_wconf 93' lang='grc'><strong>0</strong></span> <span class='ocrx_word' id='word_1_708' title='bbox 294 2595 336 2622; x_wconf 84' lang='lat' dir='ltr'><strong>pr.</strong></span> <span class='ocrx_word' id='word_1_709' title='bbox 350 2595 425 2615; x_wconf 89' lang='lat' dir='ltr'><strong>man.</strong></span> <span class='ocrx_word' id='word_1_710' title='bbox 463 2587 484 2623; x_wconf 61' lang='grc' dir='ltr'><strong>’Τ</strong></span> <span class='ocrx_word' id='word_1_711' title='bbox 494 2585 625 2623; x_wconf 30' lang='grc' dir='ltr'>νισι-και</span> <span class='ocrx_word' id='word_1_712' title='bbox 632 2585 670 2617; x_wconf 84' lang='grc' dir='ltr'>ὡς</span> <span class='ocrx_word' id='word_1_713' title='bbox 689 2585 744 2623; x_wconf 70' lang='grc' dir='ltr'>τῷν</span> <span class='ocrx_word' id='word_1_714' title='bbox 763 2585 833 2612; x_wconf 79' lang='grc' dir='ltr'><strong>κατά</strong></span> <span class='ocrx_word' id='word_1_715' title='bbox 844 2585 966 2623; x_wconf 43' lang='lat' dir='ltr'><strong>{div-cei</strong></span> <span class='ocrx_word' id='word_1_716' title='bbox 983 2585 1101 2623; x_wconf 80' lang='grc' dir='ltr'>Χριστοῦ</span> <span class='ocrx_word' id='word_1_717' title='bbox 1118 2585 1245 2622; x_wconf 78' lang='grc' dir='ltr'>μαθητῶν</span> <span class='ocrx_word' id='word_1_718' title='bbox 1254 2587 1376 2623; x_wconf 81' lang='grc' dir='ltr'>ὑπάρξας</span> <span class='ocrx_word' id='word_1_719' title='bbox 1392 2585 1783 2623; x_wconf 19' lang='grc' dir='ltr'>χολασθήσετ-αιμιιεεοεεθιευὲηλῑ</span> <span class='ocrx_word' id='word_1_720' title='bbox 1797 2585 1832 2613; x_wconf 76' lang='lat' dir='ltr'><strong>ex</strong></span> <span class='ocrx_word' id='word_1_721' title='bbox 1841 2587 1871 2623; x_wconf 77' lang='grc' dir='ltr'><strong>ρ,</strong></span> 
     </span>
    </p>
   </div>
   <div class='ocr_carea' id='block_1_99' title="bbox 245 2620 1868 2658">
    <p class='ocr_par' dir='ltr' id='par_1_99' title="bbox 245 2620 1868 2658">
     <span class='ocr_line' id='line_1_101' title="bbox 245 2620 1868 2658; baseline -0.001 -8"><span class='ocrx_word' id='word_1_722' title='bbox 245 2620 422 2658; x_wconf 81' lang='lat' dir='ltr'><strong>Subsequens</strong></span> <span class='ocrx_word' id='word_1_723' title='bbox 434 2621 589 2658; x_wconf 25' lang='lat' dir='ltr'><strong>xaiiaddidi</strong></span> <span class='ocrx_word' id='word_1_724' title='bbox 604 2629 637 2658; x_wconf 62' lang='lat' dir='ltr'><strong>ex;</strong></span> <span class='ocrx_word' id='word_1_725' title='bbox 649 2621 817 2658; x_wconf 63' lang='lat' dir='ltr'><strong>conjectura.</strong></span> <span class='ocrx_word' id='word_1_726' title='bbox 840 2620 878 2658; x_wconf 27' lang='grc' dir='ltr'><strong>Δί’</strong></span> <span class='ocrx_word' id='word_1_727' title='bbox 888 2620 1036 2658; x_wconf 67' lang='grc' dir='ltr'>βληθήσεέε</span> <span class='ocrx_word' id='word_1_728' title='bbox 1052 2622 1073 2648; x_wconf 93' lang='grc' dir='ltr'><strong>Ο</strong></span> <span class='ocrx_word' id='word_1_729' title='bbox 1087 2641 1094 2653; x_wconf 80' lang='lat'><strong>,</strong></span> <span class='ocrx_word' id='word_1_730' title='bbox 1107 2620 1153 2654; x_wconf 77' lang='lat' dir='ltr'><strong>qui</strong></span> <span class='ocrx_word' id='word_1_731' title='bbox 1167 2620 1224 2649; x_wconf 85' lang='lat' dir='ltr'><strong>tum</strong></span> <span class='ocrx_word' id='word_1_732' title='bbox 1242 2620 1344 2658; x_wconf 80' lang='grc' dir='ltr'>μοιχόν.</span> <span class='ocrx_word' id='word_1_733' title='bbox 1383 2623 1405 2639; x_wconf 83' lang='grc'><strong>²⁹</strong></span> <span class='ocrx_word' id='word_1_734' title='bbox 1414 2620 1532 2658; x_wconf 77' lang='grc' dir='ltr'>ἁρπάσει</span> <span class='ocrx_word' id='word_1_735' title='bbox 1549 2621 1579 2658; x_wconf 58' lang='grc' dir='ltr'><strong>5ἶ</strong></span> <span class='ocrx_word' id='word_1_736' title='bbox 1593 2621 1663 2658; x_wconf 87' lang='lat' dir='ltr'><strong>Tum</strong></span> <span class='ocrx_word' id='word_1_737' title='bbox 1679 2620 1828 2656; x_wconf 81' lang='grc' dir='ltr'>εὑρεθέντα</span> <span class='ocrx_word' id='word_1_738' title='bbox 1836 2621 1868 2649; x_wconf 89' lang='lat' dir='ltr'><strong>C.</strong></span> 
     </span>
    </p>
   </div>
   <div class='ocr_carea' id='block_1_100' title="bbox 244 2655 1870 2692">
    <p class='ocr_par' dir='ltr' id='par_1_100' title="bbox 244 2655 1870 2692">
     <span class='ocr_line' id='line_1_102' title="bbox 244 2655 1870 2692; baseline 0 -8"><span class='ocrx_word' id='word_1_739' title='bbox 244 2655 361 2690; x_wconf 73' lang='grc' dir='ltr'><strong>³’ίδότες</strong></span> <span class='ocrx_word' id='word_1_740' title='bbox 375 2659 406 2685; x_wconf 86' lang='grc' dir='ltr'><strong>Ο.</strong></span> <span class='ocrx_word' id='word_1_741' title='bbox 445 2657 496 2684; x_wconf 81' lang='lat' dir='ltr'><strong>&quot;C</strong></span> <span class='ocrx_word' id='word_1_742' title='bbox 523 2657 576 2692; x_wconf 75' lang='lat' dir='ltr'><strong>legi</strong></span> <span class='ocrx_word' id='word_1_743' title='bbox 591 2656 649 2683; x_wconf 93' lang='lat' dir='ltr'><strong>vult</strong></span> <span class='ocrx_word' id='word_1_744' title='bbox 666 2655 781 2692; x_wconf 83' lang='grc' dir='ltr'>φέρεσθε</span> <span class='ocrx_word' id='word_1_745' title='bbox 798 2660 824 2682; x_wconf 90' lang='lat' dir='ltr'><strong>et</strong></span> <span class='ocrx_word' id='word_1_746' title='bbox 832 2655 1013 2692; x_wconf 69' lang='grc' dir='ltr'>ἀναφέρεσθε,</span> <span class='ocrx_word' id='word_1_747' title='bbox 1037 2662 1119 2691; x_wconf 87' lang='lat' dir='ltr'><strong>atque</strong></span> <span class='ocrx_word' id='word_1_748' title='bbox 1135 2657 1204 2685; x_wconf 90' lang='lat' dir='ltr'><strong>hanc</strong></span> <span class='ocrx_word' id='word_1_749' title='bbox 1220 2655 1383 2692; x_wconf 79' lang='lat' dir='ltr'><strong>scripturam</strong></span> <span class='ocrx_word' id='word_1_750' title='bbox 1398 2655 1668 2686; x_wconf 62' lang='lat' dir='ltr'><strong>in&#39;versioneLatina</strong></span> <span class='ocrx_word' id='word_1_751' title='bbox 1686 2655 1799 2692; x_wconf 72' lang='lat' dir='ltr'><strong>secutus</strong></span> <span class='ocrx_word' id='word_1_752' title='bbox 1819 2661 1870 2684; x_wconf 86' lang='lat' dir='ltr'><strong>est.</strong></span> 
     </span>
    </p>
   </div>
   <div class='ocr_carea' id='block_1_101' title="bbox 245 2691 1874 2728">
    <p class='ocr_par' dir='ltr' id='par_1_101' title="bbox 245 2691 1874 2728">
     <span class='ocr_line' id='line_1_103' title="bbox 245 2691 1874 2728; baseline -0.001 -8"><span class='ocrx_word' id='word_1_753' title='bbox 245 2692 359 2721; x_wconf 75' lang='lat' dir='ltr'><strong>Rectius</strong></span> <span class='ocrx_word' id='word_1_754' title='bbox 385 2692 407 2719; x_wconf 72' lang='grc' dir='ltr'><strong><em>Β</em></strong></span> <span class='ocrx_word' id='word_1_755' title='bbox 436 2691 580 2728; x_wconf 83' lang='lat' dir='ltr'><strong>proposuit</strong></span> <span class='ocrx_word' id='word_1_756' title='bbox 587 2691 703 2728; x_wconf 53' lang='grc' dir='ltr'>φέρεται</span> <span class='ocrx_word' id='word_1_757' title='bbox 713 2695 741 2717; x_wconf 90' lang='lat' dir='ltr'><strong>et</strong></span> <span class='ocrx_word' id='word_1_758' title='bbox 752 2691 916 2728; x_wconf 69' lang='grc' dir='ltr'>ἀναφέρεται</span> <span class='ocrx_word' id='word_1_759' title='bbox 933 2691 984 2727; x_wconf 89' lang='lat' dir='ltr'><strong>(sc.</strong></span> <span class='ocrx_word' id='word_1_760' title='bbox 1003 2694 1020 2728; x_wconf 90' lang='grc' dir='ltr'>ἡ</span> <span class='ocrx_word' id='word_1_761' title='bbox 1036 2692 1125 2728; x_wconf 79' lang='grc' dir='ltr'>τιμή),</span> <span class='ocrx_word' id='word_1_762' title='bbox 1139 2693 1188 2720; x_wconf 90' lang='lat' dir='ltr'><strong>cfr.</strong></span> <span class='ocrx_word' id='word_1_763' title='bbox 1203 2691 1286 2727; x_wconf 79' lang='lat' dir='ltr'><strong>supra</strong></span> <span class='ocrx_word' id='word_1_764' title='bbox 1300 2701 1323 2721; x_wconf 84' lang='lat' dir='ltr'><strong>c.</strong></span> <span class='ocrx_word' id='word_1_765' title='bbox 1341 2693 1386 2726; x_wconf 86' lang='lat'><strong>66,</strong></span> <span class='ocrx_word' id='word_1_766' title='bbox 1407 2693 1452 2720; x_wconf 90' lang='lat' dir='ltr'><strong>ubi</strong></span> <span class='ocrx_word' id='word_1_767' title='bbox 1476 2693 1546 2720; x_wconf 89' lang='lat' dir='ltr'><strong>idem</strong></span> <span class='ocrx_word' id='word_1_768' title='bbox 1563 2692 1660 2727; x_wconf 76' lang='lat' dir='ltr'><strong>legitur</strong></span> <span class='ocrx_word' id='word_1_769' title='bbox 1681 2691 1777 2728; x_wconf 65' lang='lat' dir='ltr'><strong>iisdem</strong></span> <span class='ocrx_word' id='word_1_770' title='bbox 1803 2697 1874 2727; x_wconf 86' lang='lat' dir='ltr'><strong>pene</strong></span> 
     </span>
    </p>
   </div>
   <div class='ocr_carea' id='block_1_102' title="bbox 955 2478 1872 2517">
    <p class='ocr_par' dir='ltr' id='par_1_102' title="bbox 955 2478 1872 2517">
     <span class='ocr_line' id='line_1_104' title="bbox 955 2478 1872 2517; baseline 0.002 -13"><span class='ocrx_word' id='word_1_771' title='bbox 955 2478 984 2517; x_wconf 83' lang='lat'><strong>“_</strong></span> <span class='ocrx_word' id='word_1_772' title='bbox 1002 2478 1137 2514; x_wconf 79' lang='grc' dir='ltr'>παρέχετε</span> <span class='ocrx_word' id='word_1_773' title='bbox 1167 2480 1243 2516; x_wconf 78' lang='lat' dir='ltr'><strong>(lege</strong></span> <span class='ocrx_word' id='word_1_774' title='bbox 1278 2481 1414 2517; x_wconf 79' lang='grc' dir='ltr'>παρέξητε</span> <span class='ocrx_word' id='word_1_775' title='bbox 1431 2480 1518 2517; x_wconf 65' lang='grc'><strong>1))(1,</strong></span> <span class='ocrx_word' id='word_1_776' title='bbox 1531 2480 1584 2517; x_wconf 65' lang='lat' dir='ltr'><strong>qui</strong></span> <span class='ocrx_word' id='word_1_777' title='bbox 1592 2479 1689 2507; x_wconf 83' lang='lat' dir='ltr'><strong>deinde</strong></span> <span class='ocrx_word' id='word_1_778' title='bbox 1703 2479 1764 2517; x_wconf 77' lang='lat' dir='ltr'><strong>exh.</strong></span> <span class='ocrx_word' id='word_1_779' title='bbox 1794 2480 1872 2507; x_wconf 76' lang='grc' dir='ltr'><strong>ἐνδύ-</strong></span> 
     </span>
    </p>
   </div>
   <div class='ocr_carea' id='block_1_103' title="bbox 790 2513 1872 2568">
    <p class='ocr_par' dir='ltr' id='par_1_103' title="bbox 790 2513 1872 2568">
     <span class='ocr_line' id='line_1_105' title="bbox 790 2513 1872 2568; baseline 0.002 -28"><span class='ocrx_word' id='word_1_780' title='bbox 790 2513 1003 2558; x_wconf 43' lang='grc' dir='ltr'>ὲ-ἀποδέξασθε</span> <span class='ocrx_word' id='word_1_781' title='bbox 1026 2513 1060 2535; x_wconf 50' lang='lat'><strong><em>4</em></strong></span> <span class='ocrx_word' id='word_1_782' title='bbox 1076 2513 1226 2552; x_wconf 80' lang='grc' dir='ltr'>μισήσητεῖ</span> <span class='ocrx_word' id='word_1_783' title='bbox 1282 2517 1305 2532; x_wconf 84' lang='grc'><strong>¹¹</strong></span> <span class='ocrx_word' id='word_1_784' title='bbox 1319 2513 1499 2568; x_wconf 49' lang='grc' dir='ltr'>’συνδέχξσθῆ</span> <span class='ocrx_word' id='word_1_785' title='bbox 1530 2513 1604 2542; x_wconf 77' lang='grc' dir='ltr'>ἐῐσθε</span> <span class='ocrx_word' id='word_1_786' title='bbox 1627 2523 1654 2550; x_wconf 87' lang='lat' dir='ltr'><strong>p.</strong></span> <span class='ocrx_word' id='word_1_787' title='bbox 1695 2514 1872 2558; x_wconf 58' lang='grc' dir='ltr'>συνέρχεσθε,</span> 
     </span>
     <span class='ocr_line' id='line_1_106' title="bbox 790 2549 1872 2568; baseline 0 0"><span class='ocrx_word' id='word_1_788' title='bbox 790 2558 879 2568; x_wconf 69' lang='grc' dir='ltr'>ηυεμρε</span> <span class='ocrx_word' id='word_1_789' title='bbox 894 2550 915 2568; x_wconf 77' lang='grc' dir='ltr'>ι.</span> <span class='ocrx_word' id='word_1_790' title='bbox 965 2549 1033 2568; x_wconf 68' lang='lat'><strong>1‘&quot;...</strong></span> <span class='ocrx_word' id='word_1_791' title='bbox 1051 2551 1190 2568; x_wconf 64' lang='grc' dir='ltr'>λκιινιημη</span> <span class='ocrx_word' id='word_1_792' title='bbox 1215 2551 1359 2568; x_wconf 54' lang='lat' dir='ltr'><strong>smnun</strong></span> <span class='ocrx_word' id='word_1_793' title='bbox 1407 2554 1417 2568; x_wconf 80' lang='grc' dir='ltr'><strong>ι</strong></span> <span class='ocrx_word' id='word_1_794' title='bbox 1440 2551 1508 2568; x_wconf 67' lang='lat' dir='ltr'><strong>mn</strong></span> <span class='ocrx_word' id='word_1_795' title='bbox 1529 2559 1543 2568; x_wconf 82' lang='lat'><strong>..</strong></span> <span class='ocrx_word' id='word_1_796' title='bbox 1572 2550 1590 2568; x_wconf 60' lang='grc' dir='ltr'><strong>ξ</strong></span> <span class='ocrx_word' id='word_1_797' title='bbox 1627 2551 1659 2568; x_wconf 58' lang='grc' dir='ltr'><strong>κα</strong></span> <span class='ocrx_word' id='word_1_798' title='bbox 1682 2549 1702 2568; x_wconf 74' lang='lat' dir='ltr'><strong>r‘.</strong></span> <span class='ocrx_word' id='word_1_799' title='bbox 1753 2550 1777 2565; x_wconf 73' lang='grc' dir='ltr'><strong>ιι</strong></span> 
     </span>
    </p>
   </div>
   <div class='ocr_carea' id='block_1_104' title="bbox 779 2549 1711 2586">
    <p class='ocr_par' dir='ltr' id='par_1_104' title="bbox 779 2549 1711 2586">
     <span class='ocr_line' id='line_1_107' title="bbox 779 2549 1711 2586; baseline 0.001 -10"><span class='ocrx_word' id='word_1_800' title='bbox 779 2552 880 2586; x_wconf 75' lang='grc' dir='ltr'>ποιεῖτε</span> <span class='ocrx_word' id='word_1_801' title='bbox 894 2550 925 2577; x_wconf 84' lang='lat' dir='ltr'><strong>C.</strong></span> <span class='ocrx_word' id='word_1_802' title='bbox 950 2549 1034 2586; x_wconf 18' lang='lat' dir='ltr'><strong>iTum</strong></span> <span class='ocrx_word' id='word_1_803' title='bbox 1051 2549 1164 2585; x_wconf 82' lang='grc' dir='ltr'>ἁσυχίας</span> <span class='ocrx_word' id='word_1_804' title='bbox 1215 2551 1328 2584; x_wconf 86' lang='grc' dir='ltr'>ἀσυλίας</span> <span class='ocrx_word' id='word_1_805' title='bbox 1339 2553 1367 2578; x_wconf 90' lang='grc' dir='ltr'><strong>Ο.</strong></span> <span class='ocrx_word' id='word_1_806' title='bbox 1407 2549 1430 2568; x_wconf 70' lang='grc' dir='ltr'><strong>ίδ</strong></span> <span class='ocrx_word' id='word_1_807' title='bbox 1440 2551 1508 2578; x_wconf 87' lang='lat' dir='ltr'><strong>ltaO</strong></span> <span class='ocrx_word' id='word_1_808' title='bbox 1529 2559 1552 2578; x_wconf 91' lang='lat' dir='ltr'><strong>c.</strong></span> <span class='ocrx_word' id='word_1_809' title='bbox 1571 2550 1599 2578; x_wconf 83' lang='lat' dir='ltr'><strong>S.</strong></span> <span class='ocrx_word' id='word_1_810' title='bbox 1627 2549 1660 2586; x_wconf 76' lang='grc' dir='ltr'>τῇ</span> <span class='ocrx_word' id='word_1_811' title='bbox 1682 2549 1711 2577; x_wconf 90' lang='lat' dir='ltr'><strong>C.</strong></span> 
     </span>
    </p>
   </div>
   <div class='ocr_carea' id='block_1_105' title="bbox 246 2726 1869 2766">
    <p class='ocr_par' dir='ltr' id='par_1_105' title="bbox 246 2726 1869 2766">
     <span class='ocr_line' id='line_1_108' title="bbox 246 2726 1869 2766; baseline 0 -12"><span class='ocrx_word' id='word_1_812' title='bbox 246 2729 343 2766; x_wconf 80' lang='lat' dir='ltr'><strong>verbis.</strong></span> <span class='ocrx_word' id='word_1_813' title='bbox 362 2726 567 2766; x_wconf 53' lang='lat' dir='ltr'><strong>Praetereacnm</strong></span> <span class='ocrx_word' id='word_1_814' title='bbox 580 2727 612 2766; x_wconf 65' lang='grc' dir='ltr'><strong>(ξι</strong></span> <span class='ocrx_word' id='word_1_815' title='bbox 629 2726 963 2766; x_wconf 45' lang='grc' dir='ltr'>⁷βοζίὺεηᾱιιιιι-προφάσει</span> <span class='ocrx_word' id='word_1_816' title='bbox 979 2726 1028 2766; x_wconf 66' lang='grc' dir='ltr'>τῆς</span> <span class='ocrx_word' id='word_1_817' title='bbox 1042 2726 1202 2766; x_wconf 43' lang='lat' dir='ltr'><strong>(sciscitans)</strong></span> <span class='ocrx_word' id='word_1_818' title='bbox 1221 2726 1716 2766; x_wconf 44' lang='lat' dir='ltr'><strong>ripb;__edrév._yertettdumitaque:</strong></span> <span class='ocrx_word' id='word_1_819' title='bbox 1733 2726 1869 2766; x_wconf 69' lang='lat' dir='ltr'><strong>scientes,</strong></span> 
     </span>
    </p>
   </div>
   <div class='ocr_carea' id='block_1_106' title="bbox 245 2737 1870 2799">
    <p class='ocr_par' dir='ltr' id='par_1_106' title="bbox 245 2737 1870 2799">
     <span class='ocr_line' id='line_1_109' title="bbox 246 2737 1869 2764; baseline 0 -10"><span class='ocrx_word' id='word_1_820' title='bbox 246 2737 343 2756; x_wconf 76' lang='lat' dir='ltr'><strong>verbis.</strong></span> <span class='ocrx_word' id='word_1_821' title='bbox 362 2737 494 2756; x_wconf 69' lang='lat' dir='ltr'><strong>rmrerea</strong></span> <span class='ocrx_word' id='word_1_822' title='bbox 506 2737 567 2754; x_wconf 83' lang='lat' dir='ltr'><strong>cum</strong></span> <span class='ocrx_word' id='word_1_823' title='bbox 580 2737 612 2754; x_wconf 76' lang='grc' dir='ltr'>ω</span> <span class='ocrx_word' id='word_1_824' title='bbox 639 2737 814 2754; x_wconf 81' lang='lat' dir='ltr'><strong>senueuuum</strong></span> <span class='ocrx_word' id='word_1_825' title='bbox 828 2737 963 2762; x_wconf 80' lang='grc' dir='ltr'>προφαπι</span> <span class='ocrx_word' id='word_1_826' title='bbox 979 2737 994 2753; x_wconf 89' lang='grc' dir='ltr'><strong>τ</strong></span> <span class='ocrx_word' id='word_1_827' title='bbox 1015 2737 1028 2759; x_wconf 92' lang='grc' dir='ltr'>ς</span> <span class='ocrx_word' id='word_1_828' title='bbox 1042 2737 1092 2763; x_wconf 68' lang='lat' dir='ltr'><strong>tsc.</strong></span> <span class='ocrx_word' id='word_1_829' title='bbox 1110 2737 1202 2764; x_wconf 76' lang='grc' dir='ltr'>τιμης)</span> <span class='ocrx_word' id='word_1_830' title='bbox 1221 2737 1289 2764; x_wconf 86' lang='grc' dir='ltr'>προς</span> <span class='ocrx_word' id='word_1_831' title='bbox 1310 2737 1399 2755; x_wconf 87' lang='grc' dir='ltr'>αυτον.</span> <span class='ocrx_word' id='word_1_832' title='bbox 1424 2737 1585 2756; x_wconf 78' lang='lat' dir='ltr'><strong>vertendum</strong></span> <span class='ocrx_word' id='word_1_833' title='bbox 1605 2737 1716 2762; x_wconf 75' lang='lat' dir='ltr'><strong>itaque:</strong></span> <span class='ocrx_word' id='word_1_834' title='bbox 1733 2737 1869 2759; x_wconf 68' lang='lat' dir='ltr'><strong>acuentes,</strong></span> 
     </span>
     <span class='ocr_line' id='line_1_110' title="bbox 245 2737 1870 2799; baseline 0 -9"><span class='ocrx_word' id='word_1_835' title='bbox 245 2764 318 2799; x_wconf 84' lang='lat' dir='ltr'><strong>quod</strong></span> <span class='ocrx_word' id='word_1_836' title='bbox 333 2764 388 2799; x_wconf 17' lang='lat' dir='ltr'><strong>sub,</strong></span> <span class='ocrx_word' id='word_1_837' title='bbox 397 2764 487 2799; x_wconf 83' lang='lat' dir='ltr'><strong>specie</strong></span> <span class='ocrx_word' id='word_1_838' title='bbox 502 2762 616 2799; x_wconf 75' lang='lat' dir='ltr'><strong>honoris</strong></span> <span class='ocrx_word' id='word_1_839' title='bbox 631 2761 659 2788; x_wconf 74' lang='lat' dir='ltr'><strong>in</strong></span> <span class='ocrx_word' id='word_1_840' title='bbox 674 2761 957 2799; x_wconf 11' lang='lat' dir='ltr'><strong>ipsumqgepiscopum)</strong></span> <span class='ocrx_word' id='word_1_841' title='bbox 971 2737 1273 2799; x_wconf 20' lang='lat' dir='ltr'><strong>céilatirferturihonor</strong></span> <span class='ocrx_word' id='word_1_842' title='bbox 1287 2763 1343 2798; x_wconf 82' lang='lat' dir='ltr'><strong>ille)</strong></span> <span class='ocrx_word' id='word_1_843' title='bbox 1355 2764 1382 2799; x_wconf 79' lang='lat' dir='ltr'><strong>in</strong></span> <span class='ocrx_word' id='word_1_844' title='bbox 1395 2763 1536 2799; x_wconf 72' lang='lat' dir='ltr'><strong>Christum</strong></span> <span class='ocrx_word' id='word_1_845' title='bbox 1547 2767 1574 2790; x_wconf 85' lang='lat' dir='ltr'><strong>et</strong></span> <span class='ocrx_word' id='word_1_846' title='bbox 1584 2771 1599 2790; x_wconf 85' lang='lat'><strong>:.</strong></span> <span class='ocrx_word' id='word_1_847' title='bbox 1612 2763 1721 2790; x_wconf 83' lang='lat' dir='ltr'><strong>Christo</strong></span> <span class='ocrx_word' id='word_1_848' title='bbox 1729 2762 1768 2799; x_wconf 61' lang='lat' dir='ltr'><strong>ad</strong></span> <span class='ocrx_word' id='word_1_849' title='bbox 1782 2761 1870 2799; x_wconf 67' lang='lat' dir='ltr'><strong>Deum</strong></span> 
     </span>
    </p>
   </div>
   <div class='ocr_carea' id='block_1_107' title="bbox 247 2795 1871 2833">
    <p class='ocr_par' dir='ltr' id='par_1_107' title="bbox 247 2795 1871 2833">
     <span class='ocr_line' id='line_1_111' title="bbox 247 2795 1871 2833; baseline -0.001 -9"><span class='ocrx_word' id='word_1_850' title='bbox 247 2795 364 2826; x_wconf 75' lang='lat' dir='ltr'><strong>refertur</strong></span> <span class='ocrx_word' id='word_1_851' title='bbox 378 2795 421 2826; x_wconf 51' lang='lat' dir='ltr'><strong>Sf</strong></span> <span class='ocrx_word' id='word_1_852' title='bbox 441 2799 463 2815; x_wconf 81' lang='grc'>⁸²</span> <span class='ocrx_word' id='word_1_853' title='bbox 470 2797 672 2824; x_wconf 81' lang='grc' dir='ltr'>ἀνταποδίδοται</span> <span class='ocrx_word' id='word_1_854' title='bbox 687 2795 730 2833; x_wconf 89' lang='lat'><strong>0._</strong></span> <span class='ocrx_word' id='word_1_855' title='bbox 759 2795 787 2833; x_wconf 56' lang='lat'><strong>&#39;1</strong></span> <span class='ocrx_word' id='word_1_856' title='bbox 791 2795 924 2833; x_wconf 78' lang='grc' dir='ltr'>τιμήσατε</span> <span class='ocrx_word' id='word_1_857' title='bbox 936 2797 968 2833; x_wconf 68' lang='grc' dir='ltr'><strong>β.</strong></span> <span class='ocrx_word' id='word_1_858' title='bbox 985 2798 1054 2826; x_wconf 89' lang='lat' dir='ltr'><strong>Tum</strong></span> <span class='ocrx_word' id='word_1_859' title='bbox 1066 2795 1196 2830; x_wconf 81' lang='grc' dir='ltr'>Μωῦσέος</span> <span class='ocrx_word' id='word_1_860' title='bbox 1208 2802 1236 2826; x_wconf 86' lang='lat'><strong>0.</strong></span> <span class='ocrx_word' id='word_1_861' title='bbox 1277 2795 1343 2826; x_wconf 55' lang='lat' dir='ltr'><strong>una</strong></span> <span class='ocrx_word' id='word_1_862' title='bbox 1353 2798 1375 2826; x_wconf 93' lang='grc' dir='ltr'>Ο</span> <span class='ocrx_word' id='word_1_863' title='bbox 1399 2807 1422 2826; x_wconf 92' lang='lat' dir='ltr'><strong>c.</strong></span> <span class='ocrx_word' id='word_1_864' title='bbox 1437 2798 1572 2826; x_wconf 81' lang='lat' dir='ltr'><strong>Turriano</strong></span> <span class='ocrx_word' id='word_1_865' title='bbox 1583 2799 1601 2825; x_wconf 87' lang='grc' dir='ltr'>ι.</span> <span class='ocrx_word' id='word_1_866' title='bbox 1619 2805 1658 2833; x_wconf 80' lang='lat' dir='ltr'><strong>c.,</strong></span> <span class='ocrx_word' id='word_1_867' title='bbox 1671 2796 1832 2833; x_wconf 72' lang='grc' dir='ltr'>νομίζονται</span> <span class='ocrx_word' id='word_1_868' title='bbox 1839 2796 1871 2824; x_wconf 89' lang='lat' dir='ltr'><strong>C.</strong></span> 
     </span>
    </p>
   </div>
   <div class='ocr_carea' id='block_1_108' title="bbox 249 2830 1872 2896">
    <p class='ocr_par' dir='ltr' id='par_1_108' title="bbox 249 2830 1872 2896">
     <span class='ocr_line' id='line_1_112' title="bbox 249 2830 1872 2896; baseline -0.001 -35"><span class='ocrx_word' id='word_1_869' title='bbox 249 2833 407 2896; x_wconf 52' lang='grc' dir='ltr'>ἓξὲἓιιεεο</span> <span class='ocrx_word' id='word_1_870' title='bbox 426 2834 571 2869; x_wconf 76' lang='lat' dir='ltr'><strong>legendum</strong></span> <span class='ocrx_word' id='word_1_871' title='bbox 598 2832 689 2868; x_wconf 85' lang='grc' dir='ltr'>μόνοις</span> <span class='ocrx_word' id='word_1_872' title='bbox 713 2830 741 2858; x_wconf 85' lang='lat' dir='ltr'><strong>S.</strong></span> <span class='ocrx_word' id='word_1_873' title='bbox 765 2830 834 2859; x_wconf 85' lang='lat' dir='ltr'><strong>Tum</strong></span> <span class='ocrx_word' id='word_1_874' title='bbox 847 2830 915 2865; x_wconf 82' lang='grc' dir='ltr'>ὅλως</span> <span class='ocrx_word' id='word_1_875' title='bbox 929 2831 961 2861; x_wconf 92' lang='lat'><strong>0.</strong></span> <span class='ocrx_word' id='word_1_876' title='bbox 1000 2833 1226 2870; x_wconf 79' lang='grc' dir='ltr'>³⁶αὺτοπρόνοιαν</span> <span class='ocrx_word' id='word_1_877' title='bbox 1242 2842 1268 2870; x_wconf 88' lang='lat' dir='ltr'><strong>p.</strong></span> <span class='ocrx_word' id='word_1_878' title='bbox 1281 2833 1364 2862; x_wconf 82' lang='grc' dir='ltr'>αὐτοῦ</span> <span class='ocrx_word' id='word_1_879' title='bbox 1375 2834 1501 2871; x_wconf 82' lang='grc' dir='ltr'>πρόνοιαν</span> <span class='ocrx_word' id='word_1_880' title='bbox 1515 2837 1545 2861; x_wconf 89' lang='grc' dir='ltr'>υ.</span> <span class='ocrx_word' id='word_1_881' title='bbox 1584 2833 1606 2850; x_wconf 86' lang='grc'>³⁷</span> <span class='ocrx_word' id='word_1_882' title='bbox 1617 2832 1656 2861; x_wconf 86' lang='lat' dir='ltr'><strong>Ita</strong></span> <span class='ocrx_word' id='word_1_883' title='bbox 1666 2832 1689 2861; x_wconf 93' lang='lat'><strong>0</strong></span> <span class='ocrx_word' id='word_1_884' title='bbox 1704 2830 1736 2860; x_wconf 66' lang='lat' dir='ltr'><strong>&#39;c.</strong></span> <span class='ocrx_word' id='word_1_885' title='bbox 1751 2831 1773 2860; x_wconf 87' lang='lat' dir='ltr'><strong><em>S</em></strong></span> <span class='ocrx_word' id='word_1_886' title='bbox 1787 2832 1872 2867; x_wconf 76' lang='grc' dir='ltr'>,ὑπο-</span> 
     </span>
    </p>
   </div>
   <div class='ocr_carea' id='block_1_109' title="bbox 249 2876 356 2904">
    <p class='ocr_par' dir='ltr' id='par_1_109' title="bbox 249 2876 356 2904">
     <span class='ocr_line' id='line_1_113' title="bbox 249 2876 356 2904; baseline -0.009 -7"><span class='ocrx_word' id='word_1_887' title='bbox 249 2876 314 2904; x_wconf 81' lang='grc' dir='ltr'>στεῃ</span> <span class='ocrx_word' id='word_1_888' title='bbox 325 2876 356 2896; x_wconf 61' lang='grc' dir='ltr'>ιλ,</span> 
     </span>
    </p>
   </div>
  </div>
