  <div class='ocr_page' id='page_1' title='image "/cluster/home/n/w/nwhite01/storage/ocr_20150623/2/njp.32101077772349/122.png"; bbox 0 0 1942 3100; ppageno 0'>
   <div class='ocr_carea' id='block_1_1' title="bbox 76 148 124 176">
    <p class='ocr_par' dir='ltr' id='par_1_1' title="bbox 76 148 124 176">
     <span class='ocr_line' id='line_1_1' title="bbox 76 148 124 176; baseline 0 0"><span class='ocrx_word' id='word_1_1' title='bbox 76 148 124 176; x_wconf 75' lang='grc'><strong>157</strong></span> 
     </span>
    </p>
   </div>
   <div class='ocr_carea' id='block_1_2' title="bbox 629 153 1118 184">
    <p class='ocr_par' dir='ltr' id='par_1_2' title="bbox 629 153 1118 184">
     <span class='ocr_line' id='line_1_2' title="bbox 629 153 1118 184; baseline 0.008 -4"><span class='ocrx_word' id='word_1_2' title='bbox 629 153 858 182; x_wconf 61' lang='grc' dir='ltr'><strong>οιειιΕιςτιΝΑ.</strong></span> <span class='ocrx_word' id='word_1_3' title='bbox 870 169 906 177; x_wconf 88' lang='grc'><strong>--</strong></span> <span class='ocrx_word' id='word_1_4' title='bbox 917 156 1059 184; x_wconf 76' lang='lat' dir='ltr'><strong>HOMILIA</strong></span> <span class='ocrx_word' id='word_1_5' title='bbox 1075 155 1118 184; x_wconf 78' lang='lat' dir='ltr'><strong>IV.</strong></span> 
     </span>
    </p>
   </div>
   <div class='ocr_carea' id='block_1_3' title="bbox 1655 157 1707 185">
    <p class='ocr_par' dir='ltr' id='par_1_3' title="bbox 1655 157 1707 185">
     <span class='ocr_line' id='line_1_3' title="bbox 1655 157 1707 185; baseline 0 -1"><span class='ocrx_word' id='word_1_6' title='bbox 1655 157 1707 185; x_wconf 75' lang='lat' dir='ltr'><strong>I58</strong></span> 
     </span>
    </p>
   </div>
   <div class='ocr_carea' id='block_1_4' title="bbox 76 208 869 251">
    <p class='ocr_par' dir='ltr' id='par_1_4' title="bbox 76 208 869 249">
     <span class='ocr_line' id='line_1_4' title="bbox 76 208 869 249; baseline 0.006 -15"><span class='ocrx_word' id='word_1_7' title='bbox 76 208 219 240; x_wconf 62' lang='grc' dir='ltr'><strong>πολεῖταη</strong></span> <span class='ocrx_word' id='word_1_8' title='bbox 239 208 287 243; x_wconf 81' lang='grc' dir='ltr'><strong>Μὴ</strong></span> <span class='ocrx_word' id='word_1_9' title='bbox 308 208 430 243; x_wconf 78' lang='grc' dir='ltr'>γένοιτο.</span> <span class='ocrx_word' id='word_1_10' title='bbox 447 211 534 243; x_wconf 79' lang='grc' dir='ltr'>Εῐτις</span> <span class='ocrx_word' id='word_1_11' title='bbox 546 212 601 247; x_wconf 75' lang='grc' dir='ltr'><strong>γὰρ</strong></span> <span class='ocrx_word' id='word_1_12' title='bbox 615 211 694 248; x_wconf 70' lang='grc' dir='ltr'>ἔχων,</span> <span class='ocrx_word' id='word_1_13' title='bbox 708 212 789 239; x_wconf 71' lang='grc' dir='ltr'>πόθεν</span> <span class='ocrx_word' id='word_1_14' title='bbox 809 213 869 249; x_wconf 79' lang='grc' dir='ltr'>ζῇν,</span> 
     </span>
    </p>
   </div>
   <div class='ocr_carea' id='block_1_5' title="bbox 922 208 1706 251">
    <p class='ocr_par' dir='ltr' id='par_1_5' title="bbox 922 214 1706 251">
     <span class='ocr_line' id='line_1_5' title="bbox 922 214 1706 251; baseline 0 -9"><span class='ocrx_word' id='word_1_15' title='bbox 922 222 970 242; x_wconf 91' lang='lat' dir='ltr'><strong>sua</strong></span> <span class='ocrx_word' id='word_1_16' title='bbox 982 215 1015 242; x_wconf 62' lang='lat' dir='ltr'><strong>ﬂ?</strong></span> <span class='ocrx_word' id='word_1_17' title='bbox 1038 214 1092 243; x_wconf 87' lang='lat' dir='ltr'><strong>Nec</strong></span> <span class='ocrx_word' id='word_1_18' title='bbox 1121 215 1194 242; x_wconf 83' lang='lat' dir='ltr'><strong>dicat</strong></span> <span class='ocrx_word' id='word_1_19' title='bbox 1218 215 1317 250; x_wconf 85' lang='lat' dir='ltr'><strong>aliquis</strong></span> <span class='ocrx_word' id='word_1_20' title='bbox 1330 223 1364 242; x_wconf 86' lang='lat' dir='ltr'><strong>an</strong></span> <span class='ocrx_word' id='word_1_21' title='bbox 1379 223 1443 250; x_wconf 81' lang='lat' dir='ltr'><strong>ergo</strong></span> <span class='ocrx_word' id='word_1_22' title='bbox 1455 216 1538 251; x_wconf 81' lang='lat' dir='ltr'><strong>gratis</strong></span> <span class='ocrx_word' id='word_1_23' title='bbox 1551 215 1631 242; x_wconf 85' lang='lat' dir='ltr'><strong>datus</strong></span> <span class='ocrx_word' id='word_1_24' title='bbox 1647 223 1706 242; x_wconf 84' lang='lat' dir='ltr'><strong>ser-</strong></span> 
     </span>
    </p>
   </div>
   <div class='ocr_carea' id='block_1_6' title="bbox 76 250 871 294">
    <p class='ocr_par' dir='ltr' id='par_1_6' title="bbox 76 250 871 294">
     <span class='ocr_line' id='line_1_6' title="bbox 76 250 871 294; baseline 0.005 -13"><span class='ocrx_word' id='word_1_25' title='bbox 76 253 142 289; x_wconf 74' lang='grc' dir='ltr'>λάϐῃ</span> <span class='ocrx_word' id='word_1_26' title='bbox 152 253 183 286; x_wconf 81' lang='grc'><strong>³⁸,</strong></span> <span class='ocrx_word' id='word_1_27' title='bbox 197 250 275 285; x_wconf 66' lang='grc' dir='ltr'>οὗτος</span> <span class='ocrx_word' id='word_1_28' title='bbox 285 254 374 282; x_wconf 74' lang='grc' dir='ltr'>πωλεῖ</span> <span class='ocrx_word' id='word_1_29' title='bbox 386 255 435 282; x_wconf 78' lang='grc' dir='ltr'>τὸν</span> <span class='ocrx_word' id='word_1_30' title='bbox 449 255 538 291; x_wconf 83' lang='grc' dir='ltr'>λόγον,</span> <span class='ocrx_word' id='word_1_31' title='bbox 550 258 574 283; x_wconf 87' lang='grc' dir='ltr'><strong>εί</strong></span> <span class='ocrx_word' id='word_1_32' title='bbox 587 257 615 284; x_wconf 88' lang='grc' dir='ltr'><strong>δὲ</strong></span> <span class='ocrx_word' id='word_1_33' title='bbox 632 257 670 293; x_wconf 85' lang='grc' dir='ltr'><strong>μὴ</strong></span> <span class='ocrx_word' id='word_1_34' title='bbox 681 257 750 293; x_wconf 74' lang='grc' dir='ltr'><strong>ἔχων</strong></span> <span class='ocrx_word' id='word_1_35' title='bbox 762 258 810 285; x_wconf 84' lang='grc' dir='ltr'>τοῦ</span> <span class='ocrx_word' id='word_1_36' title='bbox 821 258 871 294; x_wconf 79' lang='grc' dir='ltr'><strong>ζῇν</strong></span> 
     </span>
    </p>
   </div>
   <div class='ocr_carea' id='block_1_7' title="bbox 76 297 871 338">
    <p class='ocr_par' dir='ltr' id='par_1_7' title="bbox 76 297 871 338">
     <span class='ocr_line' id='line_1_7' title="bbox 76 297 871 338; baseline 0.006 -13"><span class='ocrx_word' id='word_1_37' title='bbox 76 299 152 334; x_wconf 78' lang='grc' dir='ltr'>χάριν</span> <span class='ocrx_word' id='word_1_38' title='bbox 166 297 302 334; x_wconf 84' lang='grc' dir='ltr'>λαμϐάνει</span> <span class='ocrx_word' id='word_1_39' title='bbox 314 301 434 337; x_wconf 73' lang='grc' dir='ltr'>τροφὴν,</span> <span class='ocrx_word' id='word_1_40' title='bbox 445 302 484 334; x_wconf 86' lang='grc' dir='ltr'>ὡς</span> <span class='ocrx_word' id='word_1_41' title='bbox 495 302 542 329; x_wconf 73' lang='grc' dir='ltr'><strong>καὶ</strong></span> <span class='ocrx_word' id='word_1_42' title='bbox 555 303 569 329; x_wconf 84' lang='grc' dir='ltr'><strong>ὁ</strong></span> <span class='ocrx_word' id='word_1_43' title='bbox 583 303 685 338; x_wconf 84' lang='grc' dir='ltr'>Κύριος</span> <span class='ocrx_word' id='word_1_44' title='bbox 695 303 789 330; x_wconf 75' lang='grc' dir='ltr'>ἔλαϐεν</span> <span class='ocrx_word' id='word_1_45' title='bbox 802 304 831 330; x_wconf 77' lang='grc' dir='ltr'>ἐν</span> <span class='ocrx_word' id='word_1_46' title='bbox 840 313 871 331; x_wconf 81' lang='grc' dir='ltr'><strong>τε</strong></span> 
     </span>
    </p>
   </div>
   <div class='ocr_carea' id='block_1_8' title="bbox 75 345 869 383">
    <p class='ocr_par' dir='ltr' id='par_1_8' title="bbox 75 345 869 383">
     <span class='ocr_line' id='line_1_8' title="bbox 75 345 869 383; baseline 0.005 -10"><span class='ocrx_word' id='word_1_47' title='bbox 75 345 189 377; x_wconf 74' lang='grc' dir='ltr'><strong>δείπνοις</strong></span> <span class='ocrx_word' id='word_1_48' title='bbox 197 345 245 373; x_wconf 70' lang='grc' dir='ltr'>καὶ</span> <span class='ocrx_word' id='word_1_49' title='bbox 253 346 352 381; x_wconf 83' lang='grc' dir='ltr'><strong>φίλοις,</strong></span> <span class='ocrx_word' id='word_1_50' title='bbox 366 348 446 375; x_wconf 78' lang='grc' dir='ltr'>οὐδὲν</span> <span class='ocrx_word' id='word_1_51' title='bbox 457 348 536 383; x_wconf 76' lang='grc' dir='ltr'>ἔχων,</span> <span class='ocrx_word' id='word_1_52' title='bbox 547 350 561 375; x_wconf 81' lang='grc' dir='ltr'><strong>ὁ</strong></span> <span class='ocrx_word' id='word_1_53' title='bbox 571 348 692 381; x_wconf 72' lang='grc' dir='ltr'>εἰσαῦθις</span> <span class='ocrx_word' id='word_1_54' title='bbox 702 349 737 376; x_wconf 85' lang='grc' dir='ltr'><strong>τὰ</strong></span> <span class='ocrx_word' id='word_1_55' title='bbox 749 350 838 377; x_wconf 83' lang='grc' dir='ltr'>πάντα</span> <span class='ocrx_word' id='word_1_56' title='bbox 847 351 869 367; x_wconf 81' lang='grc'>³⁹</span> 
     </span>
    </p>
   </div>
   <div class='ocr_carea' id='block_1_9' title="bbox 75 391 869 432">
    <p class='ocr_par' dir='ltr' id='par_1_9' title="bbox 75 391 869 432">
     <span class='ocr_line' id='line_1_9' title="bbox 75 391 869 432; baseline 0.006 -15"><span class='ocrx_word' id='word_1_57' title='bbox 75 391 152 426; x_wconf 72' lang='grc' dir='ltr'><strong>ἔχων,</strong></span> <span class='ocrx_word' id='word_1_58' title='bbox 166 392 218 427; x_wconf 79' lang='grc' dir='ltr'><strong>οὐχ</strong></span> <span class='ocrx_word' id='word_1_59' title='bbox 240 392 404 427; x_wconf 78' lang='grc' dir='ltr'><strong>ἁμαρτάνει.</strong></span> <span class='ocrx_word' id='word_1_60' title='bbox 428 393 594 424; x_wconf 78' lang='grc' dir='ltr'><strong>’Δκολούθως</strong></span> <span class='ocrx_word' id='word_1_61' title='bbox 612 391 659 421; x_wconf 84' lang='grc' dir='ltr'><strong>οὖν</strong></span> <span class='ocrx_word' id='word_1_62' title='bbox 680 395 777 430; x_wconf 81' lang='grc' dir='ltr'>τιμᾶτε</span> <span class='ocrx_word' id='word_1_63' title='bbox 799 403 869 432; x_wconf 83' lang='grc' dir='ltr'>πρε-</span> 
     </span>
    </p>
   </div>
   <div class='ocr_carea' id='block_1_10' title="bbox 76 436 868 477">
    <p class='ocr_par' dir='ltr' id='par_1_10' title="bbox 76 436 868 477">
     <span class='ocr_line' id='line_1_10' title="bbox 76 436 868 477; baseline 0.008 -15"><span class='ocrx_word' id='word_1_64' title='bbox 76 436 233 472; x_wconf 85' lang='grc' dir='ltr'>σϐυτέρους.</span> <span class='ocrx_word' id='word_1_65' title='bbox 240 438 412 474; x_wconf 76' lang='grc' dir='ltr'>κατηχητὰς,</span> <span class='ocrx_word' id='word_1_66' title='bbox 422 439 561 471; x_wconf 79' lang='grc' dir='ltr'>διακόνους</span> <span class='ocrx_word' id='word_1_67' title='bbox 567 441 727 476; x_wconf 81' lang='grc' dir='ltr'><strong>χρησίμους,</strong></span> <span class='ocrx_word' id='word_1_68' title='bbox 738 442 826 477; x_wconf 83' lang='grc' dir='ltr'>χήρας</span> <span class='ocrx_word' id='word_1_69' title='bbox 837 440 868 468; x_wconf 80' lang='grc' dir='ltr'>εὖ</span> 
     </span>
    </p>
   </div>
   <div class='ocr_carea' id='block_1_11' title="bbox 76 481 869 519">
    <p class='ocr_par' dir='ltr' id='par_1_11' title="bbox 76 481 869 519">
     <span class='ocr_line' id='line_1_11' title="bbox 76 481 869 519; baseline 0.009 -12"><span class='ocrx_word' id='word_1_70' title='bbox 76 481 249 516; x_wconf 75' lang='grc' dir='ltr'>βεϐωκυίας.</span> <span class='ocrx_word' id='word_1_71' title='bbox 260 482 396 518; x_wconf 80' lang='grc' dir='ltr'><strong>ὀρφανοὺς</strong></span> <span class='ocrx_word' id='word_1_72' title='bbox 406 483 444 515; x_wconf 86' lang='grc' dir='ltr'>ὠς</span> <span class='ocrx_word' id='word_1_73' title='bbox 461 484 621 519; x_wconf 85' lang='grc' dir='ltr'>Ἐκκλησίας</span> <span class='ocrx_word' id='word_1_74' title='bbox 632 485 724 512; x_wconf 87' lang='grc' dir='ltr'>τέκνα·</span> <span class='ocrx_word' id='word_1_75' title='bbox 735 485 803 513; x_wconf 80' lang='grc' dir='ltr'>ἀλλὰ</span> <span class='ocrx_word' id='word_1_76' title='bbox 822 486 869 514; x_wconf 81' lang='grc' dir='ltr'>καὶ</span> 
     </span>
    </p>
   </div>
   <div class='ocr_carea' id='block_1_12' title="bbox 74 527 868 566">
    <p class='ocr_par' dir='ltr' id='par_1_12' title="bbox 74 527 868 566">
     <span class='ocr_line' id='line_1_12' title="bbox 74 527 868 566; baseline 0.005 -12"><span class='ocrx_word' id='word_1_77' title='bbox 74 527 152 554; x_wconf 73' lang='grc' dir='ltr'>ὁπότε</span> <span class='ocrx_word' id='word_1_78' title='bbox 168 528 252 564; x_wconf 84' lang='grc' dir='ltr'>χρεία</span> <span class='ocrx_word' id='word_1_79' title='bbox 261 528 335 560; x_wconf 80' lang='grc' dir='ltr'>τινὸς</span> <span class='ocrx_word' id='word_1_80' title='bbox 348 529 435 565; x_wconf 77' lang='grc' dir='ltr'>πόρον</span> <span class='ocrx_word' id='word_1_81' title='bbox 446 529 516 565; x_wconf 87' lang='grc' dir='ltr'>πρός</span> <span class='ocrx_word' id='word_1_82' title='bbox 522 538 551 557; x_wconf 92' lang='grc' dir='ltr'>τι</span> <span class='ocrx_word' id='word_1_83' title='bbox 561 530 584 547; x_wconf 66' lang='grc'><strong>’⁵⁸</strong></span> <span class='ocrx_word' id='word_1_84' title='bbox 597 531 743 565; x_wconf 81' lang='grc' dir='ltr'>ἀναγκαῖον</span> <span class='ocrx_word' id='word_1_85' title='bbox 753 531 868 566; x_wconf 83' lang='grc' dir='ltr'>γένοιτο,</span> 
     </span>
    </p>
   </div>
   <div class='ocr_carea' id='block_1_13' title="bbox 75 567 893 612">
    <p class='ocr_par' dir='ltr' id='par_1_13' title="bbox 75 567 893 612">
     <span class='ocr_line' id='line_1_13' title="bbox 75 567 893 612; baseline 0.006 -13"><span class='ocrx_word' id='word_1_86' title='bbox 75 572 132 608; x_wconf 75' lang='grc' dir='ltr'><strong>ἅμα</strong></span> <span class='ocrx_word' id='word_1_87' title='bbox 143 573 170 599; x_wconf 80' lang='grc' dir='ltr'>οἱ</span> <span class='ocrx_word' id='word_1_88' title='bbox 180 573 286 605; x_wconf 77' lang='grc' dir='ltr'>πάντες</span> <span class='ocrx_word' id='word_1_89' title='bbox 301 573 498 609; x_wconf 72' lang='grc' dir='ltr'><strong>συμϐάλλεσθε.</strong></span> <span class='ocrx_word' id='word_1_90' title='bbox 511 575 559 607; x_wconf 73' lang='lat' dir='ltr'><strong>Et;</strong></span> <span class='ocrx_word' id='word_1_91' title='bbox 572 575 705 612; x_wconf 79' lang='grc' dir='ltr'><strong>ἀλλήλους</strong></span> <span class='ocrx_word' id='word_1_92' title='bbox 719 577 868 611; x_wconf 83' lang='grc' dir='ltr'>εὐσεϐεῖτε,</span> <span class='ocrx_word' id='word_1_93' title='bbox 890 567 893 570; x_wconf 46' lang='grc'><em>’</em></span> 
     </span>
    </p>
   </div>
   <div class='ocr_carea' id='block_1_14' title="bbox 75 618 869 660">
    <p class='ocr_par' dir='ltr' id='par_1_14' title="bbox 75 618 869 660">
     <span class='ocr_line' id='line_1_14' title="bbox 75 618 869 660; baseline 0.011 -17"><span class='ocrx_word' id='word_1_94' title='bbox 75 618 112 653; x_wconf 83' lang='grc' dir='ltr'><strong>μὴ</strong></span> <span class='ocrx_word' id='word_1_95' title='bbox 125 618 273 650; x_wconf 77' lang='grc' dir='ltr'><strong>ὀκνοῦντες</strong></span> <span class='ocrx_word' id='word_1_96' title='bbox 289 619 342 646; x_wconf 81' lang='grc' dir='ltr'><strong>πᾶν</strong></span> <span class='ocrx_word' id='word_1_97' title='bbox 357 618 448 646; x_wconf 79' lang='grc' dir='ltr'>ὁτιοῦν</span> <span class='ocrx_word' id='word_1_98' title='bbox 460 620 531 657; x_wconf 78' lang='grc' dir='ltr'><strong>ὑπὲρ</strong></span> <span class='ocrx_word' id='word_1_99' title='bbox 548 620 599 656; x_wconf 84' lang='grc' dir='ltr'><strong>τῆς</strong></span> <span class='ocrx_word' id='word_1_100' title='bbox 612 621 716 650; x_wconf 75' lang='grc' dir='ltr'>ἑαυτῶν</span> <span class='ocrx_word' id='word_1_101' title='bbox 731 623 869 660; x_wconf 73' lang='grc' dir='ltr'>σωτηρίας</span> 
     </span>
    </p>
   </div>
   <div class='ocr_carea' id='block_1_15' title="bbox 74 664 615 700">
    <p class='ocr_par' dir='ltr' id='par_1_15' title="bbox 74 664 615 700">
     <span class='ocr_line' id='line_1_15' title="bbox 74 664 615 700; baseline 0.009 -10"><span class='ocrx_word' id='word_1_102' title='bbox 74 664 234 700; x_wconf 71' lang='grc' dir='ltr'>ὑπομένειν.</span> <span class='ocrx_word' id='word_1_103' title='bbox 612 680 615 684; x_wconf 90' lang='grc'><strong>·</strong></span> 
     </span>
    </p>
   </div>
   <div class='ocr_carea' id='block_1_16' title="bbox 106 753 868 794">
    <p class='ocr_par' dir='ltr' id='par_1_16' title="bbox 106 753 868 794">
     <span class='ocr_line' id='line_1_16' title="bbox 106 753 868 794; baseline 0.008 -14"><span class='ocrx_word' id='word_1_104' title='bbox 106 753 215 782; x_wconf 74' lang='lat' dir='ltr'><strong>LXXII.</strong></span> <span class='ocrx_word' id='word_1_105' title='bbox 236 755 293 781; x_wconf 81' lang='lat' dir='ltr'><strong>Kal.</strong></span> <span class='ocrx_word' id='word_1_106' title='bbox 307 754 395 783; x_wconf 82' lang='grc' dir='ltr'>ταῦτα</span> <span class='ocrx_word' id='word_1_107' title='bbox 408 755 494 783; x_wconf 80' lang='grc' dir='ltr'>εἰπὼν</span> <span class='ocrx_word' id='word_1_108' title='bbox 504 756 624 793; x_wconf 71' lang='grc' dir='ltr'>ἐπέθηκε</span> <span class='ocrx_word' id='word_1_109' title='bbox 640 759 719 794; x_wconf 81' lang='grc' dir='ltr'>χεῖρα</span> <span class='ocrx_word' id='word_1_110' title='bbox 741 757 782 794; x_wconf 84' lang='grc' dir='ltr'>τῷ</span> <span class='ocrx_word' id='word_1_111' title='bbox 797 759 868 786; x_wconf 84' lang='grc' dir='ltr'>Ζακ-</span> 
     </span>
    </p>
   </div>
   <div class='ocr_carea' id='block_1_17' title="bbox 71 799 867 842">
    <p class='ocr_par' dir='ltr' id='par_1_17' title="bbox 71 799 867 842">
     <span class='ocr_line' id='line_1_17' title="bbox 71 799 867 842; baseline 0.008 -16"><span class='ocrx_word' id='word_1_112' title='bbox 71 799 141 835; x_wconf 83' lang='grc' dir='ltr'>χαίῳ</span> <span class='ocrx_word' id='word_1_113' title='bbox 155 799 255 834; x_wconf 77' lang='grc' dir='ltr'>λέγων·</span> <span class='ocrx_word' id='word_1_114' title='bbox 270 800 392 829; x_wconf 77' lang='grc' dir='ltr'><strong>Δέσποτα</strong></span> <span class='ocrx_word' id='word_1_115' title='bbox 408 802 455 829; x_wconf 77' lang='grc' dir='ltr'><strong>καὶ</strong></span> <span class='ocrx_word' id='word_1_116' title='bbox 471 802 557 839; x_wconf 78' lang='grc' dir='ltr'>Κύριε</span> <span class='ocrx_word' id='word_1_117' title='bbox 576 802 630 829; x_wconf 83' lang='grc' dir='ltr'><strong>τῶν</strong></span> <span class='ocrx_word' id='word_1_118' title='bbox 642 803 721 836; x_wconf 81' lang='grc' dir='ltr'>ὅλων,</span> <span class='ocrx_word' id='word_1_119' title='bbox 741 805 756 832; x_wconf 84' lang='grc' dir='ltr'><strong>ὸ</strong></span> <span class='ocrx_word' id='word_1_120' title='bbox 772 805 867 842; x_wconf 84' lang='grc' dir='ltr'>Πατὴρ</span> 
     </span>
    </p>
   </div>
   <div class='ocr_carea' id='block_1_18' title="bbox 70 845 866 886">
    <p class='ocr_par' dir='ltr' id='par_1_18' title="bbox 70 845 866 886">
     <span class='ocr_line' id='line_1_18' title="bbox 70 845 866 886; baseline 0.008 -14"><span class='ocrx_word' id='word_1_121' title='bbox 70 847 118 873; x_wconf 82' lang='grc' dir='ltr'><strong>καὶ</strong></span> <span class='ocrx_word' id='word_1_122' title='bbox 130 845 209 879; x_wconf 81' lang='grc' dir='ltr'>Θεδς,</span> <span class='ocrx_word' id='word_1_123' title='bbox 232 846 266 873; x_wconf 73' lang='grc' dir='ltr'>σὺ</span> <span class='ocrx_word' id='word_1_124' title='bbox 284 847 446 882; x_wconf 79' lang='grc' dir='ltr'><strong>διαφύλαξον</strong></span> <span class='ocrx_word' id='word_1_125' title='bbox 461 848 578 884; x_wconf 78' lang='grc' dir='ltr'>ποιμένα</span> <span class='ocrx_word' id='word_1_126' title='bbox 593 849 663 885; x_wconf 82' lang='grc' dir='ltr'>μετὰ</span> <span class='ocrx_word' id='word_1_127' title='bbox 685 849 811 886; x_wconf 83' lang='grc' dir='ltr'><strong>ποίμνης.</strong></span> <span class='ocrx_word' id='word_1_128' title='bbox 830 851 866 878; x_wconf 86' lang='grc' dir='ltr'>Σὺ</span> 
     </span>
    </p>
   </div>
   <div class='ocr_carea' id='block_1_19' title="bbox 70 889 903 931">
    <p class='ocr_par' dir='ltr' id='par_1_19' title="bbox 70 889 903 931">
     <span class='ocr_line' id='line_1_19' title="bbox 70 889 903 931; baseline 0.007 -14"><span class='ocrx_word' id='word_1_129' title='bbox 70 893 86 926; x_wconf 80' lang='grc' dir='ltr'>ἡ</span> <span class='ocrx_word' id='word_1_130' title='bbox 101 891 243 927; x_wconf 67' lang='grc' dir='ltr'>πρόφασις</span> <span class='ocrx_word' id='word_1_131' title='bbox 255 912 264 925; x_wconf 92' lang='grc'><strong>,</strong></span> <span class='ocrx_word' id='word_1_132' title='bbox 281 893 313 919; x_wconf 84' lang='grc' dir='ltr'>σὺ</span> <span class='ocrx_word' id='word_1_133' title='bbox 328 894 344 928; x_wconf 77' lang='grc' dir='ltr'><strong>ἡ</strong></span> <span class='ocrx_word' id='word_1_134' title='bbox 359 893 483 929; x_wconf 84' lang='grc' dir='ltr'><strong>δύναμις.</strong></span> <span class='ocrx_word' id='word_1_135' title='bbox 509 894 604 930; x_wconf 82' lang='grc' dir='ltr'>Ἡμεῖς</span> <span class='ocrx_word' id='word_1_136' title='bbox 621 894 651 921; x_wconf 87' lang='grc' dir='ltr'>τὸ</span> <span class='ocrx_word' id='word_1_137' title='bbox 675 894 865 931; x_wconf 80' lang='grc' dir='ltr'>βοηθούμενον,</span> <span class='ocrx_word' id='word_1_138' title='bbox 881 889 903 917; x_wconf 80' lang='grc' dir='ltr'><strong>Β</strong></span> 
     </span>
    </p>
   </div>
   <div class='ocr_carea' id='block_1_20' title="bbox 71 937 865 977">
    <p class='ocr_par' dir='ltr' id='par_1_20' title="bbox 71 937 865 977">
     <span class='ocr_line' id='line_1_20' title="bbox 71 937 865 977; baseline 0.005 -13"><span class='ocrx_word' id='word_1_139' title='bbox 71 939 103 965; x_wconf 71' lang='grc' dir='ltr'><strong>σὺ</strong></span> <span class='ocrx_word' id='word_1_140' title='bbox 117 939 132 965; x_wconf 85' lang='grc' dir='ltr'><strong>ό</strong></span> <span class='ocrx_word' id='word_1_141' title='bbox 153 937 266 974; x_wconf 80' lang='grc' dir='ltr'>βοηθὸς,</span> <span class='ocrx_word' id='word_1_142' title='bbox 279 938 293 964; x_wconf 80' lang='grc' dir='ltr'>ὁ</span> <span class='ocrx_word' id='word_1_143' title='bbox 309 938 411 975; x_wconf 74' lang='grc' dir='ltr'>ἰατρὸς,</span> <span class='ocrx_word' id='word_1_144' title='bbox 426 939 440 966; x_wconf 86' lang='grc' dir='ltr'><strong>ό</strong></span> <span class='ocrx_word' id='word_1_145' title='bbox 457 938 558 976; x_wconf 84' lang='grc' dir='ltr'><strong>σωτὴρ,</strong></span> <span class='ocrx_word' id='word_1_146' title='bbox 572 939 602 967; x_wconf 83' lang='grc' dir='ltr'><strong>τὺ</strong></span> <span class='ocrx_word' id='word_1_147' title='bbox 618 941 717 975; x_wconf 81' lang='grc' dir='ltr'>τεῖχος,</span> <span class='ocrx_word' id='word_1_148' title='bbox 732 942 749 976; x_wconf 85' lang='grc' dir='ltr'>ἡ</span> <span class='ocrx_word' id='word_1_149' title='bbox 766 940 833 976; x_wconf 81' lang='grc' dir='ltr'><strong>ζωὴ,</strong></span> <span class='ocrx_word' id='word_1_150' title='bbox 848 942 865 977; x_wconf 84' lang='grc' dir='ltr'><strong>ἠ</strong></span> 
     </span>
    </p>
   </div>
   <div class='ocr_carea' id='block_1_21' title="bbox 70 984 867 1023">
    <p class='ocr_par' dir='ltr' id='par_1_21' title="bbox 70 984 867 1023">
     <span class='ocr_line' id='line_1_21' title="bbox 70 984 867 1023; baseline 0.004 -13"><span class='ocrx_word' id='word_1_151' title='bbox 70 984 158 1016; x_wconf 69' lang='grc' dir='ltr'>ἐλπὶς,</span> <span class='ocrx_word' id='word_1_152' title='bbox 174 985 191 1019; x_wconf 81' lang='grc' dir='ltr'>ἡ</span> <span class='ocrx_word' id='word_1_153' title='bbox 210 984 357 1019; x_wconf 80' lang='grc' dir='ltr'><strong>καταφυγὴ</strong></span> <span class='ocrx_word' id='word_1_154' title='bbox 368 1003 376 1017; x_wconf 84' lang='grc'><strong>,</strong></span> <span class='ocrx_word' id='word_1_155' title='bbox 394 985 411 1019; x_wconf 85' lang='grc' dir='ltr'>ἡ</span> <span class='ocrx_word' id='word_1_156' title='bbox 428 984 545 1021; x_wconf 81' lang='grc' dir='ltr'>χαρὰ,ἠ</span> <span class='ocrx_word' id='word_1_157' title='bbox 570 985 738 1022; x_wconf 78' lang='grc' dir='ltr'><strong>προσδοκία,</strong></span> <span class='ocrx_word' id='word_1_158' title='bbox 758 987 775 1023; x_wconf 83' lang='grc' dir='ltr'>ή</span> <span class='ocrx_word' id='word_1_159' title='bbox 800 986 867 1013; x_wconf 79' lang='grc' dir='ltr'><strong>ἀνά-</strong></span> 
     </span>
    </p>
   </div>
   <div class='ocr_carea' id='block_1_22' title="bbox 70 1029 868 1068">
    <p class='ocr_par' dir='ltr' id='par_1_22' title="bbox 70 1029 868 1068">
     <span class='ocr_line' id='line_1_22' title="bbox 70 1029 868 1068; baseline 0.004 -12"><span class='ocrx_word' id='word_1_160' title='bbox 70 1038 185 1061; x_wconf 51' lang='grc' dir='ltr'>παυσις</span> <span class='ocrx_word' id='word_1_161' title='bbox 219 1029 338 1057; x_wconf 79' lang='grc' dir='ltr'>συνελὼν</span> <span class='ocrx_word' id='word_1_162' title='bbox 366 1030 435 1066; x_wconf 80' lang='grc' dir='ltr'><strong>ἐρῶ·</strong></span> <span class='ocrx_word' id='word_1_163' title='bbox 460 1032 492 1058; x_wconf 83' lang='grc' dir='ltr'>σὺ</span> <span class='ocrx_word' id='word_1_164' title='bbox 516 1031 582 1066; x_wconf 86' lang='grc' dir='ltr'>ἡμῖν</span> <span class='ocrx_word' id='word_1_165' title='bbox 610 1031 645 1058; x_wconf 81' lang='grc' dir='ltr'><strong>τὰ</strong></span> <span class='ocrx_word' id='word_1_166' title='bbox 668 1031 767 1059; x_wconf 77' lang='grc' dir='ltr'>πάντα.</span> <span class='ocrx_word' id='word_1_167' title='bbox 794 1033 868 1068; x_wconf 77' lang='grc' dir='ltr'>Πρὸς</span> 
     </span>
    </p>
   </div>
   <div class='ocr_carea' id='block_1_23' title="bbox 70 1074 868 1111">
    <p class='ocr_par' dir='ltr' id='par_1_23' title="bbox 70 1074 868 1111">
     <span class='ocr_line' id='line_1_23' title="bbox 70 1074 868 1111; baseline 0.001 -9"><span class='ocrx_word' id='word_1_168' title='bbox 70 1075 178 1102; x_wconf 74' lang='grc' dir='ltr'><strong>αἰώνιον</strong></span> <span class='ocrx_word' id='word_1_169' title='bbox 195 1074 316 1110; x_wconf 81' lang='grc' dir='ltr'>ὕπαρξιν</span> <span class='ocrx_word' id='word_1_170' title='bbox 335 1075 473 1111; x_wconf 79' lang='grc' dir='ltr'><strong>σωτηρίας</strong></span> <span class='ocrx_word' id='word_1_171' title='bbox 489 1075 665 1111; x_wconf 78' lang='grc' dir='ltr'>συνέργησον,</span> <span class='ocrx_word' id='word_1_172' title='bbox 679 1075 771 1111; x_wconf 82' lang='grc' dir='ltr'>ῥῦσαι,</span> <span class='ocrx_word' id='word_1_173' title='bbox 783 1077 868 1111; x_wconf 83' lang='grc' dir='ltr'>φύλα-</span> 
     </span>
    </p>
   </div>
   <div class='ocr_carea' id='block_1_24' title="bbox 70 1119 868 1156">
    <p class='ocr_par' dir='ltr' id='par_1_24' title="bbox 70 1119 868 1156">
     <span class='ocr_line' id='line_1_24' title="bbox 70 1119 868 1156; baseline 0.003 -10"><span class='ocrx_word' id='word_1_174' title='bbox 70 1119 125 1153; x_wconf 78' lang='grc' dir='ltr'><strong>ξον.</strong></span> <span class='ocrx_word' id='word_1_175' title='bbox 139 1120 236 1148; x_wconf 80' lang='grc' dir='ltr'>Πάντα</span> <span class='ocrx_word' id='word_1_176' title='bbox 258 1119 380 1147; x_wconf 80' lang='grc' dir='ltr'>δύνασαι.</span> <span class='ocrx_word' id='word_1_177' title='bbox 399 1120 437 1147; x_wconf 72' lang='grc' dir='ltr'>Σὺ</span> <span class='ocrx_word' id='word_1_178' title='bbox 452 1119 507 1155; x_wconf 85' lang='grc' dir='ltr'>γὰρ</span> <span class='ocrx_word' id='word_1_179' title='bbox 524 1120 632 1156; x_wconf 77' lang='grc' dir='ltr'>Ἀρχων</span> <span class='ocrx_word' id='word_1_180' title='bbox 647 1120 800 1155; x_wconf 82' lang='grc' dir='ltr'><strong>ἀρχόντων,</strong></span> <span class='ocrx_word' id='word_1_181' title='bbox 821 1121 868 1148; x_wconf 70' lang='grc' dir='ltr'>καὶ</span> 
     </span>
    </p>
   </div>
   <div class='ocr_carea' id='block_1_25' title="bbox 70 1165 868 1201">
    <p class='ocr_par' dir='ltr' id='par_1_25' title="bbox 70 1165 868 1201">
     <span class='ocr_line' id='line_1_25' title="bbox 70 1165 868 1201; baseline 0 -9"><span class='ocrx_word' id='word_1_182' title='bbox 70 1165 173 1201; x_wconf 77' lang='grc' dir='ltr'><strong>Κύριος</strong></span> <span class='ocrx_word' id='word_1_183' title='bbox 189 1165 306 1201; x_wconf 79' lang='grc' dir='ltr'><strong>κυρίων,</strong></span> <span class='ocrx_word' id='word_1_184' title='bbox 326 1165 466 1200; x_wconf 82' lang='grc' dir='ltr'><strong>Δεσπότης</strong></span> <span class='ocrx_word' id='word_1_185' title='bbox 480 1165 620 1200; x_wconf 84' lang='grc' dir='ltr'>βασιλέων.</span> <span class='ocrx_word' id='word_1_186' title='bbox 634 1165 670 1192; x_wconf 78' lang='grc' dir='ltr'><strong>Σὺ</strong></span> <span class='ocrx_word' id='word_1_187' title='bbox 685 1165 729 1197; x_wconf 88' lang='grc' dir='ltr'>δὸς</span> <span class='ocrx_word' id='word_1_188' title='bbox 744 1165 868 1198; x_wconf 81' lang='grc' dir='ltr'><strong>ἐξουσίαν</strong></span> 
     </span>
    </p>
   </div>
   <div class='ocr_carea' id='block_1_26' title="bbox 71 1208 869 1246">
    <p class='ocr_par' dir='ltr' id='par_1_26' title="bbox 71 1208 869 1246">
     <span class='ocr_line' id='line_1_26' title="bbox 71 1208 869 1246; baseline 0 -10"><span class='ocrx_word' id='word_1_189' title='bbox 71 1210 109 1245; x_wconf 83' lang='grc' dir='ltr'>τῷ</span> <span class='ocrx_word' id='word_1_190' title='bbox 119 1210 365 1246; x_wconf 77' lang='grc' dir='ltr'>προκαθεζομένῳ,</span> <span class='ocrx_word' id='word_1_191' title='bbox 384 1209 457 1236; x_wconf 79' lang='grc' dir='ltr'>λύειν</span> <span class='ocrx_word' id='word_1_192' title='bbox 472 1209 490 1236; x_wconf 71' lang='grc' dir='ltr'><strong>ἃ.</strong></span> <span class='ocrx_word' id='word_1_193' title='bbox 509 1209 549 1235; x_wconf 81' lang='grc' dir='ltr'><strong>δεῖ</strong></span> <span class='ocrx_word' id='word_1_194' title='bbox 563 1209 648 1241; x_wconf 76' lang='grc' dir='ltr'>λύειν,</span> <span class='ocrx_word' id='word_1_195' title='bbox 660 1209 706 1236; x_wconf 83' lang='grc' dir='ltr'>καὶ</span> <span class='ocrx_word' id='word_1_196' title='bbox 725 1209 833 1244; x_wconf 78' lang='grc' dir='ltr'>δεσμεῖν</span> <span class='ocrx_word' id='word_1_197' title='bbox 850 1208 869 1236; x_wconf 81' lang='grc' dir='ltr'>ἃ</span> 
     </span>
    </p>
   </div>
   <div class='ocr_carea' id='block_1_27' title="bbox 70 1253 868 1291">
    <p class='ocr_par' dir='ltr' id='par_1_27' title="bbox 70 1253 868 1291">
     <span class='ocr_line' id='line_1_27' title="bbox 70 1253 868 1291; baseline -0.004 -8"><span class='ocrx_word' id='word_1_198' title='bbox 70 1257 109 1283; x_wconf 83' lang='grc' dir='ltr'>δεῖ</span> <span class='ocrx_word' id='word_1_199' title='bbox 118 1257 240 1291; x_wconf 80' lang='grc' dir='ltr'><strong>δεσμεῖν.</strong></span> <span class='ocrx_word' id='word_1_200' title='bbox 254 1256 290 1282; x_wconf 79' lang='grc' dir='ltr'><strong>Σὺ</strong></span> <span class='ocrx_word' id='word_1_201' title='bbox 300 1255 420 1290; x_wconf 69' lang='grc' dir='ltr'>σόφισοψ</span> <span class='ocrx_word' id='word_1_202' title='bbox 434 1255 466 1281; x_wconf 72' lang='grc' dir='ltr'>σὺ</span> <span class='ocrx_word' id='word_1_203' title='bbox 478 1255 516 1286; x_wconf 85' lang='grc' dir='ltr'><strong>ὡς</strong></span> <span class='ocrx_word' id='word_1_204' title='bbox 528 1255 560 1281; x_wconf 86' lang='grc' dir='ltr'><strong>δι’</strong></span> <span class='ocrx_word' id='word_1_205' title='bbox 573 1253 688 1290; x_wconf 77' lang='grc' dir='ltr'><strong>ὀργάνου</strong></span> <span class='ocrx_word' id='word_1_206' title='bbox 700 1254 723 1269; x_wconf 68' lang='grc' dir='ltr'><strong>δί</strong></span> <span class='ocrx_word' id='word_1_207' title='bbox 738 1253 772 1280; x_wconf 70' lang='grc' dir='ltr'><strong>δι’</strong></span> <span class='ocrx_word' id='word_1_208' title='bbox 785 1253 868 1281; x_wconf 82' lang='grc' dir='ltr'>αὐτοῦ</span> 
     </span>
    </p>
   </div>
   <div class='ocr_carea' id='block_1_28' title="bbox 69 1300 870 1338">
    <p class='ocr_par' dir='ltr' id='par_1_28' title="bbox 69 1300 870 1338">
     <span class='ocr_line' id='line_1_28' title="bbox 69 1300 870 1338; baseline -0.005 -8"><span class='ocrx_word' id='word_1_209' title='bbox 69 1303 118 1338; x_wconf 69' lang='grc' dir='ltr'><strong>τὴν</strong></span> <span class='ocrx_word' id='word_1_210' title='bbox 146 1301 315 1337; x_wconf 79' lang='grc' dir='ltr'><strong>Ἐκκλησίαν</strong></span> <span class='ocrx_word' id='word_1_211' title='bbox 336 1301 385 1329; x_wconf 80' lang='grc' dir='ltr'>τοῦ</span> <span class='ocrx_word' id='word_1_212' title='bbox 405 1300 523 1337; x_wconf 84' lang='grc' dir='ltr'><strong>Χριστοῦ</strong></span> <span class='ocrx_word' id='word_1_213' title='bbox 547 1309 594 1328; x_wconf 88' lang='grc' dir='ltr'>σου</span> <span class='ocrx_word' id='word_1_214' title='bbox 623 1300 660 1332; x_wconf 86' lang='grc' dir='ltr'>ὠς</span> <span class='ocrx_word' id='word_1_215' title='bbox 682 1300 766 1337; x_wconf 81' lang='grc' dir='ltr'>καλὴν</span> <span class='ocrx_word' id='word_1_216' title='bbox 789 1300 870 1336; x_wconf 77' lang='lat'><strong>119</strong></span> 
     </span>
    </p>
   </div>
   <div class='ocr_carea' id='block_1_29' title="bbox 69 1346 867 1385">
    <p class='ocr_par' dir='ltr' id='par_1_29' title="bbox 69 1346 867 1385">
     <span class='ocr_line' id='line_1_29' title="bbox 69 1346 867 1385; baseline -0.003 -10"><span class='ocrx_word' id='word_1_217' title='bbox 69 1349 181 1385; x_wconf 75' lang='grc' dir='ltr'>νύμφην</span> <span class='ocrx_word' id='word_1_218' title='bbox 208 1347 375 1383; x_wconf 83' lang='grc' dir='ltr'>διαφύλαξον</span> <span class='ocrx_word' id='word_1_219' title='bbox 389 1368 396 1375; x_wconf 94' lang='grc'>.</span> <span class='ocrx_word' id='word_1_220' title='bbox 423 1347 473 1374; x_wconf 82' lang='grc' dir='ltr'><strong>Σοῦ</strong></span> <span class='ocrx_word' id='word_1_221' title='bbox 490 1347 544 1383; x_wconf 87' lang='grc' dir='ltr'><strong>γάρ</strong></span> <span class='ocrx_word' id='word_1_222' title='bbox 567 1348 639 1375; x_wconf 76' lang='grc' dir='ltr'>ἔστιν</span> <span class='ocrx_word' id='word_1_223' title='bbox 663 1346 726 1380; x_wconf 80' lang='grc' dir='ltr'>δόξα</span> <span class='ocrx_word' id='word_1_224' title='bbox 743 1347 867 1379; x_wconf 86' lang='grc' dir='ltr'>αἰώνιος,</span> 
     </span>
    </p>
   </div>
   <div class='ocr_carea' id='block_1_30' title="bbox 70 1392 870 1431">
    <p class='ocr_par' dir='ltr' id='par_1_30' title="bbox 70 1392 870 1431">
     <span class='ocr_line' id='line_1_30' title="bbox 70 1392 870 1431; baseline -0.004 -10"><span class='ocrx_word' id='word_1_225' title='bbox 70 1394 155 1431; x_wconf 81' lang='grc' dir='ltr'>ὕμνος</span> <span class='ocrx_word' id='word_1_226' title='bbox 164 1415 173 1427; x_wconf 87' lang='grc'><strong>,</strong></span> <span class='ocrx_word' id='word_1_227' title='bbox 191 1394 282 1429; x_wconf 78' lang='grc' dir='ltr'>Πατρὶ</span> <span class='ocrx_word' id='word_1_228' title='bbox 293 1393 340 1420; x_wconf 79' lang='grc' dir='ltr'>καὶ</span> <span class='ocrx_word' id='word_1_229' title='bbox 354 1393 412 1429; x_wconf 85' lang='grc' dir='ltr'><strong>Υίῷ</strong></span> <span class='ocrx_word' id='word_1_230' title='bbox 424 1393 471 1421; x_wconf 76' lang='grc' dir='ltr'>καὶ</span> <span class='ocrx_word' id='word_1_231' title='bbox 482 1392 551 1429; x_wconf 80' lang='grc' dir='ltr'>ἁγίῳ</span> <span class='ocrx_word' id='word_1_232' title='bbox 561 1392 701 1428; x_wconf 85' lang='grc' dir='ltr'><strong>Πνεύματι</strong></span> <span class='ocrx_word' id='word_1_233' title='bbox 711 1392 745 1426; x_wconf 75' lang='grc'><strong>⁸³,</strong></span> <span class='ocrx_word' id='word_1_234' title='bbox 756 1393 796 1424; x_wconf 84' lang='grc' dir='ltr'><strong>εἰς</strong></span> <span class='ocrx_word' id='word_1_235' title='bbox 805 1392 870 1424; x_wconf 66' lang='grc' dir='ltr'>τοὺς</span> 
     </span>
    </p>
   </div>
   <div class='ocr_carea' id='block_1_31' title="bbox 71 1438 469 1476">
    <p class='ocr_par' dir='ltr' id='par_1_31' title="bbox 71 1438 469 1476">
     <span class='ocr_line' id='line_1_31' title="bbox 71 1438 469 1476; baseline -0.003 -9"><span class='ocrx_word' id='word_1_236' title='bbox 71 1441 237 1476; x_wconf 71' lang='grc' dir='ltr'>σύμπαντας</span> <span class='ocrx_word' id='word_1_237' title='bbox 248 1440 360 1471; x_wconf 79' lang='grc' dir='ltr'><strong>αίῶνας.</strong></span> <span class='ocrx_word' id='word_1_238' title='bbox 373 1438 469 1475; x_wconf 78' lang='grc' dir='ltr'><strong>Ἀμήν.</strong></span> 
     </span>
    </p>
   </div>
   <div class='ocr_carea' id='block_1_32' title="bbox 104 1483 869 1521">
    <p class='ocr_par' dir='ltr' id='par_1_32' title="bbox 104 1483 869 1521">
     <span class='ocr_line' id='line_1_32' title="bbox 104 1483 869 1521; baseline -0.003 -7"><span class='ocrx_word' id='word_1_239' title='bbox 104 1486 226 1514; x_wconf 79' lang='lat' dir='ltr'><strong>LXXIII.</strong></span> <span class='ocrx_word' id='word_1_240' title='bbox 249 1486 305 1513; x_wconf 67' lang='grc' dir='ltr'><strong>Καὶ</strong></span> <span class='ocrx_word' id='word_1_241' title='bbox 318 1485 405 1512; x_wconf 78' lang='grc' dir='ltr'>ταῦτα</span> <span class='ocrx_word' id='word_1_242' title='bbox 426 1484 521 1517; x_wconf 87' lang='grc' dir='ltr'>είπὼν,</span> <span class='ocrx_word' id='word_1_243' title='bbox 536 1484 606 1521; x_wconf 83' lang='grc' dir='ltr'>μετὰ</span> <span class='ocrx_word' id='word_1_244' title='bbox 620 1483 707 1511; x_wconf 80' lang='grc' dir='ltr'>ταῦτα</span> <span class='ocrx_word' id='word_1_245' title='bbox 717 1484 778 1519; x_wconf 72' lang='grc' dir='ltr'><strong>ἔφη·</strong></span> <span class='ocrx_word' id='word_1_246' title='bbox 793 1484 869 1512; x_wconf 77' lang='grc' dir='ltr'>’Όσοι</span> 
     </span>
    </p>
   </div>
   <div class='ocr_carea' id='block_1_33' title="bbox 70 1528 869 1566">
    <p class='ocr_par' dir='ltr' id='par_1_33' title="bbox 70 1528 869 1566">
     <span class='ocr_line' id='line_1_33' title="bbox 70 1528 869 1566; baseline -0.004 -8"><span class='ocrx_word' id='word_1_247' title='bbox 70 1531 136 1558; x_wconf 82' lang='grc' dir='ltr'>ποτὲ</span> <span class='ocrx_word' id='word_1_248' title='bbox 154 1530 343 1566; x_wconf 77' lang='grc' dir='ltr'>βαπτισθῆναι</span> <span class='ocrx_word' id='word_1_249' title='bbox 363 1529 464 1561; x_wconf 84' lang='grc' dir='ltr'>θέλετε,</span> <span class='ocrx_word' id='word_1_250' title='bbox 485 1529 539 1556; x_wconf 78' lang='grc' dir='ltr'><strong>ἀπὺ</strong></span> <span class='ocrx_word' id='word_1_251' title='bbox 551 1529 602 1565; x_wconf 86' lang='grc' dir='ltr'><strong>τῆς</strong></span> <span class='ocrx_word' id='word_1_252' title='bbox 616 1528 710 1565; x_wconf 74' lang='grc' dir='ltr'>αὔριον</span> <span class='ocrx_word' id='word_1_253' title='bbox 729 1528 869 1564; x_wconf 76' lang='grc' dir='ltr'><strong>νηστεύειν</strong></span> 
     </span>
    </p>
   </div>
   <div class='ocr_carea' id='block_1_34' title="bbox 922 261 1706 297">
    <p class='ocr_par' dir='ltr' id='par_1_34' title="bbox 922 261 1706 297">
     <span class='ocr_line' id='line_1_34' title="bbox 922 261 1706 297; baseline 0.001 -8"><span class='ocrx_word' id='word_1_254' title='bbox 922 269 968 289; x_wconf 92' lang='lat' dir='ltr'><strong>mo</strong></span> <span class='ocrx_word' id='word_1_255' title='bbox 979 262 1122 289; x_wconf 80' lang='lat' dir='ltr'><strong>venditur?</strong></span> <span class='ocrx_word' id='word_1_256' title='bbox 1136 261 1234 290; x_wconf 77' lang='lat' dir='ltr'><strong>Absit!</strong></span> <span class='ocrx_word' id='word_1_257' title='bbox 1252 262 1317 289; x_wconf 75' lang='lat' dir='ltr'><strong>Nam</strong></span> <span class='ocrx_word' id='word_1_258' title='bbox 1334 262 1356 289; x_wconf 95' lang='lat' dir='ltr'><strong>si</strong></span> <span class='ocrx_word' id='word_1_259' title='bbox 1375 262 1453 296; x_wconf 84' lang='lat' dir='ltr'><strong>quis,</strong></span> <span class='ocrx_word' id='word_1_260' title='bbox 1469 262 1516 297; x_wconf 84' lang='lat' dir='ltr'><strong>qui</strong></span> <span class='ocrx_word' id='word_1_261' title='bbox 1539 262 1619 290; x_wconf 76' lang='lat' dir='ltr'><strong>habet</strong></span> <span class='ocrx_word' id='word_1_262' title='bbox 1635 263 1706 290; x_wconf 85' lang='lat' dir='ltr'><strong>unde</strong></span> 
     </span>
    </p>
   </div>
   <div class='ocr_carea' id='block_1_35' title="bbox 920 307 1708 343">
    <p class='ocr_par' dir='ltr' id='par_1_35' title="bbox 920 307 1708 343">
     <span class='ocr_line' id='line_1_35' title="bbox 920 307 1708 343; baseline 0.001 -9"><span class='ocrx_word' id='word_1_263' title='bbox 920 307 1006 340; x_wconf 82' lang='lat' dir='ltr'><strong>vivat,</strong></span> <span class='ocrx_word' id='word_1_264' title='bbox 1019 307 1128 342; x_wconf 90' lang='lat' dir='ltr'><strong>accipit,</strong></span> <span class='ocrx_word' id='word_1_265' title='bbox 1153 308 1196 335; x_wconf 91' lang='lat' dir='ltr'><strong>hic</strong></span> <span class='ocrx_word' id='word_1_266' title='bbox 1218 307 1309 334; x_wconf 90' lang='lat' dir='ltr'><strong>vendit</strong></span> <span class='ocrx_word' id='word_1_267' title='bbox 1334 315 1509 335; x_wconf 77' lang='lat' dir='ltr'><strong>sermonem:</strong></span> <span class='ocrx_word' id='word_1_268' title='bbox 1535 315 1590 335; x_wconf 89' lang='lat' dir='ltr'><strong>non</strong></span> <span class='ocrx_word' id='word_1_269' title='bbox 1613 312 1708 343; x_wconf 88' lang='lat' dir='ltr'><strong>peccat</strong></span> 
     </span>
    </p>
   </div>
   <div class='ocr_carea' id='block_1_36' title="bbox 921 353 1708 388">
    <p class='ocr_par' dir='ltr' id='par_1_36' title="bbox 921 353 1708 388">
     <span class='ocr_line' id='line_1_36' title="bbox 921 353 1708 388; baseline 0 -8"><span class='ocrx_word' id='word_1_270' title='bbox 921 361 998 386; x_wconf 83' lang='lat' dir='ltr'><strong>vero,</strong></span> <span class='ocrx_word' id='word_1_271' title='bbox 1009 353 1032 381; x_wconf 97' lang='lat' dir='ltr'><strong>si</strong></span> <span class='ocrx_word' id='word_1_272' title='bbox 1047 361 1102 381; x_wconf 91' lang='lat' dir='ltr'><strong>non</strong></span> <span class='ocrx_word' id='word_1_273' title='bbox 1117 353 1222 381; x_wconf 83' lang='lat' dir='ltr'><strong>habens</strong></span> <span class='ocrx_word' id='word_1_274' title='bbox 1236 353 1351 388; x_wconf 87' lang='lat' dir='ltr'><strong>accipiat</strong></span> <span class='ocrx_word' id='word_1_275' title='bbox 1363 353 1454 381; x_wconf 87' lang='lat' dir='ltr'><strong>cibum</strong></span> <span class='ocrx_word' id='word_1_276' title='bbox 1467 353 1500 381; x_wconf 90' lang='lat' dir='ltr'><strong>ad</strong></span> <span class='ocrx_word' id='word_1_277' title='bbox 1510 353 1624 386; x_wconf 87' lang='lat' dir='ltr'><strong>victum,</strong></span> <span class='ocrx_word' id='word_1_278' title='bbox 1637 353 1708 380; x_wconf 88' lang='lat' dir='ltr'><strong>sicut</strong></span> 
     </span>
    </p>
   </div>
   <div class='ocr_carea' id='block_1_37' title="bbox 919 398 1706 434">
    <p class='ocr_par' dir='ltr' id='par_1_37' title="bbox 919 398 1706 434">
     <span class='ocr_line' id='line_1_37' title="bbox 919 398 1706 434; baseline -0.003 -7"><span class='ocrx_word' id='word_1_279' title='bbox 919 402 948 427; x_wconf 80' lang='lat' dir='ltr'><strong>et</strong></span> <span class='ocrx_word' id='word_1_280' title='bbox 970 398 1104 427; x_wconf 79' lang='lat' dir='ltr'><strong>Dominus</strong></span> <span class='ocrx_word' id='word_1_281' title='bbox 1128 399 1156 426; x_wconf 92' lang='lat' dir='ltr'><strong>in</strong></span> <span class='ocrx_word' id='word_1_282' title='bbox 1171 399 1259 426; x_wconf 72' lang='lat' dir='ltr'><strong>omnis</strong></span> <span class='ocrx_word' id='word_1_283' title='bbox 1272 403 1299 426; x_wconf 88' lang='lat' dir='ltr'><strong>et</strong></span> <span class='ocrx_word' id='word_1_284' title='bbox 1318 399 1389 434; x_wconf 89' lang='lat' dir='ltr'><strong>apud</strong></span> <span class='ocrx_word' id='word_1_285' title='bbox 1408 399 1511 427; x_wconf 88' lang='lat' dir='ltr'><strong>amicos</strong></span> <span class='ocrx_word' id='word_1_286' title='bbox 1531 400 1644 434; x_wconf 83' lang='lat' dir='ltr'><strong>accepit.</strong></span> <span class='ocrx_word' id='word_1_287' title='bbox 1660 399 1706 434; x_wconf 91' lang='lat' dir='ltr'><strong>qui</strong></span> 
     </span>
    </p>
   </div>
   <div class='ocr_carea' id='block_1_38' title="bbox 920 443 1707 479">
    <p class='ocr_par' dir='ltr' id='par_1_38' title="bbox 920 443 1707 479">
     <span class='ocr_line' id='line_1_38' title="bbox 920 443 1707 479; baseline 0.001 -9"><span class='ocrx_word' id='word_1_288' title='bbox 920 443 989 471; x_wconf 88' lang='lat' dir='ltr'><strong>nihil</strong></span> <span class='ocrx_word' id='word_1_289' title='bbox 1010 444 1137 475; x_wconf 85' lang='lat' dir='ltr'><strong>habebat.</strong></span> <span class='ocrx_word' id='word_1_290' title='bbox 1157 445 1184 471; x_wconf 94' lang='lat' dir='ltr'><strong>in</strong></span> <span class='ocrx_word' id='word_1_291' title='bbox 1198 448 1339 479; x_wconf 85' lang='lat' dir='ltr'><strong>posterum</strong></span> <span class='ocrx_word' id='word_1_292' title='bbox 1361 448 1451 472; x_wconf 85' lang='lat' dir='ltr'><strong>tamen</strong></span> <span class='ocrx_word' id='word_1_293' title='bbox 1475 445 1568 471; x_wconf 84' lang='lat' dir='ltr'><strong>omnia</strong></span> <span class='ocrx_word' id='word_1_294' title='bbox 1583 445 1707 479; x_wconf 77' lang='lat' dir='ltr'><strong>posside-</strong></span> 
     </span>
    </p>
   </div>
   <div class='ocr_carea' id='block_1_39' title="bbox 919 488 1707 524">
    <p class='ocr_par' dir='ltr' id='par_1_39' title="bbox 919 488 1707 524">
     <span class='ocr_line' id='line_1_39' title="bbox 919 488 1707 524; baseline -0.001 -8"><span class='ocrx_word' id='word_1_295' title='bbox 919 489 970 516; x_wconf 86' lang='lat' dir='ltr'><strong>bit.</strong></span> <span class='ocrx_word' id='word_1_296' title='bbox 987 488 1190 517; x_wconf 78' lang='lat' dir='ltr'><strong>Couvenienter</strong></span> <span class='ocrx_word' id='word_1_297' title='bbox 1214 489 1297 524; x_wconf 87' lang='lat' dir='ltr'><strong>igitur</strong></span> <span class='ocrx_word' id='word_1_298' title='bbox 1309 488 1442 516; x_wconf 89' lang='lat' dir='ltr'><strong>honorate</strong></span> <span class='ocrx_word' id='word_1_299' title='bbox 1461 488 1644 524; x_wconf 81' lang='lat' dir='ltr'><strong>presbyteros,</strong></span> <span class='ocrx_word' id='word_1_300' title='bbox 1659 496 1707 516; x_wconf 88' lang='lat' dir='ltr'><strong>ca-</strong></span> 
     </span>
    </p>
   </div>
   <div class='ocr_carea' id='block_1_40' title="bbox 920 534 1706 568">
    <p class='ocr_par' dir='ltr' id='par_1_40' title="bbox 920 534 1706 568">
     <span class='ocr_line' id='line_1_40' title="bbox 920 534 1706 568; baseline -0.001 -6"><span class='ocrx_word' id='word_1_301' title='bbox 920 535 1062 568; x_wconf 82' lang='lat' dir='ltr'><strong>tecbistas,</strong></span> <span class='ocrx_word' id='word_1_302' title='bbox 1079 534 1211 562; x_wconf 83' lang='lat' dir='ltr'><strong>diaconos</strong></span> <span class='ocrx_word' id='word_1_303' title='bbox 1232 534 1330 568; x_wconf 83' lang='lat' dir='ltr'><strong>utiles,</strong></span> <span class='ocrx_word' id='word_1_304' title='bbox 1352 534 1448 561; x_wconf 88' lang='lat' dir='ltr'><strong>viduas</strong></span> <span class='ocrx_word' id='word_1_305' title='bbox 1472 538 1545 562; x_wconf 88' lang='lat' dir='ltr'><strong>recte</strong></span> <span class='ocrx_word' id='word_1_306' title='bbox 1567 534 1706 568; x_wconf 80' lang='lat' dir='ltr'><strong>viventes,</strong></span> 
     </span>
    </p>
   </div>
   <div class='ocr_carea' id='block_1_41' title="bbox 919 580 1707 617">
    <p class='ocr_par' dir='ltr' id='par_1_41' title="bbox 919 580 1707 617">
     <span class='ocr_line' id='line_1_41' title="bbox 919 580 1707 617; baseline -0.003 -8"><span class='ocrx_word' id='word_1_307' title='bbox 919 582 1061 617; x_wconf 88' lang='lat' dir='ltr'><strong>orphanos</strong></span> <span class='ocrx_word' id='word_1_308' title='bbox 1075 582 1150 609; x_wconf 88' lang='lat' dir='ltr'><strong>velut</strong></span> <span class='ocrx_word' id='word_1_309' title='bbox 1164 581 1236 609; x_wconf 89' lang='lat' dir='ltr'><strong>tilios</strong></span> <span class='ocrx_word' id='word_1_310' title='bbox 1255 580 1393 608; x_wconf 72' lang='lat' dir='ltr'><strong>Ecclesiae.</strong></span> <span class='ocrx_word' id='word_1_311' title='bbox 1410 580 1462 608; x_wconf 89' lang='lat' dir='ltr'><strong>Sed</strong></span> <span class='ocrx_word' id='word_1_312' title='bbox 1479 585 1506 608; x_wconf 89' lang='lat' dir='ltr'><strong>et</strong></span> <span class='ocrx_word' id='word_1_313' title='bbox 1525 588 1586 607; x_wconf 89' lang='lat' dir='ltr'><strong>cum</strong></span> <span class='ocrx_word' id='word_1_314' title='bbox 1602 580 1636 607; x_wconf 83' lang='lat' dir='ltr'><strong>ad</strong></span> <span class='ocrx_word' id='word_1_315' title='bbox 1658 589 1707 608; x_wconf 87' lang='lat' dir='ltr'><strong>ne-</strong></span> 
     </span>
    </p>
   </div>
   <div class='ocr_carea' id='block_1_42' title="bbox 919 625 1708 662">
    <p class='ocr_par' dir='ltr' id='par_1_42' title="bbox 919 625 1708 662">
     <span class='ocr_line' id='line_1_42' title="bbox 919 625 1708 662; baseline -0.003 -8"><span class='ocrx_word' id='word_1_316' title='bbox 919 627 1071 654; x_wconf 82' lang='lat' dir='ltr'><strong>cessarium</strong></span> <span class='ocrx_word' id='word_1_317' title='bbox 1093 633 1163 662; x_wconf 85' lang='lat' dir='ltr'><strong>opus</strong></span> <span class='ocrx_word' id='word_1_318' title='bbox 1185 626 1238 655; x_wconf 90' lang='lat' dir='ltr'><strong>erit</strong></span> <span class='ocrx_word' id='word_1_319' title='bbox 1259 625 1375 661; x_wconf 86' lang='lat' dir='ltr'><strong>pecunia</strong></span> <span class='ocrx_word' id='word_1_320' title='bbox 1388 645 1396 658; x_wconf 92' lang='lat'><strong>,</strong></span> <span class='ocrx_word' id='word_1_321' title='bbox 1411 633 1506 653; x_wconf 87' lang='lat' dir='ltr'><strong>omnes</strong></span> <span class='ocrx_word' id='word_1_322' title='bbox 1526 626 1627 660; x_wconf 82' lang='lat' dir='ltr'><strong>pariter</strong></span> <span class='ocrx_word' id='word_1_323' title='bbox 1640 633 1708 653; x_wconf 83' lang='lat' dir='ltr'><strong>con-</strong></span> 
     </span>
    </p>
   </div>
   <div class='ocr_carea' id='block_1_43' title="bbox 919 671 1707 707">
    <p class='ocr_par' dir='ltr' id='par_1_43' title="bbox 919 671 1707 707">
     <span class='ocr_line' id='line_1_43' title="bbox 919 671 1707 707; baseline -0.003 -7"><span class='ocrx_word' id='word_1_324' title='bbox 919 671 998 700; x_wconf 74' lang='lat' dir='ltr'><strong>ferte.</strong></span> <span class='ocrx_word' id='word_1_325' title='bbox 1014 672 1110 700; x_wconf 82' lang='lat' dir='ltr'><strong>Mutuo</strong></span> <span class='ocrx_word' id='word_1_326' title='bbox 1131 677 1255 700; x_wconf 83' lang='lat' dir='ltr'><strong>exercete</strong></span> <span class='ocrx_word' id='word_1_327' title='bbox 1278 672 1423 707; x_wconf 79' lang='lat' dir='ltr'><strong>pietatem,</strong></span> <span class='ocrx_word' id='word_1_328' title='bbox 1439 678 1490 699; x_wconf 90' lang='lat' dir='ltr'><strong>nec</strong></span> <span class='ocrx_word' id='word_1_329' title='bbox 1503 672 1592 707; x_wconf 78' lang='lat' dir='ltr'><strong>pigeat</strong></span> <span class='ocrx_word' id='word_1_330' title='bbox 1615 672 1707 699; x_wconf 82' lang='lat' dir='ltr'><strong>omnia</strong></span> 
     </span>
    </p>
   </div>
   <div class='ocr_carea' id='block_1_44' title="bbox 918 717 1338 754">
    <p class='ocr_par' dir='ltr' id='par_1_44' title="bbox 918 717 1338 754">
     <span class='ocr_line' id='line_1_44' title="bbox 918 717 1338 754; baseline 0 -9"><span class='ocrx_word' id='word_1_331' title='bbox 918 725 969 754; x_wconf 92' lang='lat' dir='ltr'><strong>pro</strong></span> <span class='ocrx_word' id='word_1_332' title='bbox 984 718 1073 746; x_wconf 90' lang='lat' dir='ltr'><strong>salute</strong></span> <span class='ocrx_word' id='word_1_333' title='bbox 1086 723 1177 746; x_wconf 83' lang='lat' dir='ltr'><strong>vestra</strong></span> <span class='ocrx_word' id='word_1_334' title='bbox 1187 717 1338 746; x_wconf 70' lang='lat' dir='ltr'><strong>sustinere.</strong></span> 
     </span>
    </p>
   </div>
   <div class='ocr_carea' id='block_1_45' title="bbox 954 762 1707 797">
    <p class='ocr_par' dir='ltr' id='par_1_45' title="bbox 954 762 1707 797">
     <span class='ocr_line' id='line_1_45' title="bbox 954 762 1707 797; baseline -0.003 -6"><span class='ocrx_word' id='word_1_335' title='bbox 954 763 1061 791; x_wconf 81' lang='lat' dir='ltr'>LXXII.</span> <span class='ocrx_word' id='word_1_336' title='bbox 1076 763 1182 796; x_wconf 86' lang='lat' dir='ltr'><strong>Quibus</strong></span> <span class='ocrx_word' id='word_1_337' title='bbox 1196 763 1287 796; x_wconf 83' lang='lat' dir='ltr'><strong>dictis,</strong></span> <span class='ocrx_word' id='word_1_338' title='bbox 1300 771 1411 790; x_wconf 86' lang='lat' dir='ltr'><strong>manum</strong></span> <span class='ocrx_word' id='word_1_339' title='bbox 1424 762 1554 791; x_wconf 67' lang='lat' dir='ltr'><strong>Zacchazo</strong></span> <span class='ocrx_word' id='word_1_340' title='bbox 1566 762 1707 797; x_wconf 89' lang='lat' dir='ltr'><strong>imposuit,</strong></span> 
     </span>
    </p>
   </div>
   <div class='ocr_carea' id='block_1_46' title="bbox 918 808 1706 842">
    <p class='ocr_par' dir='ltr' id='par_1_46' title="bbox 918 808 1706 842">
     <span class='ocr_line' id='line_1_46' title="bbox 918 808 1706 842; baseline -0.004 -3"><span class='ocrx_word' id='word_1_341' title='bbox 918 811 1013 840; x_wconf 87' lang='lat' dir='ltr'><strong>dicens</strong></span> <span class='ocrx_word' id='word_1_342' title='bbox 1027 819 1035 838; x_wconf 85' lang='lat'><strong>:</strong></span> <span class='ocrx_word' id='word_1_343' title='bbox 1050 809 1120 838; x_wconf 86' lang='lat' dir='ltr'><strong>Here</strong></span> <span class='ocrx_word' id='word_1_344' title='bbox 1133 810 1283 838; x_wconf 86' lang='lat' dir='ltr'><strong>acDomine</strong></span> <span class='ocrx_word' id='word_1_345' title='bbox 1297 809 1431 842; x_wconf 86' lang='lat' dir='ltr'><strong>omnium,</strong></span> <span class='ocrx_word' id='word_1_346' title='bbox 1444 809 1524 837; x_wconf 85' lang='lat' dir='ltr'><strong>Pater</strong></span> <span class='ocrx_word' id='word_1_347' title='bbox 1540 816 1566 836; x_wconf 89' lang='lat' dir='ltr'><strong>et</strong></span> <span class='ocrx_word' id='word_1_348' title='bbox 1583 808 1666 842; x_wconf 84' lang='lat' dir='ltr'><strong>Deus,</strong></span> <span class='ocrx_word' id='word_1_349' title='bbox 1678 813 1706 836; x_wconf 86' lang='lat' dir='ltr'><strong>tu</strong></span> 
     </span>
    </p>
   </div>
   <div class='ocr_carea' id='block_1_47' title="bbox 918 856 1706 893">
    <p class='ocr_par' dir='ltr' id='par_1_47' title="bbox 918 856 1706 893">
     <span class='ocr_line' id='line_1_47' title="bbox 918 856 1706 893; baseline -0.003 -7"><span class='ocrx_word' id='word_1_350' title='bbox 918 862 1055 893; x_wconf 81' lang='lat' dir='ltr'><strong>pastorem</strong></span> <span class='ocrx_word' id='word_1_351' title='bbox 1073 866 1135 886; x_wconf 92' lang='lat' dir='ltr'><strong>cum</strong></span> <span class='ocrx_word' id='word_1_352' title='bbox 1147 865 1227 892; x_wconf 86' lang='lat' dir='ltr'><strong>grege</strong></span> <span class='ocrx_word' id='word_1_353' title='bbox 1239 857 1356 884; x_wconf 88' lang='lat' dir='ltr'><strong>custodi.</strong></span> <span class='ocrx_word' id='word_1_354' title='bbox 1370 856 1411 884; x_wconf 93' lang='lat' dir='ltr'><strong>Tu</strong></span> <span class='ocrx_word' id='word_1_355' title='bbox 1422 863 1516 890; x_wconf 79' lang='lat' dir='ltr'><strong>causa,</strong></span> <span class='ocrx_word' id='word_1_356' title='bbox 1532 861 1559 883; x_wconf 91' lang='lat' dir='ltr'><strong>tu</strong></span> <span class='ocrx_word' id='word_1_357' title='bbox 1575 860 1706 891; x_wconf 79' lang='lat' dir='ltr'><strong>potestas.</strong></span> 
     </span>
    </p>
   </div>
   <div class='ocr_carea' id='block_1_48' title="bbox 917 901 1706 938">
    <p class='ocr_par' dir='ltr' id='par_1_48' title="bbox 917 901 1706 938">
     <span class='ocr_line' id='line_1_48' title="bbox 917 901 1706 938; baseline -0.005 -6"><span class='ocrx_word' id='word_1_358' title='bbox 917 903 973 932; x_wconf 83' lang='lat' dir='ltr'><strong>Nos</strong></span> <span class='ocrx_word' id='word_1_359' title='bbox 989 911 1085 932; x_wconf 87' lang='lat' dir='ltr'><strong>sumus</strong></span> <span class='ocrx_word' id='word_1_360' title='bbox 1098 903 1117 930; x_wconf 87' lang='lat' dir='ltr'><strong>ii</strong></span> <span class='ocrx_word' id='word_1_361' title='bbox 1136 903 1184 938; x_wconf 92' lang='lat' dir='ltr'><strong>qui</strong></span> <span class='ocrx_word' id='word_1_362' title='bbox 1199 902 1377 937; x_wconf 68' lang='lat' dir='ltr'><strong>adjuvnntur;</strong></span> <span class='ocrx_word' id='word_1_363' title='bbox 1394 907 1421 929; x_wconf 95' lang='lat' dir='ltr'><strong>tu</strong></span> <span class='ocrx_word' id='word_1_364' title='bbox 1432 902 1556 936; x_wconf 71' lang='lat' dir='ltr'><strong>adiutor,</strong></span> <span class='ocrx_word' id='word_1_365' title='bbox 1573 901 1706 934; x_wconf 86' lang='lat' dir='ltr'><strong>medicus,</strong></span> 
     </span>
    </p>
   </div>
   <div class='ocr_carea' id='block_1_49' title="bbox 917 946 1708 984">
    <p class='ocr_par' dir='ltr' id='par_1_49' title="bbox 917 946 1708 984">
     <span class='ocr_line' id='line_1_49' title="bbox 917 946 1708 984; baseline -0.008 -6"><span class='ocrx_word' id='word_1_366' title='bbox 917 953 1050 984; x_wconf 76' lang='lat' dir='ltr'><strong>servator,</strong></span> <span class='ocrx_word' id='word_1_367' title='bbox 1064 949 1238 981; x_wconf 83' lang='lat' dir='ltr'><strong>murus,vita.</strong></span> <span class='ocrx_word' id='word_1_368' title='bbox 1253 955 1326 983; x_wconf 83' lang='lat' dir='ltr'><strong>spes,</strong></span> <span class='ocrx_word' id='word_1_369' title='bbox 1341 946 1488 982; x_wconf 82' lang='lat' dir='ltr'><strong>refugium,</strong></span> <span class='ocrx_word' id='word_1_370' title='bbox 1504 946 1644 982; x_wconf 80' lang='lat' dir='ltr'><strong>gaudium,</strong></span> <span class='ocrx_word' id='word_1_371' title='bbox 1660 953 1708 972; x_wconf 79' lang='lat' dir='ltr'><strong>ex-</strong></span> 
     </span>
    </p>
   </div>
   <div class='ocr_carea' id='block_1_50' title="bbox 918 991 1707 1031">
    <p class='ocr_par' dir='ltr' id='par_1_50' title="bbox 918 991 1707 1031">
     <span class='ocr_line' id='line_1_50' title="bbox 918 991 1707 1031; baseline -0.009 -7"><span class='ocrx_word' id='word_1_372' title='bbox 918 996 1059 1031; x_wconf 83' lang='lat' dir='ltr'><strong>spectatio,</strong></span> <span class='ocrx_word' id='word_1_373' title='bbox 1074 995 1201 1029; x_wconf 87' lang='lat' dir='ltr'><strong>rcquies;</strong></span> <span class='ocrx_word' id='word_1_374' title='bbox 1215 993 1334 1021; x_wconf 81' lang='lat' dir='ltr'><strong>breviter</strong></span> <span class='ocrx_word' id='word_1_375' title='bbox 1353 993 1455 1026; x_wconf 83' lang='lat' dir='ltr'><strong>dicam,</strong></span> <span class='ocrx_word' id='word_1_376' title='bbox 1476 997 1504 1019; x_wconf 90' lang='lat' dir='ltr'><strong>tu</strong></span> <span class='ocrx_word' id='word_1_377' title='bbox 1520 991 1599 1019; x_wconf 86' lang='lat' dir='ltr'><strong>nobis</strong></span> <span class='ocrx_word' id='word_1_378' title='bbox 1615 991 1707 1018; x_wconf 82' lang='lat' dir='ltr'><strong>omnia</strong></span> 
     </span>
    </p>
   </div>
   <div class='ocr_carea' id='block_1_51' title="bbox 917 1036 1708 1075">
    <p class='ocr_par' dir='ltr' id='par_1_51' title="bbox 917 1036 1708 1075">
     <span class='ocr_line' id='line_1_51' title="bbox 917 1036 1708 1075; baseline -0.009 -6"><span class='ocrx_word' id='word_1_379' title='bbox 917 1049 956 1069; x_wconf 85' lang='lat' dir='ltr'><strong>es.</strong></span> <span class='ocrx_word' id='word_1_380' title='bbox 966 1041 1006 1068; x_wconf 81' lang='lat' dir='ltr'><strong>Ad</strong></span> <span class='ocrx_word' id='word_1_381' title='bbox 1015 1039 1234 1075; x_wconf 80' lang='lat' dir='ltr'><strong>consequendam</strong></span> <span class='ocrx_word' id='word_1_382' title='bbox 1251 1039 1364 1066; x_wconf 85' lang='lat' dir='ltr'><strong>salutem</strong></span> <span class='ocrx_word' id='word_1_383' title='bbox 1376 1042 1504 1065; x_wconf 69' lang='lat' dir='ltr'><strong>aeternam</strong></span> <span class='ocrx_word' id='word_1_384' title='bbox 1517 1037 1661 1072; x_wconf 84' lang='lat' dir='ltr'><strong>opitularc,</strong></span> <span class='ocrx_word' id='word_1_385' title='bbox 1674 1036 1708 1062; x_wconf 93' lang='lat' dir='ltr'><strong>li-</strong></span> 
     </span>
    </p>
   </div>
   <div class='ocr_carea' id='block_1_52' title="bbox 919 1083 1707 1120">
    <p class='ocr_par' dir='ltr' id='par_1_52' title="bbox 919 1083 1707 1120">
     <span class='ocr_line' id='line_1_52' title="bbox 919 1083 1707 1120; baseline -0.009 -5"><span class='ocrx_word' id='word_1_386' title='bbox 919 1087 994 1120; x_wconf 87' lang='lat' dir='ltr'><strong>bera,</strong></span> <span class='ocrx_word' id='word_1_387' title='bbox 1009 1087 1126 1114; x_wconf 84' lang='lat' dir='ltr'><strong>custodi.</strong></span> <span class='ocrx_word' id='word_1_388' title='bbox 1145 1085 1249 1113; x_wconf 87' lang='lat' dir='ltr'><strong>Cuncta</strong></span> <span class='ocrx_word' id='word_1_389' title='bbox 1265 1089 1352 1120; x_wconf 83' lang='lat' dir='ltr'><strong>potes.</strong></span> <span class='ocrx_word' id='word_1_390' title='bbox 1379 1083 1420 1110; x_wconf 91' lang='lat' dir='ltr'><strong>Tu</strong></span> <span class='ocrx_word' id='word_1_391' title='bbox 1436 1083 1509 1111; x_wconf 88' lang='lat' dir='ltr'><strong>enim</strong></span> <span class='ocrx_word' id='word_1_392' title='bbox 1528 1091 1559 1110; x_wconf 83' lang='lat' dir='ltr'><strong>es</strong></span> <span class='ocrx_word' id='word_1_393' title='bbox 1574 1083 1707 1116; x_wconf 79' lang='lat' dir='ltr'><strong>Princeps</strong></span> 
     </span>
    </p>
   </div>
   <div class='ocr_carea' id='block_1_53' title="bbox 918 1128 1706 1168">
    <p class='ocr_par' dir='ltr' id='par_1_53' title="bbox 918 1128 1706 1168">
     <span class='ocr_line' id='line_1_53' title="bbox 918 1128 1706 1168; baseline -0.008 -8"><span class='ocrx_word' id='word_1_394' title='bbox 918 1133 1086 1168; x_wconf 84' lang='lat' dir='ltr'><strong>principum,</strong></span> <span class='ocrx_word' id='word_1_395' title='bbox 1106 1136 1132 1159; x_wconf 91' lang='lat' dir='ltr'><strong>el</strong></span> <span class='ocrx_word' id='word_1_396' title='bbox 1145 1131 1277 1158; x_wconf 89' lang='lat' dir='ltr'><strong>Dominus</strong></span> <span class='ocrx_word' id='word_1_397' title='bbox 1297 1130 1483 1161; x_wconf 86' lang='lat' dir='ltr'><strong>dominorum,</strong></span> <span class='ocrx_word' id='word_1_398' title='bbox 1495 1128 1583 1156; x_wconf 80' lang='lat' dir='ltr'><strong>Herus</strong></span> <span class='ocrx_word' id='word_1_399' title='bbox 1601 1135 1706 1162; x_wconf 80' lang='lat' dir='ltr'><strong>regum.</strong></span> 
     </span>
    </p>
   </div>
   <div class='ocr_carea' id='block_1_54' title="bbox 920 1175 1708 1212">
    <p class='ocr_par' dir='ltr' id='par_1_54' title="bbox 920 1175 1708 1212">
     <span class='ocr_line' id='line_1_54' title="bbox 920 1175 1708 1212; baseline -0.006 -7"><span class='ocrx_word' id='word_1_400' title='bbox 920 1178 961 1206; x_wconf 89' lang='lat' dir='ltr'><strong>Tu</strong></span> <span class='ocrx_word' id='word_1_401' title='bbox 983 1177 1098 1205; x_wconf 86' lang='lat' dir='ltr'><strong>antistiti</strong></span> <span class='ocrx_word' id='word_1_402' title='bbox 1121 1177 1155 1204; x_wconf 87' lang='lat' dir='ltr'><strong>da</strong></span> <span class='ocrx_word' id='word_1_403' title='bbox 1173 1181 1335 1212; x_wconf 86' lang='lat' dir='ltr'><strong>potestatem</strong></span> <span class='ocrx_word' id='word_1_404' title='bbox 1365 1175 1489 1203; x_wconf 88' lang='lat' dir='ltr'><strong>solvendi</strong></span> <span class='ocrx_word' id='word_1_405' title='bbox 1512 1182 1573 1209; x_wconf 72' lang='lat' dir='ltr'><strong>quae</strong></span> <span class='ocrx_word' id='word_1_406' title='bbox 1600 1178 1708 1208; x_wconf 86' lang='lat' dir='ltr'><strong>oportet</strong></span> 
     </span>
    </p>
   </div>
   <div class='ocr_carea' id='block_1_55' title="bbox 920 1218 1706 1256">
    <p class='ocr_par' dir='ltr' id='par_1_55' title="bbox 920 1218 1706 1256">
     <span class='ocr_line' id='line_1_55' title="bbox 920 1218 1706 1256; baseline -0.004 -6"><span class='ocrx_word' id='word_1_407' title='bbox 920 1223 1024 1251; x_wconf 89' lang='lat' dir='ltr'><strong>solvere</strong></span> <span class='ocrx_word' id='word_1_408' title='bbox 1043 1228 1070 1249; x_wconf 91' lang='lat' dir='ltr'><strong>et</strong></span> <span class='ocrx_word' id='word_1_409' title='bbox 1087 1222 1188 1256; x_wconf 81' lang='lat' dir='ltr'><strong>ligandi</strong></span> <span class='ocrx_word' id='word_1_410' title='bbox 1200 1229 1262 1256; x_wconf 67' lang='lat' dir='ltr'><strong>quae</strong></span> <span class='ocrx_word' id='word_1_411' title='bbox 1276 1221 1359 1256; x_wconf 84' lang='lat' dir='ltr'><strong>ligare</strong></span> <span class='ocrx_word' id='word_1_412' title='bbox 1377 1224 1494 1256; x_wconf 88' lang='lat' dir='ltr'><strong>oportet.</strong></span> <span class='ocrx_word' id='word_1_413' title='bbox 1511 1219 1551 1247; x_wconf 93' lang='lat' dir='ltr'><strong>Tu</strong></span> <span class='ocrx_word' id='word_1_414' title='bbox 1566 1219 1641 1247; x_wconf 86' lang='lat' dir='ltr'><strong>doce.</strong></span> <span class='ocrx_word' id='word_1_415' title='bbox 1665 1218 1706 1246; x_wconf 88' lang='lat' dir='ltr'><strong>Tu</strong></span> 
     </span>
    </p>
   </div>
   <div class='ocr_carea' id='block_1_56' title="bbox 919 1264 1707 1304">
    <p class='ocr_par' dir='ltr' id='par_1_56' title="bbox 919 1264 1707 1304">
     <span class='ocr_line' id='line_1_56' title="bbox 919 1264 1707 1304; baseline -0.006 -8"><span class='ocrx_word' id='word_1_416' title='bbox 919 1277 968 1304; x_wconf 92' lang='lat' dir='ltr'><strong>per</strong></span> <span class='ocrx_word' id='word_1_417' title='bbox 996 1276 1059 1296; x_wconf 89' lang='lat' dir='ltr'><strong>eum</strong></span> <span class='ocrx_word' id='word_1_418' title='bbox 1082 1274 1212 1301; x_wconf 83' lang='lat' dir='ltr'><strong>tanquam</strong></span> <span class='ocrx_word' id='word_1_419' title='bbox 1238 1274 1285 1301; x_wconf 88' lang='lat' dir='ltr'><strong>per</strong></span> <span class='ocrx_word' id='word_1_420' title='bbox 1315 1267 1528 1294; x_wconf 85' lang='lat' dir='ltr'><strong>instrumentum</strong></span> <span class='ocrx_word' id='word_1_421' title='bbox 1556 1264 1707 1292; x_wconf 87' lang='lat' dir='ltr'><strong>Ecclesiam</strong></span> 
     </span>
    </p>
   </div>
   <div class='ocr_carea' id='block_1_57' title="bbox 920 1310 1708 1347">
    <p class='ocr_par' dir='ltr' id='par_1_57' title="bbox 920 1310 1708 1347">
     <span class='ocr_line' id='line_1_57' title="bbox 920 1310 1708 1347; baseline -0.005 -6"><span class='ocrx_word' id='word_1_422' title='bbox 920 1313 1022 1342; x_wconf 86' lang='lat' dir='ltr'><strong>Christi</strong></span> <span class='ocrx_word' id='word_1_423' title='bbox 1041 1313 1079 1340; x_wconf 90' lang='lat' dir='ltr'><strong>tui</strong></span> <span class='ocrx_word' id='word_1_424' title='bbox 1099 1313 1173 1339; x_wconf 86' lang='lat' dir='ltr'><strong>velut</strong></span> <span class='ocrx_word' id='word_1_425' title='bbox 1193 1311 1335 1347; x_wconf 84' lang='lat' dir='ltr'><strong>pulchram</strong></span> <span class='ocrx_word' id='word_1_426' title='bbox 1355 1319 1486 1346; x_wconf 88' lang='lat' dir='ltr'><strong>sponsam</strong></span> <span class='ocrx_word' id='word_1_427' title='bbox 1508 1314 1608 1338; x_wconf 86' lang='lat' dir='ltr'><strong>tutare.</strong></span> <span class='ocrx_word' id='word_1_428' title='bbox 1624 1310 1664 1338; x_wconf 86' lang='lat' dir='ltr'><strong>Ad</strong></span> <span class='ocrx_word' id='word_1_429' title='bbox 1683 1315 1708 1337; x_wconf 87' lang='lat' dir='ltr'><strong>te</strong></span> 
     </span>
    </p>
   </div>
   <div class='ocr_carea' id='block_1_58' title="bbox 920 1355 1709 1394">
    <p class='ocr_par' dir='ltr' id='par_1_58' title="bbox 920 1355 1709 1394">
     <span class='ocr_line' id='line_1_58' title="bbox 920 1355 1709 1394; baseline -0.005 -7"><span class='ocrx_word' id='word_1_430' title='bbox 920 1359 993 1388; x_wconf 77' lang='lat' dir='ltr'><strong>enin</strong></span> <span class='ocrx_word' id='word_1_431' title='bbox 1010 1359 1128 1394; x_wconf 82' lang='lat' dir='ltr'><strong>pertinet</strong></span> <span class='ocrx_word' id='word_1_432' title='bbox 1139 1361 1240 1385; x_wconf 65' lang='lat' dir='ltr'><strong>atterna</strong></span> <span class='ocrx_word' id='word_1_433' title='bbox 1265 1357 1364 1392; x_wconf 79' lang='lat' dir='ltr'><strong>gloria,</strong></span> <span class='ocrx_word' id='word_1_434' title='bbox 1380 1357 1450 1390; x_wconf 85' lang='lat' dir='ltr'><strong>laus,</strong></span> <span class='ocrx_word' id='word_1_435' title='bbox 1463 1355 1537 1384; x_wconf 86' lang='lat' dir='ltr'><strong>Patri</strong></span> <span class='ocrx_word' id='word_1_436' title='bbox 1554 1360 1582 1384; x_wconf 90' lang='lat' dir='ltr'><strong>et</strong></span> <span class='ocrx_word' id='word_1_437' title='bbox 1597 1355 1667 1383; x_wconf 83' lang='lat' dir='ltr'><strong>Filio</strong></span> <span class='ocrx_word' id='word_1_438' title='bbox 1681 1360 1709 1382; x_wconf 76' lang='lat' dir='ltr'><strong>rt</strong></span> 
     </span>
    </p>
   </div>
   <div class='ocr_carea' id='block_1_59' title="bbox 921 1402 1555 1441">
    <p class='ocr_par' dir='ltr' id='par_1_59' title="bbox 921 1402 1555 1441">
     <span class='ocr_line' id='line_1_59' title="bbox 921 1402 1555 1441; baseline -0.005 -8"><span class='ocrx_word' id='word_1_439' title='bbox 921 1405 1036 1441; x_wconf 88' lang='lat' dir='ltr'><strong>Spiritui</strong></span> <span class='ocrx_word' id='word_1_440' title='bbox 1050 1408 1159 1438; x_wconf 82' lang='lat' dir='ltr'><strong>sancto,</strong></span> <span class='ocrx_word' id='word_1_441' title='bbox 1178 1403 1206 1431; x_wconf 88' lang='lat' dir='ltr'><strong>in</strong></span> <span class='ocrx_word' id='word_1_442' title='bbox 1222 1403 1315 1431; x_wconf 88' lang='lat' dir='ltr'><strong>omnia</strong></span> <span class='ocrx_word' id='word_1_443' title='bbox 1329 1403 1440 1431; x_wconf 72' lang='lat' dir='ltr'><strong>saacula.</strong></span> <span class='ocrx_word' id='word_1_444' title='bbox 1457 1402 1555 1430; x_wconf 88' lang='lat' dir='ltr'><strong>Amen.</strong></span> 
     </span>
    </p>
   </div>
   <div class='ocr_carea' id='block_1_60' title="bbox 956 1473 1708 1509">
    <p class='ocr_par' dir='ltr' id='par_1_60' title="bbox 956 1473 1708 1509">
     <span class='ocr_line' id='line_1_60' title="bbox 956 1473 1708 1509; baseline -0.003 -6"><span class='ocrx_word' id='word_1_445' title='bbox 956 1474 1072 1503; x_wconf 78' lang='lat' dir='ltr'><strong>LXXIII.</strong></span> <span class='ocrx_word' id='word_1_446' title='bbox 1093 1474 1160 1508; x_wconf 77' lang='lat' dir='ltr'><strong>Quae</strong></span> <span class='ocrx_word' id='word_1_447' title='bbox 1185 1482 1246 1502; x_wconf 89' lang='lat' dir='ltr'><strong>cum</strong></span> <span class='ocrx_word' id='word_1_448' title='bbox 1263 1474 1395 1508; x_wconf 86' lang='lat' dir='ltr'><strong>dixisset,</strong></span> <span class='ocrx_word' id='word_1_449' title='bbox 1414 1478 1507 1509; x_wconf 88' lang='lat' dir='ltr'><strong>postea</strong></span> <span class='ocrx_word' id='word_1_450' title='bbox 1536 1473 1594 1502; x_wconf 84' lang='lat' dir='ltr'><strong>inﬁt</strong></span> <span class='ocrx_word' id='word_1_451' title='bbox 1613 1482 1620 1501; x_wconf 73' lang='grc' dir='ltr'><strong>ε</strong></span> <span class='ocrx_word' id='word_1_452' title='bbox 1641 1473 1708 1507; x_wconf 84' lang='lat' dir='ltr'><strong>Qui-</strong></span> 
     </span>
    </p>
   </div>
   <div class='ocr_carea' id='block_1_61' title="bbox 921 1519 1708 1556">
    <p class='ocr_par' dir='ltr' id='par_1_61' title="bbox 921 1519 1708 1556">
     <span class='ocr_line' id='line_1_61' title="bbox 921 1519 1708 1556; baseline -0.004 -7"><span class='ocrx_word' id='word_1_453' title='bbox 921 1528 1030 1556; x_wconf 88' lang='lat' dir='ltr'><strong>cunque</strong></span> <span class='ocrx_word' id='word_1_454' title='bbox 1056 1520 1189 1555; x_wconf 85' lang='lat' dir='ltr'><strong>baptizari</strong></span> <span class='ocrx_word' id='word_1_455' title='bbox 1209 1519 1308 1554; x_wconf 86' lang='lat' dir='ltr'><strong>vultis,</strong></span> <span class='ocrx_word' id='word_1_456' title='bbox 1330 1527 1364 1547; x_wconf 80' lang='lat' dir='ltr'><strong>ex</strong></span> <span class='ocrx_word' id='word_1_457' title='bbox 1379 1519 1500 1548; x_wconf 81' lang='lat' dir='ltr'><strong>crastino</strong></span> <span class='ocrx_word' id='word_1_458' title='bbox 1518 1519 1563 1547; x_wconf 88' lang='lat' dir='ltr'><strong>die</strong></span> <span class='ocrx_word' id='word_1_459' title='bbox 1581 1519 1708 1554; x_wconf 74' lang='lat' dir='ltr'><strong>jejunarc</strong></span> 
     </span>
    </p>
   </div>
   <div class='ocr_carea' id='block_1_62' title="bbox 69 1562 869 1612">
    <p class='ocr_par' dir='ltr' id='par_1_62' title="bbox 69 1562 868 1612">
     <span class='ocr_line' id='line_1_62' title="bbox 69 1562 868 1612; baseline -0.004 -8"><span class='ocrx_word' id='word_1_460' title='bbox 69 1562 192 1612; x_wconf 68' lang='grc' dir='ltr'>ἄρξασθε</span> <span class='ocrx_word' id='word_1_461' title='bbox 204 1596 212 1610; x_wconf 87' lang='grc'><strong>,</strong></span> <span class='ocrx_word' id='word_1_462' title='bbox 229 1577 278 1604; x_wconf 78' lang='grc' dir='ltr'><strong>καὶ</strong></span> <span class='ocrx_word' id='word_1_463' title='bbox 291 1562 462 1612; x_wconf 42' lang='grc' dir='ltr'>’καθημέραν</span> <span class='ocrx_word' id='word_1_464' title='bbox 472 1574 495 1590; x_wconf 75' lang='grc'><strong>⁸⁸</strong></span> <span class='ocrx_word' id='word_1_465' title='bbox 506 1562 704 1611; x_wconf 23' lang='grc' dir='ltr'>χειροτθετεῖσθε</span> <span class='ocrx_word' id='word_1_466' title='bbox 714 1594 722 1607; x_wconf 96' lang='grc'><strong>,</strong></span> <span class='ocrx_word' id='word_1_467' title='bbox 743 1562 790 1601; x_wconf 78' lang='grc' dir='ltr'>καὶ</span> <span class='ocrx_word' id='word_1_468' title='bbox 805 1575 868 1611; x_wconf 77' lang='grc' dir='ltr'>περὶ</span> 
     </span>
    </p>
   </div>
   <div class='ocr_carea' id='block_1_63' title="bbox 922 1562 1708 1612">
    <p class='ocr_par' dir='ltr' id='par_1_63' title="bbox 922 1564 1708 1601">
     <span class='ocr_line' id='line_1_63' title="bbox 922 1564 1708 1601; baseline -0.003 -7"><span class='ocrx_word' id='word_1_469' title='bbox 922 1566 1043 1601; x_wconf 89' lang='lat' dir='ltr'><strong>incipite,</strong></span> <span class='ocrx_word' id='word_1_470' title='bbox 1053 1570 1080 1594; x_wconf 87' lang='lat' dir='ltr'><strong>et</strong></span> <span class='ocrx_word' id='word_1_471' title='bbox 1094 1565 1209 1601; x_wconf 90' lang='lat' dir='ltr'><strong>singulis</strong></span> <span class='ocrx_word' id='word_1_472' title='bbox 1224 1564 1321 1594; x_wconf 88' lang='lat' dir='ltr'><strong>diebus</strong></span> <span class='ocrx_word' id='word_1_473' title='bbox 1332 1573 1430 1594; x_wconf 86' lang='lat' dir='ltr'><strong>manus</strong></span> <span class='ocrx_word' id='word_1_474' title='bbox 1446 1565 1648 1600; x_wconf 87' lang='lat' dir='ltr'><strong>impositionem</strong></span> <span class='ocrx_word' id='word_1_475' title='bbox 1662 1572 1708 1592; x_wconf 87' lang='lat' dir='ltr'><strong>ac-</strong></span> 
     </span>
    </p>
   </div>
   <div class='ocr_carea' id='block_1_64' title="bbox 69 1619 868 1658">
    <p class='ocr_par' dir='ltr' id='par_1_64' title="bbox 69 1619 868 1658">
     <span class='ocr_line' id='line_1_64' title="bbox 69 1619 868 1658; baseline -0.001 -8"><span class='ocrx_word' id='word_1_476' title='bbox 69 1619 107 1649; x_wconf 83' lang='grc' dir='ltr'><strong>ὧν</strong></span> <span class='ocrx_word' id='word_1_477' title='bbox 129 1623 224 1650; x_wconf 83' lang='grc' dir='ltr'>θέλετε</span> <span class='ocrx_word' id='word_1_478' title='bbox 247 1621 425 1649; x_wconf 79' lang='grc' dir='ltr'>πυνθάνεσθε.</span> <span class='ocrx_word' id='word_1_479' title='bbox 441 1623 501 1649; x_wconf 84' lang='grc' dir='ltr'>Ἔτι</span> <span class='ocrx_word' id='word_1_480' title='bbox 522 1621 577 1658; x_wconf 84' lang='grc' dir='ltr'><strong>γὰρ</strong></span> <span class='ocrx_word' id='word_1_481' title='bbox 589 1621 701 1657; x_wconf 81' lang='grc' dir='ltr'>ἡμερῶν</span> <span class='ocrx_word' id='word_1_482' title='bbox 720 1621 787 1648; x_wconf 82' lang='grc' dir='ltr'><strong>δέκα</strong></span> <span class='ocrx_word' id='word_1_483' title='bbox 804 1622 868 1657; x_wconf 81' lang='grc' dir='ltr'>ὑμῖν</span> 
     </span>
    </p>
   </div>
   <div class='ocr_carea' id='block_1_65' title="bbox 71 1667 869 1704">
    <p class='ocr_par' dir='ltr' id='par_1_65' title="bbox 71 1667 869 1704">
     <span class='ocr_line' id='line_1_65' title="bbox 71 1667 869 1704; baseline -0.001 -9"><span class='ocrx_word' id='word_1_484' title='bbox 71 1669 212 1704; x_wconf 69' lang='grc' dir='ltr'><strong>ἐπιμεῖναι</strong></span> <span class='ocrx_word' id='word_1_485' title='bbox 239 1668 318 1695; x_wconf 84' lang='grc' dir='ltr'>θέλω.</span> <span class='ocrx_word' id='word_1_486' title='bbox 342 1668 420 1695; x_wconf 83' lang='grc' dir='ltr'>Μετὰ</span> <span class='ocrx_word' id='word_1_487' title='bbox 441 1667 470 1695; x_wconf 83' lang='grc' dir='ltr'><strong>δὲ</strong></span> <span class='ocrx_word' id='word_1_488' title='bbox 495 1668 569 1704; x_wconf 82' lang='grc' dir='ltr'>τρεῖς</span> <span class='ocrx_word' id='word_1_489' title='bbox 592 1667 700 1703; x_wconf 80' lang='grc' dir='ltr'>ἡμέρας</span> <span class='ocrx_word' id='word_1_490' title='bbox 727 1667 869 1703; x_wconf 73' lang='grc' dir='ltr'>βαπτίζειν</span> 
     </span>
    </p>
   </div>
   <div class='ocr_carea' id='block_1_66' title="bbox 70 1712 869 1750">
    <p class='ocr_par' dir='ltr' id='par_1_66' title="bbox 70 1712 869 1750">
     <span class='ocr_line' id='line_1_66' title="bbox 70 1712 869 1750; baseline -0.001 -10"><span class='ocrx_word' id='word_1_491' title='bbox 70 1713 238 1750; x_wconf 77' lang='grc' dir='ltr'>ἀρξάμενος,</span> <span class='ocrx_word' id='word_1_492' title='bbox 251 1714 301 1749; x_wconf 79' lang='grc' dir='ltr'><strong>ἐμὲ</strong></span> <span class='ocrx_word' id='word_1_493' title='bbox 313 1714 443 1749; x_wconf 77' lang='grc' dir='ltr'>φωνήσας</span> <span class='ocrx_word' id='word_1_494' title='bbox 457 1713 504 1739; x_wconf 75' lang='grc' dir='ltr'><strong>καὶ</strong></span> <span class='ocrx_word' id='word_1_495' title='bbox 521 1712 636 1740; x_wconf 85' lang='grc' dir='ltr'>Ἀκύλαν</span> <span class='ocrx_word' id='word_1_496' title='bbox 652 1713 699 1740; x_wconf 73' lang='grc' dir='ltr'><strong>καὶ</strong></span> <span class='ocrx_word' id='word_1_497' title='bbox 714 1713 836 1749; x_wconf 84' lang='grc' dir='ltr'>Νικήτην</span> <span class='ocrx_word' id='word_1_498' title='bbox 846 1712 869 1729; x_wconf 61' lang='grc'><strong>⁸⁸</strong></span> 
     </span>
    </p>
   </div>
   <div class='ocr_carea' id='block_1_67' title="bbox 72 1757 870 1794">
    <p class='ocr_par' dir='ltr' id='par_1_67' title="bbox 72 1757 870 1794">
     <span class='ocr_line' id='line_1_67' title="bbox 72 1757 870 1794; baseline -0.001 -10"><span class='ocrx_word' id='word_1_499' title='bbox 72 1758 133 1794; x_wconf 62' lang='grc' dir='ltr'><strong>ἔφη’</strong></span> <span class='ocrx_word' id='word_1_500' title='bbox 154 1758 271 1786; x_wconf 72' lang='grc' dir='ltr'>Μέλλων</span> <span class='ocrx_word' id='word_1_501' title='bbox 291 1758 338 1785; x_wconf 75' lang='grc' dir='ltr'>ἐπὶ</span> <span class='ocrx_word' id='word_1_502' title='bbox 361 1758 410 1793; x_wconf 85' lang='grc' dir='ltr'>τὴν</span> <span class='ocrx_word' id='word_1_503' title='bbox 430 1757 517 1793; x_wconf 86' lang='grc' dir='ltr'>Τύρον</span> <span class='ocrx_word' id='word_1_504' title='bbox 537 1758 625 1794; x_wconf 82' lang='grc' dir='ltr'>ὁρμᾷν</span> <span class='ocrx_word' id='word_1_505' title='bbox 652 1757 710 1793; x_wconf 87' lang='grc' dir='ltr'>μεθ’</span> <span class='ocrx_word' id='word_1_506' title='bbox 725 1757 748 1773; x_wconf 70' lang='grc'><strong>⁸⁸</strong></span> <span class='ocrx_word' id='word_1_507' title='bbox 763 1757 870 1793; x_wconf 80' lang='grc' dir='ltr'>ἡμέρας</span> 
     </span>
    </p>
   </div>
   <div class='ocr_carea' id='block_1_68' title="bbox 73 1802 868 1839">
    <p class='ocr_par' dir='ltr' id='par_1_68' title="bbox 73 1802 868 1839">
     <span class='ocr_line' id='line_1_68' title="bbox 73 1802 868 1839; baseline -0.001 -9"><span class='ocrx_word' id='word_1_508' title='bbox 73 1803 141 1830; x_wconf 74' lang='grc' dir='ltr'><strong>ἑπτὰ</strong></span> <span class='ocrx_word' id='word_1_509' title='bbox 161 1802 294 1838; x_wconf 78' lang='grc' dir='ltr'><strong>βούλομαι</strong></span> <span class='ocrx_word' id='word_1_510' title='bbox 309 1803 426 1838; x_wconf 76' lang='grc' dir='ltr'><strong>ἐξαυτῆς</strong></span> <span class='ocrx_word' id='word_1_511' title='bbox 442 1803 513 1838; x_wconf 80' lang='grc' dir='ltr'>ὑμᾶς</span> <span class='ocrx_word' id='word_1_512' title='bbox 532 1803 698 1835; x_wconf 77' lang='grc' dir='ltr'>ἀπελθόντας</span> <span class='ocrx_word' id='word_1_513' title='bbox 708 1823 715 1835; x_wconf 91' lang='grc'><strong>,</strong></span> <span class='ocrx_word' id='word_1_514' title='bbox 743 1803 819 1839; x_wconf 84' lang='grc' dir='ltr'>παρὰ</span> <span class='ocrx_word' id='word_1_515' title='bbox 833 1803 868 1838; x_wconf 80' lang='grc' dir='ltr'>τῇ</span> 
     </span>
    </p>
   </div>
   <div class='ocr_carea' id='block_1_69' title="bbox 73 1848 869 1885">
    <p class='ocr_par' dir='ltr' id='par_1_69' title="bbox 73 1848 869 1885">
     <span class='ocr_line' id='line_1_69' title="bbox 73 1848 869 1885; baseline 0 -10"><span class='ocrx_word' id='word_1_516' title='bbox 73 1848 248 1876; x_wconf 69' lang='grc' dir='ltr'>Χαναανίτιδι</span> <span class='ocrx_word' id='word_1_517' title='bbox 258 1849 282 1864; x_wconf 80' lang='grc'><strong>⁸⁸</strong></span> <span class='ocrx_word' id='word_1_518' title='bbox 296 1848 414 1885; x_wconf 81' lang='grc' dir='ltr'><strong>Βερνίκῃ</strong></span> <span class='ocrx_word' id='word_1_519' title='bbox 427 1848 483 1885; x_wconf 88' lang='grc'><strong>(80)</strong></span> <span class='ocrx_word' id='word_1_520' title='bbox 501 1849 619 1884; x_wconf 79' lang='grc' dir='ltr'><strong>’ῐούστης</strong></span> <span class='ocrx_word' id='word_1_521' title='bbox 635 1848 751 1885; x_wconf 80' lang='grc' dir='ltr'>θυγατρὶ</span> <span class='ocrx_word' id='word_1_522' title='bbox 770 1848 869 1875; x_wconf 85' lang='grc' dir='ltr'>λανθα-</span> 
     </span>
    </p>
   </div>
   <div class='ocr_carea' id='block_1_70' title="bbox 73 1894 870 1930">
    <p class='ocr_par' dir='ltr' id='par_1_70' title="bbox 73 1894 870 1930">
     <span class='ocr_line' id='line_1_70' title="bbox 73 1894 870 1930; baseline 0.001 -9"><span class='ocrx_word' id='word_1_523' title='bbox 73 1894 172 1926; x_wconf 76' lang='grc' dir='ltr'>νόντως</span> <span class='ocrx_word' id='word_1_524' title='bbox 197 1894 434 1927; x_wconf 77' lang='grc' dir='ltr'><strong>ὲπιξενωθέντας,</strong></span> <span class='ocrx_word' id='word_1_525' title='bbox 463 1895 530 1930; x_wconf 78' lang='grc' dir='ltr'>παρ’</span> <span class='ocrx_word' id='word_1_526' title='bbox 552 1894 638 1930; x_wconf 76' lang='grc' dir='ltr'>αὐτῆς</span> <span class='ocrx_word' id='word_1_527' title='bbox 668 1895 703 1922; x_wconf 83' lang='grc' dir='ltr'>τὰ</span> <span class='ocrx_word' id='word_1_528' title='bbox 731 1894 803 1922; x_wconf 81' lang='grc' dir='ltr'>κατὰ</span> <span class='ocrx_word' id='word_1_529' title='bbox 824 1894 870 1922; x_wconf 77' lang='grc' dir='ltr'>τὸν</span> 
     </span>
    </p>
   </div>
   <div class='ocr_carea' id='block_1_71' title="bbox 75 1940 870 1977">
    <p class='ocr_par' dir='ltr' id='par_1_71' title="bbox 75 1940 870 1977">
     <span class='ocr_line' id='line_1_71' title="bbox 75 1940 870 1977; baseline 0.001 -11"><span class='ocrx_word' id='word_1_530' title='bbox 75 1940 184 1976; x_wconf 82' lang='grc' dir='ltr'>Σίμωνα</span> <span class='ocrx_word' id='word_1_531' title='bbox 203 1940 328 1976; x_wconf 86' lang='grc' dir='ltr'>ἀκριϐῶς</span> <span class='ocrx_word' id='word_1_532' title='bbox 344 1940 479 1975; x_wconf 82' lang='grc' dir='ltr'>μαθόντας</span> <span class='ocrx_word' id='word_1_533' title='bbox 489 1941 510 1956; x_wconf 69' lang='grc'><strong>⁸⁷</strong></span> <span class='ocrx_word' id='word_1_534' title='bbox 525 1940 630 1976; x_wconf 79' lang='grc' dir='ltr'>γράψαι</span> <span class='ocrx_word' id='word_1_535' title='bbox 647 1950 702 1976; x_wconf 89' lang='grc' dir='ltr'><strong>μοι.</strong></span> <span class='ocrx_word' id='word_1_536' title='bbox 725 1940 796 1968; x_wconf 80' lang='grc' dir='ltr'>Πολὺ</span> <span class='ocrx_word' id='word_1_537' title='bbox 815 1941 870 1977; x_wconf 88' lang='grc' dir='ltr'><strong>γάρ</strong></span> 
     </span>
    </p>
   </div>
   <div class='ocr_carea' id='block_1_72' title="bbox 77 1985 870 2022">
    <p class='ocr_par' dir='ltr' id='par_1_72' title="bbox 77 1985 870 2022">
     <span class='ocr_line' id='line_1_72' title="bbox 77 1985 870 2022; baseline 0 -10"><span class='ocrx_word' id='word_1_538' title='bbox 77 1993 120 2020; x_wconf 84' lang='grc' dir='ltr'><strong>μοι</strong></span> <span class='ocrx_word' id='word_1_539' title='bbox 133 1985 329 2020; x_wconf 79' lang='grc' dir='ltr'><strong>συμϐάλλεται,</strong></span> <span class='ocrx_word' id='word_1_540' title='bbox 346 1985 390 2012; x_wconf 81' lang='grc' dir='ltr'><strong>ἵνα</strong></span> <span class='ocrx_word' id='word_1_541' title='bbox 405 1986 474 2022; x_wconf 81' lang='grc' dir='ltr'>πρὸς</span> <span class='ocrx_word' id='word_1_542' title='bbox 492 1986 557 2012; x_wconf 82' lang='grc' dir='ltr'>αὐτὸ</span> <span class='ocrx_word' id='word_1_543' title='bbox 578 1986 749 2022; x_wconf 87' lang='grc' dir='ltr'>ἁρμόσωμαι,</span> <span class='ocrx_word' id='word_1_544' title='bbox 769 1986 814 2012; x_wconf 79' lang='grc' dir='ltr'><strong>Διὸ</strong></span> <span class='ocrx_word' id='word_1_545' title='bbox 827 1986 870 2018; x_wconf 78' lang='grc' dir='ltr'><strong>ἐξ·</strong></span> 
     </span>
    </p>
   </div>
   <div class='ocr_carea' id='block_1_73' title="bbox 77 2031 871 2068">
    <p class='ocr_par' dir='ltr' id='par_1_73' title="bbox 77 2031 871 2068">
     <span class='ocr_line' id='line_1_73' title="bbox 77 2031 871 2068; baseline 0.001 -11"><span class='ocrx_word' id='word_1_546' title='bbox 77 2031 159 2066; x_wconf 83' lang='grc' dir='ltr'>αυτῆς</span> <span class='ocrx_word' id='word_1_547' title='bbox 177 2031 327 2066; x_wconf 80' lang='grc' dir='ltr'>πορεύεσθε</span> <span class='ocrx_word' id='word_1_548' title='bbox 344 2033 401 2066; x_wconf 79' lang='grc' dir='ltr'>μετ’</span> <span class='ocrx_word' id='word_1_549' title='bbox 417 2032 539 2068; x_wconf 75' lang='grc' dir='ltr'><strong>εἰρήνης.</strong></span> <span class='ocrx_word' id='word_1_550' title='bbox 555 2032 611 2058; x_wconf 77' lang='grc' dir='ltr'><strong>Καὶ</strong></span> <span class='ocrx_word' id='word_1_551' title='bbox 625 2031 657 2068; x_wconf 85' lang='grc' dir='ltr'><strong>δὴ</strong></span> <span class='ocrx_word' id='word_1_552' title='bbox 667 2032 690 2048; x_wconf 70' lang='grc'><strong>⁸⁸</strong></span> <span class='ocrx_word' id='word_1_553' title='bbox 706 2031 871 2066; x_wconf 81' lang='grc' dir='ltr'>βαπτίζοντα</span> 
     </span>
    </p>
   </div>
   <div class='ocr_carea' id='block_1_74' title="bbox 77 2077 870 2113">
    <p class='ocr_par' dir='ltr' id='par_1_74' title="bbox 77 2077 870 2113">
     <span class='ocr_line' id='line_1_74' title="bbox 77 2077 870 2113; baseline 0.001 -10"><span class='ocrx_word' id='word_1_554' title='bbox 77 2077 156 2103; x_wconf 77' lang='grc' dir='ltr'>αὑτὸν</span> <span class='ocrx_word' id='word_1_555' title='bbox 171 2077 304 2109; x_wconf 76' lang='grc' dir='ltr'>ἐάσαντες</span> <span class='ocrx_word' id='word_1_556' title='bbox 315 2097 322 2109; x_wconf 95' lang='grc'><strong>,</strong></span> <span class='ocrx_word' id='word_1_557' title='bbox 338 2077 430 2109; x_wconf 81' lang='grc' dir='ltr'>καθὼς</span> <span class='ocrx_word' id='word_1_558' title='bbox 450 2077 590 2105; x_wconf 78' lang='grc' dir='ltr'>ἐκέλευσεν</span> <span class='ocrx_word' id='word_1_559' title='bbox 603 2097 610 2111; x_wconf 88' lang='grc'><strong>,</strong></span> <span class='ocrx_word' id='word_1_560' title='bbox 624 2078 665 2110; x_wconf 87' lang='grc' dir='ltr'><strong>είς</strong></span> <span class='ocrx_word' id='word_1_561' title='bbox 685 2077 773 2113; x_wconf 83' lang='grc' dir='ltr'>Τύρον</span> <span class='ocrx_word' id='word_1_562' title='bbox 790 2077 870 2104; x_wconf 79' lang='grc' dir='ltr'>αὐτὸν</span> 
     </span>
    </p>
   </div>
   <div class='ocr_carea' id='block_1_75' title="bbox 78 2122 453 2158">
    <p class='ocr_par' dir='ltr' id='par_1_75' title="bbox 78 2122 453 2158">
     <span class='ocr_line' id='line_1_75' title="bbox 78 2122 453 2158; baseline 0 -9"><span class='ocrx_word' id='word_1_563' title='bbox 78 2122 236 2158; x_wconf 51' lang='lat' dir='ltr'><strong>«meum</strong></span> <span class='ocrx_word' id='word_1_564' title='bbox 248 2122 302 2158; x_wconf 85' lang='grc' dir='ltr'>τῆς</span> <span class='ocrx_word' id='word_1_565' title='bbox 315 2122 453 2158; x_wconf 78' lang='grc' dir='ltr'>Φοινίκης.</span> 
     </span>
    </p>
   </div>
   <div class='ocr_carea' id='block_1_76' title="bbox 384 2213 567 2242">
    <p class='ocr_par' dir='ltr' id='par_1_76' title="bbox 384 2213 567 2242">
     <span class='ocr_line' id='line_1_76' title="bbox 384 2213 567 2242; baseline 0 -1"><span class='ocrx_word' id='word_1_566' title='bbox 384 2213 515 2242; x_wconf 81' lang='grc' dir='ltr'><strong>ὈΜΙΛῙΑ</strong></span> <span class='ocrx_word' id='word_1_567' title='bbox 532 2214 567 2241; x_wconf 87' lang='grc' dir='ltr'><strong>Δ¹.</strong></span> 
     </span>
    </p>
   </div>
   <div class='ocr_carea' id='block_1_77' title="bbox 111 2236 910 2296">
    <p class='ocr_par' dir='ltr' id='par_1_77' title="bbox 111 2236 910 2296">
     <span class='ocr_line' id='line_1_77' title="bbox 111 2236 910 2296; baseline 0.001 -11"><span class='ocrx_word' id='word_1_568' title='bbox 111 2257 131 2285; x_wconf 89' lang='lat' dir='ltr'><strong>I.</strong></span> <span class='ocrx_word' id='word_1_569' title='bbox 152 2259 325 2295; x_wconf 82' lang='grc' dir='ltr'>Καισαρείας</span> <span class='ocrx_word' id='word_1_570' title='bbox 340 2259 369 2286; x_wconf 80' lang='grc' dir='ltr'><strong>δὲ</strong></span> <span class='ocrx_word' id='word_1_571' title='bbox 385 2236 436 2294; x_wconf 56' lang='lat'><strong>1:11;</strong></span> <span class='ocrx_word' id='word_1_572' title='bbox 455 2236 612 2296; x_wconf 59' lang='grc' dir='ltr'>Στράτιόνος</span> <span class='ocrx_word' id='word_1_573' title='bbox 626 2259 705 2294; x_wconf 78' lang='grc' dir='ltr'>ἐξιὼν</span> <span class='ocrx_word' id='word_1_574' title='bbox 725 2260 780 2294; x_wconf 79' lang='grc' dir='ltr'><strong>ἐγὼ</strong></span> <span class='ocrx_word' id='word_1_575' title='bbox 797 2259 871 2296; x_wconf 82' lang='grc' dir='ltr'><strong>Κλή-</strong></span> <span class='ocrx_word' id='word_1_576' title='bbox 883 2236 910 2267; x_wconf 73' lang='lat' dir='ltr'><strong>D</strong></span> 
     </span>
    </p>
   </div>
   <div class='ocr_carea' id='block_1_78' title="bbox 82 2302 872 2341">
    <p class='ocr_par' dir='ltr' id='par_1_78' title="bbox 82 2302 872 2341">
     <span class='ocr_line' id='line_1_78' title="bbox 82 2302 872 2341; baseline 0.001 -11"><span class='ocrx_word' id='word_1_577' title='bbox 82 2311 142 2338; x_wconf 83' lang='grc' dir='ltr'>μης,</span> <span class='ocrx_word' id='word_1_578' title='bbox 158 2302 217 2340; x_wconf 75' lang='grc' dir='ltr'><strong>ἅμα</strong></span> <span class='ocrx_word' id='word_1_579' title='bbox 231 2304 357 2340; x_wconf 84' lang='grc' dir='ltr'><strong>Νικήτης</strong></span> <span class='ocrx_word' id='word_1_580' title='bbox 369 2313 400 2330; x_wconf 84' lang='grc' dir='ltr'><strong>τε</strong></span> <span class='ocrx_word' id='word_1_581' title='bbox 415 2304 438 2320; x_wconf 69' lang='grc' dir='ltr'><strong>δ’</strong></span> <span class='ocrx_word' id='word_1_582' title='bbox 452 2305 500 2331; x_wconf 73' lang='grc' dir='ltr'>καὶ</span> <span class='ocrx_word' id='word_1_583' title='bbox 521 2305 643 2337; x_wconf 82' lang='grc' dir='ltr'>Ἀκύλας,</span> <span class='ocrx_word' id='word_1_584' title='bbox 659 2306 699 2337; x_wconf 85' lang='grc' dir='ltr'><strong>εις</strong></span> <span class='ocrx_word' id='word_1_585' title='bbox 719 2305 807 2341; x_wconf 85' lang='grc' dir='ltr'>Τύρον</span> <span class='ocrx_word' id='word_1_586' title='bbox 821 2305 872 2341; x_wconf 86' lang='grc' dir='ltr'>τῆς</span> 
     </span>
    </p>
   </div>
   <div class='ocr_carea' id='block_1_79' title="bbox 80 2349 871 2387">
    <p class='ocr_par' dir='ltr' id='par_1_79' title="bbox 80 2349 871 2387">
     <span class='ocr_line' id='line_1_79' title="bbox 80 2349 871 2387; baseline 0.001 -11"><span class='ocrx_word' id='word_1_587' title='bbox 80 2349 204 2386; x_wconf 64' lang='grc' dir='ltr'>δοινίκης</span> <span class='ocrx_word' id='word_1_588' title='bbox 215 2350 383 2383; x_wconf 80' lang='grc' dir='ltr'>εἰσέϐαλλον,</span> <span class='ocrx_word' id='word_1_589' title='bbox 397 2350 445 2377; x_wconf 81' lang='grc' dir='ltr'>καὶ</span> <span class='ocrx_word' id='word_1_590' title='bbox 463 2352 523 2378; x_wconf 81' lang='grc' dir='ltr'>κατ’</span> <span class='ocrx_word' id='word_1_591' title='bbox 540 2351 649 2387; x_wconf 72' lang='grc' dir='ltr'>ἐντολὴν</span> <span class='ocrx_word' id='word_1_592' title='bbox 666 2351 746 2386; x_wconf 77' lang='lat'><strong>120</strong></span> <span class='ocrx_word' id='word_1_593' title='bbox 766 2351 871 2387; x_wconf 81' lang='grc' dir='ltr'>Πέτρου</span> 
     </span>
    </p>
   </div>
   <div class='ocr_carea' id='block_1_80' title="bbox 80 2392 871 2433">
    <p class='ocr_par' dir='ltr' id='par_1_80' title="bbox 80 2392 871 2433">
     <span class='ocr_line' id='line_1_80' title="bbox 80 2392 871 2433; baseline 0.003 -12"><span class='ocrx_word' id='word_1_594' title='bbox 80 2392 126 2421; x_wconf 74' lang='grc' dir='ltr'>τοῦ</span> <span class='ocrx_word' id='word_1_595' title='bbox 144 2394 357 2427; x_wconf 75' lang='grc' dir='ltr'>ἀποστείλαντος</span> <span class='ocrx_word' id='word_1_596' title='bbox 369 2395 455 2431; x_wconf 78' lang='grc' dir='ltr'>ἡμᾶς,</span> <span class='ocrx_word' id='word_1_597' title='bbox 471 2394 645 2433; x_wconf 80' lang='grc' dir='ltr'>ὲξενίσθημεν</span> <span class='ocrx_word' id='word_1_598' title='bbox 660 2395 738 2432; x_wconf 83' lang='grc' dir='ltr'>παρὰ</span> <span class='ocrx_word' id='word_1_599' title='bbox 754 2396 871 2432; x_wconf 79' lang='grc' dir='ltr'>Βερνίκῃ</span> 
     </span>
    </p>
   </div>
   <div class='ocr_carea' id='block_1_81' title="bbox 116 2460 303 2496">
    <p class='ocr_par' dir='ltr' id='par_1_81' title="bbox 116 2460 303 2496">
     <span class='ocr_line' id='line_1_81' title="bbox 116 2460 303 2496; baseline 0.011 -8"><span class='ocrx_word' id='word_1_600' title='bbox 116 2466 129 2481; x_wconf 84' lang='grc' dir='ltr'>ι</span> <span class='ocrx_word' id='word_1_601' title='bbox 145 2460 215 2490; x_wconf 85' lang='lat' dir='ltr'><strong>Luc.</strong></span> <span class='ocrx_word' id='word_1_602' title='bbox 230 2469 259 2496; x_wconf 72' lang='grc' dir='ltr'>ι,</span> <span class='ocrx_word' id='word_1_603' title='bbox 274 2461 303 2490; x_wconf 86' lang='grc'><strong>7.</strong></span> 
     </span>
    </p>
   </div>
   <div class='ocr_carea' id='block_1_82' title="bbox 920 1610 1708 1648">
    <p class='ocr_par' dir='ltr' id='par_1_82' title="bbox 920 1610 1708 1648">
     <span class='ocr_line' id='line_1_82' title="bbox 920 1610 1708 1648; baseline -0.005 -8"><span class='ocrx_word' id='word_1_604' title='bbox 920 1613 1012 1648; x_wconf 87' lang='lat' dir='ltr'><strong>cipite.</strong></span> <span class='ocrx_word' id='word_1_605' title='bbox 1030 1620 1063 1640; x_wconf 88' lang='lat' dir='ltr'><strong>ac</strong></span> <span class='ocrx_word' id='word_1_606' title='bbox 1086 1612 1254 1647; x_wconf 83' lang='lat' dir='ltr'><strong>interrogate</strong></span> <span class='ocrx_word' id='word_1_607' title='bbox 1267 1612 1300 1639; x_wconf 89' lang='lat' dir='ltr'><strong>de</strong></span> <span class='ocrx_word' id='word_1_608' title='bbox 1319 1611 1420 1646; x_wconf 89' lang='lat' dir='ltr'><strong>quibus</strong></span> <span class='ocrx_word' id='word_1_609' title='bbox 1441 1611 1595 1638; x_wconf 83' lang='lat' dir='ltr'><strong>volueritis.</strong></span> <span class='ocrx_word' id='word_1_610' title='bbox 1612 1610 1708 1637; x_wconf 85' lang='lat' dir='ltr'><strong>Adhuc</strong></span> 
     </span>
    </p>
   </div>
   <div class='ocr_carea' id='block_1_83' title="bbox 920 1656 1707 1686">
    <p class='ocr_par' dir='ltr' id='par_1_83' title="bbox 920 1656 1707 1686">
     <span class='ocr_line' id='line_1_83' title="bbox 920 1656 1707 1686; baseline -0.003 0"><span class='ocrx_word' id='word_1_611' title='bbox 920 1658 992 1686; x_wconf 89' lang='lat' dir='ltr'><strong>enim</strong></span> <span class='ocrx_word' id='word_1_612' title='bbox 1005 1658 1099 1686; x_wconf 85' lang='lat' dir='ltr'><strong>decem</strong></span> <span class='ocrx_word' id='word_1_613' title='bbox 1114 1658 1173 1686; x_wconf 91' lang='lat' dir='ltr'><strong>dies</strong></span> <span class='ocrx_word' id='word_1_614' title='bbox 1194 1658 1256 1685; x_wconf 85' lang='lat' dir='ltr'><strong>volo</strong></span> <span class='ocrx_word' id='word_1_615' title='bbox 1268 1658 1410 1685; x_wconf 82' lang='lat' dir='ltr'><strong>vobiscum</strong></span> <span class='ocrx_word' id='word_1_616' title='bbox 1430 1665 1549 1684; x_wconf 87' lang='lat' dir='ltr'><strong>manere.</strong></span> <span class='ocrx_word' id='word_1_617' title='bbox 1568 1656 1634 1684; x_wconf 88' lang='lat' dir='ltr'><strong>Post</strong></span> <span class='ocrx_word' id='word_1_618' title='bbox 1652 1661 1707 1684; x_wconf 86' lang='lat' dir='ltr'><strong>tres</strong></span> 
     </span>
    </p>
   </div>
   <div class='ocr_carea' id='block_1_84' title="bbox 921 1701 1708 1738">
    <p class='ocr_par' dir='ltr' id='par_1_84' title="bbox 921 1701 1708 1738">
     <span class='ocr_line' id='line_1_84' title="bbox 921 1701 1708 1738; baseline -0.004 -7"><span class='ocrx_word' id='word_1_619' title='bbox 921 1708 1012 1731; x_wconf 89' lang='lat' dir='ltr'><strong>autem</strong></span> <span class='ocrx_word' id='word_1_620' title='bbox 1029 1704 1098 1734; x_wconf 85' lang='lat' dir='ltr'><strong>dies,</strong></span> <span class='ocrx_word' id='word_1_621' title='bbox 1116 1711 1178 1730; x_wconf 88' lang='lat' dir='ltr'><strong>cum</strong></span> <span class='ocrx_word' id='word_1_622' title='bbox 1193 1703 1333 1738; x_wconf 84' lang='lat' dir='ltr'><strong>baptizare</strong></span> <span class='ocrx_word' id='word_1_623' title='bbox 1346 1702 1484 1737; x_wconf 72' lang='lat' dir='ltr'><strong>ccepisset,</strong></span> <span class='ocrx_word' id='word_1_624' title='bbox 1500 1701 1609 1729; x_wconf 86' lang='lat' dir='ltr'><strong>vocavit</strong></span> <span class='ocrx_word' id='word_1_625' title='bbox 1624 1709 1667 1728; x_wconf 89' lang='lat' dir='ltr'><strong>me</strong></span> <span class='ocrx_word' id='word_1_626' title='bbox 1680 1705 1708 1729; x_wconf 88' lang='lat' dir='ltr'><strong>et</strong></span> 
     </span>
    </p>
   </div>
   <div class='ocr_carea' id='block_1_85' title="bbox 921 1745 1708 1784">
    <p class='ocr_par' dir='ltr' id='par_1_85' title="bbox 921 1745 1708 1784">
     <span class='ocr_line' id='line_1_85' title="bbox 921 1745 1708 1784; baseline -0.006 -8"><span class='ocrx_word' id='word_1_627' title='bbox 921 1749 1049 1784; x_wconf 87' lang='lat' dir='ltr'><strong>Aquilam</strong></span> <span class='ocrx_word' id='word_1_628' title='bbox 1064 1753 1091 1776; x_wconf 90' lang='lat' dir='ltr'><strong>et</strong></span> <span class='ocrx_word' id='word_1_629' title='bbox 1104 1747 1238 1780; x_wconf 87' lang='lat' dir='ltr'><strong>Nicetam,</strong></span> <span class='ocrx_word' id='word_1_630' title='bbox 1255 1751 1282 1774; x_wconf 88' lang='lat' dir='ltr'><strong>et</strong></span> <span class='ocrx_word' id='word_1_631' title='bbox 1297 1747 1368 1774; x_wconf 76' lang='lat' dir='ltr'><strong>dixit</strong></span> <span class='ocrx_word' id='word_1_632' title='bbox 1383 1756 1390 1774; x_wconf 86' lang='lat'><strong>:</strong></span> <span class='ocrx_word' id='word_1_633' title='bbox 1409 1745 1511 1781; x_wconf 69' lang='lat' dir='ltr'><strong>Tyrum</strong></span> <span class='ocrx_word' id='word_1_634' title='bbox 1533 1746 1708 1781; x_wconf 83' lang='lat' dir='ltr'><strong>profecturus</strong></span> 
     </span>
    </p>
   </div>
   <div class='ocr_carea' id='block_1_86' title="bbox 921 1791 1708 1830">
    <p class='ocr_par' dir='ltr' id='par_1_86' title="bbox 921 1791 1708 1830">
     <span class='ocr_line' id='line_1_86' title="bbox 921 1791 1708 1830; baseline -0.006 -8"><span class='ocrx_word' id='word_1_635' title='bbox 921 1799 984 1830; x_wconf 88' lang='lat' dir='ltr'><strong>post</strong></span> <span class='ocrx_word' id='word_1_636' title='bbox 1009 1798 1111 1830; x_wconf 84' lang='lat' dir='ltr'><strong>septem</strong></span> <span class='ocrx_word' id='word_1_637' title='bbox 1137 1794 1196 1821; x_wconf 87' lang='lat' dir='ltr'><strong>dies</strong></span> <span class='ocrx_word' id='word_1_638' title='bbox 1211 1794 1273 1820; x_wconf 95' lang='lat' dir='ltr'><strong>volo</strong></span> <span class='ocrx_word' id='word_1_639' title='bbox 1286 1801 1334 1820; x_wconf 84' lang='lat' dir='ltr'><strong>vos</strong></span> <span class='ocrx_word' id='word_1_640' title='bbox 1354 1793 1447 1820; x_wconf 89' lang='lat' dir='ltr'><strong>statim</strong></span> <span class='ocrx_word' id='word_1_641' title='bbox 1470 1791 1563 1823; x_wconf 89' lang='lat' dir='ltr'><strong>abire,</strong></span> <span class='ocrx_word' id='word_1_642' title='bbox 1585 1795 1613 1818; x_wconf 91' lang='lat' dir='ltr'><strong>et</strong></span> <span class='ocrx_word' id='word_1_643' title='bbox 1636 1791 1708 1826; x_wconf 89' lang='lat' dir='ltr'><strong>apud</strong></span> 
     </span>
    </p>
   </div>
   <div class='ocr_carea' id='block_1_87' title="bbox 920 1837 1705 1872">
    <p class='ocr_par' dir='ltr' id='par_1_87' title="bbox 920 1837 1705 1872">
     <span class='ocr_line' id='line_1_87' title="bbox 920 1837 1705 1872; baseline -0.006 -4"><span class='ocrx_word' id='word_1_644' title='bbox 920 1841 1104 1868; x_wconf 67' lang='lat' dir='ltr'><strong>Cliananmam</strong></span> <span class='ocrx_word' id='word_1_645' title='bbox 1120 1840 1266 1867; x_wconf 86' lang='lat' dir='ltr'><strong>Berenicen</strong></span> <span class='ocrx_word' id='word_1_646' title='bbox 1287 1839 1370 1866; x_wconf 68' lang='lat' dir='ltr'><strong>Justte</strong></span> <span class='ocrx_word' id='word_1_647' title='bbox 1382 1839 1464 1866; x_wconf 78' lang='lat' dir='ltr'><strong>tiliam</strong></span> <span class='ocrx_word' id='word_1_648' title='bbox 1477 1838 1545 1866; x_wconf 88' lang='lat' dir='ltr'><strong>clam</strong></span> <span class='ocrx_word' id='word_1_649' title='bbox 1559 1837 1705 1872; x_wconf 84' lang='lat' dir='ltr'><strong>hospitari,</strong></span> 
     </span>
    </p>
   </div>
   <div class='ocr_carea' id='block_1_88' title="bbox 921 1883 1708 1922">
    <p class='ocr_par' dir='ltr' id='par_1_88' title="bbox 921 1883 1708 1922">
     <span class='ocr_line' id='line_1_88' title="bbox 921 1883 1708 1922; baseline -0.008 -7"><span class='ocrx_word' id='word_1_650' title='bbox 921 1893 1004 1922; x_wconf 86' lang='lat' dir='ltr'><strong>atque</strong></span> <span class='ocrx_word' id='word_1_651' title='bbox 1022 1887 1168 1921; x_wconf 80' lang='lat' dir='ltr'><strong>diligenter</strong></span> <span class='ocrx_word' id='word_1_652' title='bbox 1190 1893 1251 1913; x_wconf 86' lang='lat' dir='ltr'><strong>eam</strong></span> <span class='ocrx_word' id='word_1_653' title='bbox 1276 1884 1522 1920; x_wconf 80' lang='lat' dir='ltr'><strong>percontatosmilii</strong></span> <span class='ocrx_word' id='word_1_654' title='bbox 1537 1883 1708 1918; x_wconf 77' lang='lat' dir='ltr'><strong>perscribere</strong></span> 
     </span>
    </p>
   </div>
   <div class='ocr_carea' id='block_1_89' title="bbox 921 1929 1708 1968">
    <p class='ocr_par' dir='ltr' id='par_1_89' title="bbox 921 1929 1708 1968">
     <span class='ocr_line' id='line_1_89' title="bbox 921 1929 1708 1968; baseline -0.008 -8"><span class='ocrx_word' id='word_1_655' title='bbox 921 1941 982 1968; x_wconf 75' lang='lat' dir='ltr'><strong>qua:</strong></span> <span class='ocrx_word' id='word_1_656' title='bbox 997 1933 1030 1959; x_wconf 87' lang='lat' dir='ltr'><strong>ad</strong></span> <span class='ocrx_word' id='word_1_657' title='bbox 1047 1932 1187 1959; x_wconf 84' lang='lat' dir='ltr'><strong>Simonem</strong></span> <span class='ocrx_word' id='word_1_658' title='bbox 1207 1931 1392 1965; x_wconf 87' lang='lat' dir='ltr'><strong>pertinebunt.</strong></span> <span class='ocrx_word' id='word_1_659' title='bbox 1415 1929 1530 1956; x_wconf 80' lang='lat' dir='ltr'><strong>Multum</strong></span> <span class='ocrx_word' id='word_1_660' title='bbox 1552 1929 1625 1956; x_wconf 91' lang='lat' dir='ltr'><strong>enim</strong></span> <span class='ocrx_word' id='word_1_661' title='bbox 1644 1936 1708 1963; x_wconf 86' lang='lat' dir='ltr'><strong>pro-</strong></span> 
     </span>
    </p>
   </div>
   <div class='ocr_carea' id='block_1_90' title="bbox 921 1974 1709 2012">
    <p class='ocr_par' dir='ltr' id='par_1_90' title="bbox 921 1974 1709 2012">
     <span class='ocr_line' id='line_1_90' title="bbox 921 1974 1709 2012; baseline -0.008 -6"><span class='ocrx_word' id='word_1_662' title='bbox 921 1979 993 2006; x_wconf 86' lang='lat' dir='ltr'><strong>derit</strong></span> <span class='ocrx_word' id='word_1_663' title='bbox 1017 1979 1095 2011; x_wconf 78' lang='lat' dir='ltr'><strong>milii,</strong></span> <span class='ocrx_word' id='word_1_664' title='bbox 1115 1981 1144 2004; x_wconf 93' lang='lat' dir='ltr'><strong>ut</strong></span> <span class='ocrx_word' id='word_1_665' title='bbox 1167 1977 1200 2004; x_wconf 92' lang='lat' dir='ltr'><strong>ad</strong></span> <span class='ocrx_word' id='word_1_666' title='bbox 1227 1977 1253 2003; x_wconf 92' lang='lat' dir='ltr'><strong>id</strong></span> <span class='ocrx_word' id='word_1_667' title='bbox 1285 1983 1328 2004; x_wconf 90' lang='lat' dir='ltr'><strong>me</strong></span> <span class='ocrx_word' id='word_1_668' title='bbox 1353 1983 1513 2012; x_wconf 69' lang='lat' dir='ltr'><strong>praeparem.</strong></span> <span class='ocrx_word' id='word_1_669' title='bbox 1538 1974 1709 2009; x_wconf 82' lang='lat' dir='ltr'><strong>QuaprOpter</strong></span> 
     </span>
    </p>
   </div>
   <div class='ocr_carea' id='block_1_91' title="bbox 919 2021 1706 2061">
    <p class='ocr_par' dir='ltr' id='par_1_91' title="bbox 919 2021 1706 2061">
     <span class='ocr_line' id='line_1_91' title="bbox 919 2021 1706 2061; baseline -0.009 -9"><span class='ocrx_word' id='word_1_670' title='bbox 919 2025 1032 2061; x_wconf 84' lang='lat' dir='ltr'><strong>jainjam</strong></span> <span class='ocrx_word' id='word_1_671' title='bbox 1050 2031 1112 2051; x_wconf 92' lang='lat' dir='ltr'><strong>cum</strong></span> <span class='ocrx_word' id='word_1_672' title='bbox 1138 2030 1204 2058; x_wconf 84' lang='lat' dir='ltr'><strong>pace</strong></span> <span class='ocrx_word' id='word_1_673' title='bbox 1219 2022 1333 2057; x_wconf 81' lang='lat' dir='ltr'><strong>pergite.</strong></span> <span class='ocrx_word' id='word_1_674' title='bbox 1356 2021 1440 2057; x_wconf 86' lang='lat' dir='ltr'><strong>Igitur</strong></span> <span class='ocrx_word' id='word_1_675' title='bbox 1463 2021 1621 2048; x_wconf 85' lang='lat' dir='ltr'><strong>deserentes</strong></span> <span class='ocrx_word' id='word_1_676' title='bbox 1644 2026 1706 2046; x_wconf 89' lang='lat' dir='ltr'><strong>eum</strong></span> 
     </span>
    </p>
   </div>
   <div class='ocr_carea' id='block_1_92' title="bbox 921 2064 1706 2106">
    <p class='ocr_par' dir='ltr' id='par_1_92' title="bbox 921 2064 1706 2106">
     <span class='ocr_line' id='line_1_92' title="bbox 921 2064 1706 2106; baseline -0.011 -7"><span class='ocrx_word' id='word_1_677' title='bbox 921 2071 1105 2106; x_wconf 86' lang='lat' dir='ltr'><strong>baptizantem</strong></span> <span class='ocrx_word' id='word_1_678' title='bbox 1116 2090 1123 2102; x_wconf 96' lang='lat'><strong>,</strong></span> <span class='ocrx_word' id='word_1_679' title='bbox 1140 2068 1371 2105; x_wconf 82' lang='lat' dir='ltr'><strong>quemadmodum</strong></span> <span class='ocrx_word' id='word_1_680' title='bbox 1395 2067 1517 2102; x_wconf 83' lang='lat' dir='ltr'><strong>jusserat</strong></span> <span class='ocrx_word' id='word_1_681' title='bbox 1528 2086 1536 2099; x_wconf 95' lang='lat'><strong>,</strong></span> <span class='ocrx_word' id='word_1_682' title='bbox 1564 2065 1590 2092; x_wconf 93' lang='lat' dir='ltr'><strong>in</strong></span> <span class='ocrx_word' id='word_1_683' title='bbox 1606 2064 1706 2100; x_wconf 88' lang='lat' dir='ltr'><strong>Tyrum</strong></span> 
     </span>
    </p>
   </div>
   <div class='ocr_carea' id='block_1_93' title="bbox 922 2116 1359 2151">
    <p class='ocr_par' dir='ltr' id='par_1_93' title="bbox 922 2116 1359 2151">
     <span class='ocr_line' id='line_1_93' title="bbox 922 2116 1359 2151; baseline -0.009 -7"><span class='ocrx_word' id='word_1_684' title='bbox 922 2116 1070 2144; x_wconf 63' lang='lat' dir='ltr'><strong>Pbmuicia‘.</strong></span> <span class='ocrx_word' id='word_1_685' title='bbox 1081 2116 1272 2151; x_wconf 68' lang='lat' dir='ltr'><strong>praecessimus</strong></span> <span class='ocrx_word' id='word_1_686' title='bbox 1285 2121 1359 2141; x_wconf 91' lang='lat' dir='ltr'><strong>eum.</strong></span> 
     </span>
    </p>
   </div>
   <div class='ocr_carea' id='block_1_94' title="bbox 1212 2205 1416 2234">
    <p class='ocr_par' dir='ltr' id='par_1_94' title="bbox 1212 2205 1416 2234">
     <span class='ocr_line' id='line_1_94' title="bbox 1212 2205 1416 2234; baseline -0.005 0"><span class='ocrx_word' id='word_1_687' title='bbox 1212 2206 1353 2234; x_wconf 84' lang='lat' dir='ltr'>IIOMILIA</span> <span class='ocrx_word' id='word_1_688' title='bbox 1374 2205 1416 2233; x_wconf 86' lang='lat' dir='ltr'><strong>IV.</strong></span> 
     </span>
    </p>
   </div>
   <div class='ocr_carea' id='block_1_95' title="bbox 960 2250 1708 2289">
    <p class='ocr_par' dir='ltr' id='par_1_95' title="bbox 960 2250 1708 2289">
     <span class='ocr_line' id='line_1_95' title="bbox 960 2250 1708 2289; baseline -0.011 -5"><span class='ocrx_word' id='word_1_689' title='bbox 960 2256 980 2284; x_wconf 92' lang='lat' dir='ltr'><strong>I.</strong></span> <span class='ocrx_word' id='word_1_690' title='bbox 1001 2256 1125 2284; x_wconf 71' lang='lat' dir='ltr'><strong>Caesarea</strong></span> <span class='ocrx_word' id='word_1_691' title='bbox 1138 2262 1203 2289; x_wconf 82' lang='lat' dir='ltr'><strong>ergo</strong></span> <span class='ocrx_word' id='word_1_692' title='bbox 1219 2253 1357 2281; x_wconf 85' lang='lat' dir='ltr'><strong>Stratonis</strong></span> <span class='ocrx_word' id='word_1_693' title='bbox 1371 2259 1497 2287; x_wconf 82' lang='lat' dir='ltr'><strong>egressus</strong></span> <span class='ocrx_word' id='word_1_694' title='bbox 1517 2259 1567 2286; x_wconf 85' lang='lat' dir='ltr'><strong>ego</strong></span> <span class='ocrx_word' id='word_1_695' title='bbox 1581 2250 1708 2278; x_wconf 89' lang='lat' dir='ltr'><strong>Clemens</strong></span> 
     </span>
    </p>
   </div>
   <div class='ocr_carea' id='block_1_96' title="bbox 924 2296 1708 2337">
    <p class='ocr_par' dir='ltr' id='par_1_96' title="bbox 924 2296 1708 2337">
     <span class='ocr_line' id='line_1_96' title="bbox 924 2296 1708 2337; baseline -0.01 -7"><span class='ocrx_word' id='word_1_696' title='bbox 924 2303 1062 2337; x_wconf 81' lang='lat' dir='ltr'><strong>simulque</strong></span> <span class='ocrx_word' id='word_1_697' title='bbox 1082 2301 1192 2329; x_wconf 87' lang='lat' dir='ltr'><strong>Nicetas</strong></span> <span class='ocrx_word' id='word_1_698' title='bbox 1216 2304 1243 2327; x_wconf 90' lang='lat' dir='ltr'><strong>et</strong></span> <span class='ocrx_word' id='word_1_699' title='bbox 1256 2299 1353 2334; x_wconf 83' lang='lat' dir='ltr'><strong>Aquila</strong></span> <span class='ocrx_word' id='word_1_700' title='bbox 1382 2298 1409 2324; x_wconf 91' lang='lat' dir='ltr'><strong>in</strong></span> <span class='ocrx_word' id='word_1_701' title='bbox 1435 2297 1536 2333; x_wconf 83' lang='lat' dir='ltr'><strong>Tyrum</strong></span> <span class='ocrx_word' id='word_1_702' title='bbox 1561 2296 1708 2323; x_wconf 64' lang='lat' dir='ltr'><strong>Phoaniciae</strong></span> 
     </span>
    </p>
   </div>
   <div class='ocr_carea' id='block_1_97' title="bbox 922 2343 1707 2382">
    <p class='ocr_par' dir='ltr' id='par_1_97' title="bbox 922 2343 1707 2382">
     <span class='ocr_line' id='line_1_97' title="bbox 922 2343 1707 2382; baseline -0.011 -5"><span class='ocrx_word' id='word_1_703' title='bbox 922 2350 1098 2381; x_wconf 82' lang='lat' dir='ltr'><strong>intravimus,</strong></span> <span class='ocrx_word' id='word_1_704' title='bbox 1114 2352 1141 2375; x_wconf 91' lang='lat' dir='ltr'><strong>et</strong></span> <span class='ocrx_word' id='word_1_705' title='bbox 1151 2348 1230 2382; x_wconf 78' lang='lat' dir='ltr'><strong>juxta</strong></span> <span class='ocrx_word' id='word_1_706' title='bbox 1246 2345 1319 2373; x_wconf 87' lang='lat' dir='ltr'><strong>Petri</strong></span> <span class='ocrx_word' id='word_1_707' title='bbox 1336 2344 1495 2371; x_wconf 86' lang='lat' dir='ltr'><strong>mandatum</strong></span> <span class='ocrx_word' id='word_1_708' title='bbox 1506 2363 1514 2375; x_wconf 83' lang='lat'><strong>.</strong></span> <span class='ocrx_word' id='word_1_709' title='bbox 1529 2343 1576 2377; x_wconf 92' lang='lat' dir='ltr'><strong>qui</strong></span> <span class='ocrx_word' id='word_1_710' title='bbox 1595 2343 1707 2369; x_wconf 88' lang='lat' dir='ltr'><strong>miserat</strong></span> 
     </span>
    </p>
   </div>
   <div class='ocr_carea' id='block_1_98' title="bbox 924 2388 1706 2430">
    <p class='ocr_par' dir='ltr' id='par_1_98' title="bbox 924 2388 1706 2430">
     <span class='ocr_line' id='line_1_98' title="bbox 924 2388 1706 2430; baseline -0.013 -6"><span class='ocrx_word' id='word_1_711' title='bbox 924 2403 987 2430; x_wconf 91' lang='lat' dir='ltr'><strong>nos,</strong></span> <span class='ocrx_word' id='word_1_712' title='bbox 1003 2394 1135 2430; x_wconf 83' lang='lat' dir='ltr'><strong>hospitali</strong></span> <span class='ocrx_word' id='word_1_713' title='bbox 1150 2401 1246 2422; x_wconf 86' lang='lat' dir='ltr'><strong>sumus</strong></span> <span class='ocrx_word' id='word_1_714' title='bbox 1266 2392 1338 2428; x_wconf 88' lang='lat' dir='ltr'><strong>apud</strong></span> <span class='ocrx_word' id='word_1_715' title='bbox 1352 2391 1500 2419; x_wconf 86' lang='lat' dir='ltr'><strong>Berenicen</strong></span> <span class='ocrx_word' id='word_1_716' title='bbox 1513 2410 1521 2423; x_wconf 91' lang='lat'><strong>,</strong></span> <span class='ocrx_word' id='word_1_717' title='bbox 1533 2389 1618 2417; x_wconf 69' lang='lat' dir='ltr'><strong>Justze</strong></span> <span class='ocrx_word' id='word_1_718' title='bbox 1632 2388 1706 2416; x_wconf 78' lang='lat' dir='ltr'><strong>Cha-</strong></span> 
     </span>
    </p>
   </div>
   <div class='ocr_carea' id='block_1_99' title="bbox 716 2505 1054 2538">
    <p class='ocr_par' dir='ltr' id='par_1_99' title="bbox 716 2505 1054 2538">
     <span class='ocr_line' id='line_1_99' title="bbox 716 2505 1054 2538; baseline -0.015 0"><span class='ocrx_word' id='word_1_719' title='bbox 716 2509 836 2538; x_wconf 62' lang='lat' dir='ltr'><strong>VARIIE</strong></span> <span class='ocrx_word' id='word_1_720' title='bbox 850 2505 1054 2537; x_wconf 84' lang='lat' dir='ltr'><strong>LECTIONES.</strong></span> 
     </span>
    </p>
   </div>
   <div class='ocr_carea' id='block_1_100' title="bbox 117 2559 1705 2600">
    <p class='ocr_par' dir='ltr' id='par_1_100' title="bbox 117 2559 1705 2600">
     <span class='ocr_line' id='line_1_100' title="bbox 117 2559 1705 2600; baseline -0.003 -8"><span class='ocrx_word' id='word_1_721' title='bbox 117 2565 219 2593; x_wconf 78' lang='grc' dir='ltr'>³³λάϐοι</span> <span class='ocrx_word' id='word_1_722' title='bbox 237 2566 269 2594; x_wconf 86' lang='lat' dir='ltr'><strong>C.</strong></span> <span class='ocrx_word' id='word_1_723' title='bbox 310 2567 334 2583; x_wconf 82' lang='lat'>&quot;</span> <span class='ocrx_word' id='word_1_724' title='bbox 344 2562 386 2599; x_wconf 76' lang='grc' dir='ltr'><strong>εἷς</strong></span> <span class='ocrx_word' id='word_1_725' title='bbox 400 2564 479 2600; x_wconf 81' lang='grc' dir='ltr'>αὖθις</span> <span class='ocrx_word' id='word_1_726' title='bbox 495 2568 584 2596; x_wconf 82' lang='grc' dir='ltr'>πάντα</span> <span class='ocrx_word' id='word_1_727' title='bbox 598 2568 630 2596; x_wconf 89' lang='lat' dir='ltr'><strong>C.</strong></span> <span class='ocrx_word' id='word_1_728' title='bbox 667 2568 724 2595; x_wconf 81' lang='grc' dir='ltr'>⁸⁰τι</span> <span class='ocrx_word' id='word_1_729' title='bbox 739 2568 829 2596; x_wconf 86' lang='lat' dir='ltr'><strong>addidi</strong></span> <span class='ocrx_word' id='word_1_730' title='bbox 846 2576 871 2596; x_wconf 91' lang='lat' dir='ltr'><strong>c.</strong></span> <span class='ocrx_word' id='word_1_731' title='bbox 885 2567 917 2595; x_wconf 92' lang='grc' dir='ltr'><strong>Ο.</strong></span> <span class='ocrx_word' id='word_1_732' title='bbox 956 2567 979 2583; x_wconf 68' lang='grc'><strong>⁸¹</strong></span> <span class='ocrx_word' id='word_1_733' title='bbox 991 2566 1060 2593; x_wconf 84' lang='lat' dir='ltr'><strong>Vbb.</strong></span> <span class='ocrx_word' id='word_1_734' title='bbox 1073 2565 1106 2592; x_wconf 83' lang='grc' dir='ltr'><strong>δι’</strong></span> <span class='ocrx_word' id='word_1_735' title='bbox 1123 2563 1249 2600; x_wconf 58' lang='grc' dir='ltr'><strong>ὀργάνου,</strong></span> <span class='ocrx_word' id='word_1_736' title='bbox 1266 2569 1327 2600; x_wconf 62' lang='lat' dir='ltr'><strong>qua;</strong></span> <span class='ocrx_word' id='word_1_737' title='bbox 1344 2560 1415 2600; x_wconf 68' lang='lat' dir='ltr'><strong>male</strong></span> <span class='ocrx_word' id='word_1_738' title='bbox 1427 2559 1612 2600; x_wconf 45' lang='lat' dir='ltr'><strong>exciderant}</strong></span> <span class='ocrx_word' id='word_1_739' title='bbox 1632 2560 1705 2599; x_wconf 68' lang='grc' dir='ltr'><strong>ῐξέἰῑυ</strong></span> 
     </span>
    </p>
   </div>
   <div class='ocr_carea' id='block_1_101' title="bbox 86 2599 1706 2668">
    <p class='ocr_par' dir='ltr' id='par_1_101' title="bbox 86 2599 1706 2668">
     <span class='ocr_line' id='line_1_101' title="bbox 86 2599 1706 2639; baseline -0.007 -11"><span class='ocrx_word' id='word_1_740' title='bbox 86 2599 311 2638; x_wconf 76' lang='lat' dir='ltr'><strong>Schwegleriano.</strong></span> <span class='ocrx_word' id='word_1_741' title='bbox 338 2602 447 2636; x_wconf 87' lang='lat' dir='ltr'><strong>repOsui</strong></span> <span class='ocrx_word' id='word_1_742' title='bbox 462 2599 487 2632; x_wconf 67' lang='grc' dir='ltr'>ὁ,</span> <span class='ocrx_word' id='word_1_743' title='bbox 514 2603 545 2631; x_wconf 97' lang='lat'><strong>0.</strong></span> <span class='ocrx_word' id='word_1_744' title='bbox 558 2603 587 2631; x_wconf 91' lang='lat' dir='ltr'><strong>In</strong></span> <span class='ocrx_word' id='word_1_745' title='bbox 601 2604 697 2631; x_wconf 84' lang='lat' dir='ltr'><strong>eodem</strong></span> <span class='ocrx_word' id='word_1_746' title='bbox 711 2611 767 2639; x_wconf 88' lang='lat' dir='ltr'><strong>seq.</strong></span> <span class='ocrx_word' id='word_1_747' title='bbox 787 2604 915 2630; x_wconf 91' lang='lat' dir='ltr'><strong>mendum</strong></span> <span class='ocrx_word' id='word_1_748' title='bbox 927 2602 960 2629; x_wconf 85' lang='grc' dir='ltr'><strong>δι’</strong></span> <span class='ocrx_word' id='word_1_749' title='bbox 980 2601 1064 2628; x_wconf 81' lang='grc' dir='ltr'>αὑτῶ.</span> <span class='ocrx_word' id='word_1_750' title='bbox 1118 2600 1140 2616; x_wconf 69' lang='grc' dir='ltr'><strong>’δί</strong></span> <span class='ocrx_word' id='word_1_751' title='bbox 1161 2599 1266 2634; x_wconf 84' lang='grc' dir='ltr'>Πατρὸς</span> <span class='ocrx_word' id='word_1_752' title='bbox 1283 2599 1329 2623; x_wconf 80' lang='grc' dir='ltr'><strong>καὶ</strong></span> <span class='ocrx_word' id='word_1_753' title='bbox 1347 2599 1410 2622; x_wconf 87' lang='grc' dir='ltr'><strong>Υἱοὺ</strong></span> <span class='ocrx_word' id='word_1_754' title='bbox 1427 2599 1474 2621; x_wconf 75' lang='grc' dir='ltr'>καὶ</span> <span class='ocrx_word' id='word_1_755' title='bbox 1489 2599 1565 2634; x_wconf 62' lang='grc' dir='ltr'>αχιου</span> <span class='ocrx_word' id='word_1_756' title='bbox 1582 2599 1706 2632; x_wconf 64' lang='grc' dir='ltr'><strong>ιινευμα-</strong></span> 
     </span>
     <span class='ocr_line' id='line_1_102' title="bbox 86 2626 1706 2668; baseline -0.01 0"><span class='ocrx_word' id='word_1_757' title='bbox 86 2644 133 2668; x_wconf 70' lang='grc' dir='ltr'><strong>τος.</strong></span> <span class='ocrx_word' id='word_1_758' title='bbox 145 2636 176 2665; x_wconf 90' lang='lat'><strong>0.</strong></span> <span class='ocrx_word' id='word_1_759' title='bbox 215 2638 239 2654; x_wconf 72' lang='lat'><strong>“</strong></span> <span class='ocrx_word' id='word_1_760' title='bbox 255 2638 319 2664; x_wconf 79' lang='grc' dir='ltr'>καθ’</span> <span class='ocrx_word' id='word_1_761' title='bbox 336 2637 444 2668; x_wconf 68' lang='grc' dir='ltr'>ἡμέραν</span> <span class='ocrx_word' id='word_1_762' title='bbox 460 2638 491 2666; x_wconf 92' lang='lat' dir='ltr'><strong>C.</strong></span> <span class='ocrx_word' id='word_1_763' title='bbox 529 2639 552 2655; x_wconf 74' lang='lat'>“</span> <span class='ocrx_word' id='word_1_764' title='bbox 567 2639 690 2668; x_wconf 86' lang='grc' dir='ltr'>Νικήταν</span> <span class='ocrx_word' id='word_1_765' title='bbox 704 2638 736 2666; x_wconf 93' lang='lat'><strong>0.</strong></span> <span class='ocrx_word' id='word_1_766' title='bbox 810 2638 832 2654; x_wconf 80' lang='lat'>&quot;</span> <span class='ocrx_word' id='word_1_767' title='bbox 849 2638 909 2665; x_wconf 86' lang='grc' dir='ltr'>καθ’</span> <span class='ocrx_word' id='word_1_768' title='bbox 925 2637 957 2664; x_wconf 89' lang='grc'><strong>0.</strong></span> <span class='ocrx_word' id='word_1_769' title='bbox 1006 2637 1029 2653; x_wconf 69' lang='grc'><strong>⁵⁸</strong></span> <span class='ocrx_word' id='word_1_770' title='bbox 1043 2634 1198 2663; x_wconf 83' lang='grc' dir='ltr'>Χανανίτιδι</span> <span class='ocrx_word' id='word_1_771' title='bbox 1252 2633 1274 2648; x_wconf 77' lang='grc'><strong>⁸⁷</strong></span> <span class='ocrx_word' id='word_1_772' title='bbox 1292 2631 1426 2668; x_wconf 78' lang='grc' dir='ltr'>μαθόντας</span> <span class='ocrx_word' id='word_1_773' title='bbox 1442 2634 1525 2668; x_wconf 63' lang='lat' dir='ltr'><strong>tegitur</strong></span> <span class='ocrx_word' id='word_1_774' title='bbox 1544 2627 1605 2668; x_wconf 52' lang='lat' dir='ltr'><strong>d‘edt</strong></span> <span class='ocrx_word' id='word_1_775' title='bbox 1621 2626 1706 2668; x_wconf 64' lang='lat' dir='ltr'><strong>exMQ.</strong></span> 
     </span>
    </p>
   </div>
   <div class='ocr_carea' id='block_1_102' title="bbox 85 2636 736 2710">
    <p class='ocr_par' dir='ltr' id='par_1_102' title="bbox 85 2636 736 2710">
     <span class='ocr_line' id='line_1_103' title="bbox 85 2636 736 2673; baseline 0 -9"><span class='ocrx_word' id='word_1_776' title='bbox 85 2644 133 2668; x_wconf 74' lang='grc' dir='ltr'>τος.</span> <span class='ocrx_word' id='word_1_777' title='bbox 145 2636 189 2665; x_wconf 62' lang='grc' dir='ltr'><strong>ΟῘ</strong></span> <span class='ocrx_word' id='word_1_778' title='bbox 215 2638 239 2654; x_wconf 74' lang='grc'><strong>⁸⁸</strong></span> <span class='ocrx_word' id='word_1_779' title='bbox 255 2638 319 2664; x_wconf 79' lang='grc' dir='ltr'>καθ’</span> <span class='ocrx_word' id='word_1_780' title='bbox 336 2637 444 2673; x_wconf 71' lang='grc' dir='ltr'>ἡμέραν</span> <span class='ocrx_word' id='word_1_781' title='bbox 460 2638 491 2666; x_wconf 92' lang='lat' dir='ltr'><strong>C.</strong></span> <span class='ocrx_word' id='word_1_782' title='bbox 529 2639 552 2655; x_wconf 75' lang='lat'>“</span> <span class='ocrx_word' id='word_1_783' title='bbox 567 2639 690 2666; x_wconf 79' lang='grc' dir='ltr'>Νικ¹ταν</span> <span class='ocrx_word' id='word_1_784' title='bbox 704 2638 736 2666; x_wconf 93' lang='lat'><strong>0.</strong></span> 
     </span>
     <span class='ocr_line' id='line_1_104' title="bbox 85 2648 736 2710; baseline 0.002 -10"><span class='ocrx_word' id='word_1_785' title='bbox 85 2671 105 2692; x_wconf 68' lang='grc'><strong>⁸⁸</strong></span> <span class='ocrx_word' id='word_1_786' title='bbox 116 2672 154 2705; x_wconf 85' lang='grc' dir='ltr'>δίς</span> <span class='ocrx_word' id='word_1_787' title='bbox 167 2672 200 2701; x_wconf 87' lang='grc'><strong>0.</strong></span> <span class='ocrx_word' id='word_1_788' title='bbox 239 2673 264 2690; x_wconf 78' lang='grc'><strong><em>⁵⁰</em></strong></span> <span class='ocrx_word' id='word_1_789' title='bbox 280 2681 313 2700; x_wconf 83' lang='grc' dir='ltr'><strong>τε</strong></span> <span class='ocrx_word' id='word_1_790' title='bbox 330 2672 394 2700; x_wconf 74' lang='lat' dir='ltr'><strong>add.</strong></span> <span class='ocrx_word' id='word_1_791' title='bbox 411 2682 437 2702; x_wconf 94' lang='lat' dir='ltr'><strong>c.</strong></span> <span class='ocrx_word' id='word_1_792' title='bbox 450 2673 483 2709; x_wconf 89' lang='lat'><strong>0,</strong></span> <span class='ocrx_word' id='word_1_793' title='bbox 499 2674 558 2710; x_wconf 70' lang='grc' dir='ltr'><strong>ἅμα</strong></span> <span class='ocrx_word' id='word_1_794' title='bbox 573 2648 681 2710; x_wconf 45' lang='lat' dir='ltr'><strong>Notam}</strong></span> <span class='ocrx_word' id='word_1_795' title='bbox 707 2683 736 2701; x_wconf 80' lang='grc' dir='ltr'>κο</span> 
     </span>
    </p>
   </div>
   <div class='ocr_carea' id='block_1_103' title="bbox 1118 2591 1707 2634">
    <p class='ocr_par' dir='ltr' id='par_1_103' title="bbox 1118 2591 1707 2634">
     <span class='ocr_line' id='line_1_105' title="bbox 1118 2591 1707 2634; baseline -0.005 -18"><span class='ocrx_word' id='word_1_796' title='bbox 1118 2591 1144 2616; x_wconf 65' lang='grc' dir='ltr'><strong>δί’</strong></span> <span class='ocrx_word' id='word_1_797' title='bbox 1161 2591 1410 2634; x_wconf 25' lang='grc' dir='ltr'><strong>Ϊίατρδςίκαὶῄγὶοὖ</strong></span> <span class='ocrx_word' id='word_1_798' title='bbox 1427 2594 1474 2621; x_wconf 76' lang='grc' dir='ltr'><strong>καὶ</strong></span> <span class='ocrx_word' id='word_1_799' title='bbox 1489 2593 1565 2634; x_wconf 58' lang='grc' dir='ltr'>ἁχίοι)</span> <span class='ocrx_word' id='word_1_800' title='bbox 1582 2591 1707 2634; x_wconf 41' lang='grc' dir='ltr'><strong>μνεύμαὶ-</strong></span> 
     </span>
    </p>
   </div>
   <div class='ocr_carea' id='block_1_104' title="bbox 85 2661 1709 2710">
    <p class='ocr_par' dir='ltr' id='par_1_104' title="bbox 85 2661 1709 2710">
     <span class='ocr_line' id='line_1_106' title="bbox 85 2661 1709 2710; baseline -0.006 -10"><span class='ocrx_word' id='word_1_801' title='bbox 85 2661 200 2705; x_wconf 42' lang='grc' dir='ltr'><strong>δξίςνί).</strong></span> <span class='ocrx_word' id='word_1_802' title='bbox 330 2661 688 2710; x_wconf 70' lang='grc' dir='ltr'><strong>ἅμα</strong></span> <span class='ocrx_word' id='word_1_803' title='bbox 707 2661 754 2701; x_wconf 68' lang='grc' dir='ltr'>ἷαέιι</span> <span class='ocrx_word' id='word_1_804' title='bbox 775 2661 1097 2710; x_wconf 30' lang='grc' dir='ltr'>Ἀκύλᾲῇείς-Τύροντῆς</span> <span class='ocrx_word' id='word_1_805' title='bbox 1106 2661 1230 2705; x_wconf 59' lang='grc' dir='ltr'>Φοινίκης</span> <span class='ocrx_word' id='word_1_806' title='bbox 1245 2661 1430 2703; x_wconf 67' lang='grc' dir='ltr'>ἐπορευόμεθα</span> <span class='ocrx_word' id='word_1_807' title='bbox 1457 2663 1524 2691; x_wconf 84' lang='lat' dir='ltr'><strong>Cod.</strong></span> <span class='ocrx_word' id='word_1_808' title='bbox 1549 2662 1614 2697; x_wconf 78' lang='lat' dir='ltr'><strong>Reg.</strong></span> <span class='ocrx_word' id='word_1_809' title='bbox 1643 2661 1709 2690; x_wconf 72' lang='grc'><strong>804.</strong></span> 
     </span>
    </p>
   </div>
   <div class='ocr_carea' id='block_1_105' title="bbox 735 2738 1053 2768">
    <p class='ocr_par' dir='ltr' id='par_1_105' title="bbox 735 2738 1053 2768">
     <span class='ocr_line' id='line_1_107' title="bbox 735 2738 1053 2768; baseline -0.003 0"><span class='ocrx_word' id='word_1_810' title='bbox 735 2739 919 2768; x_wconf 80' lang='lat' dir='ltr'><strong>VARIORUM</strong></span> <span class='ocrx_word' id='word_1_811' title='bbox 936 2738 1053 2767; x_wconf 65' lang='lat' dir='ltr'><strong>NOTAE.</strong></span> 
     </span>
    </p>
   </div>
   <div class='ocr_carea' id='block_1_106' title="bbox 107 2808 868 2852">
    <p class='ocr_par' dir='ltr' id='par_1_106' title="bbox 107 2808 868 2852">
     <span class='ocr_line' id='line_1_108' title="bbox 107 2808 868 2852; baseline -0.005 -11"><span class='ocrx_word' id='word_1_812' title='bbox 107 2814 161 2852; x_wconf 80' lang='lat'><strong>(80)</strong></span> <span class='ocrx_word' id='word_1_813' title='bbox 177 2812 329 2852; x_wconf 50' lang='lat' dir='ltr'><strong>nglfllﬂ.</strong></span> <span class='ocrx_word' id='word_1_814' title='bbox 340 2811 417 2852; x_wconf 79' lang='lat' dir='ltr'><strong>Idem</strong></span> <span class='ocrx_word' id='word_1_815' title='bbox 432 2818 532 2852; x_wconf 78' lang='lat' dir='ltr'><strong>nomen</strong></span> <span class='ocrx_word' id='word_1_816' title='bbox 548 2810 677 2838; x_wconf 84' lang='lat' dir='ltr'><strong>Bernices</strong></span> <span class='ocrx_word' id='word_1_817' title='bbox 692 2808 868 2852; x_wconf 58' lang='lat' dir='ltr'><strong>seumBmeni-</strong></span> 
     </span>
    </p>
   </div>
   <div class='ocr_carea' id='block_1_107' title="bbox 73 2845 867 2884">
    <p class='ocr_par' dir='ltr' id='par_1_107' title="bbox 73 2845 867 2884">
     <span class='ocr_line' id='line_1_109' title="bbox 73 2845 867 2884; baseline -0.009 -4"><span class='ocrx_word' id='word_1_818' title='bbox 73 2845 124 2884; x_wconf 57' lang='lat' dir='ltr'><strong>cei,</strong></span> <span class='ocrx_word' id='word_1_819' title='bbox 149 2845 265 2878; x_wconf 65' lang='lat' dir='ltr'><strong>inuti&#39;eri</strong></span> <span class='ocrx_word' id='word_1_820' title='bbox 291 2845 497 2884; x_wconf 66' lang='grc' dir='ltr'><strong>αἱμορροούσῃ,</strong></span> <span class='ocrx_word' id='word_1_821' title='bbox 513 2853 596 2884; x_wconf 77' lang='lat' dir='ltr'><strong>quam</strong></span> <span class='ocrx_word' id='word_1_822' title='bbox 611 2845 717 2884; x_wconf 79' lang='lat' dir='ltr'><strong>sanavit</strong></span> <span class='ocrx_word' id='word_1_823' title='bbox 725 2845 867 2884; x_wconf 69' lang='lat' dir='ltr'><strong>Christus,</strong></span> 
     </span>
    </p>
   </div>
   <div class='ocr_carea' id='block_1_108' title="bbox 74 2880 865 2919">
    <p class='ocr_par' dir='ltr' id='par_1_108' title="bbox 74 2880 865 2919">
     <span class='ocr_line' id='line_1_110' title="bbox 74 2880 865 2919; baseline -0.009 -4"><span class='ocrx_word' id='word_1_824' title='bbox 74 2880 198 2917; x_wconf 75' lang='lat' dir='ltr'><strong>tribuitur</strong></span> <span class='ocrx_word' id='word_1_825' title='bbox 212 2885 252 2919; x_wconf 75' lang='lat' dir='ltr'><strong>ab</strong></span> <span class='ocrx_word' id='word_1_826' title='bbox 264 2880 496 2914; x_wconf 73' lang='lat' dir='ltr'><strong>alio&#39;t&#39;abulatore</strong></span> <span class='ocrx_word' id='word_1_827' title='bbox 509 2881 615 2910; x_wconf 78' lang='lat' dir='ltr'><strong>Joanne</strong></span> <span class='ocrx_word' id='word_1_828' title='bbox 625 2881 797 2910; x_wconf 77' lang='lat' dir='ltr'><strong>Autiocheuo</strong></span> <span class='ocrx_word' id='word_1_829' title='bbox 808 2880 865 2908; x_wconf 79' lang='lat' dir='ltr'><strong>Ma-</strong></span> 
     </span>
    </p>
   </div>
   <div class='ocr_carea' id='block_1_109' title="bbox 922 2799 1707 2873">
    <p class='ocr_par' dir='ltr' id='par_1_109' title="bbox 922 2799 1707 2873">
     <span class='ocr_line' id='line_1_111' title="bbox 922 2799 1707 2873; baseline -0.01 -36"><span class='ocrx_word' id='word_1_830' title='bbox 922 2810 986 2873; x_wconf 54' lang='lat' dir='ltr'><strong>lalla,</strong></span> <span class='ocrx_word' id='word_1_831' title='bbox 1003 2809 1074 2873; x_wconf 69' lang='grc' dir='ltr'><strong>ειιὲιά</strong></span> <span class='ocrx_word' id='word_1_832' title='bbox 1093 2808 1294 2837; x_wconf 85' lang='lat' dir='ltr'><strong>Damascenum</strong></span> <span class='ocrx_word' id='word_1_833' title='bbox 1309 2810 1379 2835; x_wconf 87' lang='lat' dir='ltr'><strong>orat.</strong></span> <span class='ocrx_word' id='word_1_834' title='bbox 1396 2805 1424 2838; x_wconf 84' lang='lat'><strong>5,</strong></span> <span class='ocrx_word' id='word_1_835' title='bbox 1441 2810 1490 2841; x_wconf 89' lang='lat' dir='ltr'><strong>pro</strong></span> <span class='ocrx_word' id='word_1_836' title='bbox 1511 2802 1598 2832; x_wconf 82' lang='lat' dir='ltr'><strong>sacris</strong></span> <span class='ocrx_word' id='word_1_837' title='bbox 1611 2799 1707 2839; x_wconf 75' lang='lat' dir='ltr'><strong>imagi-</strong></span> 
     </span>
     <span class='ocr_line' id='line_1_112' title="bbox 922 2851 1096 2873; baseline -0.006 0"><span class='ocrx_word' id='word_1_838' title='bbox 922 2853 949 2873; x_wconf 79' lang='grc' dir='ltr'>ιιι</span> <span class='ocrx_word' id='word_1_839' title='bbox 971 2853 1013 2873; x_wconf 90' lang='lat' dir='ltr'><strong>us.</strong></span> <span class='ocrx_word' id='word_1_840' title='bbox 1051 2851 1096 2873; x_wconf 91' lang='grc' dir='ltr'><strong>οτ.</strong></span> 
     </span>
    </p>
   </div>
   <div class='ocr_carea' id='block_1_110' title="bbox 922 2851 1096 2874">
    <p class='ocr_par' dir='ltr' id='par_1_110' title="bbox 922 2851 1096 2874">
     <span class='ocr_line' id='line_1_113' title="bbox 922 2851 1096 2874; baseline -0.006 -1"><span class='ocrx_word' id='word_1_841' title='bbox 922 2851 1013 2874; x_wconf 75' lang='lat' dir='ltr'><strong>“IDUS.</strong></span> <span class='ocrx_word' id='word_1_842' title='bbox 1027 2851 1096 2873; x_wconf 69' lang='grc' dir='ltr'><strong>υοτ.</strong></span> 
     </span>
    </p>
   </div>
  </div>
