1942 3100
249 139 301 170 150

247 205 352 227 uanam
363 197 460 232 ﬁliam,
468 197 731 234 qualubentissime
741 207 791 228 nos
806 199 943 236 suscepit;
956 205 1037 236 atque
1052 202 1076 232 Α

248 245 337 273 multo
352 253 417 281 erga
432 253 477 273 me
495 245 601 274 honore
621 249 650 274 et
664 237 812 275 dilectione
825 254 890 283 erga
910 247 1039 283 Aquilam

246 297 276 321 et
300 291 424 320 Nicetam
441 297 619 326 coneertaus,
646 297 676 321 ut
699 292 845 322 familiaris
864 294 987 329 gaudens
1006 302 1040 323 ac

247 339 406 372 conﬁdens,
433 347 534 375 magna
551 347 603 368 nos
629 339 802 368 humanitate
825 345 972 376 prosecuta
985 345 1039 374 est,

248 391 356 420 nosque
370 384 405 412 ad
420 391 522 420 corpus
542 383 696 413 curandum
710 385 825 413 comiter
846 385 981 413 incitavit.
994 385 1040 414 ln-

248 431 334 459 tuitus
351 438 427 466 ergo,
441 430 515 466 quod
540 430 697 458 hortaretur
720 435 750 459 ut
766 430 921 459 iaceremus
943 432 1039 461 breves

248 477 384 510 inducias,
394 475 484 510 Recte,
500 477 624 512 inquam,
643 477 714 512 agis,
732 478 798 505 dum
819 478 962 507 cltaritatis
984 478 1038 506 ἰηι-

246 524 321 559 plere
334 523 428 551 munia
445 523 571 552 festinas.
589 524 624 551 At
645 524 698 559 ipsi
715 524 837 559 pratici-ri
852 524 934 552 debet
956 525 1039 553 timor

246 576 311 604 erga
327 568 412 596 Deum
424 573 549 597 nostrum
561 578 568 603 ;
581 577 709 598 veremur
719 570 804 603 enim.
815 571 863 606 qui
880 579 930 606 pro
945 571 1038 598 multis

247 615 394 642 animabus
408 615 613 649 contendimus,
634 617 833 646 recreationem
849 622 970 646 nostram
986 625 1038 646 an-

245 666 377 696 teponere
396 669 492 690 earum
509 662 603 690 saluti.

282 706 315 735 ll.
335 707 471 735 Audimus
483 709 557 736 enim
580 708 654 744 quod
671 707 768 737 Simon
783 709 890 746 Magus,
904 711 932 738 in
943 711 1038 746 dispu-

246 753 351 781 tatione
369 761 452 788 quam
477 762 540 782 cum
567 754 680 782 domino
697 760 792 784 nostro
810 755 892 784 Petro
906 756 1038 785 Caesareae

246 799 344 828 habuit
357 805 502 836 superatus
517 821 524 834 ,
545 800 694 836 statimque
707 801 870 838 aufugiens,
890 803 935 830 hic
951 803 1038 831 multa

246 851 385 882 perpetrat
398 847 480 875 mala.
492 848 571 883 Apud
583 856 682 877 omnes
701 849 776 877 enim
804 848 858 877 sibi
869 849 965 878 obvios
987 849 1038 878 Pe-

246 899 318 921 trum
339 893 408 921 falso
425 894 609 927 calumniatus,
629 895 779 923 multorum
803 896 904 932 abripit
917 896 1034 924 animas.

245 937 314 966 Nam
334 947 396 968 cum
417 940 476 975 ipse
494 941 530 968 sit
549 948 664 976 magus,
680 949 744 969 eum
762 950 874 977 magum
896 942 1034 978 appellat:

245 989 273 1013 et
291 993 354 1013 cum
368 986 404 1014 sit
416 986 568 1021 impostor,
584 988 764 1023 impostorem
779 995 842 1016 eum
863 989 1034 1023 proclamat;

245 1038 364 1066 cumque
379 1031 407 1059 in
423 1032 609 1067 disputatione
626 1041 676 1068 per
696 1034 790 1062 omnia
813 1034 903 1063 victus
921 1035 1037 1063 cesserit

244 1084 278 1105 ac
294 1076 416 1113 fugerit,
445 1079 548 1108 vicisse
572 1087 603 1107 se
632 1079 797 1115 proﬁtetur;
825 1081 1036 1116 frequenterque

244 1124 368 1159 praecipit
378 1123 490 1152 Petrum
512 1132 567 1154 non
580 1133 642 1154 esse
661 1127 841 1161 audiendum,
857 1127 938 1162 quasi
959 1127 1037 1156 vide-

245 1169 310 1198 licet
321 1169 468 1205 sollicitus,
482 1179 516 1199 ne
528 1179 543 1199 ι
562 1172 683 1207 pessimo
695 1172 847 1202 illudantur
862 1181 953 1210 mago.

281 1261 328 1292 Ill.
348 1259 412 1290 Haec
424 1262 564 1297 accipiens
582 1261 712 1290 dominus
736 1266 832 1291 noster
851 1261 950 1292 Petrus
964 1271 1035 1299 pra-.-

244 1307 321 1335 misit
334 1314 385 1334 nos
403 1306 512 1335 futuros
526 1307 676 1335 verborum
691 1307 765 1336 illius
783 1307 989 1343 exploratores:
1006 1312 1037 1336 ut

245 1353 268 1380 si
286 1353 323 1380 ita
338 1353 447 1386 habeat,
462 1353 521 1388 ipse
534 1353 719 1382 scribentibus
733 1354 813 1382 nobis
831 1354 988 1389 edoceatur,
1008 1360 1037 1384 et

246 1400 395 1428 adveniens
420 1404 518 1436 arguat
529 1400 658 1428 eumdem
680 1401 807 1429 cominus
833 1400 868 1429 de
889 1401 1036 1430 calumniis

245 1452 310 1481 erga
327 1453 366 1473 se.
391 1445 507 1479 Quando
526 1445 611 1481 igitur
633 1453 684 1481 pro
709 1446 860 1475 multorum
887 1447 1036 1475 animabus

245 1490 398 1526 periculum
412 1491 492 1519 nobis
504 1491 625 1527 adjacet,
642 1491 720 1525 ideo.
742 1493 868 1528 corporis
884 1493 972 1521 nostri
992 1501 1036 1521 re-

245 1536 364 1564 fectione
383 1538 417 1564 ad
436 1537 517 1566 breve
535 1541 642 1574 tempus
667 1539 802 1574 neglecta,
826 1547 841 1567 a
867 1544 893 1567 te
907 1547 968 1575 quae
990 1539 1035 1568 hic

245 1581 321 1616 degis
333 1586 409 1609 certo
424 1582 496 1610 scire
507 1583 646 1617 volumus,
659 1591 694 1611 an
706 1592 771 1612 vera
792 1585 849 1612 sint
872 1593 934 1620 qua:
955 1586 1035 1614 audi-

245 1627 337 1656 vimus
352 1637 358 1655 :
373 1628 488 1665 jamque
503 1629 585 1658 nobis
601 1630 710 1666 singula
724 1631 855 1660 edissere.

281 1729 326 1758 IV.
348 1729 478 1760 Berenice
491 1739 556 1760 vero
570 1736 665 1768 rogata
685 1734 766 1763 :Haec
779 1733 903 1769 quidem,
934 1734 1036 1770 inquit,

245 1783 279 1803 eo
297 1777 378 1804 modo
393 1785 423 1805 se
445 1777 555 1813 habent,
580 1787 636 1814 quo
657 1778 825 1808 audivistis:
848 1786 946 1808 cetera
969 1789 1036 1810 vero

245 1823 369 1858 ejusdem
397 1823 530 1858 Simonis,
562 1833 625 1861 qua
650 1825 721 1854 [orte
742 1827 886 1862 ignoratis,
913 1827 1004 1855 audite
1026 1837 1033 1856 :

245 1871 436 1906 phantasmata
451 1872 526 1900 enim
539 1876 568 1902 et
579 1877 687 1907 spectra
700 1880 733 1900 ac
745 1873 894 1902 simulacra
904 1873 932 1902 in
946 1873 1036 1902 medio

245 1917 306 1946 l'oro
323 1919 446 1953 quotidie
459 1919 607 1948 ostendens
628 1923 714 1948 totam
735 1919 918 1956 obstupefacit
940 1920 1036 1948 civita-

246 1967 299 1991 tem
317 1973 324 1991 :
344 1969 371 1992 et
390 1966 554 1999 procedente
566 1973 600 1994 eo
615 1970 712 1994 statua:
725 1970 880 2001 moventur,
895 1974 928 1994 ac
943 1967 1037 1996 multa

246 2011 350 2038 umbrae
371 2016 504 2046 praeeunt,
524 2020 594 2048 quas
611 2012 687 2048 ipsas
704 2013 772 2041 dicit
790 2021 852 2042 esse
865 2013 973 2042 animas
984 2013 1034 2042 de-

246 2056 413 2085 functorum.
429 2057 529 2087 Multos
547 2063 650 2092 autem,
665 2060 713 2095 qui
728 2067 792 2088 eum
807 2060 1034 2096 praestigiatorem

245 2103 404 2132 nitebantur
431 2105 586 2138 ostendere,
608 2113 671 2133 cum
694 2106 747 2134 sibi
766 2106 950 2140 conciliasset,
976 2111 1034 2134 tum

245 2153 350 2183 postea,
366 2155 499 2186 praetextu
519 2152 650 2185 convivii,
674 2157 793 2181 mactato
819 2153 887 2182 bove
911 2154 1035 2190 ipsisque

676 140 706 169 Β.
725 140 924 170 CLEMENTIS
939 142 951 169 l
967 141 1051 171 R011.
1070 142 1171 171 ΡοΝτ.
1189 142 1304 172 OPERA
1321 143 1434 172 DUBLA.

1833 145 1889 175 ωε

1089 199 1204 236 θυγατρὶ
1208 199 1258 236 τῆς
1263 200 1456 233 Χαναανίτιδος
1462 200 1486 218 ⁸⁸
1494 199 1544 228 Ἰού
1547 208 1622 237 στης·
1628 200 1690 237 ήτις
1696 201 1888 238 ἀσμενέστατα

1091 245 1165 282 ἡμᾶς
1176 246 1336 280 ἀπεδέξατο,
1347 246 1487 284 καὶπολλῇ
1502 247 1552 283 μξν
1562 249 1596 283 τῇ
1609 247 1678 284 πρὸς
1689 247 1724 283 μδ
1735 249 1802 284 τιμῇ
1812 248 1889 283 ἀγω-

1089 291 1186 326 νιιῖισα,
1196 294 1298 329 στοργῇ
1305 293 1372 329 om
1379 293 1448 329 πρὸς
1456 293 1572 320 ’Δκύλαν
1578 294 1626 320 καὶ
1632 293 1767 330 Νικήτην,
1778 293 1824 321 διὰ
1837 303 1890 330 χα-

1091 338 1142 374 ράν
1154 338 1193 370 ὼς
1214 339 1334 375 συνήθης
1346 339 1594 375 παρρησιαζομένη
1612 339 1828 375 ἐφιλοφρονεῖτο,
1838 340 1892 368 καὶ

1089 384 1160 421 πρδς
1169 384 1221 420 τὴν
1243 384 1293 412 τοῦ
1315 384 1443 420 σώματος
1453 385 1602 421 θεραπείαν
1611 386 1687 421 ἡμᾶς
1695 386 1829 418 δεκτικῶς
1836 395 1892 413 κα.-

1088 431 1230 467 τήπειγεν.
1252 430 1369 458 Συνιδὼν
1383 429 1429 458 οὖν
1441 431 1483 458 ὅτι
1505 431 1634 468 βραχεῖαν
1649 433 1716 468 ἡμῖν
1738 432 1891 468 ὑπέρθεσιν

1089 477 1224 504 ποιεῖσθαι
1235 476 1398 512 ἐπέτρεπεν,
1405 476 1493 512 ὀρθῶς
1505 477 1645 513 μὲν,έφην,
1652 478 1750 510 ποιεῖς,
1757 477 1892 504 ἐπισπεύ-

1089 523 1172 550 δουσα
1185 522 1222 549 τά
1240 523 1291 558 τῆς
1310 522 1421 558 ἀγάπης
1436 522 1635 559 ἀποπληρῶσαι
1645 523 1668 539 ⁵³
1685 523 1767 559 μέρη.
1783 523 1890 558 Προτι-

1091 569 1191 604 μητέος
1203 569 1232 596 δὲ
1247 568 1350 605 ταύτης
1361 569 1376 595 ὁ
1393 569 1464 605 πρὸς
1477 569 1522 596 τὸν
1538 569 1605 596 Θεὸν
1618 569 1697 605 ἡμῶν
1710 569 1802 603 φόϐος·
1815 569 1891 597 δέδι-

1090 623 1140 650 μεν
1146 615 1169 631 ”
1179 614 1234 651 γὰρ
1246 615 1321 651 ὑπὲρ.
1331 615 1435 642 πολλῶν
1450 615 1545 651 ψυχῶν
1557 615 1601 642 τὸν
1615 615 1709 649 ἀγῶνα
1719 615 1827 651 ἔχοντες
1833 615 1891 650 τῆς

1089 660 1201 687 ἐκείνων
1210 660 1348 696 σωτηρίας
1363 661 1500 696 προτιμᾷν
1509 661 1558 697 τὴν
1572 662 1708 698 ἡμετέραν
1718 662 1888 690 ἀνάπαυσιν.

1124 706 1155 734 ll.
1177 706 1371 742 Πυνθανόμεθα
1386 707 1409 722 ⁸³
1425 707 1479 743 γὰρ
1501 707 1542 734 ὃτι
1559 707 1650 743 Σίμων
1672 709 1686 734 ὁ
1701 707 1796 742 Μάγος
1808 727 1816 740 ,
1837 709 1890 735 ἐπὶ

1088 752 1138 788 τῆς
1151 754 1180 779 ὲν
1197 753 1352 789 Καισαρείᾳ
1367 754 1435 789 πρὸς
1448 753 1493 780 τον
1510 753 1604 790 κύριον
1617 754 1697 790 ἡμῶν
1717 753 1820 789 Πέτρον
1835 753 1890 790 ζη-

1088 799 1194 835 τήσεως
1203 799 1342 835 ἡττηθεὶς,
1354 799 1526 835 παραχρῆμα
1537 800 1659 836 ἀποδρὰς
1669 801 1786 828 ἐνταῦθα
1797 801 1889 828 πολλὰ

1089 845 1163 872 κακά
1186 845 1429 882 διαπράσσεταιυδ.
1455 846 1526 872 Πᾶσι
1552 845 1607 881 γὰρ
1629 848 1687 878 τοῖς
1712 847 1889 879 ὑπεναντίοις

1088 891 1166 928 παρὰ
1193 892 1244 928 τὴν
1267 891 1397 928 ἀλήθειαν
1421 891 1549 928 λοιδορῶν
1566 892 1612 919 τὸν
1631 893 1735 928 Πέτρον
1758 893 1809 925 τὰς
1828 894 1889 920 τῶν

1087 938 1194 965 πολλῶν
1220 937 1388 973 συναρπάζει
1413 938 1511 974 ψυχάς.
1538 938 1633 973 Μάγος
1649 947 1679 964 τε
1691 939 1714 955 ⁸⁵
1733 938 1788 974 γὰρ
1801 939 1889 971 αὐτὸς

1086 984 1135 1017 ὥν,
1144 985 1231 1021 μάγον
1243 985 1346 1012 ἐκεῖνον
1368 985 1517 1018 ἀποκαλεῖ,
1537 985 1585 1012 καὶ
1600 985 1702 1018 πλάνος
1728 986 1810 1018 αὐτὸς
1831 985 1885 1018 ῶν,

1087 1031 1188 1060 πλάνον
1204 1032 1308 1059 ἐκεῖνον
1329 1032 1529 1069 ἀποκηρύσσει,
1545 1033 1593 1060 καὶ
1615 1034 1645 1060 ὲν
1658 1035 1718 1065 ταῖς
1737 1033 1888 1069 ζητήσεσιν

1087 1078 1135 1105 ἐπὶ
1160 1077 1270 1106 πάντων
1296 1078 1328 1105 τὸ
1357 1075 1447 1114 ἦττον.
1469 1079 1691 1115 ἀπενεγκάμενος
1717 1079 1764 1106 καὶ
1787 1078 1886 1114 φυγὼν

1087 1123 1170 1156 αὐτὸς
1186 1124 1286 1160 φάσκει
1299 1125 1472 1160 νενικηκέναι
1482 1125 1516 1158 ⁵⁸,
1531 1125 1579 1152 καὶ
1589 1124 1637 1152 τοῦ
1653 1125 1758 1161 Πέτρου
1773 1125 1811 1160 μὴ
1826 1125 1887 1152 δεῖν

1087 1169 1196 1197 ἀκούειν
1213 1169 1379 1206 πυκνότερον
1391 1170 1554 1203 ἐντέλλεται,
1565 1170 1604 1202 ὡς
1622 1170 1703 1206 δῆθεν
1721 1169 1885 1205 κηδόμενος,

1087 1215 1132 1242 ῐνα
1147 1215 1185 1252 μὴ
1200 1215 1253 1243 ὑπὸ
1267 1215 1356 1243 δεινοῦ
1373 1215 1614 1252 καταγοητευθῶσι
1630 1215 1727 1252 μάγου.

1122 1261 1167 1290 ΠΙ.
1187 1261 1282 1290 Ταῦτα
1291 1260 1338 1289 οὖν
1351 1262 1445 1298 μαθὼν
1458 1263 1472 1290 ὁ
1485 1262 1580 1298 κύριος
1589 1262 1668 1298 ἡμῶν
1687 1261 1790 1297 Πέτρος
1811 1269 1885 1297 προ-

1086 1308 1248 1336 απέστειλεν
1257 1309 1332 1344 ἡμᾶς
1341 1308 1419 1344 121
1432 1307 1577 1341 ἐξεταστὰς
1584 1307 1638 1334 τῶν
1647 1307 1795 1342 λεχθέντων
1805 1306 1886 1343 αὐτῷ

1086 1354 1244 1390 ἐσομένους·
1259 1354 1302 1381 ἴνα
1314 1355 1338 1381 εἰ
1354 1354 1443 1386 οὕτως
1452 1354 1519 1389 εχοι,
1530 1353 1694 1389 γραψάντων
1705 1353 1784 1389 ἡμῶν
1798 1353 1885 1386 αὐτὸς

1088 1400 1167 1436 μάθοι
1175 1401 1209 1433 ",
1221 1400 1267 1428 καὶ
1278 1399 1397 1428 ἑπελθὼν
1407 1399 1532 1436 ἐξελέγξῃ
1544 1400 1625 1427 αὑτὸν
1637 1400 1741 1426 ἐκεῖνον
1751 1399 1885 1436 ἄντικρυς

1086 1447 1129 1481 ἐφ’
1139 1442 1176 1474 ὧν
1191 1447 1272 1474 αὐτὸν
1283 1446 1430 1474 διέϐαλλεν.
1447 1447 1524 1473 Ἐπεὶ
1531 1444 1578 1473 οὖν
1590 1446 1661 1480 ὑπὲρ
1670 1445 1776 1472 πολλῶν
1785 1445 1884 1481 ψυχῶν

1085 1493 1101 1520 ὁ
1114 1492 1234 1524 κίνδυνος
1251 1493 1318 1528 ἡμῖν
1345 1492 1503 1529 πρόκειται,
1519 1492 1615 1519 τούτου
1633 1492 1725 1519 ἕνεκεν
1735 1512 1742 1524 ,
1758 1492 1808 1528 τῆς
1832 1491 1884 1519 τοῦ

1088 1538 1214 1575 σώματος
1223 1538 1304 1575 ὴμῶν
1314 1538 1496 1570 ἀναπαύσεως
1506 1538 1575 1574 πρὸς
1587 1538 1673 1574 βραχὺ
1682 1537 1887 1573 ἀμελήσαντες,

1087 1585 1164 1621 παρά
1177 1583 1225 1611 σοῦ
1236 1584 1288 1619 τῆς
1302 1583 1420 1611 ἐνταῦθα
1435 1583 1616 1619 διαιτωμένης
1631 1582 1782 1619 βουλόμεθα
1797 1583 1884 1618 ἀψευ-

1085 1631 1138 1663 δῶς
1152 1630 1257 1667 μαθεῖν,
1269 1632 1293 1658 εἰ
1308 1630 1380 1666 ἅπερ
1398 1630 1554 1666 ἠκούσαμεν
1571 1629 1658 1665 ἀληθῆ
1672 1628 1810 1665 τυγχάνει·
1833 1629 1884 1656 καὶ

1085 1677 1174 1712 λέγοις
1190 1677 1224 1704 ἂν
1240 1677 1291 1713 ήδη
1305 1678 1371 1713 ἡμῖν
1385 1677 1497 1703 ἕκαστα.

1121 1735 1166 1763 ιν.
1193 1735 1226 1762 Ἦ
1242 1735 1358 1772 Βερνίκη
1373 1735 1403 1762 δὲ
1419 1734 1566 1768 ἀξιωθεῖσα
1575 1734 1609 1750 ⁸³·
1618 1733 1711 1761 Ταῦτα
1721 1733 1770 1770 μὲν
1781 1732 1883 1765 οὕτως,

1085 1782 1149 1819 ἔφη,
1166 1782 1224 1818 ἔχει
1245 1782 1284 1815 ὡς
1299 1782 1445 1818 ἠκούσατε,
1461 1783 1496 1810 τὰ
1516 1783 1545 1810 δὲ
1560 1782 1630 1810 ἄλλα
1653 1780 1688 1808 τά
1710 1781 1773 1808 κατ’
1797 1780 1886 1807 αὑτὸν

1085 1829 1132 1857 τὸν
1148 1830 1267 1866 Σίμωνα,
1284 1829 1356 1865 άπερ
1377 1831 1442 1862 ῐσως
1457 1829 1590 1864 ἀγνοεῖτε,
1612 1828 1757 1856 ἀκούσατε·
1777 1827 1884 1862 (pmi—

1087 1875 1179 1911 σματά
1192 1883 1223 1902 τε
1237 1874 1292 1911 γὰρ
1307 1875 1355 1902 καὶ
1370 1875 1519 1911 ἰνδάλματα
1533 1875 1563 1902 ὲν
1579 1875 1648 1913 μέσῃ
1663 1876 1697 1911 τῇ
1716 1875 1805 1910 ἀγορᾷ
1823 1874 1885 1909 φαί-

1087 1920 1180 1949 νεσθαι
1204 1922 1290 1949 ποιῶν
1312 1921 1345 1949 δι’
1369 1922 1477 1958 ἡμέρας
1501 1923 1592 1949 πᾶσαν
1604 1922 1749 1958 ἐκπλήττει
1766 1921 1816 1956 τὴν
1833 1920 1884 1947 πό-

1086 1967 1129 1996 λιν
1146 1968 1212 2005 (81).
1229 1968 1277 1995 καὶ
1296 1968 1437 2004 προῖόντος
1456 1968 1539 1995 αὑτοῦ
1559 1968 1717 2004 ἀνδριάντες
1731 1966 1883 1998 κινοῦνται,

1086 2015 1134 2042 καὶ
1150 2015 1226 2042 σκιαὶ
1240 2014 1338 2042 πολλαὶ
1353 2015 1546 2051 προηγοῦνται,
1559 2014 1648 2050 ἇσπερ
1660 2013 1741 2045 αὐτὸς
1756 2013 1779 2029 ¹⁹
1790 2013 1885 2048 ψυχὰς

1085 2061 1140 2089 τῶν
1153 2061 1323 2098 τεθνηκότων
1341 2059 1412 2089 εἶναι
1425 2061 1500 2096 λέγει
1517 2061 1583 2097 (82).
1611 2060 1728 2092 Πολλοὺς
1747 2059 1775 2086 δὲ
1792 2059 1886 2095 γόητα.

1085 2107 1168 2135 αὐτὸν
1181 2107 1304 2143 ἐλέγχειν
1319 2107 1508 2144 πειρωμένους
1522 2104 1665 2142 διαλλάξας
1680 2106 1750 2143 πρὸς
1771 2105 1883 2138 ἑαυτὸν,

1086 2153 1172 2180 ἔπειθ’
1189 2153 1303 2190 ὕστερον
1315 2153 1338 2170 ⁸⁸
1354 2154 1490 2189 προφάσει
1508 2153 1633 2188 εὐωχίας,
1650 2152 1714 2188 βοῦν
1730 2151 1815 2184 θύσας
1832 2152 1884 2178 καὶ

246 2194 273 2222 in
285 2203 378 2224 escam
401 2197 478 2232 dato,
503 2198 588 2227 variis
613 2199 749 2235 implicuit
765 2200 879 2235 morbis,
901 2201 1034 2229 daemoni-

1089 2199 1216 2232 ἑστιάσας
1239 2199 1349 2232 αὐτοὺς,
1369 2199 1506 2236 διαφόροις
1529 2199 1618 2232 νόσοις
1645 2198 1808 2235 περιέϐαλεν
1831 2196 1884 2224 καὶ

880 2309 1000 2338 ἾΑΒΙᾹΞ
1019 2309 1223 2339 LECTIONES.

282 2392 306 2408 '°
322 2390 498 2422 Χανανίτιδος
510 2389 542 2418 C.
573 2389 793 2426 P'_dtm).n996v
809 2390 839 2417 (1.
850 2423 857 2426 Δ
879 2389 955 2426 ¹¹νιιο
968 2389 987 2417 S
1004 2387 1201 2426 suffragaan
1215 2409 1223 2421 ,
1240 2388 1267 2426 in
1284 2387 1339 2426 cui.
1361 2395 1448 2426 marg:
1463 2395 1526 2426 διες.-
1537 2387 1812 2426 inan._notayi_t_l'aqu
1827 2387 1881 2415 δεῖ.

245 2428 266 2456 A
290 2427 324 2454 ud
339 2426 360 2454 (ἑ
383 2426 515 2461 δέδειμεν.
556 2425 581 2442 ⁸³
601 2424 639 2452 lta
652 2425 674 2454 0
700 2423 774 2453 οἶδ.
792 2423 991 2461 πυνθανώμεθα
1006 2425 1037 2452 C.

246 2436 323 2490 niger
336 2462 407 2490 enim
420 2461 572 2489 contrariis.
593 2461 617 2476 "
628 2469 658 2488 τε
675 2460 777 2488 inserui
798 2468 824 2488 c.
836 2460 868 2488 0.
888 2459 961 2488 Idem
977 2468 1033 2488 om.

1089 2422 1114 2440 ⁵⁸
1129 2423 1203 2451 κακά
1218 2423 1254 2460 τὰ
1262 2423 1418 2460 πράσσεται
1426 2422 1460 2450 Ὁ.
1479 2423 1600 2460 Subinde
1613 2423 1633 2450 C
1653 2422 1771 2460 :_Malim_
1783 2424 1811 2449 in
1819 2431 1883 2460 om-

293 2471 323 2490 ιιι
336 2462 407 2490 enim
420 2457 572 2489 contrariis.
593 2461 617 2476 "
628 2469 658 2488 τε
675 2460 777 2488 inserui
798 2468 824 2488 c.
836 2460 868 2488 0.
888 2457 961 2488 Idem
977 2468 1033 2488 om.
1052 2459 1121 2487 Vbb.
1137 2457 1291 2491 ἀποχαλεί,’
1306 2458 1353 2485 καὶ
1368 2458 1468 2490 πλάνος
1491 2458 1571 2490 αὐτὸς
1585 2457 1623 2484 ὢν
1649 2458 1747 2485 πλάνον
1764 2458 1880 2486 ἐκεῖνον.

246 2498 270 2515 ³⁸
298 2496 432 2526 νενικέναι
459 2495 492 2524 Ο.
545 2497 567 2512 ³⁷
583 2496 656 2558 μάθῃ
668 2495 700 2524 C.
716 2495 785 2523 Tum
801 2495 957 2536 ὲκείνωνᾩ.
1023 2495 1047 2511 ⁸⁸

246 2534 330 2558 Evam.
385 2533 409 2549 ”
423 2532 504 2558 αὐτός
518 2531 538 2558 S
560 2539 591 2558 ex
606 2539 639 2558 co
660 2552 667 2558 .
685 2531 751 2558 Rea.
770 2530 823 2558 80L
834 2536 862 2558 et
872 2530 945 2558 Emi.
966 2538 991 2558 c.
1013 2530 1047 2558 ιδ

246 2534 330 2569 ἔχειν.
363 2533 409 2569 ην
423 2532 504 2569 αύτός
518 2531 538 2559 S
560 2530 667 2569 es
685 2530 823 2569 lieg.§QL
834 2536 862 2558 et
872 2530 945 2569 Epig.
966 2538 991 2559 ο.
1013 2530 1058 2564 ιδ,

245 2566 312 2597 num
323 2572 351 2597 et
363 2567 559 2604 Nicephorum.
597 2567 620 2583 “
635 2566 730 2594 ἑαυτὸν
741 2566 902 2603 εὐθύστερον
913 2566 945 2594 C.

1058 2495 1168 2528 ἀξιωθεί
1187 2494 1219 2521 Ο,
1245 2493 1316 2521 Idem
1330 2501 1386 2521 om.
1404 2493 1520 2528 conject.
1539 2493 1580 2520 Ci.
1591 2494 1664 2528 ἔχει,
1679 2494 1707 2520 in
1723 2493 1788 2528 cujt
1803 2498 1883 2520 textu

1087 2527 1172 2562 αὑτάς
1184 2529 1215 2565 C,
1230 2529 1263 2558 0.
1281 2528 1361 2557 Deest
1386 2536 1438 2556 vox
1461 2529 1532 2564 apud
1548 2527 1726 2557 Anastasium
1739 2548 1747 2562 ,
1758 2527 1880 2556 'Cedre-

898 2623 1082 2653 VARIORUM
1101 2622 1219 2651 ΝΟΤιΕ.

282 2700 338 2762 ξι)
359 2699 516 2735 Excerpunt
524 2699 584 2726 haec
594 2696 757 2726 Anastasius
768 2695 884 2737 Sin-aita,
896 2695 1037 2737 Qedrenus

312 2736 466 2762 icenhorus.
481 2734 604 2762 Ouorum
619 2734 694 2761 locos
707 2736 835 2762 apposuit
845 2737 872 2759 et
883 2732 1037 2762 discrepan-

247 2741 275 2765 et
288 2732 466 2770 Nicephorus.
481 2734 608 2770 Quorum,
619 2734 697 2770 locus
707 2732 835 2770 apposuit
845 2737 872 2759 et
883 2732 1038 2770 discrepan-

248 2772 315 2799 tiam
341 2766 474 2798 orationis
494 2766 624 2798 ﬁenotavit
654 2766 876 2796 Schlieinannus.
895 2766 979 2795 Clem.
1008 2774 1036 2802 p.

248 2805 560 2843 5412βηΒιιεεειηη
612 2840 617 2843 _
673 2839 678 2843 ‘
741 2838 753 2843 _

287 2841 342 2876 (82)
361 2842 477 2876 'Awrep
492 2840 585 2873 αὑτὰς
599 2839 702 2876 ψυχὰς
718 2838 777 2876 τῶν
793 2837 973 2876 “(inpudi
997 2837 1036 2864 εἷ-

249 2873 299 2905 ναὶ
314 2873 405 2912 λέγει.
418 2873 583 2904 Mcinoratus
596 2873 692 2909 codex,
704 2874 806 2908 αὑτός,
816 2878 846 2902 ut
861 2873 888 2902 in
908 2873 1036 2909 Epilome.

1091 2693 1218 2726 Videndi,
1234 2693 1410 2723 Anastasius,
1426 2692 1579 2725 Cedrenus,
1597 2691 1769 2728 Nicephorus
1789 2702 1796 2719 :
1817 2693 1876 2727 pri-

1089 2738 1151 2757 mus
1166 2733 1263 2764 quaest.
1278 2729 1323 2762 20,
1338 2737 1364 2763 p.
1378 2728 1447 2764 2&2;
1463 2729 1601 2764 secundus
1619 2727 1878 2764 Conipenditjislo-

1089 2765 1138 2791 rici
1150 2763 1180 2798 p.’
1198 2763 1259 2796 I73,
1277 2764 1374 2791 tertius
1393 2763 1466 2791 Hist.
1487 2763 1552 2790 εδει.
1575 2763 1624 2791 lib.
1641 2771 1676 2795 ιι,
1692 2771 1753 2797 cap.
1770 2763 1818 2790 27.
1839 2764 1882 2790 Ac

1090 2800 1159 2827 forte
1171 2799 1198 2826 in
1212 2799 1273 2826 loco
1289 2798 1404 2826 Cedreni
1424 2799 1525 2826 rectius
1545 2799 1680 2827 scribetur
1693 2807 1700 2825 :
1713 2798 1763 2825 καὶ
1783 2799 1879 2826 ἑστιά-

1090 2843 1138 2866 σας
1154 2834 1261 2870 αὺτοὺς,
1274 2833 1410 2869 διαφόροις
1421 2834 1467 2861 καὶ
1478 2833 1612 2866 δυσιάτοις
1628 2834 1716 2866 νόσοις
1723 2833 1772 2860 καὶ
1782 2833 1880 2870 δαίμο-

1090 2878 1132 2897 σιν
1147 2869 1274 2898 ὐπέϐαλε.
1285 2870 1353 2898 C01.
