1942 3100
75 158 115 187 Ilii
636 158 865 188 CLEMENTINA.
881 175 916 180 —
929 158 1071 187 llOMlLlA
1086 158 1130 186 IV.

1648 161 1701 188 162

72 217 186 253 δαίμοσιν
202 215 359 244 ὑπέϐαλεν·
375 217 426 244 καὶ
443 217 489 245 ἵνα
510 217 547 253 μὴ
563 216 648 244 πολλὰ
655 217 736 251 λέγω,
753 217 860 249 πολλοὺς

919 216 1025 251 busque
1044 215 1162 251 subjecit
1181 224 1188 243 :
1214 223 1246 244 ac
1266 223 1302 244 ne
1321 216 1398 252 plura
1418 217 1576 253 proloquar,
1600 219 1704 248 multos

73 261 190 293 mbae:
207 261 270 293 θεδς
286 258 362 289 εἶναι
378 261 558 299 ὑποληφθεὶς,
572 262 642 297 πρὸς
657 261 698 297 τῷ
711 261 732 277 ⁶¹
747 261 863 298 φοϐερὸν

72 306 134 336 εἰναι
149 308 194 335 καὶ
211 308 430 344 προτετίμηται.

104 354 135 381 ν.
156 353 237 381 Ὅθεν
264 355 318 380 οὐκ
342 355 438 390 οῐομαι
463 354 626 391 δυνήσεσθαί
649 363 712 382 τινα
733 353 864 382 τοσοῦτον

71 400 186 435 ἀναφθὲν
197 400 255 436 πῦρ
270 400 380 428 σϐέσαι.
398 400 467 428 Οὐδὲ
482 400 537 437 γὰρ
547 400 678 434 evomam
692 409 736 434 τις
751 402 816 438 περὶ
825 398 864 429 ὧν

72 449 170 479 ἐκεῖνος
186 447 399 482 ὲπαγγέλλεται,
416 447 485 475 ἀλλὰ
499 447 578 474 τοῦτο
587 447 675 479 οὕτως
691 448 769 483 122
791 448 863 484 ἔχειν

71 494 269 521 διαϐεϐαιοῦται
285 494 413 526 ἕκαστος.
430 495 476 521 Διὺ
487 495 535 523 τοῦ
557 495 594 532 μὴ
608 496 774 523 κινδυνεύειν
790 497 863 532 ὑμᾶς

72 541 148 576 χάριν
162 540 318 576 παρακαλῶ
333 541 415 578 μηδὲν
431 542 588 578 ἐγχειρῆσαι
601 542 669 578 πρὸς
689 543 781 576 αὐτὸν,
797 543 863 578 πρὶν

72 587 102 614 ἃν
115 587 220 623 Πέτρος
235 587 313 625 ἔλθῃ,
329 588 359 620 δς
381 588 463 624 μόνος
480 589 623 625 δυνήσεται
640 588 709 625 πρὸς
724 589 746 604 ⁶¹
762 589 862 616 τοσαύ-

71 642 116 669 την
141 634 313 666 δυναστείαν,
331 634 379 662 τοῦ
402 635 505 672 Κυρίου
526 635 604 672 ἡμῶν
636 635 722 671 Ἰησοῦ
744 636 862 672 Χριστοῦ

70 680 255 715 δοκιμώτατος
285 681 416 717 ὑπάρχων
449 682 589 718 μαθητὴς,
617 683 861 718 ἀνταγωνίσασθαι.

70 727 202 754 Τοσοῦτον
214 727 271 763 γὰρ
279 727 435 763 πεφόϐημαι
443 729 489 755 τὸν
503 728 595 764 ἄνδρα,
607 729 654 762 ὼςν
667 730 691 756 ει
703 730 740 765 μὴ
755 731 802 757 καὶ
814 731 862 758 ἀλ·

71 771 130 798 λοτε
147 773 218 808 πρὸς
227 773 276 800 τὸν
291 774 385 810 κύριόν
401 783 452 809 μου
467 775 569 810 Πέτρον
581 776 729 812 διαλεχθεὶς
738 778 769 804 τὸ
781 775 862 814 ἦττον

72 818 258 854 ἀπηνέγκατο,
284 820 480 847 συνεϐούλευσα
489 821 522 848 ἂν
536 822 600 857 ὑμῖν
611 824 657 849 καὶ
667 823 748 850 αὐτὸν
759 825 863 852 πείθειν

70 864 237 900 τὺνΠέτρον,
247 865 285 901 μὴ
294 866 441 901 πειρᾶσθαι
457 867 679 901 ἀντεξετάζεσθαι
694 870 734 905 τῷ
747 871 860 906 Σίμωνι.

100 943 147 972 Ἦ.
167 944 258 979 Κάγὼ
270 945 348 982 ἔφην·
367 945 396 973 '0
409 946 503 983 κύριος
517 948 595 983 ἡμῶν
610 948 713 984 Πέτρος
729 950 753 975 εί
770 950 862 985 ἠγνόει

66 991 107 1017 ὃτι
131 990 216 1023 αΰτδς
240 991 321 1026 μόνος
341 993 482 1028 κατισχύει
503 994 554 1029 τῆς
572 994 678 1021 ἐκείνου
692 995 860 1029 δυναστείας,

65 1037 116 1063 οὐκ
130 1037 164 1064 ἂν
179 1038 258 1073 ἡμᾶς
271 1038 441 1074 προπέμπων
454 1039 618 1073 ἐνετέλλετο,
631 1041 813 1074 λανθανόντως
827 1042 862 1070 τὰ

65 1083 137 1110 κατὰ
152 1083 269 1119 Σίμωνα
284 1083 511 1120 διαμανθάνοντας
526 1087 600 1122 αὑτῷ
623 1087 748 1123 γράφειν.
768 1089 863 1124 Ὅμως

64 1129 128 1156 ἐπεὶ
143 1129 252 1166 ἑσπέρα
276 1131 446 1167 κατειλήφει,
469 1132 541 1159 ἀλῶν
559 1133 754 1168 μεταλαϐόντες
771 1135 862 1162 ὑπνώ-

65 1183 162 1211 σαμεν.
193 1176 301 1203 Ἔωθεν
323 1176 352 1203 δέ
373 1185 415 1209 τις
439 1179 473 1214 τῇ
500 1179 617 1216 Βερνίκῃ
639 1180 757 1216 συνήθης
776 1180 863 1209 ἐλθὼν

63 1221 128 1257 ἔφη,
143 1222 192 1248 τὸν
207 1222 318 1258 Σίμωνα
330 1223 370 1254 είς
381 1223 432 1258 τὴν
447 1223 549 1251 Σιδῶνα
567 1225 792 1259 ὲκπεπλευκέναι,
808 1227 862 1254 τῶν

60 1268 90 1295 δὲ
111 1268 202 1297 αὑτοῦ
231 1268 362 1305 μαθητῶν
391 1269 615 1298 καταλελοιπέναι
651 1271 791 1299 ’Δππίωνα
815 1273 862 1301 τὸν

60 1314 265 1350 Πλειστωίκην
279 1314 313 1348 ⁸³,
336 1315 422 1352 ἀνδρα
452 1316 646 1353 Ἀλεξανδρέα,
670 1319 863 1354 γραμματικὸν

59 1361 112 1396 τὴν
136 1361 311 1397 ἑπιστήμην,
336 1361 366 1389 ὃν
389 1362 460 1399 πρὸς
475 1364 578 1399 πατρός
598 1373 642 1400 μοι
659 1365 737 1400 φίλον
759 1366 824 1393 ὄντα
839 1366 863 1382 ⁸⁸

58 1406 203 1441 ἐπέγνων,
230 1407 281 1434 καὶ
312 1407 492 1436 ’Δννουϐιῶνα
522 1409 568 1436 τὸν
593 1411 771 1447 Διοσπολίτην
802 1411 864 1438 τινὰ

59 1453 244 1488 ἀστρολόγον,
256 1454 303 1481 καὶ
320 1454 501 1491 Ἀθηνόδωρον
513 1455 559 1482 τὸν
578 1456 716 1493 Ἀθηναῖον
731 1457 771 1494 τῷ
792 1458 864 1485 Ἐπι-

59 1499 167 1534 κούρου
194 1500 218 1515 ⁸⁵
239 1500 423 1536 ἀρεσκόμενον
446 1501 527 1538 λόγῳ.
554 1502 649 1538 Ἡμεῖς
670 1502 709 1535 δὲ,
733 1503 768 1530 τὰ
791 1504 862 1531 κατὰ

58 1546 107 1572 τὸν
122 1546 239 1582 Σίμωνα
258 1547 398 1582 μαθόντες,
423 1547 508 1575 ἕωθεν
530 1548 618 1576 πάντα
640 1549 796 1586 γράψαντες
815 1551 862 1578 καὶ

915 262 1060 296 aﬂllgendo
1076 263 1145 290 deus
1157 263 1220 290 esse
1233 263 1362 295 creditur.
1379 268 1415 297 et,
1430 269 1609 300 praeterquam
1628 265 1702 301 quod

915 306 1094 336 formidabilis
1106 312 1158 341 est,
1175 308 1257 336 etiam
1274 309 1377 337 honore
1390 310 1516 338 adicitur.

951 353 984 381 V.
1004 353 1138 387 Quocirca
1154 361 1208 382 non
1227 359 1293 390 puto
1307 363 1322 383 a
1337 363 1477 391 quoquam
1495 356 1584 392 ignem
1596 362 1701 386 tantum

914 407 1061 429 accensum
1082 409 1164 437 posse
1182 401 1329 437 exstingui.
1346 401 1432 430 Nemo
1447 403 1520 430 enim
1540 403 1567 430 in
1589 403 1702 432 dubium

913 451 993 475 vocat
1015 454 1077 482 qua
1101 447 1146 475 ille
1165 447 1326 483 pollicetur,
1351 448 1398 476 sed
1416 448 1517 484 singuli
1540 451 1703 478 conﬁrmant

913 500 971 520 rem
983 493 1020 520 ita
1033 501 1063 521 se
1077 493 1187 521 habere.
1198 493 1290 527 Quare
1306 501 1338 521 ca
1357 494 1455 528 gratia.
1474 499 1504 522 ut
1519 503 1569 523 vos
1583 495 1609 522 in
1627 497 1701 531 peri-

914 539 1005 575 culurn
1020 547 1075 567 non
1094 539 1220 574 veniatis,
1243 541 1338 568 hortor
1358 548 1392 568 ne
1414 541 1564 577 quidquam
1590 543 1701 571 tentetis

914 585 1045 613 adversus
1062 593 1135 619 eum,
1152 592 1215 614 ante
1228 594 1310 621 quam
1326 586 1423 614 Petrus
1445 588 1558 621 venerit,
1573 588 1618 624 qui
1638 596 1702 617 cum

913 631 949 658 sit
965 631 1074 659 Domini
1089 633 1175 660 nostri
1194 631 1259 660 Jesu
1275 633 1376 660 Christi
1390 633 1600 668 probatissimos
1619 635 1702 663 disci-

913 677 1005 712 pulus,
1020 679 1120 713 poterit
1135 679 1209 706 solus
1225 684 1319 706 contra
1336 684 1438 706 tantam
1453 681 1600 714 potentiam
1617 681 1701 708 dimi-

913 731 986 751 care.
1019 723 1136 752 Tantum
1166 725 1267 760 quippe
1288 730 1381 752 metuo
1394 726 1467 753 hunc
1486 727 1637 760 hominem,
1660 732 1700 761 ut,

913 770 965 798 nisi
981 771 1048 798 alias
1063 779 1125 798 cum
1138 771 1250 799 domino
1261 779 1322 800 meo
1335 772 1416 800 Petro
1428 773 1583 808 disceptans
1595 774 1685 802 disces
1694 791 1701 796 -

913 816 994 844 sisset
1019 816 1143 850 inferior,
1166 818 1311 846 consilium
1340 819 1476 847 dedissem
1500 820 1590 854 vobis,
1611 821 1699 856 ipsum

912 870 1021 898 quoque
1034 863 1144 892 Petrum
1165 865 1364 899 persuaderetis
1385 873 1419 893 ne
1435 874 1496 893 cum
1514 865 1626 895 Simone
1645 868 1702 896 dis-

879 919 900 946 B
914 913 1010 944 putare
1021 909 1162 938 niteretur.

949 953 993 982 Vl.
1012 954 1045 982 Et
1058 963 1108 990 ego
1123 956 1251 992 respondi
1269 967 1275 984 :
1297 957 1324 984 Si
1344 958 1471 986 dominus
1492 964 1585 987 noster
1603 960 1700 989 Petrus

914 1000 1056 1035 ignoraret
1073 1001 1146 1036 quod
1165 1002 1223 1037 ipse
1238 1003 1313 1031 solus
1328 1004 1461 1032 adversus
1479 1005 1538 1040 ejus
1552 1006 1698 1041 potentiam

911 1047 1048 1081 praevalet,
1063 1054 1117 1075 non
1137 1048 1230 1083 utique
1255 1049 1444 1084 pnemittcndo
1463 1059 1512 1079 nos
1531 1052 1698 1084 mandasset.

910 1097 943 1120 ut
964 1093 1035 1121 clam
1059 1093 1179 1122 Simonis
1195 1100 1271 1130 gesta
1295 1096 1431 1125 discentes
1451 1097 1476 1124 ei
1505 1098 1698 1127 scriberemus.

911 1138 998 1167 Porro
1012 1147 1074 1167 cum
1088 1148 1142 1168 nox
1155 1141 1284 1175 venisset,
1303 1146 1413 1177 sumpto
1432 1143 1494 1171 cibo
1508 1144 1698 1174 dormivimus.

911 1185 991 1213 Mane
1017 1193 1083 1214 vero
1111 1187 1211 1222 aliquis
1236 1187 1380 1217 Berenices
1408 1188 1551 1218 familiaris
1586 1192 1699 1220 veniens

912 1232 992 1265 dixit,
1009 1232 1148 1261 Simonem
1165 1234 1193 1261 in
1212 1233 1342 1263 Sidonem
1357 1236 1509 1272 navigasse,
1527 1245 1558 1264 ex
1574 1238 1633 1265 suis
1649 1246 1699 1266 au-

913 1282 968 1306 tem
988 1278 1133 1314 discipulis
1160 1280 1303 1316 reliquisse
1328 1281 1479 1317 Appionem
1503 1282 1697 1318 Plistoniccm,

912 1325 1001 1352 virum
1013 1325 1237 1360 Alexandrinum,
1251 1331 1309 1355 arte
1325 1329 1542 1363 grammaticum,
1554 1335 1698 1364 paternum

913 1378 1004 1399 meum
1028 1371 1148 1400 amicum
1174 1373 1242 1400 mihi
1265 1373 1422 1409 cognitum,
1451 1379 1478 1402 et
1506 1375 1697 1404 Annubionem

913 1417 1057 1451 quemdam
1071 1417 1261 1453 Diospolitam,
1279 1420 1457 1456 astrologum,
1477 1426 1559 1457 atque
1576 1423 1699 1451 Atheno-

913 1461 1010 1490 dorum
1021 1463 1215 1492 Atheniensem
1232 1464 1372 1500 Epicurea:
1385 1472 1467 1494 sectae
1481 1468 1629 1496 addictum.
1642 1469 1698 1498 Nos

913 1514 1003 1537 autem
1016 1510 1105 1548 edocti
1121 1518 1165 1538 res
1181 1510 1303 1540 Simonis
1319 1520 1398 1540 mane
1418 1518 1516 1542 cuncta
1542 1523 1605 1542 cum
1626 1518 1698 1544 scri-

912 1555 1063 1590 psissemus
1075 1560 1103 1584 et
1116 1556 1150 1583 ad
1161 1556 1272 1585 Petrum
1288 1559 1471 1593 misisscmus,
1485 1561 1519 1588 ad
1532 1562 1698 1590 ambulatio-

61 1592 163 1628 Πέτρῳ
179 1592 395 1629 διαπέμψαντες,
417 1595 458 1627 εἰς
473 1595 622 1631 περίπατον
635 1596 860 1632 ἀπετραπόμεθα.

914 1608 974 1629 nem
994 1603 1180 1631 convertimus
1194 1604 1319 1638 gradum.

99 1637 159 1667 VII.
181 1639 240 1665 Καὶ
273 1639 395 1667 ’Δππίων
409 1641 584 1677 ἀπηντήσατο
602 1642 626 1658 ⁸⁸
640 1643 716 1678 ἡμῖν,
735 1643 766 1670 οὐ
782 1643 861 1678 μόνον

65 1684 137 1719 μετὰ
152 1685 211 1711 τῶν
232 1686 439 1722 προειρημένων
460 1688 539 1723 123
554 1688 670 1725 ἑταίρων
691 1689 713 1705 ⁸⁷
733 1689 788 1716 τῶν
803 1689 860 1722 δύο,

61 1731 133 1757 ἀλλὰ
147 1732 196 1758 καὶ
210 1732 272 1768 μεθ’
287 1732 386 1768 ἑτέρων
403 1733 508 1769 ἀνδρῶν
522 1734 559 1766 ὡς
573 1735 728 1771 τριάκοντα,
745 1735 792 1762 καὶ
805 1735 862 1771 ἃμα

61 1778 102 1813 τῷ
128 1778 197 1805 ἰδεῖν
218 1787 255 1814 με
274 1779 499 1815 προσαγορεύσας
518 1780 566 1807 καὶ
588 1781 775 1817 καταφιλήσας
797 1781 859 1817 ἔφη’

63 1825 150 1857 Οὗτός
165 1827 227 1852 εστι
247 1826 372 1862 Κλήμης,
393 1826 458 1861 περὶ
472 1823 502 1853 οὗ
521 1827 585 1862 ὑμῖν
604 1827 654 1862 τῆς
673 1835 702 1853 τε
724 1827 863 1862 εὐγενείας

63 1872 112 1898 καὶ
125 1872 178 1907 τῆς
194 1871 457 1908 ἐλευθεροπρεπείας
475 1872 497 1888 ⁸⁸
513 1873 594 1899 πολὺν
611 1873 760 1909 ἐποιούμην
772 1874 861 1909 λόγον,

63 1917 107 1944 ὅτι
122 1918 195 1953 ἀνὴρ
210 1917 279 1954 πρὸς
296 1918 391 1952 γένους
406 1917 531 1953 Τιϐερίου
543 1919 678 1955 Καίσαρος
693 1918 730 1946 ὢν
746 1920 793 1947 καὶ
809 1921 862 1947 πά-

66 1972 116 1999 σης
137 1964 299 2000 Ἑλληνικῆς
315 1964 439 1996 παιδείας
455 1965 477 1981 ”
491 1965 741 2003 ὲξησκημένος,ῠπὸ
756 1966 861 2002 βαρϐά-

66 2018 114 2044 ρου
128 2010 212 2042 τινὸς,
230 2009 279 2046 τὴν
296 2010 480 2047 προσηγορίαν
496 2012 611 2048 Πέτρου,
630 2012 666 2039 τὰ
680 2013 735 2039 τῶν
751 2013 774 2029 ⁷⁰
796 2014 861 2040 Ἰου-

66 2058 146 2085 δαίων
158 2060 248 2085 ποιεῖν
264 2059 311 2085 καὶ
324 2058 413 2093 λέγειν
429 2058 578 2095 ὴπάτηται.
598 2059 676 2086 Ὅθεν
697 2059 765 2094 ἀξιῶ
782 2069 861 2088 συνα-

65 2104 234 2138 γωνίσασθαί
256 2113 302 2140 μοι
321 2104 391 2140 πρὸς
406 2105 456 2141 τὴν
478 2105 618 2141 διόρθωσιν
636 2106 728 2133 αὐτοῦ·
751 2108 798 2134 καὶ
816 2108 860 2142 ἐφ’

66 2150 141 2186 ὑμῶν
157 2150 243 2177 αὑτοῦ
260 2150 442 2186 πυνθάνομαι.
464 2151 574 2186 Δεγέτω
598 2160 654 2187 μοι,
674 2152 768 2188 ἐπειδὴ
793 2153 861 2189 πρὸς

66 2195 96 2222 τὸ
110 2196 236 2223 εὐσεϐεῖν
258 2197 353 2224 ἑαυτὸν
373 2197 573 2224 ἀποδεδωκέναι
591 2197 706 2234 νομίζει,
723 2198 782 2230 πῶς
800 2199 861 2234 οὐχὶ

67 2242 99 2268 τὰ
120 2243 239 2277 μέγιστα
267 2243 369 2275 ἀσεϐεῖ,
396 2242 551 2270 καταλιπὼν
571 2243 594 2259 '“
620 2244 670 2280 μὲν
691 2243 726 2270 τὰ
746 2244 858 2280 πάτρια,

67 2287 213 2320 ἀποκλίνας
227 2288 257 2315 δὲ
269 2289 309 2320 είς
321 2288 368 2324 ἑθη
385 2289 519 2325 βάρϐαρα.

101 2334 166 2362 \‘lll.
188 2335 276 2369 Κάγὼ
294 2336 318 2352 ⁷²
338 2335 540 2372 ἀπεκρινάμηψ
562 2335 618 2372 Τὴν
645 2336 696 2372 μὲν
719 2337 787 2373 πρὸς
806 2338 855 2373 ἐμέ

69 2389 112 2408 σου
126 2381 233 2417 ἀγαθὴν
247 2382 405 2417 προαίρεσιν
421 2382 596 2418 ἀποδέχομαι,
613 2383 662 2419 τὴν
675 2383 704 2410 δὲ
718 2384 856 2418 ἀγνωσίαν

69 2427 238 2463 ἀποθείομαι.
258 2428 292 2454 Ἦ
307 2429 358 2464 μὲν
372 2429 395 2444 ⁷³
408 2429 462 2465 γὰρ
475 2429 633 2465 προαίρεσις
648 2429 747 2465 ἀγαθὴ,
763 2430 814 2463 ὅτι,
827 2431 855 2457 ὲν

70 2472 105 2505 οἷς
117 2475 204 2506 δοκεῖς
223 2474 248 2490 ⁷⁸
270 2474 374 2506 καλοῖς,
396 2475 426 2501 ὲν
446 2474 550 2507 τούτοις
572 2472 642 2502 εἷναί
664 2484 697 2510 με
720 2475 816 2508 θέλεις·
838 2477 854 2513 ή

75 2518 96 2545 δὲ
115 2520 212 2554 γνῶσις
235 2520 288 2547 οὐκ
309 2520 397 2556 ὀρθῶς
419 2520 516 2556 ἔχουσα
540 2520 629 2556 φιλίας
651 2521 786 2556 προφάσει
798 2523 856 2548 ἐνε-

77 2565 164 2602 ὶρεύειν
188 2567 368 2603 ἀγωνίζεται.
393 2561 476 2595 Καῖό
491 2568 614 2595 Ἀππίων
629 2567 692 2604 ἔφη·
721 2569 855 2604 Ἀγνωσία

947 1647 1003 1675 νιι.
1024 1647 1056 1675 Et
1075 1649 1196 1677 occurrit
1215 1651 1294 1678 nobis
1308 1651 1426 1686 Appion,
1450 1660 1503 1680 non
1526 1653 1613 1681 solum
1634 1661 1698 1682 cum

911 1694 1049 1728 praedictis
1062 1694 1170 1723 duobus
1192 1696 1285 1729 sociis,
1300 1697 1348 1724 sed
1367 1703 1394 1725 et
1408 1706 1469 1726 cum
1487 1699 1549 1727 aliis
1566 1701 1631 1728 viris
1645 1701 1698 1728 tri-

912 1742 986 1776 ginta
1000 1742 1117 1770 circiter.
1137 1743 1177 1771 Ac
1192 1744 1273 1771 simul
1287 1749 1368 1780 atque
1384 1754 1426 1773 me
1441 1746 1518 1780 vidit,
1534 1747 1655 1775 salutans
1670 1753 1699 1776 et

911 1788 1051 1816 osculatus
1061 1789 1100 1816 ait
1115 1798 1122 1816 :
1140 1788 1189 1816 llic
1206 1794 1247 1816 cst
1260 1789 1397 1824 Clemens,
1413 1791 1445 1818 de
1457 1799 1512 1826 quo
1533 1793 1647 1820 multum
1663 1793 1696 1821 ad

911 1841 961 1861 vos
972 1842 1127 1863 sermonem
1143 1835 1237 1869 habui,
1251 1836 1284 1864 de
1296 1836 1369 1864 illius
1381 1838 1522 1866 nobilitate
1533 1847 1563 1866 ac
1575 1841 1697 1868 moribus

911 1880 1084 1915 liberalibus;
1103 1882 1175 1917 quod
1193 1883 1234 1909 vir
1246 1890 1279 1910 ex
1298 1891 1395 1918 genere
1414 1883 1514 1912 Tiberii
1528 1885 1655 1919 Caesaris,
1670 1892 1698 1915 et

911 1926 939 1953 in
967 1927 1043 1954 omni
1065 1927 1158 1955 Graeca
1183 1927 1326 1964 disciplina
1347 1930 1523 1964 exercitatus,
1543 1940 1558 1959 a
1579 1932 1696 1961 barbaro

911 1972 1045 2007 quodam,
1073 1973 1120 2008 qui
1143 1979 1258 2001 vocatur
1281 1974 1396 2009 Petrus,
1423 1976 1519 2005 fraude
1539 1979 1696 2013 compulsus

909 2023 982 2046 esset
997 2018 1031 2046 ad
1049 2019 1215 2054 peragendae
1234 2027 1266 2047 ac
1281 2021 1466 2055 praedicandos
1481 2022 1636 2052 Judaeorum
1659 2026 1696 2053 ri—

911 2067 965 2091 tus.
979 2063 1069 2096 Quare
1086 2072 1164 2099 rogo,
1185 2070 1215 2093 ut
1235 2073 1279 2094 me
1300 2066 1327 2094 in
1346 2067 1392 2095 illo
1408 2069 1570 2104 corrigendo
1585 2071 1696 2106 adjuve-

909 2109 960 2142 tis;
987 2114 1014 2137 et
1041 2117 1134 2138 coram
1163 2111 1241 2139 vobis
1260 2120 1322 2140 eum
1349 2113 1497 2150 interrogo.
1522 2114 1697 2152 Respondeat

909 2155 987 2186 mihi.
1002 2156 1223 2192 quandoquidem
1240 2159 1398 2192 arbitratur,
1414 2161 1487 2195 quod
1504 2169 1543 2196 se,
1560 2166 1589 2189 ut
1608 2163 1695 2198 pieta-

908 2205 963 2229 tem
979 2201 1091 2235 coleret,
1106 2202 1250 2238 dediderit,
1264 2212 1321 2240 quo
1340 2206 1421 2234 modo
1437 2214 1492 2234 non
1512 2209 1630 2236 maxime
1643 2209 1696 2236 im-

908 2248 970 2282 pius
985 2247 1032 2281 sit,
1051 2249 1101 2284 qui
1117 2250 1222 2285 patrios
1234 2251 1421 2288 dereliquerit,
1439 2253 1616 2282 declinaverit
1630 2264 1695 2284 vero

872 2300 895 2328 ι)
909 2294 943 2322 ad
954 2294 1087 2323 barbaros
1102 2303 1202 2324 mores.

946 2339 1012 2368 Vlll.
1033 2340 1066 2368 Et
1087 2348 1138 2377 ego
1160 2342 1287 2377 respondi
1314 2353 1321 2371 :
1347 2343 1434 2372 Tuam
1461 2347 1570 2381 quidem
1597 2347 1624 2375 in
1651 2356 1695 2376 me

908 2387 1066 2422 praeclaram
1089 2388 1256 2417 voluntatem
1278 2389 1367 2418 habeo
1387 2397 1544 2427 acceptam;
1564 2398 1593 2421 at
1615 2394 1694 2429 igno-

908 2434 1041 2462 rationem
1057 2435 1183 2464 amolior.
1199 2435 1318 2471 Scilicet,
1332 2439 1461 2473 praeclara
1473 2439 1582 2475 quidem
1596 2441 1693 2468 volun-

908 2483 951 2507 tas
965 2484 1018 2514 est,
1038 2481 1111 2516 quod
1131 2481 1158 2509 in
1182 2482 1228 2514 iis.
1247 2491 1309 2518 quae
1331 2484 1379 2512 tibi
1402 2485 1473 2513 bona
1493 2485 1627 2519 violentur,
1650 2495 1693 2515 me

909 2527 1012 2555 versari
1027 2527 1105 2562 cupis
1129 2537 1136 2555 :
1162 2536 1257 2557 verum
1282 2531 1402 2566 cognitio
1423 2539 1478 2559 non
1500 2537 1573 2560 recte
1588 2533 1692 2562 habens

908 2578 1040 2608 praetextu
1053 2574 1180 2603 amicitiae
1195 2576 1318 2604 insidiari
1338 2577 1443 2606 nititur.
1466 2577 1539 2606 Dixit
1555 2579 1661 2614 Appian
1683 2590 1689 2608 :

696 2637 814 2665 VARle
833 2639 1038 2669 LECTIONES.

99 2683 227 2711 “ltaO
268 2691 296 2711 c.
337 2682 383 2714 D.
413 2683 444 2709 τό
475 2683 506 2710 C.

581 2684 610 2724 "‘
634 2683 700 2724 Post
730 2686 799 2721 πρός
812 2690 869 2724 _est
882 2688 971 2724 -αὐτόν
1013 2689 1040 2715 in
1070 2689 1092 2715 0
1131 2695 1306 2724 expunctum.

1381 2691 1403 2706 “
1429 2691 1616 2719 Πλειστονίκον
1654 2691 1686 2719 0.

68 2719 86 2735 ⁸⁸
108 2719 166 2746 ὄντα
195 2719 220 2746 0
260 2724 289 2746 et
319 2726 355 2746 ex
375 2718 572 2759 ψωμοὶ-Λα,
604 2719 630 2746 in
642 2720 707 2759 Acuj.
722 2718 850 2759 textujy.
880 2722 980 2749 Davisii
999 2725 1121 2759 notnlam
1141 2718 1175 2752 eo
1196 2730 1360 2759 spectantem
1388 2726 1406 2753 S
1443 2734 1495 2753 non
1521 2718 1688 2755 intellexisse

65 2755 163 2783 videtur.
179 2754 254 2783 Tum
267 2752 526 2797 A.togml£33v'sl.0
541 2774 549 2786 ,
560 2752 718 2797 Amatam
726 2756 756 2782 (1.
780 2756 863 2797 .f'_lta
873 2765 909 2797 ex
921 2758 1035 2797 conject.
1088 2780 1095 2792 ,
1108 2760 1153 2794 qui
1164 2759 1196 2797 in
1212 2752 1688 2797 ὶεκιιιἘπικούρωιιίγυίηδῖἇπηνί

62 2792 146 2818 τάς-ατο
161 2790 194 2819 0.
239 2791 264 2807 ⁸⁷
283 2789 392 2825 ἑτέρων
406 2787 439 2815 0.
456 2787 603 2825 IdemrxczO‘
618 2787 728 2825 ἑτὲρών.

780 2791 802 2808 σε
818 2791 854 2832 l_l:1
873 2787 991 2832 intelligo
1003 2787 1144 2832 lectione-in
1155 2795 1332 2832 Ottoboniani
1345 2787 1615 2832 ἐλευθερωπρεπείαξ
1625 2787 1686 2825 etim

60 2828 109 2855 cod.
125 2826 193 2862 Reg.
214 2826 287 2858 804,
307 2823 570 2873 Ξλευθεροῖροτξξῖας
629 2859 641 2865 _
653 2823 888 2873 “Reponcﬁagav
900 2823 1058 2873 'El'lﬁvgthv
1070 2830 1203 2861 παιδείαν,
1220 2831 1259 2856 ιιιὶ
1281 2838 1388 2865 semper
1412 2823 1561 2866 loquuntur
1596 2823 1686 2859 iisiis-Ii

60 2863 191 2873 _._:,.__-c
214 2861 288 2873 11:1...
333 2859 373 2873 ,ιέι
401 2866 414 2873 η
458 2861 473 2873 i:
568 2863 578 2873 -ι
607 2868 661 2873 -.
678 2861 703 2873 ι..
796 2870 807 2873 ,.
903 2864 922 2873 ιη
954 2868 975 2873 ι.
1046 2872 1049 2873 ,
1077 2865 1105 2873 ιιι
1153 2870 1158 2873 .
1180 2864 1195 2873 n
1302 2866 1309 2872 ς
1374 2866 1378 2873 1
1417 2867 1423 2873 1
1442 2867 1446 2872 ι
1470 2868 1505 2873 ,η
1539 2868 1555 2873 η
1578 2868 1584 2873 .
1622 2868 1647 2873 ..λ

58 2858 289 2903 εςιίρξειτὲε.ηὶζίέ]ε
306 2858 483 2903 ξρὶιῶοκίεξ.
498 2858 551 2903 D."
568 2859 591 2903 'Il"
607 2859 661 2902 τῶν
678 2858 779 2903 inserui
793 2870 821 2903 οἱ
832 2862 890 2903 0.--
903 2864 923 2903 ζι
942 2858 979 2903 lt:_i
996 2863 1023 2903 (ζ
1037 2858 1065 2893 ἒ.
1076 2865 1106 2891 ul
1135 2870 1160 2892 et
1180 2858 1400 2900 δ’,καταλειπών
1415 2858 1476 2903 (εὴ)
1487 2858 1605 2896 (ὶίῧοὶιι
1621 2858 1687 2903 ἔθνη

63 2897 109 2926 cod;
120 2898 185 2935 Reg.
201 2897 271 2925 804.

316 2892 342 2913 τ’
370 2893 444 2927 Ἑγώ
459 2892 490 2920 C.
528 2894 552 2911 ⁷³
570 2895 644 2930 ἡμᾶς
661 2902 686 2929 p.
705 2897 721 2930 ἡ
735 2896 783 2930 μέν
801 2897 833 2924 0.
871 2899 894 2916 ⁷⁸
903 2897 991 2924 δοκεῖν
1004 2898 1034 2928 Ο.
