1942 3100
259 123 309 152 1ϋ7

683 131 712 161 5.
730 132 927 165 CLEMENTIS
947 137 1054 166 IROM.
1075 138 1174 168 PONT.
1189 141 1303 170 OPERA
1322 144 1437 174 DUBIA.

1838 155 1887 183 168

256 184 300 218 pia
312 184 358 217 sit,
372 184 434 213 vitae
444 193 499 214 non
516 192 589 215 esset
601 188 716 219 inutilis.
728 191 835 228 Singuli
849 201 967 230 namque
979 195 1041 224 dum

257 235 415 243 "nm".
430 230 552 243 ,μυω-
571 241 626 243 _,,,
691 235 709 243 η
729 236 735 242 -
861 239 867 243 -
970 241 976 243 -
1009 241 1015 243 -

1098 198 1180 235 σεσής
1195 209 1228 234 γε
1238 199 1286 233 ὢν,
1298 202 1348 230 οὐκ
1362 203 1520 240 ἀσύμφορος
1535 204 1569 232 ἃν
1585 206 1627 242 εἴη
1637 206 1676 242 τῷ
1688 206 1748 243 βίῳ.
1758 208 1889 242 Ἕκαστος

255 235 417 265 exspectant
430 230 555 260 futurum
566 241 632 270 erga
644 243 674 262 se
689 235 736 263 Dei
749 243 847 266 cuncta
859 239 993 268 intuentis
1005 241 1049 276 ju-

255 275 370 308 dicium,
389 276 423 304 ad
434 281 585 313 temperate
597 279 741 308 vivendum
762 282 895 317 majorem
916 275 1047 320 impetum

255 321 378 356 capiunt.
388 322 467 356 Quod
479 324 502 351 si
513 324 582 352 adeo
592 333 656 353 vera
669 326 706 354 sit
717 326 854 360 doctrina.
867 334 971 359 aeterno
980 339 1047 367 sup-

255 367 337 402 plicio
348 368 446 396 liberat
460 377 522 397 eum
538 371 587 406 qui
608 371 690 400 vitam
716 373 885 402 moderatam
908 377 1047 411 traduxit,

255 413 394 450 simulque
410 422 460 450 pro
472 415 606 444 beneﬁcio
628 416 744 454 largitur
758 419 851 449 futura
869 430 885 449 a
904 422 959 450 Deo
975 423 1046 452 bona

254 463 357 488 aeterna
373 464 401 488 et
414 460 576 491 ineffabilia.

290 505 348 534 XV.
366 506 418 535 Sed
430 508 463 535 ad
476 509 590 543 primam
607 516 730 539 revertor
743 511 899 542 Graecorum
912 523 944 543 ac
955 516 1045 552 genti-

253 551 320 579 lium
335 552 504 587 opinionem,
517 562 578 589 quae
593 555 659 584 deos
671 556 811 585 fabulatur
822 559 934 594 multos,
944 551 972 588 et
983 569 1044 589 om-

253 597 335 625 nibus
352 597 488 627 obnoxios
500 601 764 634 perturbationibus.
780 602 820 631 Ac
836 612 870 632 ne
883 604 908 632 in
927 613 972 634 res
983 614 1044 634 cer-

252 648 295 672 tas
312 645 429 672 multum
449 646 587 674 insumam
611 649 761 683 temporis,
778 649 843 677 dum
866 651 1044 687 uniuscujus-

251 698 306 725 que
324 698 419 718 eorum
440 691 487 726 qui
509 693 581 727 apud
606 700 656 721 vos
681 694 718 721 dii
741 695 919 724 nominantur
943 697 1042 732 impios

250 739 329 763 actus
356 743 500 770 recenseo,
516 741 631 766 cunctos
658 739 767 773 quidem
786 747 841 767 non
867 740 957 768 dicam
985 742 1042 770 illo-

250 790 313 810 rum
325 790 449 815 amores,
468 783 561 816 Juvis,
579 783 712 820 Neptuni,
726 785 867 819 Plutonis,
881 787 1017 822 Apollinis
1031 808 1038 818 .

249 828 361 862 Bacchi,
377 829 518 863 Herculis,
538 838 571 858 ac
592 831 775 866 singulorum,
792 840 863 867 quos
878 841 967 868 neque
987 835 1038 870 ipsi

250 875 393 912 ignoratis.
404 881 498 912 utpote
508 877 536 904 in
549 877 706 905 Graecorum
722 878 956 914 litterisinstituti,
969 889 1039 916 quas

247 921 319 948 vitas
333 921 421 949 edocti
438 922 516 955 estis,
531 926 563 950 ut
574 927 705 958 tanquam
729 923 844 952 deorum
864 927 1038 957 aemulatores

248 966 349 994 similia
364 968 516 1003 peragatis.

280 1055 352 1084 XVI.
363 1055 417 1084 Sed
432 1056 467 1085 ab
481 1056 540 1092 ipso
553 1058 673 1087 maximo
687 1067 750 1095 rege
762 1059 830 1088 Jove
842 1061 951 1095 ordiar;
962 1062 1036 1092 illius

244 1101 354 1136 quidem
369 1106 448 1137 pater
459 1101 610 1136 Saturnus,
627 1103 720 1131 liberis
738 1104 808 1137 suis,
826 1110 854 1132 ut
872 1106 965 1133 soletis
989 1115 1035 1134 re-

243 1145 326 1181 ferre,
338 1148 486 1182 devoratis,
503 1153 534 1176 et
545 1149 722 1177 adamantina
737 1149 806 1178 falce
818 1150 951 1179 demessis
963 1154 1035 1187 patri

241 1193 318 1222 Caelo
331 1194 512 1230 genitalibus,
533 1194 643 1230 pietatis
658 1203 722 1230 erga
743 1200 871 1231 parentes
888 1202 916 1225 et
930 1200 1034 1227 amoris

242 1239 270 1266 in
284 1238 385 1267 liberos
396 1239 432 1267 iis
445 1240 493 1275 qui
503 1240 615 1268 deorum
629 1241 757 1276 mysteria
767 1242 930 1270 aemulantur
940 1249 1034 1272 osten-

241 1285 282 1313 dit
292 1286 458 1321 exemplum.
473 1285 532 1322 Ipse
548 1294 612 1314 vero
634 1287 740 1322 Jupiter
755 1293 860 1324 patrem
876 1297 956 1319 suum
974 1293 1034 1320 vin-

240 1336 315 1359 ctum
331 1331 360 1359 in
373 1331 490 1360 Tartaro
504 1333 649 1367 conclusit,
664 1338 691 1361 et
703 1334 772 1363 alios
793 1335 860 1364 deos
876 1337 963 1371 punit.
978 1338 1032 1366 Pro

241 1377 275 1405 iis
291 1382 396 1411 autem,
413 1378 461 1413 qui
474 1378 619 1406 nefandam
636 1384 745 1415 patrare
763 1381 861 1408 volunt
875 1381 1030 1411 obscenita-

241 1427 307 1456 tem,
322 1422 404 1451 Metin
426 1432 488 1451 cum
509 1424 651 1460 genuisset
669 1425 828 1460 absorpsit:
852 1434 936 1462 porro
952 1428 1030 1457 Mutis

238 1475 297 1497 erat
311 1477 403 1497 semen
419 1479 426 1497 :
442 1469 572 1498 infantem
589 1471 662 1498 enim
687 1471 830 1499 absorberi
847 1472 1027 1508 impossibile.

237 1515 268 1542 ln
287 1515 474 1543 defensionem
497 1524 563 1544 vero
584 1524 680 1545 eorum
700 1517 747 1553 qui
767 1525 915 1553 puerorum
939 1520 1029 1548 indul-

1099 244 1154 280 γὰρ
1169 248 1317 285 προσδοκίᾳ
1332 249 1379 276 τοῦ
1407 249 1585 286 κριθήσεσθαι
1611 252 1663 278 ὑπὸ
1685 253 1732 280 τοῦ
1753 257 1889 283 mmm-

1098 300 1166 338 ἰι-του
1183 292 1251 320 Θεοῦ
1264 295 1332 331 πρὸς
1341 295 1371 322 τὸ
1385 297 1534 332 σωφρονεῖν
1550 297 1649 333 μᾶλλον
1659 299 1709 334 τὴν
1718 300 1806 337 ὁρμὴν
1817 301 1888 338 λαμ-

1098 337 1185 366 ϐἀνει.
1200 341 1232 368 Ei
1247 341 1275 368 δὲ
1296 343 1342 369 και
1360 343 1463 380 ἀληθὴς
1478 345 1520 381 ειη
1537 344 1552 371 ὁ
1572 345 1663 380 λόγος,
1678 347 1815 383 ἀπήλλαξε
1837 337 1889 384 μέν

1096 385 1143 412 τὸν
1149 387 1295 422 σωφρόνως
1309 388 1460 423 βεϐιωκότα
1472 391 1521 427 τῆς
1528 392 1638 419 αἰωνίου
1647 394 1795 427 κολάσεως,
1809 404 1882 431 προσ

1097 433 1261 470 ευεργέτηκε
1289 435 1323 451 ¹⁶⁰
1339 435 1367 462 δὲ
1383 437 1440 468 τοῖς
1461 438 1514 464 ὑπὸ
1529 438 1577 465 τοῦ
1591 439 1659 466 Θεοῦ
1683 440 1778 473 ἀϊδίοις
1794 450 1823 468 τε
1840 443 1890 469 καὶ

1095 477 1263 515 ἀπορρήτοις
1273 482 1444 517 γιγνομένοις
1457 484 1578 518 ἀγαθοῖς.

1129 523 1188 552 XV.
1204 526 1278 562 Πλὴν
1295 528 1423 564 ἐπάνειμι
1434 530 1480 557 ἐπὶ
1492 530 1542 567 τὴν
1556 531 1712 568 πρωτίστην
1723 533 1777 559 τῶν
1793 534 1891 570 Ἐλλή-

1095 578 1148 597 νων
1164 572 1252 606 δόξαν,
1269 575 1320 610 τὴν
1337 575 1452 608 πολλοὺς
1466 578 1513 605 καὶ
1529 579 1711 611 παντοπαθεῖς
1724 580 1803 612 θεοὺς
1815 578 1892 608 εἶναι

1096 617 1296 654 μυθολογοῦσαν
1307 622 1326 648 ¹.
1343 622 1398 650 Καὶ
1409 623 1451 650 ἵνα
1468 625 1505 660 μὴ
1520 625 1560 656 εἰς
1567 625 1602 652 τὰ
1613 625 1704 661 σαφῆί
1720 627 1803 654 πολὺν
1818 628 1890 654 ἀνα-

1093 663 1178 692 λίσκω
1194 667 1299 702 χρόνον,
1317 669 1432 696 ἑκάστου
1449 670 1504 697 τῶν
1517 671 1670 707 λεγομένων
1685 672 1752 700 θεῶν
1764 674 1812 705 τὰς
1821 674 1891 700 ἀσε-

1092 710 1151 743 ϐεῖς
1167 712 1281 749 πράξεις
1297 716 1500 752 εἰσηγούμενος,
1518 718 1621 750 πάντας
1649 719 1698 754 μὲν
1713 720 1764 746 οὐκ
1790 720 1823 746 ἂν
1846 721 1889 747 εῖ-

1093 765 1171 793 ποιμι
1186 759 1275 787 αὐτῶν
1291 761 1356 793 τοὺς
1376 762 1490 798 ἔρωτας,
1507 764 1553 791 τοῦ
1570 765 1629 796 Διός
1644 773 1674 792 τε
1690 766 1736 792 καὶ
1748 765 1889 792 Ποσειδῶ-

1091 812 1146 836 νος,
1164 805 1322 839 Πλούτωνος
1336 816 1365 834 τε
1391 810 1438 835 καὶ
1460 809 1634 842 Ἀπόλλωνος,
1652 811 1778 838 Διονύσου
1791 820 1822 837 τε
1835 812 1889 838 καὶ

1054 866 1077 897 Β
1093 850 1174 886 128
1193 852 1377 888 Ἡρακλέους³
1392 855 1439 881 καὶ
1459 855 1514 882 τῶν
1531 856 1590 883 καθ’
1616 856 1663 883 ἕνα
1677 857 1800 889 ἕκαστον,
1820 855 1861 884 ὧν
1876 859 1888 874 δ

1091 896 1152 923 οὐδὲ
1163 898 1239 926 αὐτοὶ
1252 900 1385 934 ἀγνοεῖτε,
1396 901 1428 928 ὲκ
1440 903 1564 934 παιδείας
1581 903 1738 939 Ἑλληνικῆς
1753 904 1887 940 ὁρμώμε-

1091 952 1140 976 νοι,
1158 943 1205 976 οὓς
1221 946 1397 983 ἐπαιδεύθη-τε
1408 947 1492 983 βίους,
1504 949 1546 976 ίνα
1560 950 1599 981 ὠς
1615 949 1735 985 ζηλωταὶ
1749 950 1803 976 τῶν
1811 949 1886 977 θεῶν

1089 991 1124 1018 τὰ
1139 992 1220 1028 ὃμοια
1235 993 1384 1030 πράττητε.

1124 1049 1195 1078 XVI.
1219 1051 1278 1078 Ἀπ’
1288 1052 1371 1079 αὐτοῦ
1387 1053 1415 1080 δὲ
1425 1053 1473 1080 τοῦ
1491 1054 1704 1089 βασιλικωτάτου
1720 1055 1779 1086 Διὸς
1795 1055 1882 1089 ἀρξο-

1090 1105 1147 1132 μαι,
1165 1095 1195 1124 οὗ
1207 1098 1222 1124 ὁ
1237 1098 1287 1133 μὲν
1301 1099 1391 1135 πατὴρ
1406 1099 1509 1135 Κρόνος
1518 1099 1553 1126 τὰ
1564 1100 1616 1127 ἴδια
1625 1100 1717 1131 τέκνα,
1726 1101 1764 1132 ὡς
1771 1100 1881 1135 λέγετε,

1088 1143 1240 1176 καταπιὼν,
1257 1146 1289 1181 τῇ
1299 1145 1310 1160 ³
1321 1145 1350 1179 ἐξ
1365 1145 1519 1181 ἀδάμαντος
1529 1146 1603 1182 ἅρπῃ
1616 1146 1663 1173 τοῦ
1674 1146 1777 1182 πατρὸς
1794 1147 1883 1182 Οὐρα-

1086 1189 1133 1216 νοῦ
1150 1190 1184 1217 τὰ
1200 1191 1281 1227 μόρια
1292 1191 1411 1228 θερίσας,
1428 1192 1478 1228 τῆς
1494 1192 1562 1228 πρὸς
1576 1194 1665 1227 γονεῖς
1679 1192 1820 1224 εὐσεϐείας
1830 1192 1880 1219 καὶ

1085 1238 1135 1274 τῆς
1160 1236 1228 1273 πρὸς
1243 1237 1345 1264 τέκναθ
1361 1238 1452 1272 φιλίας
1467 1239 1525 1270 τοῖς
1541 1238 1575 1265 τὰ
1599 1238 1718 1274 μυστικὰ
1736 1238 1790 1264 τῶν
1807 1238 1882 1266 θεῶν

1085 1284 1196 1320 ζηλοῦσι
1214 1285 1259 1312 τὸν
1279 1285 1460 1321 ὑπογραμμὸν
1484 1285 1495 1301 τ
1515 1285 1624 1318 ἔδειξεν.
1642 1285 1765 1316 Αὑτδςδὲ
1781 1285 1796 1310 ὁ
1809 1285 1882 1317 Ζεὺς

1083 1330 1130 1357 τὸν
1148 1330 1232 1357 αὑτοῦ
1245 1330 1350 1367 πατέρα
1359 1331 1443 1367 δήσας
1456 1331 1598 1368 καθεῖρξεν
1608 1331 1648 1362 είς
1659 1331 1810 1366 Τάρταρον,
1828 1332 1881 1358 καὶ

1082 1377 1146 1408 τοὺς
1161 1377 1257 1409 ἄλλους
1271 1377 1379 1410 κολάζει
1395 1377 1481 1409 θεούς.
1499 1378 1561 1409 Τοῖς
1571 1378 1599 1404 δὲ
1616 1378 1814 1413 ἀρῤητουργεῖν
1830 1377 1880 1404 θέ-

1082 1421 1158 1450 λουσι
1173 1424 1222 1459 τὴν
1239 1423 1328 1459 Μῆτιν
1339 1424 1473 1460 γεννήσας
1494 1423 1632 1450 κατέπιεν·
1655 1421 1688 1459 ἧν
1705 1423 1733 1449 δὲ
1750 1424 1766 1458 ἡ
1783 1423 1878 1458 Μῆτις

1081 1470 1158 1506 γονή·
1189 1470 1290 1505 βρέφος
1312 1470 1366 1506 γὰρ
1386 1472 1530 1497 καταπιεῖν
1559 1470 1697 1496 ἀδύνατον.
1731 1469 1816 1505 ’Υπὲρ
1845 1469 1877 1496 δὲ

1081 1515 1229 1551 ἀπολογίας
1248 1516 1438 1552 παιδεραστιῖη
1454 1516 1636 1552 Γανυμήδην⁸
1657 1514 1784 1551 ἀρπάξει·
1812 1524 1876 1551 μοι-

237 1566 302 1596 gent
314 1561 466 1595 amoribus,
480 1563 550 1597 rapit
563 1562 765 1598 Ganymedem;
780 1564 913 1593 adulteris
933 1571 1025 1594 autem

1086 1563 1137 1596 (οἷς
1150 1561 1178 1588 δὲ
1191 1562 1262 1598 ὑπὲρ
1277 1562 1399 1597 μοιχείας
1410 1562 1514 1598 βοηθῶν
1533 1562 1613 1594 αὐτὸς
1631 1561 1761 1593 πολλάκις
1778 1562 1877 1597 μοιχὸς

237 1607 265 1634 in
281 1606 416 1634 adulterio
431 1615 511 1642 opem
528 1608 629 1642 ferens,
649 1608 707 1644 ipse
725 1616 797 1644 saepe
814 1611 940 1639 mmchus
956 1612 1027 1639 inve-

236 1651 319 1680 nitur.
336 1652 377 1679 Ad
393 1660 503 1681 sorores
521 1655 603 1681 etiam
620 1654 758 1682 ducendas
780 1655 892 1688 invitat,
909 1665 1025 1693 congre-

235 1697 319 1726 diens
330 1706 393 1726 cum
408 1699 548 1727 sororibus
558 1721 565 1732 ,
586 1699 599 1726 .1
605 1708 703 1732 unone,
718 1700 832 1734 Cerere,
854 1701 959 1730 Venere
973 1712 1026 1731 coa-

235 1744 309 1776 lesti.
324 1752 406 1779 quam
421 1746 545 1773 nonnulli
560 1745 699 1773 Dodonam
719 1752 839 1780 vocant;
853 1748 888 1775 iis
900 1757 964 1776 vero
976 1750 1023 1785 qui

234 1797 296 1817 cum
315 1790 425 1818 ﬁliabus
443 1791 617 1819 commisceri
633 1792 761 1827 cupiunt,
777 1801 839 1820 cum
858 1792 1021 1830 Proserpina

233 1843 400 1871 congressus
411 1837 566 1873 exemplum
575 1838 731 1874 improbum
738 1847 771 1867 ex
783 1839 885 1868 fabulis
894 1841 1020 1869 ellicitur.

232 1882 292 1910 Alia
314 1891 425 1918 quoque
439 1883 584 1912 innumera
608 1885 691 1920 impie
712 1885 814 1920 gessit,
828 1890 859 1913 ut
870 1887 906 1914 ab
929 1887 1022 1923 impiis

232 1927 393 1956 hominibus
414 1932 525 1964 propter
543 1934 751 1964 exsuperantem
780 1930 1019 1966 intemperantiam

232 1973 387 2001 fabulosum
410 1974 507 2009 dogma
533 1975 566 2002 de
588 1975 662 2003 illius
687 1975 832 2004 divinitate
855 1985 1018 2012 persuasum

231 2018 349 2092 Ῑυξῧξίι.
365 2063 495 2092 Homines
508 2064 618 2100 quidem
633 2065 757 2093 indoctos
771 2073 880 2101 aequum
895 2067 1020 2094 videatur

230 2111 303 2139 circa
318 2111 367 2139 has
382 2111 525 2146 opiniones
540 2111 613 2139 haud
625 2111 742 2139 multum
757 2112 904 2147 indignari.
922 2113 958 2140 lis
970 2121 1020 2140 au-

231 2162 298 2190 tem,
321 2157 369 2192 qui
386 2157 414 2184 in
428 2157 526 2184 litteris
541 2157 659 2185 instituti
684 2157 806 2191 fuerunt,
823 2158 952 2193 quidnam
976 2160 1019 2187 di-

1078 1607 1243 1643 εὑρίσκεται·
1269 1608 1497 1644 ἀδελφοφθορεῖν⁹
1518 1608 1547 1634 δὲ
1574 1608 1721 1644 προτρέπει
1741 1607 1876 1643 ἀδελφαῖς

1079 1653 1222 1685 συνελθὼν,
1239 1654 1312 1689 ’Ἥρᾳ
1327 1654 1375 1680 κα)¹
1391 1655 1515 1690 Δήμητρι
1529 1655 1575 1681 καὶ
1590 1656 1623 1690 τῇ
1640 1654 1754 1690 οὐρανίᾳ
1770 1655 1873 1690 Ἀφρο-

1075 1699 1145 1736 δίτῃ,
1159 1700 1192 1736 ἥν
1206 1709 1279 1732 τινες
1294 1701 1423 1736 Δωδώνην
1434 1701 1456 1717 ¹⁰
1473 1701 1590 1735 λέγουσι·
1603 1702 1659 1732 τοῖς
1675 1701 1702 1727 δὲ
1717 1701 1872 1737 θυγατράσι

1077 1746 1222 1782 μίγνυσθαι
1237 1747 1407 1782 βουλομένοις
1419 1748 1575 1783 Περσεφόνῃ
1587 1747 1772 1783 συνεληλυθὼς
1782 1748 1873 1783 παρά-

1075 1793 1174 1829 δειγμα
1190 1793 1307 1829 πονηρὸν
1324 1795 1355 1820 ὲκ
1377 1794 1457 1830 129
1471 1793 1525 1820 τῶν
1547 1793 1638 1829 μύθων
1651 1793 1764 1828 γίνεται.
1782 1794 1872 1821 ’Λλλα

1075 1839 1132 1865 τε¹¹
1148 1839 1232 1875 μυρία
1247 1839 1393 1875 ἠσέϐηκεν,
1412 1841 1455 1867 ἵνα
1470 1839 1522 1866 ὑπὸ
1532 1839 1587 1866 τῶν
1600 1839 1737 1866 δυσσεϐὦν
1755 1839 1801 1866 διὰ
1817 1840 1872 1876 τὴν

1076 1886 1297 1922 ὑπερϐάλλουσαν
1309 1886 1443 1922 ἀκρασίαν
1458 1886 1546 1918 θεὸς¹¹
1559 1883 1628 1913 εἶναι
1644 1887 1658 1912 ὁ
1671 1885 1755 1922 μῦθος
1764 1886 1872 1922 δογμα-

1073 1932 1162 1968 τισθῇ.

1105 2059 1188 2087 XVII.
1209 2060 1337 2094 ’ἰδιώταις
1357 2062 1429 2098 ἔχοις
1447 2063 1511 2100 περὶ
1532 2063 1587 2091 τῶν
1606 2065 1734 2093 τοιούτων
1755 2067 1864 2104 ὑπολή-

1069 2105 1141 2140 ψεων
1159 2107 1319 2141 ἀγανακτεῖν
1337 2109 1456 2144 μετρίως
1474 2109 1595 2144 εὔλογον.
1614 2111 1676 2143 Τοῖς
1691 2111 1720 2138 δὲ
1743 2113 1775 2139 ἐκ
1790 2121 1862 2141 παι-

1067 2151 1141 2184 δείας
1166 2154 1336 2189 ὁρμωμένοις
1359 2155 1385 2181 τί
1407 2155 1448 2181 δεῖ
1473 2156 1521 2182 καὶ
1542 2156 1646 2191 λέγειν;
1673 2153 1710 2184 ὧν
1737 2166 1812 2191 τινες
1838 2160 1863 2176 ¹³

229 2209 292 2230 cere
305 2203 430 2238 oportet?
444 2202 491 2237 qui
505 2203 675 2238 grammatici
699 2207 727 2231 et
744 2204 874 2239 sophista:
897 2212 959 2232 esse
973 2213 1021 2240 κθ·
1035 2198 1041 2226 Ῑ

1086 2200 1254 2236 ραμματικοὶ
1269 2201 1315 2229 καὶ
1330 2203 1454 2237 σοφισταὶ
1470 2202 1606 2236 ἀξιοῦντες
1621 2201 1688 2231 εἶναι
1703 2205 1753 2237 τὰς
1768 2207 1863 2233 τοιαύ-

230 2249 344 2277 stientes
356 2248 406 2276 has
416 2248 540 2276 actiones
552 2249 605 2276 diis
616 2249 713 2284 dignas
721 2256 782 2277 esse
795 2249 940 2277 aﬂlrmant.
949 2250 1018 2277 Cum

227 2295 301 2323 enim
310 2295 361 2330 ipsi
374 2294 577 2323 incontinentes
588 2294 653 2327 sint,
666 2293 820 2323 fabularum
832 2300 944 2331 accepto
951 2304 1019 2331 pra:-

229 2346 314 2375 textu,
329 2340 407 2377 quasi
422 2339 566 2368 numinum
581 2340 745 2374 imitatores,
763 2341 848 2370 libere
858 2346 1017 2377 perpetrant

228 2387 329 2423 turpia.

1066 2253 1115 2276 τας
1132 2246 1245 2280 πράξεις
1260 2246 1328 2274 θεῶν
1339 2248 1417 2281 ἀξίας
1432 2246 1501 2275 εἶναι
1514 2249 1677 2284 βεδαιοῦσιν.
1690 2251 1771 2278 Αὐτοὶ
1789 2252 1860 2288 γὰρ.

1065 2290 1194 2326 ἀκρατεῖς
1207 2292 1294 2326 ὅντες,
1311 2293 1412 2330 ταύτης
1428 2295 1478 2330 τῆς
1495 2295 1613 2331 μυθικῆς
1627 2297 1792 2332 προφάσεως
1808 2299 1859 2325 λα-

1066 2336 1185 2373 ϐόμενοι,
1199 2338 1237 2370 ὡς
1252 2339 1281 2366 δὲ
1296 2341 1412 2376 μιμηταὶ
1427 2341 1481 2367 τῶν
1499 2342 1659 2378 κρειττόνων
1674 2343 1783 2379 ἄσεμνα
1798 2345 1861 2371 δια-

1063 2384 1243 2420 πραττόμενοι
1257 2387 1499 2422 τβαρῤησιάξονται.

863 2499 980 2526 νΑιιιλΕ
995 2497 1197 2527 LECTIONES.

265 2571 299 2587 ‘°°
318 2567 604 2608 “PPGW’IPYé‘JVEQ:
643 2569 653 2584 ¹
672 2568 988 2608 ν¹>διῖὴν.πολᾎοῖιςκαῖ
1003 2566 1327 2608 -μνθ9λογ9ὖσανξιςε-
1361 2566 1392 2608 in.
1409 2564 1443 2608 .9-
1471 2565 1590 2608 i‘l'io'a:
1620 2563 1660 2608 ξι
1686 2564 1861 2608 εέῗάίδίξβε

227 2603 422 2643 πανταπαθεῖς,
432 2603 523 2643 ἰιιιοιῖ
539 2604 650 2643 quidem
666 2611 720 2631 non
733 2603 785 2643 nisi
799 2604 832 2631 de
846 2603 1035 2643 (Σιφνίου-τοοκ
1050 2603 1220 2643 intelligitur.
1250 2603 1396 2643 "acuat?
1407 2603 1449 2643 υ..
1477 2603 1487 2615 ³
1504 2603 1542 2627 Ita
1554 2635 1564 2643 η

1041 2635 1180 2665 nominum
1199 2641 1313 2668 mutata,
1325 2635 1499 2662 scribendum
1514 2645 1520 2662 :
1538 2635 1584 2667 οὒς
1597 2636 1645 2669 (sc.

1055 2677 1065 2692 ⁵
1076 2673 1134 2707 ἅμα
1145 2673 1186 2710 τῇᾉ
1200 2672 1262 2710 cod.
1279 2670 1344 2710 lies.
1359 2670 1421 2697 804.
1446 2671 1471 2710 _‘
1484 2670 1552 2710 προς
1564 2670 1597 2696 τὰ
1608 2679 1630 2710 τε

646 2729 654 2735 .
692 2713 703 2728 ⁸
717 2704 893 2744 Γαννυμῆδην
904 2707 935 2735 Ο.
972 2711 987 2744 ξ
1000 2704 1201 2744 ἀδελφοκτονεῖν
1215 2706 1235 2733 C
1251 2726 1258 2738 ,
1276 2704 1470 2744 ἀδελφογαμείν
1480 2704 1559 2744 Epit.
1571 2713 1597 2744 c._
1609 2706 1660 2744 §l_.
1693 2704 1858 2744 ἀδελφοκοι-

231 2641 378 2677 Ἡρακλέος
388 2639 411 2668 0
426 2661 433 2673 ,
450 2639 624 2677 guisnbinde
640 2639 826 2677 genaeque:

225 2671 302 2703 αὐτοὶ
312 2671 386 2711 ἀγνξ,
399 2671 473 2703 παιᾶ
487 2675 542 2701 ὲλλ.
556 2676 632 2736 ὸρὲη
645 2671 682 2701 ὧν
698 2674 874 2716 ὲπαιδεύθητε
888 2673 970 2708 βίους.

226 2710 414 2736 cremauva
425 2711 487 2736 cod.
506 2710 571 2736 Rea.
609 2710 654 2736 04.
692 2713 703 2728 ⁸
717 2709 890 2736 Γαννυιιήοτιν
904 2707 935 2735 Ο.

226 2710 414 2752 ὗφγραμῲν
425 2711 487 2738 cod.
506 2710 580 2752 Reg._
591 2710 643 2736 804

879 2642 891 2658 ⁸
906 2637 976 2665 Sede
986 2645 1038 2699 Bro

888 2673 970 2699 Βίους.
1009 2692 1017 2699 .

1260 2602 1270 2616 ¹
1288 2600 1396 2635 ἀσφαλῆ
1407 2601 1438 2627 (ὲ.
1477 2600 1487 2615 ³
1504 2600 1542 2627 lla
1569 2600 1588 2627 S
1603 2621 1610 2632 ,
1630 2599 1789 2660 ’Πρακλέως
1810 2600 1832 2626 C
1851 2620 1859 2631 ,

1260 2641 1313 2660 ata.
1325 2635 1498 2660 scribendum
1514 2645 1520 2660 :
1538 2635 1584 2660 οὒς
1597 2636 1645 2660 (sc.
1677 2635 1777 2660 οωτας)
1792 2635 1859 2660 οὐδὲ

1461 2643 1499 2662 Im
1514 2645 1520 2662 :
1538 2635 1584 2667 οὒς
1597 2636 1645 2669 (sc.
1661 2635 1777 2669 ἔρωτας)
1792 2635 1859 2661 οὐδὲ

1461 2671 1471 2685 ⁶
1484 2670 1552 2704 πρὸς
1564 2670 1597 2696 τά
1608 2670 1690 2696 τέκνα
1701 2670 1732 2696 C.
1772 2671 1782 2686 "
1799 2670 1859 2696 τῶν

226 2739 366 2785 τεῖίὸοῆῇῖ
384 2746 403 2773 S
425 2754 459 2773 ex
475 2739 599 2785 analogia
613 2739 903 2785 νοοὶε-ἀρρενοκοίξεῗν,
914 2778 920 2785 _
944 2743 965 2758 ¹⁰
977 2742 1040 2783 Leg.
1052 2739 1164 2785 Διώνην.
1176 2739 1468 2785 lla-.crvorthaudiraro
1475 2739 1514 2785 αἱ
1824 2748 1856 2785 ξιζ

225 2780 301 2816 260),
316 2774 360 2808 illa
373 2774 658 2819 nupquamHVe'nei-em
676 2774 966 2819 sigirilicat._[lamdcm
979 2774 1162 2819 conjecturam
1181 2776 1369 2819 proposuisse
1381 2774 1688 2819 video‘Valc‘kenal-I'Imr
1707 2774 1813 2819 (λέαιν’Ἀ
1825 2775 1859 2801 in

225 2810 321 2850 Eur'ip.
336 2824 362 2850 p.
374 2816 424 2842 163
434 2810 499 2843 édit.
508 2815 582 2849 Lips.
599 2814 671 2841 lnl‘ra
688 2810 763 2841 lium.
783 2822 808 2845 ν,
823 2814 856 2840 13
870 2814 964 2853 eodem
982 2810 1078 2839 iterum
1108 2810 1206 2854 me’ndo
1218 2811 1315 2845 legitur
1330 2810 1448 2845 Κύπρις,
1463 2811 1495 2872 ην
1510 2811 1557 2837 καὶ
1570 2810 1699 2859 Δωδιῖζνην
1712 2810 1856 2860 λέγουριν,

226 2851 270 2872 uhi
283 2851 343 2872 vitio
362 2859 423 2872 ("HD
444 2851 581 2872 mlnnlnvil.
593 2850 634 2872 Ci.
655 2849 742 2872 Etiam
762 2849 879 2872 It'm'lnme
892 2857 917 2872 (ξ.
933 2849 976 2872 ἲὶί.
990 2848 1070 2872 habet
1084 2847 1213 2872 Διινδωνιον
1225 2846 1255 2872 S.
1293 2845 1313 2862 ¹¹
1323 2845 1354 2872 γέ
1367 2845 1398 2872 C.
1438 2845 1458 2861 ¹¹
1496 2850 1601 2872 ortasse
1615 2845 1695 2872 θειο..
1711 2844 1741 2872 S.
1811 2843 1855 2872 lla

226 2845 344 2888 ubijidé
362 2859 423 2888 quat
441 2845 581 2888 adnotavit
654 2849 744 2888 Etiam
761 2849 879 2888 Epitome
892 2857 920 2888 (εἱ
933 2848 977 2888 511,
990 2848 1070 2874 habet
1084 2846 1213 2883 Διινδώνην
1225 2846 1255 2874 S.
1293 2845 1354 2881 ¹¹γέ
1367 2845 1398 2873 C.
1438 2845 1458 2861 “

1484 2845 1494 2852 η

1496 2850 1601 2873 ortasse
1615 2843 1695 2876 θεῖος.
1711 2843 1754 2872 δέ
1782 2843 1855 2872 "lla

225 2885 257 2919 ὃ,
272 2885 294 2913 Ο
318 2894 343 2914 c.
363 2881 423 2914 c'od.
441 2885 505 2920 Reg.
523 2885 588 2917 θοι,
604 2881 626 2918 ᾦ
639 2893 708 2915 τινες
725 2884 745 2910 (ἰ
761 2904 768 2917 ,
783 2881 836 2918 'qui
860 2883 931 2918 conj.
945 2883 972 2909 οἵ
982 2891 1061 2913 τινες.
