1942 3100
283 150 329 179 171

703 150 732 178 S.
752 148 945 178 CLEMENTIS
964 149 974 176 I
991 148 1073 177 ROM.
1095 147 1195 177 PONT.
1210 146 1325 177 OPERA
1339 147 1451 177 ῡυΒιΑ.

1849 147 1906 176 172

279 210 443 244 adulterare,
465 208 596 245 zelotypia
618 216 674 236 non
695 207 817 242 elI'ertnr,
832 216 887 236 non
910 208 1058 241 irascitur,

1112 206 1208 234 ἑαυτοῦ
1228 207 1344 241 γυναῖκα
1367 204 1574 242 μοιχευομένην,
1595 205 1627 234 οὗ
1643 204 1729 242 ζηλοῖ,
1747 205 1779 232 οὔ
1798 204 1904 240 θυμοῦ-

279 265 333 285 non
353 258 546 290 tumultuatur,
566 263 621 283 non
643 255 714 283 bella
739 255 809 284 ciet?
825 254 919 290 Itaque
937 255 989 283 ista
1004 262 1059 283 non

277 307 343 332 sunt
361 308 458 331 natura
478 303 561 335 mala,
578 310 671 330 verum
693 302 787 338 iniqua
803 302 945 329 hominum
967 301 1060 337 opinio

277 349 370 384 gravia
384 357 416 379 ea
431 348 506 378 facit.
522 347 579 384 Ego
593 352 685 376 autem
700 348 755 382 aio,
774 348 856 384 quod,
872 348 997 383 quamvis
1014 347 1060 375 illa

276 402 332 422 non
359 395 483 422 accidant
518 394 701 427 incommoda,
724 403 757 423 ex
779 394 977 423 consuetudine
997 401 1059 422 cum

277 440 412 468 adulterio
426 440 467 474 fit,
484 444 515 468 ut
528 441 570 468 vel
587 441 703 469 maritus
727 441 880 473 deseratur,
896 440 938 468 vel
951 444 978 467 et
990 447 1061 467 uxor

276 485 388 514 insidias
403 490 501 520 struat,
519 486 560 514 vel
584 486 680 514 labore
695 486 746 514 viri
769 492 848 521 parta
871 486 979 514 mcecho
991 493 1060 522 prai-

275 531 354 566 beat;
374 536 458 568 utque
472 539 585 568 peregre
598 532 720 568 profecto
734 533 859 569 conjuge,
884 541 946 561 cum
963 533 1008 560 illa
1025 541 1060 560 ex

275 579 398 606 adultero
414 579 580 614 conceperit,
596 584 669 608 metu
685 579 909 615 reprehensionis
927 579 997 608 uteri
1019 579 1059 607 fe-

275 631 332 654 tum
348 627 450 655 nitatur
460 627 623 661 labefacere,
638 627 740 662 ﬁatque
749 626 917 660 infanticida,
930 626 982 660 vel,
994 626 1058 654 dum

275 672 376 707 perdit,
389 672 446 708 ipsa
460 674 541 702 simul
553 677 656 709 pereat.
671 672 748 707 Quod
763 673 798 706 si,
815 681 876 700 cum
888 680 919 700 ea
932 679 1059 700 manente

274 719 345 753 viro,
361 727 394 747 ex
406 720 515 747 moecho
527 719 683 755 concipiens
697 719 778 754 parit,
790 719 921 747 educatus
931 727 997 755 puer
1010 727 1059 754 pa-

275 770 343 793 trem
352 766 448 799 nescit,
459 774 521 794 eum
532 774 596 794 vero
604 766 651 802 qui
665 775 720 795 non
729 771 780 799 est,
792 775 852 795 esse
860 771 937 802 putat
947 776 954 801 ;
964 767 1058 803 sicque

273 812 415 847 moriens,
442 814 489 849 qui
519 818 596 848 pater
617 821 672 841 non
702 818 762 847 est,
784 814 874 841 alieno
901 814 957 841 lilio
986 815 1058 842 bona

274 855 512 895 sua-derelinquit.
528 859 633 893 Quanta
641 863 731 887 autem
744 864 772 887 et
783 859 837 887 alia
849 859 919 887 mala
934 867 967 887 ex
979 860 1056 887 adul-

272 907 334 935 terii
351 912 449 935 natura
464 905 531 935 or'rri
543 905 807 935 solenti’Nescimus
818 910 908 933 tamen
920 906 1054 933 malorum

272 954 388 982 occulta.
405 954 641 988 Quemadmodum
657 954 730 982 enim
747 954 874 981 rabiosus
887 953 975 986 canis,
986 958 1056 989 quos

271 1003 367 1039 tangit,
384 1002 526 1037 interimit,
543 1003 758 1031 occultissimam
782 1002 885 1030 rabiem
902 1002 1057 1029 communi-

271 1060 348 1086 cans,
375 1052 413 1080 ita
438 1056 466 1080 et
491 1051 618 1080 adulterii
643 1051 837 1080 absconditum
865 1051 981 1086 malum,
1005 1051 1056 1079 etsi

271 1099 421 1134 ignoretur,
436 1098 605 1134 posteritatis
617 1104 745 1134 procurat
755 1099 949 1127 exscisioncm.

304 1187 387 1215 XXII.
409 1187 511 1216 Verum
533 1188 584 1217 hoc
595 1195 669 1216 nunc
688 1188 886 1224 relinquamus.
900 1187 969 1217 Illud
983 1195 1057 1217 certe

271 1234 374 1262 scimus
395 1241 490 1262 omnes
501 1253 508 1266 ,
529 1234 691 1269 plerumque
712 1241 773 1262 eam
787 1234 823 1261 ob
838 1241 949 1262 causam
965 1234 1056 1261 homi-

271 1288 320 1309 nes
342 1281 473 1311 etl'renate
488 1281 582 1315 irasci,
603 1286 745 1316 propterea
762 1282 831 1309 bella
847 1286 954 1315 exorta,
970 1281 1056 1310 factas

271 1327 417 1355 domorum
443 1328 610 1361 eversiones,
637 1335 670 1356 ac
690 1328 798 1356 urbium
822 1327 1054 1364 expugnationes,

271 1374 379 1409 aliaque.
400 1374 554 1401 innumera.
571 1373 662 1408 Quare
676 1382 726 1410 ego
746 1375 779 1402 ad
801 1381 926 1402 sanctum
948 1373 1056 1402 Judreo-

271 1428 332 1448 rum
355 1420 439 1448 Deum
463 1425 640 1455 sanctamque
652 1421 810 1449 earumdem
826 1421 913 1457 legem
929 1420 1054 1456 confugi;

271 1474 334 1494 cum
341 1466 421 1494 ﬁdem
428 1471 504 1495 certo
511 1467 615 1502 judicio
623 1467 791 1500 habuissem,
799 1469 872 1503 quod
884 1476 917 1497 ex
927 1468 1056 1504 Deijusto

268 1512 373 1548 judicio
386 1517 414 1541 et
427 1514 470 1540 lex
484 1513 538 1541 lixa
559 1514 595 1541 sit
611 1521 643 1541 ac
657 1513 814 1546 deﬁnita,et
836 1515 927 1543 anima
942 1515 1055 1543 omnino

1109 262 1166 286 ται,
1179 253 1210 280 οὗ
1225 252 1348 289 θορυϐεῖ,
1369 253 1400 279 οὐ
1416 252 1543 288 πολεμεῖ;
1562 251 1656 284 Οὕτως
1667 251 1717 278 οὐκ
1728 251 1787 278 ἔστι
1798 252 1831 287 τῇ
1850 250 1903 285 φύ-

1111 309 1152 327 σει
1172 299 1208 327 τὰ
1220 299 1331 327 τοιαῦτα
1347 299 1430 331 κακὰ,
1453 299 1521 327 ἀλλὰ
1543 300 1560 335 ἡ
1576 299 1672 334 ἄλογος
1687 298 1840 334 ἀνθρώπων
1858 298 1903 324 δό-

1109 354 1190 382 κησις
1202 345 1288 373 ταῦτα
1303 346 1455 372 δεινοποιεϊ.
1479 345 1550 380 Ἐγὼ
1564 345 1592 372 δέ
1614 354 1695 381 φημι,
1714 344 1766 377 ὅτι,
1790 343 1844 371 κᾶν
1864 343 1904 380 μὴ

1108 391 1144 419 τὰ
1167 391 1242 419 δεινὰ
1263 392 1351 419 ταῦτα
1376 391 1529 429 συμϐαίνῃ,
1551 391 1689 427 ἐνδέχεται
1714 390 1847 426 συνηθείᾳ.
1868 391 1906 425 τῇ

1110 438 1179 475 πρὸς
1193 438 1239 465 τὸν
1255 439 1348 474 μοιχὸν
1362 439 1379 475 ἢ
1394 439 1439 466 τὸν
1453 439 1539 475 ἄνδρα
1558 438 1711 471 ἀπολιπεῖν,
1729 437 1746 473 ἢ
1769 437 1817 464 καὶ
1836 444 1907 463 συν-

1109 486 1235 513 οικοῦσαν
1249 486 1450 519 ἐπιϐουλεῦσαι,
1463 486 1480 522 ἢ
1499 485 1534 512 τά
1545 485 1593 512 τοῦ
1607 484 1703 520 ἀνδρὸς
1714 484 1791 519 κόπῳ
1812 491 1907 510 πεπο-

1110 533 1225 569 ρισμένα
1236 533 1275 568 τῷ
1289 532 1376 568 μοιχῷ
1389 533 1540 568 παρασχεῖν
1549 541 1556 548 ·
1572 531 1620 558 καὶ
1635 530 1842 566 ἀποδημοῦντος
1854 528 1908 556 τοῦ

1109 579 1205 615 ἀνδρὸς
1219 579 1403 606 συλλαϐοῦσαν
1415 580 1449 606 ὲκ
1461 578 1509 606 τοῦ
1527 578 1633 614 μοιχοῦ,
1656 577 1702 604 διὰ
1715 577 1745 603 τὸ
1764 576 1910 603 αιδεῖσθαι

1108 627 1154 654 τδν
1166 626 1285 663 ἔλεγχον,
1301 626 1332 653 τὸ
1345 626 1415 653 κατὰ
1430 625 1550 661 γαστρὸς
1572 625 1681 660 φθεῖραι
1699 623 1812 659 θελῆσαι
1822 642 1829 654 ,
1855 623 1911 649 καὶ

1109 673 1235 708 γενέσθαι
1254 672 1437 704 τεκνοκτόνον,
1459 672 1475 708 ἢ
1495 672 1542 698 καὶ
1557 671 1718 707 φθείρουσαν
1734 669 1911 705 συμφθαρῆ-

1109 729 1162 747 ναι.
1171 721 1202 747 Εἰ
1213 720 1252 751 δὲ,
1262 719 1385 751 συνόντος
1399 718 1446 745 τοῦ
1452 718 1558 754 ἀνδρὸς,
1572 718 1605 745 ὲκ
1620 717 1714 754 μοιχοῦ
1728 715 1913 743 συλλαϐοῦσα

1108 767 1192 800 τέκοι,
1208 767 1373 803 ἀνατραφεὶς
1386 767 1401 793 6
1412 768 1477 797 παῖς
1490 765 1535 792 τὸν
1552 765 1601 801 μὲν
1615 765 1722 800 πατέρα
1736 764 1845 798 ἀγνοεῖ,
1856 763 1913 789 τὸν

1107 813 1136 840 δὲ
1149 814 1199 841 οὐκ
1211 814 1275 841 ὄντα
1289 813 1403 849 νομίζει,
1417 813 1464 840 καὶ
1476 812 1561 843 οὕτως
1574 812 1589 838 6
1607 811 1645 847 μὴ
1657 811 1748 846 πατὴρ
1763 809 1912 837 τελευτῶν

1108 861 1238 898 ἀλλοτρίῳ
1254 861 1329 888 παιδὶ
1339 860 1385 887 τὸν
1399 859 1497 886 ἑαυτοῦ
1517 857 1674 885 καταλείπει
1689 856 1756 892 βίον.
1772 856 1855 883 Πόσα
1877 856 1911 882 δὲ

1107 909 1154 935 καὶ
1167 907 1236 936 ἄλλα
1250 907 1324 934 κακὰ
1336 908 1369 934 ὲκ
1383 906 1433 942 τῆς
1456 905 1578 946 μοιχείας
1593 903 1714 939 φυσικῶς
1726 902 1911 930 ἀνακύπτειν

1107 955 1196 990 φιλετι
1212 955 1259 981 καὶ
1271 954 1321 981 οὐκ
1333 953 1411 988 ἴσμεν
1427 952 1462 980 τὰ
1478 952 1581 987 κρύφια
1593 951 1647 978 τῶν
1667 949 1770 976 κακῶν.
1788 949 1911 984 Ὠσπερ

1107 1002 1161 1038 γὰρ
1170 1003 1184 1029 6
1193 1000 1299 1028 λυσσῶν
1314 999 1387 1027 κύων
1396 999 1507 1030 τούτους
1519 999 1625 1033 ἀναιρεῖ
1637 993 1729 1032 ὧνπερ
1747 995 1781 1023 ἂν
1791 995 1909 1030 ψαύσῃ,

1106 1049 1156 1084 τῆς
1167 1047 1356 1084 ἀφανεστάτης
1370 1047 1472 1082 λύσσης
1485 1045 1651 1082 μεταδιδοὺς,
1667 1043 1739 1070 οὕτω
1753 1043 1777 1060 ’⁸
1784 1042 1836 1069 καὶ
1854 1042 1912 1078 τῆς

1108 1096 1232 1131 μοιχείας
1240 1095 1270 1122 τὺ
1285 1094 1399 1130 κρύφιον
1411 1094 1508 1125 κακὸν,
1526 1092 1576 1119 κᾶν
1588 1091 1729 1127 ἀγνοῆται,
1745 1089 1798 1125 τῆς
1808 1088 1911 1115 διαδο-

1107 1142 1157 1178 χῆς
1171 1142 1220 1178 τὴν
1245 1142 1364 1177 ἐκκοπὴν
1376 1140 1560 1177 ἐξεργάζεται.

1144 1187 1222 1223 132
1237 1186 1321 1215 XXII.
1343 1186 1423 1213 Ἀλλὰ
1435 1186 1514 1212 τοῦτο
1534 1184 1583 1221 μὲν
1594 1184 1641 1211 νῦν
1652 1184 1718 1220 ἡμῖν
1732 1181 1911 1218 παραλελει-

1107 1233 1175 1268 φθω.
1203 1234 1305 1260 Ἐκεῖνο
1328 1233 1358 1260 δὲ
1384 1232 1535 1264 ἆπαντες¹¹¹
1558 1231 1646 1266 ἴσμεν,
1665 1230 1703 1262 ὡς
1723 1230 1830 1256 ἐπίπαν
1857 1229 1913 1256 ἐπὶ

1105 1280 1193 1315 τούτῳ
1208 1281 1271 1312 τοὺς
1287 1279 1386 1316 ἄνδρας
1399 1278 1584 1314 ἀνεπισχέτως
1596 1276 1835 1313 δυσχεραίνοντας,
1851 1285 1911 1303 πο-

1105 1326 1204 1362 λέμους
1220 1335 1250 1353 τε
1259 1327 1282 1342 ’⁸
1293 1327 1340 1353 ἐπὶ
1354 1326 1441 1362 τούτῳ
1462 1325 1672 1362 ὲγηγερμένους,
1691 1324 1738 1350 καὶ
1748 1323 1835 1350 οἴκων
1859 1331 1912 1358 γε-

1105 1373 1220 1409 νομένας
1243 1374 1408 1410 άνατροπὰς,
1427 1373 1474 1400 καὶ
1498 1372 1601 1400 πόλεων
1623 1370 1748 1402 ἁλώσεις,
1766 1370 1817 1397 καὶ
1831 1369 1912 1397 ἄλλα

1107 1420 1201 1456 μυρία.
1220 1419 1271 1447 Διὰ
1282 1420 1361 1446 τοῦτο
1376 1418 1431 1454 ἐγὼ
1446 1419 1485 1454 τῷ
1499 1419 1569 1454 ἁγίῳ
1578 1418 1600 1433 ¹⁹
1613 1417 1667 1444 τῶν
1688 1417 1826 1444 Ἰουδαίων
1841 1416 1910 1452 Θεῷ

1106 1468 1153 1494 καὶ
1167 1467 1241 1503 νόμῳ
1254 1467 1434 1503 προσέφυγον,
1448 1464 1627 1495 ἀποδεδωκὼς
1640 1464 1689 1500 τὴν
1700 1463 1793 1490 πίστιν
1809 1464 1912 1498 ἀει-φα»

1107 1513 1177 1540 λεῖ³⁰
1189 1514 1221 1549 τῇ
1238 1513 1338 1549 κρίσει,
1355 1513 1396 1539 ὅτι
1409 1513 1441 1538 ὲκ
1453 1513 1501 1547 τῆς
1515 1511 1561 1538 τοῦ
1576 1510 1644 1538 Θεοῦ
1656 1510 1762 1542 δικαίας
1778 1510 1913 1546 κρίσεως

269 1567 321 1596 pro
337 1560 444 1589 meritis
460 1568 566 1594 eorum,
583 1568 644 1596 quae
657 1561 752 1596 gessit,
770 1561 918 1597 aliquando
931 1562 1052 1597 recipiet.

1112 1561 1154 1587 καὶ
1179 1559 1262 1596 νόμος
1286 1558 1414 1595 ὥρισται,
1443 1558 1491 1585 καὶ
1516 1559 1533 1593 ἡ
1559 1557 1631 1593 ψυχὴ
1656 1557 1765 1588 πάντως
1780 1555 1815 1582 τδ
1838 1557 1913 1583 κατ’

305 1649 398 1676 XXIII.
419 1648 481 1678 Haec
497 1657 557 1678 cum
573 1650 719 1683 dixissem,
735 1651 839 1686 Appion
856 1651 974 1678 orationi
992 1651 1055 1679 sub-

266 1696 334 1732 jecit
348 1705 356 1724 :
371 1696 442 1730 Quid
458 1697 550 1724 enim?
565 1705 667 1729 nonne,
682 1697 783 1732 inquit,
801 1702 828 1725 et
841 1697 999 1726 Graecorum
1017 1699 1055 1726 Ie-

269 1750 317 1778 ges
330 1743 400 1770 mala
418 1744 574 1778 prohibent,
594 1748 621 1770 et
632 1743 773 1771 adulteros
788 1744 924 1778 puniunt?
940 1743 996 1780 Ego
1015 1751 1055 1771 re-

269 1789 366 1825 spondi
382 1797 390 1816 :
405 1789 475 1825 Ergo
490 1788 648 1817 Grzecornm
670 1789 719 1824 dii,
738 1791 811 1826 quod
834 1791 972 1818 contraria
988 1791 1054 1826 legi-

267 1837 319 1865 bus
329 1836 441 1871 faciunt,
457 1837 620 1872 supplicium
631 1841 779 1865 tuerentur.
795 1837 855 1870 Quo
867 1838 949 1865 modo
961 1843 1052 1865 autent

267 1888 295 1911 et
309 1891 434 1911 coercere
455 1891 499 1911 me
522 1888 630 1919 potero,
655 1883 720 1911 dum
745 1884 873 1911 existimo
896 1884 962 1911 dces
979 1883 1053 1919 ipsos

266 1931 370 1965 primos
385 1938 439 1958 una
449 1938 510 1957 curn
523 1930 659 1957 adulterio
669 1935 767 1957 cuncta
777 1929 878 1964 ﬂagitia
893 1929 1051 1964 perfecisse,

267 1984 317 2004 nec
336 1984 433 2012 poenas
457 1976 576 2010 dedisse,
601 1984 670 2011 quas
688 1976 750 2004 ideo
775 1977 864 2012 magis
885 1977 950 2004 dare
967 1977 1050 2005 debe—

265 2023 341 2056 bant,
357 2023 421 2058 quia
433 2030 488 2050 non
501 2022 624 2050 serviunt
636 2022 799 2058 cupiditati?
814 2022 892 2056 Quod
905 2024 927 2051 si
943 2023 1051 2058 cupidi‘

266 2070 313 2096 tati
339 2069 450 2096 obnoxii
465 2068 586 2102 fuerunt,
610 2076 666 2104 quo
680 2073 760 2103 pacto
776 2069 814 2096 dii
829 2070 928 2096 erant?
941 2069 974 2097 Et
994 2071 1051 2104 Ap-

266 2115 329 2150 pion
344 2124 350 2141 τ
367 2114 427 2142 Sint
438 2114 518 2142 nobis
532 2122 582 2149 pro
597 2121 681 2149 scopo
692 2122 747 2142 non
765 2114 804 2142 dii
817 2116 864 2142 sed
879 2115 986 2150 judices
996 2137 1003 2149 ,
1023 2116 1050 2143 in

265 2168 336 2196 quos
345 2160 525 2198 respiciendo,
536 2168 650 2196 peccare
662 2165 825 2189 metuemus.
834 2161 870 2188 At
880 2170 930 2198 ego
939 2163 1032 2198 excepi
1042 2171 1049 2190 :

264 2205 325 2234 Non
349 2207 437 2234 simile
451 2210 503 2240 est,
521 2214 538 2234 ο
559 2207 676 2241 Appion.
698 2206 750 2240 Qui
764 2207 837 2234 enim
854 2208 887 2235 ad
910 2208 1048 2236 hominem

263 2253 384 2288 respicit,
399 2253 556 2288 spelatendi
566 2253 676 2280 audebit
686 2261 814 2288 peccare:
826 2254 873 2289 qui
885 2261 950 2281 vero
963 2253 1048 2282 Deum

263 2299 387 2326 omnium
399 2299 580 2334 inspectorem
595 2303 674 2326 metae
692 2299 752 2327 loco
765 2300 864 2327 animae
878 2308 934 2328 sua;
949 2308 1050 2336 propo-

263 2345 330 2379 suit,
343 2352 445 2380 gnarus
456 2345 528 2380 quod
541 2353 603 2373 cum
620 2345 705 2373 latere
716 2353 771 2373 non
786 2347 883 2381 possit,
896 2347 965 2374 clam
978 2355 1048 2382 quo-

264 2399 317 2427 que
331 2399 443 2427 peccare
453 2391 651 2427 supersedcbit.

298 2449 392 2478 XXIV.
412 2449 479 2484 Quae
496 2456 558 2478 cum
579 2449 702 2477 audisset
723 2450 841 2485 Appion,
855 2450 944 2478 dixit:
963 2451 1046 2478 Intel-

262 2497 392 2529 lexeram,
407 2504 440 2525 ex
455 2504 510 2531 quo
522 2496 615 2531 accepi
637 2496 686 2524 tibi
710 2504 773 2524 cum
791 2496 893 2525 Iudaeis
905 2505 966 2525 esse
977 2505 1044 2525 con-

263 2543 446 2576 suetudinem,
468 2547 495 2570 te
524 2543 674 2570 mutavisse
709 2542 884 2570 sententiam.
914 2542 1046 2571 Prmclare

263 2589 334 2616 enim
347 2596 361 2615 a
374 2587 491 2623 quodam
503 2587 606 2616 dictum
617 2588 679 2622 est;8|
691 2597 697 2615 :
711 2587 888 2622 Corrumpunt
902 2597 984 2617 mores
1001 2589 1045 2616 bo-

1105 1606 1182 1639 άξίαν
1190 1605 1212 1621 ³¹
1229 1602 1265 1632 ὧν
1281 1604 1399 1640 ἔπραξεν
1415 1604 1583 1639 ὁπουδήποτε
1596 1602 1793 1638 ἀπολαμϐάνει.

1141 1651 1232 1678 XXIII.
1247 1652 1340 1678 Ταῦτά
1349 1660 1399 1686 μου
1412 1651 1544 1683 εἰπόντος,
1555 1651 1568 1677 ό
1576 1650 1698 1677 Ἀππίων
1707 1650 1849 1684 ἐπήνεγκε
1865 1649 1913 1684 τῷ

1105 1698 1191 1734 λόγῳ·
1208 1698 1240 1725 Τί
1257 1698 1321 1734 γὰρ,
1337 1698 1397 1733 οὐχὶ
1412 1698 1458 1724 καὶ
1473 1698 1498 1724 οἱ
1522 1697 1665 1733 Ἑλλήνων,
1681 1696 1744 1731 ἔφη,
1765 1696 1848 1732 νόμοι
1870 1697 1912 1723 τὰ

1105 1746 1194 1781 φαῦλα
1204 1744 1430 1780 ἀπαγορεύουσιν,
1448 1745 1496 1771 καὶ
1509 1744 1573 1775 τοὺς
1588 1743 1700 1779 μοιχοὺς
1716 1743 1888 1775 κολάζουσιν
1900 1752 1910 1776 ;

1104 1792 1189 1827 Κάγὼ
1199 1793 1266 1828 ἔφην
1275 1801 1281 1807 ι
1294 1791 1397 1818 Οὐκοῦν
1411 1791 1435 1817 οι
1456 1790 1589 1825 Ἑλλήνων
1602 1790 1658 1816 θεοὶ
1673 1789 1708 1816 τὰ
1718 1790 1833 1817 ἐναντία
1844 1791 1913 1822 τοῖς

1104 1839 1195 1874 νόμοις
1221 1838 1373 1874 πράξαντες
1395 1838 1504 1865 κόλασιν
1520 1836 1682 1871 ὀφείλουσιν.
1710 1836 1773 1868 Πῶς
1795 1837 1825 1863 δὲ
1854 1838 1914 1864 καὶ

1105 1885 1279 1921 σωφρονίζειν
1302 1884 1419 1920 ἐμαυτὸν
1435 1884 1594 1920 δυνήσομαι,
1619 1883 1834 1919 ὑπολαμϐάνων,
1862 1886 1914 1912 δτι

1103 1931 1127 1957 οἱ
1141 1931 1196 1957 θεοὶ
1206 1931 1282 1957 αὐτοὶ
1294 1931 1396 1967 πρῶτοι
1408 1931 1464 1966 ἅμα
1477 1931 1509 1966 τῇ
1526 1930 1632 1965 μοιχείᾳ.
1643 1931 1677 1956 τὰ
1687 1929 1796 1965 χαλεπά
1807 1931 1915 1959 πάντα

1103 1977 1290 2013 διεπράξαντο,
1312 1977 1359 2004 καὶ
1383 1977 1461 2013 δίκην
1481 1977 1511 2003 οὺ
1526 1975 1667 2009 δεδώκασι,
1684 1976 1771 2013 ταύτῃ
1794 1977 1913 2012 μᾶλλον

1102 2023 1255 2058 ὀφείλοντες
1272 2023 1383 2056 διδόναι,
1398 2023 1436 2055 ὡς
1454 2022 1491 2059 μὴ
1511 2022 1681 2054 δουλεύοντες
1695 2023 1854 2060 ἐπιθυμίας
1884 2027 1915 2051 εἰ

1101 2069 1130 2095 δὲ
1153 2070 1293 2097 ὑπέκειντο
1306 2071 1339 2102 ³¹,
1367 2069 1425 2102 πῶς
1450 2067 1520 2106 ἦσαν
1547 2069 1619 2102 θεοί;
1640 2069 1694 2096 Καὶ
1710 2071 1724 2096 6
1750 2069 1912 2098 ’Δππίωνο

1104 2115 1246 2142 Ἔστωσαν
1266 2116 1331 2151 ἡμῖν
1346 2115 1441 2142 σκοποὶ
1454 2115 1553 2152 μηκέτι
1569 2115 1634 2147 θεοὶ,
1650 2116 1705 2142 ἀλλ’
1715 2117 1740 2143 οἱ
1755 2117 1915 2151 δικασταὶ,

1102 2163 1141 2194 είς
1155 2162 1202 2195 οὓς
1212 2163 1378 2198 ἀφορῶντες,
1391 2161 1601 2197 φοὸηθησόμεθα
1612 2162 1791 2198 ἁμαρτάνειν.
1809 2164 1916 2200 Κάγὼ

1067 2225 1088 2253 D
1102 2208 1184 2244 ἔφην’
1208 2208 1266 2235 οὐκ
1289 2208 1377 2235 ἑσθ’³³
1392 2209 1498 2244 ὅμοιον,
1514 2206 1536 2234 ὧ
1567 2208 1698 2236 ’Λππίων.
1724 2210 1752 2236 Ὁ
1769 2211 1822 2246 μὲν
1845 2212 1916 2249 γὰρ

1103 2255 1172 2290 πρὸς
1191 2254 1332 2290 ἄνθρωπον
1350 2254 1419 2290 ἔχων
1441 2255 1486 2281 τὸν
1509 2255 1609 2282 σκοπὸν
1629 2255 1715 2282 ἐλπίδι
1735 2256 1783 2283 τοῦ
1802 2256 1916 2295 λαϐεῖν

1101 2300 1232 2335 τολμήσει
1257 2301 1435 2337 ἁμαρτάνειν,
1461 2302 1476 2327 ὀ
1495 2301 1524 2327 δὲ
1545 2301 1610 2328 Θεὸν
1635 2302 1835 2338 παντεπόπτην
1871 2307 1915 2341 τῇ

1102 2347 1198 2373 ἑαυτοῦ
1214 2347 1286 2384 ψυχῇ
1409 2348 1581 2384 ὁρισάμενος,
1598 2348 1676 2380 είδὼς
1695 2349 1779 2376 αὑτὸν
1801 2350 1917 2379 λαϐεῖν

1104 2393 1141 2428 μὴ
1154 2392 1293 2424 δύνασθαι,
1310 2393 1358 2420 καὶ
1377 2394 1407 2420 τὸ
1421 2393 1508 2430 λάθρα
1525 2394 1657 2430 ἁμαρτεῖν
1679 2397 1914 2432 παραιτήσεται.

1134 2448 1228 2476 XXIV.
1248 2449 1340 2476 Ταῦτα
1361 2451 1375 2476 ὁ
1397 2449 1518 2476 ’Λππίων
1548 2450 1667 2482 ἀκούσας
1697 2451 1750 2487 ἔφη
1766 2460 1774 2467 ·
1799 2453 1916 2488 ’ῌδειν

1099 2496 1128 2529 ἐξ
1153 2496 1197 2523 ὅτε
1216 2497 1320 2531 ἥκουσα
1344 2497 1480 2529 Ἰουδαίοις
1503 2506 1533 2524 σε
1543 2497 1566 2514 ³⁵
1590 2498 1819 2534 προσομιλοῦντα,
1851 2502 1918 2536 ἡλ-

1098 2542 1226 2570 λοιῶσθαι
1249 2544 1298 2579 τὴν
1326 2543 1449 2579 γνώμην.
1478 2544 1576 2576 Καλῶς
1602 2545 1658 2580 γὰρ
1681 2545 1792 2582 εἴρηταί
1821 2556 1912 2576 τινι-

1097 2590 1273 2623 Φθείρουσιν
1285 2589 1342 2624 ἤθη
1353 2590 1469 2624 χρηστὰ
1480 2591 1591 2625 ὁμιλίαι
1597 2591 1695 2618 κακαί.
1709 2592 1797 2626 Κάγὼ
1806 2593 1891 2631 ἔφην
1903 2605 1912 2612 ·

298 2654 309 2667 ο
321 2647 328 2674 l
340 2647 403 2675 Cor.
429 2655 474 2681 xv,
494 2648 540 2675 55.
558 2646 607 2675 Est
625 2646 765 2675 Menandri
780 2656 886 2682 versus,
901 2649 947 2684 qui
964 2649 1015 2684 legi
1033 2648 1062 2676 de

1112 2669 1113 2673 η
1129 2659 1134 2676 :
1151 2649 1306 2684 Φθείρουσιν
1313 2648 1364 2684 ἢθη
1372 2649 1577 2686 χρήσθ’ὀμιλίαι
1587 2650 1682 2678 κακαί.

894 2705 1013 2733 νΑιιιλΕ
1039 2705 1242 2733 LECTIONES.

297 2751 320 2767 ¹⁶
341 2751 425 2782 οὕτως
437 2751 467 2778 C.
482 2752 504 2771 ¹¹¹
521 2750 659 2783 πάντεςο.
679 2749 747 2778 Tum
765 2751 900 2778 ἐπὶτοῦτο
911 2759 968 2778 var.
985 2752 1045 2778 lect.
1061 2759 1104 2786 ap.
1119 2750 1150 2778 C.
1170 2750 1350 2786 Subsequitur
1371 2751 1499 2778 mendum
1515 2753 1564 2784 τάς

262 2786 323 2822 add.
337 2795 360 2813 υ.
372 2786 394 2813 0
410 2787 471 2820 ,qui
481 2787 664 2822 subindeexh.
683 2787 728 2812 ἐπὶ
741 2786 827 2822 τούτῳ
841 2795 865 2814 c.
880 2786 900 2812 D
916 2807 923 2819 ,
936 2787 981 2813 ἐπὶ
993 2786 1093 2813 τούτων
1106 2786 1138 2822 C,

1582 2759 1616 2793 ς).¹
1626 2752 1690 2793 τούῄς
1703 2753 1729 2793 in
1799 2789 1805 2793 _
1821 2756 1851 2772 ’⁸
1871 2766 1914 2786 τε

1190 2787 1210 2804 η
1223 2786 1316 2822 ἀγαθῴ
1335 2786 1438 2820 Ερίι.‹;.
1451 2787 1495 2814 51.
1514 2786 1635 2814 Subinde
1647 2787 1686 2838 τιςρ
1707 2788 1850 2817 Ἰουδαίων
1867 2794 1911 2822 Ο,

1192 2821 1375 2838 ιον...ιι.....ιιιιι
1399 2821 1443 2838 ut
1457 2822 1471 2838 Α
1490 2822 1611 2838 ’,ι-...ιωη
1659 2823 1670 2838 ι
1759 2825 1797 2838 un
1811 2826 1831 2838 ,π
1873 2828 1882 2838 .

262 2821 285 2857 '_°
303 2821 407 2856 ἀσφαλῇ
421 2822 450 2847 (1.
481 2822 510 2857 7“
524 2821 654 2857 καταξίαν
671 2822 704 2849 Ο.
742 2822 764 2837 ³⁸
775 2822 912 2848 ἐπέκειντο
924 2822 955 2848 Ο,
971 2822 998 2848 Ili
1016 2822 1110 2849 eodem
1125 2821 1312 2857 desiderantur
1322 2823 1385 2849 vbb.
1399 2821 1446 2848 καὶ
1457 2822 1471 2848 6
1490 2822 1619 2849 Ἀππῖων.
1659 2821 1682 2838 ³³
1694 2824 1745 2851 οὐκ
1758 2825 1797 2853 ὲίΓ
1810 2826 1848 2853 C.
1873 2828 1912 2857 In

261 2854 284 2882 Ο
311 2853 352 2883 est
374 2853 461 2883 ἅπασι
480 2856 550 2884 inter
565 2853 587 2883 ὦ
602 2853 634 2884 τι
656 2857 777 2885 ’Δππίων
791 2863 964 2892 expunctum.
982 2857 1027 2893 ’,³⁵
1043 2857 1072 2882 σέ
1089 2864 1144 2884 om.
1163 2856 1197 2884 Ο.
