1942 3100
76 149 123 177 175

74 207 172 235 Οὐκοῦν
196 206 395 242 ἐπανορθοῦσιν
413 207 468 242 ἤθη
491 207 612 242 ἄχρηστα
639 206 739 240 ὁμιλίαι
766 204 858 232 καλαί.

75 254 127 281 Καὶ
138 254 154 280 ό
171 252 292 279 ’Δππίων
315 252 383 289 ἔφη·
402 253 525 288 Σήμερον
541 252 789 287 πεπληροφορήμην
812 252 862 286 τὴν

75 300 124 335 σὴν
137 298 282 333 ἐπιγνῶναι
298 298 427 325 ἔνστασιν
439 307 446 314 ·
463 298 504 325 διδ
517 298 557 325 σοι
571 297 671 334 πρώτῳ
687 299 773 324 εἰπεῖν
790 305 863 323 συνε-

74 345 246 380 χιυρήσαμεν.
264 344 363 380 Δῡριον
383 344 413 371 δὲ
430 343 554 376 ἐνταῦθα,
572 343 599 369 εί
619 352 660 369 σοι
677 343 752 378 φίλον
776 343 861 374 ἐστὶν,

135 378 293 415 τῶν-αὑτῶν
306 378 399 423 -φίλων
421 387 600 415 συνελθόντων
622 386 764 419 ἀποδείξω,
781 386 821 413 ὅτι
836 386 861 412 οἱ

75 436 130 462 θεοὶ
143 435 221 470 ἡμῶν
236 434 298 461 οὔτε
315 435 405 470 μοιχοὶ
425 435 500 466 ὄντες
526 433 712 468 τυγχάνουσιν,
728 432 789 459 οὔτε
813 441 861 467 φο-

75 481 139 511 νεῖς,
169 479 233 506 οὔτε
263 480 366 506 παίδων
392 479 511 515 φθορεῖς,
534 479 582 506 οὐκ
607 478 760 514 ἀδελφαῖςῆ
776 478 861 513 θυγαο

73 526 154 562 τράσι
182 525 395 561 πλησιάσαντες·
414 525 471 551 ἀλλ’
485 525 509 551 οί
534 525 650 560 ἀρχαῖοι,
670 523 703 550 τὰ
726 524 862 560 μυστήρια

77 572 174 606 μένους
189 573 253 604 τοὺς
273 571 431 607 φιλομαθεῖς
446 571 544 598 ειδέναι
559 570 689 602 θέλοντες,
707 569 801 606 μύθοις
821 567 862 602 οἷς

75 618 190 654 εἴρηκας
215 617 285 645 αὐτὰ
303 617 494 654 προεκάλυψαν
513 616 546 643 ³⁵.
566 616 638 652 Ζῆνα
653 615 707 652 γὰρ
723 616 772 651 τὴν
785 615 861 647 ζέου-

76 672 126 691 σαν
138 664 233 691 οὐσίαν
254 662 322 690 εἶναι
339 662 556 698 φυσιολογοῦσιν,
573 661 676 697 Κρόνον
690 661 719 688 δὲ
732 661 778 688 τὸν
798 661 862 697 χρύ-

73 719 129 740 νον,
142 711 192 737 καὶ
205 709 283 737 Ῥέαν
297 710 347 745 τὴν
368 709 411 735 ἀεὶ
436 708 548 744 ῥέουσαν
563 707 609 734 τοῦ
623 708 646 723 ³⁸
657 707 753 739 ὓδατος
769 707 859 742 φύσιν.

74 755 160 792 Πλὴν,
176 756 215 787 ὡς
228 755 394 790 ὑπεσχόμην,
410 753 515 790 αὔριον,
529 753 559 780 τὺ
576 753 756 780 καθ’ἓκαστον
764 753 785 769 ⁸⁷
792 751 861 785 εἶδος

73 801 159 828 ἔωθεν
174 802 240 837 ὑμῖν
251 800 420 827 συνελθοῦσιν
437 799 633 835 ἀλληγορὴσας,
648 799 695 834 τὴν
708 797 763 824 τῶν
777 798 861 824 ὄντων

72 847 204 882 ἀλήθειαν
219 845 338 881 ἐκφανῶ.
353 845 439 880 Κάγὼ
455 845 521 880 πρὸς
544 844 630 871 ταῦτα
649 845 716 880 ἔφην
728 853 734 859 ·
752 844 859 880 Αὔριον,

72 893 111 924 ὡς
133 893 267 928 ὑπέσχου,
293 891 379 923 οὕτως
395 891 524 926 ποίησον·
541 890 592 925 ήδη
613 890 643 916 δὲ
667 890 789 916 ἐντεῦθεν
815 890 861 916 καὶ

73 937 142 972 πρὸς
159 936 242 967 αὐτὰ,
258 936 276 963 ἃ
297 936 402 972 μέλλεις
418 935 516 969 λέγειν,
533 935 656 961 ἄκουσον.

108 982 195 1010 XXV.
215 983 250 1009 Δί
265 983 319 1009 τῶν
328 981 396 1009 θεῶν
412 979 525 1016 πράξεις
540 981 564 1007 εἰ
582 980 641 1015 μὲν,
654 979 755 1014 ἀγαθαὶ
770 977 859 1012 οὖσαι,

73 1031 170 1061 κακοῖς
192 1028 288 1065 μύθοις
312 1027 565 1064 προεκαλύφθησαν,
591 1026 674 1061 πολλὴ
696 1026 743 1052 τοῦ
759 1025 861 1052 σκεπά-

75 1083 171 1106 σαντος
192 1075 330 1101 δείκνυται
357 1073 451 1105 κακία,
468 1073 509 1099 δτι
533 1073 567 1098 τὰ
592 1071 678 1106 σεμνὰ
698 1071 776 1106 13El
793 1071 861 1098 ἀπέ-

74 1120 162 1156 κρυψε
177 1120 275 1151 κακοῖς
287 1119 463 1154 διηγήμασιν,
483 1116 526 1143 ἵνα
548 1116 628 1151 μήτις
643 1115 731 1142 αὐτῶν
740 1114 862 1150 ζηλωτὴς

74 1167 187 1202 γένηται
201 1174 209 1180 ·
235 1164 305 1191 εἰδὲ
328 1163 434 1199 ἀληθῶς
452 1162 534 1198 ἀσεϐῆ
563 1161 749 1197 διεπράξαντο,
780 1161 862 1196 ἐχρῆν

73 1211 228 1238 τούναντίον
257 1209 369 1244 ἀγαθοῖς
399 1208 492 1244 μύθοις
505 1207 527 1224 ³⁸
539 1207 608 1235 αὐτὰ
632 1207 802 1238 ὲπισκέπειν,
819 1206 862 1233 ἵνα

76 1257 113 1292 μὴ
141 1257 168 1282 οἱ
201 1255 351 1291 ἄνθρωποι,
380 1255 418 1285 ὡς
442 1255 482 1285 εἰς
511 1253 668 1289 κρείττονας
695 1252 861 1287 ἀφορῶντες,

74 1300 244 1336 ἁμαρτάνειν
260 1298 434 1335 ἐπιχειρῶσιν
458 1297 571 1329 ἐκεινοις
587 1296 773 1333 παραπλήσια.
789 1296 861 1323 Ταῦ-

73 1348 108 1374 τά
124 1356 177 1382 μου
202 1346 337 1377 εἰπόντος,
348 1345 373 1372 οἱ
393 1345 523 1380 παρόντες
546 1344 656 1379 φανεροὶ
683 1341 752 1379 ἦσαν
774 1343 862 1379 ἀρχὴν

74 1391 260 1427 λαμϐάνοντες
279 1391 329 1426 τῆς
349 1390 417 1426 πρὸς
441 1389 503 1421 τοὺς
520 1389 564 1415 ὑπ’
581 1388 647 1424 ἐμοῦ
663 1388 805 1423 λεχθέντας
820 1388 863 1414 λὸ-

75 1446 138 1471 γους
153 1437 277 1472 ἀγάπης.
298 1436 353 1463 Καὶ
372 1435 426 1471 γὰρ
442 1434 560 1470 συνεχῶς
574 1434 621 1461 καὶ
639 1434 863 1469 ἐσπουδασμένως

75 1481 213 1516 ἀξιοῦντες
221 1482 374 1518 πάντως-με
384 1482 420 1518 τῇ
431 1479 652 1517 ὑστεραίᾳὲλθξὶν
657 1479 860 1518 smmum.

381 1573 510 1600 'OMlAlA
528 1574 565 1600 E’.

109 1618 130 1646 Ι.
150 1619 192 1654 Τῇ
206 1617 255 1654 μὲν
273 1615 320 1645 οὖν
339 1618 368 1645 ὲν
381 1617 461 1654 Τύρῳ
477 1617 589 1654 ἐπιούσῃ
605 1618 705 1654 ἡμέρᾳ,
719 1618 789 1645 καθὰ
801 1627 862 1645 συν-

74 1663 243 1698 ιτᾱξάμεθα,
267 1664 308 1694 εἰς
330 1663 376 1690 τὸν
401 1663 510 1698 ἡσύχιον
538 1663 619 1690 τόπον
636 1663 658 1680 ³⁵
681 1663 775 1695 ἐλθὼν,
801 1664 864 1696 τοὺς

76 1709 124 1744 μὲν
137 1708 252 1744 ἐτέρους
267 1708 336 1744 μετά
346 1717 428 1735 τινων
444 1709 490 1735 καὶ
508 1708 594 1736 ἄλλων
618 1709 678 1735 ἰδὼν
694 1709 742 1736 καὶ
759 1717 863 1745 προσα-

74 1754 220 1790 γορεύσας,
247 1755 387 1782 Ἀππίωνα
401 1755 430 1782 δὲ
444 1756 479 1791 μὴ
496 1755 634 1791 ἑωρακὼς,
645 1755 752 1791 ἠρόμην
767 1755 813 1782 τοῦ
826 1755 863 1791 μὴ

74 1801 203 1836 ¹ιειρεῖναι
220 1800 323 1826 ἐκεῖνον
342 1800 391 1835 τὴν
408 1801 506 1828 αἰτίαν.
522 1801 577 1827 Καί
590 1807 631 1832 τις
645 1801 708 1837 ἔφη,
724 1800 864 1837 δυσαρῤώ-

76 1855 145 1877 σιως
161 1846 245 1872 αὑτὸν
266 1846 313 1872 ἀπ’
331 1846 415 1881 αὐτῆς
431 1846 548 1881 ἑσπέρας
570 1847 714 1881 ἐσχηκέναι
729 1847 759 1872 τὸ
772 1846 864 1882 σωμά-

75 1901 142 1918 τιον.
166 1891 251 1927 Ἑμοῦ
264 1891 293 1918 δὲ
307 1892 453 1927 φήσαντος,
475 1890 583 1926 εὔλογον
609 1889 676 1918 εἶναι
693 1892 865 1927 παραχρῆμα

75 1939 252 1974 ὁρμήσαντας
270 1937 468 1971 ἐπισκέψασθαι
493 1937 580 1968 αὑτὸν,
607 1937 699 1972 σχεδὸν
724 1938 748 1964 οἱ
765 1937 865 1969 πάντες

75 1984 167 2019 ἠξίουν
183 1983 314 2018 πρότερον
331 1981 503 2017 διαλεχθῆναί
521 1991 554 2017 με
580 1982 679 2013 αὐτοῖς,
704 1979 752 2008 εἷθ’
778 1981 865 2013 οὕτως

76 2030 208 2056 κάκεῖνον
221 2027 417 2062 ἐπισκέψασθαι
438 2027 566 2054 δύνασθαι
577 2027 600 2043 ⁵⁸
611 2027 701 2054 αὐτόν.
729 2027 800 2058 Μιᾶς
818 2024 864 2053 οὖν

78 2075 187 2102 πάντων
202 2072 315 2108 γνώμης
331 2073 488 2108 γενομένης,
502 2072 589 2106 λέγειν
605 2072 740 2108 ἠρξάμην.

111 2120 143 2147 ll.
172 2119 266 2154 Ἐχθὲς
277 2118 310 2150 ‘1,
327 2117 451 2144 ἐντεῦθεν
470 2118 645 2152 ἀπαλλαγεὶς,
666 2115 688 2143 ὦ
703 2117 784 2152 φίλοι,
800 2118 864 2153 ὁμο-

76 2165 146 2199 λογῶ
163 2165 216 2196 ὅτι,
237 2164 306 2190 πάνυ
331 2162 480 2199 φροντίζων
492 2162 561 2198 ὑπὲρ
576 2162 626 2197 τῆς
639 2162 706 2197 πρὸς
723 2161 863 2188 Ἀππίωνα

78 2210 229 2246 μελλούσης
245 2209 350 2236 ἔσεσθαι
367 2209 516 2244 ζητήσεως,
529 2208 611 2235 ὕπνου
625 2209 715 2242 τυχεῖν
723 2207 800 2242 135
813 2207 863 2234 οὑκ

77 2256 223 2291 ἐδυνάμην.
245 2254 457 2290 Ἀγρυπνοῦντος
477 2253 505 2280 δέ
531 2262 580 2288 μου
610 2253 753 2289 εἰσέδραμε
775 2252 809 2279 τὰ
833 2253 862 2279 ὲν

82 2301 176 2336 Ῥώμη
188 2300 258 2336 πρδς
268 2299 347 2326 αὐτόν
362 2307 406 2334 μοι
426 2298 648 2334 μεμηχανημένα.
667 2296 721 2324 Ἦν
730 2297 759 2324 δὲ
769 2297 862 2324 τοιαῦ-

76 2356 109 2374 τα
119 2356 126 2361 ·
149 2347 198 2372 Ἐκ
213 2345 309 2376 παιδὸς
320 2344 375 2379 ἐγὼ
388 2344 504 2379 Κλήμης
517 2343 644 2378 ἀληθείας
656 2343 735 2378 ἐρῶν,
753 2343 800 2370 καὶ
815 2343 864 2378 ζη-

76 2393 128 2420 τῶν
141 2393 177 2420 τὰ
186 2393 260 2428 ψυχῇ
274 2391 445 2427 διαφέροντα,
463 2391 510 2417 καὶ
525 2391 565 2422 είς
588 2389 740 2422 ἀνασκευὰς
753 2390 800 2417 καὶ
813 2400 862 2417 κα-

76 2439 211 2470 τασκευὰς
230 2437 357 2465 δαπανῶν
376 2438 439 2468 τοὺς
455 2436 576 2472 χρόνους,
594 2437 641 2463 καὶ
657 2436 740 2471 μηθὲν
760 2436 862 2463 τέλειον

77 2485 164 2520 super
189 2483 348 2519 δυνάμενος,
375 2482 427 2508 ὑπὸ
451 2482 500 2517 τῆς
522 2482 614 2513 ἀνοίας
642 2481 772 2514 ὲξώκειλα
787 2482 809 2497 η
824 2483 864 2514 εἰς

77 2531 159 2558 νόσον.
176 2530 232 2556 Καὶ
245 2529 277 2565 δὴ
290 2528 359 2564 ἐμοῦ
379 2528 584 2562 κατακειμένου,
601 2528 615 2553 ό
632 2527 753 2554 Ἀππίων
770 2528 864 2564 ἐπιδη-

79 2577 122 2612 μεῖ
135 2577 167 2611 τῇ
188 2574 291 2611 Ῥώμῃ,
319 2573 453 2609 πατρικὸς
468 2572 505 2599 ὥν
522 2581 566 2608 μοι
590 2573 676 2608 φίλος,
703 2574 750 2600 καὶ
772 2573 864 2605 ἐπιξε-

77 2621 164 2648 νοῦται
185 2621 256 2656 ἐμοὶ,
283 2620 333 2646 καὶ
358 2618 472 2654 κλινήρη
503 2618 595 2654 μαθὼν
615 2619 685 2654 πρὸς
707 2619 758 2654 ἐμὲ
774 2619 864 2654 εἰσέρ-

77 2675 159 2702 χεται,
175 2667 212 2699 ὡς
224 2666 352 2702 ἰατρικῆς
365 2664 417 2691 οὐκ
436 2664 566 2700 ἀμύητος,
575 2665 622 2691 καὶ
639 2664 799 2691 πυνθάνεται
815 2665 863 2700 τῆς

629 147 857 176 CLEMENTlNA.
872 164 905 168 —
915 145 1055 174 llOMlLlA
1069 145 1100 176 ν.

1635 145 1688 176 m

875 210 897 238 Α
912 211 959 230 nos
974 203 1104 238 colloquia
1121 204 1202 229 mala.
1227 200 1324 236 Excepi
1347 208 1413 236 ego:
1429 200 1511 236 Igitur
1526 209 1614 230 mores
1627 211 1687 232 ma-

911 250 953 277 los
967 249 1103 284 colloquia
1117 249 1187 276 bona
1204 249 1354 282 corrigunt.
1370 247 1442 275 Dixit
1457 249 1560 283 Appion
1579 259 1585 276 :
1605 249 1688 279 Hodie

911 294 1018 322 abunde
1035 293 1101 321 mihi
1112 294 1156 326 sit,
1172 297 1246 320 tuum
1264 298 1339 321 certo
1357 294 1501 329 agnovisse
1512 293 1687 322 institutum:

910 347 996 375 quare
1008 340 1112 374 primus
1125 343 1155 366 ut
1175 339 1325 374 loquereris
1344 339 1528 374 permisimus.
1544 339 1611 366 Cras
1626 347 1690 367 vero

911 386 965 419 hic,
979 386 1002 414 si
1017 386 1064 414 tibi
1087 386 1203 419 videtur,
1226 386 1324 413 iisdem
1341 386 1438 413 amicis
1465 386 1690 415 convenientibus

910 431 1062 463 ostendam,
1075 431 1147 465 quod
1160 430 1197 458 dii
1211 431 1297 458 nostri
1318 438 1405 465 neque
1423 430 1538 458 adulteri
1551 435 1625 464 sunt,
1643 439 1692 458 ne-

910 484 963 511 que
976 476 1173 509 interfectores,
1194 484 1282 511 neque
1298 476 1445 504 liberorum
1472 477 1690 511 interemptores,

910 530 999 558 neque
1014 530 1139 550 sororum
1154 523 1196 550 vel
1220 523 1336 550 ﬁliarum
1352 523 1495 550 vitiatores
1511 531 1519 556 ;
1532 526 1560 550 at
1572 527 1690 557 veteres,

910 568 974 596 dum
993 569 1119 604 mysteria
1141 569 1235 596 asolis
1259 568 1381 596 discendi
1405 569 1512 604 cupidis
1529 570 1624 597 volunt
1649 570 1692 597 in-

910 612 1006 646 telligi,
1018 618 1049 638 ea
1064 611 1162 639 fabulis
1174 620 1242 647 quas
1260 612 1353 639 dixisti
1364 613 1581 641 occultaverunt.
1596 613 1691 642 Jovem

910 659 982 685 enim
997 658 1144 687 ferventem
1164 667 1225 687 esse
1250 659 1440 692 substantiam,
1456 660 1567 696 physica
1586 662 1692 689 ratione

911 708 1062 735 asserunt:
1089 703 1236 732 Saturnum
1264 709 1352 733 autem
1383 708 1511 740 tempus;
1537 711 1564 734 et
1588 707 1691 735 Rheam

911 758 1018 785 semper
1040 750 1167 778 fluentem
1193 759 1270 786 aqum
1294 757 1429 779 naturam.
1447 752 1650 788 Verumtamen,
1662 759 1693 782 ut

910 797 1047 831 pollicitus
1074 805 1146 829 sum,
1168 805 1229 825 cras
1250 798 1328 826 vobis
1352 805 1432 826 mane
1455 799 1691 833 convenientibus,

911 842 1034 878 singulas
1055 843 1161 878 species
1182 844 1328 878 allegorice
1343 851 1482 879 exponens
1496 852 1587 872 rerum
1604 845 1692 872 mani-

876 891 897 918 B
912 888 1010 916 festam
1038 888 1136 916 faciam
1160 889 1313 916 veritatem.
1341 889 1382 916 Ad
1397 890 1453 917 haec
1475 898 1525 925 ego
1536 891 1591 918 dixi
1605 899 1611 918 :
1626 890 1693 918 Cra-

912 934 983 960 stina
993 933 1047 963 die.
1064 937 1093 960 ut
1108 933 1267 968 promisisti,
1284 933 1321 961 ita
1339 934 1430 962 facito.
1457 934 1517 962 Jam
1542 943 1607 963 vero
1627 935 1691 963 hinc

911 983 939 1006 et
952 978 1082 1007 adversus
1098 987 1128 1006 ea
1143 987 1203 1014 qua:
1217 980 1340 1008 dicturus
1356 988 1385 1007 es
1411 980 1483 1008 audi.

946 1024 1031 1060 XXV.
1053 1025 1167 1052 Deorum
1180 1030 1254 1061 gesta
1269 1026 1303 1058 si,
1319 1026 1391 1053 bona
1411 1034 1474 1053 cum
1496 1031 1599 1061 essent,
1613 1027 1693 1054 malis

912 1070 1012 1098 fabulis
1025 1071 1132 1098 obtecta
1149 1075 1222 1103 sunt,
1243 1078 1341 1106 magna
1363 1071 1422 1106 ejus
1438 1072 1484 1106 qui
1507 1072 1574 1099 texit
1597 1076 1692 1104 osten-

911 1114 984 1142 ditur
999 1115 1111 1147 malitia,
1125 1115 1197 1150 quod
1214 1116 1325 1143 honesta
1339 1116 1430 1151 pravis
1445 1116 1588 1143 occultarit
1602 1125 1695 1144 narra-

912 1160 1044 1193 tionibus,
1063 1169 1097 1188 ne
1117 1162 1179 1196 quis
1203 1169 1297 1188 eorum
1325 1162 1401 1189 lieret
1419 1162 1548 1190 imitator.
1576 1162 1652 1196 Quod
1669 1164 1692 1191 si

912 1203 950 1230 dii
969 1212 1031 1232 vere
1049 1210 1190 1239 gesserant
1203 1205 1296 1240 impia,
1311 1210 1406 1233 contra
1428 1208 1571 1241 oportebat
1586 1207 1630 1237 illa
1643 1209 1690 1235 bo-

912 1252 955 1279 nis
979 1251 1078 1278 fabulis
1101 1251 1201 1283 velare,
1221 1259 1255 1279 ne
1279 1251 1414 1284 homines,
1440 1253 1514 1279 velut
1539 1253 1584 1288 qui
1601 1254 1626 1280 in
1642 1262 1694 1281 nu-

912 1296 986 1323 mina
1002 1294 1177 1330 respicerent,
1199 1295 1253 1324 illis
1273 1296 1427 1324 consimilia
1453 1297 1605 1325 niterentur
1627 1307 1692 1334 pec-

913 1349 985 1369 care.
1010 1340 1072 1368 Haec
1093 1348 1136 1368 me
1157 1341 1275 1374 dicente,
1291 1342 1337 1377 qui
1352 1342 1474 1374 aderant,
1498 1351 1552 1371 non
1577 1344 1694 1371 obscure

913 1387 1074 1414 videbantur
1099 1383 1220 1423 incipere
1243 1387 1331 1416 dictos
1345 1395 1416 1415 ame
1438 1395 1578 1417 sermones
1602 1397 1694 1418 amore

912 1433 1050 1468 prosequi.
1068 1433 1174 1460 Etenim
1197 1433 1355 1468 frequenter
1367 1437 1394 1461 et
1408 1434 1528 1462 studiose
1555 1439 1693 1471 rogantes,

914 1483 944 1508 ut
957 1479 1212 1516 omnino-postridie
1226 1480 1357 1514 venirem,
1373 1481 1487 1518 digressi
1497 1485 1577 1511 sunt.

877 1559 898 1588 ο
1211 1571 1351 1600 nouum
1372 1572 1404 1601 v.

949 1617 969 1644 l.
992 1616 1127 1651 Sequente
1152 1617 1235 1653 igitur
1248 1619 1318 1653 apud
1334 1618 1435 1654 Tyrum
1448 1619 1502 1652 die,
1517 1619 1694 1654 quemadmo-

913 1662 978 1690 dum
1003 1664 1074 1698 pacti
1090 1671 1209 1696 eramus,
1233 1665 1260 1691 in
1282 1665 1403 1699 quietum
1421 1666 1509 1693 locum
1535 1666 1692 1698 adveniens,

913 1712 1026 1736 caeteros
1051 1710 1160 1744 quidem
1185 1718 1246 1738 cum
1276 1711 1438 1746 quibusdam
1453 1715 1480 1739 et
1502 1712 1563 1740 aliis
1578 1712 1693 1740 intuitus

913 1762 975 1782 cum
1002 1755 1176 1787 salutassem,
1215 1756 1365 1791 Appionem
1395 1764 1460 1784 vero
1480 1764 1535 1785 non
1561 1758 1692 1790 viderem,

913 1807 1024 1827 causam
1044 1807 1093 1826 cur
1116 1800 1162 1827 ille
1177 1808 1230 1828 non
1247 1801 1353 1828 adesset
1368 1802 1472 1836 rogavi.
1488 1802 1520 1829 Et
1534 1802 1632 1837 aliquis
1647 1811 1694 1831 re-

913 1847 1032 1881 spondit,
1046 1847 1121 1873 illum
1136 1854 1168 1873 ex
1186 1846 1244 1881 ipsa
1255 1854 1368 1881 vespera
1383 1850 1484 1881 aegroto
1495 1847 1616 1882 iacuisse
1630 1855 1693 1876 cor-

913 1891 1169 1926 pusculo.Cumque
1183 1899 1232 1926 ego
1249 1891 1388 1924 dixissem,
1405 1899 1511 1927 aequum
1526 1899 1586 1920 esse
1597 1896 1627 1920 ut
1638 1897 1696 1921 sta-

914 1937 961 1964 tim
975 1937 1087 1972 prol'ecti
1100 1944 1162 1964 eum
1175 1937 1359 1968 visitaremus,
1373 1937 1427 1965 fere
1449 1938 1540 1965 cuncti
1556 1939 1694 1974 deprecati

914 1987 988 2014 sunt,
1014 1987 1044 2009 ut
1068 1982 1144 2017 prius
1167 1983 1207 2010 eis
1229 1983 1409 2010 edissererem
1424 1992 1431 2015 ;
1449 1983 1489 2011 sic
1510 1984 1582 2011 enim
1598 1987 1693 2019 postea

913 2035 995 2063 posse
1009 2027 1067 2054 ﬁcri
1078 2031 1108 2054 ut
1118 2027 1194 2054 illum
1205 2027 1394 2055 inviseremus.
1408 2027 1476 2061 Quia
1487 2035 1552 2064 ergo
1567 2036 1620 2056 una
1635 2033 1695 2056 erat

913 2073 1034 2100 omnium
1051 2073 1188 2104 voluntas,
1210 2073 1282 2108 loqui
1296 2074 1377 2108 coepi.

949 2118 981 2145 ll.
1002 2117 1066 2145 Heri
1082 2119 1146 2146 hinc
1171 2118 1275 2150 abiens,
1290 2126 1307 2146 ο
1323 2119 1415 2152 amici,
1441 2120 1569 2152 multum,
1595 2119 1693 2153 fateor,

914 2165 1047 2192 sollicitus
1062 2165 1095 2192 de
1110 2165 1200 2192 futura
1227 2165 1359 2192 adversus
1383 2165 1534 2200 Appionem
1558 2166 1695 2202 discepta-

878 2226 900 2253 ι)
916 2210 989 2238 tione
1013 2217 1137 2237 somnum
1159 2218 1256 2245 capere
1279 2218 1334 2237 non
1354 2211 1439 2245 potui.
1458 2210 1590 2246 Vigilante
1603 2216 1694 2240 autem

914 2263 958 2282 me
972 2259 1160 2288 occurrerunt,
1175 2263 1235 2289 quae.
1250 2255 1343 2283 Romae
1353 2259 1447 2283 contra
1465 2257 1540 2284 illum
1556 2265 1695 2285 commen-

913 2305 959 2329 tus
976 2301 1024 2329 l'ui.
1043 2301 1112 2328 Sunt
1136 2306 1226 2329 autem
1254 2302 1319 2330 haec.
1336 2302 1359 2328 Α
1379 2310 1462 2336 puero
1489 2310 1538 2338 ego
1567 2303 1693 2331 Clemens

913 2348 1037 2375 veritatis
1048 2347 1198 2379 studiosus,
1212 2355 1390 2383 quaerensque
1408 2348 1507 2376 animae
1524 2348 1611 2382 utilia,
1626 2353 1653 2377 et
1665 2350 1693 2377 in

915 2393 1115 2421 confutationes
1128 2400 1160 2419 ac
1173 2393 1347 2427 probationes
1366 2397 1472 2428 tempus
1485 2393 1634 2426 insumens,
1650 2394 1693 2421 ni-

915 2439 1007 2474 hilque
1021 2439 1114 2466 valens
1134 2438 1190 2465 veri
1212 2437 1344 2471 invenire,
1366 2438 1392 2465 in
1410 2438 1533 2466 morbum
1550 2446 1583 2466 ex
1594 2440 1692 2466 mentis

915 2486 1071 2520 impotentia
1086 2484 1191 2512 deveni.
1219 2485 1342 2519 Cumque
1356 2484 1554 2517 decumberem,
1581 2484 1691 2511 Romam

914 2530 1023 2558 advenit
1045 2529 1162 2565 Appion,
1187 2533 1317 2564 paternus
1333 2529 1448 2562 amicus,
1463 2532 1490 2556 et
1504 2529 1574 2564 apud
1587 2536 1630 2556 me
1643 2529 1692 2556 ho-

915 2577 1032 2612 spitatur
1048 2586 1054 2604 :
1067 2576 1235 2610 audiensque
1250 2576 1278 2603 in
1293 2575 1363 2602 lecto
1380 2582 1422 2602 me
1435 2574 1537 2609 jacere,
1549 2574 1583 2601 ad
1597 2582 1641 2602 me
1652 2575 1693 2601 in-

914 2629 1024 2657 gressus
1037 2626 1088 2654 est,
1101 2625 1230 2656 tanquam
1250 2620 1363 2648 medicae
1377 2620 1444 2646 artis
1457 2626 1511 2646 non
1526 2619 1666 2653 imperitus
1684 2628 1691 2652 ;

916 2669 997 2700 atque
1009 2668 1085 2700 rogat
1100 2672 1211 2692 causam
1231 2663 1384 2692 decubitus.
1407 2663 1463 2698 Ego
1479 2671 1543 2691 vero
1556 2663 1693 2691 hominem

713 2731 756 2759 VA
762 2732 829 2759 [ΗΖΕ
849 2731 1047 2760 LECTIONES.

106 2792 126 2812 ιι
143 2791 337 2830 προεκάλυιζίεν
349 2787 386 2821 0,
404 2788 541 2830 mendose.
579 2788 602 2806 "
613 2787 660 2830 τού
672 2788 772 2830 emito.
796 2789 833 2830 fl
842 2789 1018 2830 καοέκαστον
1041 2788 1198 2830 senti..."
1215 2788 1311 2830 μύθοις
1325 2787 1386 2815 add.
1498 2785 1574 2830 Idem
1585 2786 1697 2830 έτεισκέτ

74 2836 149 2863 πτειν,
204 2821 407 2863 ἐπισκέπεινε,
427 2823 449 2839 ³³
461 2823 542 2863 τόῳν
554 2831 609 2852 non
622 2827 663 2851 est
674 2824 701 2851 in
713 2823 745 2852 Ο.
783 2825 805 2846 κο
819 2823 947 2852 δύνασθαι
967 2825 1050 2852 textui
1065 2823 1180 2858 reddidi,
1199 2821 1341 2859 postquam
1357 2822 1489 2850 omissum
1517 2825 1602 2849 erata
1614 2821 1645 2848 Cl
1669 2825 1697 2848 et

70 2862 96 2890 8.
132 2856 152 2881 δῖ
164 2856 231 2900 χθές
245 2861 282 2890 0.
326 2860 350 2877 δ’
359 2857 490 2892 ὲξώκειον
501 2856 531 2887 0.
