1942 3100
274 151 326 181 Ιτδ

272 215 326 235 non
342 206 498 243 ignorabam
513 214 621 236 summo
631 205 739 235 Judzeos
754 206 880 242 prosequi
891 206 964 239 odio,
982 205 1050 233 adeo
1063 208 1087 237 Α

272 257 302 281 ut
322 258 348 281 et
368 257 462 280 contra
487 260 536 281 eos
561 253 662 281 multos
685 252 826 288 scripserit
850 253 935 281 libros
953 261 960 285 ;
975 259 1049 279 nunc

272 303 345 326 certe
369 299 507 326 Simonem
531 299 620 334 ipsum
640 299 668 326 in
695 299 841 326 amicitiam
869 297 978 326 admisit
994 305 1050 325 non

273 345 381 380 quidem
397 345 432 372 ob
446 344 567 373 discendi
594 344 714 372 studium
729 352 762 372 ac
778 345 958 372 eruditionem
977 358 988 378 ,»
1003 343 1050 372 sed

272 393 337 427 quia
361 392 435 420 novit
462 399 524 419 eum
545 399 605 420 esse
625 391 827 419 Samaritanum
850 395 878 418 et
893 391 1048 419 Iudaeorum

274 438 389 471 hostem,
412 437 542 465 adversus
564 445 633 472 quos
658 437 739 465 etiam
755 437 790 465 sit
801 444 972 472 progressus,
989 437 1049 465 ideo

271 491 333 511 eum
349 484 401 511 sibi
416 483 580 516 conciliavit,
596 491 650 518 quo
661 484 747 518 possit
761 484 862 519 aliquid
875 483 908 511 ab
921 483 968 511 illo
982 491 1050 511 con-

271 533 314 558 tra
322 529 429 557 Iudaeos
444 530 559 557 discere.

308 575 352 603 Ill.
368 575 428 601 Haec
440 582 489 610 ego
504 575 593 602 sciens
604 574 637 603 de
648 575 780 611 Appione,
793 575 874 603 simul
891 583 922 603 ac
937 582 1048 602 causam

272 620 359 648 morbi
375 620 462 655 petiit,
480 621 605 656 respondi
624 620 760 651 simulate.
774 629 817 648 me
827 621 957 655 juvenum
973 627 1049 648 more

271 667 396 695 aﬂ’cctum
411 667 502 695 dolere
514 668 615 694 animo.
626 667 667 695 Ad
681 668 738 695 haec
748 668 792 695 ille
802 667 871 695 dixit
888 677 893 694 :
912 666 974 698 Fili,
989 670 1050 694 tan-

269 720 351 748 quam
363 713 433 748 patri
453 713 573 743 conﬁsus
589 721 681 745 narra,
706 713 816 748 quinam
844 713 880 741 sit
905 712 988 740 animi
1008 712 1049 740 tui

270 758 393 786 morbus.
417 757 541 794 Cumque
560 759 658 786 iterum
676 759 737 786 licte
761 758 905 786 vehemens
920 757 1048 786 ducerem

269 805 428 839 suspirium.
442 805 521 839 quasi
536 805 637 832 veritus
663 804 741 832 fateri
757 811 886 835 amorem,
903 803 1008 831 silendo
1021 806 1048 830 et

268 851 372 878 vultum
380 850 546 878 demittendo
557 850 738 886 suspicionem
752 849 815 878 dedi
825 850 884 884 ejus
892 849 963 885 quod
976 849 1048 876 indi-

267 896 324 923 cari
340 896 462 923 volebam
477 906 484 930 ;
507 899 534 923 at
547 896 592 924 ille
604 903 699 924 revera
712 904 755 924 me
769 895 907 923 mulierem
923 895 1047 930 deperire

267 950 415 977 persuasus
430 942 498 971 dixit
516 951 523 969 :
539 942 611 970 Nihil
635 942 663 969 in
684 942 740 970 vita
759 945 811 974 est,
827 941 872 969 cui
891 949 945 969 non
960 941 1048 978 possit

267 989 388 1017 adhiberi
404 989 563 1017 remedium.
580 989 639 1024 ipse
652 989 724 1016 enim
740 996 800 1023 ego,
821 988 910 1016 adhuc
925 988 1045 1021 juvenis.

267 1043 329 1063 cum
340 1035 367 1068 in
382 1043 503 1064 amorem
519 1036 672 1064 incidissem
686 1035 895 1071 elegantissimae
912 1035 1046 1068 mulieris,

267 1089 322 1108 non
337 1082 417 1109 modo
434 1082 602 1117 impossibile
622 1082 778 1117 iudicabam
801 1082 847 1109 illa
873 1081 937 1116 frui,
952 1089 1047 1109 verum

265 1135 353 1162 neque
363 1127 482 1155 salutare
494 1135 612 1163 unquam
629 1128 772 1163 sperabam
787 1130 830 1154 :et
845 1131 934 1154 tamen
950 1130 1047 1154 nactus

266 1173 385 1208 aliquem
409 1172 576 1209 Egyptium,
604 1173 717 1209 magicis
731 1173 760 1200 in
785 1172 890 1201 artibus
913 1172 1048 1208 peritissi-

266 1226 353 1252 mum,
381 1221 407 1246 et
431 1223 572 1246 contracta
604 1227 667 1247 cum
691 1226 723 1246 eo
754 1217 885 1250 amicitia,
922 1225 1045 1246 amorem

241 1286 246 1291 .
265 1271 356 1292 meum
369 1263 477 1303 declare
493 1273 499 1291 :
515 1271 546 1291 ac
557 1271 611 1291 non
624 1265 711 1291 solum
725 1264 769 1291 ille
785 1272 814 1292 se
825 1265 889 1291 mihi
905 1264 938 1291 ad
955 1263 1047 1299 cupita

265 1309 358 1337 omnia
384 1309 516 1343 tradidit;
533 1310 580 1337 sed
606 1310 758 1345 largissime
786 1310 852 1337 mihi
878 1310 1045 1345 gratiﬁcans,

266 1355 347 1382 etiam
363 1355 493 1383 carminis
509 1363 557 1390 per
571 1356 643 1390 quod
661 1356 762 1390 potitus
781 1356 818 1383 fui
834 1356 977 1383 scientiam
992 1363 1045 1383 non

1063 875 1084 905 Β

266 1401 362 1428 invidit
379 1410 385 1427 :
400 1405 480 1436 atque
494 1408 542 1436 per
555 1400 629 1428 illius
643 1400 762 1428 hominis
778 1401 912 1428 occultam
935 1401 1047 1428 demon-

265 1445 436 1478 strationem,
449 1453 597 1480 persuasus
612 1445 735 1481 magistri
756 1445 951 1480 munificentia,
966 1450 993 1474 et
1004 1454 1047 1474 se-

265 1491 318 1519 mel
330 1492 440 1527 potitus,
456 1499 547 1520 amare
561 1492 676 1520 cessavi.

301 1579 344 1607 IV.
362 1578 440 1607 Unde
451 1579 474 1607 si
490 1584 517 1607 et
528 1583 556 1606 tu
569 1579 623 1607 tale
638 1579 703 1615 quid
715 1579 857 1607 hominum
872 1587 949 1607 more
970 1584 1047 1615 pate-
1058 1543 1080 1573 ε

265 1626 314 1658 ris,
329 1625 396 1653 mihi
411 1625 531 1654 conﬁsus
543 1626 647 1660 depone
661 1633 751 1654 curas.
766 1625 838 1654 Intra
858 1626 930 1653 enim
942 1630 1044 1660 septem

264 1672 323 1699 dies
338 1672 449 1699 omnino
461 1676 487 1699 te
499 1672 621 1700 mulieris
644 1672 742 1700 faciam
755 1677 918 1708 compotem.
931 1669 980 1700 His
995 1679 1045 1707 ego

265 1717 375 1750 auditis,
391 1725 480 1745 meum
493 1718 642 1753 respiciens
659 1718 693 1745 ad
714 1724 839 1752 scopum,
855 1717 899 1745 aio
916 1716 1046 1752 :lgnosce

264 1763 330 1790 mihi
349 1771 404 1791 non
415 1764 521 1799 penitus
536 1763 655 1792 credenti
669 1764 785 1799 magiam
798 1767 906 1792 exstare
924 1774 930 1791 :
946 1763 1046 1790 multos

264 1808 363 1843 quippe
374 1808 430 1843 jam
447 1812 575 1844 expertus
589 1816 661 1842 sum,
676 1809 760 1836 multa
774 1809 910 1844 pollicitos
921 1815 953 1835 ac
966 1817 1045 1836 men—

263 1853 339 1881 titos.
357 1853 483 1881 Attamen
496 1858 586 1881 movet
599 1861 643 1882 me
658 1861 689 1880 ac
704 1853 732 1881 in
755 1861 831 1888 spem
849 1853 958 1881 adducit
981 1859 1045 1888 pro-

263 1899 360 1926 missio
373 1903 429 1927 tua.
447 1897 549 1927 Vereor
572 1903 675 1932 autem,
692 1899 756 1926 dum
781 1899 883 1934 cogito,
901 1898 970 1926 forte
989 1899 1044 1926 dm-

263 1952 359 1972 mones
371 1944 506 1972 interdum
521 1945 608 1980 magis
623 1944 657 1972 ad
671 1943 799 1971 mandata
813 1950 867 1971 non
880 1943 1000 1971 obedire.

696 153 725 181 S.
738 150 930 182 CLEMENTIS
948 150 959 178 Ι
976 151 1059 179 ROM.
1080 150 1180 178 PONT.
1196 150 1310 179 OPERA
1326 149 1440 179 DUBIA.

1832 151 1879 181 Πθ

1100 204 1284 238 κατακλίσεως
1313 205 1362 241 τὴν
1387 206 1486 234 αἰτίαν.
1508 206 1578 242 Ἐγὼ
1602 207 1631 235 δὲ
1650 207 1696 235 τδν
1723 208 1808 245 ἄνδρα
1832 210 1880 236 οὐκ

1100 251 1204 286 ἀγνοῶν
1215 251 1238 268 ⁵³
1254 251 1323 278 πάνυ
1339 252 1482 284 Ἰουδαίους
1498 252 1533 279 δι’
1550 253 1696 289 ἀπεχθείας
1725 253 1828 288 ἔχοντα.
1844 254 1880 286 ὡς

1101 297 1148 325 καὶ
1164 297 1249 324 πολλὰ
1265 297 1355 334 βιϐλία
1375 299 1435 326 κατ’
1455 298 1544 325 αὐτῶν
1567 300 1784 335 συγγεγραφέναι
1797 299 1882 327 “ut

1100 344 1182 371 αὑτὸν
1207 344 1316 380 Σίμωνα
1329 344 1377 372 νῦν
1393 345 1424 371 οὐ
1441 345 1486 372 διά
1510 345 1686 381 φιλομάθειαν
1701 346 1724 362 ⁸³
1737 347 1776 378 εἰς
1792 347 1881 380 φιλίαν

1101 390 1296 426 προσιέμενον,
1320 391 1378 418 ἀλλ’
1402 392 1495 428 ἐπειδὴ
1518 392 1647 428 Σαμρὲα
1663 393 1743 419 αὑτὸν
1764 391 1816 420 οἶδε
1839 402 1882 427 μι-

1101 437 1247 464 σοῖουδαῖόν
1271 446 1302 463 τε
1323 437 1388 465 ὖντα
1414 438 1461 465 καὶ
1486 438 1557 465 κατά
1580 439 1711 465 Ἰουδαίων
1734 439 1881 475 προεληλυ-

1101 483 1174 516 θότα,
1187 483 1230 510 διὰ
1248 483 1327 510 τοῦτο
1348 483 1429 510 αὐτδν
1447 484 1683 520 προσῳκειὼσατο,
1710 485 1754 512 ἵνα
1776 484 1883 511 δύναιτο

1100 529 1170 556 κατά
1193 530 1325 556 Ἰουδαίων
1334 539 1359 556 τι
1374 531 1438 566 παρ’
1453 530 1534 557 αὑτοῦ
1553 531 1707 567 μανθάνειν.

1135 573 1179 601 Ill.
1199 574 1292 601 Ταῦτα
1305 574 1359 609 ἐγὼ
1376 574 1505 611 προειδὼς
1517 575 1541 592 ⁸⁸
1556 576 1619 611 περὶ
1642 576 1689 602 τοῦ
1722 576 1881 607 Ἀππίωνος,

1100 622 1159 656 ἅμα
1173 621 1212 656 τῷ
1226 621 1355 648 πυθέσθαι
1372 621 1452 648 αὐτὸν
1472 622 1521 658 τὴν
1537 623 1626 649 αἰτίαν
1641 623 1691 658 τῆς
1706 623 1783 649 νόσου
1799 631 1883 658 προσ-

1100 665 1247 701 ποιητικῶς
1259 666 1280 682 ⁵⁷
1291 666 1492 702 ἀπεκρινάμην,
1509 667 1550 693 ὅτι
1571 666 1605 693 τά
1628 667 1694 693 νέων
1717 667 1812 702 πάσχω
1835 667 1883 694 καὶ

1099 711 1173 746 ἀλγῶ
1197 711 1246 746 τὴν
1266 711 1364 747 ψυχήν.
1393 711 1421 738 '0
1437 710 1466 738 δὲ
1491 711 1558 748 πρὸς
1577 711 1663 738 ταῦτα
1687 711 1754 747 ἔφη·
1771 712 1882 743 Τέκνον,

1098 756 1136 788 ὡς
1151 756 1235 792 πατρὶ
1246 756 1384 792 θαρσήσας
1398 756 1471 791 λέγε,
1484 757 1526 788 τίς
1537 765 1582 783 σου
1595 757 1644 792 τῆς
1657 757 1745 792 ψυχῆς
1759 757 1775 792 ή
1786 757 1880 790 νόσος;

1105 801 1186 837 Ἐμοῦ
1209 801 1238 829 δὲ
1262 802 1480 838 προσποιητικῶς
1494 802 1517 818 ⁸⁸
1537 803 1616 829 πάλιν
1645 802 1881 836 άναστενάξαντος,

1099 849 1136 881 ὡς
1156 849 1188 884 δὴ
1213 850 1277 884 περὶ
1304 849 1404 885 ἔρωτος
1426 850 1511 875 είπεῖν
1536 849 1703 884 αἰδουμένου,
1724 849 1768 876 διά
1784 857 1815 883 γε
1831 849 1884 883 τῆς

1101 896 1204 931 σιωπῆς
1222 895 1301 931 136
1318 896 1365 923 καὶ
1380 895 1427 922 τοῦ
1450 895 1607 923 κατανεύειν
1622 895 1656 927 ",
1672 896 1736 931 περὶ
1747 893 1776 922 οὗ
1787 895 1883 931 ἧθελον

1099 941 1290 974 ἐνδείκνυσθαι,
1313 943 1439 977 παρεῖχον
1461 941 1510 976 τὴν
1533 940 1669 968 ὑπόνοιαν⁸
1687 941 1700 968 ό
1717 941 1755 973 δὲ,
1775 941 1839 976 ὲρᾷν
1858 941 1883 957 ⁸ο

1100 996 1132 1023 με
1145 987 1272 1022 γυναικὸς
1291 987 1397 1022 ἀληθῶς
1422 987 1606 1019 ἀναπεισθεὶς,
1620 987 1671 1023 ἔφη
1681 995 1687 1002 ·
1708 987 1791 1014 υῦδὲν
1807 987 1883 1013 ἐστιν

1098 1034 1127 1061 ἐν
1141 1034 1180 1070 τῷ
1210 1034 1259 1070 βίῳ
1285 1034 1409 1070 βοηθείας
1431 1036 1521 1070 τυχεῖν
1537 1035 1573 1070 μὴ
1587 1035 1741 1070 δυνάμενον.
1759 1034 1813 1061 Καὶ
1826 1033 1882 1070 γὰρ

1098 1081 1188 1113 αὐτὸς,
1205 1081 1248 1108 ὅτε
1263 1081 1321 1113 νέος
1342 1081 1415 1117 ήμην
1429 1082 1462 1114 ⁵⁸,
1480 1082 1605 1118 ἐρασθεὶς
1625 1080 1752 1115 γυναικὸς
1777 1080 1882 1112 ἀξιολο-

1097 1127 1231 1162 γωτάτης,
1243 1127 1273 1154 οὐ
1290 1127 1368 1163 μόνον
1381 1127 1464 1163 αὐτῆς
1480 1127 1501 1143 ⁸⁸
1514 1129 1604 1163 τυχεῖν
1620 1126 1742 1162 ἡγούμην
1752 1127 1883 1152 ἀδύνατον

1097 1172 1176 1205 εῖναι,
1194 1173 1251 1200 ἀλλ’
1274 1173 1334 1200 οὐδὲ
1356 1173 1574 1209 προσαγορεῦσαί
1600 1181 1664 1199 ποτε
1691 1172 1815 1208 ἤλπιζον·
1833 1172 1882 1199 καὶ

1099 1220 1182 1255 ὅμως,
1201 1219 1352 1256 περιτυχών
1382 1228 1435 1246 τινι
1463 1219 1612 1254 Αἰγυπτίῳ,
1633 1219 1702 1245 πάνυ
1728 1218 1761 1245 τὰ
1786 1218 1882 1253 μάγων

1097 1265 1267 1302 ἀκριϐοῦντι,
1295 1265 1341 1292 καὶ
1368 1265 1492 1300 φιλωθεὶς
1518 1264 1636 1299 ὲκφαίνω
1654 1273 1703 1300 μου
1719 1265 1765 1291 τὸν
1779 1264 1881 1299 ἔρωτα,

1097 1311 1144 1338 καὶ
1157 1311 1187 1338 οὐ
1205 1311 1283 1347 μόνον
1300 1311 1395 1338 ἑαυτόν
1410 1319 1454 1346 μοι
1470 1311 1583 1346 παρεῖχε
1601 1310 1668 1346 πρὸς
1680 1311 1733 1337 πᾶν
1749 1310 1764 1337 ὃ
1776 1309 1882 1336 ἐϐουλό-

1098 1365 1162 1392 μην,
1177 1355 1244 1382 ἀλλά
1254 1355 1444 1392 δαψιλέστερον
1458 1355 1527 1390 πρός
1546 1362 1579 1390 με
1595 1353 1817 1389 φιλοτιμούμενος
1832 1352 1881 1379 καὶ

1096 1401 1145 1438 τὴν
1161 1401 1298 1436 ὲπαοιδὴν,
1316 1401 1349 1427 δι’
1367 1398 1401 1436 ἦς
1424 1400 1527 1436 ἔτυχον,
1550 1399 1683 1426 διδάσκειν
1697 1399 1747 1426 οὐκ
1765 1398 1881 1433 ἐφθόνη-

1098 1455 1158 1474 σεν⁸
1174 1448 1206 1474 ὲκ
1217 1447 1245 1474 δὲ
1264 1447 1313 1482 τῆς
1335 1446 1438 1473 ἐκείνου
1467 1445 1597 1482 λαθραίας
1623 1444 1793 1477 ὑποδείξεως,
1821 1451 1882 1471 πει-

1098 1492 1171 1524 σθεὶς
1186 1493 1219 1528 τῇ
1235 1492 1282 1519 τοῦ
1299 1492 1452 1525 διδάξαντος
1475 1491 1599 1527 ἀφθονίᾳ,
1622 1491 1670 1518 καὶ
1698 1489 1771 1522 ἅπαξ
1786 1490 1882 1516 ἐπιτυ-

1095 1537 1161 1574 χὼν,
1177 1538 1339 1574 ἐπαυσάμην
1351 1538 1397 1565 τοῦ
1412 1538 1521 1574 ἔρωτος.

1132 1583 1177 1611 IV.
1200 1583 1291 1616 Ὅθεν,
1305 1585 1329 1610 ει
1345 1584 1392 1611 καὶ
1409 1585 1441 1611 σὺ
1457 1583 1575 1610 τοιοῦτόν
1586 1591 1613 1609 τι
1624 1581 1759 1613 πέπονθας
1774 1581 1881 1617 ἀνθρω-

1097 1629 1190 1661 πίνως,
1219 1628 1355 1664 θάρσησον
1378 1629 1442 1664 ἡμῖν
1465 1629 1533 1664 πρὸς
1555 1628 1586 1654 τὸ
1607 1627 1758 1663 ἀμέριμνον
1773 1635 1780 1642 ·
1805 1626 1881 1658 ἐντὸς

1096 1675 1149 1710 γὰρ
1160 1675 1269 1710 ἡμερῶν
1282 1674 1352 1701 ἑπτὰ
1361 1675 1468 1706 πάντως
1479 1673 1562 1709 αὐτῆς
1573 1674 1708 1708 ἐπιτυχεῖν
1720 1680 1750 1698 σε
1764 1672 1879 1708 ποιήσω.

1096 1719 1187 1746 Ταῦτα
1201 1720 1320 1752 ἀκούσας
1337 1720 1402 1754 ἐγὼ,
1419 1720 1459 1751 εἰς
1474 1719 1519 1746 τὸν
1534 1719 1599 1754 ὲμδν
1613 1719 1636 1735 ⁸³
1653 1718 1753 1745 σκοπὸν
1765 1717 1880 1744 ἀποϐλε-

1096 1774 1164 1798 πων,
1178 1765 1260 1801 ἔφην·
1276 1765 1415 1800 Σύγγνωθι
1433 1774 1477 1800 μοι
1497 1766 1534 1801 μὴ
1559 1765 1629 1791 πάνυ
1648 1764 1802 1792 πιστεύοντι
1829 1773 1881 1800 μα-

1094 1811 1172 1846 γείαν
1188 1812 1333 1846 ὑφεστάναι
1345 1820 1352 1827 ο
1370 1811 1475 1838 πολλῶν
1492 1812 1545 1847 γὰρ
1569 1810 1654 1838 πολλὰ
1677 1810 1882 1845 ἐπαγγελλομέ-

1095 1865 1147 1884 νων
1164 1858 1210 1884 xui.
1223 1857 1443 1893 διαψευσαμένων
1459 1858 1512 1893 ⁴ἥδη
1523 1857 1701 1893 πεπείραμαι.
1728 1857 1803 1893 Πλὴν
1819 1857 1883 1883 δυσ-

1094 1904 1164 1930 ωπεῖ
1185 1903 1207 1918 ⁵⁵
1226 1911 1259 1938 με
1278 1903 1326 1930 καὶ
1356 1904 1395 1935 εἰς
1417 1902 1528 1934 ἐλπίδας
1553 1903 1611 1937 άγει
1629 1903 1644 1938 ή
1663 1903 1695 1937 σὴ
1720 1901 1879 1936 ὑπόσχεσις.

1093 1947 1205 1975 Δέδοικα
1227 1948 1255 1974 δὲ
1272 1948 1479 1984 ἐνθυμούμενος,
1505 1948 1540 1983 μὴ
1557 1948 1611 1983 ἄρα
1631 1948 1656 1973 οἱ
1677 1948 1805 1982 δαίμονες
1824 1948 1883 1978 τοῖς

1095 1993 1192 2028 μάγοις
1207 1993 1290 2019 ἐνίοτε
1308 1992 1375 2028 πρὸς
1387 1992 1421 2019 τὰ
1433 1992 1597 2027 κελευόμενα
1609 1993 1658 2027 οὐχ
1675 1991 1845 2018 ὑπείκουσιν.

300 2039 331 2067 ν.
353 2039 503 2075 Respondit
513 2040 617 2076 Appion
630 2050 637 2069 :
649 2040 714 2068 Mihi
733 2040 862 2072 concede,
874 2043 903 2067 ut
915 2039 972 2067 haec
983 2040 1044 2074 plus

1130 2041 1162 2068 V.
1182 2041 1259 2068 Καὶὸ
1281 2040 1401 2067 Ἀππίων
1429 2040 1496 2076 ἔφη·
1516 2039 1613 2067 Ταῦτα·
1631 2039 1691 2075 ἐμοί
1715 2048 1762 2066 σου
1781 2039 1886 2074 μᾶλλον

263 2093 344 2121 quam
356 2089 384 2112 tu
397 2093 572 2121 cognoscam.
584 2086 622 2113 Ne
634 2090 723 2113 tamen
742 2086 811 2113 nihil
826 2084 945 2113 videaris
956 2092 987 2112 ex
1001 2093 1044 2113 me

1100 2087 1227 2123 τυγχώρει
1242 2087 1347 2113 ειδέναι.
1364 2086 1441 2122 137
1459 2086 1531 2122 Πλὴν
1546 2087 1590 2113 ἵνα
1611 2086 1647 2122 μὴ
1670 2086 1763 2121 δοκῇς,
1787 2084 1858 2120 πρὸς
1869 2084 1886 2110 ἃ

263 2131 400 2159 audivisse
419 2132 453 2159 de
473 2140 505 2159 eo
528 2132 601 2167 quod
631 2132 735 2164 dixisti,
757 2132 842 2164 disce,
860 2140 913 2168 qua
938 2133 1044 2161 ratione

1100 2132 1171 2168 ἔφης,
1190 2132 1272 2168 μηδὲν
1284 2132 1430 2168 ἀκηκοέναι
1447 2133 1511 2167 παρ’
1527 2131 1607 2167 ἐμοῦ,
1630 2131 1698 2166 μάθε
1715 2131 1773 2162 πῶς
1794 2131 1883 2164 ἀνάγ-

263 2182 394 2212 cogantur
417 2177 556 2206 daemones
575 2178 689 2213 obsequi
713 2178 848 2207 mandatis
875 2187 1041 2215 magorum;

1100 2185 1144 2212 ιιην
1162 2177 1266 2212 ἔχουσιν
1283 2177 1307 2203 οἱ
1325 2177 1451 2212 δαίμονες
1476 2178 1532 2208 τοῖς
1550 2176 1647 2212 μάγοις
1663 2175 1786 2202 ὑπείκειν
1817 2175 1887 2210 περὶ

263 2230 326 2250 nam
342 2223 414 2251 sicut
435 2223 491 2250 ﬁeri
508 2232 561 2250 non
584 2229 682 2259 potest,
704 2231 733 2252 ut
756 2224 834 2252 miles
850 2225 912 2253 duci
930 2230 1039 2253 contra—

1100 2222 1130 2251 ὃν
1146 2224 1368 2255 κελεύονται·ὡς
1391 2223 1444 2259 γὰρ
1468 2223 1596 2249 ἀδύνατόν
1624 2223 1681 2248 ὲστι
1709 2221 1884 2257 στρατιώτην

262 2268 346 2300 dicat,
360 2273 386 2296 et
397 2268 467 2296 sicut
488 2269 538 2304 ipsi
553 2269 637 2297 duces
661 2277 716 2297 non
741 2274 856 2305 possunt
884 2271 1042 2306 imperatori

1100 2271 1228 2296 ὶντειπεῖν
1242 2270 1281 2305 τῷ
1298 2269 1449 2304 ἡγουμένῳ,
1476 2269 1567 2300 αὐτοῖς
1585 2277 1615 2295 τε
1638 2269 1693 2300 τοῖς
1717 2267 1885 2303 ἡγουμένοις

262 2321 317 2340 non
330 2313 517 2348 obtemperare
534 2315 568 2349 (si
584 2315 645 2350 quis
660 2316 731 2342 enim
746 2317 896 2350 praepositis
921 2321 1040 2350 resistat,

1100 2315 1141 2350 δύχ
1154 2313 1208 2342 οἷόν
1225 2324 1254 2342 τε
1275 2315 1446 2351 παρακοῦσαι
1461 2314 1609 2348 βασιλέως’
1629 2314 1663 2349 (εί
1680 2313 1734 2349 γάρ
1747 2321 1790 2344 τις
1802 2313 1883 2339 ἀντε-

262 2359 374 2386 omnino
388 2367 484 2394 poenas
499 2360 606 2395 solvet),
622 2360 658 2387 ita
670 2361 727 2387 lieri
742 2361 846 2395 nequit,
864 2366 893 2388 ut
904 2361 1042 2389 dmmones

1100 2362 1136 2387 οεῖ
1157 2362 1213 2392 τοῖς
1227 2361 1413 2396 ἐφεστηκόσιν,
1433 2360 1540 2391 πάντως
1565 2359 1698 2395 τιμωρίας
1722 2359 1850 2392 ἀξιοῦται

262 2404 364 2439 angelis
389 2404 505 2431 ducibus
529 2404 586 2431 suis
610 2412 664 2432 non
690 2405 861 2432 subserviant
876 2415 882 2438 ;
899 2413 947 2440 per
972 2414 1041 2441 quos

1100 2406 1177 2438 ὤτως
1196 2407 1323 2433 ἀδύνατόν
1345 2407 1402 2432 ἐστι
1418 2406 1481 2437 τοὺς
1494 2405 1621 2441 δαίμονας
1640 2405 1676 2440 μὴ
1694 2406 1846 2440 ὑπουργεῖν
1862 2406 1885 2421 ⁵⁸

262 2450 377 2484 adjurati
401 2450 500 2477 cedunt
514 2453 670 2483 trementes,
684 2453 714 2477 ut
728 2451 774 2486 qui
789 2451 857 2479 bene
873 2452 1000 2478 noverint
1012 2459 1041 2479 se

1100 2453 1148 2483 τοῖς
1165 2452 1253 2478 αὐτῶν
1270 2451 1428 2486 ἡγουμένοις
1450 2451 1584 2485 ἀγγέλοις,
1604 2450 1663 2477 καθ’
1678 2446 1715 2476 ὧν
1733 2449 1885 2485 ὀρκιζόμε-

262 2502 316 2523 non
330 2495 474 2523 obsecutos
495 2495 607 2522 omnino
626 2495 727 2531 puniri.
747 2495 798 2530 ipsi
818 2503 926 2532 quoque
939 2496 1039 2531 angeli,

1100 2506 1132 2524 Mt
1157 2498 1311 2533 φρίττοντες
1333 2497 1461 2529 εῖκουσιν,
1479 2495 1508 2524 εὖ
1525 2496 1624 2528 εἰδότες
1646 2497 1688 2523 ὅτι
1711 2495 1886 2531 ἀπειθήσαν-

890 2575 1007 2603 νΑΒΙιΕ
1026 2575 1223 2603 LECTIONES.

297 2652 321 2672 ⁵³
334 2653 356 2680 D
380 2653 430 2688 legi
454 2653 511 2680 vult
527 2651 625 2687 ἀγνοῶ.
655 2652 689 2679 At
703 2652 790 2679 oratio
806 2657 846 2688 est
861 2652 1048 2684 ἁνακόλουθος,
1074 2660 1136 2680 cum
1161 2650 1543 2688 verborrrpo‘tetbvresumatur
1562 2652 1733 2688 participium
1760 2652 1886 2688 ἀγνοῶν.

262 2688 387 2723 Alioquin
400 2686 573 2723 scribendum
586 2692 657 2715 esset
670 2687 791 2723 ἠγνόουν.
805 2687 834 2715 S.
871 2688 893 2703 “
906 2687 1122 2723 ἀναγεγραφέναι
1136 2688 1167 2715 (1.
1205 2688 1229 2723 ξ’
1241 2686 1314 2722 Ε]ὲεί
1330 2694 1354 2714 c.
1369 2686 1404 2723 707.
1421 2688 1505 2723 αὐτὴν
1527 2686 1589 2722 post
1601 2687 1791 2723 φιλομάθειαν.
1809 2687 1884 2723 Tum

262 2721 438 2758 προσιέμενον
454 2722 475 2749 D
490 2743 498 2756 ,
521 2723 686 2758 προσέμενεν
708 2721 783 2758 ωηο.
818 2723 845 2758 7“
857 2722 987 2757 προειδώς
1002 2721 1096 2758 scripsi
1107 2731 1139 2750 ex
1154 2721 1417 2758 ροηίοοιζηπροζδών
1438 2722 1463 2758 Ci
1474 2721 1489 2754 ζ
1505 2721 1622 2758 προϊδώς
1644 2722 1675 2749 0.
1703 2721 1834 2758 Τιιιιιᾼτῴ
1849 2722 1886 2754 Ο,

263 2756 292 2784 οξ
302 2757 323 2782 D
338 2777 345 2788 ,
358 2756 404 2783 τοῦ
417 2759 448 2786 (ἰ.
485 2760 507 2777 ⁸⁷
519 2756 710 2792 προσποιητῶς
736 2756 765 2783 C.
804 2757 826 2773 ⁵⁸
855 2756 1043 2792 προσποιητῶς
1055 2759 1086 2784 C.
1123 2759 1146 2776 ‘9
1163 2757 1237 2784 κάτω
1252 2757 1337 2786 νεύειν
1350 2756 1381 2784 C.
1419 2757 1441 2776 ⁸⁸
1455 2757 1492 2784 Ita
1510 2756 1542 2788 0,
1554 2762 1580 2784 et
1590 2765 1622 2784 ex
1636 2757 1752 2791 conject.
1767 2756 1788 2783 C
1806 2756 1885 2791 ,uni

262 2791 331 2826 ὲρῶν
345 2794 370 2819 in
385 2798 467 2819 textu.
482 2791 550 2819 Vbii.
565 2791 650 2818 Nihil'
662 2793 688 2818 in
701 2792 754 2819 vita
778 2791 957 2823 est-unquam
970 2800 1013 2826 spe
1027 2792 1141 2825 (ιίιιιιιιιι)
1163 2793 1339 2819 (Ζοιειθτὶἃιιιιξ
1353 2792 1470 2826 versioni
1488 2792 1601 2823 reddidi,
1618 2800 1680 2819 eum
1711 2792 1887 2819 excidissent

263 2835 307 2875 ξμι
369 2861 376 2875 |
389 2827 462 2875 “‘lim
475 2827 497 2853 Ο
510 2828 547 2875 Rin
563 2827 734 2875 φοι-ξηῆμξν
757 2827 782 2853 in
802 2832 885 2868 tortu.
910 2826 984 2875 llem‘
999 2827 1218 2862 ἀξιολογώτατος.
1257 2829 1279 2845 ⁵⁸
1290 2829 1384 2865 αὐτήν,
1401 2829 1420 2856 δ
1447 2827 1528 2854 invita
1543 2827 1732 2861 grauunatica.
1769 2827 1794 2848 ι’
1810 2826 1888 2862 ἐμοῦ

263 2862 296 2888 (ἑ.
332 2862 356 2878 ⁵⁸
369 2861 405 2887 ιω
419 2862 440 2888 U
469 2869 494 2890 c.
509 2861 529 2889 S
545 2882 552 2892 ,
569 2861 699 2888 δουσωττᾶ
711 2862 739 2888 C.
788 2867 810 2881 δε
825 2862 951 2896 ὑποργείιη
963 2862 993 2888 Ο.
