1942 3100
94 155 141 182 IT:
660 148 891 178 CLEMENTINA.
905 162 942 169 —
957 147 1098 176 HOMILIA
1114 149 1142 176 γ.

1666 149 1717 178 178

93 221 138 245 τες
152 212 175 229 ⁸⁸
193 212 302 244 πάντως
320 211 495 245 κολάζονται.
517 210 595 237 ’Δλλὰ
612 210 658 238 καὶ
675 209 752 236 αὐτοὶ
762 209 786 234 οἱ
801 208 883 242 ἄγγε-

943 215 983 234 ιει·
997 206 1082 234 Deum
1096 207 1130 234 ab
1143 208 1230 242 magis
1247 206 1374 242 adiurati.
1398 206 1539 241 obediunt,
1558 215 1592 234 ne
1610 207 1718 236 inobse-

93 259 145 290 λοι,
170 258 241 285 κατὰ
254 257 303 285 τοῦ
329 257 486 294 κρείττονος
505 257 556 284 ὑπὸ
578 256 671 293 μάγων
703 254 883 291 ὀρκιζόμενοι,

94 305 262 337 ὑπείκουσιν,
279 304 379 340 μήπως
393 303 534 335 ἀπειθείας
557 303 695 338 κριθέντες
720 301 882 329 ἀπόλωνται.

94 351 127 377 Et
138 351 194 386 γὰρ
209 350 247 386 μὴ
258 350 348 378 πάντα
363 349 475 385 ἔμψυχα
487 349 551 376 ὄντα
564 349 612 376 καὶ
625 347 772 383 λογισμένα
781 344 885 382 προεώ-

94 397 193 435 ρατὴν
209 397 242 423 ὲκ
261 396 309 424 τοῦ
324 396 480 432 κρείττονος
503 395 591 430 δίκην,
620 393 749 429 σύγχυσις
769 392 803 420 ἂν
823 393 885 427 ὲγε-

91 442 180 478 γάνει,
194 441 249 468 τῶν
264 441 374 468 πάντων
389 439 588 472 στασιαζόντων
605 439 673 475 πρὸς
686 437 799 474 ἄλληλα.

131 488 176 515 VI.
194 487 280 522 Κάγὼ
294 487 372 524 ἔφην·
388 486 495 514 Οὐκοῦν
510 485 598 522 ὀρθῶς
619 485 675 521 ἔχει
690 485 725 512 τὰ
741 484 795 512 ὺπὺ
808 492 886 519 ποιη-

91 535 148 561 τῶν
173 535 222 561 καὶ
244 534 394 569 φιλοσόφων
410 533 545 568 λεγόμενα
560 532 583 548 ⁸⁷
594 552 602 564 ,
618 532 656 564 ὡς
671 533 701 558 ὲν
718 531 782 567 ᾅδου
796 531 825 558 αι
838 530 886 565 ψυ-

93 583 142 618 χαὶ
154 581 212 608 τῶν
226 580 343 610 ἀσεϐῶν,
365 580 500 616 κριθεῖσαι
514 580 556 615 ἐφ’
572 577 613 611 οἷς
626 579 787 614 ἐτόλμησαν,
804 577 886 604 κολά-

93 627 200 660 ζονται,
225 625 281 655 οἷον
312 626 416 660 Ἰξίονος
435 627 482 653 καὶ
505 625 640 652 Ταντάλου
665 623 762 651 Τιτυοῦ
786 631 815 649 τε
839 622 886 649 καὶ

93 673 215 708 Σισύφου
233 673 281 700 καὶ
296 673 350 700 τῶν
368 671 472 700 Δαναοῦ
494 671 651 707 θυγατέρων
673 670 720 698 καὶ
742 670 800 696 ὅσοι
820 669 886 695 ποτὲ

92 719 172 747 ἄλλοι
190 719 307 746 ἐνταῦθα
321 717 473 754 ἡσέϐησαν;
489 718 542 745 Καὶ
557 717 626 751 πῶς,
641 716 698 752 εῐγε
711 716 787 744 ταῦθ’
799 715 887 747 οὕτως

94 766 134 800 μὴ
151 766 204 801 ἔχῃ
233 765 304 798 "J',
311 764 422 792 δυνατὸν
436 763 469 792 ἂν
482 764 597 800 μαγείαν
609 764 772 799 ὑφεστάναις
791 763 844 790 Τοῦ
857 763 887 790 δὲ

91 810 311 843 εἰπόντοςωῦτω
325 811 359 838 τὰ
374 811 403 838 ὲν
419 810 483 847 ᾅδου
499 811 581 847 ἔχειν,
603 810 658 845 ἐγὼ
673 810 821 846 ἐπυθόμην·
837 808 888 836 Διὰ

90 857 120 883 τί
141 858 177 894 δὴ
197 858 246 884 καὶ⁵
272 858 348 885 αὐτοὶ
375 858 505 894 μαγεύειν
530 857 554 873 ⁸⁸
577 857 607 884 οὐ
632 855 819 892 πεφοϐἠμεθα,
840 856 887 882 ἐπὶ

92 904 223 939 μοιχείας
239 904 417 940 πεπεισμένοι
436 904 486 940 τὴν
500 904 529 930 ὲν
542 903 606 939 ᾅδου
621 903 698 939 δίκην
711 911 718 936 ;
741 902 850 938 μοιχείᾳ
863 901 884 917 ⁸⁸

91 950 150 986 γὰρ
167 950 316 985 βιάσασθαι
332 950 382 987 τὴν
404 950 442 986 μὴ
457 949 585 976 θέλουσαν
600 948 631 975 οὐ
646 947 804 983 συντίθεμαι
819 945 887 974 εἶναι

91 997 212 1025 δίκαιον.
231 997 263 1024 El
278 997 307 1024 δέ
319 1005 361 1028 τις
370 996 456 1033 αὐτὴν
472 996 552 1031 138
561 994 664 1022 πείθειν
679 993 886 1029 ἐπαγγέλλεται,

92 1044 166 1079 πρὸς
181 1043 263 1070 τοῦτο
274 1063 282 1076 ,
299 1042 368 1079 μετὰ
382 1042 429 1070 τοῦ
443 1043 490 1070 καὶ
506 1042 586 1078 χάριν
600 1040 750 1076 ὁμολογεῖν,
773 1039 888 1076 ἑτοίμως

93 1089 162 1125 ἐχω.

133 1135 191 1163 VII.
209 1136 264 1164 Καὶ
275 1136 290 1162 ὁ
312 1135 435 1163 ’Δππίων
445 1135 506 1171 ἔφη·
518 1135 557 1162 Οὐ
569 1134 643 1162 δοκεῖ
649 1142 689 1161 σοι
698 1133 796 1160 ταύτὸν
806 1130 886 1165 εἶναι,

93 1183 152 1212 εἴτε
171 1183 273 1220 μαγείᾳ
286 1184 371 1219 αὐτῆς
389 1182 527 1219 ὲπιτύχοις
545 1182 578 1214 ⁶¹,
595 1181 650 1208 εἴτε
665 1182 762 1212 πείσας
780 1179 886 1214 λόγοις;

94 1229 186 1264 Κάγὼ
201 1230 279 1265 ἔφην’
299 1230 336 1257 Οὐ
361 1229 470 1261 πάντως
490 1229 591 1264 ὅμοιον·
610 1228 676 1255 πολὺ
697 1227 751 1263 γὰρ
772 1227 889 1262 ἀφέστη-

94 1285 144 1304 κεν
161 1277 285 1313 ἀλλήλων
305 1276 444 1312 ἑκάτερον
461 1276 476 1303 ὁ
495 1274 544 1311 μὲν
566 1274 621 1310 γὰρ
636 1273 755 1302 ἄκουσαν
773 1274 889 1307 γυναῖκα

92 1325 128 1359 τῇ
144 1323 198 1358 τῆς
221 1322 338 1359 μαγείας
352 1322 398 1358 βίᾳ
414 1321 606 1356 ὲπαναγκάσας
617 1340 625 1352 ,
642 1320 680 1352 ὡς
695 1319 890 1350 ἐπιϐουλεύσας

94 1370 228 1406 σώφρονι,
246 1368 443 1405 χαλεπωτάτην
459 1367 555 1403 ὑπέχει
573 1367 624 1402 τὴν
637 1366 715 1402 δίκην
726 1374 732 1381 ·
749 1366 763 1392 ὁ
777 1365 805 1392 δὲ
818 1365 890 1400 λόγῳ

93 1417 205 1450 πίονας,
222 1417 271 1443 καὶ
287 1416 332 1442 ἐπὶ
348 1416 382 1452 τῇ
397 1414 481 1449 αὐτῆς
491 1413 599 1448 ἐξουσίᾳ
613 1413 660 1439 καὶ
676 1411 757 1448 βουλῇ
774 1410 889 1447 ποιησά-

95 1472 180 1499 μενος
195 1463 246 1499 τὴν
262 1463 379 1499 αἰρεσιν,
405 1461 455 1487 οὐκ
479 1460 616 1488 ἐϐιάσατο.
643 1457 744 1485 *Ηττον
760 1458 789 1485 δὲ
813 1455 890 1493 οἶμαι

94 1508 315 1546 κολασθήσεσθαι
325 1508 371 1535 τδν
379 1508 528 1535 πεπεικότα
538 1506 584 1534 τοῦ
597 1505 773 1542 βιασαμένου·
780 1512 890 1541 τοιγαρ-

934 254 1054 290 quentiae
1068 254 1107 281 rei
1125 258 1247 289 pereant.
1271 253 1328 280 Nisi
1351 253 1424 280 enim
1451 258 1550 280 cuncta
1573 253 1664 280 anima
1690 258 1718 282 et

937 300 1043 327 ratione
1071 299 1185 333 praedita
1208 298 1344 334 justitiam
1369 297 1494 326 Numinis
1525 299 1717 334 praevidet-ent,

936 345 1058 372 oriretur
1071 343 1206 376 confusio,
1221 344 1351 371 omnibus
1364 351 1461 379 nempe
1479 347 1573 371 mutua
1587 344 1718 372 seditione

934 392 1132 420 laborantibus.

971 481 1016 508 Vl.
1034 480 1067 508 Et
1087 488 1139 516 ego
1157 480 1213 508 dixi
1228 491 1234 509 :
1253 479 1322 508 Vera
1341 480 1433 515 itaque
1449 483 1513 508 sunt
1531 488 1591 515 quae
1603 488 1618 508 a
1634 482 1720 515 poetis

935 535 962 557 et
979 527 1151 564 phiIOsophis
1167 532 1325 561 narrantur,
1348 528 1374 554 in
1397 526 1492 555 inferis
1508 527 1613 556 animas
1624 528 1721 564 impio-

935 582 996 602 rum
1013 574 1141 609 judicari,
1164 578 1191 602 et
1213 581 1263 610 pro
1288 573 1455 601 facinoribus
1469 574 1579 608 puniri?
1600 573 1720 609 Exempli

936 622 1022 656 gratia
1047 621 1155 648 animas
1179 619 1293 652 Ixionis,
1317 619 1435 652 Tantali,
1461 619 1543 655 Tityi,
1564 619 1671 655 Sisyphi
1695 627 1722 647 et

937 666 1022 694 Danai
1038 666 1166 699 filiarum,
1182 673 1233 694 nec
1253 673 1305 692 non
1322 665 1390 693 alios
1402 672 1496 692 omnes
1511 665 1667 700 quicunque
1678 665 1722 693 hic

937 712 1062 739 vixerunt
1074 711 1165 745 impie.
1181 710 1220 738 Ac
1234 710 1382 745 quomodo,
1403 710 1425 738 si
1438 710 1496 738 haec
1507 718 1559 738 non
1578 710 1615 737 ita
1629 717 1658 738 se
1671 709 1721 737 ha-

936 757 1010 791 bent,
1037 757 1137 792 poterit
1163 757 1251 792 magia
1275 756 1441 785 subsistere?
1458 757 1580 791 Cumque
1610 756 1655 784 ille
1677 763 1722 783 re-

937 805 1110 840 spondisset,
1134 804 1171 831 ita
1187 812 1248 832 esse
1263 804 1296 832 de
1309 803 1414 835 inferis,
1433 811 1484 839 ego
1496 802 1679 838 interrogavi:
1695 806 1723 829 et

938 858 987 878 cur
1004 851 1054 886 ipsi
1080 851 1198 886 magiam
1214 858 1342 878 exercere
1363 857 1416 877 non
1439 850 1576 882 timemus,
1595 849 1641 884 qui
1655 849 1722 877 certi

938 905 1036 926 sumus
1049 897 1083 925 de
1099 896 1188 932 patriis
1203 896 1330 924 adulterii
1343 895 1413 930 apud
1430 895 1552 923 inferos?
1569 895 1668 930 Stupro
1686 895 1724 923 siv-

937 943 1048 979 quidem
1078 943 1215 970 nolentem
1244 941 1374 969 feminam
1400 941 1592 976 comprimere,
1617 941 1723 979 justum

937 996 999 1017 esse
1013 996 1068 1016 non
1088 988 1233 1016 aSsentior.
1249 987 1302 1015 Sed
1316 987 1338 1015 si
1352 986 1415 1022 quis
1436 975 1633 1021 parsuasurum
1645 994 1674 1014 se
1688 975 1723 1014 ii-

938 1036 992 1064 lam
1016 1035 1169 1071 pollicetur,
1186 1034 1220 1062 ad
1241 1034 1269 1062 id
1283 1041 1333 1070 ego
1347 1041 1408 1061 sum
1420 1028 1543 1069 paratus,
1559 1033 1725 1068 insuper-que

938 1082 1042 1111 habebo
1057 1082 1183 1117 gratiam.

975 1128 1031 1156 Vll.
1053 1128 1165 1164 Excepit
1188 1129 1294 1163 Appion
1312 1127 1428 1156 :Nonne
1455 1127 1504 1156 tibi
1526 1127 1632 1154 videtur
1653 1125 1724 1153 idem

938 1183 1009 1209 esse,
1027 1175 1084 1203 sive
1098 1183 1147 1210 per
1166 1175 1285 1210 magiam
1302 1182 1334 1202 ea
1347 1174 1471 1210 potiarls,
1493 1174 1551 1202 sive
1570 1180 1616 1208 per
1627 1171 1712 1199 verbo

938 1230 1000 1250 rum
1024 1221 1181 1250 suadelam?
1204 1220 1340 1256 Respondi
1364 1228 1439 1256 ego:
1469 1219 1527 1247 Non
1550 1218 1662 1246 omnino
1676 1224 1726 1252 par

939 1273 981 1297 est
1005 1278 1012 1296 :
1034 1268 1150 1296 multum
1169 1267 1269 1303 quippe
1291 1267 1374 1294 distat
1392 1273 1477 1294 unum
1498 1265 1533 1293 ab
1551 1264 1651 1296 altero;
1678 1262 1726 1298 qui

939 1315 1012 1343 enim
1030 1315 1144 1343 invitam
1160 1314 1303 1342 mulierem
1326 1321 1375 1349 per
1388 1312 1443 1339 vim
1459 1311 1554 1346 magiae
1568 1310 1651 1346 cogit,
1668 1314 1726 1336 Ian—

939 1368 1022 1397 quam
1038 1360 1183 1388 insidiator
1199 1359 1304 1395 pudica:
1321 1358 1497 1394 gravissimas
1517 1356 1592 1384 dabit
1606 1362 1701 1390 pinnas
1717 1363 1724 1382 :

940 1407 987 1442 qui
1010 1415 1074 1434 vero
1092 1413 1219 1435 sermone
1233 1406 1379 1442 persuasit,
1401 1409 1482 1440 atque
1500 1404 1527 1430 in
1541 1403 1601 1437 ejus
1613 1400 1726 1429 arbitrio

940 1462 973 1482 ac
989 1454 1127 1481 voluntate
1143 1452 1236 1488 posuit
1249 1452 1418 1483 electionem,
1443 1450 1466 1477 is
1488 1456 1542 1476 non
1559 1448 1648 1475 intulit
1660 1447 1725 1474 vim.

941 1499 1030 1527 Minus
1054 1502 1155 1531 autem,
1181 1497 1287 1532 opinor,
1312 1496 1440 1531 punietur
1460 1495 1505 1530 qui
1530 1493 1626 1526 suasit,
1644 1497 1727 1527 quam

94 1556 153 1590 οὖν,
168 1557 194 1583 εί
212 1540 262 1592 μὲν
274 1557 367 1582 πεῖσαι
383 1554 506 1587 δύνασαι,
525 1540 604 1591 χάριν
618 1552 671 1586 ἔξω
683 1540 833 1587 Ἲὲπιτυχὼν,
843 1540 889 1579 άλ-

943 1546 987 1580 qui
1009 1545 1106 1579 coegit.
1133 1544 1267 1578 Quocirca
1289 1543 1312 1570 si
1331 1543 1440 1578 quidem
1456 1540 1620 1576 persuadere
1638 1544 1725 1573 potes,

94 1604 150 1636 λως
168 1604 198 1631 δὲ
214 1603 289 1639 ἥδιόν
303 1603 326 1620 ⁸³
343 1611 390 1638 μοι
404 1601 531 1628 τεθνάναι
549 1600 664 1636 μᾶλλον,
681 1599 698 1636 ἢ
711 1599 760 1635 τὴν
775 1599 812 1635 μὴ
827 1598 890 1634 βου-

93 1649 214 1685 λομένην
234 1649 329 1685 βιαίως
342 1647 544 1682 ὲπαναγκάσαι.

132 1695 202 1723 νιιι.
220 1696 276 1723 Καὶ
297 1697 311 1722 ὁ
340 1695 472 1727 Ἁππίων,
491 1693 598 1730 ἀληθῶς
610 1691 763 1728 διαπορῶν,
779 1691 843 1727 ἔφη’
859 1691 890 1719 Τί

98 1751 130 1778 με
148 1742 203 1778 χρὴ
221 1742 290 1777 πρὸς
304 1741 334 1768 σὲ
350 1740 460 1775 λέγειν;
477 1740 545 1767 Ποτὲ
564 1739 612 1776 μὲν
633 1738 688 1775 γὰρ
703 1738 741 1770 ὡς
757 1737 811 1765 ὑπὸ
822 1737 890 1773 ἔρω-

96 1798 141 1821 τος
162 1788 359 1824 ἐνοχλούμενος
379 1787 448 1824 εὖχῃ
471 1788 609 1822 ἐπιτυχεῖν
621 1805 628 1818 ,
646 1785 711 1812 ποτὲ
732 1784 761 1812 δὲ
784 1784 822 1816 ὡς
842 1784 892 1810 οὐκ

96 1835 170 1872 ἐρῶν
183 1835 206 1851 ⁸³
221 1836 272 1871 τῆς
286 1834 435 1870 ἐπιθυμίας
452 1834 588 1870 προτιμᾷς
603 1833 649 1859 τὸν
663 1831 745 1867 φόϐον
755 1851 763 1863 ,
781 1831 828 1857 καὶ
841 1830 892 1857 οίει

96 1881 196 1913 πείσας
214 1881 264 1917 μὲν
287 1880 324 1913 ὡς
340 1880 531 1916 ἀναμάρτητος
553 1879 661 1906 ἔσεσθαι
676 1877 830 1908 ἀνεύθυνος,
846 1876 892 1912 βίᾳ

96 1929 125 1955 δὲ
145 1929 181 1964 τῇ
197 1928 247 1963 τῆς
265 1927 381 1963 μαγείας
394 1925 529 1962 ἐπιτυχὼν
547 1924 656 1960 ὑφέξειν
671 1925 694 1941 ⁸⁵
710 1924 798 1960 δίκην.
822 1923 891 1950 Ἀλλ’

96 1974 208 2008 ἀγνοεῖς
231 1974 269 2005 ὼς
292 1973 323 2000 τὸ
347 1972 424 2004 τέλος
445 1971 544 2004 παντὸς
572 1971 733 2007 πράγματος
758 1969 891 2006 κρίνεται,

96 2020 139 2047 ὅτι
155 2019 280 2054 γέγονεν,
306 2019 337 2047 οὐ
356 2018 388 2045 τδ
403 2018 462 2050 πῶς
477 2018 571 2053 γέγονε
585 2017 772 2054 δοκιμάζεται.
789 2016 844 2043 Καὶ
859 2016 892 2042 σὺ

96 2067 136 2098 δὲ,
148 2067 197 2093 ἐὰν
216 2065 374 2102 μοιχεύσῃς,
387 2065 417 2092 οὐ
429 2065 524 2101 δήπου,
537 2065 640 2100 μαγείᾳ.
655 2063 704 2100 μὲν
716 2062 893 2099 δυνηθεὶς,ὠς

95 2113 203 2148 ἀσεϐὴς
213 2112 236 2129 ⁶⁶
254 2111 376 2149 κριθήσῃ
388 2132 395 2144 ,
421 2112 519 2143 πείσας
543 2111 582 2143 δὲ,
598 2111 648 2147 τῆς
671 2109 741 2138 κατὰ
767 2109 817 2145 τὴν
835 2117 894 2145 μοι-

96 2161 177 2196 χείαν
188 2158 327 2195 ἁμαρτίας
341 2157 499 2193 ἀπολυθήσῃ
511 2166 519 2190 ;
535 2155 620 2192 Κάγὼ
634 2156 711 2191 ἔφην·
723 2155 773 2182 Διὰ
785 2155 815 2181 τὸ
828 2155 893 2191 ὲρᾷν

97 2207 211 2238 πάντως
225 2215 269 2241 μοι
281 2205 461 2242 προκειμένου
571 2204 662 2238 τυχεῖν
676 2202 727 2237 τῆς
741 2201 892 2238 ἐρωμένης,
909 2223 932 2251 D

97 2253 208 2288 ἀνάγκη
226 2252 275 2288 μέν
286 2260 331 2287 μοι
348 2250 455 2277 ἑλέσθαι
472 2249 594 2286 θάτερον,
612 2249 761 2285 αἱρήσομαι
775 2247 814 2280 δὲ,
830 2248 855 2274 εί
870 2247 892 2263 ⁸¹

96 2297 154 2326 οἶόν
168 2308 211 2331 τε,
223 2297 388 2325 κολακεῦσαι
401 2296 510 2332 μᾶλλον,
527 2296 545 2332 ἢ
566 2295 711 2332 μαγεῦσαι,
744 2294 812 2321 Ἀλλ’
831 2293 892 2321 οὐδὲ

99 2344 231 2381 κολακεία
254 2344 359 2371 πείθειν
381 2344 466 2380 αὐτὴν
488 2343 586 2379 ῥᾴδιον·
615 2342 686 2370 πάνυ
705 2341 759 2377 γάρ
784 2341 891 2377 ἐστινὴ

99 2393 167 2429 γυνὴ
184 2392 340 2428 φιλόσοφος.

134 2482 181 2510 IX.
205 2482 261 2509 Καὶ
281 2482 295 2508 ὁ
321 2479 446 2507 Ἀππίων
468 2479 529 2515 ἔφη·
553 2478 646 2514 Ταύτῃ
664 2477 764 2514 μᾶλλον
783 2477 894 2510 εῠελπίς

102 2531 159 2565 ειμι
177 2529 284 2556 πείθειν
302 2528 326 2544 ⁸⁸
348 2527 435 2562 αὐτὴν
459 2525 632 2561 δυνήσεσθαι,
649 2525 687 2557 ὠς
704 2525 784 2557 αὐτὸς
796 2525 892 2558 θέλεις,

103 2578 178 2612 εἶαρ
193 2585 227 2611 γε
254 2574 458 2611 προσομιλῆσαι
471 2573 540 2608 αὐτῇ
554 2571 701 2608 δυνάμεθα.
720 2572 805 2606 Κάγὼ
824 2573 893 2599 ἁπε-

104 2624 246 2660 κρινάμην-
278 2621 434 2649 Ἀδύνατον.
457 2620 512 2646 Καί
535 2620 549 2646 ὁ
575 2618 696 2646 Ἀππίων
720 2618 844 2650 ἐπύθετο,
869 2619 893 2646 εί

941 1593 1055 1628 gratiam
1068 1591 1174 1619 habebo
1191 1597 1303 1625 compos
1322 1589 1408 1617 factus
1423 1599 1430 1616 :
1448 1588 1526 1616 aliter
1541 1593 1605 1614 vero
1620 1586 1728 1614 dulcius

941 1640 1008 1667 mihi
1025 1639 1094 1666 mori
1110 1646 1192 1674 quam
1216 1638 1353 1665 nolentem
1365 1637 1390 1664 vi
1406 1636 1524 1672 adigere.
1748 1669 1751 1671 ἓ

977 1685 1045 1713 Vill.
1073 1684 1105 1712 Et
1123 1685 1229 1720 Appion
1244 1691 1308 1710 vere
1327 1683 1427 1710 dubius
1446 1681 1528 1709 animi
1548 1680 1616 1708 dixit
1634 1690 1640 1707 :
1657 1679 1728 1713 Quid

942 1740 986 1759 me
999 1731 1048 1759 tibi
1059 1730 1135 1758 effari
1148 1729 1274 1765 oportet?
1290 1729 1429 1756 Interdum
1443 1729 1517 1755 enim
1530 1727 1611 1762 quasi
1626 1726 1728 1754 amoris

941 1778 1087 1813 impatiens
1102 1777 1156 1804 frui
1171 1776 1326 1808 desideras;
1343 1774 1479 1802 interdum
1493 1780 1568 1806 vero,
1580 1772 1659 1808 quasi
1675 1779 1728 1799 non

942 1832 1028 1857 ames,
1056 1827 1160 1850 metum
1187 1822 1330 1856 anteponis
1356 1821 1498 1855 cupidini,
1524 1823 1552 1847 et
1577 1819 1729 1850 existimas,

941 1871 1027 1907 quod,
1055 1870 1078 1898 si
1101 1869 1281 1905 persuaseris,
1306 1869 1417 1903 impune
1442 1871 1572 1901 tanquam
1597 1865 1645 1900 qui
1674 1872 1729 1892 non

942 1918 1096 1954 peccaveris
1110 1917 1223 1949 evades;
1237 1916 1280 1944 sin
1295 1922 1360 1942 vero
1376 1921 1424 1949 per
1438 1913 1572 1946 magicam
1588 1912 1641 1939 vim
1655 1918 1731 1938 com-

943 1972 993 2000 pos
1009 1964 1063 1992 voti
1076 1963 1136 1996 tias,
1153 1968 1250 1997 pteth
1266 1959 1355 1988 dabis.
1373 1958 1427 1986 Sed
1439 1958 1562 1992 ignoras,
1582 1955 1731 1990 cujuscun-

942 2019 997 2047 que
1024 2010 1126 2046 negotii
1145 2009 1226 2036 linem
1251 2005 1379 2042 iudicari,
1402 2009 1430 2033 et
1451 2004 1570 2036 factum,
1592 2010 1647 2029 non
1665 2001 1731 2028 facti

943 2057 1055 2086 modum
1070 2055 1198 2091 expendi.
1219 2054 1253 2081 Et
1272 2061 1337 2081 vero
1355 2057 1382 2080 tu
1398 2051 1421 2079 si
1437 2050 1601 2079 adulterium
1615 2048 1731 2076 commi-

944 2105 1023 2137 seris,
1036 2103 1159 2138 nunquid
1170 2122 1178 2136 ,
1196 2109 1245 2137 per
1258 2100 1377 2135 magiam
1393 2104 1516 2133 compos,
1532 2100 1661 2131 tanquam
1678 2095 1732 2121 im-

944 2152 1006 2187 pius
1022 2148 1260 2181 condemnaberis,
1282 2154 1330 2182 per
1344 2145 1499 2173 suasionem
1520 2151 1593 2174 vero,
1606 2141 1640 2170 ab
1656 2140 1733 2168 adul-

946 2197 1008 2226 terii
1035 2200 1147 2232 peccato
1172 2193 1340 2222 absolveris?
1365 2191 1399 2218 Et
1422 2198 1472 2226 ego
1500 2187 1732 2224 respondi:Cum

946 2251 1046 2277 amem,
1072 2242 1241 2276 omninoque
1256 2239 1322 2267 mihi
1336 2245 1487 2274 proponam
1499 2235 1552 2263 frui
1568 2238 1671 2267 amata,
1685 2240 1733 2260 ne-

946 2298 1023 2318 cesse
1044 2289 1154 2324 quidem
1172 2291 1215 2314 est
1230 2290 1261 2313 ut
1283 2286 1398 2313 alterum
1412 2284 1510 2319 eligam
1521 2303 1528 2315 ,
1548 2281 1641 2309 malim
1656 2287 1732 2312 vero,

946 2338 969 2366 si
995 2335 1111 2364 facultas
1131 2338 1192 2367 est,
1217 2333 1374 2360 adulatione
1397 2331 1446 2363 nti,
1460 2337 1543 2365 quam
1562 2328 1661 2363 magia.
1679 2326 1733 2353 Sed

945 2390 995 2411 nec
1015 2381 1155 2410 blanditiis
1176 2379 1257 2408 facile
1281 2378 1333 2406 erit
1354 2376 1495 2406 mulierem
1515 2375 1548 2403 ad
1568 2380 1733 2402 consensum

945 2430 1091 2462 adducere,
1106 2428 1187 2456 valde
1199 2427 1271 2455 enim
1287 2425 1428 2460 sapientiae
1443 2423 1564 2451 studiosa
1577 2425 1630 2448 est.

981 2474 1029 2502 ιχ.
1053 2473 1087 2501 Et
1100 2473 1207 2509 Appian
1224 2481 1231 2500 ;
1245 2471 1284 2498 Eo
1300 2470 1396 2506 magis,
1412 2468 1511 2504 inquit,
1524 2468 1595 2495 bona
1610 2472 1652 2492 me
1670 2471 1733 2499 spes
1772 2486 1776 2490 Α

945 2520 1038 2553 habet,
1056 2526 1137 2555 posse
1156 2518 1181 2545 ei
1201 2516 1371 2552 persuaderi,
1395 2511 1626 2550 quemadmodum
1641 2509 1740 2544 cupis,‘

945 2568 969 2595 si
982 2554 1086 2595 cumea
1097 2565 1217 2600 colloqui
1228 2564 1318 2591 detur.
1333 2561 1390 2596 Ego
1405 2558 1544 2595 respondi,
1556 2556 1613 2584 lieri
1628 2554 1732 2590 nequit.

945 2616 1052 2652 Appion
1071 2619 1162 2642 autem
1185 2611 1341 2641 sciscitatus
1358 2613 1400 2637 est
1411 2629 1418 2642 ,
1440 2615 1505 2635 num
1520 2608 1613 2642 posset
1626 2604 1660 2631 ad
1671 2609 1732 2630 eam

745 2686 864 2714 VARUS
891 2685 1093 2715 LECTIONES.

135 2742 158 2761 ιι
190 2738 401 2776 ιάπειρήςρινεες
486 2757 497 2775 ⁸,
515 2733 691 2776 Qttoboniani
721 2732 924 2776 dfftdeioemaé
944 2734 1030 2776 idem.
1049 2732 1130 2776 valet,
1160 2728 1362 2776 dn‘s‘IBﬁaﬁvlrsg
1387 2725 1419 2752 C.

103 2764 245 2804 mendos—:3:
264 2764 328 2790 ἐἶτ’
342 2772 367 2800 0
375 2764 440 2805 logit
451 2770 478 2797 in
486 2764 633 2797 indicativo
645 2769 711 2803 ἕχει.
748 2768 770 2784 “
780 2768 893 2803 μαγείαν
905 2764 936 2795 C.
944 2764 1012 2796 Tum
1023 2768 1069 2794 ἐπὶ
1082 2766 1188 2802 μοιχεία
1198 2764 1231 2792 Ο.

104 2813 151 2835 ἰρι
167 2812 195 2835 8-
233 2810 259 2826 ⁶¹
270 2808 417 2835 ὲπιτυγών
437 2806 470 2832 C.
486 2805 584 2832 Verum
601 2805 656 2835 jam
674 2803 740 2830 vidit
754 2802 783 2830 S.
799 2802 871 2833 Idem
882 2803 984 2835 παίσας
996 2803 1134 2830 mendose.
1173 2800 1195 2816 ⁸³
1211 2800 1231 2833 ἦ

104 2813 151 2841 Ἱθι
167 2812 195 2840 8,
233 2812 259 2826 ⁶¹
270 2812 417 2842 ἐπιτυχὼν
437 2812 470 2832 u.
488 2812 584 2832 verum
601 2812 656 2837 jam
674 2812 740 2830 vum
755 2812 783 2830 δ.
799 2812 871 2833 Idem
882 2812 984 2836 παισας
996 2812 1134 2830 lncnuosc.
1173 2812 1195 2816 "
1211 2812 1284 2833 ηυιυν
1298 2812 1326 2824 υ·
1340 2812 1361 2822 υ
1377 2815 1384 2827 θ
1400 2812 1484 2830 new"
1498 2812 1528 2820 ν·
1603 2812 1685 2827 *ππ-ν·-
1703 2812 1732 2817 ν-

104 2849 224 2874 ιοῦωέειν
246 2844 281 2872 0.
327 2843 351 2858 “
368 2840 508 2874 ἀσεϐήσας
518 2840 550 2868 C.
590 2840 612 2856 "'
626 2839 650 2865 εἰ
660 2838 751 2866 addidi
767 2846 792 2865 c.
810 2837 833 2865 0
858 2847 864 2866 :
880 2846 963 2874 quam
987 2838 1148 2874 particulam
1178 2835 1272 2862 deesse
1291 2833 1348 2868 jam
1362 2831 1517 2866 suspicatus
1533 2832 1574 2856 cst
1591 2827 1620 2854 S.
1659 2825 1682 2842 ⁸⁸
1696 2825 1734 2854 ιω

102 2849 224 2883 ωὗφέξιν
246 2844 291 2883 0;
320 2843 351 2883 ’ξ’
361 2840 508 2876 ’ἀσεϐήσας
518 2840 550 2868 C.

103 2883 118 2911 S
129 2906 138 2918 ,
148 2876 254 2912 πείσειν
268 2878 292 2907 C
318 2876 343 2906 0

1487 2725 1511 2742 ⁵⁷
1524 2720 1678 2758 φλεγόμενα
1698 2719 1732 2752 O,

1281 2756 1380 2803 ".1493-
1398 2756 1535 2803 νέγῗίᾳέεέ
1549 2757 1592 2803 9.:
1605 2756 1732 2803 ἳίῑεῗῖῖῖέ·

1173 2794 1195 2816 ⁵³
1211 2798 1284 2833 ἥδιόν
1297 2796 1326 2824 S.
1340 2792 1384 2827 0",
1396 2792 1528 2833 ἥδειόννῦ.
1566 2792 1687 2833 “Halym?
