1942 3100
228 146 276 174 179

664 148 693 178 8.
706 150 899 179 CLEMENTIS
914 153 924 180 l
940 152 1023 180 ROM.
1038 150 1137 180 PONT.
1153 151 1269 180 OPERA
1284 151 1398 181 DUBIA.

1796 150 1852 178 180

223 203 363 233 scribi.-Et
379 212 432 241 ego
443 203 501 233 dixi
519 204 549 234 id
559 205 670 241 quidem
689 207 747 234 ﬁeri
762 215 852 242 posse.
869 207 938 235 Tum
953 209 1007 244 Ap-

1059 208 1206 234 ἐπιστεῖλαι
1227 208 1295 243 αὐτῇ
1309 207 1420 235 δυνατόν
1436 208 1521 235 ἔστιν.
1537 207 1623 243 Κάγὼ
1634 207 1712 244 ἔφην·
1726 207 1850 234 Δυνατὺν

223 251 286 284 pion
301 259 308 276 :
324 249 384 277 Jam
399 256 478 279 nocte
493 252 545 279 hac
559 253 729 280 conscribam
739 254 870 286 libeHum,
884 255 1008 282 muechiaa

222 294 350 327 laudem;
373 303 453 330 quem
477 300 506 324 tu
529 304 544 324 a
566 304 609 324 me
622 303 761 333 acceptum
776 298 810 325 ad
823 307 883 326 eam
899 299 1005 333 mittes;

222 344 250 366 et
264 347 345 374 spero
357 342 430 376 quod
443 341 509 369 ﬂexa
524 343 685 371 consentiet.
701 343 790 379 Atque
811 344 916 379 Appion
932 352 1008 372 com-

195 375 199 381 ’
224 385 340 419 positam
367 375 427 414 eam
449 389 592 423 epistolam
618 389 686 417 mihi
706 375 790 423 dedit,
806 375 911 425 denqua
928 394 1009 418 nocte

225 430 276 458 ista
303 433 420 467 cogitavi
445 442 582 470 quamque
603 440 754 470 opportune
776 436 935 464 recordatus
947 444 1007 465 sum

225 484 270 504 me
283 477 383 505 habere
397 487 452 506 una
467 487 529 507 cum
551 481 612 508 aliis
633 482 740 515 libellis,
759 489 829 517 ques
841 490 948 510 mecum
961 483 1008 511 de-

226 522 294 550 fero.
314 523 376 552 Haec
388 533 449 553 cum
467 534 638 561 narrassem,
656 529 812 556 astantibus
830 529 936 557 ostendi
948 530 1008 565 epi-

226 569 335 602 stolam,
361 571 522 607 cupidisque
543 573 637 602 audire
650 575 771 604 recitavi.
791 575 896 611 Legens
917 581 1008 603 autem

226 615 298 642 dixi:
314 615 376 644 Hzec
388 618 534 652 est,oviri,
548 619 706 648 Graecorum
717 621 871 657 disciplina,
883 631 943 657 quae
955 623 1010 650 lar-

227 668 287 695 gam
308 662 409 696 prmbet
428 663 462 690 ad
485 665 624 693 audaciter
641 667 808 702 peccandum
822 669 1007 697 occasionem.

227 703 346 740 Epistola
361 715 425 735 vero
437 709 474 736 ita
489 709 615 739 habebat.

262 794 298 822 Χ.
310 796 424 825 Amator
438 803 535 827 amatae
548 799 664 836 (absque
675 801 833 830 nominibus
845 807 956 838 propter
971 804 1010 831 le-

228 847 274 875 ges
286 849 301 868 a
317 842 406 870 stultis
423 845 580 873 hominibus
597 847 729 882 saucitas)
739 847 819 882 jussu
830 848 949 883 Amoris,
961 857 1010 877 an-

229 886 376 921 :iquissimi
389 890 511 917 omnium
523 891 612 926 pueri,
628 893 743 921 salutem
756 893 831 922 dicit.
847 894 968 930 Cognovi
982 900 1009 923 te

227 933 350 961 animum
365 936 398 963 ad
411 937 531 965 studium
547 939 690 974 sapientiae
702 940 849 975 applicare,
863 945 890 969 et
905 942 941 969 ob
954 942 1009 969 vir-

228 983 313 1007 tutem
329 982 453 1010 aemulari
468 983 612 1012 meliorum
626 985 723 1013 vitam.
739 986 855 1020 Quinam
871 995 937 1016 vero
952 996 1010 1016 me-

226 1028 309 1057 liores
320 1029 385 1063 sint,
401 1039 482 1065 quam
495 1032 567 1060 inter
580 1033 672 1061 omnia
687 1034 736 1068 dii,
760 1039 788 1062 ct
803 1035 873 1063 inter
885 1036 1009 1063 homines

226 1073 398 1109 philosophi?
412 1075 453 1103 Illi
470 1084 590 1112 namque
609 1079 659 1106 soli
673 1079 764 1106 sciunt
778 1087 902 1115 quaenam
916 1088 947 1107 ex
964 1088 1010 1108 ac-

225 1119 347 1148 tionibus
363 1127 460 1150 natura
472 1123 527 1151 sint
538 1124 615 1152 mala:
628 1130 675 1153 aut
686 1125 774 1159 bona),
787 1131 814 1153 et
824 1134 948 1161 quaenam
961 1134 1010 1161 per

227 1166 316 1201 legum
326 1167 435 1196 decreta
454 1169 531 1200 tales,
547 1177 608 1197 cum
622 1177 677 1197 non
692 1171 757 1205 sint,
773 1171 933 1199 habeantur.
947 1172 1009 1200 .Iam

224 1219 289 1248 ergo
308 1213 483 1248 adulterium,
507 1215 580 1250 quod
600 1216 708 1248 dicitur,
730 1217 854 1244 nonnulli
874 1218 1008 1246 actionem

225 1259 325 1286 malam
341 1267 402 1287 esse
418 1261 603 1294 crediderunt,
619 1262 682 1290 licet
697 1262 852 1291 omnimode
867 1264 937 1291 bona
953 1264 1008 1298 sit;

225 1311 289 1332 nam
309 1306 343 1332 ad
359 1307 467 1341 generis
490 1307 744 1342 multiplicationem
765 1309 845 1344 jussu
868 1311 1008 1346 Cupidinis

225 1357 377 1379 exercetur.
391 1351 439 1381 Est
451 1357 540 1381 autem
552 1354 658 1389 Cupido
670 1356 784 1383 deorum
799 1357 923 1384 omnium
938 1358 1010 1385 anti-

225 1399 390 1434 quissimus;
418 1401 522 1436 absque
545 1402 618 1430 enim
641 1403 774 1438 Cupidine
789 1411 844 1433 non
862 1405 1009 1433 elemeut0«

225 1453 298 1478 rum,
322 1453 377 1473 non
393 1446 518 1481 deorum,
542 1456 597 1476 non
620 1449 773 1484 hominum,
796 1459 850 1479 non
865 1451 1009 1480 brutorum

225 1492 418 1526 animantium,
441 1501 496 1522 non
522 1499 682 1523 ceterorum
699 1497 820 1524 omnium
846 1505 1009 1534 congressus

1057 252 1135 278 τοῦτό
1149 261 1190 287 γε.
1208 253 1263 279 Καὶ
1273 253 1286 279 ὁ
1309 252 1430 279 ’Δππίων
1444 253 1505 289 ἔφη·
1521 253 1582 279 Ἔτι
1592 253 1615 269 θ’
1628 254 1662 288 τῇ
1672 252 1750 279 νυκτὶ
1757 251 1851 287 ταύτῃ

1058 299 1207 334 συγγράφω
1224 299 1334 334 βιϐλίον,
1353 299 1477 335 μοιχείας
1490 299 1636 334 ἐγκώμιον,
1652 299 1720 334 ὅπερ
1735 298 1768 325 σὺ
1780 298 1851 334 παρ’

1058 343 1125 380 ἐμοῦ
1142 344 1230 371 λαϐὼν
1246 345 1407 381 διαπέμψεις
1421 345 1488 381 αὐτῇ
1501 365 1508 378 ,
1530 345 1578 371 καὶ
1610 344 1711 376 ἐλπίζω
1728 344 1768 371 ὄτι
1785 352 1852 371 κι-

1059 391 1152 417 σθεῖσα
1162 391 1333 427 συνθήσεται.
1349 391 1405 418 Καὶ
1419 391 1578 427 συγγράψας
1593 393 1607 418 ὁ
1623 391 1743 417 Ἀππίων
1757 391 1853 417 ἐκεῖνο

1058 438 1088 464 τὸ
1105 437 1206 473 βιϐλίον
1231 437 1316 464 ἐδίδου
1330 437 1392 473 ἐμοὶ
1405 457 1412 470 ,
1436 437 1500 473 περὶ
1513 434 1543 464 οὗ
1567 437 1613 463 καὶ
1633 438 1662 463 ἐν
1679 438 1712 472 τῇ
1728 435 1808 463 νυκτὶ
1821 435 1853 451 ⁷⁸

1058 483 1142 520 ταύτῃ
1165 484 1303 519 ἐνενόησα,
1330 484 1378 510 καὶ
1399 483 1534 519 εὐκαίρως
1548 484 1570 499 ⁷¹
1595 484 1666 518 ἔχειν
1685 483 1750 510 αὐτὸ
1775 483 1854 509 ὑπε-

1060 529 1195 566 μνήσθην,
1210 530 1258 557 σὺν
1270 530 1359 562 ἄλλοις
1373 530 1485 565 βιϐλίοις
1498 528 1538 562 οἷς
1549 531 1605 565 μετ’
1620 529 1736 565 ἐμαυτοῦ
1750 530 1773 544 "
1784 530 1855 556 ἐπι-

1059 575 1186 612 φέρομαι.
1203 576 1406 612 Διηγησάμενος
1422 576 1452 603 δὲ
1463 576 1549 603 ταῦτα
1561 575 1650 609 ἔδειξα
1659 577 1715 607 τοῖς
1729 575 1855 610 παροῦσι

1058 621 1206 657 τὸξβιϐλίον
1217 642 1224 654 ,
1242 623 1288 649 καὶ
1305 622 1476 657 βουλομένοις
1491 622 1642 649 ἐπακοῦσαι
1653 621 1783 654 ἀνέγνων,
1800 621 1856 646 καὶ

1059 668 1091 703 δὴ
1113 668 1244 703 ἀναγνοὺς
1259 668 1337 705 ἔφην·
1355 668 1428 704 Αὕτη
1448 669 1532 700 ἐστὶν,
1555 669 1660 704 ἄνδρες,
1680 669 1697 704 ἡ
1714 668 1767 694 τῶν
1786 667 1855 694 Ἑλ-

1059 713 1146 749 λήνων
1171 715 1297 747 παιδεία,
1321 715 1447 749 γενναίαν
1469 715 1596 742 ὑπόθεσιν
1615 714 1713 750 ἔχουσα
1734 714 1802 750 πρὸς
1816 713 1856 740 τὸ

1058 760 1146 792 ἀδεῶς
1169 760 1378 797 ἐξαμαρτάνειν.
1401 761 1437 788 Τὸ
1450 761 1478 788 δὲ
1496 761 1596 797 βιϐλίον
1618 759 1652 796 ἦν
1672 761 1758 792 οὓτως
1773 760 1853 796 ἕχον.

1094 805 1129 833 Χ.
1147 807 1176 834 Ὁ
1189 807 1258 843 ἐρῶν
1271 809 1304 844 τῇ
1315 808 1439 844 ἐρωμένῃ
1451 807 1611 844 (ἀνωνύμως
1623 807 1666 834 διὰ
1678 807 1741 838 τοὺς
1750 807 1782 832 ἐκ
1791 805 1856 833 τῶν

1023 877 1047 908 Β
1059 854 1180 890 ἀνοήτων
1200 853 1352 890 ἀνθρώπων
1372 854 1479 890 νόμους)
1503 855 1648 888 ἐπιταγαῖς
1665 854 1783 889 Ἔρωτος
1799 852 1855 879 τοῦ

1061 901 1169 929 πάντων
1183 900 1370 938 πρεσϐυτάτου
1386 901 1480 932 παιδὸς
1493 901 1574 936 χάριν
1588 900 1622 927 ⁷³.
1646 899 1724 936 ιω
1740 900 1855 933 Ἐγνων

1060 957 1090 975 σε
1102 948 1245 983 φιλοσοφία
1256 948 1279 963 ⁷⁸
1289 939 1518 983 προσανέχουσαν,
1536 947 1583 973 καὶ
1592 946 1692 982 ἀρετῆς
1708 946 1790 972 ἕνεκα
1801 945 1855 972 τὸν

1058 995 1112 1022 τῶν
1137 994 1298 1031 κρειττόνων
1321 993 1454 1030 ξηλοῦσαν
1481 993 1547 1029 βίον.
1577 993 1654 1024 Τίνες
1678 992 1707 1019 δὲ
1731 992 1765 1019 ἂν
1793 989 1855 1018 εἷεν

1058 1041 1223 1077 κρείττονες,
1238 1041 1255 1076 ἢ
1269 1041 1326 1067 θεοὶ
1340 1041 1388 1076 μὲν
1403 1040 1540 1071 ἁπάντων,
1556 1038 1706 1075 ἀνθρώπων
1722 1038 1751 1065 δὲ
1765 1039 1790 1064 οἱ
1804 1047 1854 1072 φι-

1058 1087 1182 1122 λόσοφοις
1199 1087 1278 1113 Οὗτοι
1291 1086 1344 1122 γὰρ
1356 1087 1430 1122 μόνοι
1445 1086 1544 1117 ῐσασιν,
1552 1085 1606 1112 τῶν
1616 1085 1703 1120 ἔργων
1720 1085 1784 1111 ποῖα
1799 1083 1854 1119 μέν

1059 1134 1131 1160 ἐστιν
1138 1133 1216 1168 φύσει
1222 1132 1469 1169 κακὰῆκαλὰ,ποῖα
1474 1133 1540 1168 δὲτῇ
1549 1131 1603 1159 τῶν
1610 1131 1699 1167 νόμων
1706 1131 1792 1163 θέσει,
1798 1130 1852 1157 οὐκ

1058 1180 1133 1212 ὄντα,
1151 1179 1299 1215 νομίζεται.
1310 1179 1412 1205 Αὐτίκα
1424 1179 1488 1213 γοῦν
1502 1179 1551 1214 τὴν
1561 1178 1707 1213 λεγομένην
1723 1175 1852 1213 μοιχείαν

1059 1226 1157 1262 πρᾶξίν
1179 1235 1251 1257 τινες
1260 1225 1440 1261 ὑπειλήφασιν
1451 1222 1520 1251 εἶναι
1533 1224 1631 1260 κακὴν,
1647 1224 1735 1250 καίτοι
1761 1221 1851 1258 καλὴν

1059 1273 1128 1299 κατὰ
1147 1272 1235 1299 πάντα
1250 1272 1433 1307 ὑπάρχουσαν·
1459 1272 1499 1303 είς
1515 1270 1569 1306 γὰρ
1584 1271 1632 1305 τὴν
1652 1269 1699 1296 τοῦ
1723 1269 1781 1305 βίου
1797 1277 1850 1294 πο-

1059 1318 1182 1352 λυγονίαν
1199 1318 1342 1352 ἐπιταγαῖς
1360 1318 1479 1353 Ἔρωτος
1491 1317 1605 1351 γίνεται.
1625 1317 1715 1352 Ἔρως
1729 1315 1758 1342 δέ
1773 1316 1851 1341 ἐστιν

1058 1364 1073 1390 ὁ
1093 1363 1202 1391 πάντων
1224 1363 1293 1390 θεῶν
1314 1363 1509 1399 πρεσϐύτατος·
1526 1363 1590 1389 ἄνευ
1609 1362 1664 1397 γὰρ
1677 1362 1708 1396 δὴ
1725 1361 1851 1397 Ἔρωτος

1058 1410 1089 1436 οὺ
1114 1410 1262 1446 στοιχείων,
1291 1410 1321 1436 οὺ
1350 1409 1428 1442 θεῶν,
1451 1409 1500 1436 οὐκ
1527 1407 1686 1444 ἀνθρώπων,
1710 1407 1741 1433 οὐ
1770 1405 1851 1439 ζώων

1058 1457 1177 1491 ἀλόγων,
1194 1456 1225 1483 οὐ
1242 1455 1296 1482 τῶν
1315 1455 1417 1482 λοιπῶν
1432 1455 1559 1482 ἁπάντων
1579 1454 1651 1490 μίξις
1667 1453 1685 1488 ἢ
1701 1453 1808 1488 γένεσις
1824 1452 1849 1468 ⁷⁵

1059 1503 1184 1538 γενέσθαι
1199 1502 1320 1530 δύναται-
1337 1502 1437 1533 πάντες
1451 1501 1506 1537 γάρ
1521 1510 1561 1528 τοι
1579 1500 1682 1537 ὄργανά
1699 1501 1783 1535 ἐσμεν
1799 1499 1848 1527 τοῦ

224 1539 267 1565 vel
286 1540 424 1574 generatio
450 1540 507 1568 ﬁeri
538 1546 642 1576 potest;
669 1550 764 1572 omnes
783 1545 882 1572 etenim
900 1545 1009 1574 Amoris

1062 1551 1192 1586 Ἔρωτος.
1210 1548 1296 1581 amt;
1317 1548 1347 1575 δὲ
1361 1549 1385 1565 ’⁸
1403 1549 1417 1576 ὁ
1446 1548 1479 1575 δι’
1503 1548 1582 1585 ἡμῶν
1598 1547 1721 1582 τεχνίτης
1745 1546 1851 1578 παντὸς

225 1591 321 1612 sumus
335 1584 523 1613 instrumenta.
546 1587 597 1614 Sed
627 1588 685 1622 ipse
707 1597 754 1623 per
780 1597 831 1617 nos
856 1591 958 1626 opifex,
972 1592 1008 1619 ad

225 1636 386 1660 cunctorum
402 1642 463 1669 quae
477 1635 626 1670 gignuntur
640 1639 747 1666 animas
759 1639 917 1668 adveniens.
931 1640 1008 1669 Unde

224 1685 279 1706 non
295 1679 404 1714 quando
420 1680 471 1715 ipsi
490 1682 616 1710 volumus
629 1704 635 1716 ,
657 1685 704 1711 sed
718 1686 827 1719 quando
840 1686 874 1713 ab
887 1694 919 1714 co
930 1687 1009 1722 jube-

224 1731 298 1758 mur,
321 1725 395 1753 illius
410 1726 578 1755 voluntatem
595 1728 684 1757 facere
707 1731 906 1760 desideramus.
930 1733 1008 1766 Quod

224 1770 258 1804 si,
274 1770 321 1805 qui
335 1771 394 1806 ejus
410 1772 547 1801 voluntate
558 1775 694 1809 cupimus,
706 1777 880 1812 cupiditatem
897 1784 1009 1814 propter

224 1815 251 1843 id
263 1816 336 1851 quod
347 1822 460 1846 vocatur
475 1819 604 1854 pudicitia
616 1820 736 1848 nitamur
747 1824 938 1858 comprimere,
953 1832 1008 1860 quo

223 1862 305 1889 modo
320 1862 384 1890 dum
404 1865 526 1891 omnium
541 1865 655 1894 deorum
668 1868 864 1903 hominumque
877 1871 1009 1905 antiquis-

223 1907 294 1935 simo
317 1908 497 1944 refragamur,
523 1919 577 1939 non
602 1913 748 1942 maximam
772 1914 938 1950 impietatem
960 1916 1008 1944 ad-

223 1953 378 1983 mitlemus?

258 1998 304 2026 Xl.
333 1999 466 2029 Universa
490 2003 581 2038 itaque
611 2004 661 2039 ipsi
689 2011 781 2040 aperta
799 2006 856 2034 sint
874 2008 955 2042 ostia,
980 2012 1008 2036 et

222 2052 318 2073 omnes
342 2048 464 2076 molestae
476 2056 509 2076 ac
529 2050 653 2078 ascititiaz
671 2052 813 2080 solvantur
826 2054 917 2090 leges,
934 2055 1007 2083 zelo-

221 2089 294 2125 typis
315 2090 473 2121 hominibus
495 2095 601 2128 positae,
626 2096 672 2131 qui
690 2101 779 2124 mente
797 2098 879 2132 capti,
893 2106 944 2126 nec
958 2107 1007 2127 vo-

223 2134 309 2163 lentes
340 2145 449 2172 aequum
474 2139 641 2176 intelligere.
675 2142 842 2178 insuperque
864 2149 891 2171 et
918 2145 1006 2173 dictos

1059 1596 1105 1623 τοῦ
1121 1595 1289 1631 γεννωμένου
1311 1595 1410 1631 ψυχαῖς
1432 1595 1571 1631 ἐπιδημῶν
1592 1595 1650 1621 ἐστι
1674 1593 1744 1626 νοῦς.
1765 1593 1850 1620 Ὅθεν

1058 1642 1108 1669 οὐκ
1131 1642 1206 1669 αὐτοὶ
1226 1642 1357 1674 θέλοντες,
1374 1642 1431 1669 ἀλλ’
1454 1642 1516 1669 ὅταν
1532 1642 1577 1668 ὑπ’
1597 1641 1678 1668 αὐτοῦ
1693 1640 1849 1667 κελευσθῶ-

1059 1697 1119 1724 μεν,
1133 1689 1164 1715 τὸ
1178 1688 1281 1715 ἐκείνου
1292 1688 1413 1724 βούλημα
1425 1689 1510 1714 ποιεῖν
1526 1687 1720 1722 ἐπιθυμοῦμεν.
1738 1687 1769 1713 Οἱ
1785 1686 1815 1712 δὲ
1824 1686 1848 1702 ’⁷

1058 1734 1162 1762 ἐκείνου
1192 1734 1273 1770 βουλῇ
1298 1734 1503 1769 ἐπιθυμοῦντες,
1529 1734 1608 1770 χάριν
1626 1733 1675 1768 τῆς
1697 1732 1849 1768 λεγομένης

1060 1780 1237 1816 σωφροσύνης
1268 1781 1378 1816 κρατεῖν
1405 1780 1454 1816 τῆς
1486 1779 1633 1814 ἐπιθυμίας
1662 1779 1848 1814 ἐπιχειρήσω-

1060 1835 1110 1862 μεν
1132 1826 1166 1859 ⁷⁸,
1188 1826 1247 1858 πῶς
1272 1826 1311 1862 τῷ
1326 1826 1433 1853 πάντων
1453 1825 1631 1861 πρεσϐυτάτῳ
1657 1824 1725 1851 θεῶν
1748 1833 1779 1851 τε
1800 1824 1849 1851 καὶ

1058 1871 1210 1908 ἀνθρώπων
1233 1872 1459 1908 ἀντιπράττοντες
1475 1872 1498 1888 ⁷⁵
1514 1871 1544 1898 οὐ
1564 1871 1598 1898 τὰ
1613 1871 1730 1906 μέγιστα
1740 1870 1847 1906 ,ἀσεϐή-

1059 1927 1150 1954 σωμεν
1161 1927 1169 1952 ;

1092 2006 1138 2034 ΧΙ.
1168 2007 1249 2035 Ἀλλὰ
1262 2008 1348 2034 πᾶσαι
1364 2007 1413 2044 μὲν
1427 2007 1605 2044 ἀνεῴχθωσαν
1620 2007 1643 2022 ⁸⁰
1662 2006 1737 2042 αὺτῷ
1753 2006 1848 2043 θύραι,

1058 2054 1158 2085 πάντες
1179 2053 1207 2080 δὲ
1225 2053 1356 2089 μοχθηροὶ
1374 2053 1450 2090 ιιι
1467 2053 1514 2080 καὶ
1537 2053 1609 2080 θετοὶ
1627 2053 1784 2080 λυέσθωσαν
1802 2053 1848 2079 νό-

1058 2109 1114 2135 μοι,
1140 2100 1300 2135 ζηλοτὺποις
1325 2099 1479 2136 ἀνθρώποις
1501 2099 1629 2135 κείμενοι,
1655 2100 1772 2131 οἵτινες,
1793 2099 1849 2125 ὑπὸ

1057 2146 1150 2177 ἀνοίας
1166 2145 1346 2182 κρατούμενοι
1361 2146 1408 2172 καὶ
1426 2145 1457 2172 τὸ
1476 2146 1584 2180 εὔλογον
1600 2147 1669 2172 νοεῖν
1694 2145 1731 2181 μὴ
1752 2144 1847 2180 βουλό-

223 2181 360 2210 adulteros
386 2185 528 2219 suspicati,
552 2194 567 2213 a
595 2185 660 2214 Jove
683 2188 742 2222 ipso
766 2197 814 2223 per
839 2189 953 2217 Minoem
979 2195 1006 2218 et

1060 2200 1146 2227 μενοι,
1164 2181 1276 2228 προσέτι
1295 2192 1324 2218 δὲ
1338 2193 1385 2219 καὶ
1399 2192 1461 2224 τοὺς
1477 2192 1639 2227 λεγομένους
1655 2192 1765 2229 μοιχοὺς
1780 2191 1848 2226 ὕφο-

222 2226 461 2257 Rhadamanthum
479 2233 552 2267 juste
570 2231 720 2261 illuduntur
738 2233 802 2262 latis
813 2235 928 2270 legibus.
940 2234 1007 2264 Nam

1061 2226 1195 2273 pdlpevot,
1216 2237 1261 2264 ὑπ’
1281 2237 1362 2264 αὑτοῦ
1381 2237 1427 2264 τοῦ
1450 2237 1509 2269 Διὸς
1525 2226 1569 2264 διά
1584 2245 1615 2272 γε
1629 2226 1686 2263 τοῦί
1699 2226 1776 2263 Μίνω
1797 2237 1848 2264 καὶ

221 2273 350 2302 Amorem
374 2277 473 2305 animis
498 2279 670 2307 accedentem
692 2288 819 2309 coercere
834 2290 889 2310 non
909 2291 1008 2318 possu-

221 2327 297 2348 mus.
319 2320 412 2356 Neque
433 2323 505 2351 enim
520 2324 690 2354 voluntarius
707 2332 750 2354 est
766 2328 916 2356 amantium
928 2329 1009 2357 allec-

222 2371 277 2395 tus.
300 2365 359 2402 Ipse
374 2368 465 2403 itaque
486 2368 602 2405 Jupiter,
618 2371 716 2399 harum
729 2372 819 2408 legum
832 2373 911 2408 lator,
926 2374 1009 2402 innu-

222 2413 305 2441 meris
325 2415 474 2442 concubuit
491 2423 554 2443 cum
571 2415 751 2452 mulieribus;
776 2425 801 2446 et
817 2420 926 2455 quidem
945 2429 1009 2456 pro-

221 2463 281 2495 pter
294 2461 427 2495 quosdam
447 2462 583 2496 sapientes
607 2464 680 2491 viros
695 2465 833 2493 beneﬁcus
855 2466 882 2493 in
904 2466 1003 2494 libero—

222 2513 282 2533 rum
303 2508 488 2542 procreatione
502 2508 589 2537 factus
610 2517 807 2546 nonnunquam
827 2519 1004 2548 congressum

221 2559 301 2580 suum
322 2552 479 2583 hominibus
499 2555 619 2589 donavit,
633 2556 704 2592 apud
720 2564 768 2585 eos
784 2565 860 2592 vero,
881 2559 927 2593 qui
942 2567 1005 2594 gra-

1057 2284 1104 2310 τοῦ
1133 2283 1333 2319 Ῥαδαμάνθυος
1352 2284 1374 2299 ⁸¹
1413 2284 1530 2318 εὐλόγως
1556 2284 1641 2316 θετοῖς
1664 2283 1807 2316 παίζονται
1823 2284 1847 2300 ⁸³

1057 2330 1161 2364 νόμοις.
1179 2330 1289 2366 Ἔρωτα
1303 2329 1356 2366 γὰρ
1372 2330 1580 2366 ἐπιδημήσαντα
1594 2329 1693 2365 ψυχαῖς
1708 2330 1757 2355 οὐκ
1772 2329 1847 2356 ἐστιν

1058 2375 1190 2410 ἐπισχεῖν.
1216 2376 1252 2402 Οὐ
1278 2375 1333 2411 γάρ
1353 2376 1427 2402 ἐστιν
1450 2375 1572 2402 ἑκούσιον
1591 2375 1622 2402 τὸ
1644 2375 1698 2402 τῶν
1719 2374 1847 2411 ἐρώντων

1058 2421 1153 2453 πάθος.
1170 2421 1275 2448 Αὐτίκα
1291 2421 1356 2457 γοῦν
1376 2422 1390 2448 ὁ
1405 2422 1473 2453 Ζεὺς
1489 2421 1579 2453 αὐτὸς,
1590 2422 1604 2448 ὁ
1614 2421 1716 2448 τούτων
1731 2422 1846 2457 νομοθέ-

1056 2477 1120 2503 της,
1137 2468 1245 2503 μυρίαις
1262 2468 1406 2504 συνήλυθεν
1423 2468 1558 2503 γυναιξὶν,
1576 2468 1623 2495 καὶ
1638 2468 1683 2494 ὑπ’
1699 2469 1778 2495 ἐνίων
1796 2469 1846 2504 μὲν

1059 2514 1148 2548 σοφῶν
1171 2514 1318 2550 εὐεργέτης
1341 2515 1409 2550 πρὸς
1431 2513 1610 2546 τεκνοποιίαν,
1627 2514 1712 2541 ἐνίοτε
1732 2515 1781 2550 τὴν
1797 2515 1846 2542 αὑ-

1057 2560 1104 2587 τοῦ
1132 2560 1204 2596 μίξιν
1223 2560 1246 2577 ⁸³
1274 2559 1426 2596 ἀνθρώποις
1460 2560 1639 2596 δωρούμενος·
1675 2562 1740 2598 παρ’
1761 2560 1845 2593 οἴςδὲ

856 2639 974 2666 VARIAEI
1000 2639 1200 2667 LECTlONES.

258 2696 281 2712 ιο
299 2692 360 2728 δὲπί
385 2693 459 2728 conj.
485 2693 517 2721 IY.

221 2727 244 2754 0
259 2748 266 2759 ,
282 2726 408 2763 εὔκαιρος
420 2726 445 2755 (Γ
470 2728 497 2755 in
510 2733 596 2756 texlu.
659 2730 682 2746 ⁷¹
696 2730 733 2757 lla
749 2730 767 2758 S
783 2751 790 2761 ,

590 2694 614 2712 ⁷ο
631 2694 678 2721 καί
697 2695 822 2722 omittere
848 2704 901 2723 non
930 2697 1043 2723 debebat
1071 2696 1090 2724 S
1123 2705 1149 2725 c.
1170 2697 1212 2725 Cl.

1285 2698 1306 2715 τι
1334 2696 1412 2733 Hanc
1438 2698 1468 2727 Ci
1497 2699 1682 2733 conjecturam
1698 2699 1842 2729 confirmat

470 2731 497 2755 in
510 2733 614 2770 texlu.__
655 2731 682 2770 _"'
696 2731 733 2757 lla
749 2731 790 2770 SA,
821 2731 1003 2770 μεθλὲαιυτοῦ
1026 2732 1062 2770 ρ,
1081 2731 1114 2770 Q1
1130 2731 1248 2770 --τῖ-Ιιςιῖεζ
1259 2733 1372 2770 χαίρειν
1451 2736 1475 2752 ⁷⁵
1488 2734 1525 2761 lta
1536 2731 1569 2764 0.
1583 2739 1609 2761 et
1621 2742 1654 2761 ex
1669 2735 1786 2769 conject.
1799 2735 1818 2762 C
1833 2757 1842 2770 ,

221 2763 379 2800 φιλοσοςρίαν
392 2763 456 2800 id.in
469 2769 553 2800 textu.
579 2765 614 2800 7"
630 2765 754 2800 γέννησις
765 2766 797 2793 C.
822 2763 858 2781 ’⁷⁸
871 2766 898 2792 δέ
911 2767 972 2792 add.
983 2774 1006 2793 c.
1023 2765 1054 2793 0.

1092 2768 1114 2783 '”
1128 2767 1152 2804 δῖ
1162 2766 1193 2794 C.
1203 2766 1489 2804 Vélliicl’egendumEl
1498 2770 1595 2803 proOl,
1604 2769 1645 2796 vel
1655 2766 1728 2797 infra
1738 2770 1786 2797 ἐὰν
1794 2766 1842 2804 po;

222 2798 341 2824 nendum
351 2799 505 2840 alitexdpw.
517 2799 554 2826 En
578 2799 664 2840 Ριιτιι.
739 2801 947 2840 ἐτειχειρήσομεν
960 2801 1005 2840 0.Α
1030 2801 1052 2817 ⁷⁸
1066 2801 1129 2840 l’ost
1141 2798 1366 2840 ἀντιπράττοντὲς
1379 2798 1550 2840 ἰηλογιθκῖῑιιιν
1563 2798 1755 2840 ἀνεῴχθωσαν,
1769 2798 1841 2840 quod

221 2840 254 2876 ax
268 2832 444 2876 I.f.:‘qtlt:lirt‘ibus
456 2832 594 2876 perperam
610 2835 729 2876 irrepsit.
763 2832 975 2876 ξθξᾶνεῴχθωσαν
986 2835 1020 2876 0ῑ
1034 2832 1281 2876 utjalnAprop‘o'suit
1301 2837 1333 2876 S_;
1351 2832 1525 2876 ᾇνεῲχθηέιίαν
1544 2840 1575 2866 C,
1613 2832 1841 2876 ἀι’“Ῥαδαμάνθου

222 2866 254 2894 0.
268 2865 291 2880 ⁸²
308 2865 343 2893 Ila
364 2866 386 2892 0
408 2875 432 2895 (ι.
456 2865 491 2901 S;
504 2865 673 2904 ἰπαίσονταί
691 2870 724 2898 C.
767 2871 790 2887 ⁸³
807 2865 1173 2908 πρδςξτεκνοποιίανλὲνοηθη,
1184 2865 1233 2907 τὴν
1246 2865 1413 2908 αὐτοῦ’μίξιν
1422 2865 1674 2908 legelldutucenset
