1942 3100
54 160 99 189 I39

604 157 836 187 CLEMENTINA.
854 171 890 178 —-—
912 155 1065 184 HOHILIA
1082 154 1116 184 ν.

1624 152 1677 181 I90

53 217 205 253 μεμνημένη
230 214 299 252 περὶ
319 215 360 243 ὧν
387 224 431 243 σοι
456 215 574 251 ἐξέφῃνα
600 214 774 250 μυστηρίων,
796 213 840 239 διὰ

896 213 973 240 labis.
984 212 1130 243 Caeterum,
1139 210 1311 243 charissima,
1323 217 1429 238 memor
1444 217 1458 237 a
1470 217 1515 238 me
1529 209 1675 237 relatorum

51 262 217 298 γραμμάτων
243 270 291 297 μοι
317 261 370 297 ἠν
395 262 445 298 σὴν
465 261 552 295 δεῖξον
568 260 745 297 (προαίρεσιν.
775 259 841 294 Ἔρ-

52 308 121 345 ρωσό
133 317 189 343 μοι.

81 354 140 381 XX.
162 353 236 388 Ἐγὼ
254 354 348 381 τοίνυν
364 354 428 381 τότε
445 353 467 370 ³⁷
482 353 572 380 λαϐὼν
585 353 617 380 τὸ
639 352 740 388 βιϐλίον
762 351 841 378 τοῦτο

48 401 122 437 παρὰ
135 400 184 427 τοῦ
206 400 374 433 Ἀππίωνος,
391 396 429 432 ὡς
444 400 528 432 ὅντως
545 399 705 435 διαπέμψων
720 398 789 426 αὐτὸ
806 399 840 434 τῇ

48 446 186 482 ἐρωμένῃ,
209 446 374 482 ἐπλασάμην
389 447 428 478 ὼς
442 446 550 482 ἐκείνης
573 446 641 482 πρὸς
666 444 752 472 ταῦτα
768 445 842 471 ἀντι-

47 491 204 527 γμψάσης,
222 493 271 518 καὶ
287 494 320 527 τῇ
336 491 468 527 ὑστεραίᾳ
477 491 501 507 ¹⁶
514 491 616 518 ἐλθόντι
629 490 703 526 αὖτῷ
717 490 842 517 ἐπέδωκα

46 537 85 572 τῷ
99 537 239 564 Ἀππίωνι
253 538 292 569 ὡς
306 537 384 574 δῆθεν
397 538 448 573 τὴν
457 536 520 572 παρ’
535 537 643 572 ἐκείνης
657 536 839 572 ἀντιγραφὴν,

45 581 134 614 οὕτως
148 582 214 618 ἔχου
218 591 279 610 σαν·

52 639 256 674 Ἀντίτραεντον
269 640 434 674 ἐπιστολῆς
444 641 467 656 ¹⁹
483 640 558 674 πρὸς
573 640 725 667 Ἀππίωνα
735 640 775 673 ὡς
791 647 842 667 πα-

314 675 355 709 ρὰ
369 675 424 709 τῆς
434 676 593 710 ἐρωμένης-

80 719 155 747 XXI.
172 720 312 755 Θαυμάζω
322 721 391 752 πῶς,
410 721 456 747 ἐπὶ
472 721 552 756 σοιρίᾳ
571 729 605 756 με
619 720 782 752 ἐπαινέσας,
804 719 842 752 ὡς

46 767 155 802 ἀνοήτῳ
180 767 307 802 γράφεις.
328 767 376 797 Et;
405 766 460 802 γὰρ
484 766 530 793 σὺν
557 766 643 798 πάθος
657 766 680 782 ’θ
690 765 782 792 πεῖσαί
808 774 841 800 με

47 815 166 849 θελήσας
192 815 226 841 ἐκ
250 814 305 840 τῶν
330 814 395 849 περὶ
419 813 483 845 τοὺς
505 813 584 845 θεοὺς
612 812 842 849 μυθολογημάτων

48 862 172 896 ἐποιήσω
195 860 231 886 τὰ
256 859 466 894 παραδείγματα
478 879 485 891 ,
505 859 614 895 Ἔρωτα
629 859 676 886 τὸν
697 858 806 885 πάντων
817 857 839 873 ¹¹

49 907 251 944 πρεσϐύτατον,
269 906 306 937 ὼς
322 905 390 940 ἔφης
402 905 435 936 ³¹,
452 905 497 930 ἐπὶ
513 905 623 931 πάντων
639 903 706 930 θεῶν
723 903 771 930 καὶ
794 903 840 929 ἀν-

49 954 177 990 θρώπων,
196 952 393 988 βλασφημῆσαι
410 951 447 986 μὴ
463 950 591 985 φοὸηθεὶς
601 970 609 982 ,
622 950 696 982 ὅπως
711 949 760 985 τὴν
771 949 840 984 ἐμὴν

49 1000 163 1036 φθείρῃς
172 998 273 1033 ψυχὴν,
287 997 373 1024 καὶτὸ
382 997 448 1032 ἐμὸν
459 996 538 1031 σῶμα
548 995 737 1032 περιυϐρίσῃς.
750 995 841 1029 Ἔρως

50 1046 100 1081 γὰρ
114 1044 186 1072 θεῶν
198 1044 249 1071 οὐκ
260 1044 333 1071 ἐστιν
344 1043 509 1078 ἀρχηγέτης,
520 1042 534 1068 ὁ
549 1042 577 1068 ἐν
593 1043 654 1072 ταῖς
669 1039 838 1075 ἐπιθυμίαις.

51 1093 80 1118 Εἰ
91 1091 147 1127 γὰρ
164 1090 238 1117 ἑκὼν
253 1090 391 1126 ἐπιθυμεῖ,
405 1088 569 1124 αὐτόςιω
584 1089 657 1114 ἐστιν
673 1085 769 1113 ἑαυτοῦ
787 1085 840 1113 πά-

53 1138 94 1169 θος
109 1138 156 1164 καὶ
173 1137 295 1168 κόλασις,
306 1136 352 1163 καὶ
361 1136 421 1167 θεὸς
429 1135 478 1162 οὐκ
492 1134 524 1161 ἂν
537 1134 579 1170 εἴη
594 1135 608 1160 ὁ
624 1134 735 1168 πάσχων
751 1132 820 1160 ἑκών
832 1140 839 1147 ·

53 1187 74 1212 εί
89 1186 116 1212 δὲ
130 1186 208 1213 ἄκων
222 1185 274 1220 ἐρᾷ
295 1184 345 1219 τῆς
360 1182 471 1218 μίξεως,
488 1182 535 1208 καὶ
550 1181 600 1212 τὰς
618 1180 755 1216 ἡμετέρας
770 1179 841 1214 διερ-

53 1232 166 1267 χόμενος
175 1230 267 1266 ψυχὰς
281 1230 375 1265 ὥσπερ
385 1229 419 1255 δι’
431 1228 552 1264 ὀργάνων
562 1227 616 1253 τῶν
629 1225 772 1262 ἡμετέρων
788 1233 841 1251 σω-

56 1277 142 1311 μάτων
167 1277 210 1307 είς
236 1274 287 1306 τὰς
309 1273 364 1300 τῶν
385 1272 489 1306 νοητῶν
516 1272 631 1308 φέρεται
656 1268 842 1300 συνουσίας,ὀ

54 1321 143 1347 τοῦτον
170 1321 238 1356 ἐρᾷν
255 1319 340 1346 ποιῶν
357 1319 404 1345 καὶ
421 1317 511 1353 φέρων
527 1316 627 1352 μείζων
643 1314 724 1342 αὐτοῦ
741 1313 842 1349 τυγχά-

55 1374 106 1392 νει·
122 1366 172 1392 καὶ
195 1364 278 1391 πάλιν
303 1363 386 1391 αὐτοῦ
401 1363 506 1389 ἐκείνου
522 1360 570 1388 τοῦ
600 1360 729 1397 φέροντος
756 1358 841 1394 ἐτέρῳ

56 1411 125 1448 πόθῳ
141 1411 306 1448 φερομένου,
324 1409 426 1446 μείζων
449 1409 527 1441 ἀλλος
544 1409 558 1435 ὁ
574 1407 665 1445 φέρων
678 1407 781 1434 ἐκεῖνον
797 1405 842 1433 εὑ-

57 1459 190 1495 ρίσκεται·
219 1457 266 1484 καὶ
286 1458 326 1489 είς
355 1456 507 1491 ἀπέραντον
534 1453 710 1489 ὲπαναφορὰν
739 1452 761 1468 ³³
788 1451 841 1478 τῶν

57 1503 176 1538 ἐρώντων
190 1502 306 1537 γίνεται,
320 1502 335 1528 ὃ
351 1502 426 1528 ἐστιν
441 1500 579 1526 ἀδύνατον.
597 1498 690 1530 Οὕτως
704 1497 754 1524 οὒκ
768 1497 842 1524 ἔστιν

892 258 1083 294 mysteriorum
1100 257 1166 284 mihi
1179 265 1227 292 per
1237 257 1343 284 litteras
1355 260 1430 284 tuam
1442 255 1532 283 indica
1550 256 1677 283 volunta-

891 309 956 331 tem.
972 303 1045 331 Vale.

925 349 986 377 XX.
1017 349 1073 384 Ego
1095 349 1179 384 igitur
1212 349 1263 376 hoc
1288 349 1380 376 libello
1405 348 1439 376 ab
1466 347 1590 383 Appione
1617 353 1675 376 tum

891 402 1011 432 accepto,
1024 396 1102 432 quasi
1116 403 1178 423 vere
1199 395 1334 423 missurus
1346 394 1380 422 ad
1397 398 1527 426 amatam,
1545 398 1675 429 tanquam

891 443 936 470 illa
967 443 1151 477 rescripsisset
1174 441 1315 474 conlinxi,
1344 445 1373 469 et
1400 441 1533 476 postridie
1556 440 1676 469 venienti

891 489 991 517 tradidi
1015 489 1132 524 Appioni
1158 490 1232 517 velut
1254 487 1380 516 mulieris
1402 487 1574 523 rescriptum,
1603 486 1677 522 quod

892 536 928 564 ita
944 537 1042 564 habet:

892 633 1056 669 Rescriptttm
1070 632 1104 659 ad
1130 631 1268 693 epistolgnt
1287 631 1321 693 «:1
1343 631 1486 666 Appionem
1502 633 1629 664 tamquam
1643 628 1676 654 ab

1203 676 1219 693 a
1239 675 1300 693 ama
1314 674 1341 693 α.

1203 674 1341 693 adamata.

926 714 1088 742 XXI.Miror
1107 721 1162 748 qua
1185 713 1300 745 ratione,
1325 719 1387 739 cum
1412 719 1454 739 me
1483 711 1518 738 de
1546 710 1678 744 sapientia

891 760 1007 794 laudes,
1031 764 1162 794 tanquam
1190 758 1301 786 stultam
1327 757 1486 792 compellas.
1520 754 1587 783 Nam
1613 755 1678 782 dum

891 806 970 842 cupis
985 806 1019 833 ad
1047 810 1124 832 tuum
1140 812 1184 832 me
1205 804 1341 831 adducere
1356 803 1494 835 aﬂ‘ectum,
1510 809 1543 829 ex
1563 801 1678 828 deorum

893 853 992 880 fabulis
1014 851 1154 886 sumpsisti
1185 850 1308 884 exempla
1320 869 1327 881 ,
1357 848 1497 880 Amorem,
1513 848 1606 883 (quem
1617 854 1678 874 om-

856 887 878 915 Β
893 899 968 925 nium
982 897 1204 932 antiquissimum
1225 896 1330 926 dixisti.
1344 899 1371 922 et
1385 902 1467 928 supra
1482 897 1595 920 cunctos
1613 892 1677 920 deos

891 949 917 971 et
933 944 1070 978 homines)
1095 951 1150 970 non
1168 942 1269 969 veritus
1290 940 1433 972 infamare,
1449 947 1503 974 quo
1514 946 1604 966 meum
1618 946 1679 965 cor-

892 999 1034 1026 runipcres
1047 990 1180 1021 animum,
1197 995 1344 1023 meumque
1363 986 1529 1014 contumelia
1553 985 1674 1014 adiceres

891 1045 1001 1072 corpus.
1017 1035 1101 1063 Amor
1119 1035 1193 1062 enim
1206 1042 1260 1060 non
1282 1038 1323 1060 est
1351 1033 1464 1060 deorum
1490 1032 1617 1066 princeps
1644 1037 1677 1057 ac

892 1084 1001 1116 ductor,
1015 1083 1039 1110 is
1054 1082 1101 1117 qui
1122 1082 1149 1108 in
1165 1079 1363 1114 cupiditatibus
1388 1081 1533 1110 versatur;
1563 1083 1626 1103 nam
1651 1075 1674 1103 si

891 1133 988 1164 sponte
999 1128 1084 1163 cupit,
1107 1127 1164 1162 ipse
1178 1129 1220 1153 est
1233 1125 1275 1153 sui
1295 1124 1436 1160 perpessio
1454 1127 1482 1150 et
1499 1122 1676 1157 supplicium,

891 1183 942 1203 nec
967 1175 1034 1201 deus
1047 1177 1099 1205 est,
1117 1172 1165 1207 qui
1182 1171 1335 1198 voluntarie
1351 1169 1452 1206 patitur
1466 1178 1472 1196 :
1489 1168 1531 1197 sin
1556 1176 1620 1195 vero
1634 1169 1678 1196 inv

891 1220 965 1247 vitus
994 1218 1098 1254 appetit
1122 1217 1317 1249 concubitum,
1334 1219 1361 1242 et
1387 1218 1496 1242 nostras
1523 1212 1676 1250 pegvadens

892 1265 998 1293 animas
1012 1268 1141 1298 tanquam
1156 1270 1203 1297 per
1232 1269 1378 1298 corporum
1396 1267 1552 1290 nostrorum
1573 1261 1671 1288 instru-

891 1314 983 1339 menta
998 1310 1084 1337 fertur
1098 1309 1131 1339 ad
1149 1316 1327 1345 congressum
1339 1317 1437 1337 eorum
1452 1316 1513 1343 qua:
1527 1308 1578 1336 sub
1594 1306 1677 1334 intel-

891 1357 1035 1394 ligentiam
1050 1355 1163 1389 cadunt,
1190 1357 1236 1392 qui
1252 1363 1315 1383 eum
1339 1355 1444 1395 inducit
1470 1355 1502 1382 ad
1518 1353 1676 1384 amandum.

893 1404 979 1439 major
992 1407 1033 1431 est
1045 1411 1099 1430 eo:
1118 1403 1273 1436 iterumque
1301 1409 1363 1429 cum
1386 1401 1431 1428 hic
1455 1401 1502 1435 qui
1531 1399 1634 1427 inducit
1653 1399 1680 1425 in

892 1451 974 1478 alium
997 1450 1141 1477 inducatur
1152 1456 1285 1478 amorem.
1300 1448 1388 1482 major
1399 1447 1469 1474 alius
1481 1447 1528 1482 qui
1543 1447 1616 1474 hunc
1632 1447 1674 1473 in-

891 1497 966 1524 ducit
977 1496 1120 1530 reperitur,
1137 1499 1164 1522 et
1177 1495 1203 1521 in
1219 1493 1354 1521 infinitum
1366 1493 1519 1520 amantium
1533 1499 1678 1519 numerum

56 1548 111 1574 οὗτε
143 1549 158 1574 ὁ
185 1547 287 1584 φέρων,
301 1546 389 1574 οὗτεό
410 1541 576 1582 φερόμενος,
599 1544 656 1572 ἀλλ’
681 1542 763 1570 αὑτοῦ
793 1542 841 1569 τοῦ

896 1543 924 1570 Iit
935 1549 1112 1578 progressus;
1134 1540 1207 1576 quod
1223 1539 1280 1567 ﬁeri
1296 1547 1351 1567 non
1366 1543 1464 1574 potest.
1488 1538 1574 1574 igitur
1591 1545 1679 1572 neque

57 1594 168 1629 ἐρῶντος
182 1593 215 1620 τὸ
233 1592 429 1628 ἐπιθυμητικόν
453 1593 510 1618 ἐστι
532 1590 631 1623 πάθος,
657 1589 744 1617 ἐλπίδι
760 1588 840 1621 αὺξό-

59 1648 132 1674 μενον
146 1640 195 1666 καὶ
209 1638 362 1674 ἀπογνώσει
380 1637 548 1674 μειούμενον.

89 1747 167 1774 XXII.
185 1747 218 1773 Οἱ
234 1746 263 1773 δέ
279 1746 387 1782 κρατεῖν
401 1745 515 1780 αἰσχρᾶς
532 1743 678 1779 ἐπιθυμίας
696 1742 733 1778 μὴ
749 1741 841 1777 βουλό-

60 1803 127 1829 μενοι
144 1793 200 1820 τῶν
221 1792 289 1819 θεῶν
305 1791 528 1826 καταψεύδονται,
546 1790 587 1816 ἴνα
609 1789 674 1824 περ)⁸
695 1784 733 1815 ὧν
754 1787 842 1823 πράτ-

58 1848 152 1871 τουσιν,
168 1839 233 1870 τοὺς
250 1838 327 1869 θεοὺς
337 1837 375 1869 ὡς
393 1836 541 1872 προτέρους
561 1835 712 1871 δράσαντας
735 1833 843 1861 ὑποδει-

59 1885 174 1917 κνύντες,
186 1882 441 1910 ἀπολλὰοἰδ-ωναιςαι³⁸
452 1881 502 1916 τῆς
517 1880 655 1916 μέμψεως.
670 1879 702 1906 Et
716 1878 771 1914 γὰρ
785 1887 844 1904 παι-

59 1930 171 1961 ὣποιὶας
195 1929 305 1960 ἕνεκεν,
329 1928 376 1954 καὶ
402 1927 453 1954 οὐκ
478 1925 631 1960 ἀσελγείας,
653 1924 678 1951 oi.
702 1923 843 1959 λεγόμενοι

61 1975 111 2002 θεοὶ
131 1974 181 2006 τὰς
205 1974 328 2009 μοιχείας
350 1972 504 2003 ἐπετέλουν,
529 1971 556 1998 τί
585 1970 633 1997 καὶ
653 1971 710 2001 τοῖς
732 1969 843 2004 ἄρσεσιν

60 2021 196 2056 ἐμίγνυντο
212 2019 253 2052 ³⁸;
277 2017 356 2045 Ἀλλά
378 2017 562 2053 χαριζόμενοι,
580 2015 672 2052 φησὶν,
695 2015 756 2046 ταῖς
776 2014 845 2049 ἐρω-

63 2066 148 2101 μέναις
171 2064 367 2100 κατηστέριζον
390 2063 412 2079 ³⁸
434 2062 527 2094 αὐτάς.
547 2061 651 2088 Οὐκοῦν
675 2060 728 2096 πρὸ
750 2059 844 2086 τούτου

61 2112 104 2138 οὐκ
121 2110 190 2147 ἦσαν
211 2110 335 2145 ἀστέρες,
354 2108 450 2144 μέχρις
474 2109 517 2134 ὅτε
540 2106 681 2142 ἀσελγείας
710 2105 844 2141 προφάσει

62 2157 108 2184 ὑπὸ
133 2157 234 2193 μοιχῶν
253 2157 269 2183 ὁ
284 2154 398 2191 οὐρανὸς
419 2155 527 2190 ἄστροις
550 2152 706 2188 ἐκοσμήθη;
732 2151 795 2182 Πῶς
815 2150 844 2177 δέ

62 2204 102 2229 καὶ
116 2204 140 2229 οἱ
158 2202 213 2229 τῶν
229 2199 485 2237 κατηστερισμένων
507 2199 528 2215 ³⁷
545 2198 648 2232 ἔκγονοι
672 2198 701 2223 ὲν
718 2195 781 2231 ᾅδου
797 2204 844 2222 χο-

62 2246 189 2279 ὶᾶζονται,
206 2247 221 2273 ὃ
235 2254 267 2273 τε
276 2245 376 2276 Ἄτλας
401 2243 576 2279 βαρούμενος,
600 2241 647 2269 καὶ
671 2243 686 2269 ὁ
710 2241 845 2272 Τάνταλος

61 2292 118 2328 δίψῃ
133 2292 155 2308 ⁸³
175 2290 336 2327 ἀνιώμενος,
358 2290 406 2317 καὶ
429 2290 443 2316 ὁ
462 2290 577 2323 Σίσυφος
597 2287 707 2324 ἐρείδων
730 2287 843 2323 πέτραν,

62 2338 148 2370 Τιτυὸς
163 2337 199 2364 τὰ
215 2336 357 2372 σπλάγχνα
372 2335 584 2371 διορυττόμενος,
606 2334 690 2367 Ἰξίων
702 2332 766 2368 περῒ⁴
779 2341 843 2368 τρο-

62 2383 102 2418 χὸν
118 2383 264 2414 ἀπαύστως
279 2381 503 2413 κυλινδούμενος;
523 2380 601 2415 150
622 2378 680 2410 πῶς
704 2378 732 2405 δὲ
755 2378 801 2404 καὶ
822 2377 848 2403 οἱ

61 2430 166 2464 ἐραπαὶ
188 2429 244 2455 θεοὶ
267 2428 353 2459 ὄντες,
379 2426 426 2458 οὓς
451 2426 574 2461 ἐμίαναν,
596 2423 791 2459 κατηστέριζον
813 2423 847 2460 ³³,

62 2475 159 2506 ἑαυτοῖς
175 2474 232 2510 (95l
249 2473 331 2500 τοῦτο
348 2471 386 2507 μὴ
402 2471 597 2507 χαρισάμενοι;

92 2517 182 2545 XXIII.
200 2516 259 2543 Οὐκ
274 2514 330 2549 ἄρα
340 2513 411 2550 ἦσαν
433 2516 497 2549 θεοὶ,
514 2515 583 2543 ἀλλὰ
607 2513 746 2549 τυράννων
762 2509 849 2544 αίνίγ-

895 1595 937 1617 est
947 1589 994 1624 qui
1009 1587 1122 1619 inducit,
1133 1594 1222 1620 neque
1236 1585 1283 1620 qui
1302 1584 1458 1615 inducitur;
1479 1584 1524 1611 sed
1537 1588 1579 1611 est
1592 1584 1681 1618 ipsius

895 1635 1012 1662 amantis
1027 1633 1138 1660 alfectns
1152 1631 1359 1667 concupiscens,
1371 1630 1418 1666 qui
1441 1638 1489 1665 spe
1516 1635 1631 1665 augetur
1652 1635 1679 1658 et

895 1679 1085 1714 desperatione
1096 1677 1239 1704 minuitur.

929 1724 1010 1752 XXII.
1024 1724 1076 1757 Qui
1090 1731 1155 1750 vero
1176 1727 1281 1757 turpem
1303 1721 1400 1748 nolunt
1418 1719 1592 1755 cupiditatem
1604 1726 1681 1747 coer-

894 1778 972 1804 cere,
995 1770 1029 1797 de
1050 1769 1103 1796 diis
1128 1767 1294 1796 mendaciter
1316 1766 1440 1801 tingunt;
1467 1769 1498 1792 ut
1520 1767 1546 1792 in
1563 1765 1598 1792 iis
1620 1773 1681 1799 qua:

893 1819 1050 1852 perpetrant
1069 1815 1134 1842 deos
1157 1814 1260 1848 primos
1282 1820 1343 1840 esse
1364 1816 1490 1838 auctores
1514 1811 1681 1838 ostendendo

894 1863 972 1898 culpa
987 1863 1146 1890 liberentur.
1159 1860 1187 1887 Si
1201 1859 1274 1886 enirn
1286 1857 1466 1892 suscipienda:
1480 1856 1582 1884 sobolis
1593 1856 1680 1891 gratia

894 1914 921 1937 et
934 1917 990 1937 non
1010 1907 1132 1935 libidinis
1153 1913 1233 1941 ergo,
1254 1904 1301 1940 qui
1323 1904 1360 1931 dii
1381 1906 1523 1934 vocantur,
1548 1902 1680 1930 adulteria

894 1955 1101 1986 commiserunt,
1115 1960 1164 1980 cur
1178 1959 1240 1979 cum
1257 1950 1386 1978 masculis
1401 1956 1510 1984 quoque
1528 1948 1681 1975 misceban-

894 2002 956 2030 tur?
968 2001 1022 2029 Sed
1044 2004 1074 2026 ut
1088 1998 1317 2035 gratiﬁcarentur,
1342 1996 1440 2030 inquit,
1456 1994 1616 2022 mulieribus
1632 1993 1681 2021 ad-

894 2048 1004 2080 amatis,
1027 2047 1088 2074 illas
1109 2045 1136 2072 in
1169 2048 1241 2072 astra
1266 2045 1468 2070 converterunt.
1493 2040 1577 2076 Igitur
1601 2044 1681 2068 antea

895 2100 968 2122 astra
983 2101 1037 2121 non
1054 2096 1141 2126 erant,
1157 2098 1243 2125 usque
1256 2089 1320 2117 dum
1332 2087 1450 2116 lasciviae
1462 2087 1607 2114 occasione
1622 2093 1680 2114 cm-

895 2141 950 2168 Ium
966 2139 1050 2168 stellis
1064 2137 1258 2166 exornaretur?
1288 2134 1321 2162 Et
1335 2133 1473 2169 quomodo
1488 2133 1515 2160 in
1531 2133 1622 2161 stellas
1638 2140 1682 2160 re-

857 2177 883 2206 Ῑ)
895 2188 1011 2214 latarum
1024 2184 1103 2212 liberi
1118 2191 1150 2211 ac
1170 2187 1282 2218 nepotes
1299 2180 1371 2216 apud
1391 2179 1494 2207 inferos
1513 2178 1683 2214 puniuntur?

895 2234 971 2261 Atlas
989 2236 1118 2268 gravatus
1131 2229 1261 2265 pondere,
1277 2226 1408 2254 Tantalus
1428 2230 1540 2253 enectus
1560 2224 1616 2256 siti,
1636 2223 1681 2250 Si-

895 2280 997 2315 syphus
1024 2282 1128 2313 petram
1153 2275 1285 2306 retinens,
1298 2273 1394 2308 Tityus
1418 2276 1545 2306 pertusus
1565 2270 1682 2301 viscera.

893 2327 968 2354 Ixion
985 2325 1057 2353 circa
1072 2328 1159 2350 rotam
1176 2320 1362 2348 indesinenter
1381 2318 1527 2345 volutatus.
1540 2315 1684 2349 Quomodo

896 2380 962 2400 vero
983 2376 1013 2398 nt
1033 2373 1169 2397 amatores
1192 2367 1229 2394 dii
1245 2373 1303 2398 eos,
1327 2371 1397 2400 quos
1420 2363 1587 2398 polluerant,
1614 2360 1683 2387 inter

897 2423 971 2446 astra
988 2416 1149 2448 retulerunt,
1164 2413 1215 2441 sibi
1230 2416 1321 2440 autem
1347 2410 1374 2437 id
1397 2409 1521 2437 muneris
1545 2415 1598 2434 non
1620 2409 1683 2433 sunt

895 2463 985 2498 largiti
992 2463 1003 2489 ’ἶ

930 2503 1022 2531 XXIII.
1045 2502 1105 2530 Non
1119 2510 1184 2539 ergo
1205 2506 1284 2530 erant
1303 2501 1351 2535 dii,
1377 2500 1424 2528 sed
1444 2503 1618 2534 tyrannorum
1637 2502 1682 2522 ve-

692 2569 811 2597 VARIIE
823 2565 1018 2596 LECTIONES

97 2641 119 2659 ’ν
133 2641 197 2667 τότε
211 2638 372 2674 θὰίιιιιιιίγοτ
384 2636 425 2674 0.-
455 2637 477 2674 ’ξ
490 2635 530 2663 Ita
544 2634 566 2674 ς)
595 2634 789 2674 c._marg;C_i_,
801 2635 828 2674 in
849 2647 882 2666 ω

68 2677 85 2692 δι
102 2675 199 2702 παίδων
209 2668 254 2703 ο.”
282 2675 306 2690 ³ο
322 2673 393 2700 Vbb.
411 2672 449 2703 ὡς
463 2671 531 2706 εφης
538 2671 600 2706 des.
619 2671 645 2696 in
660 2668 832 2706 QISubinde
846 2674 882 2700 ἐπ

69 2712 87 2730 ιι
101 2701 179 2738 "ac"
198 2701 224 2738 cI
241 2709 269 2737 s.
290 2701 515 2743 ἀπαλλάσσονται
521 2701 561 2743 ‘c.
597 2705 620 2743 ξ
633 2704 775 2743 ἐμίγνυντο
788 2706 811 2734 o
835 2715 859 2735 ε,
874 2708 893 2736 s
908 2729 916 2742 ,
930 2701 1082 2743 gmw“,
1097 2701 1130 2733 ος
1162 2701 1393 2739 ιικατῆστήριςον
1411 2701 1443 2728 c,

67 2746 199 2780 σμένωνῦ.
239 2745 262 2762 ³⁸
275 2744 350 2778 δίψει
364 2742 397 2770 Ο.
416 2742 437 2759 "
451 2739 642 2776 κατεπήριζον
658 2740 689 2767 C.

886 2638 893 2645 ο

883 2638 904 2700 ἐ.
924 2641 1006 2679 textu
1032 2635 1158 2676 occepta:
1195 2635 1218 2652 ’⁸
1233 2633 1363 2683 ἐπιστολῄ
1383 2631 1416 2659 0.
1454 2630 1477 2646 ³⁰
1491 2628 1576 2671 πάρος
1588 2635 1642 2668 om.
1655 2627 1678 2654 0

907 2682 957 2700 της
968 2672 988 2699 C
1005 2692 1012 2700 .
1029 2671 1134 2700 ἐπιθείς
1147 2678 1173 2697 In
1189 2677 1276 2700 marg.
1340 2668 1351 2683 ³
1378 2668 1540 2700 ἐπαναφορα
1559 2670 1632 2696 con].
1645 2662 1675 2690 CI

1378 2664 1540 2700 ἐπαναφορά
1559 2662 1632 2696 conj.
1645 2662 1685 2690 Cl.

907 2673 957 2708 τῆς
968 2672 988 2699 C
1005 2692 1012 2704 ,
1029 2670 1134 2702 ἐπιθείς
1147 2670 1173 2697 in
1189 2677 1276 2704 marg.
1340 2670 1363 2683 “
1378 2670 1540 2700 ἐπαναφορα
1559 2670 1632 2696 con].
1645 2670 1681 2690 ω.

908 2729 916 2734 .
930 2708 1082 2734 ἐμιγνοῐντο
1097 2705 1128 2733 C.
1162 2705 1185 2725 "
1196 2703 1393 2734 κατηστήριζον
1411 2701 1443 2728 C.
1495 2700 1516 2715 ³⁷
1529 2706 1681 2734 κατεστηρι-

718 2785 899 2815 VARIORUM
916 2785 1033 2814 NOTAE.

81 2839 225 2881 ψῃ·
239 2838 349 2881 αὐτοῖς»
358 2832 731 2881 ,⁵9139Ῑ5.έὲ¹ἶῖιέῗν3ιξ;.⁰,¹ἶῗ’
740 2833 847 2881 ἑηριξίιν

63 2871 265 2904 (ἰίῐίηιιίἱετῖὺιιε
276 2881 294 2901 a
311 2879 344 2900 se
356 2871 507 2902 adamatis,
521 2877 589 2903 quas
602 2871 671 2896 inter
682 2872 754 2896 astra
774 2872 849 2916 retu-

900 2833 1003 2864 lerunt,
1019 2839 1074 2858 non
1091 2831 1118 2858 id
1133 2838 1242 2866 quoque
1256 2829 1430 2866 largitisunt,
1448 2833 1478 2856 ut
1489 2835 1583 2866 eorum
1597 2833 1686 2863 poste-

902 2875 948 2896 ros
964 2862 1117 2903 (ἐπιγόνους)
1131 2862 1150 2894 a
1159 2862 1248 2902 ptenis
1260 2862 1373 2893 infcrnis
1389 2863 1555 2893 liberarent?
1566 2862 1596 2892 S.
