1942 3100
262 150 320 182 1133

739 147 767 176 S.
789 145 983 176 CLEMENTIS
1002 145 1012 172 1
1032 144 1115 172 R01“.
1136 142 1239 172 PONT.
1262 143 1377 172 OPERA
1392 143 1505 172 DUBIA.

1845 145 1900 173 198

293 210 380 241 XXX.
398 211 453 238 ista
477 216 540 237 cum
564 216 579 236 a
605 215 648 235 me
672 207 718 234 alii
741 211 804 234 ante
829 205 1007 237 audivissent,
1023 207 1051 230 et

1137 201 1221 229 XXX.
1243 202 1335 229 Ταῦτα
1352 202 1377 229 οἱ
1397 202 1486 238 ἕτεροι
1512 200 1735 237 προακούσαντες
1757 201 1825 236 ἐμοῦ
1852 214 1901 231 και

260 257 455 293 consequentia
467 255 655 284 desiderarent
667 254 782 285 discere,
795 254 982 280 convenerunt
992 257 1046 282 me,

260 311 291 334 ut
304 305 454 340 Appionem
470 301 595 330 invisuri.
609 300 641 327 Et
653 307 718 327 vero
730 306 792 326 eum
803 299 858 334 jam
871 298 956 325 lotum
972 296 1048 323 inve-

261 353 362 384 nimus,
380 357 473 378 mensa
486 352 591 383 parata.
607 346 698 380 Quare
718 352 806 380 pauca
828 342 1048 371 examinavimus

260 399 332 426 circa
348 395 501 424 doctrinam
517 394 551 421 de
564 393 628 421 diis.
645 392 692 420 Ille
707 398 772 419 vero
785 394 923 421 nostram,
939 388 1047 424 opinor,

259 443 415 478 intelligens
430 441 597 468 voluntatem
610 460 618 473 ,
640 438 761 466 crastina
778 436 822 464 die
843 443 874 463 se
891 434 995 470 aliquid
1014 433 1049 462 de

259 490 314 517 diis
326 489 463 516 dicturum
479 485 616 522 promisit,
630 483 814 518 eumdemque
827 481 907 509 nobis
919 480 1049 508 indicavit

258 536 350 563 locum
364 555 372 567 ,
395 534 423 561 in
447 540 503 569 quo
525 535 599 560 esset
621 531 775 558 locuturus.
796 528 852 556 Nos
875 532 966 555 autem
984 533 1047 554 cum

258 580 454 616 promissione,
476 578 571 614 gratiis
591 577 631 605 illi
654 577 723 605 actis
734 597 741 610 ,
759 575 860 612 singuli
875 575 986 603 domum
1002 582 1048 602 re-

257 627 328 655 versi
343 634 449 654 sumus.

551 729 695 757 llOMlLIA
714 728 760 756 Vl.

293 780 315 807 l.
335 779 428 807 Tertio
451 781 542 805 autem
565 776 609 804 die
633 775 666 802 ad
689 774 851 810 przelinitum
869 773 934 810 Tyri
950 781 1044 809 agrum

258 834 320 854 cum
334 823 558 853 familiarissimis
578 830 629 858 ego
654 821 766 849 veniens
787 821 939 856 Appionem
979 828 1047 847 nan-

1101 247 1195 283 μαθεῖν
1206 247 1241 273 τὰ
1251 246 1315 283 ἑξῆς
1325 247 1480 279 ποθοῦντες,
1491 247 1571 283 lsi,
1582 247 1712 283 συνῆλθόν
1724 256 1780 283 μοι,
1789 249 1825 281 ὡς
1839 250 1896 277 ἐπι

1099 294 1260 329 σκεψόμενοι
1277 293 1428 321 Ἀππίωνα,
1449 294 1505 320 Καὶ
1520 293 1553 329 δὴ
1570 293 1731 330 λελουμένον
1748 295 1829 322 αὑτὸν
1850 297 1902 333 ἤδη

1099 339 1341 374 κατελαμϐάνομεν
1356 340 1398 374 ἐφ’
1410 339 1511 375 ἑτοίμῳ
1522 339 1657 376 τραπέζῃ.
1674 341 1775 377 Διόπερ
1783 343 1808 358 ¹⁹
1820 343 1902 377 ὀλίγα

1097 385 1376 421 ὴκριὸολογησάμεθα
1393 387 1432 417 είς
1455 385 1501 412 τὸν
1518 394 1583 421 περι
1599 385 1668 412 θεῶν
1694 386 1782 421 λόγον.
1806 388 1834 416 '0
1860 390 1901 421 δὲ,

1098 428 1185 466 οἶμαι,
1205 432 1295 463 συνεὶς
1309 431 1386 466 ἡμῶν
1403 432 1454 467 τὴν
1467 431 1686 467 προαίρεσιν,εἱς
1700 433 1750 469 τὴν
1766 434 1903 462 ἐπιοῦσαν

1098 477 1169 512 ἔχειν
1179 477 1202 493 ⁸ο
1217 486 1244 504 τι
1258 478 1347 504 εἰπεῖν
1363 477 1498 513 ὑπέσχετο
1513 479 1578 514 περὶ
1597 479 1675 511 θεῶν,
1692 479 1740 506 καὶ
1755 480 1802 507 τὸν
1817 482 1903 508 αὐτὴν

1098 523 1285 559 προεδήλωσεν
1301 524 1367 559 ἡμῖν
1383 523 1482 555 τόπον,
1499 523 1538 555 ὼς
1554 525 1612 551 ἐκεῖ
1627 525 1828 561 διαλεξόμενος.
1855 527 1904 553 Ἦ‹

1100 570 1159 604 μεῖς
1170 569 1198 595 δὲ
1211 570 1259 595 σὺν
1268 570 1301 605 τῇ
1314 569 1475 604 ὑποσχέσει,
1492 569 1572 605 χάριν
1583 571 1803 607 ὁμολογήσαντες
1814 574 1902 608 αὐτῷ,

1099 616 1190 643 οἴκαδε
1209 616 1324 648 ἕκαστος
1340 616 1571 652 ἀπεχωρήσαμεν.

1401 718 1529 745 'OMIAIA
1549 720 1592 752 cr.

1132 764 1153 792 Ι.
1173 765 1259 802 Τρίτῃ
1272 765 1299 791 δὲ
1314 765 1406 800 ἡμέρᾳ
1419 765 1459 796 εἰς
1474 765 1504 791 τὸ
1519 765 1727 800 προωρισμένον
1740 766 1791 801 τῆς
1807 766 1902 802 Τύρου

1097 810 1196 847 χωρίον
1212 812 1259 838 σὺν
1272 811 1327 842 τοῖς
1343 811 1519 842 οἰκειοτάτοις
1535 810 1619 838 ἐλθὼν
1631 811 1719 846 ἔγωγε
1727 812 1761 844 υ,
1777 812 1902 848 εὑρίσκω

255 871 356 904 ciscor,
391 871 418 898 in
436 869 526 897 medio
544 856 696 895 Anuhionis
710 871 738 895 et
753 867 922 895 Athenodori
947 867 1046 894 sedcu-

1098 858 1143 885 τὸν
1161 857 1312 889 ’Λππίωνα,
1331 856 1506 888 ’Λνουϐίωνός
1521 865 1551 883 τε
1568 857 1615 883 καὶ
1637 857 1826 893 Ἀθηνοδώρου
1848 867 1901 885 κα-

258 921 312 945 tem
324 938 331 950 ,
356 923 464 950 unaque
477 915 568 950 plures
582 914 651 941 alios
665 913 789 941 eruditos
805 913 897 946 viros‘,
923 913 970 948 qui
997 920 1047 940 nos

1099 903 1242 939 θεζόμενον
1270 903 1361 938 μέσον,
1389 902 1435 929 καὶ
1463 901 1532 938 μετὰ
1557 902 1661 929 πολλῶν
1683 903 1771 930 ἄλλων
1792 903 1851 930 τῶν
1868 905 1901 929 ἐκ

257 962 478 998 opperiebantur.
494 961 622 989 Attamen
637 959 707 987 nihil
723 959 826 986 veritus
840 959 963 987 salutans
979 966 1046 985 con-

257 1007 315 1036 sedi
328 1016 361 1035 ex
375 1007 490 1035 adverso
501 1006 645 1042 Appionis,
659 1006 707 1041 qui
722 1013 777 1032 non
795 1005 880 1032 multo
895 1007 958 1040 post
971 1004 1046 1040 loqui

256 1054 339 1089 c03pit
353 1063 360 1082 :
375 1053 453 1086 Volo,
470 1054 589 1089 primum
609 1052 745 1087 incipiens
763 1051 842 1084 hinc,
857 1051 913 1086 jam
929 1051 983 1078 cito
998 1058 1046 1078 ve-

257 1101 315 1128 nire
330 1101 363 1128 ad
379 1100 569 1136 qumstionem.
596 1098 666 1125 Ante
688 1105 771 1133 quam
786 1101 831 1129 tu,
852 1097 888 1124 ﬁli
904 1096 1045 1130 Clemens,

255 1148 367 1175 adesses
381 1146 482 1179 nobis,
509 1145 639 1172 Anuhion
662 1145 707 1172 hic
728 1149 755 1171 et
777 1143 982 1177 Athenodorus,
998 1143 1045 1178 qui

256 1193 315 1221 heri
331 1201 384 1220 una
398 1200 461 1220 eum
477 1192 538 1219 aliis
559 1190 706 1218 audierunt
720 1194 746 1217 te
761 1189 940 1217 dissercnlem
952 1210 959 1223 ,
980 1197 1045 1217 nar-

255 1243 388 1266 raveruut
401 1238 480 1271 mihi,
496 1245 551 1273 quo
565 1236 648 1264 modo
664 1235 758 1263 Romae
770 1235 817 1262 tibi
833 1240 863 1262 ut
878 1235 981 1263 amanti
996 1243 1045 1263 nc-

256 1292 370 1314 currens
384 1284 468 1312 multa
490 1287 585 1311 contra
602 1283 669 1310 deos
691 1282 821 1309 mentitus
843 1281 957 1315 fuerim,
983 1282 1045 1310 illos

255 1330 407 1365 praedicans
416 1329 580 1365 paedicones,
591 1328 720 1361 lascivos,
734 1332 902 1363 stupratores
913 1332 1044 1360 matrum,

256 1383 382 1403 sororum
395 1396 402 1409 ,
416 1375 533 1402 ﬁliarum
544 1395 552 1408 ,
570 1374 777 1408 innumerisque
792 1373 925 1401 obnoxios
939 1374 1044 1401 adulte-

256 1421 315 1449 riis.
337 1421 390 1450 Sed
413 1426 438 1449 te
454 1421 594 1456 oportuit,
618 1420 674 1452 ﬁli,
699 1420 769 1448 scire
788 1428 832 1447 me
845 1420 910 1447 talia
932 1428 987 1447 non
1010 1428 1043 1447 ex

255 1468 349 1494 animo
365 1467 520 1502 scripsisse,
542 1466 590 1494 sed
612 1474 705 1493 amore
724 1465 764 1493 tui
783 1473 848 1493 vera
869 1465 1042 1499 occultasse;

255 1521 316 1548 qua:
332 1513 355 1541 si
371 1521 443 1541 nunc
460 1512 610 1545 desideras,
629 1512 692 1540 audi
706 1518 722 1539 a
734 1519 787 1539 me.

290 1635 322 1663 ll.
343 1636 527 1671 Antiquorum
547 1635 692 1662 hominum
709 1635 917 1670 sapientissimi.
932 1643 1043 1664 omnem

255 1683 396 1710 veritatem
413 1689 460 1716 per
476 1682 597 1709 laborem
612 1681 700 1708 cdocti
712 1702 719 1714 ,
736 1681 862 1717 indignos
876 1682 1044 1709 divinarum-

254 1736 309 1763 que
330 1728 535 1762 disciplinarum
560 1735 613 1755 non
638 1727 753 1762 cupidos
777 1727 901 1755 celarunt
924 1728 1044 1756 scientia:

255 1774 439 1802 traditionem.
462 1772 556 1808 Neque
579 1774 651 1800 enim
673 1781 706 1800 ex
720 1773 796 1801 leo
816 1774 944 1809 illiusque
957 1780 1044 1802 matre

254 1818 339 1848 Terra
360 1819 494 1855 progeniti
511 1823 576 1846 sunt
593 1819 736 1847 duodecim
753 1819 849 1853 liberi,
863 1821 1043 1855 quemadmo-

254 1867 318 1894 dum
344 1866 434 1894 fahula
459 1870 621 1899 enumerat,
645 1873 735 1893 mares
760 1866 870 1901 quidem
897 1866 1042 1900 Oceanus,

253 1912 347 1944 Ceus,
361 1912 452 1944 Crius,
466 1911 615 1948 Hyperion.
631 1911 755 1947 Iapetus,
770 1911 920 1945 Saturnus;
936 1911 1044 1940 femina:

253 1966 319 1985 vero
333 1957 418 1985 Theia
428 1979 436 1991 ,
453 1957 565 1985 Themis
576 1977 584 1990 ,
603 1957 778 1993 Mnemosyne
788 1979 795 1991 ,
809 1957 908 1990 Ceres,
926 1957 1042 1994 Tethys,

255 2003 340 2031 Rhea.
363 2003 457 2039 Neque
483 2003 620 2031 Saturnus
643 2003 819 2031 adamantina
845 2004 913 2032 falce
934 2009 1042 2032 exsecta

254 2051 325 2086 patri
341 2051 416 2079 Ceelo
432 2050 522 2077 virilia
534 2071 541 2083 ,
558 2054 589 2077 ut
606 2049 692 2081 fertis,
709 2049 736 2076 in
752 2057 828 2077 mare
843 2049 972 2085 proiecit;
995 2050 1042 2077 sed

255 2103 344 2131 neque
359 2104 391 2124 ex
408 2097 476 2124 Caeli
492 2095 650 2123 exsectione
664 2103 713 2130 per
728 2095 780 2123 fusi
796 2096 938 2131 sanguinis
953 2101 1043 2131 guttas

256 2148 316 2171 orta
343 2147 385 2170 est
401 2142 503 2170 Venus.
531 2141 625 2176 Neque
645 2141 728 2168 etiam
753 2141 888 2168 Saturnus
909 2149 943 2169 ex
967 2141 1042 2169 Rhea

255 2189 344 2224 primo
369 2188 420 2215 sibi
447 2188 567 2223 genitum
591 2186 735 2215 Plutonem
760 2187 910 2219 absorbuit.
933 2192 1043 2223 propter

255 2233 411 2262 Promethei
426 2234 567 2261 oraculum
582 2235 698 2266 veritus,
727 2241 761 2260 ne
779 2241 813 2260 ex
838 2241 871 2260 eo
895 2235 1041 2261 concubitu
1058 2223 1080 2251 D

256 2286 337 2308 natus
350 2280 441 2307 infans
457 2279 555 2307 fortior
569 2279 629 2314 ipso
641 2279 790 2311 existeret,
808 2279 980 2313 privaretque
1002 2280 1042 2314 ip-

255 2333 317 2354 sum
332 2334 426 2361 regno.
445 2325 504 2352 Non
520 2325 640 2353 secundo
656 2325 777 2359 genitum
797 2323 950 2359 Neptunum
966 2325 1042 2352 simi-

255 2372 318 2400 liter
332 2372 479 2406 absorpsit.
503 2370 563 2398 Non
584 2375 646 2406 post
660 2371 710 2398 hos
729 2374 824 2397 natum
842 2369 936 2397 Jovem
955 2377 1043 2398 mater

256 2418 332 2447 Rhea
345 2417 492 2446 occultavit
503 2438 510 2450 ,
527 2425 577 2444 nec
592 2416 727 2451 expetenti
742 2415 860 2444 Saturno
874 2417 991 2452 lapidem
1006 2417 1040 2445 ad

255 2464 442 2493 devorandum
455 2463 577 2491 tradidit.
590 2462 649 2490 Non
664 2463 687 2490 is
699 2462 845 2490 devoratus
857 2462 933 2497 prius
945 2463 1040 2490 absor-

255 2515 318 2546 ptos
338 2511 421 2538 trusit
439 2515 466 2537 et
489 2508 578 2544 coegit
600 2508 686 2541 exire,
708 2507 825 2543 primum
847 2509 969 2543 quidem,
993 2509 1042 2544 qui

256 2557 361 2591 primus
376 2556 522 2591 absorptus
538 2554 638 2588 fuerat,
653 2553 812 2586 Plutonem,
828 2559 921 2588 postea
938 2553 1042 2590 Neptu—

1098 949 1224 980 παιδείας
1235 948 1338 984 ἀνδρῶν
1349 949 1422 984 ἡμᾶς
1432 948 1630 983 ἀναμενόντων.
1640 949 1695 975 Καὶ
1703 949 1779 984 ὅμως
1787 949 1868 976 οὐδὲν
1877 950 1900 965 ⁶¹

1097 996 1295 1030 καταπλαγεὶς,
1311 994 1537 1031 προσαγορεύσας
1549 994 1761 1030 ἀντικαθέζομαι
1773 995 1813 1030 τῷ
1832 995 1899 1021 Ἀπ-

1097 1043 1189 1072 πίωνι,
1213 1041 1243 1073 ὃς
1267 1042 1324 1077 μετ’
1349 1041 1380 1067 οὺ
1405 1040 1471 1067 πολὺ
1497 1040 1586 1074 λέγειν
1611 1040 1728 1076 ἤρξατο·
1756 1040 1897 1076 Βούλομαι

1097 1089 1206 1125 πρῶτος
1216 1087 1369 1123 ἀρξάμενος
1382 1086 1507 1113 ἐντεῦθεν
1521 1086 1571 1122 ἤδη
1585 1086 1689 1121 ταχέως
1704 1086 1791 1112 ἐλθεῖν
1804 1088 1853 1113 ἐπὶ
1867 1087 1898 1113 τὴ

1096 1134 1271 1171 ζητούμενον.
1289 1133 1347 1169 Πρὸ
1362 1132 1408 1159 τοῦ
1427 1132 1456 1158 σὲ
1469 1151 1476 1163 ,
1499 1132 1594 1158 τέκνον
1610 1132 1814 1169 Κλήμης,ήμῖν
1824 1143 1897 1168 παρ-

1097 1183 1177 1215 εῖναι,
1221 1178 1359 1207 Ᾱνουὸίων
1374 1175 1452 1210 οὗτος
1462 1178 1485 1194 ⁸³
1501 1179 1548 1205 καὶ
1568 1178 1750 1214 Ἀθηνόδωρος
1762 1198 1770 1210 ,
1787 1179 1814 1204 οἰ
1832 1179 1896 1214 χθὲς

1095 1225 1154 1262 ἅμα
1178 1227 1234 1258 τοῖς
1260 1225 1349 1257 ἀλλοις
1374 1224 1578 1256 ὲπακούσαντές
1604 1232 1651 1250 σου
1677 1224 1874 1259 διαλεγομένου
1888 1244 1894 1255 ,

1095 1271 1271 1308 ἀφηγήσαντο
1289 1270 1363 1306 μοι⁶⁸
1380 1271 1439 1302 πῶς
1450 1271 1478 1297 ὲν
1494 1271 1527 1306 τῇ
1543 1269 1647 1306 Ῥώμῃ,
1660 1270 1862 1306 συνερχόμενός
1873 1271 1896 1286 ⁸³

1096 1326 1137 1344 σοι
1149 1317 1187 1349 ὡς
1197 1317 1305 1353 ἐρῶντι,
1323 1316 1410 1343 πολλά
1420 1315 1475 1343 τῶν
1486 1315 1557 1342 θεῶν
1571 1316 1794 1351 κατεψευσάμην,
1807 1315 1897 1343 εὶπιῖιν

1094 1363 1193 1394 αὐτοὺς
1209 1362 1394 1398 παιδεραστὰς
1404 1381 1411 1393 ,
1428 1362 1552 1396 ἀσελγεῖς
1563 1381 1570 1393 ,
1590 1362 1773 1397 μιγνυμένους
1789 1362 1897 1398 μητρά-

1095 1417 1148 1440 σιν,
1174 1408 1311 1444 ἀδελφαῖς,
1336 1407 1520 1443 θυγατράσιν,
1546 1407 1594 1434 καὶ
1622 1407 1734 1443 μυρίαις
1757 1407 1896 1443 μοιχείαις

1094 1455 1269 1490 ἐνεχομένους
1276 1455 1308 1480 ⁸⁸.
1318 1453 1396 1489 155
1404 1453 1473 1480 Ἀλλ’
1484 1453 1568 1489 ὲχρῆν
1581 1461 1622 1484 σε,
1632 1449 1655 1479 ὦ
1665 1453 1769 1485 τέκνον,
1781 1453 1893 1484 ειδέναι,

1094 1501 1134 1528 ὅτι
1153 1502 1190 1537 μὴ
1209 1500 1321 1528 τοιαῦτα
1340 1500 1405 1535 περὶ
1425 1499 1495 1526 θεῶν
1516 1498 1649 1535 φρονῶν⁶⁷
1670 1498 1800 1535 ἔγραφον,
1824 1499 1895 1526 ἀλλὰ

1056 1546 1079 1577 C
1095 1549 1196 1583 στοργῇ
1209 1548 1242 1582 τῇ
1259 1547 1328 1582 πρὸς
1351 1546 1381 1573 σὲ
1396 1545 1432 1572 τὰ
1447 1545 1532 1581 ἀληθῆ
1557 1544 1645 1579 λέγειν
1660 1545 1893 1581 ἀπεκρυπτόμην,

1093 1593 1177 1628 ἅπερ,
1196 1594 1220 1619 εί
1235 1592 1283 1619 νῦν
1299 1592 1410 1624 ἐθέλεις.
1420 1593 1483 1627 παρ’
1501 1590 1568 1626 ἐμοῦ
1585 1591 1713 1618 ἄκουσον.

1130 1637 1160 1666 ll.
1181 1638 1242 1665 Τῶν
1259 1638 1343 1664 πάλαι
1359 1637 1463 1673 ἀνδρῶν
1479 1637 1504 1664 oi
1523 1636 1673 1671 σοφώτατοι
1686 1656 1693 1667 ,
1716 1637 1808 1663 πᾶσαν
1826 1637 1894 1672 ἀλή-

1095 1684 1169 1711 θειαν
1183 1684 1260 1711 αὐτοὶ
1274 1684 1389 1720 καμάτῳ
1414 1683 1437 1700 ⁸⁸
1452 1683 1643 1719 μεμαθηκότες
1655 1703 1662 1714 ,
1684 1683 1748 1714 τοὺς
1763 1683 1894 1716 ἀναξίους

1094 1731 1140 1757 καὶ
1158 1730 1194 1766 μὴ
1211 1730 1389 1766 ὀρεγομένους
1407 1729 1486 1755 θείων
1511 1728 1679 1764 μαθημάτων
1695 1729 1893 1764 ἀπεκρύψαντο

1093 1777 1142 1812 τὴν
1156 1777 1311 1811 ἐπιστήμην
1336 1775 1438 1801 λαϐεῖν.
1462 1774 1530 1801 Οὔτε
1557 1774 1612 1811 γὰρ
1636 1775 1683 1801 ἀπ’
1701 1775 1826 1810 Οὐρανοῦ
1845 1776 1893 1802 καὶ

1093 1823 1142 1858 τῆς
1161 1822 1263 1858 μητρὸς
1278 1821 1361 1848 αὐτοῦ
1378 1822 1432 1856 Γῆς
1447 1821 1574 1855 γεγόνασι
1589 1820 1682 1852 παῖδες
1694 1820 1811 1852 δώδεκα,
1828 1821 1893 1852 ὠςό

1096 1868 1180 1904 μῦθος
1204 1868 1384 1903 καταριθμεῖ·
1411 1867 1525 1903 ἄρρενες
1547 1867 1607 1901 μὲν,
1634 1866 1777 1898 Ὠκεανὸς,
1798 1866 1890 1898 Κοῖος,

1093 1914 1177 1950 Κρῖος
1187 1914 1220 1947 σν,
1243 1913 1387 1949 Ὑπερίων,
1409 1913 1538 1944 Ἰαπετὸς,
1559 1912 1675 1948 Κρόνος·
1695 1911 1835 1947 θήλειαι⁷⁶
1851 1912 1891 1944 δὲ,

1093 1959 1162 1991 Θεὰ,
1180 1959 1278 1995 Θέμις,
1305 1958 1488 1994 Μνημοσύνη,
1511 1958 1653 1993 Δημήτηρ.
1681 1957 1792 1992 Τηθὺς,
1814 1958 1890 1985 Ῥέα.

1094 2005 1162 2032 Οὔτε
1175 2007 1208 2041 τῇ
1224 2005 1253 2038 ἐξ
1269 2005 1423 2040 ἀδάμαντος
1436 2004 1513 2040 ἆρπῃ
1530 2004 1565 2030 τὰ
1581 2003 1669 2030 αἰδοῖα
1681 2004 1787 2038 Κρόνος
1803 2004 1893 2039 Οὐρα-

1094 2051 1139 2078 νοῦ
1153 2052 1200 2078 τοῦ
1217 2051 1320 2087 πατρὸς
1335 2050 1476 2086 ἐκτεμὼν,
1495 2050 1533 2082 ὥς
1549 2059 1617 2084 φατε
1628 2070 1635 2082 ,
1652 2051 1692 2081 εἰς
1709 2049 1790 2084 βυθὸν
1806 2050 1893 2086 ἀπέρ-

1095 2097 1187 2132 ριψεψ
1208 2096 1265 2123 ἀλλ’
1281 2097 1337 2123 οὐδ’
1357 2097 1389 2122 ὲκ
1402 2097 1452 2132 τῆς
1468 2096 1607 2132 ἀποτομῆς
1622 2095 1668 2122 τοῦ
1686 2095 1808 2130 Οὐρανοῦ
1824 2105 1892 2123 στα-

1093 2143 1178 2177 γὸνων
1195 2143 1305 2179 ῥυέντος
1319 2143 1434 2178 αἵματος
1449 2143 1465 2178 ὴ
1486 2142 1628 2178 Ἀφροδίτη
1644 2142 1761 2175 ἐγένετο.
1775 2142 1840 2168 Οὐδ’
1856 2141 1891 2170 αὗ

1093 2190 1196 2225 Κρόνος
1211 2191 1244 2225 τῇ
1263 2189 1327 2224 Ῥέᾳ.
1345 2189 1436 2224 μιγεὶς
1449 2189 1496 2215 καὶ
1509 2190 1642 2224 γεννήσας
1655 2188 1800 2214 Πλούτωνα
1812 2188 1893 2224 πρῶ-

1093 2244 1138 2262 τον
1155 2235 1283 2262 κατέπιεν
1295 2255 1302 2267 ,
1327 2235 1372 2261 διά
1394 2243 1455 2261 τινα
1473 2235 1641 2270 Προμηθέως
1656 2234 1755 2269 θεσμὸν
1771 2234 1892 2266 δεδιὼς,

1097 2282 1199 2317 μήποτε
1215 2280 1342 2316 γεννηθὲν
1359 2280 1388 2313 ἐξ
1404 2281 1487 2307 αὑτοῦ
1505 2280 1614 2315 βρέφος,
1631 2280 1819 2315 γενναιότερον
1838 2279 1892 2307 αὑ-

1094 2326 1141 2353 τοῦ
1157 2327 1311 2362 γενόμενον,
1325 2326 1456 2361 ἀφέληται
1472 2326 1553 2352 αὐτὸν
1575 2326 1624 2361 τῆς
1648 2325 1831 2360 βασιλείας”¹.
1851 2327 1891 2353 Οὺ

1093 2371 1138 2399 τὸν
1157 2371 1309 2398 Ποσειδῶνα
1324 2371 1449 2407 δεύτερον
1472 2372 1605 2407 γεννήσας
1620 2371 1718 2407 ὁμοίως
1735 2372 1870 2398 κατέπιεν
1882 2381 1888 2387 ·

1094 2418 1125 2444 οὺ
1144 2418 1214 2453 μετὰ
1228 2417 1340 2450 τούτους
1354 2418 1400 2444 τὸν
1415 2418 1464 2445 Δία
1477 2418 1640 2454 γεννηθέντα
1661 2418 1677 2453 ἡ
1693 2419 1784 2453 μήτηρ
1801 2427 1892 2445 κατα-

1094 2463 1221 2499 κρύψασα
1237 2464 1254 2499 ἡ
1272 2463 1335 2490 Ῥέα
1355 2464 1538 2500 ἀπαιτήσαντι
1562 2464 1600 2499 τῷ
1621 2464 1717 2500 Κρόνῳ
1740 2466 1890 2491 καταπιεῖν

1094 2509 1166 2536 λίθον
1172 2510 1195 2525 ⁷⁸
1209 2510 1433 2542 ἀντέδωκεν.”ος,
1448 2510 1479 2536 οὐ
1494 2509 1737 2542 καταποθεὶς,τοὺς
1749 2518 1890 2544 προκατα-

1095 2556 1225 2588 ποθέντας
1237 2556 1332 2591 θλίψεις
1346 2556 1461 2590 ἐξέωσεν
1470 2556 1550 2589 ⁷³,ὼς
1561 2555 1701 2592 προελθεῖν
1715 2555 1824 2590 πρῶτον
1838 2557 1889 2591 μὲν

896 2611 1014 2640 νΑιιιιΕ
1037 2613 1240 2651 ΕΕΟΤΙΟΝΕδ.

295 2656 317 2673 ¹⁹
332 2656 365 2683 δι’
379 2657 447 2692 ὅπερ
459 2656 489 2685 C.
547 2656 569 2672 '°
585 2655 606 2692 ί)
620 2655 748 2692 proponit
763 2656 850 2691 ἥκειν.

907 2657 927 2672 ⁸¹
943 2656 999 2691 ἐγώ
1016 2665 1046 2690 γι
1063 2655 1093 2683 C.

1152 2656 1173 2671 ⁶¹
1191 2655 1251 2682 οὑδέ
1265 2658 1296 2683 0.
1352 2656 1374 2672 "
1391 2656 1426 2683 Ita
1443 2656 1466 2684 0
1480 2661 1506 2684 et
1520 2657 1540 2684 (ἒ
1562 2665 1594 2684 ex
1614 2658 1743 2690 eonject..
1759 2657 1851 2691 οὕτως
1869 2661 1895 2687 in

258 2696 341 2719 textu.
381 2693 404 2708 “
418 2691 591 2728 άφηγήσαιτό
609 2700 655 2727 μοι
674 2691 702 2722 S,
721 2691 859 2718 mendose.
899 2692 921 2707 ⁸⁵
937 2692 1051 2726 συνεργό

258 2726 310 2752 νῶν
324 2727 495 2752 desideratur
512 2728 538 2752 in
556 2726 588 2752 Ο.
627 2727 650 2742 ⁸⁸
669 2726 722 2752 Pro
739 2726 770 2752 Ci
794 2726 924 2752 καμάτων
942 2727 961 2752 Ι)
978 2727 1054 2752 [eum

1098 2699 1133 2723 νος
1144 2691 1176 2721 C.
1193 2691 1406 2752 συνεργούμενος
1422 2691 1450 2720 S.
1489 2693 1512 2708 “
1527 2693 1706 2728 ἀνεχομένους
1717 2693 1748 2721 C.
1791 2695 1813 2710 "’
1832 2704 1897 2731 φρο-

1098 2734 1120 2752 m
1141 2731 1234 2752 censet
1273 2727 1300 2752 ιὰ
1316 2727 1448 2752 καμάτων
1465 2737 1471 2752 :
1490 2728 1646 2752 coniectura
1663 2729 1716 2752 inm
1739 2730 1891 2752 suum-nun,

256 2726 310 2753 νῶν
324 2727 495 2754 desideratur
506 2726 538 2754 in
556 2726 588 2754 Ο.

627 2727 650 2742 ⁸⁸
669 2726 722 2753 Pro
739 2726 770 2753 Ci
794 2726 924 2761 καμάτων
942 2727 961 2752 Ι)
978 2727 1126 2761 legendum
1141 2731 1234 2753 censet

256 2762 278 2777 "
294 2761 331 2798 Ita
348 2761 377 2794 S,
393 2762 513 2798 auct.
533 2762 591 2798 (Σίν.
617 2761 680 2789 Hes.
700 2761 796 2798 ΊἹιρορἲ
815 2762 877 2793 154,
894 2762 956 2798 575,
975 2762 1052 2798 κριός

1098 2760 1145 2798 -0,-

255 2796 328 2832 conj.
348 2797 378 2824 ο.
396 2797 451 2832 Cir.
473 2797 536 2825 Hes.
554 2797 650 2832 Theog.
667 2797 729 2829 155,
747 2797 810 2824 371.
829 2797 954 2832 Apollod.
972 2795 1037 2829 1,2.

1098 2795 1161 2832 Dein
1179 2796 1261 2828 τυθύς
1272 2795 1305 2823 0.

1201 2731 1234 2753 tet
1256 2727 1300 2753 διὰ
1316 2727 1448 2761 καμάτων
1465 2737 1471 2755 :
1490 2728 1646 2761 conjectura
1660 2729 1716 2762 jam
1739 2727 1893 2763 superﬂuia.

1201 2761 1223 2776 το
1244 2761 1322 2776 [ιιιἿιυ
1342 2762 1363 2776 n
1389 2761 1457 2776 ’Ὧι-...ι
1489 2762 1513 2776 :J
1542 2763 1588 2776 Δ-..
1608 2764 1664 2776 -2..-
1681 2770 1793 2776 --.ηληιη
1826 2766 1876 2776 οῖ,

1214 2762 1223 2777 ’³
1244 2761 1324 2796 θήλαι
1342 2761 1469 2790 0.ιΤιιιη.
1488 2762 1524 2790 id.
1542 2763 1589 2789 θεα
1607 2761 1667 2791 sine
1681 2761 1807 2795 accentu.
1826 2766 1895 2793 Θεία

1214 2796 1321 2833 eligit),
1353 2797 1374 2833 ἶ·
1391 2797 1462 2833 Lege
1478 2798 1527 2833 τὴν
1543 2798 1681 2833 βασιλείαν
1698 2799 1726 2826 S.
1780 2801 1804 2816 ⁷²
1819 2801 1894 2829 λίθον

255 2831 345 2870 addidi
359 2831 432 2870 e._(_).
449 2841 536 2870 quam
546 2840 643 2870 vocem
654 2833 750 2870 deesse
762 2832 818 2870 jam
838 2833 943 2861 monuit
961 2832 992 2861 Ι).
1010 2832 1068 2861 Cfr.
1086 2831 1199 2868 Recogn.
1213 2840 1240 2866 ι,
1257 2832 1300 2864 l9,
1314 2832 1343 2864 ὃς
1357 2831 1384 2860 in
1397 2831 1510 2862 exordio
1521 2831 1661 2869 sequentis
1678 2836 1783 2870 periodi
1799 2837 1892 2866 addidi

253 2873 280 2894 ι’.
297 2864 330 2894 0.
369 2866 391 2882 ’³
409 2867 447 2894 Ita
459 2864 493 2901 'S,
508 2867 608 2901 ἕξωσεν
624 2867 655 2901 C,
671 2864 770 2902 ἐξῶσεν
785 2869 815 2894 Ο.
