1942 3100
266 162 320 192 915

711 159 740 188 S.
760 158 952 187 CLEMENTIS
972 157 1078 185 IROM.
1097 156 1198 186 PONT.
1216 155 1330 184 OPERA
1348 153 1461 183 DUBIA.

1833 151 1867 178 ει
1872 150 1890 178 6

267 217 444 254 temporalem
460 217 488 245 in
507 216 580 252 turpi
594 216 739 252 complexu
761 217 863 252 pictum
886 216 931 251 (de
946 215 994 243 illo
1007 214 1049 242 fa-

1099 214 1251 250 γράψαντες
1264 213 1311 240 ἐπὶ
1330 212 1444 248 αἰσχρᾶς
1461 211 1574 246 πλοκῆς,
1592 210 1687 246 ὥσπερ
1701 211 1747 238 ἐπὶ
1760 211 1807 238 τοῦ
1822 210 1889 242 Διὸς

265 264 369 292 cientes
381 262 455 298 quod
468 261 503 290 de
523 260 590 291 leve
609 261 699 290 facere
715 261 826 297 audent)
843 261 933 297 palam
947 268 1049 296 propo-

264 313 371 341 nerent,
384 317 444 345 quo,
458 308 500 336 vel
514 308 550 336 ab
564 308 605 336 ira
628 307 787 343 temporarii
803 307 989 342 imperatoris,
1011 307 1050 335 id-

259 362 318 391 'que
343 354 641 386 hominis,vdiscererit
669 361 718 389 per
746 361 828 381 suum
863 352 1048 388 supplicium,

258 400 493 437 quemadmodum
509 404 634 435 oporteat
650 399 856 428 convenientem
872 398 978 426 deferre
997 398 1048 425 ho-

263 455 369 475 norem.
398 447 451 474 lsta
476 450 566 474 autem
592 446 642 473 tibi
667 445 774 479 refero,
800 453 854 473 non
883 445 963 480 quasi
989 444 1048 479 ipse

261 494 317 528 jam
333 500 495 528 cognoscam
507 499 582 525 eum,
596 492 643 526 qui
659 499 723 519 vere
738 495 780 519 est
801 490 884 524 Deus,
902 490 950 518 sed
967 497 1047 525 aequo

262 541 355 568 animo
370 540 508 575 proﬁteor,
527 539 600 575 quod
623 539 687 566 licet
706 546 760 566 non
777 538 901 566 noverim
919 536 986 572 quid
1011 536 1047 564 sit

263 585 350 617 Deus,
373 590 492 614 attamen
513 584 587 620 quod
611 584 647 612 sit
670 583 742 612 Deus
764 584 838 611 clare
861 581 928 610 mihi
950 582 1046 609 videor

262 630 343 658 scire.

297 674 392 703 XXIV.
408 675 547 710 Principio
562 675 655 709 itaque
674 679 793 709 quatuor
805 675 892 710 prima
912 674 1044 702 elementa

262 727 316 747 non
333 724 449 755 possunt
472 727 533 747 esse
556 719 639 753 Deus,
660 727 722 754 qure
744 719 778 746 ab
796 719 849 747 alio
872 718 943 746 facta
959 723 1042 746 sunt:

262 774 316 794 non
331 767 465 799 mistura,
482 774 536 794 non
562 766 718 801 temperies,
744 773 798 793 non
817 765 966 802 generatio,
988 773 1043 794 non

261 811 352 839 omnis
367 811 424 840 haec
438 819 499 846 quae
514 811 598 839 ambit
619 811 736 838 visibilis
750 811 847 844 moles,
866 819 956 848 neque
970 812 1042 848 quod

261 857 295 885 ad
313 857 416 886 inferos
433 857 564 886 conﬂuxit
578 857 775 891 sedimentum;
791 865 846 886 non
861 863 1041 894 supernatans

260 911 347 938 aqua,
368 910 422 931 non
440 903 542 930 fervida
565 903 735 936 substantia,
751 911 806 931 non
822 911 869 932 aer
886 905 934 940 qui
954 905 988 933 ab
1011 912 1043 932 ea

260 949 403 984 hucusque
425 948 604 984 protenditur.
626 947 694 976 Nam
723 954 842 984 quatuor
859 949 1003 984 elementa,
1019 950 1042 978 si

260 1002 321 1022 asc
335 994 450 1022 invicem
465 999 590 1029 separata
605 994 726 1028 fuerunt,
741 1002 795 1022 non
815 999 964 1030 potuerunt
983 996 1044 1024 abs-

259 1048 313 1076 que
326 1048 426 1076 magno
447 1041 550 1068 artiﬁce
564 1041 598 1069 ad
622 1040 749 1068 animalis
765 1041 968 1073 generationem
991 1042 1043 1069 mi-

259 1087 340 1121 sceri,
360 1087 402 1115 sin
423 1094 488 1115 vero
508 1094 616 1122 semper
631 1091 728 1114 mutuo
751 1086 862 1115 fuerunt
886 1087 1041 1123 conjuncta,

258 1134 299 1162 sic
309 1141 419 1169 quoque
431 1133 465 1161 ab
478 1135 582 1161 artiﬁce
595 1137 685 1161 mente
701 1132 735 1162 ad
750 1133 943 1168 proprietatem
957 1141 1044 1160 mem-

257 1178 371 1206 brorum
392 1183 419 1206 et
441 1179 561 1213 partium
577 1178 705 1206 animalis
719 1178 893 1213 adaptantur,
908 1186 964 1213 quo
979 1186 1042 1213 pos-

259 1223 316 1252 sint
334 1224 506 1259 singulorum
523 1223 557 1251 ad
575 1223 682 1258 singula
701 1230 811 1250 servare
825 1223 1041 1258 proportionem,

255 1262 285 1296 et
298 1268 485 1296 habitudinem
499 1261 572 1296 recte
586 1267 785 1296 conformatam
799 1267 948 1300 obtineant,
961 1272 1044 1302 utque

257 1314 386 1342 interiora
419 1314 511 1342 omnia
545 1314 754 1341 convenientem
784 1313 922 1348 accipiant
951 1314 1042 1341 cohae-

257 1359 384 1387 rentiam.
408 1359 538 1387 Similiter
555 1363 583 1386 et
607 1359 825 1394 uniuscujusque
851 1359 962 1394 propria
980 1360 1041 1387 loca

256 1413 320 1433 cum
336 1406 411 1433 omni
433 1405 567 1440 elegantia
589 1412 667 1432 mens
690 1404 790 1432 artifex
811 1405 941 1440 disponit.
958 1404 1043 1433 Com-

258 1451 359 1486 pendio
375 1450 482 1478 dicam:
497 1455 524 1478 et
539 1450 567 1478 in
580 1450 707 1478 omnibus
722 1450 793 1483 aliis,
805 1457 866 1485 qum
881 1450 981 1477 animal
997 1450 1045 1478 ha-

256 1497 323 1526 bere
339 1496 429 1530 debet,
448 1496 515 1524 nihil
530 1496 607 1524 deest
627 1503 726 1532 magno
748 1496 812 1523 huic
827 1496 937 1523 animali
957 1496 1041 1524 totius

257 1541 344 1568 orbis.

292 1585 376 1614 XXV.
396 1585 438 1613 lta
471 1585 626 1614 necessario
648 1585 762 1621 intelligi
789 1585 869 1614 debet
895 1585 1041 1621 quemdam

255 1638 319 1659 esse
333 1631 482 1666 ingenitum
497 1632 637 1664 artiﬁcem,
650 1631 698 1667 qui
711 1631 842 1659 elementa
857 1631 900 1659 vel
913 1631 1042 1659 distantia

257 1675 448 1711 conjunxerit,
472 1676 514 1703 vel
532 1675 675 1711 praesentia
698 1680 794 1703 mutuo
808 1676 841 1703 ad
862 1675 964 1703 animal
979 1683 1042 1711 pro~

257 1722 411 1750 ducendum
437 1722 538 1750 alIabre
559 1722 713 1756 miscuerit,
736 1729 878 1757 unumque
898 1721 1043 1757 perfecerit

257 1776 292 1796 ex
307 1769 414 1796 cunctis
427 1776 505 1803 opus.
519 1767 591 1795 Fieri
614 1768 687 1795 enim
703 1775 756 1795 non
775 1772 874 1803 potest,
890 1772 921 1795 ut
939 1768 1042 1802 absque

257 1807 356 1846 majori
375 1812 492 1847 quadam
507 1816 596 1839 mente
612 1811 847 1846 sapientissimum
867 1819 936 1847 opus
950 1811 1042 1839 absol-

257 1860 349 1884 vatur.
363 1855 416 1883 Sed
431 1864 482 1883 nec
493 1863 570 1883 amor
583 1863 644 1886 esse
658 1860 748 1891 potest
761 1860 920 1883 cunctorum
933 1856 1039 1891 opifex;

257 1906 313 1927 non
329 1899 477 1934 cupiditas,
495 1907 550 1927 non
569 1900 610 1927 vis
622 1920 629 1934 ,
646 1907 701 1927 non
721 1899 787 1935 quid
803 1900 877 1927 aliud
891 1900 1039 1935 ejusmodi;

258 1952 317 1978 quae
331 1945 432 1978 omnia,
448 1946 523 1973 casui
546 1945 675 1978 obnoxia,
695 1945 790 1972 venire
805 1950 831 1972 et
847 1945 922 1973 abire
941 1946 1039 1974 solent.

258 1989 350 2025 Neque
364 1991 444 2018 etiam
459 1990 530 2025 quod
546 1991 580 2018 ab
593 1991 646 2018 alio
661 1994 785 2018 movetur
801 1990 875 2018 Deus
889 1996 940 2024 est,
952 1999 1041 2027 neque

259 2035 332 2071 quod
350 2042 365 2061 a
386 2039 507 2069 tempore
521 2038 569 2062 aut
585 2039 682 2062 natura
696 2039 819 2063 mutatur
833 2042 866 2063 ac
880 2035 910 2062 in
925 2035 1040 2062 nihilum

259 2080 415 2108 resolvitur.

292 2125 388 2153 XXVI.
408 2125 474 2159 Quae
498 2133 560 2153 cum
586 2127 620 2154 ad
645 2127 796 2163 Appionem
817 2127 1007 2163 proloquerer,
1024 2134 1041 2155 e

258 2171 382 2199 Caesarea
397 2172 506 2200 advenit
525 2171 633 2206 Petrus,
645 2178 671 2201 et
684 2181 836 2201 concursus
856 2173 1040 2201 multitudinis

1099 260 1279 296 τετολμήκασι
1295 260 1415 296 ποιῆσαι,
1428 258 1501 286 οὕτω
1519 259 1678 294 ποιήσαντες
1692 257 1823 285 ἀνέθεσαν
1840 257 1891 292 δη-

1102 306 1193 343 μοσίᾳ,
1209 307 1251 334 ἵνα
1265 306 1316 333 κᾶν
1331 306 1385 333 ἀπὺ
1398 306 1449 342 τῆς
1461 305 1546 341 ὀργῆς
1558 304 1605 332 τοῦ
1622 303 1789 340 προσκαίρου
1806 303 1891 338 βασι-

1099 353 1176 385 λέως,
1191 352 1238 379 καὶ
1252 352 1338 379 ταῦτα.
1357 351 1603 388 ἀνθρώπουδντος,
1621 350 1728 386 μάθωσι
1742 349 1893 377 κολασθέν-

1098 407 1153 433 τες,
1168 399 1206 430 ὡς
1219 397 1260 424 δεῖ
1282 398 1331 433 τὴν
1350 398 1461 425 δέουσαν
1475 398 1621 433 ἀπονέμειν
1641 397 1734 432 τιμήν.
1747 396 1844 422 Ταῦτα
1859 394 1891 424 δι

1100 453 1141 472 σοι
1164 445 1245 480 λέγω,
1261 445 1310 480 οὐχ
1334 445 1372 477 ὡς
1394 444 1474 477 αὐτὸς
1502 444 1551 480 ήδη
1577 444 1703 479 ἐπιγνοὺς
1727 442 1773 469 τδν
1798 442 1892 473 ὅντως

1098 491 1163 518 Θεὸν
1171 491 1205 524 “,
1225 491 1281 518 ἀλλ’
1302 490 1479 526 εὐγνωμονῶν
1500 488 1633 526 ὁμολογῶ,
1653 489 1677 516 εἰ
1701 488 1748 516 καὶ
1769 487 1796 513 τί
1817 486 1892 518 Θεὸς

1097 537 1147 565 οὐκ
1165 535 1236 572 οἴδα,
1259 537 1315 565 ἀλλ’
1329 535 1375 565 οὖν
1396 545 1429 573 γε
1450 536 1542 571 σαφῶς
1555 536 1596 562 ὅτι
1617 534 1712 566 Θεδς⁷²
1727 533 1832 569 νομίζω
1849 532 1894 559 ει-

1095 583 1178 611 δέναι.

1130 677 1225 704 XXIV.
1242 677 1346 705 Αὒτῑκα
1361 677 1427 711 γοῦν
1441 677 1476 705 τὰ
1500 677 1596 712 πρῶτα
1618 677 1738 712 τέσσαρα
1763 675 1893 710 στοιχεῖα

1095 724 1160 756 Θεὸς
1173 723 1242 752 εἶναι
1254 725 1285 752 οὺ
1301 724 1410 751 δύναται
1422 724 1455 758 ⁷³,
1463 724 1497 751 τὰ
1506 724 1562 766 [om
1577 724 1656 752 ἄλλου
1667 723 1799 758 γενόμενα
1810 731 1818 737 ·
1836 722 1892 756 οὐχ

1095 771 1111 806 ή
1129 769 1212 805 μίξις,
1224 771 1272 806 οὐχ
1279 771 1296 806 ἡ
1303 771 1411 806 κρᾶσις,
1421 770 1469 806 οὐχ
1476 771 1492 806 ἡ
1498 771 1612 805 γένεσις,
1621 769 1652 797 οὑ
1658 769 1689 796 τὸ
1695 770 1749 796 πᾶν
1756 768 1893 804 περιέχον

1093 817 1188 853 ὁρατὸν
1197 817 1285 849 κύτος·
1295 817 1410 853 οὐδ’ἠὲν
1424 817 1463 852 τῷ
1478 817 1527 852 ᾅδῃ
1543 816 1694 852 συρρέουσα
1708 814 1890 849 ὑποστάθμη·

1092 863 1123 890 οὐ
1138 862 1170 889 τὸ
1190 862 1352 894 ἐπιπολάζον
1367 861 1456 898 ὕδωρ)
1473 862 1521 897 οὐχ
1537 863 1554 897 ἡ
1570 862 1667 894 ζέουσα
1689 860 1769 888 οὐσία
1779 869 1787 876 ·
1804 860 1860 895 οὐχ
1876 860 1892 885 6

1094 909 1123 942 ἐξ
1137 909 1221 944 αὐτῆς
1238 908 1318 945 μέχρι
1330 908 1384 937 τῶν
1399 908 1515 936 ἐνταῦθα
1525 908 1625 944 διήκων
1638 908 1702 943 ἀήρ.
1721 907 1763 934 Τά
1781 915 1812 933 τε
1831 906 1892 941 γὰρ

1095 955 1211 989 στοιχεῖα
1231 954 1361 989 τέσσαρα,
1377 953 1432 980 ιττε
1446 953 1566 989 ἀλλήλων
1581 952 1742 986 διεστάλκει,
1758 953 1824 979 ἄνευ
1845 961 1891 978 τι-

1093 998 1137 1031 νὸς
1150 998 1267 1034 μεγάλου
1278 999 1400 1034 τεχνίτου
1418 999 1529 1035 μιγῆναι
1543 997 1611 1034 πρὸς
1627 997 1697 1030 ζώου
1712 997 1820 1032 γένεσιν
1835 997 1891 1023 οὐκ

1093 1044 1213 1078 ἐδύνατο,
1229 1045 1308 1080 172
1321 1045 1374 1071 εἴτε
1389 1045 1432 1072 ἀεὶ
1447 1045 1571 1080 ἀλλήλοις
1588 1044 1707 1079 συνῆπτε
1719 1044 1752 1077 ⁷⁵,
1770 1043 1820 1070 καὶ
1841 1042 1890 1069 οὗ-

1092 1099 1145 1122 τως
1165 1089 1218 1117 ὑπὸ
1230 1089 1352 1126 τεχνίτου
1365 1090 1412 1117 νοῦ
1433 1090 1501 1127 πρὸς
1516 1091 1546 1117 τὸ
1565 1091 1663 1118 οἰκεῖον
1677 1090 1732 1116 τῶν
1746 1088 1794 1115 τοῦ
1812 1088 1889 1120 ζώου

1095 1135 1182 1170 μελῶν
1205 1136 1252 1162 καὶ
1278 1136 1367 1172 μερῶν
1394 1136 1606 1172 συναρμόζεται,
1627 1136 1669 1162 ἵνα
1693 1135 1742 1171 τὴν
1764 1134 1888 1165 ὲκάετου

1093 1181 1161 1217 πρὸς
1174 1181 1287 1208 ’ἑκαστον
1304 1181 1448 1216 ἀναλογίαν
1465 1181 1616 1213 ἀποσώζειν
1632 1181 1754 1216 δύνηται,
1769 1181 1818 1207 καὶ
1835 1180 1888 1215 τὴν

1093 1227 1148 1260 ἕξιν
1167 1227 1365 1264 εὐπερίγραφον
1382 1227 1449 1264 ἔχῃ,
1467 1228 1514 1254 καὶ
1534 1228 1568 1254 τὰ
1590 1227 1695 1254 ἔνδοθεν
1717 1227 1809 1254 πάντα
1834 1226 1888 1262 τὴν

1094 1274 1282 1310 προσήκουσαν
1307 1273 1437 1310 ἁρμονίαν
1461 1273 1603 1309 Μμὸἀνῃ·
1628 1273 1728 1308 ὁμοίως
1750 1281 1781 1299 τε
1791 1273 1814 1289 ⁷³
1837 1271 1888 1298 καὶ

1092 1319 1155 1351 τοὺς
1168 1319 1284 1351 οἰκείους
1295 1320 1396 1351 τόπους
1412 1319 1525 1346 ἑκάστου
1541 1319 1610 1354 μετά
1624 1319 1716 1354 πάσης
1730 1318 1888 1354 εὐμορφίας

1092 1365 1107 1392 6
1120 1365 1244 1401 τεχνίτης
1259 1365 1320 1398 νοῦς
1333 1365 1450 1401 ἀκριϐοῖ.
1467 1365 1587 1392 Συνελὼν
1599 1365 1670 1400 ἐρῶ·
1689 1366 1737 1392 καὶ
1753 1365 1788 1391 τὰ
1803 1364 1884 1396 ἄλλα,

1093 1411 1142 1439 ὅσα
1160 1411 1226 1438 ποτὲ
1239 1411 1307 1444 ζῶον
1319 1411 1360 1438 δεῖ
1373 1411 1455 1446 ἔχειν,
1473 1411 1548 1438 οὐδὲν
1563 1411 1670 1438 ἐνέλιπε
1681 1411 1704 1427 "
1715 1410 1755 1446 τῷ
1771 1411 1886 1447 μεγάλῳ

1092 1457 1178 1493 τούτῳ
1191 1457 1253 1493 ζώῳ
1265 1458 1314 1494 τῆς
1325 1457 1389 1492 ὅλης
1401 1458 1560 1494 περιφορᾶς.

1051 1559 1077 1591 c
1126 1577 1209 1606 XXV.
1225 1577 1447 1613 Oi'rrtogdwdtqu
1460 1578 1521 1605 τινὰ
1533 1575 1602 1604 εἶναι
1619 1579 1688 1604 νοεῖν
1696 1578 1720 1594 ""
1734 1577 1883 1613 ἀγέννητον

1091 1624 1225 1659 τεχνίτην,
1240 1624 1270 1656 ὃς
1282 1623 1316 1652 τὰ
1331 1625 1447 1659 στοιχεῖα
1467 1623 1483 1659 ἢ
1499 1623 1628 1650 διεστῶτα
1644 1623 1802 1658 συνήγαγεν
1814 1624 1849 1656 ⁷⁸,
1866 1623 1882 1658 ἢ

1093 1670 1204 1697 συνόντα
1219 1669 1342 1705 ἀλλήλοις
1360 1670 1428 1706 πρὸς
1449 1669 1518 1702 ζώου
1540 1669 1645 1704 γένεσιν
1668 1669 1804 1704 τεχνικῶς
1824 1670 1884 1697 ἐκέ-

1093 1724 1158 1752 ρασε
1177 1716 1223 1742 καὶ
1242 1715 1270 1742 ἓν
1283 1717 1315 1742 ὲκ
1331 1715 1438 1744 πάντων
1455 1715 1533 1751 ἔργον
1547 1715 1716 1741 ἀπετέλεσεν.
1739 1715 1884 1742 ’Δδύνατον

1091 1761 1145 1797 γὰρ
1159 1761 1222 1788 ἄνευ
1237 1761 1307 1792 τινὸς
1320 1761 1366 1788 νοῦ
1382 1761 1502 1797 μείζονος
1523 1760 1593 1787 πάνυ
1616 1761 1696 1795 σοφὸν
1714 1760 1798 1797 ἔργον
1817 1761 1885 1787 ἀπο-

1091 1807 1234 1834 τελεῖσθαι.
1254 1807 1320 1835 osse
1344 1808 1396 1843 μὴν
1419 1807 1488 1843 ἔρως
1503 1807 1525 1824 ⁷⁸
1547 1804 1617 1834 εἶναι
1638 1806 1750 1834 δύναται
1772 1806 1884 1834 πάντων

1091 1853 1225 1889 τεχνίτης,
1242 1852 1293 1879 οὐκ
1307 1852 1449 1888 ἐπιθυμία,
1463 1852 1512 1879 οὐκ
1530 1853 1615 1887 ἰσχὺς,
1635 1852 1685 1878 οὐκ
1703 1851 1768 1878 ἄλλο
1784 1860 1812 1878 τι
1832 1860 1885 1878 τοι·

1091 1898 1179 1932 οὖτον,
1191 1898 1209 1925 ὅ.
1223 1907 1282 1925 τινα
1295 1897 1403 1934 παθητὰ
1419 1897 1576 1933 συμϐαίνειν
1588 1897 1636 1924 καὶ
1653 1896 1818 1924 ἀποεαίνειν
1836 1896 1884 1923 πέ-

1095 1953 1190 1979 φυκεν.
1206 1944 1274 1971 Ἀλλ’
1290 1944 1352 1971 οὐδὲ
1362 1943 1393 1970 τὸ
1407 1943 1452 1978 ὑφ’
1468 1943 1560 1980 ἐτέρου
1576 1943 1722 1978 φερόμενόν
1736 1942 1884 1976 ὲστιθεὺς,

1092 1990 1153 2017 οὐδὲ
1170 1999 1202 2024 γε
1212 1989 1307 2024 erigant
1320 1989 1417 2026 χρόνου
1429 1989 1445 2025 ἢ
1460 1989 1565 2024 φύσεως
1578 1988 1767 2024 ἀλλοιούμενον
1779 1988 1828 2016 καὶ
1843 1989 1884 2020 εἰς

1094 2038 1124 2065 τδ
1137 2038 1235 2074 μηκέτι
1246 2036 1315 2065 εἶναι
1325 2037 1512 2072 ἀναλυόμενον.

1126 2127 1222 2155 XXVI.
1238 2127 1332 2154 Ταῦτά
1359 2135 1409 2163 μου
1432 2127 1622 2163 διαλεγομένου
1647 2127 1716 2162 πρὸς
1739 2126 1786 2153 τὸν
1813 2126 1884 2152 Ἀπ-

1091 2174 1190 2208 τιίωνα,
1205 2174 1260 2201 ἀπὺ
1282 2173 1449 2209 Καισαρείας
1474 2173 1552 2208 173
1574 2172 1674 2207 ἐπέστη
1694 2171 1810 2208 Πέτρος,
1836 2172 1886 2199 καὶ

259 2218 286 2244 in
302 2217 373 2252 Tyro
395 2217 459 2246 facti
480 2223 555 2252 sunt,
578 2218 730 2247 festinantis
744 2219 796 2254 ipsi
813 2226 958 2246 occurrere
977 2227 1040 2255 grao

1095 2219 1240 2256 συνδρομαὶ
1253 2219 1307 2246 τῶν
1319 2218 1404 2254 ὄχλων
1416 2218 1539 2253 ἐγένοντο
1553 2219 1581 2244 ἐν
1594 2219 1627 2253 τῇ
1643 2217 1733 2253 Τύρῳ,
1751 2217 1885 2244 σπευδόν-

258 2263 378 2298 tiamque
391 2264 523 2292 adventus
537 2264 668 2299 proﬁteri.
689 2264 723 2291 Et
738 2264 844 2299 Appion
863 2264 975 2299 quidem
995 2271 1038 2292 se-

259 2309 341 2337 cessit
361 2317 423 2338 cum
446 2310 599 2345 Δηιὼίοηο,
609 2315 642 2346 οι,
652 2310 826 2338 Athenodoro
840 2310 920 2343 solis;
941 2310 1039 2345 reliqui

259 2364 323 2384 vero
335 2364 429 2385 omnes
444 2356 525 2384 Petro
539 2357 647 2385 obviam
662 2356 725 2384 ituri
738 2357 916 2392 prodivimus.
931 2356 1038 2383 Primus

259 2406 349 2430 autem
365 2410 415 2438 ego
431 2408 493 2431 ante
505 2408 598 2438 portas
613 2411 674 2430 eum
688 2402 827 2437 excipiens
839 2402 872 2429 ad
889 2402 1038 2437 hospitium

258 2447 333 2476 duxi.
348 2448 398 2477 Ubi
413 2456 476 2477 cum
492 2449 605 2480 luimus,
620 2449 725 2483 plebem
746 2448 856 2483 quidem
872 2448 1037 2481 dimisimus,

258 2492 284 2519 ei
301 2500 365 2520 vero
383 2494 499 2529 roganti,
521 2498 551 2520 ut
572 2499 632 2520 acta
653 2501 808 2525 narrarem,
833 2493 899 2520 nihil
921 2494 1038 2521 abscon-

258 2536 328 2571 didi;
341 2538 389 2566 sed
403 2538 523 2566 Simonis
537 2538 655 2566 indicari
667 2538 818 2566 calumnias
828 2544 855 2566 ct
866 2543 1038 2574 portentosas

1086 2275 1140 2295 των
1157 2266 1281 2300 ὑπαντᾷν
1294 2264 1369 2300 αὑτῷ
1386 2264 1433 2291 καὶ
1447 2264 1526 2300 χάριν
1536 2265 1569 2300 τῇ
1585 2263 1716 2299 ἐπιδημίᾳ
1726 2263 1884 2299 ὁμολογεῖν.

1087 2314 1142 2341 Καὶ
1154 2314 1168 2340 6
1185 2310 1363 2348 μὲνᾺππίων
1375 2309 1511 2345 ὑπεχώρει
1528 2310 1586 2345 μετ’
1616 2309 1794 2341 Ἀνουὸίωνος
1804 2309 1828 2326 ⁸⁸
1836 2310 1886 2336 καὶ

1094 2355 1278 2393 ’Δθηνοδώρου
1297 2355 1395 2390 μόνων,
1410 2354 1436 2380 ot
1451 2354 1479 2380 δὲ
1499 2354 1572 2381 ἄλλοι
1587 2354 1686 2385 πάντες
1701 2354 1739 2385 ὡς
1755 2354 1886 2390 ἀπαντη-

1091 2403 1199 2439 σόμενοι
1209 2402 1229 2418 ⁸¹
1241 2401 1280 2437 τῷ
1293 2401 1389 2436 Πέτρῳ
1402 2400 1578 2435 ὡρμήσαμεν.
1592 2399 1703 2435 Πρῶτος
1714 2399 1743 2425 δὲ
1759 2399 1816 2433 ἐγὼ
1828 2400 1886 2435 πρὸ

1091 2449 1145 2476 τῶν
1159 2448 1250 2475 πυλῶν
1264 2446 1461 2481 ἀποδεξάμενος
1477 2445 1556 2472 αὐτὸν
1570 2445 1619 2471 ὲπὶ
1633 2446 1683 2481 τὴν
1695 2444 1785 2477 ξενίαν
1801 2443 1884 2481 ἦγον.

1098 2494 1141 2525 Ὡς
1154 2493 1183 2519 δὲ
1196 2486 1354 2527 ἐγενόμεθα,
1365 2491 1429 2522 τοὺς
1444 2489 1494 2526 μὲν
1503 2489 1597 2525 ὄχλους
1608 2489 1797 2525 ἀπελύσαμεν,
1805 2490 1885 2525 αὑτῷ

1091 2538 1120 2565 δὲ
1137 2537 1280 2570 ἀξιώσαντι
1298 2545 1332 2574 με
1348 2536 1382 2563 τὰ
1401 2534 1555 2572 πραχθέντα
1569 2534 1656 2569 λέγειν
1671 2534 1748 2562 οὐδὲν
1762 2535 1887 2571 ἀπεκρυ-

907 2617 1023 2645 νΑῘὶΙΑΕ
1043 2616 1242 2645 LECTIONES.

293 2692 388 2729 ηρεός
407 2692 439 2720 Ο.
477 2693 551 2729 “illa
571 2692 593 2720 0
610 2700 641 2729 _c.
698 2712 705 2724 ,
719 2691 829 2729 Θεὸνρ.
868 2692 891 2708 ⁷³
902 2691 1026 2729 δύνανται
1037 2692 1070 2721 Ο.
1088 2694 1157 2722 Tum
1173 2695 1221 2722 ἀπ’
1233 2694 1313 2721 ἄλλου
1331 2693 1359 2721 S.
1408 2694 1480 2729 "3rd
1491 2703 1520 2720 τε
1537 2693 1592 2729 γὰρ
1604 2694 1724 2729 στοιχεῖα
1739 2693 1775 2729 τὰ
1787 2693 1811 2720 δ’
1823 2693 1882 2720 εἴτε

258 2726 440 2763 ἀεῖ-ἀλλήλοις
455 2728 588 2763 συνῆπτον
604 2727 648 2763 ON,
665 2727 833 2763 intermediis
849 2728 988 2763 vocabulis
1009 2729 1130 2757 omissis.

1183 2731 1206 2747 ⁷⁸
1217 2737 1247 2756 τε
1274 2729 1315 2764 Si,
1338 2729 1368 2756 τό
1379 2729 1411 2760 C,
1426 2728 1458 2756 0.
1497 2729 1519 2745 ⁷⁵
1530 2728 1586 2764 ὅσα
1599 2737 1662 2754 ποτε
1677 2728 1733 2760 ζῶν
1745 2728 1786 2754 δεῖ
1796 2729 1881 2764 ἔχειν,

257 2762 334 2788 οὐδὲν
346 2762 472 2800 ἐνέλειπε
481 2762 519 2790 (2.⁷
551 2765 573 2781 ⁷⁷
588 2762 650 2789 νοῦν
661 2762 694 2789 0.
731 2762 802 2800 "_rdt
814 2763 932 2800 στοιχεῖα
949 2762 1067 2800 ήδίστωςγ
1081 2763 1097 2799 ἢ
1117 2765 1269 2800 συνήγαγεν
1326 2784 1333 2796 ,
1351 2764 1504 2800 συνήγαμεν
1520 2772 1555 2800 ex
1570 2763 1705 2800 thelerio
1724 2762 1881 2800 minuset;-

258 2801 353 2824 cnrate
365 2802 442 2825 notat
456 2798 475 2824 S
491 2817 498 2830 ,
513 2805 576 2825 cum
589 2801 677 2824 exstet
693 2805 736 2831 ap.
755 2797 796 2824 Cl.

844 2798 867 2834 7_°
883 2797 1041 2834 Secundum
1051 2797 1241 2834 Parmeniden)
1256 2804 1282 2826 et
1293 2797 1496 2834 Empedoclem.
1521 2798 1563 2834 ρι.
1578 2798 1710 2834 Karsten,
1722 2798 1879 2834 Parmenid.

259 2831 334 2875 vellit}.
347 2840 374 2859 ν.
388 2833 448 2875 L51.
460 2832 567 2875 lt‘mped.
583 2832 670 2867 reliq.,
680 2840 707 2875 p.
717 2831 767 2873 54s
778 2839 837 2873 sqq.
848 2831 931 2875 Arist:
944 2832 1058 2867 .‘lletaplt.
1073 2832 1093 2867 Ι,
1107 2835 1134 2868 4,
1151 2834 1176 2863 1.
1192 2834 1220 2862 S.
1242 2831 1463 2875 ευβΑννόυϐίωνος
1474 2833 1506 2861 Ο.
1521 2833 1588 2861 Tum
1606 2833 1684 2868 μόνον
1691 2833 1722 2861 G.
1762 2832 1881 2862 ⁸¹ἀπανν

258 2866 374 2902 τήσομεν
389 2867 411 2895 0
426 2887 433 2900 ,
447 2868 572 2904 ad_oram
585 2866 734 2896 correctum
751 2868 778 2895 in
794 2866 1015 2903 ἀπανησάμενοι.
