  <div class='ocr_page' id='page_1' title='image "/cluster/home/n/w/nwhite01/storage/ocr_20150623/2/njp.32101077772349/152.png"; bbox 0 0 1942 3100; ppageno 0'>
   <div class='ocr_carea' id='block_1_1' title="bbox 58 152 1064 192">
    <p class='ocr_par' dir='ltr' id='par_1_1' title="bbox 58 152 1064 192">
     <span class='ocr_line' id='line_1_1' title="bbox 58 152 1064 192; baseline -0.012 0"><span class='ocrx_word' id='word_1_1' title='bbox 58 164 98 192; x_wconf 75' lang='grc' dir='ltr'><strong>ΞΠ</strong></span> <span class='ocrx_word' id='word_1_2' title='bbox 552 156 780 186; x_wconf 75' lang='lat' dir='ltr'><strong>CLEMENTINA.</strong></span> <span class='ocrx_word' id='word_1_3' title='bbox 800 171 835 177; x_wconf 93' lang='lat'><strong>—</strong></span> <span class='ocrx_word' id='word_1_4' title='bbox 852 153 994 182; x_wconf 79' lang='lat' dir='ltr'>IIOMIIJA</span> <span class='ocrx_word' id='word_1_5' title='bbox 1008 152 1064 182; x_wconf 77' lang='lat' dir='ltr'>VII.</span> 
     </span>
    </p>
   </div>
   <div class='ocr_carea' id='block_1_2' title="bbox 1594 144 1646 173">
    <p class='ocr_par' dir='ltr' id='par_1_2' title="bbox 1594 144 1646 173">
     <span class='ocr_line' id='line_1_2' title="bbox 1594 144 1646 173; baseline -0.019 0"><span class='ocrx_word' id='word_1_6' title='bbox 1594 144 1646 173; x_wconf 67' lang='grc'><strong>218</strong></span> 
     </span>
    </p>
   </div>
   <div class='ocr_carea' id='block_1_3' title="bbox 59 205 809 255">
    <p class='ocr_par' dir='ltr' id='par_1_3' title="bbox 59 212 809 255">
     <span class='ocr_line' id='line_1_3' title="bbox 59 212 809 255; baseline -0.009 -9"><span class='ocrx_word' id='word_1_7' title='bbox 59 220 153 255; x_wconf 70' lang='grc' dir='ltr'>πτόμην,</span> <span class='ocrx_word' id='word_1_8' title='bbox 163 216 217 244; x_wconf 77' lang='grc' dir='ltr'>ἀλλ’</span> <span class='ocrx_word' id='word_1_9' title='bbox 229 215 346 252; x_wconf 76' lang='grc' dir='ltr'><strong>ἐμήνυον</strong></span> <span class='ocrx_word' id='word_1_10' title='bbox 366 214 416 246; x_wconf 81' lang='grc' dir='ltr'><strong>τάς</strong></span> <span class='ocrx_word' id='word_1_11' title='bbox 435 223 465 241; x_wconf 84' lang='grc' dir='ltr'><strong>τε</strong></span> <span class='ocrx_word' id='word_1_12' title='bbox 480 214 526 241; x_wconf 83' lang='grc' dir='ltr'>τοῦ</span> <span class='ocrx_word' id='word_1_13' title='bbox 548 214 668 250; x_wconf 83' lang='grc' dir='ltr'>Σίμωνος</span> <span class='ocrx_word' id='word_1_14' title='bbox 685 212 809 244; x_wconf 79' lang='grc' dir='ltr'>διαϐολὰς</span> 
     </span>
    </p>
   </div>
   <div class='ocr_carea' id='block_1_4' title="bbox 862 205 1645 255">
    <p class='ocr_par' dir='ltr' id='par_1_4' title="bbox 862 205 1645 248">
     <span class='ocr_line' id='line_1_4' title="bbox 862 205 1645 248; baseline -0.01 -7"><span class='ocrx_word' id='word_1_15' title='bbox 862 212 1014 248; x_wconf 70' lang='lat' dir='ltr'><strong>praestigias</strong></span> <span class='ocrx_word' id='word_1_16' title='bbox 1037 210 1072 239; x_wconf 87' lang='lat' dir='ltr'><strong>ab</strong></span> <span class='ocrx_word' id='word_1_17' title='bbox 1087 211 1145 245; x_wconf 91' lang='lat' dir='ltr'><strong>ipso</strong></span> <span class='ocrx_word' id='word_1_18' title='bbox 1166 208 1263 242; x_wconf 87' lang='lat' dir='ltr'><strong>editas,</strong></span> <span class='ocrx_word' id='word_1_19' title='bbox 1280 211 1402 243; x_wconf 85' lang='lat' dir='ltr'><strong>quotque</strong></span> <span class='ocrx_word' id='word_1_20' title='bbox 1421 205 1534 238; x_wconf 76' lang='lat' dir='ltr'><strong>morbos</strong></span> <span class='ocrx_word' id='word_1_21' title='bbox 1553 205 1645 234; x_wconf 83' lang='lat' dir='ltr'><strong>immi-</strong></span> 
     </span>
    </p>
   </div>
   <div class='ocr_carea' id='block_1_5' title="bbox 59 259 810 299">
    <p class='ocr_par' dir='ltr' id='par_1_5' title="bbox 59 259 810 299">
     <span class='ocr_line' id='line_1_5' title="bbox 59 259 810 299; baseline -0.011 -5"><span class='ocrx_word' id='word_1_22' title='bbox 59 268 94 294; x_wconf 64' lang='grc' dir='ltr'><strong>καὶ</strong></span> <span class='ocrx_word' id='word_1_23' title='bbox 107 266 149 298; x_wconf 72' lang='grc' dir='ltr'>τὰς</span> <span class='ocrx_word' id='word_1_24' title='bbox 162 263 319 299; x_wconf 75' lang='grc' dir='ltr'><strong>τερατώδεις</strong></span> <span class='ocrx_word' id='word_1_25' title='bbox 337 261 485 297; x_wconf 78' lang='grc' dir='ltr'><strong>φαντασίας</strong></span> <span class='ocrx_word' id='word_1_26' title='bbox 500 261 545 288; x_wconf 81' lang='grc' dir='ltr'><strong>ὑπ’</strong></span> <span class='ocrx_word' id='word_1_27' title='bbox 562 260 644 288; x_wconf 74' lang='grc' dir='ltr'>αὑτοῦ</span> <span class='ocrx_word' id='word_1_28' title='bbox 660 259 810 296; x_wconf 82' lang='grc' dir='ltr'>γεγενημέ-</span> 
     </span>
    </p>
   </div>
   <div class='ocr_carea' id='block_1_6' title="bbox 58 304 810 343">
    <p class='ocr_par' dir='ltr' id='par_1_6' title="bbox 58 304 810 343">
     <span class='ocr_line' id='line_1_6' title="bbox 58 304 810 343; baseline -0.007 -7"><span class='ocrx_word' id='word_1_29' title='bbox 58 319 102 343; x_wconf 81' lang='grc' dir='ltr'>νας,</span> <span class='ocrx_word' id='word_1_30' title='bbox 122 309 162 336; x_wconf 71' lang='grc' dir='ltr'>καὶ</span> <span class='ocrx_word' id='word_1_31' title='bbox 181 309 245 339; x_wconf 79' lang='grc' dir='ltr'>ὅσας</span> <span class='ocrx_word' id='word_1_32' title='bbox 269 306 391 343; x_wconf 74' lang='grc' dir='ltr'>ἐπεμψεν</span> <span class='ocrx_word' id='word_1_33' title='bbox 412 306 504 337; x_wconf 84' lang='grc' dir='ltr'><strong>νόσους</strong></span> <span class='ocrx_word' id='word_1_34' title='bbox 514 305 538 322; x_wconf 84' lang='grc'><strong>⁸¹</strong></span> <span class='ocrx_word' id='word_1_35' title='bbox 555 304 623 341; x_wconf 83' lang='grc' dir='ltr'>μετὰ</span> <span class='ocrx_word' id='word_1_36' title='bbox 638 305 686 340; x_wconf 84' lang='grc' dir='ltr'>τὴν</span> <span class='ocrx_word' id='word_1_37' title='bbox 705 305 737 332; x_wconf 78' lang='grc' dir='ltr'>ὲκ</span> <span class='ocrx_word' id='word_1_38' title='bbox 760 305 810 340; x_wconf 83' lang='grc' dir='ltr'>τῆς</span> 
     </span>
    </p>
   </div>
   <div class='ocr_carea' id='block_1_7' title="bbox 59 350 810 391">
    <p class='ocr_par' dir='ltr' id='par_1_7' title="bbox 59 350 810 391">
     <span class='ocr_line' id='line_1_7' title="bbox 59 350 810 391; baseline -0.007 -9"><span class='ocrx_word' id='word_1_39' title='bbox 59 354 175 391; x_wconf 70' lang='grc' dir='ltr'>βουθυσίας</span> <span class='ocrx_word' id='word_1_40' title='bbox 186 352 314 386; x_wconf 71' lang='grc' dir='ltr'>ἑστίασιν,</span> <span class='ocrx_word' id='word_1_41' title='bbox 331 353 379 379; x_wconf 76' lang='grc' dir='ltr'>καὶ</span> <span class='ocrx_word' id='word_1_42' title='bbox 396 352 437 379; x_wconf 81' lang='grc' dir='ltr'>ὅτι</span> <span class='ocrx_word' id='word_1_43' title='bbox 449 351 482 379; x_wconf 83' lang='grc' dir='ltr'>ὲκ</span> <span class='ocrx_word' id='word_1_44' title='bbox 493 351 546 378; x_wconf 83' lang='grc' dir='ltr'>τῶν</span> <span class='ocrx_word' id='word_1_45' title='bbox 557 350 706 378; x_wconf 85' lang='grc' dir='ltr'><strong>νοσούντων</strong></span> <span class='ocrx_word' id='word_1_46' title='bbox 720 350 745 377; x_wconf 73' lang='lat' dir='ltr'><strong>oi</strong></span> <span class='ocrx_word' id='word_1_47' title='bbox 762 350 810 386; x_wconf 80' lang='grc' dir='ltr'>μὲν</span> 
     </span>
    </p>
   </div>
   <div class='ocr_carea' id='block_1_8' title="bbox 58 396 810 434">
    <p class='ocr_par' dir='ltr' id='par_1_8' title="bbox 58 396 810 434">
     <span class='ocr_line' id='line_1_8' title="bbox 58 396 810 434; baseline -0.003 -8"><span class='ocrx_word' id='word_1_48' title='bbox 58 400 145 427; x_wconf 63' lang='grc' dir='ltr'>αὐτόθεν</span> <span class='ocrx_word' id='word_1_49' title='bbox 153 399 173 415; x_wconf 78' lang='grc'><strong>⁸³</strong></span> <span class='ocrx_word' id='word_1_50' title='bbox 185 398 346 434; x_wconf 79' lang='grc' dir='ltr'>κατέμειναν</span> <span class='ocrx_word' id='word_1_51' title='bbox 365 398 395 425; x_wconf 77' lang='grc' dir='ltr'>ἐν</span> <span class='ocrx_word' id='word_1_52' title='bbox 407 398 440 433; x_wconf 81' lang='grc' dir='ltr'><strong>τῇ</strong></span> <span class='ocrx_word' id='word_1_53' title='bbox 457 397 547 433; x_wconf 83' lang='grc' dir='ltr'>Τύρῳ,</span> <span class='ocrx_word' id='word_1_54' title='bbox 564 397 589 424; x_wconf 83' lang='lat' dir='ltr'><strong>ci</strong></span> <span class='ocrx_word' id='word_1_55' title='bbox 608 397 637 424; x_wconf 80' lang='grc' dir='ltr'>δὲ</span> <span class='ocrx_word' id='word_1_56' title='bbox 656 396 696 432; x_wconf 87' lang='grc' dir='ltr'><strong>τῷ</strong></span> <span class='ocrx_word' id='word_1_57' title='bbox 710 396 810 431; x_wconf 84' lang='grc' dir='ltr'>Σίμωνι</span> 
     </span>
    </p>
   </div>
   <div class='ocr_carea' id='block_1_9' title="bbox 57 442 810 481">
    <p class='ocr_par' dir='ltr' id='par_1_9' title="bbox 57 442 810 481">
     <span class='ocr_line' id='line_1_9' title="bbox 57 442 810 481; baseline -0.004 -9"><span class='ocrx_word' id='word_1_58' title='bbox 57 446 102 481; x_wconf 71' lang='grc' dir='ltr'>ἅμα</span> <span class='ocrx_word' id='word_1_59' title='bbox 116 444 149 481; x_wconf 87' lang='grc' dir='ltr'>τῷ</span> <span class='ocrx_word' id='word_1_60' title='bbox 168 443 215 480; x_wconf 74' lang='grc' dir='ltr'><strong>ἐμὲ</strong></span> <span class='ocrx_word' id='word_1_61' title='bbox 233 443 321 470; x_wconf 79' lang='grc' dir='ltr'>ἐλθεῖν</span> <span class='ocrx_word' id='word_1_62' title='bbox 343 442 625 479; x_wconf 77' lang='grc' dir='ltr'>συνεξεληλύθεισαν⁸⁸</span> <span class='ocrx_word' id='word_1_63' title='bbox 637 443 677 475; x_wconf 79' lang='grc' dir='ltr'><strong>είς</strong></span> <span class='ocrx_word' id='word_1_64' title='bbox 696 442 745 478; x_wconf 76' lang='grc' dir='ltr'>τὴν</span> <span class='ocrx_word' id='word_1_65' title='bbox 766 442 810 469; x_wconf 91' lang='grc' dir='ltr'><strong>Σι-</strong></span> 
     </span>
    </p>
   </div>
   <div class='ocr_carea' id='block_1_10' title="bbox 57 489 811 526">
    <p class='ocr_par' dir='ltr' id='par_1_10' title="bbox 57 489 811 526">
     <span class='ocr_line' id='line_1_10' title="bbox 57 489 811 526; baseline -0.003 -8"><span class='ocrx_word' id='word_1_66' title='bbox 57 491 120 523; x_wconf 81' lang='grc' dir='ltr'>δῶνα,</span> <span class='ocrx_word' id='word_1_67' title='bbox 127 491 159 522; x_wconf 81' lang='grc' dir='ltr'><strong>ὡς</strong></span> <span class='ocrx_word' id='word_1_68' title='bbox 168 490 210 517; x_wconf 80' lang='grc' dir='ltr'>ὑπ’</span> <span class='ocrx_word' id='word_1_69' title='bbox 221 489 296 526; x_wconf 81' lang='grc' dir='ltr'><strong>αὑτῷ</strong></span> <span class='ocrx_word' id='word_1_70' title='bbox 303 490 326 506; x_wconf 84' lang='grc'><strong>⁸⁸</strong></span> <span class='ocrx_word' id='word_1_71' title='bbox 338 489 611 526; x_wconf 74' lang='grc' dir='ltr'>θεραπευθησόμενοι,</span> <span class='ocrx_word' id='word_1_72' title='bbox 623 490 670 517; x_wconf 74' lang='grc' dir='ltr'>καὶ</span> <span class='ocrx_word' id='word_1_73' title='bbox 679 490 720 516; x_wconf 78' lang='grc' dir='ltr'>ὅτι</span> <span class='ocrx_word' id='word_1_74' title='bbox 731 489 811 525; x_wconf 79' lang='grc' dir='ltr'>ἐμάν-</span> 
     </span>
    </p>
   </div>
   <div class='ocr_carea' id='block_1_11' title="bbox 57 534 808 571">
    <p class='ocr_par' dir='ltr' id='par_1_11' title="bbox 57 534 808 571">
     <span class='ocr_line' id='line_1_11' title="bbox 57 534 808 571; baseline -0.003 -8"><span class='ocrx_word' id='word_1_75' title='bbox 57 537 118 563; x_wconf 81' lang='grc' dir='ltr'>θανον</span> <span class='ocrx_word' id='word_1_76' title='bbox 129 535 219 571; x_wconf 82' lang='grc' dir='ltr'>μηδένα</span> <span class='ocrx_word' id='word_1_77' title='bbox 229 535 317 563; x_wconf 82' lang='grc' dir='ltr'>αὐτῶν</span> <span class='ocrx_word' id='word_1_78' title='bbox 331 535 427 567; x_wconf 75' lang='grc' dir='ltr'>ἰάσεως</span> <span class='ocrx_word' id='word_1_79' title='bbox 440 535 617 571; x_wconf 78' lang='grc' dir='ltr'><strong>τετυχηκέναι</strong></span> <span class='ocrx_word' id='word_1_80' title='bbox 632 535 676 562; x_wconf 77' lang='grc' dir='ltr'><strong>ὑπ’</strong></span> <span class='ocrx_word' id='word_1_81' title='bbox 687 534 761 570; x_wconf 80' lang='grc' dir='ltr'>αὐτῷ</span> <span class='ocrx_word' id='word_1_82' title='bbox 768 534 791 552; x_wconf 79' lang='grc'><strong>⁸⁸</strong></span> <span class='ocrx_word' id='word_1_83' title='bbox 800 542 808 551; x_wconf 73' lang='grc' dir='ltr'><strong>ο</strong></span> 
     </span>
    </p>
   </div>
   <div class='ocr_carea' id='block_1_12' title="bbox 57 579 811 617">
    <p class='ocr_par' dir='ltr' id='par_1_12' title="bbox 57 579 811 617">
     <span class='ocr_line' id='line_1_12' title="bbox 57 579 811 617; baseline -0.003 -8"><span class='ocrx_word' id='word_1_84' title='bbox 57 583 92 609; x_wconf 71' lang='grc' dir='ltr'>καὶ</span> <span class='ocrx_word' id='word_1_85' title='bbox 101 582 142 617; x_wconf 82' lang='grc' dir='ltr'><strong>τήν</strong></span> <span class='ocrx_word' id='word_1_86' title='bbox 155 582 218 617; x_wconf 80' lang='grc' dir='ltr'>πρὸς</span> <span class='ocrx_word' id='word_1_87' title='bbox 235 580 377 608; x_wconf 80' lang='grc' dir='ltr'>’Δππίωνά</span> <span class='ocrx_word' id='word_1_88' title='bbox 389 586 434 617; x_wconf 81' lang='grc' dir='ltr'><strong>μοι</strong></span> <span class='ocrx_word' id='word_1_89' title='bbox 447 581 631 617; x_wconf 81' lang='grc' dir='ltr'><strong>γεγενημένην</strong></span> <span class='ocrx_word' id='word_1_90' title='bbox 645 579 760 613; x_wconf 81' lang='grc' dir='ltr'><strong>διάλεξιν</strong></span> <span class='ocrx_word' id='word_1_91' title='bbox 772 579 811 616; x_wconf 86' lang='grc' dir='ltr'>τῷ</span> 
     </span>
    </p>
   </div>
   <div class='ocr_carea' id='block_1_13' title="bbox 57 626 813 663">
    <p class='ocr_par' dir='ltr' id='par_1_13' title="bbox 57 626 813 663">
     <span class='ocr_line' id='line_1_13' title="bbox 57 626 813 663; baseline -0.001 -9"><span class='ocrx_word' id='word_1_92' title='bbox 57 628 133 663; x_wconf 81' lang='grc' dir='ltr'><strong>Πέτρῳ</strong></span> <span class='ocrx_word' id='word_1_93' title='bbox 146 626 323 663; x_wconf 78' lang='grc' dir='ltr'>διηγησάμην.</span> <span class='ocrx_word' id='word_1_94' title='bbox 351 627 380 655; x_wconf 92' lang='lat'><strong>&#39;0</strong></span> <span class='ocrx_word' id='word_1_95' title='bbox 400 627 429 654; x_wconf 73' lang='grc' dir='ltr'>δὲ</span> <span class='ocrx_word' id='word_1_96' title='bbox 452 627 569 663; x_wconf 78' lang='grc' dir='ltr'><strong>στοργῆς</strong></span> <span class='ocrx_word' id='word_1_97' title='bbox 585 627 632 654; x_wconf 78' lang='grc' dir='ltr'>καὶ</span> <span class='ocrx_word' id='word_1_98' title='bbox 656 626 813 663; x_wconf 84' lang='grc' dir='ltr'><strong>προτροπῆς</strong></span> 
     </span>
    </p>
   </div>
   <div class='ocr_carea' id='block_1_14' title="bbox 57 672 810 709">
    <p class='ocr_par' dir='ltr' id='par_1_14' title="bbox 57 672 810 709">
     <span class='ocr_line' id='line_1_14' title="bbox 57 672 810 709; baseline 0 -10"><span class='ocrx_word' id='word_1_99' title='bbox 57 673 118 708; x_wconf 72' lang='grc' dir='ltr'>χάριν</span> <span class='ocrx_word' id='word_1_100' title='bbox 127 672 261 704; x_wconf 76' lang='grc' dir='ltr'>ἐπαινέσας</span> <span class='ocrx_word' id='word_1_101' title='bbox 273 681 309 708; x_wconf 75' lang='grc' dir='ltr'><strong>με</strong></span> <span class='ocrx_word' id='word_1_102' title='bbox 321 672 369 701; x_wconf 79' lang='grc' dir='ltr'>καὶ</span> <span class='ocrx_word' id='word_1_103' title='bbox 381 672 539 709; x_wconf 81' lang='grc' dir='ltr'><strong>εὐλογήσας,</strong></span> <span class='ocrx_word' id='word_1_104' title='bbox 555 673 626 701; x_wconf 78' lang='grc' dir='ltr'>ἁλῶν</span> <span class='ocrx_word' id='word_1_105' title='bbox 643 672 810 708; x_wconf 82' lang='grc' dir='ltr'>μεταλαὸὼν,</span> 
     </span>
    </p>
   </div>
   <div class='ocr_carea' id='block_1_15' title="bbox 56 717 811 755">
    <p class='ocr_par' dir='ltr' id='par_1_15' title="bbox 56 717 811 755">
     <span class='ocr_line' id='line_1_15' title="bbox 56 717 811 755; baseline 0.001 -11"><span class='ocrx_word' id='word_1_106' title='bbox 56 718 88 744; x_wconf 75' lang='grc' dir='ltr'><strong>διὰ</strong></span> <span class='ocrx_word' id='word_1_107' title='bbox 99 719 151 750; x_wconf 85' lang='grc' dir='ltr'>τοὺς</span> <span class='ocrx_word' id='word_1_108' title='bbox 167 717 304 753; x_wconf 78' lang='grc' dir='ltr'><strong>καμάτους</strong></span> <span class='ocrx_word' id='word_1_109' title='bbox 323 718 374 754; x_wconf 85' lang='grc' dir='ltr'>τῆς</span> <span class='ocrx_word' id='word_1_110' title='bbox 391 719 543 755; x_wconf 80' lang='grc' dir='ltr'>ὁδοιπορίας</span> <span class='ocrx_word' id='word_1_111' title='bbox 562 720 596 755; x_wconf 76' lang='grc' dir='ltr'>τῇ</span> <span class='ocrx_word' id='word_1_112' title='bbox 612 718 811 755; x_wconf 72' lang='grc' dir='ltr'>ἀναγκαιοτάτη</span> 
     </span>
    </p>
   </div>
   <div class='ocr_carea' id='block_1_16' title="bbox 57 763 558 800">
    <p class='ocr_par' dir='ltr' id='par_1_16' title="bbox 57 763 558 800">
     <span class='ocr_line' id='line_1_16' title="bbox 57 763 558 800; baseline 0.002 -10"><span class='ocrx_word' id='word_1_113' title='bbox 57 764 134 800; x_wconf 69' lang='grc' dir='ltr'>ἠσυχίᾳ</span> <span class='ocrx_word' id='word_1_114' title='bbox 143 763 185 790; x_wconf 84' lang='grc' dir='ltr'>τοῦ</span> <span class='ocrx_word' id='word_1_115' title='bbox 196 763 277 790; x_wconf 82' lang='grc' dir='ltr'>ὕπνου</span> <span class='ocrx_word' id='word_1_116' title='bbox 293 763 391 791; x_wconf 72' lang='grc' dir='ltr'>ἑαυτὸν</span> <span class='ocrx_word' id='word_1_117' title='bbox 401 764 558 800; x_wconf 78' lang='grc' dir='ltr'>ἐπέτρεπεν.</span> 
     </span>
    </p>
   </div>
   <div class='ocr_carea' id='block_1_17' title="bbox 277 864 548 901">
    <p class='ocr_par' dir='ltr' id='par_1_17' title="bbox 277 864 548 901">
     <span class='ocr_line' id='line_1_17' title="bbox 277 864 548 901; baseline -0.007 -7"><span class='ocrx_word' id='word_1_118' title='bbox 277 865 410 894; x_wconf 79' lang='grc' dir='ltr'><strong>ὉΜΙΛΙΔ</strong></span> <span class='ocrx_word' id='word_1_119' title='bbox 435 866 461 893; x_wconf 76' lang='grc' dir='ltr'>Ζι</span> <span class='ocrx_word' id='word_1_120' title='bbox 481 864 548 901; x_wconf 67' lang='grc'><strong>(12).</strong></span> 
     </span>
    </p>
   </div>
   <div class='ocr_carea' id='block_1_18' title="bbox 81 921 850 959">
    <p class='ocr_par' dir='ltr' id='par_1_18' title="bbox 81 921 850 959">
     <span class='ocr_line' id='line_1_18' title="bbox 81 921 850 959; baseline -0.001 -10"><span class='ocrx_word' id='word_1_121' title='bbox 81 921 97 949; x_wconf 89' lang='grc' dir='ltr'><strong>Ι.</strong></span> <span class='ocrx_word' id='word_1_122' title='bbox 114 922 146 958; x_wconf 84' lang='grc' dir='ltr'><strong>Τῇ</strong></span> <span class='ocrx_word' id='word_1_123' title='bbox 155 921 176 938; x_wconf 84' lang='lat'><strong>&quot;</strong></span> <span class='ocrx_word' id='word_1_124' title='bbox 188 922 305 958; x_wconf 85' lang='grc' dir='ltr'>τετάρτῃ</span> <span class='ocrx_word' id='word_1_125' title='bbox 316 922 346 949; x_wconf 75' lang='grc' dir='ltr'>δὲ</span> <span class='ocrx_word' id='word_1_126' title='bbox 359 921 451 958; x_wconf 79' lang='grc' dir='ltr'>ἡμέρᾳ</span> <span class='ocrx_word' id='word_1_127' title='bbox 466 922 515 958; x_wconf 86' lang='grc' dir='ltr'>τῆς</span> <span class='ocrx_word' id='word_1_128' title='bbox 526 923 554 949; x_wconf 80' lang='grc' dir='ltr'>ὲν</span> <span class='ocrx_word' id='word_1_129' title='bbox 567 921 647 959; x_wconf 81' lang='grc' dir='ltr'>Τύρῳ</span> <span class='ocrx_word' id='word_1_130' title='bbox 661 922 739 958; x_wconf 82' lang='grc' dir='ltr'>ἡμῶν</span> <span class='ocrx_word' id='word_1_131' title='bbox 754 922 814 949; x_wconf 83' lang='grc' dir='ltr'>ὲπι-</span> <span class='ocrx_word' id='word_1_132' title='bbox 828 929 850 957; x_wconf 77' lang='grc' dir='ltr'><strong><em>Β</em></strong></span> 
     </span>
    </p>
   </div>
   <div class='ocr_carea' id='block_1_19' title="bbox 57 966 812 1003">
    <p class='ocr_par' dir='ltr' id='par_1_19' title="bbox 57 966 812 1003">
     <span class='ocr_line' id='line_1_19' title="bbox 57 966 812 1003; baseline 0.003 -11"><span class='ocrx_word' id='word_1_133' title='bbox 57 966 140 1000; x_wconf 79' lang='grc' dir='ltr'>ὗημίας,</span> <span class='ocrx_word' id='word_1_134' title='bbox 148 967 195 993; x_wconf 74' lang='grc' dir='ltr'><strong>ὑπὸ</strong></span> <span class='ocrx_word' id='word_1_135' title='bbox 204 967 252 1002; x_wconf 81' lang='grc' dir='ltr'><strong>τήν</strong></span> <span class='ocrx_word' id='word_1_136' title='bbox 265 966 348 1003; x_wconf 60' lang='grc'><strong>174</strong></span> <span class='ocrx_word' id='word_1_137' title='bbox 357 966 453 1002; x_wconf 72' lang='grc' dir='ltr'>ὄρθρον</span> <span class='ocrx_word' id='word_1_138' title='bbox 464 966 655 1002; x_wconf 74' lang='grc' dir='ltr'>προεληλυθότι</span> <span class='ocrx_word' id='word_1_139' title='bbox 666 966 704 1003; x_wconf 85' lang='grc' dir='ltr'>τῷ</span> <span class='ocrx_word' id='word_1_140' title='bbox 717 967 812 1003; x_wconf 76' lang='grc' dir='ltr'>Πέτρῳ</span> 
     </span>
    </p>
   </div>
   <div class='ocr_carea' id='block_1_20' title="bbox 57 1009 811 1049">
    <p class='ocr_par' dir='ltr' id='par_1_20' title="bbox 57 1009 811 1049">
     <span class='ocr_line' id='line_1_20' title="bbox 57 1009 811 1049; baseline 0.003 -12"><span class='ocrx_word' id='word_1_141' title='bbox 57 1009 154 1046; x_wconf 78' lang='grc' dir='ltr'>ἀπήντων</span> <span class='ocrx_word' id='word_1_142' title='bbox 168 1010 349 1048; x_wconf 78' lang='grc' dir='ltr'>πλησιόχωροι</span> <span class='ocrx_word' id='word_1_143' title='bbox 358 1020 388 1039; x_wconf 84' lang='grc' dir='ltr'><strong>τε</strong></span> <span class='ocrx_word' id='word_1_144' title='bbox 403 1011 452 1039; x_wconf 80' lang='grc' dir='ltr'>οὐκ</span> <span class='ocrx_word' id='word_1_145' title='bbox 465 1011 549 1046; x_wconf 80' lang='grc' dir='ltr'>ὀλίγοι</span> <span class='ocrx_word' id='word_1_146' title='bbox 564 1013 610 1040; x_wconf 77' lang='grc' dir='ltr'>καὶ</span> <span class='ocrx_word' id='word_1_147' title='bbox 628 1013 712 1048; x_wconf 80' lang='grc' dir='ltr'>αὐτῆς</span> <span class='ocrx_word' id='word_1_148' title='bbox 723 1013 811 1049; x_wconf 80' lang='grc' dir='ltr'>Τύρου</span> 
     </span>
    </p>
   </div>
   <div class='ocr_carea' id='block_1_21' title="bbox 56 1056 812 1092">
    <p class='ocr_par' dir='ltr' id='par_1_21' title="bbox 56 1056 812 1092">
     <span class='ocr_line' id='line_1_21' title="bbox 56 1056 812 1092; baseline 0.007 -11"><span class='ocrx_word' id='word_1_149' title='bbox 56 1056 187 1089; x_wconf 71' lang='grc' dir='ltr'>πάμπολλοι,</span> <span class='ocrx_word' id='word_1_150' title='bbox 201 1057 246 1084; x_wconf 80' lang='grc' dir='ltr'>καὶ</span> <span class='ocrx_word' id='word_1_151' title='bbox 266 1056 425 1092; x_wconf 76' lang='grc' dir='ltr'>ἐπεφώνουν</span> <span class='ocrx_word' id='word_1_152' title='bbox 439 1057 572 1092; x_wconf 84' lang='grc' dir='ltr'>λέγοντες,</span> <span class='ocrx_word' id='word_1_153' title='bbox 590 1059 618 1085; x_wconf 87' lang='lat'><strong>‘0</strong></span> <span class='ocrx_word' id='word_1_154' title='bbox 630 1059 695 1090; x_wconf 81' lang='grc' dir='ltr'>Θεὸς</span> <span class='ocrx_word' id='word_1_155' title='bbox 708 1059 752 1086; x_wconf 84' lang='grc' dir='ltr'><strong>διὰ</strong></span> <span class='ocrx_word' id='word_1_156' title='bbox 765 1058 812 1086; x_wconf 81' lang='grc' dir='ltr'><strong>σοῦ</strong></span> 
     </span>
    </p>
   </div>
   <div class='ocr_carea' id='block_1_22' title="bbox 57 1102 812 1143">
    <p class='ocr_par' dir='ltr' id='par_1_22' title="bbox 57 1102 812 1143">
     <span class='ocr_line' id='line_1_22' title="bbox 57 1102 812 1143; baseline 0.007 -16"><span class='ocrx_word' id='word_1_157' title='bbox 57 1102 110 1136; x_wconf 71' lang='grc' dir='ltr'>ἡμᾶς</span> <span class='ocrx_word' id='word_1_158' title='bbox 119 1102 223 1134; x_wconf 77' lang='grc' dir='ltr'>ἐλεείτω,</span> <span class='ocrx_word' id='word_1_159' title='bbox 235 1103 281 1130; x_wconf 80' lang='grc' dir='ltr'>διὰ</span> <span class='ocrx_word' id='word_1_160' title='bbox 295 1102 345 1130; x_wconf 84' lang='grc' dir='ltr'><strong>σοῦ</strong></span> <span class='ocrx_word' id='word_1_161' title='bbox 357 1103 538 1140; x_wconf 80' lang='grc' dir='ltr'>θεραπευέτω.</span> <span class='ocrx_word' id='word_1_162' title='bbox 554 1105 582 1132; x_wconf 90' lang='lat'><strong>&#39;0</strong></span> <span class='ocrx_word' id='word_1_163' title='bbox 594 1105 622 1132; x_wconf 80' lang='grc' dir='ltr'>δὲ</span> <span class='ocrx_word' id='word_1_164' title='bbox 633 1105 735 1142; x_wconf 81' lang='grc' dir='ltr'>Πέτρος</span> <span class='ocrx_word' id='word_1_165' title='bbox 747 1104 812 1143; x_wconf 57' lang='lat' dir='ltr'><strong>Eafa;</strong></span> 
     </span>
    </p>
   </div>
   <div class='ocr_carea' id='block_1_23' title="bbox 57 1148 811 1186">
    <p class='ocr_par' dir='ltr' id='par_1_23' title="bbox 57 1148 811 1186">
     <span class='ocr_line' id='line_1_23' title="bbox 57 1148 811 1186; baseline 0.007 -13"><span class='ocrx_word' id='word_1_166' title='bbox 57 1148 90 1173; x_wconf 75' lang='grc' dir='ltr'><strong>ἐπὶ</strong></span> <span class='ocrx_word' id='word_1_167' title='bbox 113 1148 176 1174; x_wconf 75' lang='grc' dir='ltr'>λίθου</span> <span class='ocrx_word' id='word_1_168' title='bbox 196 1150 268 1181; x_wconf 82' lang='grc' dir='ltr'>τινὸς</span> <span class='ocrx_word' id='word_1_169' title='bbox 294 1149 398 1184; x_wconf 76' lang='grc' dir='ltr'>ὑψηλοῦ</span> <span class='ocrx_word' id='word_1_170' title='bbox 423 1150 491 1186; x_wconf 76' lang='grc' dir='ltr'>πρὸς</span> <span class='ocrx_word' id='word_1_171' title='bbox 518 1150 548 1177; x_wconf 78' lang='grc' dir='ltr'>τὸ</span> <span class='ocrx_word' id='word_1_172' title='bbox 577 1150 706 1179; x_wconf 85' lang='grc' dir='ltr'>δύνασθαι</span> <span class='ocrx_word' id='word_1_173' title='bbox 730 1151 811 1178; x_wconf 79' lang='grc' dir='ltr'>πᾶσιν</span> 
     </span>
    </p>
   </div>
   <div class='ocr_carea' id='block_1_24' title="bbox 57 1192 813 1230">
    <p class='ocr_par' dir='ltr' id='par_1_24' title="bbox 57 1192 813 1230">
     <span class='ocr_line' id='line_1_24' title="bbox 57 1192 813 1230; baseline 0.005 -13"><span class='ocrx_word' id='word_1_174' title='bbox 57 1192 152 1226; x_wconf 56' lang='lat' dir='ltr'><strong>apicem,</strong></span> <span class='ocrx_word' id='word_1_175' title='bbox 175 1194 219 1220; x_wconf 83' lang='grc' dir='ltr'>καὶ</span> <span class='ocrx_word' id='word_1_176' title='bbox 242 1193 468 1230; x_wconf 83' lang='grc' dir='ltr'>προσαγορεύσας</span> <span class='ocrx_word' id='word_1_177' title='bbox 492 1193 611 1222; x_wconf 79' lang='grc' dir='ltr'>θεοσεϐεῖ</span> <span class='ocrx_word' id='word_1_178' title='bbox 631 1194 705 1230; x_wconf 85' lang='grc' dir='ltr'>νόμῳ</span> <span class='ocrx_word' id='word_1_179' title='bbox 727 1193 813 1226; x_wconf 83' lang='grc' dir='ltr'>οὕτως</span> 
     </span>
    </p>
   </div>
   <div class='ocr_carea' id='block_1_25' title="bbox 57 1237 141 1271">
    <p class='ocr_par' dir='ltr' id='par_1_25' title="bbox 57 1237 141 1271">
     <span class='ocr_line' id='line_1_25' title="bbox 57 1237 141 1271; baseline -0.012 0"><span class='ocrx_word' id='word_1_180' title='bbox 57 1237 141 1271; x_wconf 69' lang='grc' dir='ltr'>ἤρξατο·</span> 
     </span>
    </p>
   </div>
   <div class='ocr_carea' id='block_1_26' title="bbox 82 1283 812 1322">
    <p class='ocr_par' dir='ltr' id='par_1_26' title="bbox 82 1283 812 1322">
     <span class='ocr_line' id='line_1_26' title="bbox 82 1283 812 1322; baseline 0.007 -13"><span class='ocrx_word' id='word_1_181' title='bbox 82 1283 105 1309; x_wconf 89' lang='grc' dir='ltr'><strong>Π.</strong></span> <span class='ocrx_word' id='word_1_182' title='bbox 121 1283 172 1319; x_wconf 85' lang='grc' dir='ltr'><strong>Θεῷ</strong></span> <span class='ocrx_word' id='word_1_183' title='bbox 187 1284 224 1320; x_wconf 81' lang='grc' dir='ltr'><strong>τῷ</strong></span> <span class='ocrx_word' id='word_1_184' title='bbox 243 1285 370 1312; x_wconf 74' lang='grc' dir='ltr'>κτίσαντι</span> <span class='ocrx_word' id='word_1_185' title='bbox 384 1285 429 1312; x_wconf 78' lang='grc' dir='ltr'>τὸν</span> <span class='ocrx_word' id='word_1_186' title='bbox 449 1285 562 1321; x_wconf 75' lang='grc' dir='ltr'>οὐρανὸν</span> <span class='ocrx_word' id='word_1_187' title='bbox 576 1285 624 1314; x_wconf 77' lang='grc' dir='ltr'>καὶ</span> <span class='ocrx_word' id='word_1_188' title='bbox 644 1285 674 1314; x_wconf 84' lang='grc' dir='ltr'><strong>τὸ</strong></span> <span class='ocrx_word' id='word_1_189' title='bbox 699 1285 812 1322; x_wconf 84' lang='grc' dir='ltr'>σύμπαν</span> 
     </span>
    </p>
   </div>
   <div class='ocr_carea' id='block_1_27' title="bbox 55 1327 810 1367">
    <p class='ocr_par' dir='ltr' id='par_1_27' title="bbox 55 1327 810 1367">
     <span class='ocr_line' id='line_1_27' title="bbox 55 1327 810 1367; baseline 0.008 -13"><span class='ocrx_word' id='word_1_190' title='bbox 55 1327 77 1354; x_wconf 71' lang='grc' dir='ltr'>οὔ</span> <span class='ocrx_word' id='word_1_191' title='bbox 89 1328 160 1355; x_wconf 77' lang='grc' dir='ltr'>λείπει</span> <span class='ocrx_word' id='word_1_192' title='bbox 181 1330 318 1365; x_wconf 77' lang='grc' dir='ltr'>πρόφασις</span> <span class='ocrx_word' id='word_1_193' title='bbox 346 1330 415 1366; x_wconf 82' lang='grc' dir='ltr'>πρὸς</span> <span class='ocrx_word' id='word_1_194' title='bbox 439 1332 575 1367; x_wconf 84' lang='grc' dir='ltr'>σωτηρίαν</span> <span class='ocrx_word' id='word_1_195' title='bbox 598 1331 651 1360; x_wconf 85' lang='grc' dir='ltr'><strong>τῶν</strong></span> <span class='ocrx_word' id='word_1_196' title='bbox 677 1331 810 1364; x_wconf 78' lang='grc' dir='ltr'>σώζεσθαι</span> 
     </span>
    </p>
   </div>
   <div class='ocr_carea' id='block_1_28' title="bbox 55 1372 811 1413">
    <p class='ocr_par' dir='ltr' id='par_1_28' title="bbox 55 1372 811 1413">
     <span class='ocr_line' id='line_1_28' title="bbox 55 1372 811 1413; baseline 0.009 -15"><span class='ocrx_word' id='word_1_197' title='bbox 55 1372 164 1402; x_wconf 76' lang='grc' dir='ltr'>θελόντων.</span> <span class='ocrx_word' id='word_1_198' title='bbox 174 1375 250 1402; x_wconf 85' lang='grc' dir='ltr'>Ὅθεν</span> <span class='ocrx_word' id='word_1_199' title='bbox 263 1377 333 1412; x_wconf 78' lang='grc' dir='ltr'>μηδὲ</span> <span class='ocrx_word' id='word_1_200' title='bbox 349 1377 394 1404; x_wconf 75' lang='grc' dir='ltr'><strong>ἐπὶ</strong></span> <span class='ocrx_word' id='word_1_201' title='bbox 405 1379 428 1394; x_wconf 77' lang='grc'><strong>⁸³</strong></span> <span class='ocrx_word' id='word_1_202' title='bbox 441 1380 497 1410; x_wconf 78' lang='grc' dir='ltr'>τοῖς</span> <span class='ocrx_word' id='word_1_203' title='bbox 510 1378 618 1406; x_wconf 81' lang='grc' dir='ltr'>δοκοῦσι</span> <span class='ocrx_word' id='word_1_204' title='bbox 632 1377 742 1413; x_wconf 85' lang='grc' dir='ltr'>φαύλοις</span> <span class='ocrx_word' id='word_1_205' title='bbox 757 1377 811 1405; x_wconf 80' lang='grc' dir='ltr'><strong>ὑπὸ</strong></span> 
     </span>
    </p>
   </div>
   <div class='ocr_carea' id='block_1_29' title="bbox 55 1421 811 1461">
    <p class='ocr_par' dir='ltr' id='par_1_29' title="bbox 55 1421 811 1461">
     <span class='ocr_line' id='line_1_29' title="bbox 55 1421 811 1461; baseline 0.009 -17"><span class='ocrx_word' id='word_1_206' title='bbox 55 1421 188 1454; x_wconf 74' lang='grc' dir='ltr'>προπετείας</span> <span class='ocrx_word' id='word_1_207' title='bbox 209 1431 250 1454; x_wconf 84' lang='grc' dir='ltr'><strong>τις</strong></span> <span class='ocrx_word' id='word_1_208' title='bbox 268 1423 351 1450; x_wconf 73' lang='grc' dir='ltr'>αὐτὸν</span> <span class='ocrx_word' id='word_1_209' title='bbox 368 1425 405 1456; x_wconf 85' lang='grc' dir='ltr'>ὼς</span> <span class='ocrx_word' id='word_1_210' title='bbox 424 1424 461 1460; x_wconf 86' lang='grc' dir='ltr'>μὴ</span> <span class='ocrx_word' id='word_1_211' title='bbox 471 1425 493 1440; x_wconf 77' lang='grc'><strong>³³</strong></span> <span class='ocrx_word' id='word_1_212' title='bbox 516 1425 705 1461; x_wconf 80' lang='grc' dir='ltr'>φιλάνθρωπον</span> <span class='ocrx_word' id='word_1_213' title='bbox 723 1424 811 1452; x_wconf 70' lang='grc' dir='ltr'>αἰτιά-</span> 
     </span>
    </p>
   </div>
   <div class='ocr_carea' id='block_1_30' title="bbox 56 1464 810 1507">
    <p class='ocr_par' dir='ltr' id='par_1_30' title="bbox 56 1464 810 1507">
     <span class='ocr_line' id='line_1_30' title="bbox 56 1464 810 1507; baseline 0.009 -17"><span class='ocrx_word' id='word_1_214' title='bbox 56 1464 104 1491; x_wconf 78' lang='grc' dir='ltr'>σθω.</span> <span class='ocrx_word' id='word_1_215' title='bbox 126 1465 178 1493; x_wconf 78' lang='grc' dir='ltr'>Τῶν</span> <span class='ocrx_word' id='word_1_216' title='bbox 199 1468 250 1504; x_wconf 77' lang='grc' dir='ltr'><strong>γὰρ</strong></span> <span class='ocrx_word' id='word_1_217' title='bbox 274 1469 478 1505; x_wconf 76' lang='grc' dir='ltr'>συμϐαινόντων</span> <span class='ocrx_word' id='word_1_218' title='bbox 495 1470 631 1507; x_wconf 80' lang='grc' dir='ltr'>ἀνθρώπῳ</span> <span class='ocrx_word' id='word_1_219' title='bbox 646 1470 669 1486; x_wconf 73' lang='grc' dir='ltr'><strong>³ο</strong></span> <span class='ocrx_word' id='word_1_220' title='bbox 687 1470 721 1498; x_wconf 83' lang='grc' dir='ltr'><strong>τὰ</strong></span> <span class='ocrx_word' id='word_1_221' title='bbox 745 1470 810 1506; x_wconf 84' lang='grc' dir='ltr'>τέλη</span> 
     </span>
    </p>
   </div>
   <div class='ocr_carea' id='block_1_31' title="bbox 55 1509 810 1552">
    <p class='ocr_par' dir='ltr' id='par_1_31' title="bbox 55 1509 810 1552">
     <span class='ocr_line' id='line_1_31' title="bbox 55 1509 810 1552; baseline 0.009 -16"><span class='ocrx_word' id='word_1_222' title='bbox 55 1509 175 1546; x_wconf 74' lang='grc' dir='ltr'>ἀνθρώποις</span> <span class='ocrx_word' id='word_1_223' title='bbox 197 1515 243 1549; x_wconf 87' lang='grc' dir='ltr'>μὲν</span> <span class='ocrx_word' id='word_1_224' title='bbox 260 1515 403 1549; x_wconf 71' lang='grc' dir='ltr'>ἄγνωστα,</span> <span class='ocrx_word' id='word_1_225' title='bbox 427 1515 465 1548; x_wconf 87' lang='grc' dir='ltr'>ὡς</span> <span class='ocrx_word' id='word_1_226' title='bbox 488 1516 537 1543; x_wconf 75' lang='grc' dir='ltr'>ἐπὶ</span> <span class='ocrx_word' id='word_1_227' title='bbox 559 1515 638 1552; x_wconf 84' lang='grc' dir='ltr'><strong>κακῷ</strong></span> <span class='ocrx_word' id='word_1_228' title='bbox 662 1516 810 1543; x_wconf 81' lang='grc' dir='ltr'>ὑποπτευό-</span> 
     </span>
    </p>
   </div>
   <div class='ocr_carea' id='block_1_32' title="bbox 56 1557 807 1598">
    <p class='ocr_par' dir='ltr' id='par_1_32' title="bbox 56 1557 807 1598">
     <span class='ocr_line' id='line_1_32' title="bbox 56 1557 807 1598; baseline 0.009 -16"><span class='ocrx_word' id='word_1_229' title='bbox 56 1563 105 1589; x_wconf 79' lang='grc' dir='ltr'>μενα</span> <span class='ocrx_word' id='word_1_230' title='bbox 115 1557 143 1590; x_wconf 84' lang='lat'><strong>&quot;,</strong></span> <span class='ocrx_word' id='word_1_231' title='bbox 155 1558 209 1594; x_wconf 85' lang='grc' dir='ltr'><strong>Θεῷ</strong></span> <span class='ocrx_word' id='word_1_232' title='bbox 221 1560 249 1586; x_wconf 74' lang='grc' dir='ltr'>δὲ</span> <span class='ocrx_word' id='word_1_233' title='bbox 266 1560 305 1592; x_wconf 86' lang='grc' dir='ltr'>ὠς</span> <span class='ocrx_word' id='word_1_234' title='bbox 320 1561 513 1597; x_wconf 78' lang='grc' dir='ltr'>ἀποϐησόμενα</span> <span class='ocrx_word' id='word_1_235' title='bbox 533 1561 653 1597; x_wconf 82' lang='grc' dir='ltr'>εὐτυχῶς</span> <span class='ocrx_word' id='word_1_236' title='bbox 673 1561 807 1598; x_wconf 88' lang='grc' dir='ltr'>γνώριμα.</span> 
     </span>
    </p>
   </div>
   <div class='ocr_carea' id='block_1_33' title="bbox 54 1600 809 1642">
    <p class='ocr_par' dir='ltr' id='par_1_33' title="bbox 54 1600 809 1642">
     <span class='ocr_line' id='line_1_33' title="bbox 54 1600 809 1642; baseline 0.009 -16"><span class='ocrx_word' id='word_1_237' title='bbox 54 1600 132 1629; x_wconf 53' lang='lat' dir='ltr'><strong>Mein</strong></span> <span class='ocrx_word' id='word_1_238' title='bbox 146 1603 205 1637; x_wconf 72' lang='grc' dir='ltr'>γοῦν</span> <span class='ocrx_word' id='word_1_239' title='bbox 226 1605 318 1640; x_wconf 86' lang='grc' dir='ltr'>Σίμων</span> <span class='ocrx_word' id='word_1_240' title='bbox 343 1606 475 1642; x_wconf 79' lang='grc' dir='ltr'>ἀριστερὰ</span> <span class='ocrx_word' id='word_1_241' title='bbox 491 1607 538 1634; x_wconf 83' lang='grc' dir='ltr'>τοῦ</span> <span class='ocrx_word' id='word_1_242' title='bbox 560 1607 626 1634; x_wconf 83' lang='grc' dir='ltr'><strong>Θεοῦ</strong></span> <span class='ocrx_word' id='word_1_243' title='bbox 640 1607 752 1642; x_wconf 86' lang='grc' dir='ltr'>δύναμις</span> <span class='ocrx_word' id='word_1_244' title='bbox 771 1606 809 1634; x_wconf 80' lang='grc' dir='ltr'><strong>ὢν</strong></span> 
     </span>
    </p>
   </div>
   <div class='ocr_carea' id='block_1_34' title="bbox 53 1648 809 1690">
    <p class='ocr_par' dir='ltr' id='par_1_34' title="bbox 53 1648 809 1690">
     <span class='ocr_line' id='line_1_34' title="bbox 53 1648 809 1690; baseline 0.011 -18"><span class='ocrx_word' id='word_1_245' title='bbox 53 1648 88 1672; x_wconf 80' lang='lat' dir='ltr'><strong>ul</strong></span> <span class='ocrx_word' id='word_1_246' title='bbox 108 1648 153 1675; x_wconf 85' lang='grc' dir='ltr'><strong>τῶν</strong></span> <span class='ocrx_word' id='word_1_247' title='bbox 172 1650 214 1677; x_wconf 84' lang='grc' dir='ltr'><strong>τδν</strong></span> <span class='ocrx_word' id='word_1_248' title='bbox 233 1650 299 1678; x_wconf 76' lang='grc' dir='ltr'>Θεὸν</span> <span class='ocrx_word' id='word_1_249' title='bbox 322 1651 372 1678; x_wconf 77' lang='grc' dir='ltr'><strong>οὐκ</strong></span> <span class='ocrx_word' id='word_1_250' title='bbox 393 1652 500 1679; x_wconf 83' lang='grc' dir='ltr'>είδότων</span> <span class='ocrx_word' id='word_1_251' title='bbox 522 1652 568 1680; x_wconf 77' lang='grc' dir='ltr'><strong>ἐπὶ</strong></span> <span class='ocrx_word' id='word_1_252' title='bbox 591 1654 737 1689; x_wconf 82' lang='grc' dir='ltr'>κακοποιὶᾳ</span> <span class='ocrx_word' id='word_1_253' title='bbox 760 1653 809 1690; x_wconf 81' lang='grc' dir='ltr'><strong>τήν</strong></span> 
     </span>
    </p>
   </div>
   <div class='ocr_carea' id='block_1_35' title="bbox 54 1691 808 1734">
    <p class='ocr_par' dir='ltr' id='par_1_35' title="bbox 54 1691 808 1734">
     <span class='ocr_line' id='line_1_35' title="bbox 54 1691 808 1734; baseline 0.001 -9"><span class='ocrx_word' id='word_1_254' title='bbox 54 1691 148 1724; x_wconf 51' lang='grc' dir='ltr'>ἐξουσίαν</span> <span class='ocrx_word' id='word_1_255' title='bbox 163 1694 226 1730; x_wconf 74' lang='grc' dir='ltr'>ἔχων</span> <span class='ocrx_word' id='word_1_256' title='bbox 236 1696 325 1728; x_wconf 84' lang='grc' dir='ltr'>νόσοις</span> <span class='ocrx_word' id='word_1_257' title='bbox 340 1697 412 1732; x_wconf 80' lang='grc' dir='ltr'>ὑμᾶς</span> <span class='ocrx_word' id='word_1_258' title='bbox 426 1698 580 1733; x_wconf 77' lang='grc' dir='ltr'>περιϐαλεῖν</span> <span class='ocrx_word' id='word_1_259' title='bbox 595 1699 724 1734; x_wconf 77' lang='grc' dir='ltr'>ἠδυνήθη,</span> <span class='ocrx_word' id='word_1_260' title='bbox 739 1700 808 1726; x_wconf 76' lang='grc' dir='ltr'>αἴτι-</span> 
     </span>
    </p>
   </div>
   <div class='ocr_carea' id='block_1_36' title="bbox 55 1738 807 1779">
    <p class='ocr_par' dir='ltr' id='par_1_36' title="bbox 55 1738 807 1779">
     <span class='ocr_line' id='line_1_36' title="bbox 55 1738 807 1779; baseline 0.008 -15"><span class='ocrx_word' id='word_1_261' title='bbox 55 1745 86 1768; x_wconf 77' lang='grc' dir='ltr'><strong>νες</strong></span> <span class='ocrx_word' id='word_1_262' title='bbox 104 1738 140 1765; x_wconf 72' lang='grc' dir='ltr'><strong>διὰ</strong></span> <span class='ocrx_word' id='word_1_263' title='bbox 161 1739 207 1775; x_wconf 79' lang='grc' dir='ltr'>τὴν</span> <span class='ocrx_word' id='word_1_264' title='bbox 226 1741 272 1768; x_wconf 82' lang='grc' dir='ltr'>τοῦ</span> <span class='ocrx_word' id='word_1_265' title='bbox 298 1742 367 1768; x_wconf 85' lang='grc' dir='ltr'><strong>Θεοῦ</strong></span> <span class='ocrx_word' id='word_1_266' title='bbox 391 1742 496 1778; x_wconf 85' lang='grc' dir='ltr'>ἀγαθὴν</span> <span class='ocrx_word' id='word_1_267' title='bbox 532 1743 659 1779; x_wconf 84' lang='grc' dir='ltr'>πρόνοιαν</span> <span class='ocrx_word' id='word_1_268' title='bbox 684 1743 807 1777; x_wconf 82' lang='grc' dir='ltr'>γενέσθαι</span> 
     </span>
    </p>
   </div>
   <div class='ocr_carea' id='block_1_37' title="bbox 54 1784 808 1824">
    <p class='ocr_par' dir='ltr' id='par_1_37' title="bbox 54 1784 808 1824">
     <span class='ocr_line' id='line_1_37' title="bbox 54 1784 808 1824; baseline 0.008 -15"><span class='ocrx_word' id='word_1_269' title='bbox 54 1784 234 1819; x_wconf 72' lang='grc' dir='ltr'>συγχωρηθεῖσαι</span> <span class='ocrx_word' id='word_1_270' title='bbox 244 1786 404 1821; x_wconf 82' lang='grc' dir='ltr'>ἠνάγκασαν</span> <span class='ocrx_word' id='word_1_271' title='bbox 418 1787 499 1822; x_wconf 80' lang='grc' dir='ltr'>ὑμᾶς,</span> <span class='ocrx_word' id='word_1_272' title='bbox 518 1787 563 1815; x_wconf 74' lang='grc' dir='ltr'><strong>τὸν</strong></span> <span class='ocrx_word' id='word_1_273' title='bbox 587 1788 675 1814; x_wconf 73' lang='grc' dir='ltr'>ἰᾶσθαι</span> <span class='ocrx_word' id='word_1_274' title='bbox 692 1788 808 1824; x_wconf 76' lang='grc' dir='ltr'>δυνάμε-</span> 
     </span>
    </p>
   </div>
   <div class='ocr_carea' id='block_1_38' title="bbox 54 1830 809 1868">
    <p class='ocr_par' dir='ltr' id='par_1_38' title="bbox 54 1830 809 1868">
     <span class='ocr_line' id='line_1_38' title="bbox 54 1830 809 1868; baseline 0.011 -16"><span class='ocrx_word' id='word_1_275' title='bbox 54 1834 86 1853; x_wconf 74' lang='grc' dir='ltr'><strong>νον</strong></span> <span class='ocrx_word' id='word_1_276' title='bbox 105 1830 340 1866; x_wconf 74' lang='grc' dir='ltr'>περιϐλεψαμὲνους</span> <span class='ocrx_word' id='word_1_277' title='bbox 362 1832 408 1858; x_wconf 76' lang='grc' dir='ltr'><strong>καὶ</strong></span> <span class='ocrx_word' id='word_1_278' title='bbox 426 1832 571 1868; x_wconf 81' lang='grc' dir='ltr'>εὑρόντας,</span> <span class='ocrx_word' id='word_1_279' title='bbox 601 1834 735 1868; x_wconf 75' lang='grc' dir='ltr'>προφάσει</span> <span class='ocrx_word' id='word_1_280' title='bbox 758 1833 809 1868; x_wconf 76' lang='grc' dir='ltr'>τῆς</span> 
     </span>
    </p>
   </div>
   <div class='ocr_carea' id='block_1_39' title="bbox 56 1873 808 1914">
    <p class='ocr_par' dir='ltr' id='par_1_39' title="bbox 56 1873 808 1914">
     <span class='ocr_line' id='line_1_39' title="bbox 56 1873 808 1914; baseline 0.011 -16"><span class='ocrx_word' id='word_1_281' title='bbox 56 1873 90 1899; x_wconf 66' lang='grc' dir='ltr'>τοῦ</span> <span class='ocrx_word' id='word_1_282' title='bbox 101 1874 210 1910; x_wconf 82' lang='grc' dir='ltr'>σώματος</span> <span class='ocrx_word' id='word_1_283' title='bbox 227 1877 376 1914; x_wconf 78' lang='grc' dir='ltr'>θεραπείας</span> <span class='ocrx_word' id='word_1_284' title='bbox 387 1879 419 1905; x_wconf 83' lang='grc' dir='ltr'>τὰ</span> <span class='ocrx_word' id='word_1_285' title='bbox 429 1878 488 1914; x_wconf 82' lang='grc' dir='ltr'><strong>Θεῷ</strong></span> <span class='ocrx_word' id='word_1_286' title='bbox 502 1879 630 1905; x_wconf 84' lang='grc' dir='ltr'>δοκοῦντα</span> <span class='ocrx_word' id='word_1_287' title='bbox 642 1879 808 1914; x_wconf 80' lang='grc' dir='ltr'>ἀναδεξαμέ-</span> 
     </span>
    </p>
   </div>
   <div class='ocr_carea' id='block_1_40' title="bbox 55 1921 806 1959">
    <p class='ocr_par' dir='ltr' id='par_1_40' title="bbox 55 1921 806 1959">
     <span class='ocr_line' id='line_1_40' title="bbox 55 1921 806 1959; baseline -0.001 -9"><span class='ocrx_word' id='word_1_288' title='bbox 55 1925 107 1950; x_wconf 59' lang='grc' dir='ltr'>νουςι</span> <span class='ocrx_word' id='word_1_289' title='bbox 122 1921 251 1957; x_wconf 80' lang='grc' dir='ltr'>πεισθῆναι</span> <span class='ocrx_word' id='word_1_290' title='bbox 265 1925 385 1959; x_wconf 82' lang='grc' dir='ltr'>φρονεῖν,</span> <span class='ocrx_word' id='word_1_291' title='bbox 402 1924 445 1950; x_wconf 80' lang='grc' dir='ltr'><strong>ἴνα</strong></span> <span class='ocrx_word' id='word_1_292' title='bbox 460 1923 545 1955; x_wconf 74' lang='grc' dir='ltr'>οὕτως</span> <span class='ocrx_word' id='word_1_293' title='bbox 559 1923 615 1958; x_wconf 71' lang='grc' dir='ltr'>ἅμα</span> <span class='ocrx_word' id='word_1_294' title='bbox 629 1925 684 1955; x_wconf 82' lang='grc' dir='ltr'>τοῖς</span> <span class='ocrx_word' id='word_1_295' title='bbox 701 1922 806 1958; x_wconf 85' lang='grc' dir='ltr'>σώμασι</span> 
     </span>
    </p>
   </div>
   <div class='ocr_carea' id='block_1_41' title="bbox 55 1963 646 2004">
    <p class='ocr_par' dir='ltr' id='par_1_41' title="bbox 55 1963 646 2004">
     <span class='ocr_line' id='line_1_41' title="bbox 55 1963 646 2004; baseline 0.005 -12"><span class='ocrx_word' id='word_1_296' title='bbox 55 1963 221 2001; x_wconf 74' lang='grc' dir='ltr'>σωθησομένοις</span> <span class='ocrx_word' id='word_1_297' title='bbox 235 1969 282 1995; x_wconf 75' lang='grc' dir='ltr'><strong>καὶ</strong></span> <span class='ocrx_word' id='word_1_298' title='bbox 297 1968 348 2000; x_wconf 83' lang='grc' dir='ltr'><strong>τὰς</strong></span> <span class='ocrx_word' id='word_1_299' title='bbox 362 1968 450 2004; x_wconf 73' lang='grc' dir='ltr'>ψυχὰς</span> <span class='ocrx_word' id='word_1_300' title='bbox 466 1967 538 2000; x_wconf 85' lang='grc' dir='ltr'>σώας</span> <span class='ocrx_word' id='word_1_301' title='bbox 555 1968 646 2004; x_wconf 77' lang='grc' dir='ltr'>ἔχητε.</span> 
     </span>
    </p>
   </div>
   <div class='ocr_carea' id='block_1_42' title="bbox 79 2008 808 2050">
    <p class='ocr_par' dir='ltr' id='par_1_42' title="bbox 79 2008 808 2050">
     <span class='ocr_line' id='line_1_42' title="bbox 79 2008 808 2050; baseline 0.008 -15"><span class='ocrx_word' id='word_1_302' title='bbox 79 2008 240 2039; x_wconf 81' lang='grc' dir='ltr'>ΙΙΙ.Μανθάνω</span> <span class='ocrx_word' id='word_1_303' title='bbox 254 2012 312 2045; x_wconf 77' lang='grc' dir='ltr'>οὖν,</span> <span class='ocrx_word' id='word_1_304' title='bbox 325 2014 363 2045; x_wconf 84' lang='grc' dir='ltr'>ὡς</span> <span class='ocrx_word' id='word_1_305' title='bbox 376 2013 543 2050; x_wconf 79' lang='grc' dir='ltr'>βουθυτήσας</span> <span class='ocrx_word' id='word_1_306' title='bbox 569 2013 686 2042; x_wconf 75' lang='grc' dir='ltr'>ἐπίασιν</span> <span class='ocrx_word' id='word_1_307' title='bbox 701 2014 724 2030; x_wconf 82' lang='grc'><strong>⁹²</strong></span> <span class='ocrx_word' id='word_1_308' title='bbox 735 2015 808 2050; x_wconf 81' lang='grc' dir='ltr'>ὑμᾶς</span> 
     </span>
    </p>
   </div>
   <div class='ocr_carea' id='block_1_43' title="bbox 54 2054 806 2096">
    <p class='ocr_par' dir='ltr' id='par_1_43' title="bbox 54 2054 806 2096">
     <span class='ocr_line' id='line_1_43' title="bbox 54 2054 806 2096; baseline 0.005 -14"><span class='ocrx_word' id='word_1_309' title='bbox 54 2054 74 2079; x_wconf 76' lang='grc' dir='ltr'>ἐν</span> <span class='ocrx_word' id='word_1_310' title='bbox 84 2057 139 2093; x_wconf 79' lang='grc' dir='ltr'>μέσῃ</span> <span class='ocrx_word' id='word_1_311' title='bbox 148 2059 178 2094; x_wconf 75' lang='grc' dir='ltr'>τῇ</span> <span class='ocrx_word' id='word_1_312' title='bbox 189 2059 284 2095; x_wconf 80' lang='grc' dir='ltr'>ἀγορᾷ,</span> <span class='ocrx_word' id='word_1_313' title='bbox 296 2060 344 2086; x_wconf 77' lang='grc' dir='ltr'><strong>καὶ</strong></span> <span class='ocrx_word' id='word_1_314' title='bbox 358 2059 444 2091; x_wconf 72' lang='grc' dir='ltr'>οὕτως</span> <span class='ocrx_word' id='word_1_315' title='bbox 456 2060 535 2096; x_wconf 85' lang='grc' dir='ltr'>ὑμεῖς</span> <span class='ocrx_word' id='word_1_316' title='bbox 545 2060 608 2096; x_wconf 76' lang='grc' dir='ltr'>οἴνῳ</span> <span class='ocrx_word' id='word_1_317' title='bbox 621 2059 710 2095; x_wconf 87' lang='grc' dir='ltr'>πολλῷ</span> <span class='ocrx_word' id='word_1_318' title='bbox 721 2069 806 2096; x_wconf 88' lang='grc' dir='ltr'>παρε-</span> 
     </span>
    </p>
   </div>
   <div class='ocr_carea' id='block_1_44' title="bbox 55 2099 808 2141">
    <p class='ocr_par' dir='ltr' id='par_1_44' title="bbox 55 2099 808 2141">
     <span class='ocr_line' id='line_1_44' title="bbox 55 2099 808 2141; baseline 0.011 -16"><span class='ocrx_word' id='word_1_319' title='bbox 55 2101 165 2135; x_wconf 74' lang='grc' dir='ltr'>νεχθέντες</span> <span class='ocrx_word' id='word_1_320' title='bbox 187 2104 241 2139; x_wconf 80' lang='grc' dir='ltr'><strong>άμα</strong></span> <span class='ocrx_word' id='word_1_321' title='bbox 261 2107 319 2137; x_wconf 80' lang='grc' dir='ltr'>τοῖς</span> <span class='ocrx_word' id='word_1_322' title='bbox 343 2106 470 2141; x_wconf 87' lang='grc' dir='ltr'>πονηροῖς</span> <span class='ocrx_word' id='word_1_323' title='bbox 492 2105 602 2141; x_wconf 85' lang='grc' dir='ltr'>δαίμοσι</span> <span class='ocrx_word' id='word_1_324' title='bbox 621 2105 666 2132; x_wconf 77' lang='grc' dir='ltr'>τὸν</span> <span class='ocrx_word' id='word_1_325' title='bbox 690 2099 808 2141; x_wconf 84' lang='grc' dir='ltr'>ἄρχοντᾶ</span> 
     </span>
    </p>
   </div>
   <div class='ocr_carea' id='block_1_45' title="bbox 54 2145 806 2187">
    <p class='ocr_par' dir='ltr' id='par_1_45' title="bbox 54 2145 806 2187">
     <span class='ocr_line' id='line_1_45' title="bbox 54 2145 806 2187; baseline 0.009 -16"><span class='ocrx_word' id='word_1_326' title='bbox 54 2145 120 2172; x_wconf 65' lang='grc' dir='ltr'>αὑτῶν</span> <span class='ocrx_word' id='word_1_327' title='bbox 136 2148 355 2185; x_wconf 64' lang='grc' dir='ltr'>ἐφιλοφρονεῖσθε,</span> <span class='ocrx_word' id='word_1_328' title='bbox 372 2151 420 2177; x_wconf 81' lang='grc' dir='ltr'>καὶ</span> <span class='ocrx_word' id='word_1_329' title='bbox 440 2149 530 2182; x_wconf 77' lang='grc' dir='ltr'>οὕτως</span> <span class='ocrx_word' id='word_1_330' title='bbox 548 2150 625 2187; x_wconf 86' lang='grc' dir='ltr'>ὑμῶν</span> <span class='ocrx_word' id='word_1_331' title='bbox 648 2151 672 2178; x_wconf 79' lang='grc' dir='ltr'>οἱ</span> <span class='ocrx_word' id='word_1_332' title='bbox 687 2151 806 2178; x_wconf 80' lang='grc' dir='ltr'>πλεῖστοι</span> 
     </span>
    </p>
   </div>
   <div class='ocr_carea' id='block_1_46' title="bbox 55 2191 806 2234">
    <p class='ocr_par' dir='ltr' id='par_1_46' title="bbox 55 2191 806 2234">
     <span class='ocr_line' id='line_1_46' title="bbox 55 2191 806 2234; baseline 0.009 -16"><span class='ocrx_word' id='word_1_333' title='bbox 55 2191 92 2218; x_wconf 69' lang='grc' dir='ltr'>ὑπὸ</span> <span class='ocrx_word' id='word_1_334' title='bbox 104 2194 149 2220; x_wconf 77' lang='grc' dir='ltr'>τῶν</span> <span class='ocrx_word' id='word_1_335' title='bbox 162 2196 249 2224; x_wconf 79' lang='grc' dir='ltr'>παθῶν</span> <span class='ocrx_word' id='word_1_336' title='bbox 266 2196 346 2232; x_wconf 79' lang='lat'><strong>175</strong></span> <span class='ocrx_word' id='word_1_337' title='bbox 363 2198 580 2233; x_wconf 71' lang='grc' dir='ltr'>κατελήφθησαν,</span> <span class='ocrx_word' id='word_1_338' title='bbox 602 2198 713 2232; x_wconf 87' lang='grc' dir='ltr'>ἀγνοίας</span> <span class='ocrx_word' id='word_1_339' title='bbox 732 2198 806 2234; x_wconf 71' lang='grc' dir='ltr'>αἰτίᾳ</span> 
     </span>
    </p>
   </div>
   <div class='ocr_carea' id='block_1_47' title="bbox 54 2237 806 2279">
    <p class='ocr_par' dir='ltr' id='par_1_47' title="bbox 54 2237 806 2279">
     <span class='ocr_line' id='line_1_47' title="bbox 54 2237 806 2279; baseline 0.012 -17"><span class='ocrx_word' id='word_1_340' title='bbox 54 2237 97 2263; x_wconf 65' lang='grc' dir='ltr'>καθ’</span> <span class='ocrx_word' id='word_1_341' title='bbox 110 2239 200 2268; x_wconf 66' lang='grc' dir='ltr'>ἑαυτῶν</span> <span class='ocrx_word' id='word_1_342' title='bbox 213 2242 290 2274; x_wconf 83' lang='grc' dir='ltr'>ἰδίαις</span> <span class='ocrx_word' id='word_1_343' title='bbox 305 2243 398 2278; x_wconf 73' lang='grc' dir='ltr'>χερσὶν</span> <span class='ocrx_word' id='word_1_344' title='bbox 412 2243 629 2279; x_wconf 74' lang='grc' dir='ltr'>ἐπισπασάμενοι</span> <span class='ocrx_word' id='word_1_345' title='bbox 642 2243 672 2270; x_wconf 77' lang='grc' dir='ltr'>τὸ</span> <span class='ocrx_word' id='word_1_346' title='bbox 686 2243 732 2270; x_wconf 84' lang='grc' dir='ltr'>τοῦ</span> <span class='ocrx_word' id='word_1_347' title='bbox 748 2244 806 2271; x_wconf 80' lang='grc' dir='ltr'><strong>ὀλέ-</strong></span> 
     </span>
    </p>
   </div>
   <div class='ocr_carea' id='block_1_48' title="bbox 54 2283 804 2326">
    <p class='ocr_par' dir='ltr' id='par_1_48' title="bbox 54 2283 804 2326">
     <span class='ocr_line' id='line_1_48' title="bbox 54 2283 804 2326; baseline 0 -9"><span class='ocrx_word' id='word_1_348' title='bbox 54 2283 100 2317; x_wconf 56' lang='grc' dir='ltr'><strong>θφυ</strong></span> <span class='ocrx_word' id='word_1_349' title='bbox 117 2286 189 2322; x_wconf 72' lang='grc' dir='ltr'>ξίφος.</span> <span class='ocrx_word' id='word_1_350' title='bbox 204 2289 240 2316; x_wconf 82' lang='grc' dir='ltr'><strong>Οὐ</strong></span> <span class='ocrx_word' id='word_1_351' title='bbox 261 2290 316 2326; x_wconf 79' lang='grc' dir='ltr'><strong>γάρ</strong></span> <span class='ocrx_word' id='word_1_352' title='bbox 332 2289 365 2317; x_wconf 84' lang='grc' dir='ltr'><strong>ἃν</strong></span> <span class='ocrx_word' id='word_1_353' title='bbox 387 2291 437 2326; x_wconf 85' lang='grc' dir='ltr'><strong>τὴν</strong></span> <span class='ocrx_word' id='word_1_354' title='bbox 456 2291 517 2318; x_wconf 82' lang='grc' dir='ltr'>καθ’</span> <span class='ocrx_word' id='word_1_355' title='bbox 537 2291 612 2326; x_wconf 84' lang='grc' dir='ltr'>ὑμῶν</span> <span class='ocrx_word' id='word_1_356' title='bbox 632 2291 710 2326; x_wconf 78' lang='grc' dir='ltr'>ἔσχον</span> <span class='ocrx_word' id='word_1_357' title='bbox 727 2290 804 2324; x_wconf 73' lang='grc' dir='ltr'>ἐξου-</span> 
     </span>
    </p>
   </div>
   <div class='ocr_carea' id='block_1_49' title="bbox 55 2330 804 2372">
    <p class='ocr_par' dir='ltr' id='par_1_49' title="bbox 55 2330 804 2372">
     <span class='ocr_line' id='line_1_49' title="bbox 55 2330 804 2372; baseline 0.008 -16"><span class='ocrx_word' id='word_1_358' title='bbox 55 2330 98 2357; x_wconf 80' lang='grc' dir='ltr'>σίαν</span> <span class='ocrx_word' id='word_1_359' title='bbox 112 2333 132 2358; x_wconf 84' lang='grc' dir='ltr'>οἱ</span> <span class='ocrx_word' id='word_1_360' title='bbox 143 2333 267 2369; x_wconf 63' lang='grc' dir='ltr'>δαίμονες,</span> <span class='ocrx_word' id='word_1_361' title='bbox 283 2336 309 2362; x_wconf 83' lang='grc' dir='ltr'><strong>εί</strong></span> <span class='ocrx_word' id='word_1_362' title='bbox 331 2335 370 2372; x_wconf 80' lang='grc' dir='ltr'>μὴ</span> <span class='ocrx_word' id='word_1_363' title='bbox 383 2335 516 2372; x_wconf 79' lang='grc' dir='ltr'>πρότερον</span> <span class='ocrx_word' id='word_1_364' title='bbox 533 2335 573 2371; x_wconf 78' lang='grc' dir='ltr'>τῷ</span> <span class='ocrx_word' id='word_1_365' title='bbox 586 2337 697 2372; x_wconf 85' lang='grc' dir='ltr'>ἄρχοντι</span> <span class='ocrx_word' id='word_1_366' title='bbox 716 2335 804 2362; x_wconf 80' lang='grc' dir='ltr'>αὐτῶν</span> 
     </span>
    </p>
   </div>
   <div class='ocr_carea' id='block_1_50' title="bbox 53 2374 804 2418">
    <p class='ocr_par' dir='ltr' id='par_1_50' title="bbox 53 2374 804 2418">
     <span class='ocr_line' id='line_1_50' title="bbox 53 2374 804 2418; baseline 0.003 -10"><span class='ocrx_word' id='word_1_367' title='bbox 53 2374 169 2408; x_wconf 39' lang='lat' dir='ltr'><strong>Milium</strong></span> <span class='ocrx_word' id='word_1_368' title='bbox 181 2380 335 2414; x_wconf 80' lang='grc' dir='ltr'>ὲγεγόνειτε.</span> <span class='ocrx_word' id='word_1_369' title='bbox 357 2380 435 2408; x_wconf 81' lang='grc' dir='ltr'>Οὕτω</span> <span class='ocrx_word' id='word_1_370' title='bbox 447 2381 501 2417; x_wconf 84' lang='grc' dir='ltr'>γὰρ</span> <span class='ocrx_word' id='word_1_371' title='bbox 520 2381 679 2418; x_wconf 80' lang='grc' dir='ltr'>άπαρχῆς⁹³</span> <span class='ocrx_word' id='word_1_372' title='bbox 691 2381 743 2418; x_wconf 66' lang='grc' dir='ltr'>ῥπὺ</span> <span class='ocrx_word' id='word_1_373' title='bbox 757 2380 804 2408; x_wconf 81' lang='grc' dir='ltr'>τοῦ</span> 
     </span>
    </p>
   </div>
   <div class='ocr_carea' id='block_1_51' title="bbox 56 2420 805 2463">
    <p class='ocr_par' dir='ltr' id='par_1_51' title="bbox 56 2420 805 2463">
     <span class='ocr_line' id='line_1_51' title="bbox 56 2420 805 2463; baseline 0.004 -14"><span class='ocrx_word' id='word_1_374' title='bbox 56 2420 122 2448; x_wconf 48' lang='lat' dir='ltr'><strong>fma</strong></span> <span class='ocrx_word' id='word_1_375' title='bbox 135 2425 265 2458; x_wconf 83' lang='grc' dir='ltr'>κτίσαντος</span> <span class='ocrx_word' id='word_1_376' title='bbox 278 2426 347 2454; x_wconf 84' lang='grc' dir='ltr'>Θεοῦ</span> <span class='ocrx_word' id='word_1_377' title='bbox 360 2427 436 2454; x_wconf 78' lang='grc' dir='ltr'>δυσὶν</span> <span class='ocrx_word' id='word_1_378' title='bbox 445 2426 574 2454; x_wconf 76' lang='grc' dir='ltr'>ἑκάστοτε</span> <span class='ocrx_word' id='word_1_379' title='bbox 591 2427 715 2463; x_wconf 77' lang='grc' dir='ltr'>ἄρχουσι,</span> <span class='ocrx_word' id='word_1_380' title='bbox 726 2424 805 2462; x_wconf 79' lang='grc' dir='ltr'>δεξιῷ</span> 
     </span>
    </p>
   </div>
   <div class='ocr_carea' id='block_1_52' title="bbox 859 252 1647 294">
    <p class='ocr_par' dir='ltr' id='par_1_52' title="bbox 859 252 1647 294">
     <span class='ocr_line' id='line_1_52' title="bbox 859 252 1647 294; baseline -0.006 -7"><span class='ocrx_word' id='word_1_381' title='bbox 859 259 925 287; x_wconf 83' lang='lat' dir='ltr'><strong>serit</strong></span> <span class='ocrx_word' id='word_1_382' title='bbox 944 262 1006 294; x_wconf 88' lang='lat' dir='ltr'><strong>post</strong></span> <span class='ocrx_word' id='word_1_383' title='bbox 1028 256 1095 286; x_wconf 82' lang='lat' dir='ltr'><strong>illud</strong></span> <span class='ocrx_word' id='word_1_384' title='bbox 1115 264 1150 284; x_wconf 78' lang='lat' dir='ltr'><strong>ex</strong></span> <span class='ocrx_word' id='word_1_385' title='bbox 1171 255 1313 284; x_wconf 87' lang='lat' dir='ltr'><strong>immolato</strong></span> <span class='ocrx_word' id='word_1_386' title='bbox 1331 254 1399 282; x_wconf 84' lang='lat' dir='ltr'><strong>bove</strong></span> <span class='ocrx_word' id='word_1_387' title='bbox 1427 252 1596 285; x_wconf 85' lang='lat' dir='ltr'><strong>c0nvivium.</strong></span> <span class='ocrx_word' id='word_1_388' title='bbox 1619 258 1647 282; x_wconf 81' lang='lat' dir='ltr'><strong>et</strong></span> 
     </span>
    </p>
   </div>
   <div class='ocr_carea' id='block_1_53' title="bbox 859 297 1647 342">
    <p class='ocr_par' dir='ltr' id='par_1_53' title="bbox 859 297 1647 342">
     <span class='ocr_line' id='line_1_53' title="bbox 859 297 1647 342; baseline -0.01 -8"><span class='ocrx_word' id='word_1_389' title='bbox 859 305 933 342; x_wconf 91' lang='lat' dir='ltr'><strong>quod</strong></span> <span class='ocrx_word' id='word_1_390' title='bbox 950 312 983 332; x_wconf 81' lang='lat' dir='ltr'><strong>ex</strong></span> <span class='ocrx_word' id='word_1_391' title='bbox 999 303 1108 340; x_wconf 62' lang='lat' dir='ltr'><strong>aegrotis</strong></span> <span class='ocrx_word' id='word_1_392' title='bbox 1122 302 1168 330; x_wconf 89' lang='lat' dir='ltr'><strong>alii</strong></span> <span class='ocrx_word' id='word_1_393' title='bbox 1183 301 1292 337; x_wconf 83' lang='lat' dir='ltr'><strong>quidem</strong></span> <span class='ocrx_word' id='word_1_394' title='bbox 1311 299 1366 328; x_wconf 86' lang='lat' dir='ltr'><strong>illic</strong></span> <span class='ocrx_word' id='word_1_395' title='bbox 1382 298 1453 333; x_wconf 87' lang='lat' dir='ltr'><strong>apud</strong></span> <span class='ocrx_word' id='word_1_396' title='bbox 1467 297 1568 340; x_wconf 74' lang='lat' dir='ltr'><strong>&#39;I‘yrum</strong></span> <span class='ocrx_word' id='word_1_397' title='bbox 1584 306 1647 334; x_wconf 85' lang='lat' dir='ltr'><strong>per-</strong></span> 
     </span>
    </p>
   </div>
   <div class='ocr_carea' id='block_1_54' title="bbox 859 343 1658 384">
    <p class='ocr_par' dir='ltr' id='par_1_54' title="bbox 859 343 1658 384">
     <span class='ocr_line' id='line_1_54' title="bbox 859 343 1658 384; baseline -0.009 -5"><span class='ocrx_word' id='word_1_398' title='bbox 859 351 1027 384; x_wconf 87' lang='lat' dir='ltr'><strong>manserint,</strong></span> <span class='ocrx_word' id='word_1_399' title='bbox 1044 349 1091 377; x_wconf 86' lang='lat' dir='ltr'><strong>alii</strong></span> <span class='ocrx_word' id='word_1_400' title='bbox 1108 355 1173 376; x_wconf 88' lang='lat' dir='ltr'><strong>vero</strong></span> <span class='ocrx_word' id='word_1_401' title='bbox 1188 346 1271 375; x_wconf 88' lang='lat' dir='ltr'><strong>simul</strong></span> <span class='ocrx_word' id='word_1_402' title='bbox 1286 354 1318 374; x_wconf 86' lang='lat' dir='ltr'><strong>ac</strong></span> <span class='ocrx_word' id='word_1_403' title='bbox 1332 353 1382 381; x_wconf 82' lang='lat' dir='ltr'><strong>ego</strong></span> <span class='ocrx_word' id='word_1_404' title='bbox 1396 343 1458 372; x_wconf 84' lang='lat' dir='ltr'><strong>veni</strong></span> <span class='ocrx_word' id='word_1_405' title='bbox 1475 343 1578 378; x_wconf 79' lang='lat' dir='ltr'><strong>egressi</strong></span> <span class='ocrx_word' id='word_1_406' title='bbox 1592 343 1658 372; x_wconf 83' lang='lat' dir='ltr'><strong>sint-</strong></span> 
     </span>
    </p>
   </div>
   <div class='ocr_carea' id='block_1_55' title="bbox 861 388 1647 426">
    <p class='ocr_par' dir='ltr' id='par_1_55' title="bbox 861 388 1647 426">
     <span class='ocr_line' id='line_1_55' title="bbox 861 388 1647 426; baseline -0.01 -2"><span class='ocrx_word' id='word_1_407' title='bbox 861 404 921 425; x_wconf 89' lang='lat' dir='ltr'><strong>eum</strong></span> <span class='ocrx_word' id='word_1_408' title='bbox 944 395 1055 423; x_wconf 84' lang='lat' dir='ltr'><strong>Simone</strong></span> <span class='ocrx_word' id='word_1_409' title='bbox 1068 395 1097 422; x_wconf 88' lang='lat' dir='ltr'><strong>in</strong></span> <span class='ocrx_word' id='word_1_410' title='bbox 1119 393 1259 425; x_wconf 85' lang='lat' dir='ltr'><strong>Sidonem,</strong></span> <span class='ocrx_word' id='word_1_411' title='bbox 1281 395 1411 426; x_wconf 81' lang='lat' dir='ltr'><strong>tanquam</strong></span> <span class='ocrx_word' id='word_1_412' title='bbox 1427 389 1461 417; x_wconf 90' lang='lat' dir='ltr'><strong>ab</strong></span> <span class='ocrx_word' id='word_1_413' title='bbox 1475 396 1508 416; x_wconf 88' lang='lat' dir='ltr'><strong>eo</strong></span> <span class='ocrx_word' id='word_1_414' title='bbox 1520 388 1647 422; x_wconf 84' lang='lat' dir='ltr'><strong>sanandi,</strong></span> 
     </span>
    </p>
   </div>
   <div class='ocr_carea' id='block_1_56' title="bbox 860 435 1646 479">
    <p class='ocr_par' dir='ltr' id='par_1_56' title="bbox 860 435 1646 479">
     <span class='ocr_line' id='line_1_56' title="bbox 860 435 1646 479; baseline -0.014 -8"><span class='ocrx_word' id='word_1_415' title='bbox 860 443 987 479; x_wconf 85' lang='lat' dir='ltr'><strong>quodque</strong></span> <span class='ocrx_word' id='word_1_416' title='bbox 1004 441 1136 469; x_wconf 86' lang='lat' dir='ltr'><strong>audierim</strong></span> <span class='ocrx_word' id='word_1_417' title='bbox 1159 439 1264 467; x_wconf 90' lang='lat' dir='ltr'><strong>nullum</strong></span> <span class='ocrx_word' id='word_1_418' title='bbox 1282 444 1374 465; x_wconf 90' lang='lat' dir='ltr'><strong>eorum</strong></span> <span class='ocrx_word' id='word_1_419' title='bbox 1388 436 1423 463; x_wconf 87' lang='lat' dir='ltr'><strong>ab</strong></span> <span class='ocrx_word' id='word_1_420' title='bbox 1442 435 1502 470; x_wconf 89' lang='lat' dir='ltr'><strong>ipso</strong></span> <span class='ocrx_word' id='word_1_421' title='bbox 1521 438 1646 462; x_wconf 84' lang='lat' dir='ltr'><strong>sanatum</strong></span> 
     </span>
    </p>
   </div>
   <div class='ocr_carea' id='block_1_57' title="bbox 861 480 1647 523">
    <p class='ocr_par' dir='ltr' id='par_1_57' title="bbox 861 480 1647 523">
     <span class='ocr_line' id='line_1_57' title="bbox 861 480 1647 523; baseline -0.015 -5"><span class='ocrx_word' id='word_1_422' title='bbox 861 489 958 523; x_wconf 75' lang='lat' dir='ltr'><strong>fuisse;</strong></span> <span class='ocrx_word' id='word_1_423' title='bbox 980 487 1028 516; x_wconf 84' lang='lat' dir='ltr'><strong>sed</strong></span> <span class='ocrx_word' id='word_1_424' title='bbox 1052 491 1079 514; x_wconf 85' lang='lat' dir='ltr'><strong>et</strong></span> <span class='ocrx_word' id='word_1_425' title='bbox 1106 493 1196 514; x_wconf 86' lang='lat' dir='ltr'><strong>meam</strong></span> <span class='ocrx_word' id='word_1_426' title='bbox 1220 484 1352 512; x_wconf 86' lang='lat' dir='ltr'><strong>adversus</strong></span> <span class='ocrx_word' id='word_1_427' title='bbox 1375 482 1528 518; x_wconf 85' lang='lat' dir='ltr'><strong>Appionem</strong></span> <span class='ocrx_word' id='word_1_428' title='bbox 1551 480 1647 514; x_wconf 86' lang='lat' dir='ltr'><strong>dispu-</strong></span> 
     </span>
    </p>
   </div>
   <div class='ocr_carea' id='block_1_58' title="bbox 862 526 1647 566">
    <p class='ocr_par' dir='ltr' id='par_1_58' title="bbox 862 526 1647 566">
     <span class='ocr_line' id='line_1_58' title="bbox 862 526 1647 566; baseline -0.014 -2"><span class='ocrx_word' id='word_1_429' title='bbox 862 535 990 564; x_wconf 87' lang='lat' dir='ltr'><strong>tationem</strong></span> <span class='ocrx_word' id='word_1_430' title='bbox 1010 533 1091 561; x_wconf 88' lang='lat' dir='ltr'><strong>Petro</strong></span> <span class='ocrx_word' id='word_1_431' title='bbox 1104 532 1196 560; x_wconf 86' lang='lat' dir='ltr'><strong>retuli.</strong></span> <span class='ocrx_word' id='word_1_432' title='bbox 1208 532 1243 558; x_wconf 83' lang='lat' dir='ltr'><strong>At</strong></span> <span class='ocrx_word' id='word_1_433' title='bbox 1257 531 1303 558; x_wconf 91' lang='lat' dir='ltr'><strong>ille</strong></span> <span class='ocrx_word' id='word_1_434' title='bbox 1318 537 1374 566; x_wconf 83' lang='lat' dir='ltr'><strong>prae</strong></span> <span class='ocrx_word' id='word_1_435' title='bbox 1395 536 1488 557; x_wconf 87' lang='lat' dir='ltr'><strong>amore</strong></span> <span class='ocrx_word' id='word_1_436' title='bbox 1500 532 1527 555; x_wconf 90' lang='lat' dir='ltr'><strong>et</strong></span> <span class='ocrx_word' id='word_1_437' title='bbox 1544 526 1647 554; x_wconf 66' lang='lat' dir='ltr'><strong>exhor-</strong></span> 
     </span>
    </p>
   </div>
   <div class='ocr_carea' id='block_1_59' title="bbox 861 574 1647 618">
    <p class='ocr_par' dir='ltr' id='par_1_59' title="bbox 861 574 1647 618">
     <span class='ocr_line' id='line_1_59' title="bbox 861 574 1647 618; baseline -0.013 -8"><span class='ocrx_word' id='word_1_438' title='bbox 861 582 936 610; x_wconf 86' lang='lat' dir='ltr'><strong>tandi</strong></span> <span class='ocrx_word' id='word_1_439' title='bbox 951 581 1036 618; x_wconf 75' lang='lat' dir='ltr'><strong>gratia</strong></span> <span class='ocrx_word' id='word_1_440' title='bbox 1055 581 1084 608; x_wconf 87' lang='lat' dir='ltr'><strong>in</strong></span> <span class='ocrx_word' id='word_1_441' title='bbox 1099 588 1144 608; x_wconf 85' lang='lat' dir='ltr'><strong>me</strong></span> <span class='ocrx_word' id='word_1_442' title='bbox 1162 579 1270 607; x_wconf 88' lang='lat' dir='ltr'><strong>laudem</strong></span> <span class='ocrx_word' id='word_1_443' title='bbox 1287 585 1319 605; x_wconf 82' lang='lat' dir='ltr'><strong>ac</strong></span> <span class='ocrx_word' id='word_1_444' title='bbox 1341 574 1558 604; x_wconf 77' lang='lat' dir='ltr'><strong>benedictionem</strong></span> <span class='ocrx_word' id='word_1_445' title='bbox 1580 581 1647 601; x_wconf 80' lang='lat' dir='ltr'><strong>cou-</strong></span> 
     </span>
    </p>
   </div>
   <div class='ocr_carea' id='block_1_60' title="bbox 862 619 1646 662">
    <p class='ocr_par' dir='ltr' id='par_1_60' title="bbox 862 619 1646 662">
     <span class='ocr_line' id='line_1_60' title="bbox 862 619 1646 662; baseline -0.014 -5"><span class='ocrx_word' id='word_1_446' title='bbox 862 629 938 662; x_wconf 90' lang='lat' dir='ltr'><strong>tulit;</strong></span> <span class='ocrx_word' id='word_1_447' title='bbox 956 632 983 656; x_wconf 87' lang='lat' dir='ltr'><strong>et</strong></span> <span class='ocrx_word' id='word_1_448' title='bbox 1003 627 1065 655; x_wconf 92' lang='lat' dir='ltr'><strong>cibo</strong></span> <span class='ocrx_word' id='word_1_449' title='bbox 1081 629 1191 661; x_wconf 89' lang='lat' dir='ltr'><strong>sumpto</strong></span> <span class='ocrx_word' id='word_1_450' title='bbox 1205 632 1235 652; x_wconf 87' lang='lat' dir='ltr'><strong>se</strong></span> <span class='ocrx_word' id='word_1_451' title='bbox 1248 622 1338 652; x_wconf 88' lang='lat' dir='ltr'><strong>somni</strong></span> <span class='ocrx_word' id='word_1_452' title='bbox 1353 621 1450 658; x_wconf 84' lang='lat' dir='ltr'><strong>quieti,</strong></span> <span class='ocrx_word' id='word_1_453' title='bbox 1463 629 1524 656; x_wconf 73' lang='lat' dir='ltr'><strong>quze</strong></span> <span class='ocrx_word' id='word_1_454' title='bbox 1545 620 1582 647; x_wconf 91' lang='lat' dir='ltr'><strong>ob</strong></span> <span class='ocrx_word' id='word_1_455' title='bbox 1599 619 1646 647; x_wconf 84' lang='lat' dir='ltr'><strong>iti-</strong></span> 
     </span>
    </p>
   </div>
   <div class='ocr_carea' id='block_1_61' title="bbox 862 667 1646 710">
    <p class='ocr_par' dir='ltr' id='par_1_61' title="bbox 862 667 1646 710">
     <span class='ocr_line' id='line_1_61' title="bbox 862 667 1646 710; baseline -0.013 -7"><span class='ocrx_word' id='word_1_456' title='bbox 862 673 1154 710; x_wconf 67' lang='lat' dir='ltr'><strong>nerisxfatigationem</strong></span> <span class='ocrx_word' id='word_1_457' title='bbox 1174 671 1294 700; x_wconf 76' lang='lat' dir='ltr'><strong>maxime</strong></span> <span class='ocrx_word' id='word_1_458' title='bbox 1318 674 1377 697; x_wconf 87' lang='lat' dir='ltr'><strong>erat</strong></span> <span class='ocrx_word' id='word_1_459' title='bbox 1398 667 1566 700; x_wconf 82' lang='lat' dir='ltr'><strong>necessaria,</strong></span> <span class='ocrx_word' id='word_1_460' title='bbox 1589 670 1646 694; x_wconf 77' lang='lat' dir='ltr'><strong>tra-</strong></span> 
     </span>
    </p>
   </div>
   <div class='ocr_carea' id='block_1_62' title="bbox 862 720 940 749">
    <p class='ocr_par' dir='ltr' id='par_1_62' title="bbox 862 720 940 749">
     <span class='ocr_line' id='line_1_62' title="bbox 862 720 940 749; baseline 0 -1"><span class='ocrx_word' id='word_1_461' title='bbox 862 720 940 749; x_wconf 89' lang='lat' dir='ltr'><strong>didit.</strong></span> 
     </span>
    </p>
   </div>
   <div class='ocr_carea' id='block_1_63' title="bbox 1236 799 1274 806">
    <p class='ocr_par' dir='ltr' id='par_1_63' title="bbox 1236 799 1274 806">
     <span class='ocr_line' id='line_1_63' title="bbox 1236 799 1274 806; baseline -0.053 0"><span class='ocrx_word' id='word_1_462' title='bbox 1236 799 1274 806; x_wconf 80' lang='grc'><strong>..-</strong></span> 
     </span>
    </p>
   </div>
   <div class='ocr_carea' id='block_1_64' title="bbox 1144 863 1363 893">
    <p class='ocr_par' dir='ltr' id='par_1_64' title="bbox 1144 863 1363 893">
     <span class='ocr_line' id='line_1_64' title="bbox 1144 863 1363 893; baseline 0.005 -1"><span class='ocrx_word' id='word_1_463' title='bbox 1144 864 1287 892; x_wconf 83' lang='lat' dir='ltr'><strong>HOMILIA</strong></span> <span class='ocrx_word' id='word_1_464' title='bbox 1307 863 1363 893; x_wconf 77' lang='lat' dir='ltr'>VII.</span> 
     </span>
    </p>
   </div>
   <div class='ocr_carea' id='block_1_65' title="bbox 887 909 1646 946">
    <p class='ocr_par' dir='ltr' id='par_1_65' title="bbox 887 909 1646 946">
     <span class='ocr_line' id='line_1_65' title="bbox 887 909 1646 946; baseline -0.009 -5"><span class='ocrx_word' id='word_1_465' title='bbox 887 916 910 944; x_wconf 82' lang='grc' dir='ltr'><strong>Ι.</strong></span> <span class='ocrx_word' id='word_1_466' title='bbox 940 910 1044 946; x_wconf 70' lang='lat' dir='ltr'><strong>Quarto</strong></span> <span class='ocrx_word' id='word_1_467' title='bbox 1061 919 1126 940; x_wconf 89' lang='lat' dir='ltr'><strong>vero</strong></span> <span class='ocrx_word' id='word_1_468' title='bbox 1139 912 1182 940; x_wconf 90' lang='lat' dir='ltr'><strong>die</strong></span> <span class='ocrx_word' id='word_1_469' title='bbox 1201 912 1287 939; x_wconf 82' lang='lat' dir='ltr'><strong>nOstri</strong></span> <span class='ocrx_word' id='word_1_470' title='bbox 1301 911 1374 946; x_wconf 87' lang='lat' dir='ltr'><strong>apud</strong></span> <span class='ocrx_word' id='word_1_471' title='bbox 1396 910 1498 946; x_wconf 85' lang='lat' dir='ltr'><strong>Tyrum</strong></span> <span class='ocrx_word' id='word_1_472' title='bbox 1512 909 1646 937; x_wconf 81' lang='lat' dir='ltr'><strong>adventus</strong></span> 
     </span>
    </p>
   </div>
   <div class='ocr_carea' id='block_1_66' title="bbox 863 954 1646 994">
    <p class='ocr_par' dir='ltr' id='par_1_66' title="bbox 863 954 1646 994">
     <span class='ocr_line' id='line_1_66' title="bbox 863 954 1646 994; baseline -0.009 -7"><span class='ocrx_word' id='word_1_473' title='bbox 863 960 913 988; x_wconf 86' lang='lat' dir='ltr'><strong>sub</strong></span> <span class='ocrx_word' id='word_1_474' title='bbox 930 959 1080 988; x_wconf 88' lang='lat' dir='ltr'><strong>diluculum</strong></span> <span class='ocrx_word' id='word_1_475' title='bbox 1096 966 1208 994; x_wconf 78' lang='lat' dir='ltr'><strong>egresso</strong></span> <span class='ocrx_word' id='word_1_476' title='bbox 1231 957 1313 985; x_wconf 88' lang='lat' dir='ltr'><strong>Petro</strong></span> <span class='ocrx_word' id='word_1_477' title='bbox 1327 959 1522 992; x_wconf 81' lang='lat' dir='ltr'><strong>processerunt</strong></span> <span class='ocrx_word' id='word_1_478' title='bbox 1536 954 1646 982; x_wconf 82' lang='lat' dir='ltr'><strong>obviam</strong></span> 
     </span>
    </p>
   </div>
   <div class='ocr_carea' id='block_1_67' title="bbox 861 1000 1644 1041">
    <p class='ocr_par' dir='ltr' id='par_1_67' title="bbox 861 1000 1644 1041">
     <span class='ocr_line' id='line_1_67' title="bbox 861 1000 1644 1041; baseline -0.01 -7"><span class='ocrx_word' id='word_1_479' title='bbox 861 1013 917 1034; x_wconf 86' lang='lat' dir='ltr'><strong>non</strong></span> <span class='ocrx_word' id='word_1_480' title='bbox 931 1005 1010 1041; x_wconf 85' lang='lat' dir='ltr'><strong>pauci</strong></span> <span class='ocrx_word' id='word_1_481' title='bbox 1033 1005 1151 1038; x_wconf 81' lang='lat' dir='ltr'><strong>ﬁnitimi,</strong></span> <span class='ocrx_word' id='word_1_482' title='bbox 1164 1012 1196 1032; x_wconf 89' lang='lat' dir='ltr'><strong>ac</strong></span> <span class='ocrx_word' id='word_1_483' title='bbox 1211 1012 1244 1031; x_wconf 88' lang='lat' dir='ltr'><strong>ex</strong></span> <span class='ocrx_word' id='word_1_484' title='bbox 1267 1004 1325 1039; x_wconf 89' lang='lat' dir='ltr'><strong>ipsa</strong></span> <span class='ocrx_word' id='word_1_485' title='bbox 1340 1003 1412 1039; x_wconf 85' lang='lat' dir='ltr'><strong>Tyro</strong></span> <span class='ocrx_word' id='word_1_486' title='bbox 1437 1000 1644 1037; x_wconf 77' lang='lat' dir='ltr'><strong>quamplurimi,</strong></span> 
     </span>
    </p>
   </div>
   <div class='ocr_carea' id='block_1_68' title="bbox 860 1047 1645 1085">
    <p class='ocr_par' dir='ltr' id='par_1_68' title="bbox 860 1047 1645 1085">
     <span class='ocr_line' id='line_1_68' title="bbox 860 1047 1645 1085; baseline -0.008 -5"><span class='ocrx_word' id='word_1_487' title='bbox 860 1057 888 1081; x_wconf 87' lang='lat' dir='ltr'><strong>et</strong></span> <span class='ocrx_word' id='word_1_488' title='bbox 903 1052 1090 1080; x_wconf 84' lang='lat' dir='ltr'><strong>acclamabant</strong></span> <span class='ocrx_word' id='word_1_489' title='bbox 1107 1052 1229 1079; x_wconf 81' lang='lat' dir='ltr'><strong>dicentes</strong></span> <span class='ocrx_word' id='word_1_490' title='bbox 1245 1061 1251 1079; x_wconf 92' lang='lat'><strong>:</strong></span> <span class='ocrx_word' id='word_1_491' title='bbox 1273 1051 1346 1079; x_wconf 85' lang='lat' dir='ltr'><strong>Deus</strong></span> <span class='ocrx_word' id='word_1_492' title='bbox 1357 1058 1404 1085; x_wconf 92' lang='lat' dir='ltr'><strong>per</strong></span> <span class='ocrx_word' id='word_1_493' title='bbox 1418 1054 1443 1076; x_wconf 87' lang='lat' dir='ltr'><strong>te</strong></span> <span class='ocrx_word' id='word_1_494' title='bbox 1458 1048 1544 1076; x_wconf 86' lang='lat' dir='ltr'><strong>nostri</strong></span> <span class='ocrx_word' id='word_1_495' title='bbox 1560 1047 1645 1075; x_wconf 84' lang='lat' dir='ltr'><strong>mise-</strong></span> 
     </span>
    </p>
   </div>
   <div class='ocr_carea' id='block_1_69' title="bbox 862 1095 1645 1134">
    <p class='ocr_par' dir='ltr' id='par_1_69' title="bbox 862 1095 1645 1134">
     <span class='ocr_line' id='line_1_69' title="bbox 862 1095 1645 1134; baseline -0.008 -7"><span class='ocrx_word' id='word_1_496' title='bbox 862 1104 964 1132; x_wconf 80' lang='lat' dir='ltr'><strong>reatur,</strong></span> <span class='ocrx_word' id='word_1_497' title='bbox 977 1106 1024 1134; x_wconf 88' lang='lat' dir='ltr'><strong>per</strong></span> <span class='ocrx_word' id='word_1_498' title='bbox 1044 1103 1071 1126; x_wconf 90' lang='lat' dir='ltr'><strong>te</strong></span> <span class='ocrx_word' id='word_1_499' title='bbox 1084 1106 1134 1126; x_wconf 81' lang='lat' dir='ltr'><strong>nas</strong></span> <span class='ocrx_word' id='word_1_500' title='bbox 1147 1102 1234 1126; x_wconf 89' lang='lat' dir='ltr'><strong>curet.</strong></span> <span class='ocrx_word' id='word_1_501' title='bbox 1259 1097 1356 1125; x_wconf 75' lang='lat' dir='ltr'><strong>Petrus</strong></span> <span class='ocrx_word' id='word_1_502' title='bbox 1373 1096 1527 1134; x_wconf 53' lang='lat' dir='ltr'><strong>vcr0.slelit</strong></span> <span class='ocrx_word' id='word_1_503' title='bbox 1552 1095 1579 1122; x_wconf 91' lang='lat' dir='ltr'><strong>in</strong></span> <span class='ocrx_word' id='word_1_504' title='bbox 1595 1102 1645 1122; x_wconf 77' lang='lat' dir='ltr'><strong>ex-</strong></span> 
     </span>
    </p>
   </div>
   <div class='ocr_carea' id='block_1_70' title="bbox 861 1141 1645 1180">
    <p class='ocr_par' dir='ltr' id='par_1_70' title="bbox 861 1141 1645 1180">
     <span class='ocr_line' id='line_1_70' title="bbox 861 1141 1645 1180; baseline -0.006 -7"><span class='ocrx_word' id='word_1_505' title='bbox 861 1145 935 1174; x_wconf 85' lang='lat' dir='ltr'><strong>celso</strong></span> <span class='ocrx_word' id='word_1_506' title='bbox 949 1145 1048 1180; x_wconf 88' lang='lat' dir='ltr'><strong>lapide,</strong></span> <span class='ocrx_word' id='word_1_507' title='bbox 1067 1148 1096 1172; x_wconf 91' lang='lat' dir='ltr'><strong>ut</strong></span> <span class='ocrx_word' id='word_1_508' title='bbox 1111 1145 1145 1172; x_wconf 88' lang='lat' dir='ltr'><strong>ab</strong></span> <span class='ocrx_word' id='word_1_509' title='bbox 1160 1144 1288 1171; x_wconf 90' lang='lat' dir='ltr'><strong>omnibus</strong></span> <span class='ocrx_word' id='word_1_510' title='bbox 1307 1148 1398 1178; x_wconf 88' lang='lat' dir='ltr'><strong>posset</strong></span> <span class='ocrx_word' id='word_1_511' title='bbox 1417 1141 1549 1176; x_wconf 84' lang='lat' dir='ltr'><strong>conspici,</strong></span> <span class='ocrx_word' id='word_1_512' title='bbox 1567 1147 1645 1168; x_wconf 87' lang='lat' dir='ltr'><strong>cum-</strong></span> 
     </span>
    </p>
   </div>
   <div class='ocr_carea' id='block_1_71' title="bbox 861 1191 1570 1228">
    <p class='ocr_par' dir='ltr' id='par_1_71' title="bbox 861 1191 1570 1228">
     <span class='ocr_line' id='line_1_71' title="bbox 861 1191 1570 1228; baseline -0.008 -8"><span class='ocrx_word' id='word_1_513' title='bbox 861 1200 914 1228; x_wconf 64' lang='lat' dir='ltr'><strong>que</strong></span> <span class='ocrx_word' id='word_1_514' title='bbox 927 1193 1055 1228; x_wconf 80' lang='lat' dir='ltr'><strong>religioso</strong></span> <span class='ocrx_word' id='word_1_515' title='bbox 1067 1199 1143 1220; x_wconf 88' lang='lat' dir='ltr'><strong>more</strong></span> <span class='ocrx_word' id='word_1_516' title='bbox 1157 1192 1304 1220; x_wconf 87' lang='lat' dir='ltr'><strong>salutasset</strong></span> <span class='ocrx_word' id='word_1_517' title='bbox 1330 1191 1367 1218; x_wconf 80' lang='lat' dir='ltr'><strong>ita</strong></span> <span class='ocrx_word' id='word_1_518' title='bbox 1385 1196 1500 1217; x_wconf 74' lang='lat' dir='ltr'><strong>exorsus</strong></span> <span class='ocrx_word' id='word_1_519' title='bbox 1513 1191 1570 1216; x_wconf 86' lang='lat' dir='ltr'><strong>est:</strong></span> 
     </span>
    </p>
   </div>
   <div class='ocr_carea' id='block_1_72' title="bbox 895 1275 1644 1308">
    <p class='ocr_par' dir='ltr' id='par_1_72' title="bbox 895 1275 1644 1308">
     <span class='ocr_line' id='line_1_72' title="bbox 895 1275 1644 1308; baseline -0.007 -1"><span class='ocrx_word' id='word_1_520' title='bbox 895 1279 928 1308; x_wconf 85' lang='lat' dir='ltr'><strong>ll.</strong></span> <span class='ocrx_word' id='word_1_521' title='bbox 952 1280 1006 1308; x_wconf 90' lang='lat' dir='ltr'><strong>Deo</strong></span> <span class='ocrx_word' id='word_1_522' title='bbox 1019 1279 1134 1307; x_wconf 86' lang='lat' dir='ltr'><strong>creatori</strong></span> <span class='ocrx_word' id='word_1_523' title='bbox 1147 1278 1208 1306; x_wconf 73' lang='lat' dir='ltr'><strong>cmli</strong></span> <span class='ocrx_word' id='word_1_524' title='bbox 1223 1282 1250 1306; x_wconf 89' lang='lat' dir='ltr'><strong>et</strong></span> <span class='ocrx_word' id='word_1_525' title='bbox 1263 1277 1358 1305; x_wconf 91' lang='lat' dir='ltr'><strong>mundi</strong></span> <span class='ocrx_word' id='word_1_526' title='bbox 1377 1285 1430 1304; x_wconf 90' lang='lat' dir='ltr'><strong>non</strong></span> <span class='ocrx_word' id='word_1_527' title='bbox 1446 1276 1522 1304; x_wconf 87' lang='lat' dir='ltr'><strong>deest</strong></span> <span class='ocrx_word' id='word_1_528' title='bbox 1536 1275 1644 1303; x_wconf 85' lang='lat' dir='ltr'><strong>occasio</strong></span> 
     </span>
    </p>
   </div>
   <div class='ocr_carea' id='block_1_73' title="bbox 860 1321 1645 1359">
    <p class='ocr_par' dir='ltr' id='par_1_73' title="bbox 860 1321 1645 1359">
     <span class='ocr_line' id='line_1_73' title="bbox 860 1321 1645 1359; baseline -0.009 -4"><span class='ocrx_word' id='word_1_529' title='bbox 860 1327 895 1355; x_wconf 77' lang='lat' dir='ltr'><strong>ad</strong></span> <span class='ocrx_word' id='word_1_530' title='bbox 916 1326 1032 1354; x_wconf 85' lang='lat' dir='ltr'><strong>salutem</strong></span> <span class='ocrx_word' id='word_1_531' title='bbox 1060 1333 1156 1353; x_wconf 89' lang='lat' dir='ltr'><strong>eorum</strong></span> <span class='ocrx_word' id='word_1_532' title='bbox 1179 1325 1226 1359; x_wconf 88' lang='lat' dir='ltr'><strong>qui</strong></span> <span class='ocrx_word' id='word_1_533' title='bbox 1253 1323 1356 1351; x_wconf 81' lang='lat' dir='ltr'><strong>servari</strong></span> <span class='ocrx_word' id='word_1_534' title='bbox 1379 1323 1481 1350; x_wconf 87' lang='lat' dir='ltr'><strong>volunt.</strong></span> <span class='ocrx_word' id='word_1_535' title='bbox 1509 1321 1645 1355; x_wconf 83' lang='lat' dir='ltr'><strong>Quocirca</strong></span> 
     </span>
    </p>
   </div>
   <div class='ocr_carea' id='block_1_74' title="bbox 861 1370 1646 1409">
    <p class='ocr_par' dir='ltr' id='par_1_74' title="bbox 861 1370 1646 1409">
     <span class='ocr_line' id='line_1_74' title="bbox 861 1370 1646 1409; baseline -0.008 -8"><span class='ocrx_word' id='word_1_536' title='bbox 861 1381 950 1409; x_wconf 83' lang='lat' dir='ltr'><strong>neque</strong></span> <span class='ocrx_word' id='word_1_537' title='bbox 961 1373 988 1400; x_wconf 93' lang='lat' dir='ltr'><strong>in</strong></span> <span class='ocrx_word' id='word_1_538' title='bbox 1003 1373 1047 1405; x_wconf 89' lang='lat' dir='ltr'><strong>iis,</strong></span> <span class='ocrx_word' id='word_1_539' title='bbox 1064 1379 1126 1407; x_wconf 65' lang='lat' dir='ltr'><strong>quae</strong></span> <span class='ocrx_word' id='word_1_540' title='bbox 1143 1371 1268 1399; x_wconf 89' lang='lat' dir='ltr'><strong>videntur</strong></span> <span class='ocrx_word' id='word_1_541' title='bbox 1283 1371 1364 1403; x_wconf 86' lang='lat' dir='ltr'><strong>mala,</strong></span> <span class='ocrx_word' id='word_1_542' title='bbox 1381 1370 1479 1405; x_wconf 84' lang='lat' dir='ltr'><strong>aliquis</strong></span> <span class='ocrx_word' id='word_1_543' title='bbox 1492 1377 1540 1404; x_wconf 91' lang='lat' dir='ltr'><strong>per</strong></span> <span class='ocrx_word' id='word_1_544' title='bbox 1558 1373 1646 1396; x_wconf 79' lang='lat' dir='ltr'><strong>teme-</strong></span> 
     </span>
    </p>
   </div>
   <div class='ocr_carea' id='block_1_75' title="bbox 859 1415 1644 1455">
    <p class='ocr_par' dir='ltr' id='par_1_75' title="bbox 859 1415 1644 1455">
     <span class='ocr_line' id='line_1_75' title="bbox 859 1415 1644 1455; baseline -0.004 -9"><span class='ocrx_word' id='word_1_545' title='bbox 859 1419 966 1446; x_wconf 87' lang='lat' dir='ltr'><strong>ritatem</strong></span> <span class='ocrx_word' id='word_1_546' title='bbox 976 1418 1131 1446; x_wconf 84' lang='lat' dir='ltr'><strong>illumvelut</strong></span> <span class='ocrx_word' id='word_1_547' title='bbox 1139 1417 1279 1455; x_wconf 69' lang='lat' dir='ltr'><strong>hominum</strong></span> <span class='ocrx_word' id='word_1_548' title='bbox 1287 1424 1340 1443; x_wconf 93' lang='lat' dir='ltr'><strong>non</strong></span> <span class='ocrx_word' id='word_1_549' title='bbox 1349 1420 1483 1443; x_wconf 88' lang='lat' dir='ltr'><strong>amantem</strong></span> <span class='ocrx_word' id='word_1_550' title='bbox 1496 1415 1644 1443; x_wconf 86' lang='lat' dir='ltr'><strong>insimulet.</strong></span> 
     </span>
    </p>
   </div>
   <div class='ocr_carea' id='block_1_76' title="bbox 860 1458 1645 1499">
    <p class='ocr_par' dir='ltr' id='par_1_76' title="bbox 860 1458 1645 1499">
     <span class='ocr_line' id='line_1_76' title="bbox 860 1458 1645 1499; baseline -0.008 -7"><span class='ocrx_word' id='word_1_551' title='bbox 860 1464 961 1492; x_wconf 86' lang='lat' dir='ltr'><strong>Eorum</strong></span> <span class='ocrx_word' id='word_1_552' title='bbox 984 1464 1068 1496; x_wconf 89' lang='lat' dir='ltr'><strong>enim,</strong></span> <span class='ocrx_word' id='word_1_553' title='bbox 1091 1471 1152 1499; x_wconf 63' lang='lat' dir='ltr'><strong>quae</strong></span> <span class='ocrx_word' id='word_1_554' title='bbox 1166 1463 1273 1491; x_wconf 89' lang='lat' dir='ltr'><strong>mortali</strong></span> <span class='ocrx_word' id='word_1_555' title='bbox 1297 1462 1434 1493; x_wconf 83' lang='lat' dir='ltr'><strong>accidunt,</strong></span> <span class='ocrx_word' id='word_1_556' title='bbox 1451 1458 1520 1488; x_wconf 88' lang='lat' dir='ltr'><strong>Iines</strong></span> <span class='ocrx_word' id='word_1_557' title='bbox 1535 1461 1645 1496; x_wconf 88' lang='lat' dir='ltr'><strong>quidem</strong></span> 
     </span>
    </p>
   </div>
   <div class='ocr_carea' id='block_1_77' title="bbox 860 1507 1643 1545">
    <p class='ocr_par' dir='ltr' id='par_1_77' title="bbox 860 1507 1643 1545">
     <span class='ocr_line' id='line_1_77' title="bbox 860 1507 1643 1545; baseline -0.006 -7"><span class='ocrx_word' id='word_1_558' title='bbox 860 1510 1017 1538; x_wconf 83' lang='lat' dir='ltr'><strong>hominibus</strong></span> <span class='ocrx_word' id='word_1_559' title='bbox 1036 1510 1167 1545; x_wconf 82' lang='lat' dir='ltr'><strong>incogniti</strong></span> <span class='ocrx_word' id='word_1_560' title='bbox 1189 1514 1263 1542; x_wconf 87' lang='lat' dir='ltr'><strong>sunt,</strong></span> <span class='ocrx_word' id='word_1_561' title='bbox 1285 1516 1317 1536; x_wconf 91' lang='lat' dir='ltr'><strong>ac</strong></span> <span class='ocrx_word' id='word_1_562' title='bbox 1335 1509 1369 1535; x_wconf 89' lang='lat' dir='ltr'><strong>de</strong></span> <span class='ocrx_word' id='word_1_563' title='bbox 1385 1508 1487 1535; x_wconf 83' lang='lat' dir='ltr'><strong>malitia</strong></span> <span class='ocrx_word' id='word_1_564' title='bbox 1511 1507 1643 1542; x_wconf 82' lang='lat' dir='ltr'><strong>suspecti,</strong></span> 
     </span>
    </p>
   </div>
   <div class='ocr_carea' id='block_1_78' title="bbox 861 1554 1645 1591">
    <p class='ocr_par' dir='ltr' id='par_1_78' title="bbox 861 1554 1645 1591">
     <span class='ocr_line' id='line_1_78' title="bbox 861 1554 1645 1591; baseline -0.004 -8"><span class='ocrx_word' id='word_1_565' title='bbox 861 1557 917 1585; x_wconf 84' lang='lat' dir='ltr'><strong>Deo</strong></span> <span class='ocrx_word' id='word_1_566' title='bbox 932 1561 1022 1585; x_wconf 86' lang='lat' dir='ltr'><strong>autem</strong></span> <span class='ocrx_word' id='word_1_567' title='bbox 1045 1557 1155 1591; x_wconf 80' lang='lat' dir='ltr'><strong>cogniti,</strong></span> <span class='ocrx_word' id='word_1_568' title='bbox 1171 1561 1201 1584; x_wconf 86' lang='lat' dir='ltr'><strong>ut</strong></span> <span class='ocrx_word' id='word_1_569' title='bbox 1215 1556 1319 1584; x_wconf 81' lang='lat' dir='ltr'><strong>cessuri</strong></span> <span class='ocrx_word' id='word_1_570' title='bbox 1341 1555 1465 1582; x_wconf 78' lang='lat' dir='ltr'><strong>feliciter.</strong></span> <span class='ocrx_word' id='word_1_571' title='bbox 1486 1554 1579 1589; x_wconf 87' lang='lat' dir='ltr'><strong>Itaque</strong></span> <span class='ocrx_word' id='word_1_572' title='bbox 1601 1554 1645 1581; x_wconf 84' lang='lat' dir='ltr'><strong>Si-</strong></span> 
     </span>
    </p>
   </div>
   <div class='ocr_carea' id='block_1_79' title="bbox 823 1599 1644 1637">
    <p class='ocr_par' dir='ltr' id='par_1_79' title="bbox 823 1599 1644 1637">
     <span class='ocr_line' id='line_1_79' title="bbox 823 1599 1644 1637; baseline -0.004 -9"><span class='ocrx_word' id='word_1_573' title='bbox 823 1599 844 1628; x_wconf 87' lang='lat' dir='ltr'><strong>C</strong></span> <span class='ocrx_word' id='word_1_574' title='bbox 862 1610 936 1637; x_wconf 89' lang='lat' dir='ltr'><strong>mon,</strong></span> <span class='ocrx_word' id='word_1_575' title='bbox 953 1602 1000 1637; x_wconf 87' lang='lat' dir='ltr'><strong>qui</strong></span> <span class='ocrx_word' id='word_1_576' title='bbox 1010 1602 1121 1630; x_wconf 86' lang='lat' dir='ltr'><strong>sinistra</strong></span> <span class='ocrx_word' id='word_1_577' title='bbox 1136 1602 1184 1629; x_wconf 91' lang='lat' dir='ltr'><strong>Dei</strong></span> <span class='ocrx_word' id='word_1_578' title='bbox 1197 1602 1284 1628; x_wconf 83' lang='lat' dir='ltr'><strong>virtus</strong></span> <span class='ocrx_word' id='word_1_579' title='bbox 1297 1605 1349 1634; x_wconf 80' lang='lat' dir='ltr'><strong>est,</strong></span> <span class='ocrx_word' id='word_1_580' title='bbox 1362 1604 1578 1635; x_wconf 83' lang='lat' dir='ltr'><strong>potestatemque</strong></span> <span class='ocrx_word' id='word_1_581' title='bbox 1593 1599 1644 1626; x_wconf 90' lang='lat' dir='ltr'><strong>ha-</strong></span> 
     </span>
    </p>
   </div>
   <div class='ocr_carea' id='block_1_80' title="bbox 860 1646 1645 1681">
    <p class='ocr_par' dir='ltr' id='par_1_80' title="bbox 860 1646 1645 1681">
     <span class='ocr_line' id='line_1_80' title="bbox 860 1646 1645 1681; baseline -0.006 -5"><span class='ocrx_word' id='word_1_582' title='bbox 860 1649 904 1676; x_wconf 86' lang='lat' dir='ltr'><strong>bet</strong></span> <span class='ocrx_word' id='word_1_583' title='bbox 919 1649 953 1676; x_wconf 86' lang='lat' dir='ltr'><strong>ad</strong></span> <span class='ocrx_word' id='word_1_584' title='bbox 967 1648 1176 1676; x_wconf 80' lang='lat' dir='ltr'><strong>maleficentiam</strong></span> <span class='ocrx_word' id='word_1_585' title='bbox 1192 1648 1218 1674; x_wconf 92' lang='lat' dir='ltr'><strong>in</strong></span> <span class='ocrx_word' id='word_1_586' title='bbox 1231 1655 1279 1674; x_wconf 91' lang='lat' dir='ltr'><strong>eos</strong></span> <span class='ocrx_word' id='word_1_587' title='bbox 1291 1647 1338 1681; x_wconf 91' lang='lat' dir='ltr'><strong>qui</strong></span> <span class='ocrx_word' id='word_1_588' title='bbox 1351 1646 1435 1673; x_wconf 90' lang='lat' dir='ltr'><strong>Deum</strong></span> <span class='ocrx_word' id='word_1_589' title='bbox 1448 1646 1584 1678; x_wconf 83' lang='lat' dir='ltr'><strong>nesciunt,</strong></span> <span class='ocrx_word' id='word_1_590' title='bbox 1596 1652 1645 1672; x_wconf 87' lang='lat' dir='ltr'><strong>vos</strong></span> 
     </span>
    </p>
   </div>
   <div class='ocr_carea' id='block_1_81' title="bbox 859 1689 1645 1729">
    <p class='ocr_par' dir='ltr' id='par_1_81' title="bbox 859 1689 1645 1729">
     <span class='ocr_line' id='line_1_81' title="bbox 859 1689 1645 1729; baseline -0.008 -7"><span class='ocrx_word' id='word_1_591' title='bbox 859 1694 948 1729; x_wconf 83' lang='lat' dir='ltr'><strong>potuit</strong></span> <span class='ocrx_word' id='word_1_592' title='bbox 958 1694 1062 1721; x_wconf 90' lang='lat' dir='ltr'><strong>morbis</strong></span> <span class='ocrx_word' id='word_1_593' title='bbox 1082 1693 1233 1728; x_wconf 86' lang='lat' dir='ltr'><strong>implicare,</strong></span> <span class='ocrx_word' id='word_1_594' title='bbox 1253 1692 1300 1727; x_wconf 90' lang='lat' dir='ltr'><strong>qui</strong></span> <span class='ocrx_word' id='word_1_595' title='bbox 1314 1692 1401 1719; x_wconf 91' lang='lat' dir='ltr'><strong>morbi</strong></span> <span class='ocrx_word' id='word_1_596' title='bbox 1417 1699 1464 1726; x_wconf 86' lang='lat' dir='ltr'><strong>per</strong></span> <span class='ocrx_word' id='word_1_597' title='bbox 1477 1690 1576 1718; x_wconf 85' lang='lat' dir='ltr'><strong>bonam</strong></span> <span class='ocrx_word' id='word_1_598' title='bbox 1595 1689 1645 1717; x_wconf 88' lang='lat' dir='ltr'><strong>Dei</strong></span> 
     </span>
    </p>
   </div>
   <div class='ocr_carea' id='block_1_82' title="bbox 859 1739 1643 1776">
    <p class='ocr_par' dir='ltr' id='par_1_82' title="bbox 859 1739 1643 1776">
     <span class='ocr_line' id='line_1_82' title="bbox 859 1739 1643 1776; baseline -0.005 -8"><span class='ocrx_word' id='word_1_599' title='bbox 859 1741 1056 1776; x_wconf 82' lang='lat' dir='ltr'><strong>providentiam</strong></span> <span class='ocrx_word' id='word_1_600' title='bbox 1076 1740 1186 1768; x_wconf 89' lang='lat' dir='ltr'><strong>evenire</strong></span> <span class='ocrx_word' id='word_1_601' title='bbox 1211 1739 1336 1775; x_wconf 84' lang='lat' dir='ltr'><strong>permissi</strong></span> <span class='ocrx_word' id='word_1_602' title='bbox 1356 1741 1504 1773; x_wconf 82' lang='lat' dir='ltr'><strong>coegerunt</strong></span> <span class='ocrx_word' id='word_1_603' title='bbox 1525 1745 1584 1770; x_wconf 89' lang='lat' dir='ltr'><strong>vos,</strong></span> <span class='ocrx_word' id='word_1_604' title='bbox 1601 1741 1643 1770; x_wconf 84' lang='lat' dir='ltr'><strong>ut,</strong></span> 
     </span>
    </p>
   </div>
   <div class='ocr_carea' id='block_1_83' title="bbox 859 1783 1644 1822">
    <p class='ocr_par' dir='ltr' id='par_1_83' title="bbox 859 1783 1644 1822">
     <span class='ocr_line' id='line_1_83' title="bbox 859 1783 1644 1822; baseline -0.004 -10"><span class='ocrx_word' id='word_1_605' title='bbox 859 1787 974 1821; x_wconf 63' lang='lat' dir='ltr'><strong>qumsito</strong></span> <span class='ocrx_word' id='word_1_606' title='bbox 987 1794 1019 1814; x_wconf 88' lang='lat' dir='ltr'><strong>eo</strong></span> <span class='ocrx_word' id='word_1_607' title='bbox 1034 1787 1080 1822; x_wconf 92' lang='lat' dir='ltr'><strong>qui</strong></span> <span class='ocrx_word' id='word_1_608' title='bbox 1093 1793 1190 1813; x_wconf 87' lang='lat' dir='ltr'><strong>sanare</strong></span> <span class='ocrx_word' id='word_1_609' title='bbox 1209 1785 1312 1812; x_wconf 88' lang='lat' dir='ltr'><strong>valeret</strong></span> <span class='ocrx_word' id='word_1_610' title='bbox 1325 1788 1353 1811; x_wconf 89' lang='lat' dir='ltr'><strong>et</strong></span> <span class='ocrx_word' id='word_1_611' title='bbox 1365 1784 1485 1817; x_wconf 86' lang='lat' dir='ltr'><strong>invento,</strong></span> <span class='ocrx_word' id='word_1_612' title='bbox 1498 1783 1644 1810; x_wconf 81' lang='lat' dir='ltr'><strong>occasione</strong></span> 
     </span>
    </p>
   </div>
   <div class='ocr_carea' id='block_1_84' title="bbox 859 1820 1674 1868">
    <p class='ocr_par' dir='ltr' id='par_1_84' title="bbox 859 1820 1674 1868">
     <span class='ocr_line' id='line_1_84' title="bbox 859 1820 1674 1868; baseline -0.007 -8"><span class='ocrx_word' id='word_1_613' title='bbox 859 1833 1009 1868; x_wconf 85' lang='lat' dir='ltr'><strong>corporalis</strong></span> <span class='ocrx_word' id='word_1_614' title='bbox 1034 1820 1146 1859; x_wconf 72' lang='lat' dir='ltr'><strong>medela:</strong></span> <span class='ocrx_word' id='word_1_615' title='bbox 1170 1831 1267 1866; x_wconf 83' lang='lat' dir='ltr'><strong>placita</strong></span> <span class='ocrx_word' id='word_1_616' title='bbox 1285 1829 1340 1857; x_wconf 86' lang='lat' dir='ltr'><strong>Deo</strong></span> <span class='ocrx_word' id='word_1_617' title='bbox 1361 1829 1537 1864; x_wconf 84' lang='lat' dir='ltr'><strong>susciperetis</strong></span> <span class='ocrx_word' id='word_1_618' title='bbox 1561 1833 1643 1862; x_wconf 83' lang='lat' dir='ltr'><strong>atque</strong></span> <span class='ocrx_word' id='word_1_619' title='bbox 1672 1820 1674 1822; x_wconf 31' lang='grc'><strong>⁷</strong></span> 
     </span>
    </p>
   </div>
   <div class='ocr_carea' id='block_1_85' title="bbox 859 1874 1643 1910">
    <p class='ocr_par' dir='ltr' id='par_1_85' title="bbox 859 1874 1643 1910">
     <span class='ocr_line' id='line_1_85' title="bbox 859 1874 1643 1910; baseline -0.006 -4"><span class='ocrx_word' id='word_1_620' title='bbox 859 1878 1016 1910; x_wconf 82' lang='lat' dir='ltr'><strong>crederetis,</strong></span> <span class='ocrx_word' id='word_1_621' title='bbox 1034 1882 1064 1905; x_wconf 93' lang='lat' dir='ltr'><strong>ut</strong></span> <span class='ocrx_word' id='word_1_622' title='bbox 1078 1877 1118 1905; x_wconf 90' lang='lat' dir='ltr'><strong>sic</strong></span> <span class='ocrx_word' id='word_1_623' title='bbox 1135 1885 1188 1904; x_wconf 83' lang='lat' dir='ltr'><strong>una</strong></span> <span class='ocrx_word' id='word_1_624' title='bbox 1213 1884 1275 1904; x_wconf 89' lang='lat' dir='ltr'><strong>cum</strong></span> <span class='ocrx_word' id='word_1_625' title='bbox 1294 1875 1409 1904; x_wconf 86' lang='lat' dir='ltr'><strong>servatis</strong></span> <span class='ocrx_word' id='word_1_626' title='bbox 1433 1874 1595 1909; x_wconf 88' lang='lat' dir='ltr'><strong>corporibus</strong></span> <span class='ocrx_word' id='word_1_627' title='bbox 1615 1877 1643 1902; x_wconf 85' lang='lat' dir='ltr'><strong>et</strong></span> 
     </span>
    </p>
   </div>
   <div class='ocr_carea' id='block_1_86' title="bbox 858 1923 1218 1953">
    <p class='ocr_par' dir='ltr' id='par_1_86' title="bbox 858 1923 1218 1953">
     <span class='ocr_line' id='line_1_86' title="bbox 858 1923 1218 1953; baseline -0.006 0"><span class='ocrx_word' id='word_1_628' title='bbox 858 1925 965 1953; x_wconf 86' lang='lat' dir='ltr'><strong>animas</strong></span> <span class='ocrx_word' id='word_1_629' title='bbox 981 1923 1104 1951; x_wconf 84' lang='lat' dir='ltr'><strong>habeatis</strong></span> <span class='ocrx_word' id='word_1_630' title='bbox 1119 1923 1218 1951; x_wconf 81' lang='lat' dir='ltr'><strong>salvas.</strong></span> 
     </span>
    </p>
   </div>
   <div class='ocr_carea' id='block_1_87' title="bbox 893 2007 1642 2046">
    <p class='ocr_par' dir='ltr' id='par_1_87' title="bbox 893 2007 1642 2046">
     <span class='ocr_line' id='line_1_87' title="bbox 893 2007 1642 2046; baseline -0.004 -8"><span class='ocrx_word' id='word_1_631' title='bbox 893 2010 937 2038; x_wconf 90' lang='lat' dir='ltr'><strong>Ill.</strong></span> <span class='ocrx_word' id='word_1_632' title='bbox 955 2010 1044 2038; x_wconf 79' lang='lat' dir='ltr'><strong>Audio</strong></span> <span class='ocrx_word' id='word_1_633' title='bbox 1063 2010 1167 2046; x_wconf 87' lang='lat' dir='ltr'><strong>utique,</strong></span> <span class='ocrx_word' id='word_1_634' title='bbox 1186 2017 1250 2038; x_wconf 87' lang='lat' dir='ltr'><strong>eum</strong></span> <span class='ocrx_word' id='word_1_635' title='bbox 1269 2009 1338 2038; x_wconf 88' lang='lat' dir='ltr'><strong>bove</strong></span> <span class='ocrx_word' id='word_1_636' title='bbox 1352 2013 1470 2037; x_wconf 82' lang='lat' dir='ltr'><strong>mactato</strong></span> <span class='ocrx_word' id='word_1_637' title='bbox 1485 2007 1642 2035; x_wconf 87' lang='lat' dir='ltr'><strong>convivium</strong></span> 
     </span>
    </p>
   </div>
   <div class='ocr_carea' id='block_1_88' title="bbox 856 2052 1668 2089">
    <p class='ocr_par' dir='ltr' id='par_1_88' title="bbox 856 2052 1668 2089">
     <span class='ocr_line' id='line_1_88' title="bbox 856 2052 1668 2089; baseline -0.001 -6"><span class='ocrx_word' id='word_1_638' title='bbox 856 2056 934 2084; x_wconf 87' lang='lat' dir='ltr'><strong>vobis</strong></span> <span class='ocrx_word' id='word_1_639' title='bbox 946 2056 974 2083; x_wconf 89' lang='lat' dir='ltr'><strong>in</strong></span> <span class='ocrx_word' id='word_1_640' title='bbox 987 2056 1077 2084; x_wconf 86' lang='lat' dir='ltr'><strong>medio</strong></span> <span class='ocrx_word' id='word_1_641' title='bbox 1090 2056 1198 2084; x_wconf 89' lang='lat' dir='ltr'><strong>dedisse</strong></span> <span class='ocrx_word' id='word_1_642' title='bbox 1209 2056 1282 2089; x_wconf 79' lang='lat' dir='ltr'><strong>foro,</strong></span> <span class='ocrx_word' id='word_1_643' title='bbox 1298 2055 1393 2088; x_wconf 90' lang='lat' dir='ltr'><strong>sicque</strong></span> <span class='ocrx_word' id='word_1_644' title='bbox 1414 2052 1472 2083; x_wconf 84' lang='lat' dir='ltr'><strong>vos</strong></span> <span class='ocrx_word' id='word_1_645' title='bbox 1482 2054 1568 2082; x_wconf 92' lang='lat' dir='ltr'><strong>multo</strong></span> <span class='ocrx_word' id='word_1_646' title='bbox 1579 2053 1643 2081; x_wconf 82' lang='lat' dir='ltr'><strong>vino</strong></span> <span class='ocrx_word' id='word_1_647' title='bbox 1665 2078 1668 2082; x_wconf 96' lang='lat'>.</span> 
     </span>
    </p>
   </div>
   <div class='ocr_carea' id='block_1_89' title="bbox 857 2100 1643 2138">
    <p class='ocr_par' dir='ltr' id='par_1_89' title="bbox 857 2100 1643 2138">
     <span class='ocr_line' id='line_1_89' title="bbox 857 2100 1643 2138; baseline -0.004 -8"><span class='ocrx_word' id='word_1_648' title='bbox 857 2103 961 2137; x_wconf 82' lang='lat' dir='ltr'><strong>abrepti</strong></span> <span class='ocrx_word' id='word_1_649' title='bbox 995 2110 1050 2130; x_wconf 88' lang='lat' dir='ltr'><strong>una</strong></span> <span class='ocrx_word' id='word_1_650' title='bbox 1075 2110 1138 2130; x_wconf 91' lang='lat' dir='ltr'><strong>cum</strong></span> <span class='ocrx_word' id='word_1_651' title='bbox 1176 2103 1269 2138; x_wconf 83' lang='lat' dir='ltr'><strong>pravis</strong></span> <span class='ocrx_word' id='word_1_652' title='bbox 1298 2101 1467 2130; x_wconf 81' lang='lat' dir='ltr'><strong>daemonibus</strong></span> <span class='ocrx_word' id='word_1_653' title='bbox 1491 2100 1643 2136; x_wconf 85' lang='lat' dir='ltr'><strong>principem</strong></span> 
     </span>
    </p>
   </div>
   <div class='ocr_carea' id='block_1_90' title="bbox 856 2146 1643 2183">
    <p class='ocr_par' dir='ltr' id='par_1_90' title="bbox 856 2146 1643 2183">
     <span class='ocr_line' id='line_1_90' title="bbox 856 2146 1643 2183; baseline -0.001 -8"><span class='ocrx_word' id='word_1_654' title='bbox 856 2155 950 2176; x_wconf 88' lang='lat' dir='ltr'><strong>eorum</strong></span> <span class='ocrx_word' id='word_1_655' title='bbox 971 2148 1106 2183; x_wconf 84' lang='lat' dir='ltr'><strong>complexi</strong></span> <span class='ocrx_word' id='word_1_656' title='bbox 1128 2148 1212 2182; x_wconf 87' lang='lat' dir='ltr'><strong>estis,</strong></span> <span class='ocrx_word' id='word_1_657' title='bbox 1236 2154 1318 2183; x_wconf 85' lang='lat' dir='ltr'><strong>atque</strong></span> <span class='ocrx_word' id='word_1_658' title='bbox 1333 2148 1370 2176; x_wconf 86' lang='lat' dir='ltr'><strong>ita</strong></span> <span class='ocrx_word' id='word_1_659' title='bbox 1385 2152 1505 2175; x_wconf 85' lang='lat' dir='ltr'><strong>vestrum</strong></span> <span class='ocrx_word' id='word_1_660' title='bbox 1531 2146 1643 2182; x_wconf 92' lang='lat' dir='ltr'><strong>plurimi</strong></span> 
     </span>
    </p>
   </div>
   <div class='ocr_carea' id='block_1_91' title="bbox 857 2192 1643 2230">
    <p class='ocr_par' dir='ltr' id='par_1_91' title="bbox 857 2192 1643 2230">
     <span class='ocr_line' id='line_1_91' title="bbox 857 2192 1643 2230; baseline -0.003 -9"><span class='ocrx_word' id='word_1_661' title='bbox 857 2194 960 2222; x_wconf 85' lang='lat' dir='ltr'><strong>morbis</strong></span> <span class='ocrx_word' id='word_1_662' title='bbox 980 2195 1051 2230; x_wconf 91' lang='lat' dir='ltr'><strong>capti</strong></span> <span class='ocrx_word' id='word_1_663' title='bbox 1067 2199 1141 2228; x_wconf 86' lang='lat' dir='ltr'><strong>sunt,</strong></span> <span class='ocrx_word' id='word_1_664' title='bbox 1162 2202 1211 2230; x_wconf 90' lang='lat' dir='ltr'><strong>per</strong></span> <span class='ocrx_word' id='word_1_665' title='bbox 1228 2193 1410 2230; x_wconf 75' lang='lat' dir='ltr'><strong>ignorantiam</strong></span> <span class='ocrx_word' id='word_1_666' title='bbox 1427 2193 1455 2220; x_wconf 92' lang='lat' dir='ltr'><strong>in</strong></span> <span class='ocrx_word' id='word_1_667' title='bbox 1474 2200 1505 2221; x_wconf 89' lang='lat' dir='ltr'><strong>se</strong></span> <span class='ocrx_word' id='word_1_668' title='bbox 1523 2192 1643 2228; x_wconf 85' lang='lat' dir='ltr'><strong>propriis</strong></span> 
     </span>
    </p>
   </div>
   <div class='ocr_carea' id='block_1_92' title="bbox 856 2237 1642 2275">
    <p class='ocr_par' dir='ltr' id='par_1_92' title="bbox 856 2237 1642 2275">
     <span class='ocr_line' id='line_1_92' title="bbox 856 2237 1642 2275; baseline -0.004 -8"><span class='ocrx_word' id='word_1_669' title='bbox 856 2240 982 2267; x_wconf 87' lang='lat' dir='ltr'><strong>manibus</strong></span> <span class='ocrx_word' id='word_1_670' title='bbox 996 2244 1111 2267; x_wconf 84' lang='lat' dir='ltr'><strong>attracto</strong></span> <span class='ocrx_word' id='word_1_671' title='bbox 1125 2239 1256 2274; x_wconf 85' lang='lat' dir='ltr'><strong>perniciei</strong></span> <span class='ocrx_word' id='word_1_672' title='bbox 1273 2239 1372 2275; x_wconf 82' lang='lat' dir='ltr'><strong>gladio.</strong></span> <span class='ocrx_word' id='word_1_673' title='bbox 1387 2237 1481 2273; x_wconf 86' lang='lat' dir='ltr'><strong>Neque</strong></span> <span class='ocrx_word' id='word_1_674' title='bbox 1502 2238 1576 2266; x_wconf 85' lang='lat' dir='ltr'><strong>enim</strong></span> <span class='ocrx_word' id='word_1_675' title='bbox 1591 2237 1642 2264; x_wconf 85' lang='lat' dir='ltr'><strong>ad-</strong></span> 
     </span>
    </p>
   </div>
   <div class='ocr_carea' id='block_1_93' title="bbox 857 2282 1643 2324">
    <p class='ocr_par' dir='ltr' id='par_1_93' title="bbox 857 2282 1643 2324">
     <span class='ocr_line' id='line_1_93' title="bbox 857 2282 1643 2324; baseline -0.005 -11"><span class='ocrx_word' id='word_1_676' title='bbox 857 2294 966 2313; x_wconf 89' lang='lat' dir='ltr'><strong>versum</strong></span> <span class='ocrx_word' id='word_1_677' title='bbox 980 2294 1029 2313; x_wconf 89' lang='lat' dir='ltr'><strong>vos</strong></span> <span class='ocrx_word' id='word_1_678' title='bbox 1044 2285 1182 2313; x_wconf 66' lang='lat' dir='ltr'><strong>dmmones</strong></span> <span class='ocrx_word' id='word_1_679' title='bbox 1204 2285 1366 2324; x_wconf 68' lang='lat' dir='ltr'><strong>habuissent</strong></span> <span class='ocrx_word' id='word_1_680' title='bbox 1389 2287 1550 2320; x_wconf 85' lang='lat' dir='ltr'><strong>potestatem</strong></span> <span class='ocrx_word' id='word_1_681' title='bbox 1561 2302 1569 2315; x_wconf 80' lang='lat'><strong>,</strong></span> <span class='ocrx_word' id='word_1_682' title='bbox 1588 2282 1643 2310; x_wconf 89' lang='lat' dir='ltr'><strong>nisi</strong></span> 
     </span>
    </p>
   </div>
   <div class='ocr_carea' id='block_1_94' title="bbox 857 2329 1642 2368">
    <p class='ocr_par' dir='ltr' id='par_1_94' title="bbox 857 2329 1642 2368">
     <span class='ocr_line' id='line_1_94' title="bbox 857 2329 1642 2368; baseline -0.006 -8"><span class='ocrx_word' id='word_1_683' title='bbox 857 2332 933 2368; x_wconf 87' lang='lat' dir='ltr'><strong>prius</strong></span> <span class='ocrx_word' id='word_1_684' title='bbox 951 2339 1014 2360; x_wconf 88' lang='lat' dir='ltr'><strong>cum</strong></span> <span class='ocrx_word' id='word_1_685' title='bbox 1033 2340 1128 2359; x_wconf 90' lang='lat' dir='ltr'><strong>eorum</strong></span> <span class='ocrx_word' id='word_1_686' title='bbox 1150 2332 1273 2366; x_wconf 88' lang='lat' dir='ltr'><strong>principe</strong></span> <span class='ocrx_word' id='word_1_687' title='bbox 1294 2331 1418 2359; x_wconf 79' lang='lat' dir='ltr'><strong>fuissetis</strong></span> <span class='ocrx_word' id='word_1_688' title='bbox 1433 2329 1544 2366; x_wconf 84' lang='lat' dir='ltr'><strong>epulati.</strong></span> <span class='ocrx_word' id='word_1_689' title='bbox 1560 2329 1642 2356; x_wconf 76' lang='lat' dir='ltr'><strong>Prin-</strong></span> 
     </span>
    </p>
   </div>
   <div class='ocr_carea' id='block_1_95' title="bbox 857 2375 1641 2413">
    <p class='ocr_par' dir='ltr' id='par_1_95' title="bbox 857 2375 1641 2413">
     <span class='ocr_line' id='line_1_95' title="bbox 857 2375 1641 2413; baseline -0.005 -8"><span class='ocrx_word' id='word_1_690' title='bbox 857 2379 928 2413; x_wconf 88' lang='lat' dir='ltr'><strong>cipio</strong></span> <span class='ocrx_word' id='word_1_691' title='bbox 957 2378 1091 2412; x_wconf 80' lang='lat' dir='ltr'><strong>siquidem</strong></span> <span class='ocrx_word' id='word_1_692' title='bbox 1118 2378 1163 2404; x_wconf 81' lang='lat' dir='ltr'><strong>illa</strong></span> <span class='ocrx_word' id='word_1_693' title='bbox 1185 2385 1233 2412; x_wconf 86' lang='lat' dir='ltr'><strong>per</strong></span> <span class='ocrx_word' id='word_1_694' title='bbox 1257 2377 1448 2405; x_wconf 87' lang='lat' dir='ltr'><strong>universorum</strong></span> <span class='ocrx_word' id='word_1_695' title='bbox 1470 2375 1641 2404; x_wconf 88' lang='lat' dir='ltr'><strong>conditorem</strong></span> 
     </span>
    </p>
   </div>
   <div class='ocr_carea' id='block_1_96' title="bbox 859 2421 1639 2460">
    <p class='ocr_par' dir='ltr' id='par_1_96' title="bbox 859 2421 1639 2460">
     <span class='ocr_line' id='line_1_96' title="bbox 859 2421 1639 2460; baseline -0.005 -8"><span class='ocrx_word' id='word_1_696' title='bbox 859 2425 944 2454; x_wconf 87' lang='lat' dir='ltr'><strong>Deum</strong></span> <span class='ocrx_word' id='word_1_697' title='bbox 961 2425 1004 2452; x_wconf 74' lang='lat' dir='ltr'><strong>lex</strong></span> <span class='ocrx_word' id='word_1_698' title='bbox 1030 2425 1162 2460; x_wconf 75' lang='lat' dir='ltr'><strong>praeﬁnita</strong></span> <span class='ocrx_word' id='word_1_699' title='bbox 1176 2429 1217 2452; x_wconf 88' lang='lat' dir='ltr'><strong>est</strong></span> <span class='ocrx_word' id='word_1_700' title='bbox 1231 2424 1339 2452; x_wconf 85' lang='lat' dir='ltr'><strong>duobus</strong></span> <span class='ocrx_word' id='word_1_701' title='bbox 1355 2423 1483 2458; x_wconf 84' lang='lat' dir='ltr'><strong>utrinque</strong></span> <span class='ocrx_word' id='word_1_702' title='bbox 1512 2421 1639 2454; x_wconf 83' lang='lat' dir='ltr'><strong>ducibus,</strong></span> 
     </span>
    </p>
   </div>
   <div class='ocr_carea' id='block_1_97' title="bbox 671 2513 1016 2543">
    <p class='ocr_par' dir='ltr' id='par_1_97' title="bbox 671 2513 1016 2543">
     <span class='ocr_line' id='line_1_97' title="bbox 671 2513 1016 2543; baseline -0.006 0"><span class='ocrx_word' id='word_1_703' title='bbox 671 2513 788 2543; x_wconf 70' lang='lat' dir='ltr'><strong>VARUE</strong></span> <span class='ocrx_word' id='word_1_704' title='bbox 815 2513 1016 2542; x_wconf 81' lang='lat' dir='ltr'><strong>LECTIONES.</strong></span> 
     </span>
    </p>
   </div>
   <div class='ocr_carea' id='block_1_98' title="bbox 56 2577 1637 2629">
    <p class='ocr_par' dir='ltr' id='par_1_98' title="bbox 56 2577 1637 2629">
     <span class='ocr_line' id='line_1_98' title="bbox 56 2577 1637 2629; baseline 0 0"><span class='ocrx_word' id='word_1_705' title='bbox 56 2611 72 2629; x_wconf 77' lang='grc' dir='ltr'><strong>π</strong></span> <span class='ocrx_word' id='word_1_706' title='bbox 81 2577 231 2629; x_wconf 44' lang='lat'><strong>15:39:-</strong></span> <span class='ocrx_word' id='word_1_707' title='bbox 245 2583 554 2629; x_wconf 56' lang='lat' dir='ltr'><strong>&#39;2¢9:é9§9:-._‘f“eQ</strong></span> <span class='ocrx_word' id='word_1_708' title='bbox 570 2591 595 2629; x_wconf 64' lang='grc' dir='ltr'>ε·</span> <span class='ocrx_word' id='word_1_709' title='bbox 604 2582 623 2610; x_wconf 78' lang='lat' dir='ltr'><strong>S</strong></span> <span class='ocrx_word' id='word_1_710' title='bbox 637 2583 936 2629; x_wconf 49' lang='grc' dir='ltr'><strong>’συιξξελῑλλύθηξανξ</strong></span> <span class='ocrx_word' id='word_1_711' title='bbox 974 2587 996 2629; x_wconf 74' lang='lat' dir='ltr'><strong>f&quot;</strong></span> <span class='ocrx_word' id='word_1_712' title='bbox 1006 2586 1051 2629; x_wconf 54' lang='lat' dir='ltr'><strong>Pﬁ‘</strong></span> <span class='ocrx_word' id='word_1_713' title='bbox 1065 2585 1149 2629; x_wconf 60' lang='grc' dir='ltr'>αφτοὲ</span> <span class='ocrx_word' id='word_1_714' title='bbox 1161 2585 1191 2613; x_wconf 68' lang='grc' dir='ltr'><strong>αα</strong></span> <span class='ocrx_word' id='word_1_715' title='bbox 1211 2585 1254 2629; x_wconf 52' lang='lat'><strong>3’.“</strong></span> <span class='ocrx_word' id='word_1_716' title='bbox 1327 2580 1593 2629; x_wconf 64' lang='grc' dir='ltr'><strong>αὐτο9.τεξυλίηξίέναι</strong></span> <span class='ocrx_word' id='word_1_717' title='bbox 1606 2580 1637 2621; x_wconf 61' lang='lat'><strong>‘9-</strong></span> 
     </span>
    </p>
   </div>
   <div class='ocr_carea' id='block_1_99' title="bbox 59 2615 1639 2676">
    <p class='ocr_par' dir='ltr' id='par_1_99' title="bbox 59 2615 1639 2676">
     <span class='ocr_line' id='line_1_99' title="bbox 59 2615 1639 2672; baseline 0 -29"><span class='ocrx_word' id='word_1_718' title='bbox 119 2617 207 2648; x_wconf 68' lang='grc' dir='ltr'><strong>ΡηὲῦΧί</strong></span> <span class='ocrx_word' id='word_1_719' title='bbox 218 2625 241 2646; x_wconf 92' lang='lat' dir='ltr'><strong>c.</strong></span> <span class='ocrx_word' id='word_1_720' title='bbox 257 2618 290 2646; x_wconf 88' lang='grc'><strong>0.</strong></span> <span class='ocrx_word' id='word_1_721' title='bbox 303 2618 375 2646; x_wconf 90' lang='lat' dir='ltr'><strong>Idem</strong></span> <span class='ocrx_word' id='word_1_722' title='bbox 384 2623 476 2654; x_wconf 87' lang='lat' dir='ltr'><strong>postea</strong></span> <span class='ocrx_word' id='word_1_723' title='bbox 486 2619 531 2645; x_wconf 84' lang='grc' dir='ltr'>τὸν</span> <span class='ocrx_word' id='word_1_724' title='bbox 541 2615 647 2654; x_wconf 69' lang='grc' dir='ltr'>ὄρθρον.</span> <span class='ocrx_word' id='word_1_725' title='bbox 686 2618 709 2634; x_wconf 80' lang='grc'><strong>⁸⁸</strong></span> <span class='ocrx_word' id='word_1_726' title='bbox 721 2615 830 2646; x_wconf 63' lang='grc' dir='ltr'>ἐπίδῃ.</span> <span class='ocrx_word' id='word_1_727' title='bbox 840 2615 872 2647; x_wconf 80' lang='grc' dir='ltr'><strong>Ὁ.</strong></span> <span class='ocrx_word' id='word_1_728' title='bbox 911 2621 933 2637; x_wconf 75' lang='grc'><strong>⁸⁸</strong></span> <span class='ocrx_word' id='word_1_729' title='bbox 948 2622 983 2657; x_wconf 87' lang='grc' dir='ltr'><strong>μή</strong></span> <span class='ocrx_word' id='word_1_730' title='bbox 997 2622 1072 2650; x_wconf 87' lang='lat' dir='ltr'><strong>deest</strong></span> <span class='ocrx_word' id='word_1_731' title='bbox 1088 2623 1115 2649; x_wconf 92' lang='lat' dir='ltr'><strong>in</strong></span> <span class='ocrx_word' id='word_1_732' title='bbox 1128 2621 1160 2648; x_wconf 91' lang='lat'><strong>0.</strong></span> <span class='ocrx_word' id='word_1_733' title='bbox 1198 2621 1221 2639; x_wconf 83' lang='lat'><strong>&#39;°</strong></span> <span class='ocrx_word' id='word_1_734' title='bbox 1232 2619 1381 2655; x_wconf 85' lang='grc' dir='ltr'>ἀνθρώπων</span> <span class='ocrx_word' id='word_1_735' title='bbox 1395 2618 1425 2651; x_wconf 80' lang='lat' dir='ltr'><strong>G,</strong></span> <span class='ocrx_word' id='word_1_736' title='bbox 1442 2615 1594 2652; x_wconf 78' lang='grc' dir='ltr'>ἀνθρώποις</span> <span class='ocrx_word' id='word_1_737' title='bbox 1610 2615 1639 2643; x_wconf 91' lang='lat' dir='ltr'><strong>in</strong></span> 
     </span>
     <span class='ocr_line' id='line_1_100' title="bbox 91 2649 1636 2676; baseline 0 0"><span class='ocrx_word' id='word_1_738' title='bbox 91 2656 122 2676; x_wconf 70' lang='grc' dir='ltr'><strong>Ν.</strong></span> <span class='ocrx_word' id='word_1_739' title='bbox 135 2649 223 2676; x_wconf 74' lang='lat' dir='ltr'><strong>Vocem</strong></span> <span class='ocrx_word' id='word_1_740' title='bbox 238 2653 389 2676; x_wconf 71' lang='grc' dir='ltr'>ἀνθηώπιιὶν</span> <span class='ocrx_word' id='word_1_741' title='bbox 400 2653 540 2676; x_wconf 74' lang='lat' dir='ltr'><strong>delendam</strong></span> <span class='ocrx_word' id='word_1_742' title='bbox 553 2658 644 2676; x_wconf 61' lang='lat' dir='ltr'><strong>consul</strong></span> <span class='ocrx_word' id='word_1_743' title='bbox 654 2653 673 2676; x_wconf 80' lang='grc' dir='ltr'><strong>Ῐ)</strong></span> <span class='ocrx_word' id='word_1_744' title='bbox 687 2674 693 2676; x_wconf 89' lang='grc'>.</span> <span class='ocrx_word' id='word_1_745' title='bbox 711 2654 912 2676; x_wconf 67' lang='grc' dir='ltr'>συιιῆαιυήυτηω</span> <span class='ocrx_word' id='word_1_746' title='bbox 925 2657 1019 2676; x_wconf 46' lang='lat' dir='ltr'><strong>&quot;nam&quot;</strong></span> <span class='ocrx_word' id='word_1_747' title='bbox 1030 2657 1154 2676; x_wconf 80' lang='lat' dir='ltr'><strong>nnmnnir</strong></span> <span class='ocrx_word' id='word_1_748' title='bbox 1169 2655 1188 2676; x_wconf 67' lang='grc' dir='ltr'><strong>ς</strong></span> <span class='ocrx_word' id='word_1_749' title='bbox 1204 2665 1210 2671; x_wconf 74' lang='grc' dir='ltr'><strong>ι</strong></span> <span class='ocrx_word' id='word_1_750' title='bbox 1228 2658 1393 2676; x_wconf 65' lang='grc' dir='ltr'>ρηηῙρεΙιιιθιρ</span> <span class='ocrx_word' id='word_1_751' title='bbox 1409 2654 1463 2676; x_wconf 78' lang='lat' dir='ltr'><strong>iam</strong></span> <span class='ocrx_word' id='word_1_752' title='bbox 1482 2650 1636 2676; x_wconf 71' lang='lat' dir='ltr'><strong>superﬂua).</strong></span> 
     </span>
    </p>
   </div>
   <div class='ocr_carea' id='block_1_100' title="bbox 87 2650 1636 2692">
    <p class='ocr_par' dir='ltr' id='par_1_100' title="bbox 87 2650 1636 2692">
     <span class='ocr_line' id='line_1_101' title="bbox 87 2650 1636 2692; baseline 0.001 -17"><span class='ocrx_word' id='word_1_753' title='bbox 87 2656 122 2689; x_wconf 52' lang='grc' dir='ltr'><strong>με.</strong></span> <span class='ocrx_word' id='word_1_754' title='bbox 135 2650 223 2692; x_wconf 73' lang='lat' dir='ltr'><strong>Vocem</strong></span> <span class='ocrx_word' id='word_1_755' title='bbox 238 2650 391 2692; x_wconf 69' lang='grc' dir='ltr'>ἀνθρώξωῦ</span> <span class='ocrx_word' id='word_1_756' title='bbox 400 2653 540 2692; x_wconf 73' lang='lat' dir='ltr'><strong>delendam</strong></span> <span class='ocrx_word' id='word_1_757' title='bbox 547 2650 644 2692; x_wconf 53' lang='lat' dir='ltr'><strong>censet</strong></span> <span class='ocrx_word' id='word_1_758' title='bbox 654 2653 673 2679; x_wconf 81' lang='grc' dir='ltr'>ί)</span> <span class='ocrx_word' id='word_1_759' title='bbox 686 2674 694 2686; x_wconf 87' lang='grc'><em>,</em></span> <span class='ocrx_word' id='word_1_760' title='bbox 711 2654 912 2692; x_wconf 75' lang='grc' dir='ltr'>συμϐαινόντων</span> <span class='ocrx_word' id='word_1_761' title='bbox 925 2650 1019 2684; x_wconf 51' lang='lat' dir='ltr'><strong>«item</strong></span> <span class='ocrx_word' id='word_1_762' title='bbox 1030 2657 1157 2692; x_wconf 80' lang='lat' dir='ltr'><strong>proponit</strong></span> <span class='ocrx_word' id='word_1_763' title='bbox 1169 2655 1188 2682; x_wconf 90' lang='lat' dir='ltr'>S</span> <span class='ocrx_word' id='word_1_764' title='bbox 1204 2665 1210 2682; x_wconf 90' lang='lat'><strong>:</strong></span> <span class='ocrx_word' id='word_1_765' title='bbox 1227 2650 1463 2692; x_wconf 67' lang='lat' dir='ltr'><strong>conjecturaajam</strong></span> <span class='ocrx_word' id='word_1_766' title='bbox 1482 2650 1636 2692; x_wconf 60' lang='lat' dir='ltr'><strong>superﬂua).</strong></span> 
     </span>
    </p>
   </div>
   <div class='ocr_carea' id='block_1_101' title="bbox 57 2681 195 2713">
    <p class='ocr_par' dir='ltr' id='par_1_101' title="bbox 57 2681 195 2713">
     <span class='ocr_line' id='line_1_102' title="bbox 57 2681 195 2713; baseline 0.007 -2"><span class='ocrx_word' id='word_1_767' title='bbox 57 2681 72 2696; x_wconf 88' lang='lat'>&quot;</span> <span class='ocrx_word' id='word_1_768' title='bbox 84 2681 195 2713; x_wconf 61' lang='grc' dir='ltr'>ὐτέοπτενό</span> 
     </span>
    </p>
   </div>
   <div class='ocr_carea' id='block_1_102' title="bbox 59 2721 783 2760">
    <p class='ocr_par' dir='ltr' id='par_1_102' title="bbox 59 2721 783 2760">
     <span class='ocr_line' id='line_1_103' title="bbox 59 2721 783 2760; baseline -0.001 -8"><span class='ocrx_word' id='word_1_769' title='bbox 59 2721 124 2752; x_wconf 74' lang='grc' dir='ltr'><strong>¹¹¹³¹⁸ἕσ</strong></span> <span class='ocrx_word' id='word_1_770' title='bbox 168 2721 188 2737; x_wconf 85' lang='grc'><strong>’³</strong></span> <span class='ocrx_word' id='word_1_771' title='bbox 201 2723 332 2752; x_wconf 75' lang='grc' dir='ltr'>εἱστίασεν</span> <span class='ocrx_word' id='word_1_772' title='bbox 348 2723 455 2760; x_wconf 78' lang='lat' dir='ltr'><strong>Epit.c.</strong></span> <span class='ocrx_word' id='word_1_773' title='bbox 469 2723 513 2752; x_wconf 71' lang='grc'><strong>54.</strong></span> <span class='ocrx_word' id='word_1_774' title='bbox 551 2721 576 2740; x_wconf 73' lang='grc'><strong>’⁸</strong></span> <span class='ocrx_word' id='word_1_775' title='bbox 593 2721 640 2750; x_wconf 75' lang='grc' dir='ltr'><strong>ἀπ’</strong></span> <span class='ocrx_word' id='word_1_776' title='bbox 654 2724 740 2760; x_wconf 83' lang='grc' dir='ltr'>ἀρχῆς</span> <span class='ocrx_word' id='word_1_777' title='bbox 750 2723 783 2751; x_wconf 91' lang='grc' dir='ltr'><strong>Ο.</strong></span> 
     </span>
    </p>
   </div>
   <div class='ocr_carea' id='block_1_103' title="bbox 198 2685 1638 2739">
    <p class='ocr_par' dir='ltr' id='par_1_103' title="bbox 198 2685 1638 2739">
     <span class='ocr_line' id='line_1_104' title="bbox 198 2685 1638 2739; baseline -0.001 -23"><span class='ocrx_word' id='word_1_778' title='bbox 198 2685 773 2739; x_wconf 36' lang='lat' dir='ltr'><strong>[fronti-&quot;1‘%m:idemufm€pcf&amp;§\fmc£‘D‘</strong></span> <span class='ocrx_word' id='word_1_779' title='bbox 776 2710 784 2721; x_wconf 89' lang='lat'><strong>,</strong></span> <span class='ocrx_word' id='word_1_780' title='bbox 799 2690 955 2727; x_wconf 80' lang='grc' dir='ltr'>ἀποσόμενα</span> <span class='ocrx_word' id='word_1_781' title='bbox 968 2692 988 2720; x_wconf 86' lang='lat' dir='ltr'>C</span> <span class='ocrx_word' id='word_1_782' title='bbox 1003 2713 1011 2726; x_wconf 96' lang='lat'><strong>,</strong></span> <span class='ocrx_word' id='word_1_783' title='bbox 1027 2685 1099 2720; x_wconf 77' lang='lat' dir='ltr'><strong>idem</strong></span> <span class='ocrx_word' id='word_1_784' title='bbox 1116 2691 1135 2719; x_wconf 86' lang='lat' dir='ltr'><strong>f.</strong></span> <span class='ocrx_word' id='word_1_785' title='bbox 1151 2685 1302 2726; x_wconf 69' lang='grc' dir='ltr'>ἐπεσόμενα</span> <span class='ocrx_word' id='word_1_786' title='bbox 1326 2689 1368 2716; x_wconf 89' lang='lat' dir='ltr'><strong>vel</strong></span> <span class='ocrx_word' id='word_1_787' title='bbox 1392 2685 1587 2722; x_wconf 74' lang='grc' dir='ltr'>ἆποσωζόμενα</span> <span class='ocrx_word' id='word_1_788' title='bbox 1609 2685 1638 2712; x_wconf 88' lang='lat' dir='ltr'><strong>in</strong></span> 
     </span>
    </p>
   </div>
   <div class='ocr_carea' id='block_1_104' title="bbox 671 2793 982 2823">
    <p class='ocr_par' dir='ltr' id='par_1_104' title="bbox 671 2793 982 2823">
     <span class='ocr_line' id='line_1_105' title="bbox 671 2793 982 2823; baseline 0.003 -3"><span class='ocrx_word' id='word_1_789' title='bbox 671 2793 852 2823; x_wconf 75' lang='lat' dir='ltr'><strong>VARIORUM</strong></span> <span class='ocrx_word' id='word_1_790' title='bbox 868 2793 982 2821; x_wconf 71' lang='lat' dir='ltr'><strong>NOTAE.</strong></span> 
     </span>
    </p>
   </div>
   <div class='ocr_carea' id='block_1_105' title="bbox 85 2842 1636 2887">
    <p class='ocr_par' dir='ltr' id='par_1_105' title="bbox 85 2842 1636 2887">
     <span class='ocr_line' id='line_1_106' title="bbox 85 2842 1636 2887; baseline -0.005 -10"><span class='ocrx_word' id='word_1_791' title='bbox 85 2843 129 2885; x_wconf 61' lang='grc'><strong>(12)</strong></span> <span class='ocrx_word' id='word_1_792' title='bbox 143 2845 254 2887; x_wconf 46' lang='lat' dir='ltr'><strong>Humilia</strong></span> <span class='ocrx_word' id='word_1_793' title='bbox 270 2850 392 2884; x_wconf 83' lang='lat' dir='ltr'><strong>septimae</strong></span> <span class='ocrx_word' id='word_1_794' title='bbox 411 2849 524 2877; x_wconf 83' lang='lat' dir='ltr'><strong>alteram</strong></span> <span class='ocrx_word' id='word_1_795' title='bbox 543 2848 728 2887; x_wconf 87' lang='lat' dir='ltr'><strong>inscriptionis</strong></span> <span class='ocrx_word' id='word_1_796' title='bbox 739 2854 841 2886; x_wconf 71' lang='lat' dir='ltr'><strong>partem</strong></span> <span class='ocrx_word' id='word_1_797' title='bbox 854 2858 897 2886; x_wconf 84' lang='lat' dir='ltr'><strong>ap.</strong></span> <span class='ocrx_word' id='word_1_798' title='bbox 913 2850 944 2879; x_wconf 72' lang='grc' dir='ltr'><strong>(Σ.</strong></span> <span class='ocrx_word' id='word_1_799' title='bbox 957 2850 1065 2879; x_wconf 87' lang='lat' dir='ltr'><strong>obviam</strong></span> <span class='ocrx_word' id='word_1_800' title='bbox 1081 2849 1127 2877; x_wconf 84' lang='lat' dir='ltr'><strong>EN</strong></span> <span class='ocrx_word' id='word_1_801' title='bbox 1144 2847 1234 2883; x_wconf 85' lang='grc' dir='ltr'><strong>ΤΥΡῼ</strong></span> <span class='ocrx_word' id='word_1_802' title='bbox 1256 2848 1292 2882; x_wconf 85' lang='lat' dir='ltr'><strong>A’,</strong></span> <span class='ocrx_word' id='word_1_803' title='bbox 1307 2854 1368 2882; x_wconf 70' lang='lat' dir='ltr'><strong>quae</strong></span> <span class='ocrx_word' id='word_1_804' title='bbox 1390 2844 1512 2874; x_wconf 86' lang='lat' dir='ltr'><strong>scbolion</strong></span> <span class='ocrx_word' id='word_1_805' title='bbox 1524 2842 1636 2876; x_wconf 74' lang='lat' dir='ltr'><strong>redolet.</strong></span> 
     </span>
    </p>
   </div>
   <div class='ocr_carea' id='block_1_106' title="bbox 62 2877 304 2912">
    <p class='ocr_par' dir='ltr' id='par_1_106' title="bbox 62 2877 304 2912">
     <span class='ocr_line' id='line_1_107' title="bbox 62 2877 304 2912; baseline 0.033 -8"><span class='ocrx_word' id='word_1_806' title='bbox 62 2879 123 2907; x_wconf 75' lang='lat' dir='ltr'><strong>uulsi</strong></span> <span class='ocrx_word' id='word_1_807' title='bbox 135 2888 155 2908; x_wconf 75' lang='grc' dir='ltr'><strong>(ι.</strong></span> <span class='ocrx_word' id='word_1_808' title='bbox 169 2877 197 2909; x_wconf 85' lang='grc'><strong>0.</strong></span> <span class='ocrx_word' id='word_1_809' title='bbox 212 2877 304 2912; x_wconf 66' lang='grc' dir='ltr'>ὗιιεδελ</span> 
     </span>
    </p>
   </div>
  </div>
