1942 3100
278 175 331 203 219

761 173 790 201 s.
810 164 1002 201 CLEMEN'I'IS
1024 170 1035 198 ι
1052 169 1135 198 non.
1153 168 1254 196 rom.
1274 168 1388 196 OPERA
1406 167 1518 196 DUBlA.

1842 165 1899 192 seu

278 231 375 259 dextro
389 233 416 258 et
431 229 555 263 sinistro,
571 233 603 257 ut
618 237 673 257 non
689 229 789 257 habeat
806 230 873 257 alter
886 229 994 256 illorum
1007 235 1057 262 po-
1071 252 1072 255 η

1113 233 1135 252 τε
1146 224 1193 251 καὶ
1203 224 1335 259 εὐωνύμῳ
1344 222 1379 254 ⁸⁸,
1390 223 1495 258 ὡρίσθη
1510 221 1606 256 νόμος,
1624 220 1661 256 μὴ
1671 219 1695 236 ³⁸
1710 219 1783 255 ἔχειν
1796 219 1899 246 Emi-rw

279 281 414 310 testatem,
428 276 480 304 nisi
494 276 571 312 prius
582 276 696 303 conviva
708 276 860 311 cujuspiam
873 274 962 307 fuerit,
977 280 1059 309 quem

279 322 412 350 beneficio
426 323 468 349 vel
484 322 583 357 injuria
598 322 674 357 cupit
692 322 808 349 allicere.
833 321 911 348 Sicut
923 327 988 355 ergo
998 327 1060 354 per-

278 367 364 402 ceptis
387 367 540 398 sacriﬁciis,
555 374 616 401 quae
639 365 806 392 dazmonibus
828 364 935 391 fuerant
959 363 1059 394 oblata,

279 412 392 439 venistis
408 412 436 439 in
459 412 617 439 servitutem
639 411 713 438 illius
731 410 779 445 qui
802 410 912 437 malitia:
935 408 1060 443 princeps

278 461 331 490 est,
346 457 383 483 ita
395 456 419 484 si
431 456 510 484 abiis
521 455 706 483 abstinueritis
719 459 746 482 et
759 454 792 482 ad
804 454 888 482 Deum
900 461 948 488 per
957 453 1060 480 bonum

278 502 462 538 dextrumque
475 503 625 538 principem
638 501 831 537 confugeritis,
849 501 998 528 honoribus
1016 507 1061 527 sa-

279 548 375 577 crificii
386 549 543 584 expertibus
556 548 686 576 facientes
700 555 762 583 qua?
774 547 840 580 vult,
853 547 937 582 probe
951 546 1059 579 scitote,

279 594 350 629 quod
365 601 428 621 cum
444 594 565 629 corporis
581 595 700 621 sanitate
724 593 830 620 animas
846 599 955 627 quoque
970 591 1060 626 possi-

280 640 381 668 debitis
403 647 496 668 sanas.
522 639 581 675 Ipse
594 646 713 674 namque
736 639 828 670 solus,
848 646 898 673 per
921 637 1060 665 sinistram

279 686 417 718 occidens,
434 694 483 721 per
498 686 622 713 dextram
645 689 733 719 potest
746 685 829 711 vitam
854 683 964 719 largiri;
985 683 1060 718 pari-

278 735 373 765 terque
385 735 412 758 et
425 736 576 765 percutere,
588 734 615 757 et
627 731 761 765 iacentem
777 729 880 764 erigere
895 735 920 756 ⁸.

313 775 358 803 lV'.
366 775 510 811 Propterea
517 775 634 811 primum
643 784 657 803 a
664 783 753 810 praacu
757 782 832 803 rsore
839 774 950 802 Simone
956 774 1061 808 decepti

280 821 384 849 ratione
392 822 491 848 animae
498 822 596 849 mortui
604 822 670 849 estis
677 821 733 849 Deo
741 826 767 849 et
774 828 888 856 corpore
895 819 983 848 fuistis
993 820 1061 848 allii-

279 867 326 900 cti.
335 868 447 902 potestis
458 867 685 902 autemrsimiliter
697 867 795 894 iterum
803 875 851 901 per
863 866 1060 901 paenitentiam.

1111 279 1157 307 ρον
1171 270 1259 297 αὐτῶν
1274 269 1398 302 ἐξουσίαν
1409 288 1416 300 ,
1435 268 1483 295 ἐὰν
1501 267 1538 304 μὴ
1555 266 1688 302 πρότερόν
1706 274 1758 293 τινι
1775 265 1902 301 ὁμοτρὼ-

1109 316 1191 348 πεζος
1206 316 1334 350 γένηται,
1365 315 1395 341 ὃν
1411 314 1554 349 εὑποιῆσαι
1570 312 1587 348 ἢ
1615 311 1738 339 κακῶσαι
1758 310 1900 346 βούλεται.

1111 362 1196 388 Ὦσπε
1200 370 1216 397 ρ
1230 359 1275 388 οὖν
1289 360 1414 396 δαίμοσιν
1426 358 1628 394 ἀποδεδομένων
1639 357 1767 392 θυμάτων
1779 356 1902 392 μεταλα-

1110 406 1201 437 ϐόντες
1214 405 1252 441 τῷ
1262 405 1311 441 τῆς
1323 405 1422 436 κακίας
1431 403 1544 440 ἡγεμόνι
1558 401 1785 437 κατεδουλώθητε,
1795 401 1901 433 οὕτως,

1109 451 1143 478 ἂν
1155 451 1257 478 τούτων
1274 450 1443 485 παυσάμενοι
1463 448 1503 484 τῷ
1525 448 1584 483 Θεῷ
1602 447 1646 474 διὰ
1659 447 1706 474 τοῦ
1727 447 1832 481 ἀγαθοῦ
1852 447 1905 473 καὶ

1109 497 1195 529 δεξιοῦ
1208 495 1341 532 ἡγεμόνος
1355 494 1541 531 προσφύγητε,
1558 494 1666 525 ἀθύτοις
1679 494 1773 528 τιμαῖς
1785 492 1903 519 ποιοῦν-

1109 551 1155 575 τες
1167 543 1185 570 ἀ
1198 542 1333 578 βούλεται,
1346 539 1376 568 εὖ
1391 541 1448 567 ῐστε
1462 541 1502 567 Mt
1518 540 1566 566 σὺν
1580 540 1614 575 τῇ
1626 538 1674 565 τοῦ
1687 537 1813 573 σώματος
1826 537 1906 564 ίάσει

1111 588 1217 620 καὶτὰς
1233 587 1322 623 ψυχὰς
1340 585 1511 621 ὑγιαινούσας
1531 584 1614 617 ἕξετε.
1633 583 1720 615 Αὐτὸς
1733 583 1788 619 γὰρ
1816 583 1905 618 μόνος

1109 633 1154 660 διὰ
1165 633 1217 668 τῆς
1226 633 1372 668 ἀριστερᾶς
1383 631 1500 667 ἀναιρῶν
1515 630 1559 657 διὰ
1570 630 1619 666 τῆς
1629 629 1718 662 δεξιᾶς
1729 628 1906 664 ζωοποιῆσαι

1110 678 1229 705 δύναται·
1242 677 1344 713 ὁμοίως
1355 677 1384 704 δὲ
1398 677 1445 703 καὶ
1457 675 1590 708 πατάξαι,
1606 675 1654 702 καὶ
1670 674 1823 710 ἀναστῆσαι
1843 674 1909 701 κεί-

1112 732 1199 759 μενον.

1146 768 1188 796 ιν.
1210 768 1259 795 Διά
1271 767 1351 794 τοῦτο
1362 767 1468 803 πρῶτον
1478 767 1532 794 ὑπὸ
1544 767 1594 793 τοῦ
1606 765 1761 801 προδρόμου
1775 765 1906 800 Σίμωνος

1110 813 1357 850 προαπατηθέντες,
1373 813 1433 848 Θεῷ
1448 813 1498 844 τὰς
1513 812 1602 847 ψυχὰς
1623 812 1771 838 ἀπεθάνετε
1791 811 1844 837 καὶ
1870 810 1906 836 τὰ

1112 859 1224 895 σώματα
1237 859 1420 894 ὲπατάχθητε·
1435 858 1550 886 δύνασθε
1560 858 1588 884 δὲ
1601 857 1702 893 ὁμοίως
1715 856 1745 883 τὸ
1758 856 1905 892 δεύτερον,

279 913 380 945 υιιιίιὶ,
387 913 441 941 Deo
447 913 545 948 placita
553 913 669 947 amplexi
676 918 822 947 etcorpore
827 912 1026 944 canvalescere,
1033 915 1061 938 et

1113 906 1156 933 διὰ
1164 906 1214 941 τῆς
1225 905 1382 940 μετανοίας,
1394 904 1432 936 ὡς
1446 904 1524 939 ἔφην,
1542 903 1575 930 τὰ
1590 902 1650 938 Θεῷ
1667 903 1820 938 ἀρέσκοντα
1837 902 1907 931 ἀνα-

278 959 397 987 animam
408 959 667 995 recuperare.Porro
676 958 731 986 Deo
739 958 837 993 placita
846 963 910 986 sunt
918 967 924 985 :
931 965 992 985 eum
1000 965 1061 992 pre-

278 1003 335 1031 cari
347 1024 357 1038 ,
369 1009 461 1040 petere
473 1005 508 1032 ab
520 1005 567 1032 illo
581 1010 712 1040 tanquam
724 1005 758 1031 ab
770 1011 803 1032 eo
813 1004 860 1039 qui
872 1008 969 1031 cuncta
982 1011 1061 1038 aequa

278 1050 337 1086 lege
353 1051 457 1084 tribuit,
474 1051 628 1078 daemonum
644 1058 739 1078 mensa
760 1057 820 1078 sese
837 1049 990 1082 abstinere,
1005 1056 1061 1077 non

278 1100 388 1131 gustare
401 1103 510 1123 carnem
525 1096 708 1127 demortuam,
723 1095 884 1129 sanguinem
903 1102 957 1121 non
979 1093 1061 1121 attin-

277 1148 352 1176 gere.
365 1141 400 1168 ab
413 1133 487 1168 omrii
503 1141 596 1168 illuvie
609 1140 748 1167 mundari.
768 1139 882 1174 Reliqua
894 1143 986 1166 autem
1006 1146 1061 1166 uno

277 1185 374 1219 verbo,
385 1193 555 1220 quaecunque
569 1184 667 1217 Judaei,
681 1193 744 1220 erga
760 1184 846 1212 Deum
869 1184 990 1220 religiosi
1008 1184 1061 1211 ho-

277 1230 376 1264 mines,
392 1231 548 1262 audierunt.
564 1235 593 1258 et
607 1238 657 1258 vos
673 1231 764 1258 cuncti
788 1230 880 1258 audite
892 1251 900 1264 ,
916 1230 944 1257 in
967 1229 1061 1258 multis

277 1275 440 1310 corporibus
454 1283 536 1302 unam
549 1280 666 1302 mentem
678 1275 767 1310 adepti
779 1284 786 1302 :
799 1282 860 1309 quae
872 1275 1062 1310 unusquisque

277 1320 330 1348 sibi
343 1320 480 1348 desiderat
489 1320 572 1352 bona.
588 1321 682 1348 eadem
691 1325 719 1348 et
731 1321 764 1348 de
773 1320 897 1356 proximo
923 1325 1024 1348 statuat
1034 1321 1059 1348 ιν.

278 1366 326 1394 Sic
337 1371 428 1394 autem
440 1367 629 1401 unusquisque
638 1371 758 1394 vestrum
772 1367 874 1394 bonum
891 1366 1060 1401 cogitaverit,

278 1411 303 1438 si
321 1413 372 1439 ista
386 1412 458 1445 apud
473 1420 502 1440 se
518 1417 622 1446 repetat
636 1422 642 1438 :
666 1411 727 1439 Non
740 1412 782 1439 vis
796 1412 930 1440 interﬁci?
944 1412 1061 1440 alterum

278 1462 333 1482 non
351 1455 498 1484 interficias
517 1465 524 1489 ;
541 1465 595 1484 non
609 1457 651 1484 vis
665 1464 776 1484 uxorem
791 1461 866 1483 tuam
882 1457 916 1484 ab
930 1456 984 1484 alio
996 1450 1062 1484 con-

278 1501 415 1535 stuprari,
431 1502 543 1529 alterius
561 1506 673 1537 nuptam
698 1510 732 1529 ne
759 1506 929 1536 constupra;
948 1509 1001 1529 non
1019 1502 1062 1530 vis

278 1547 419 1582 quidpiam
440 1555 530 1574 rerum
548 1553 656 1575 tuarum
671 1548 744 1576 furto
769 1548 892 1575 auferri?
908 1549 976 1575 nihil
986 1548 1061 1575 .alte-

1110 949 1250 984 δεξάμενοι
1267 949 1316 976 καὶ
1327 949 1360 976 τὰ
1377 949 1491 984 σώματα
1501 947 1658 984 ἀναρρῶσαι
1679 947 1726 974 καί
1746 946 1796 978 τὰς
1810 946 1906 981 ψυχὰς

1110 993 1262 1021 ἀναλαϐεῖν.
1278 995 1356 1020 Ἔστι
1377 994 1406 1020 δὲ
1423 993 1458 1020 τὰ
1478 993 1629 1029 ἀρέσκοντα
1643 992 1683 1028 τῷ
1695 992 1755 1027 Θεῷ
1772 992 1803 1018 τὸ
1826 993 1906 1026 αὐτῷ

1111 1039 1318 1075 προσεύχεσθαν
1334 1039 1414 1065 αὑτὸν
1431 1040 1515 1066 αἰτεῖν
1525 1039 1548 1055 ⁹⁶
1562 1039 1601 1071 ὡς
1624 1038 1713 1065 πάντα
1734 1038 1811 1073 νόμῳ
1843 1047 1905 1073 κρι-

1110 1084 1178 1120 τικῷ
1191 1085 1306 1111 διδόντω
1317 1083 1457 1120 τραπέζης
1472 1084 1605 1119 δαιμόνων
1621 1083 1780 1119 ἀπέχεσθαι’
1797 1085 1905 1119 νεκρᾶς

1113 1129 1150 1165 μὴ
1165 1129 1296 1164 γεύεσθαί
1307 1130 1416 1165 σαρκός
1436 1129 1473 1165 μὴ
1485 1129 1565 1164 176
1573 1129 1669 1164 ψαύειν
1684 1129 1797 1163 αἵματος
1807 1128 1833 1144 ’⁷
1844 1135 1854 1143 ·
1874 1129 1906 1154 ἐκ

1111 1174 1211 1206 παντὸς
1223 1174 1401 1202 ἀπολούεσθαι
1408 1175 1432 1190 ⁸⁸
1445 1174 1571 1210 λύματος·
1584 1173 1617 1200 τά
1631 1173 1658 1200 δὲ
1671 1173 1752 1200 λοιπὰ
1763 1174 1802 1200 ἐνὶ
1817 1173 1905 1207 λόγῳ,

1111 1221 1149 1252 ὡς
1172 1220 1197 1247 οἱ
1215 1220 1282 1247 Θεὸν
1306 1220 1429 1252 σέϐοντες
1445 1220 1563 1255 ἤκουσαν
1580 1220 1700 1246 Ἰουδαῖοι
1716 1239 1724 1252 ,
1748 1220 1795 1246 καὶ
1823 1220 1907 1255 ὑμεῖς

1111 1265 1244 1293 ἀκούσατε
1264 1265 1381 1297 ἅπαντες
1391 1285 1398 1297 ,
1415 1266 1444 1292 ὲν
1462 1265 1570 1296 πολλοῖς
1585 1264 1693 1300 σώμασι
1709 1265 1772 1300 μίαν
1786 1265 1905 1300 γνώμην

1111 1310 1298 1343 ἀναλαὸόντες·
1315 1310 1386 1347 ἅπερ
1398 1311 1510 1343 ἕκαστος
1528 1310 1617 1346 ἑαυτῷ
1629 1310 1752 1346 βούλεται
1770 1311 1855 1342 καλὰ,
1872 1311 1907 1338 τὰ

1111 1355 1183 1383 αὒτά
1209 1355 1376 1390 βουλευέσθω
1392 1355 1414 1372 ³¹⁹
1442 1355 1490 1382 καὶ
1513 1354 1553 1390 τῷ
1576 1354 1700 1390 πλησίον.
1728 1354 1806 1381 Οὖτω
1831 1355 1856 1381 δ’
1872 1355 1906 1381 ἂν

1112 1401 1187 1436 ὑμῶν
1201 1402 1314 1432 ἕκαστος
1331 1401 1436 1436 νοήσειε
1451 1401 1480 1427 τὸ
1493 1401 1584 1432 καλὸν,
1598 1401 1622 1427 εί
1639 1400 1728 1436 ἐαυτῷ
1746 1400 1906 1435 διαλεχθείη

1110 1447 1145 1474 τὰ
1157 1446 1276 1473 τοιαῦτα·
1289 1447 1326 1473 Οὑ
1341 1446 1428 1478 θέλεις
1442 1445 1613 1481 φονευθῆναι,
1634 1446 1727 1481 ἓτερον
1747 1445 1784 1480 μὴ
1803 1445 1904 1480 φονεύ-

1113 1500 1172 1528 σῃς·
1188 1491 1219 1518 οὐ
1241 1491 1328 1523 θέλεις
1342 1491 1391 1526 τὴν
1406 1491 1455 1526 σὴν
1475 1492 1520 1526 ὑφ’
1542 1492 1636 1527 ἐτέρου
1653 1491 1830 1526 μοιχευθῆναι
1855 1499 1905 1525 γυ-

1111 1538 1204 1569 vdua,
1214 1537 1264 1573 τὴν
1278 1537 1370 1572 ἐτέρου
1390 1536 1428 1572 μὴ
1445 1537 1552 1572 μοίχευε
1565 1537 1699 1572 γαμετήν·
1719 1537 1750 1563 οὺ
1769 1536 1860 1568 Θέλεις
1878 1545 1904 1562 τι

279 1580 337 1620 rius
348 1580 454 1620 furare.
476 1593 565 1628 Atque
581 1594 617 1621 ita
633 1602 666 1621 ex
686 1594 764 1621 vobis
779 1594 846 1629 ipsis
871 1595 943 1629 quod
959 1595 1060 1621 rationi

1113 1581 1164 1608 τῶν
1183 1582 1236 1608 σῶν
1253 1581 1408 1617 κλαπῆναι,
1427 1582 1521 1616 ἑτέρου
1548 1581 1585 1616 μὴ
1610 1581 1709 1607 κλέπτε
1730 1581 1824 1616 μηδέν.
1850 1580 1904 1607 Καὶ

279 1642 494 1665 causentaneum
507 1643 549 1665 est
565 1639 744 1674 intelligentes
758 1644 840 1673 atque
849 1639 989 1671 facientes,
1003 1640 1058 1667 Deo

279 1683 357 1710 chari
371 1682 458 1710 εποιειὶ
475 1685 680 1718 consequentini
707 1684 868 1711 sanitatem:
891 1685 1013 1720 alioquin
1034 1690 1062 1712 et

279 1727 308 1754 in
324 1729 448 1762 praesenti
461 1730 560 1756 saeculo
575 1730 738 1764 corporibus
752 1730 967 1765 torquebimini,
981 1735 1016 1766 et
1032 1731 1061 1758 in

279 1771 374 1800 futuro
387 1773 538 1808 puniemiui
554 1775 709 1802 animabus.

315 1847 348 1875 V.
369 1849 432 1878 Haec
455 1859 471 1878 a
494 1851 575 1880 Petro
599 1853 693 1887 paucis
709 1852 805 1880 diebus
819 1853 907 1880 edocti
923 1857 950 1881 et
972 1853 1062 1880 sanati

279 1894 409 1929 baptizati
426 1902 501 1924 sunt.
519 1897 620 1924 Deinde
637 1899 707 1925 inter
721 1904 819 1925 caetera
844 1899 917 1926 illius
931 1899 1062 1926 miracula

279 1940 377 1974 reliqui
398 1948 493 1968 omnes
514 1944 540 1968 in
558 1942 646 1968 medio
672 1941 734 1969 foro
758 1942 860 1976 passim
882 1942 908 1968 in
928 1943 1021 1970 cinere
1037 1946 1064 1970 et

280 1992 360 2012 sacco
375 1985 515 2016 sedebant.
534 1991 646 2020 agentes
667 1986 855 2021 paenitentiam
871 1987 905 2014 de
927 1987 1063 2021 prioribus

280 2030 396 2059 delictis.
415 2031 507 2066 Et_qui
524 2032 653 2059 Sidonem
669 2033 835 2066 incolebant,
854 2034 904 2061 ista
923 2034 1064 2061 audientes

281 2077 381 2103 similia
397 2076 530 2108 fecerunt.
545 2079 731 2113 miseruntque
748 2078 781 2105 ad
798 2078 907 2106 Petrum
926 2079 1064 2114 supplica-

282 2126 374 2155 turos,
397 2124 471 2157 quod
497 2123 546 2157 ipsi
563 2128 673 2157 propter
687 2124 797 2151 morbos
819 2132 872 2151 non
899 2130 1011 2159 possent
1030 2125 1064 2152 ad

282 2168 359 2194 illum
377 2169 479 2195 venire.
498 2168 581 2203 igitur
604 2168 699 2196 Petrus
722 2177 784 2196 cum
811 2178 859 2204 per
883 2178 984 2204 paucos
1007 2170 1065 2197 dies

1111 1626 1198 1658 οὖτως
1216 1627 1263 1661 ἀφ’
1281 1626 1358 1662 ὑμῶν
1380 1625 1469 1652 αὐτῶν
1484 1625 1515 1652 τὺ
1532 1625 1640 1659 εὔλογον
1666 1625 1842 1656 συννοοῦντες
1858 1625 1906 1651 καὶ

1112 1672 1261 1704 ποιοῦντες,
1287 1671 1347 1706 Θεῷ
1368 1671 1526 1707 προσφιλεῖς
1549 1671 1707 1706 γενόμενοι,
1729 1669 1905 1701 ἐπιτεύξεσθε

1110 1718 1160 1753 τῆς
1187 1718 1302 1749 ἰάσεως,
1321 1717 1381 1744 ἐπεὶ
1396 1718 1444 1743 καὶ
1466 1717 1496 1743 ὲν
1518 1716 1557 1751 τῷ
1582 1716 1695 1751 παρόντι
1723 1715 1802 1742 αἰῶνι
1818 1715 1907 1751 βασα-

1112 1763 1268 1797 νιώήσεσθε
1287 1763 1322 1789 τὰ
1347 1762 1476 1798 σώματα,
1499 1762 1546 1788 καὶ
1567 1762 1596 1788 ὲν
1612 1761 1652 1796 τῷ
1677 1761 1800 1797 μέλλοντι
1824 1761 1907 1787 κολα-

1113 1808 1246 1844 σθήσεσθε
1262 1808 1310 1840 τὰς
1325 1807 1424 1843 ψυχάς.

1150 1854 1183 1882 ν.
1206 1854 1298 1880 Tat'wa
1309 1854 1343 1870 ¹⁰⁰
1359 1853 1411 1880 ὑπὸ
1425 1853 1472 1880 τοῦ
1489 1853 1592 1889 Πέτρου
1611 1853 1640 1879 ὲν
1661 1853 1767 1886 ὀλίγαις
1784 1853 1908 1888 ἡμέραις

1113 1900 1312 1935 κατηχηθέντες
1335 1899 1382 1926 καὶ
1402 1899 1523 1930 ἰαθέντες
1538 1898 1750 1934 ἐϐαπτίσθησαν.
1765 1899 1885 1925 Ἔπειτα
1897 1899 1905 1913 ⁸

1113 1947 1169 1977 τοῖς
1190 1945 1293 1976 λοιποῖς
1320 1944 1401 1971 αὑτοῦ
1428 1944 1563 1979 θαύμασιν
1589 1945 1614 1970 oi
1633 1944 1722 1971 λοιποὶ
1748 1944 1853 1976 πάντες
1879 1944 1906 1970 ἐν

1116 1991 1211 2026 μέσαις
1220 1992 1280 2022 ταῖς
1292 1991 1405 2024 ἀγοραῖς
1416 1990 1551 2025 πανδημεὶ
1565 1990 1611 2016 ἐπὶ
1627 1990 1726 2017 σποδοῦ
1737 1990 1786 2016 καὶ
1802 1990 1906 2016 σάκκου

1114 2034 1284 2066 ἐκαθέζοντο,
1299 2035 1489 2070 μετανοοῦντες
1502 2035 1548 2060 ἐπὶ
1561 2036 1617 2066 τοῖς
1631 2035 1762 2071 πρότερον
1775 2037 1905 2071 ἡμαρτη-

1117 2081 1217 2116 μένοις.
1236 2080 1291 2106 Καὶ
1305 2080 1330 2105 οί
1346 2080 1374 2106 ὲν
1388 2079 1482 2106 Σιδῶνι
1495 2079 1580 2106 ταῦτα
1596 2080 1763 2111 ἀκούσαντες
1775 2080 1812 2106 τὰ
1826 2081 1907 2115 ὅμοια

1115 2125 1257 2159 ἐποίησαν,
1282 2124 1328 2150 καὶ
1351 2123 1443 2155 ἱκέτας
1459 2124 1527 2159 πρὸς
1542 2124 1587 2150 τὸν
1603 2124 1705 2159 Πέτρον
1727 2124 1905 2154 ἀπέστελλον.

1115 2170 1153 2201 ὡς
1170 2169 1246 2196 αὐτοὶ
1261 2169 1305 2196 διὰ
1320 2169 1369 2201 τὰς
1384 2170 1477 2201 νόσους
1501 2170 1568 2206 πρὸς
1585 2169 1665 2196 αὐτὸν
1687 2170 1774 2196 ἐλθεῖν
1800 2170 1839 2206 μὴ
1864 2170 1907 2196 δυ-

282 2212 346 2248 Tyri
368 2218 554 2241 commoratus
568 2219 640 2241 esset
665 2220 833 2249 cunctosque
849 2216 921 2243 illius
947 2216 1064 2243 civitatis

1113 2215 1235 2250 νάμενοι,
1250 2215 1392 2250 ὈιΠέτρος
1408 2215 1436 2241 δὲ
1449 2215 1560 2250 ἡμερῶν
1573 2215 1604 2241 οὐ
1617 2215 1721 2242 πολλῶν
1732 2216 1907 2252 ὲνδιατρίψας

282 2257 409 2285 homines
435 2259 632 2292 instruxisset,
661 2263 688 2286 ct
715 2259 886 2287 liberavisset
912 2261 1064 2296 omnigenis

283 2304 397 2335 morbis.
414 2311 446 2331 ac
463 2305 627 2332 instituiSsct
641 2306 795 2337 ecclesiam,
813 2310 892 2340 atque
909 2314 941 2334 ex
952 2307 1065 2342 presby‘

283 2348 365 2380 teris,
384 2348 430 2382 qui
446 2356 508 2375 eum
525 2350 726 2384 sequebantur,
742 2350 808 2384 ipsis
825 2350 982 2385 episcopum
1000 2358 1065 2377 con-

283 2394 428 2427 stituisset,
446 2394 574 2421 Sidonem
604 2395 716 2430 appulit.
735 2395 770 2422 At
810 2395 925 2428 Simon,
952 2396 1066 2424 audiens

275 2440 356 2476 _quod
382 2440 541 2468 adventaret
569 2441 684 2473 Petrus,
712 2440 856 2469 confestim
879 2442 914 2468 ad
939 2441 1066 2476 Bcrytum

283 2486 390 2522 aufugit
407 2495 468 2514 cum
483 2487 606 2522 Appione
622 2492 650 2514 ct
666 2488 758 2515 sociis.

320 2601 334 2615 ι
345 2595 422 2623 Deut.
440 2604 527 2630 xxxii,
541 2597 592 2630 39:
612 2596 622 2624 Ι
638 2597 704 2634 Reg.
721 2607 752 2632 ll,
766 2598 793 2626 6.
835 2599 849 2618 ἱ·
863 2598 958 2626 Matth.
974 2606 1023 2631 vn,
1039 2599 1083 2626 12.

1116 2262 1149 2296 τῇ
1159 2261 1170 2276 ⁸
1181 2261 1270 2296 Τύρῳ,
1287 2261 1335 2287 καὶ
1349 2262 1506 2296 κατηχήσας
1520 2261 1584 2293 τοὺς
1599 2261 1628 2287 ἐν
1643 2262 1712 2297 αὐτῇ
1726 2262 1809 2297 177
1821 2263 1908 2289 ἃπαν-

1117 2315 1183 2338 τας,
1209 2307 1256 2333 καὶ
1281 2306 1456 2334 παντοδαπῶν
1482 2307 1581 2338 αὐτοὺς
1607 2306 1765 2338 ἀπαλλάξας
1796 2307 1906 2338 παθῶν.

1118 2352 1265 2387 ἐκκλησίαν
1281 2361 1311 2378 τε
1328 2351 1539 2387 συστησάμενος,
1557 2351 1604 2378 καὶ
1624 2351 1678 2379 ἀπὸ
1692 2351 1748 2378 τῶν
1764 2353 1908 2388 ἑπομένων

1118 2398 1192 2433 αὐτῷ
1216 2398 1405 2433 πρεσϐυτέρων
1429 2398 1578 2424 ἐπίσκοπον
1601 2398 1692 2428 αὐτοῖς
1709 2399 1905 2434 καταστήσας,

1118 2442 1246 2477 ὥρμησεν
1261 2442 1300 2473 εἰς
1311 2441 1421 2468 Σιδῶνα.
1441 2441 1469 2468 Ὁ
1484 2442 1512 2468 δὲ
1524 2442 1615 2477 Σίμων
1635 2442 1729 2477 μαθὼν
1742 2443 1847 2477 ἥκοντα
1862 2443 1906 2469 τὸν

1118 2488 1219 2522 Πέτρον
1235 2487 1316 2518 εὐθὺς
1337 2486 1440 2522 ἀπέδρα
1453 2487 1493 2518 εἰς
1514 2487 1634 2523 Βηρυτὸν
1651 2489 1708 2522 μετ’
1719 2487 1729 2503 ³
1753 2488 1906 2519 Ἀππίωνος

1119 2532 1165 2558 καὶ
1180 2531 1234 2559 τῶν
1248 2531 1331 2559 αὑτοῦ
1345 2531 1467 2567 ἑταίρων.
1862 2540 1866 2544 ⁵

933 2654 1050 2681 VARIA'I
1071 2654 1270 2684 LECTIONES.

321 2721 344 2755 ξι
363 2717 400 2747 Ita
418 2717 440 2745 D
455 2719 559 2755 ,δεξιόν
576 2728 605 2746 τε
624 2721 672 2747 καὶ
692 2720 838 2755 εὐωνύμων
861 2720 882 2747 C
897 2741 904 2752 ,
936 2721 1029 2753 δεξιῶν
1062 2731 1091 2748 τε

1115 2723 1166 2759 καί
1187 2722 1334 2759 εὐωνύμων
1365 2721 1399 2759 Οἶ
1436 2725 1472 2759 7"
1489 2723 1560 2759 μήο
1579 2729 1607 2752 et
1628 2724 1663 2751 de
1684 2725 1803 2759 conject.
1822 2725 1845 2753 C
1860 2746 1868 2758 ,
1880 2726 1904 2752 in

286 2752 365 2793 fuitis
391 2757 464 2780 textu
480 2754 566 2782 deest.
578 2789 585 2793 _
603 2755 627 2771 ⁹⁶
638 2755 679 2793 ita
696 2763 728 2781 ex
739 2752 854 2793 corijcct.
870 2752 1000 2793 (ἰὴ-ἐστίν
1016 2761 1128 2793 uterque
1148 2757 1225 2793 llum.
1247 2752 1341 2784 codex.
1359 2758 1401 2793 -οῖ
1415 2752 1563 2793 αϊμαέαὈ.
1600 2759 1624 2777 ⁸⁸
1638 2759 1714 2787 Hanc
1725 2752 1904 2787 Ottoboniani

287 2787 430 2829 lectionem
443 2789 616 2829 commendat
680 2798 718 2829 ex
728 2787 856 2829 conject”
882 2787 927 2829 sed
940 2787 1191 2829 ξιιμ-ἀπολύεσθαι
1210 2791 1234 2818 in
1251 2796 1336 2829 textu.
1357 2787 1458 2829 Deinde
1468 2793 1548 2829 οἰ
1561 2802 1585 2821 c.
1598 2793 1621 2821 Ο
1637 2815 1644 2827 ,
1655 2795 1712 2820 ὅσοι
1725 2795 1757 2829 (f.
1773 2796 1838 2828 ὅσα)
1862 2795 1881 2822 C
1895 2814 1903 2826 .

287 2822 328 2846 οσ¹
347 2823 372 2847 οἱ
396 2822 426 2849 S.
477 2823 499 2838 ⁹⁹
516 2823 536 2848 Ι)
559 2824 686 2851 emendat

705 2824 839 2858 βουλέσθω
884 2825 917 2840 ¹⁰⁰
940 2825 1055 2853 Τοιαῦτα
1065 2827 1095 2853 ι]-

1147 2828 1162 2867 ¹¹
1172 2826 1259 2867 Forte
1269 2827 1320 2867 lc_g.
1333 2826 1382 2867 καὶ
1394 2827 1450 2866 ἐκεῖ.
1468 2827 1608 2864 Vulgatam
1622 2826 1904 2867 saltcmjscripturam

290 2855 361 2884 haud
376 2864 471 2884 sanam
483 2864 544 2886 esse
558 2858 638 2887 facile
649 2855 768 2894 apparet.
781 2859 808 2886 S.
848 2860 857 2875 '
868 2860 907 2894 τῷ
922 2859 949 2887 S.
988 2860 998 2876 ³
1012 2862 1079 2896 μετά
1089 2860 1120 2889 0.
1137 2860 1208 2889 ldcm
1220 2855 1315 2890 deinde
1331 2861 1439 2889 ἑαυτοῦ.
