1942 3100
581 165 807 196 CLEMENTINA.
828 182 863 190 -—
880 167 1020 198 IIOMILIA
1040 171 1095 199 VII.

1595 175 1648 203 22%

86 220 125 247 Vl.
143 219 235 267 τοῦδε
251 219 357 256 Πέτρου
376 219 502 254 εἰσιόντος
518 221 556 254 είς
569 222 617 258 τὴν
627 223 738 257 Σιδῶνα,
753 225 817 251 πολ-

903 227 948 255 Yl.
968 228 1102 257 Caeterum
1128 236 1189 257 cum
1204 228 1301 259 Petrus
1315 230 1442 259 Sidonem
1455 231 1594 267 ingressus
1605 239 1651 259 cs-

59 265 109 298 λοὺς
122 265 148 292 ἑν
161 263 263 296 κλίναις
278 265 409 301 φέροντες
423 266 476 302 πρὸ
491 267 572 294 αὑτοῦ
591 269 723 296 ἐτίθεσαν.
742 270 771 296 '0
792 270 820 297 δὲ

59 311 113 347 πρὸς
126 311 217 342 αὐτοὺς
234 310 286 346 ἔφη
298 319 306 327 ·
326 312 371 348 Μὴ
389 312 478 340 τοίνυν
490 314 616 349 νομίσητε
634 315 683 350 ἐμέ
704 324 730 342 τι
743 315 820 343 δύνα-

59 357 108 385 σθαι
122 356 184 392 πρὸς
200 356 338 392 ὑμετέραν
353 357 434 390 ίασιν,
455 359 539 395 ἀνδρα
562 359 656 395 θνητὸν
677 362 724 388 καὶ
741 362 821 389 αὐτὸν

57 403 146 434 πολλοῖς
155 402 266 429 πάθεσιν
284 404 431 430 ὑποπεσεῖν
444 404 589 440 δυνάμενον
600 414 607 421 ·
620 407 782 442 ὑφηγεῖσθαι
793 408 821 435 δὲ

57 448 110 484 ὑμῖν
123 448 164 475 τὸν
177 448 275 484 τρόπον
291 449 326 476 δι’
342 448 371 476 οῦ
386 450 502 485 σωθῆναι
519 451 663 486 δυνήσεσθε
677 453 707 479 οὺ
721 452 819 488 φθονῶ,

57 494 95 520 καὶ
107 493 180 524 αὐτὸς
194 494 269 529 παρὰ
285 495 334 522 τοῦ
357 495 408 530 τῆς
428 496 553 532 ἀληθείας
569 497 708 534 Προφήτου
730 499 821 535 μαθὼν

57 538 109 570 τοὺς
129 539 348 574 προωρισμένους
367 539 414 566 τοῦ
437 540 503 568 Θεοῦ
528 542 581 578 πρὸ
605 543 755 579 καταϐολῆς
776 544 823 571 κό-

58 592 114 618 σμου
129 584 262 619 ὁρισμοὺς,
277 584 351 619 λέγω
369 585 397 612 δὲ
412 586 457 612 ἐπὶ
481 586 571 618 ποίαις
591 589 688 620 κακαῖς
709 588 822 624 πράξεσι

57 629 107 660 tab;
118 629 270 665 ἀνθρώπους
285 630 380 663 ἔταξεν
397 631 448 658 ὑπὸ
460 631 506 657 τοῦ
518 632 567 668 τῆς
580 633 678 665 κακίας
692 634 823 670 ἡγεμόνος

58 676 195 709 κακοῦσθαι,
211 678 316 713 ὁμοίως
329 678 357 705 δὲ
370 678 381 695 ⁸
395 679 440 706 ἐπὶ
455 680 545 710 ποίαις
563 681 678 715 ἀγαθαῖς
694 682 822 718 πράξεσιν

57 721 124 758 ὥρισε
138 722 264 759 πρότερον
285 724 484 758 πιστεύσαντας
501 726 578 762 αὐτῷ
594 727 699 764 ἰωμένῳ
714 728 749 755 τὰ
770 728 822 756 σώ-

58 777 117 802 ματα
135 768 273 801 σώζεσθαι,
298 769 394 797 ἔπειτα
416 771 463 798 καὶ
486 772 536 804 τὰς
553 772 640 809 ψυχὰς
659 774 822 811 ἐπανορθοῦ-

58 813 106 840 σθαι
119 814 181 850 πρὸς
194 815 225 841 τὸ
239 815 406 853 ἀνώλεθρον.

84 859 131 887 VII.
150 861 253 893 Ταύτας
269 862 362 889 τοίνυν
375 862 425 896 τάς
437 872 466 890 τε
480 863 583 899 ἀγαθὰς
599 865 645 892 καὶ
656 865 744 897 κακὰς
754 866 823 902 πρά-

57 904 100 936 ξεις
111 905 179 937 εἰδὼς
199 907 353 942 προμηνύω
377 908 440 944 ὑμῖν
462 909 500 941 ὡς
513 909 524 926 ³
539 910 614 942 ὁδοὺς
636 910 692 942 δύο,
717 912 822 938 ὑποδει-
837 907 858 935 Β

57 948 127 977 κνΰων
135 950 176 976 διὰ
188 952 268 983 ποίας
285 953 336 987 μὲν
359 952 510 987 βαδίζοντες
531 954 703 988 ἀπόλλυνται,
721 956 799 983 ποίαν
811 957 821 973 ⁸

56 994 78 1020 δὲ
90 995 210 1028 ὁδεύοντες
225 998 428 1031 ἀποσώζονται,
445 999 505 1035 Θεῷ
518 1000 702 1036 ὁδηγούμενοι.
729 1002 762 1028 Ἦ
773 1002 822 1038 μὲν

56 1038 93 1067 οὖν
103 1041 149 1069 τῶν
164 1042 360 1079 ἀπολλυμένων
381 1044 439 1077 ὁδὸς
452 1045 565 1073 πλατεῖα
573 1047 637 1082 ,μὲν
653 1047 699 1074 καὶ
715 1047 822 1082 ὁμαλω-

57 1086 119 1121 τάτη,
133 1088 300 1116 ἀπολλύουσα
316 1090 348 1117 δὲ
366 1091 429 1117 ἄνευ
448 1090 494 1117 τοῦ
509 1086 599 1124 πόνου,
621 1093 638 1128 ἡ
651 1092 680 1120 ἃ
698 1092 752 1120 τῶν
768 1101 821 1120 σω-

57 1132 155 1167 ζομένων
171 1135 249 1170 στενὴ
277 1135 330 1170 μὲν
352 1136 401 1162 καὶ
420 1138 542 1171 τραχεῖα,
563 1136 686 1169 σώζουσα
707 1138 736 1164 δὲ
754 1137 823 1174 πρὸς

57 1178 87 1212 τῷ
104 1179 166 1205 τέλει
181 1181 243 1212 τοὺς
258 1180 488 1217 διαπορευθέντας
508 1183 652 1215 ἐπιπόνως.
668 1183 776 1212 Τούτων
794 1184 823 1212 δὲ

57 1222 103 1249 τῶν¹
113 1223 153 1251 δύο
175 1224 239 1252 ὁδῶν
259 1226 461 1261 προκαθέζεται
478 1227 558 1262 1⁵18
581 1228 692 1255 ἀπιστία
713 1229 760 1256 καὶ
777 1228 823 1256 πί-

57 1277 117 1299 στις·
132 1270 174 1296 καὶ
197 1270 319 1298 ὁδεύουσι
339 1271 383 1298 διὰ
403 1272 452 1308 μὲν
469 1272 596 1305 ἀπιστίας
613 1274 638 1300 οί
658 1273 709 1306 τὰς
727 1273 823 1309 ἡδονὰς

57 1314 237 1350 προκρίναντες,
262 1317 299 1343 δι’
317 1317 354 1349 ἃς
377 1316 529 1353 [ποιοῦντες
550 1317 566 1345 δ
586 1319 636 1346 οὒκ
656 1318 769 1354 ἀρεστὸν
783 1318 823 1354 τῷ

57 1360 103 1395 Θεῷ
116 1362 159 1388 καὶ
170 1362 366 1398 ίάμελήσαντες
382 1364 422 1395 είς
442 1364 472 1391 τὸ
486 1364 570 1392 σῶσαι
585 1364 674 1401 ψυχὴν
690 1365 729 1401 τῷ
742 1365 823 1401 λόγῳ,

57 1405 159 1433 ἐλάθοντο
178 1408 285 1444 ἡμέρας
304 1409 425 1444 κρίσεως
440 1408 475 1445 ⁷,]
488 1409 547 1437 οὐδὲ
570 1410 660 1446 ζητεῖν
672 1410 704 1437 τὸ
719 1410 823 1447 συμφέ-

57 1452 130 1485 paveo
140 1452 310 1487 διεφύλαξαν.
333 1454 470 1488 ’Δγνοοῦσι
486 1455 576 1490 μέντοι
591 1456 630 1488 ὡς
649 1457 699 1483 οὐκ
719 1457 825 1494 ἀνθρω-

56 1497 127 1530 πίνοις
139 1498 214 1534 ὅμοια
226 1499 262 1526 τά
286 1500 358 1527 Θεοῦ
382 1500 538 1537 βουλήματα
549 1509 556 1517 ·
577 1501 685 1537 πρῶτον
705 1503 753 1538 μὲν
770 1503 825 1539 γὰρ

56 1541 98 1569 οἶδε
110 1543 140 1570 τά
159 1545 266 1572 πάντων
282 1546 463 1581 διανοήματα,
477 1547 524 1573 καὶ
536 1546 585 1573 οὐκ
599 1547 628 1573 ὲν
643 1547 682 1583 τῷ
700 1548 825 1584 ἑγχειρῆ-

57 1596 92 1614 σαι
105 1588 186 1623 μόνον,
202 1589 270 1617 ἀλλά
285 1590 337 1617 καὶ
350 1591 380 1618 ὲν
391 1590 430 1625 τῷ
447 1591 570 1626 ἐννοῆσαι
591 1592 704 1624 ἕκαστος
717 1592 825 1619 εὐθύνε-

56 1642 98 1660 ται.
111 1635 194 1670 Πολλῷ
204 1636 215 1652 ⁸
227 1636 256 1662 δὲ
270 1633 356 1671 ἦττον
369 1635 511 1663 ἀσεϐοῦσιν
519 1636 544 1663 ot
560 1636 745 1672 ἐγχειροῦντες
757 1636 828 1664 καλὰ

57 1681 111 1706 νοεῖν
119 1680 161 1708 καὶ
169 1681 415 1717 ἀποτυγχάνοντες,
422 1681 478 1708 τῶν
486 1681 551 1718 μηδὲ
559 1682 625 1714 ὅλως
634 1683 826 1718 ἐγχειρούντων

57 1728 100 1757 τοῖς
111 1727 204 1759 καλοῖς.
222 1729 282 1755 ὐτι
295 1728 372 1763 αὑτῷ
388 1728 427 1764 τῷ
444 1728 504 1764 Θεῷ
517 1728 615 1761 ἔδοξεν,
627 1729 671 1755 τὸν
685 1729 714 1755 ὲν
729 1728 826 1762 γνώσει

57 1771 99 1798 τῶν
109 1772 190 1800 καλῶν
204 1774 418 1810 παραπίπτοντα
433 1775 455 1805 ⁵,
471 1773 542 1801 κατά
555 1774 632 1808 λόγον
653 1774 706 1800 τῶν
725 1773 828 1809 ἀνθρω-

57 1817 126 1843 ττίνων
138 1819 380 1854 παραπτωμάτων,
397 1819 513 1855 μετρίως
528 1818 691 1845 κολασθέντα
705 1818 727 1836 '°
745 1818 828 1854 σωθῆ-

58 1870 100 1888 vat.
115 1863 142 1889 Οἱ
160 1863 187 1890 δὲ
204 1863 255 1899 τὴν
280 1863 372 1899 ἀρχὴν
393 1864 440 1890 καὶ
459 1862 506 1889 τοῦ
532 1863 632 1898 γνῶναι
653 1862 683 1889 τὸ
707 1863 828 1898 κρεῖττον

59 1906 240 1943 ἔξημεληκὰτες,
256 1909 312 1936 κᾶν
331 1909 414 1944 μυρία
428 1909 509 1945 ἔτερα
531 1908 654 1944 πράξωσι
677 1907 756 1940 καλὰ,
771 1909 798 1934 ὲν

58 1951 81 1977 δὲ
92 1952 160 1984 αὐτὸς
169 1953 251 1990 ὥρισε
269 1953 406 1990 θρησκείᾳ
421 1954 458 1989 μὴ
481 1954 622 1988 γένωνται,
639 1953 768 1988 ἀμελείας
782 1952 829 1987 ἔγ·-

59 1997 133 2033 νλημα
145 1999 269 2032 λαῦόντες
280 2001 317 2036 τῇ
347 1999 460 2036 μεγίστῃ
481 1999 728 2035 ἀποσϐεσθήσονται
747 1999 828 2028 κολά-

61 2051 93 2069 σει
105 2045 232 2078 παντελῶς
242 2046 275 2076 ⁸⁸,

88 2088 143 2116 VIII.
166 2090 198 2117 Ἡ
217 2091 246 2118 δὲ
267 2091 316 2118 ὑπ’
334 2089 416 2117 αὐτοῦ
440 2089 578 2126 ὀρισθεῖσα
604 2090 734 2126 θρησκεία
757 2090 828 2117 ἐστὶν

61 2134 132 2171 uitur
150 2137 184 2164 Τὸ
200 2138 280 2173 μόνον
295 2137 378 2164 αὐτὸν
395 2137 493 2169 σέϐειν,
509 2137 555 2164 καὶ
570 2136 610 2172 τῷ
632 2136 680 2172 τῆς
702 2136 829 2171 ἀληθείας

63 2181 121 2217 μόνῳ
136 2183 268 2210 πιστεύειν
286 2184 424 2218 προφήτῃ,
442 2184 489 2209 καὶ
512 2183 553 2214 είς
576 2183 671 2217 ἄφεσιν
689 2182 829 2218 ἁμαρτιῶν

838 1576 860 1605 C

62 2226 226 2264 βαπτισθῆναι,
243 2231 296 2257 καὶ
319 2229 404 2261 οὕτως
426 2229 470 2255 διὰ
495 2230 544 2265 τῆς
569 2229 717 2264 ἀγνοτάτης
743 2228 830 2264 βαφῆς
845 2244 866 2271 υ

61 2271 251 2311 ἀνι-γεννηθῆναι
268 2275 331 2308 Θεῷ
347 2275 392 2302 διὰ
414 2274 461 2301 τοῦ
486 2275 616 2306 σώζοντος
633 2274 742 2305 ὕδατος·
760 2283 827 2309 τρα-

63 2317 132 2354 ita];
145 2319 277 2356 δαιμόνων
293 2321 330 2357 μὴ
349 2320 576 2356 μεταλαμϐάνειν,
592 2320 663 2354 λέγω
679 2320 706 2346 δὲ
726 2320 829 2346 εἰδωλοσ

63 2362 143 2396 θύτων,
157 2367 273 2402 νεκρῶν,
289 2366 419 2398 πνικτῶν,
438 2365 623 2402 θηριαλώτων,
642 2366 771 2401 αἴματος”
790 2366 827 2401 μὴ

64 2409 202 2446 ἀκαθάρτως
314 2411 405 2447 βιοῦν,
422 2411 474 2438 ἀπὸ
491 2411 584 2446 κοίτης
602 2411 728 2445 γυναικὸς
750 2411 827 2437 λούε-

65 2455 122 2489 σθαι,
132 2457 209 2490 absit;
225 2459 317 2494 μέντοι
333 2458 381 2485 καὶ
396 2458 508 2493 ἀφεδρον
519 2457 675 2492 φυλάσσειν,
687 2457 790 2488 πάντας
800 2456 829 2483 δὲ

66 2504 200 2536 σωφρονεῖν,
226 2504 357 2535 εὐποιεῖν,
384 2503 421 2538 μὴ
438 2503 554 2530 ἀδικεῖν·
579 2502 654 2538 παρά
673 2502 721 2528 τοῦ
743 2502 832 2528 πάντα

65 2546 189 2584 δυναμένου
204 2551 272 2578 Θεοῦ
289 2550 362 2586 ζωὴν
378 2550 484 2577 αίώνιον
499 2549 664 2585 προσδοκᾷψ
681 2549 773 2583 εὐχαῖς
784 2548 832 2574 καὶ

66 2592 155 2629 δεήσεσι
169 2597 304 2633 συνεχέσιν
314 2597 490 2631 αἰτουμένους
504 2595 588 2630 αὐτὴν
600 2594 701 2621 λαὸεῖν.
713 2593 832 2635 Τοιαῦτα

93 2656 105 2670 ι
116 2650 201 2680 Matth.
218 2661 267 2688 vn,
283 2653 327 2681 I5.

871 278 923 306 set,
940 274 1043 302 multos
1059 274 1087 302 in
1107 275 1184 303 lectis
1201 275 1298 303 allatos
1314 284 1405 304 coram
1419 277 1478 312 ipso
1488 281 1648 312 posuerunt.

870 318 917 347 llle
930 324 1020 347 autem
1045 319 1113 348 dixit
1136 321 1170 348 ad
1195 328 1262 349 eos:
1288 321 1327 349 Ne
1344 329 1407 350 vero
1426 322 1587 350 existimetis
1606 329 1650 350 me

871 366 971 401 aliquid
983 373 1064 400 posse
1077 366 1111 394 ad
1125 368 1294 395 curationem
1311 372 1438 401 vestram,
1454 368 1501 403 qui
1525 367 1576 395 sim
1592 368 1650 402 ipse

871 419 979 446 quoque
1003 411 1084 440 homo
1109 413 1242 445 mortalis,
1260 417 1287 441 et
1308 413 1336 441 in
1363 415 1446 441 multa
1463 414 1564 448 possim
1583 413 1651 440 inci-

871 456 935 485 dere
950 457 1062 485 adversa
1082 465 1089 484 :
1104 457 1202 486 docere
1216 462 1307 486 autem
1325 466 1373 486 vos
1387 459 1497 486 modum
1512 466 1567 494 quo
1583 458 1651 486 salvi

871 510 932 531 esse
945 503 1066 537 possitis,
1083 511 1136 531 non
1152 505 1295 539 gravabor,
1310 505 1357 540 qui
1372 505 1429 540 ipse
1444 505 1525 532 etiam
1549 513 1564 532 a
1577 506 1652 533 veri-

871 548 935 576 tatis
957 547 1090 583 Propheta
1115 549 1196 577 didici
1219 549 1343 585 praeﬁxos
1359 557 1374 577 a
1396 549 1451 578 Deo
1471 555 1533 578 ante
1557 550 1651 579 mundi

872 594 1091 622 constitutionem
1105 595 1246 629 terminos,
1261 595 1288 622 in
1303 595 1441 631 qualibus,
1455 596 1576 630 inquam,
1594 604 1653 623 ma-

871 640 905 668 lis
921 641 1047 676 operibus
1061 641 1226 677 disposuerit
1238 646 1268 669 ut
1283 642 1408 670 homines
1425 650 1439 669 a
1455 642 1565 669 malitia:
1581 643 1651 670 duce

872 686 1034 721 atlligantur,
1053 687 1099 715 sed
1115 687 1242 715 similiter
1265 687 1292 714 in
1317 687 1443 720 qualibus
1466 687 1546 715 bonis
1561 688 1650 722 operi-

872 731 924 759 bus
938 732 1087 760 decreverit
1100 737 1140 765 ut,
1157 733 1203 767 qui
1223 732 1249 759 in
1266 739 1328 760 eum
1352 732 1425 759 velut
1443 732 1575 759 medicum
1591 740 1650 759 cre-

873 777 1005 811 diderint,
1019 777 1096 813 prius
1111 785 1226 812 corpore
1245 781 1385 811 curentur,
1402 777 1498 805 deinde
1513 782 1540 805 et
1561 778 1651 805 anima

874 823 1059 850 instaurentur
1072 823 1105 851 ad
1123 823 1248 851 salutem.

909 879 965 907 Vll.
986 879 1041 907 Has
1053 887 1118 916 ergo
1131 881 1308 916 'cognoscens
1320 881 1407 909 bonas
1422 887 1449 909 et
1464 882 1551 910 malas
1567 884 1652 912 actio-

873 932 921 953 nes
935 925 1087 960 przenuntio
1102 925 1180 953 vobis
1191 926 1269 961 quasi
1282 926 1350 954 duas
1365 927 1512 956 ostendens
1524 929 1592 962 vias,
1607 938 1654 964 per

871 978 951 1005 quam
964 970 1072 1005 quidem
1087 971 1241 1006 gradientes
1255 976 1385 1006 pereant,
1406 979 1455 1008 per
1476 980 1558 1007 quam
1588 982 1653 1000 vero

871 1017 1025 1044 incedentes
1041 1016 1188 1050 salvantur,
1199 1017 1273 1045 ducti
1286 1017 1432 1052 aDeo.,Via
1445 1018 1528 1053 igitur
1538 1027 1655 1054 pereun-

871 1056 938 1091 tium
955 1062 1009 1090 lata
1016 1067 1057 1090 est
1064 1067 1090 1090 et
1100 1063 1268 1098 planissima,
1279 1063 1530 1100 perditqueabsque
1546 1065 1652 1099 labore;

872 1111 900 1134 at
911 1107 956 1135 via
965 1111 1134 1135 servatorum
1146 1113 1260 1144 angusta
1272 1113 1313 1136 est
1328 1113 1355 1136 et
1371 1117 1477 1145 aspera,
1494 1110 1656 1145 tandemque

861 1145 923 1174 liter
939 1146 1069 1175 facientes
1084 1153 1175 1176 servat
1187 1156 1250 1176 cum
1270 1149 1362 1177 labore
1377 1150 1461 1178 multo
1478 1157 1504 1178 ι.
1522 1150 1655 1180 Caaterum

861 1190 905 1219 bis
920 1191 1027 1220 duabus
1041 1193 1093 1220 viis
1109 1193 1257 1228 praesident
1274 1195 1451 1224 incredulitas
1463 1202 1489 1224 et
1501 1196 1580 1230 ﬁdes,
1592 1206 1656 1234 pro-

861 1236 1022 1265 ﬁciscuntur
1033 1242 1124 1266 autem
1136 1247 1184 1274 per
1197 1239 1414 1269 incredulitatem
1428 1242 1539 1279 quidem
1553 1243 1600 1279 qui
1612 1252 1657 1272 νου

862 1284 980 1319 luptates
993 1284 1181 1320 praetulerunt,
1194 1291 1302 1321 propter
1313 1295 1381 1323 quas
1394 1287 1478 1325 [quod
1490 1288 1546 1317 Deo
1558 1290 1655 1326 displi-

872 1338 915 1362 cet
937 1333 1068 1361 facientes
1088 1340 1176 1368 neque
1197 1340 1290 1360 curam
1305 1333 1402 1360 anima:
1424 1332 1519 1360 salutis
1534 1337 1658 1368 gerentes

873 1379 927 1407 diei
941 1378 1037 1414 judicii
1052 1379 1128 1406 obliti
1149 1378 1224 1415 sunt]
1239 1386 1336 1413 ,neque
1356 1377 1429 1413 quod
1445 1379 1510 1406 utile
1520 1383 1563 1407 est
1579 1387 1659 1406 cura-

873 1429 970 1454 verunt
996 1433 1128 1461 quaarere.
1160 1425 1253 1461 Itaque
1288 1425 1435 1460 ignorant,
1466 1425 1514 1453 Dei
1545 1427 1660 1454 consilia

874 1474 975 1502 similia
988 1481 1042 1501 non
1055 1481 1116 1501 esse
1128 1473 1267 1501 humanis.
1284 1473 1377 1502 Primo
1386 1475 1484 1502 etenim
1502 1474 1576 1502 novit
1591 1474 1660 1503 Deus

875 1520 1054 1556 cogitationes
1066 1519 1200 1551 omnium,
1212 1524 1239 1547 et
1251 1527 1305 1547 non
1317 1520 1353 1547 ob
1364 1520 1449 1548 solam
1463 1520 1659 1555 operationem,

877 1566 923 1594 sed
941 1570 968 1593 et
980 1570 1091 1601 propter
1103 1565 1294 1600 cogitationem
1306 1565 1494 1600 unusquisque
1510 1565 1660 1600 jndicatur.

876 1610 960 1639 Multo
968 1615 1057 1638 autem
1068 1611 1159 1638 minus
1168 1611 1242 1646 impii
1256 1616 1330 1644 sunt,
1342 1611 1388 1646 qui
1400 1611 1523 1639 nituntur
1538 1611 1608 1638 bona
1623 1612 1662 1639 in-

876 1656 997 1691 telligere
1004 1660 1030 1683 et
1038 1656 1175 1687 aberrant,
1188 1663 1268 1690 quam
1277 1655 1322 1690 qui
1332 1656 1485 1683 nullatenus
1498 1656 1662 1692 aggrediun-

877 1707 922 1730 tur
935 1702 1020 1729 bona.
1037 1701 1106 1735 Quia
1131 1701 1186 1730 Deo
1201 1701 1313 1736 placuit,
1338 1705 1369 1728 ut
1390 1701 1438 1736 qui
1463 1701 1489 1728 in
1510 1702 1662 1736 cognitione

877 1747 940 1775 boni
965 1747 1167 1782 lapsusfuerit,
1195 1747 1273 1782 juxta
1312 1747 1444 1774 rationem
1480 1747 1661 1774 humanorum

878 1793 1017 1828 lapsuum,
1034 1793 1142 1821 modice
1158 1793 1306 1828 castigatus
1329 1798 1462 1822 servetur.
1477 1793 1512 1820 At
1532 1793 1578 1828 qui
1604 1801 1662 1819 cm-

878 1838 943 1865 niuo
966 1838 1116 1872 intelligere
1136 1838 1323 1873 neglexerunt,
1345 1837 1396 1865 etsi
1417 1841 1561 1872 operentur
1582 1837 1662 1864 innu-

879 1891 953 1911 mera
972 1883 1025 1910 alia
1038 1883 1178 1918 praclara,
1195 1883 1256 1910 ideo
1271 1883 1342 1918 quod
1363 1883 1389 1909 in
1419 1883 1547 1917 religione
1567 1890 1582 1909 a
1607 1882 1662 1909 Deo

877 1930 988 1957 deﬁnita
1014 1937 1068 1957 non
1098 1929 1262 1962 exstiterint,
1283 1928 1456 1963 indiligentia:
1478 1933 1587 1963 sumpto
1609 1928 1663 1955 cri-

878 1976 952 2003 mine
974 1982 1024 2011 per
1051 1975 1201 2003 maximum
1236 1974 1345 2009 penitus
1377 1973 1527 2001 interibunt.
1559 1973 1660 2008 suppli-

879 2029 963 2049 crum.

913 2089 981 2116 VIII.
1001 2088 1088 2117 Porro
1101 2089 1136 2116 ab
1149 2096 1182 2116 eo
1199 2088 1309 2116 deﬁnita
1331 2087 1426 2122 religio
1439 2088 1497 2114 haec
1512 2079 1553 2114 est
1570 2095 1576 2114 :
1594 2085 1662 2113 Eum

879 2135 967 2162 solum
988 2135 1086 2168 colere,
1103 2142 1135 2162 ac
1157 2134 1208 2161 soli
1229 2133 1339 2161 credere
1365 2132 1506 2168 Prophetae
1529 2133 1663 2165 veritatis,

879 2182 907 2208 in
929 2181 1118 2215 remissionem
1138 2185 1314 2215 peccatorum
1338 2179 1486 2214 baptizari,
1501 2179 1595 2212 sicque
1617 2186 1664 2212 per

881 2226 1068 2254 intinctionem
1084 2225 1259 2261 purissimam
1277 2225 1383 2251 renasci
1399 2224 1454 2251 Deo
1469 2224 1494 2250 in
1506 2230 1576 2258 aqua
1591 2223 1665 2249 salu—

881 2273 949 2305 tari;
966 2272 1032 2298 nihil
1048 2279 1158 2298 sumere
1171 2270 1205 2298 de
1217 2277 1311 2297 mensa
1331 2269 1498 2301 daemonum,
1514 2269 1566 2295 hoc
1578 2273 1618 2295 est
1632 2268 1665 2294 de

880 2317 1056 2352 idolothytis,
1079 2316 1215 2348 mortuis,
1238 2315 1396 2347 suil'ocatis,
1417 2322 1433 2341 a
1458 2313 1543 2341 bestia
1566 2313 1663 2347 captis,

880 2362 1029 2398 sanguine;
1044 2369 1099 2389 non
1114 2361 1220 2395 impure
1232 2360 1339 2393 vivere,
1356 2360 1441 2386 lavari
1453 2363 1516 2393 post
1531 2357 1664 2385 concubi-

881 2414 938 2436 tum
954 2415 1016 2435 cum
1032 2407 1155 2439 muliere,
1170 2405 1286 2433 feminas
1298 2413 1363 2433 vero
1376 2405 1513 2432 custodire
1530 2404 1610 2431 etiam
1625 2403 1663 2430 le-

881 2462 940 2489 gem
956 2452 1137 2488 purgationis,
1152 2457 1265 2479 cunctos
1284 2456 1374 2478 autem
1398 2454 1578 2485 temperantes
1592 2456 1663 2481 esse,

881 2499 1050 2532 benefacere,
1065 2507 1118 2526 non
1135 2498 1240 2525 allicere
1256 2497 1372 2532 injuria;
1384 2504 1399 2523 a
1412 2495 1468 2522 Deo
1481 2495 1665 2529 omnipotente

882 2550 1039 2580 exspectare
1053 2545 1136 2572 vitam
1153 2550 1301 2576 aeternam;
1319 2542 1435 2578 petendo
1452 2541 1526 2568 illius
1542 2540 1664 2574 adeptio-

882 2600 943 2619 nem
965 2591 1135 2619 orationibus
1154 2595 1182 2618 et
1207 2590 1334 2625 precibus
1348 2587 1496 2616 continuis.
1522 2585 1585 2613 Haec
1597 2585 1664 2613 etin

694 2694 813 2724 VARIIE
828 2692 1028 2721 LECTIONES.

93 2767 103 2782 ⁵
113 2770 138 2789 τε
149 2762 178 2801 (ζ.
212 2765 224 2781 ⁸
238 2764 387 2801 νωκυμῖν
403 2763 440 2795 ὡς
453 2764 494 2792 bis
508 2764 633 2801 leguntur
643 2762 670 2801 _in
731 2797 737 2801 _
750 2766 761 2782 ο
779 2761 886 2801 ποιᾳιϐ.
900 2761 1086 2801 __7_Lacunam
1102 2759 1128 2801 in
1140 2758 1202 2801 cod.
1217 2756 1307 2801 _0ttob;
1322 2753 1664 2801 οοείδι’ᾉδιξηςλὶξγῑίιῐξξηχοξῖ

71 2794 103 2822 "is
112 2788 208 2832 expiére
222 2788 667 2834 uitiauiiiiis—ﬁriééeiﬁi’htﬁhsié
686 2788 813 2834 rictum.
831 2790 850 2813 "
863 2788 954 2834 τολλῷ
965 2796 997 2834 9-
1023 2800 1052 2834 ut
1066 2795 1138 2829 coni-
1158 2793 1202 2834 0.:
1217 2788 1407 2834 “Rcui-"9“"
1422 2788 1664 2834 πολλῷΥαῖἘὲῗὶἒῖ

71 2837 104 2861 Τί.
113 2839 135 2858 τ.
141 2831 413 2870 ςκ.-παραπιπτόντων
420 2831 456 2860 Ὀ.
470 2835 522 2870 Qut
537 2838 596 2870 post
610 2831 697 2870 ἔδοξεν
711 2832 861 2870 addendum

72 2867 158 2895 censuit
175 2867 205 2897 Ι).
223 2865 229 2870 ’
242 2870 261 2887 ¹⁰
276 2869 460 2901 κολασθέντας
471 2868 503 2900 C.
537 2865 560 2908 ξι
577 2866 713 2899 παντελῶς
724 2865 746 2896 Ο
761 2888 768 2902 ,
782 2867 855 2904 quod

874 2831 918 2858 ἐπί
933 2824 972 2858 vel
986 2830 1058 2861 περί,
1075 2824 1125 2857 ιιιιί
1135 2824 1306 2857 scribendum
1322 2827 1424 2857 τοὺς-
1441 2824 1664 2861 παραπίπτοντας

867 2871 891 2896 ct
908 2866 927 2894 S
962 2860 1103 2902 proposuit
1125 2864 1267 2900 legendum
1281 2883 1289 2896 ,
1307 2861 1431 2889 παντελεῖ
1445 2860 1476 2888 tl.
