1942 3100
270 162 323 190 225

696 163 724 191 S.
744 162 935 191 CLEMENTIS
953 162 963 190 1
981 161 1063 189 ROM.
1084 161 1183 190 ΡΟΝΤ.
1203 160 1317 189 OPERA
1338 157 1454 190 DUBIA.

1828 163 1884 190 225

271 219 371 248 Sidone
390 219 471 248 Petro
492 220 633 255 suadente,
656 230 719 249 cum
741 221 835 257 paucis
859 220 954 248 diebus
968 219 1046 249 multi

1099 218 1144 246 καὶ
1159 219 1188 247 ἐν
1204 220 1237 256 τῇ
1254 219 1347 246 Σιδῶνι
1359 219 1404 246 τοῦ
1424 219 1527 256 Πέτρου
1543 219 1748 256 παραινοῦντος,
1766 204 1885 256 ἡμέραις

268 266 307 293 lbi
332 273 442 301 quoque
467 267 651 301 pmnitcntiam
662 268 792 303 egissent,
813 275 845 295 ac
857 266 1047 301 credidissent,

269 316 351 347 atque
375 313 463 340 sanati
487 318 587 347 essent,
609 314 750 341 ecclesiam
773 313 904 348 instituit;
925 317 952 341 et
972 317 1047 348 post-

269 365 350 393 quam
366 358 483 392 aliquem
506 366 539 385 ex
565 359 740 394 presbyteris,
764 359 810 394 qui
832 366 893 386 eum
907 362 1048 387 consecta-

268 404 380 438 bantur,
395 404 581 432 constituisset
595 404 647 432 illis
660 405 828 440 episcopum,
845 403 946 431 Sidone
957 411 1048 440 egres-

269 455 317 475 SUS
330 452 383 475 est.
439 467 447 472 -

303 493 349 520 IX.
372 493 470 521 Statim
494 499 583 522 autem
606 503 638 523 ac
659 495 785 531 Berytum
809 496 946 531 pervenit,
969 499 1048 523 terra}

268 544 358 569 motus
374 539 461 567 factus
474 545 524 573 est,
541 546 621 576 atque
634 542 708 577 plebs
722 542 853 570 accedens
867 542 900 570 ad
912 541 1020 569 Petrum
1039 551 1046 570 :

270 583 318 610 Fer
334 592 423 619 opem,
438 585 588 620 inquiebat;
603 587 744 614 timuimus
764 588 848 622 enim,
863 588 999 622 dixerunt,
1013 595 1048 616 ne

269 635 364 654 omnes
375 629 486 657 omnino
506 631 665 664 periremus.
684 631 761 659 Tunc
776 632 883 667 Simon,
893 638 1048 662 commento

267 673 431 709 excogitato,
447 683 500 702 una
519 683 579 704 cum
595 676 725 711 Appione,
750 676 902 711 Anubione,
926 679 1048 706 Atheno~

267 718 336 746 doro
351 720 511 755 caeterisque
533 721 670 750 sodalibus
692 723 799 757 publice
819 723 985 751 multitudini
999 724 1048 751 ad-

266 772 363 793 versus
390 765 499 793 Petrum
526 768 691 796 acclamabat
705 778 711 796 :
725 767 836 804 Fugite,
857 777 874 797 ο
899 770 963 804 viri,
977 770 1049 799 hunc

267 808 420 844 hominem;
437 819 531 847 magus
542 817 593 840 est:
606 813 671 840 mihi
687 814 798 848 credite;
811 819 838 841 et
850 818 929 842 terrae
944 819 1048 844 motum

266 854 290 882 is
307 855 383 882 vobis
398 855 471 889 fecit,
490 857 546 891 ipse
564 859 673 885 morbos
688 859 825 892 excitavit,
840 864 870 886 ut
885 867 932 887 vos
945 864 1048 894 perter-

266 905 334 933 reat,
348 902 426 936 quasi
451 902 508 936 ipse
533 902 567 929 sit
589 902 671 931 Deus.
694 904 782 939 Atque
806 904 891 931 multa
913 904 1046 939 ejusmodi

264 952 328 980 pars
344 943 464 974 Simonis
478 952 572 974 contra
595 947 703 976 Petrum
729 949 818 982 ﬁnxit,
832 949 906 976 velut
924 957 985 976 eum
1000 951 1047 984 qui

264 991 399 1020 humanas
413 993 486 1021 vires
509 994 759 1030 supergrederetur.
777 995 900 1030 Cumque
922 996 997 1030 plebs
1018 1003 1048 1023 se

265 1037 292 1065 in
308 1038 416 1065 silentio
434 1040 576 1073 tenuisset,
590 1040 687 1068 Petrus
701 1041 845 1068 subridens
862 1045 991 1068 terrorem
1006 1041 1047 1068 in-

262 1084 382 1112 cutiente
396 1085 518 1113 libertate
536 1086 604 1113 dixit
619 1095 626 1112 ε
643 1086 710 1118 Viri,
734 1094 794 1121 quae
815 1087 849 1114 ab
869 1087 928 1114 istis
948 1087 1047 1114 dicun-

263 1133 317 1162 tur,
334 1129 418 1157 iateor
434 1138 476 1157 me
491 1138 570 1165 posse
587 1130 640 1158 Dco
661 1132 767 1158 volente
790 1131 894 1159 cllicere
908 1141 914 1159 :
930 1131 963 1159 ad
991 1132 1048 1160 haec

263 1181 374 1210 paratus
400 1186 473 1210 sum,
492 1180 545 1206 nisi
575 1180 642 1207 mihi
673 1180 822 1208 habueritis
847 1180 926 1208 ﬁdem
952 1180 979 1209 in
1005 1181 1048 1208 his

262 1231 324 1258 quae
337 1224 444 1259 loquor,
462 1226 618 1253 universam
642 1231 761 1254 vestram
785 1225 909 1254 funditus
925 1231 1048 1255 evertere

262 1270 408 1298 civitatem.

299 1315 333 1342 X.
354 1316 478 1351 Cumque
493 1317 571 1344 turba
597 1317 695 1344 timore
715 1321 787 1345 esset
809 1323 945 1346 commota
966 1323 1048 1354 atque

262 1361 433 1395 promisisset
457 1370 486 1390 se
501 1363 574 1398 quod
587 1363 621 1390 ab
634 1363 692 1398 ipso
706 1363 885 1398 imperaretur
896 1364 1026 1392 facturam
1038 1373 1046 1391 :

262 1405 349 1435 Nemo
366 1413 498 1442 vestrum,
514 1409 602 1444 inquit
619 1408 727 1442 Petrus,
746 1417 834 1445 neque
853 1411 1047 1438 commercium

262 1460 325 1480 cum
342 1453 401 1481 istis
427 1454 513 1488 magis
537 1455 644 1488 habeat,
660 1463 747 1490 neque
767 1463 828 1483 cum
853 1457 887 1484 iis
905 1456 1045 1492 jungatur.

261 1497 343 1526 Plebs
370 1504 461 1527 autem
483 1500 565 1527 simul
589 1509 621 1528 ac
644 1502 725 1528 breve
751 1501 908 1529 mandatum
932 1502 1044 1536 audivit,

262 1543 381 1572 fustibus
403 1546 518 1580 sumptis
540 1554 586 1574 eos
612 1552 753 1582 persecuta
770 1553 821 1581 est,
837 1548 922 1576 donec
938 1549 1045 1583 penitus
1059 1564 1080 1592 ο

261 1591 330 1618 urbe
344 1592 501 1626 pepulisset.
515 1592 548 1620 Et
569 1593 683 1628 ingressi
697 1595 854 1629 quicunque
867 1603 897 1622 ex
915 1594 948 1622 iis
961 1602 1046 1630 aegro-

262 1636 358 1664 tahant
372 1641 399 1664 et
421 1645 437 1664 a
460 1637 629 1666 daemonibus
653 1639 831 1673 vexabantur,
852 1647 881 1667 se
906 1640 940 1668 ad
965 1640 1047 1675 pedes

262 1681 335 1710 Petri
349 1682 532 1718 projecerunt.
545 1683 592 1712 llle
605 1692 670 1712 vero
685 1685 744 1712 hate
766 1692 882 1713 cernens
896 1693 1047 1721 eorumque

262 1731 402 1761 stuporem
416 1728 509 1755 volens
522 1729 624 1756 solvere
637 1729 669 1756 ad
682 1737 729 1757 eos
742 1729 801 1756 inlit
823 1738 830 1757 :

299 1773 344 1802 XI.
363 1773 430 1810 Ego,
444 1774 466 1802 si
479 1779 557 1802 terrae
571 1779 660 1803 motus
674 1780 701 1802 et
716 1775 848 1812 quidquid
864 1776 926 1804 volo
937 1784 1046 1811 possem

262 1818 362 1852 facere,
377 1827 432 1847 non
453 1820 514 1848 dico
536 1821 608 1856 quod
635 1821 773 1849 Simonem
799 1829 862 1849 cum
886 1822 968 1850 sociis
989 1823 1047 1852 suis

261 1866 487 1893 exterminassem
502 1866 567 1902 (non
581 1867 654 1894 enim
676 1867 709 1895 ad
726 1868 869 1895 hominum
884 1868 1047 1896 internecio-

261 1918 324 1938 nem
339 1911 440 1939 missus
455 1911 516 1947 lui),
532 1912 579 1939 sed
595 1919 657 1939 eum
681 1913 748 1939 mihi
772 1913 891 1940 amicum
914 1912 1047 1941 reddidis-

262 1963 332 1989 sem,
349 1964 384 1984 ne
397 1964 468 1984 verat
491 1957 638 1985 detrahens
655 1966 721 1985 mete
745 1959 932 1993 praedirationi
953 1959 1047 1986 multis

262 2001 457 2037 impedimento
479 2008 551 2031 esset
569 2004 603 2030 ad
618 2003 743 2031 salutem.
758 2003 836 2037 Quod
852 2004 875 2031 si
902 2004 969 2031 mihi
987 2011 1047 2032 cre-

262 2048 329 2081 dite,
346 2048 404 2083 ipse
418 2052 460 2076 est
476 2056 583 2084 magus,
604 2049 662 2083 ipse
686 2049 877 2083 calumniator,
894 2050 952 2085 ipse
969 2049 1047 2077 mali-

262 2093 309 2121 tite
324 2093 449 2121 minister
463 2094 492 2121 in
509 2101 556 2121 eos
573 2094 620 2129 qui
646 2095 771 2122 nesciunt
788 2095 939 2123 veritatem.
957 2095 1047 2130 Atque

262 2139 326 2167 ideo
339 2139 528 2174 peccatoribus
543 2140 718 2174 aegritudines
741 2145 829 2175 potest
846 2140 962 2175 efﬁcere,
983 2149 1046 2169 cum

263 2191 312 2213 eos
325 2189 482 2220 peccatores
503 2185 643 2219 adjutores
672 2185 770 2213 habeat
791 2186 932 2221 potestatis
953 2191 1047 2215 contra

1097 263 1200 299 ὀλίγαις
1210 264 1314 292 πολλῶν
1330 264 1410 291 κάκεῖ
1426 265 1645 302 μετανοησάντων
1662 265 1710 293 καὶ
1726 267 1885 293 πιστευσάν-

1097 319 1166 345 των,
1185 310 1231 337 καὶ
1247 310 1464 346 θεραπευθέντων
1479 311 1625 347 ἐκκλησίαν
1641 311 1818 347 συνέστησεν,
1836 312 1886 338 καὶ

1097 356 1149 383 τῶν
1163 356 1350 391 συνεπομένων
1368 356 1442 391 αὐτῷ
1462 356 1653 392 πρεσϐυτέρων
1673 356 1734 384 τινὰ
1748 357 1888 392 καταστή-

1099 411 1147 434 σας
1158 403 1248 435 αὐτοῖς
1262 403 1417 437 ἐπίσκοπον,
1432 402 1505 439 ἐξῄει
1518 403 1567 439 τῆς
1583 402 1704 435 Σιδῶνος.

1131 491 1178 519 IX.
1204 492 1248 524 Ὠς
1271 492 1300 519 δέ
1324 492 1404 525 εὐθὺς
1431 492 1515 528 ἐπέϐη
1540 493 1590 528 τῆς
1615 491 1753 528 Βηρυτοῦ,
1772 492 1888 527 σεισμὸς

1097 538 1220 573 ἐγένετοι
1237 539 1284 566 καὶ
1299 539 1323 565 οἱ
1342 538 1415 574 δχλοι
1428 537 1585 574 προσιόντες
1597 537 1637 572 τῷ
1652 537 1758 572 Πέτρῳ’
1774 537 1888 572 Βοὴθει,

1097 584 1206 619 ἔλεγον]
1230 584 1406 620 πεφοδήμεθα
1429 583 1493 620 γὰρ,
1519 583 1632 619 ἐφασαν,
1661 583 1698 618 μὴ
1720 583 1774 619 ἄρα
1798 583 1889 619 ἄρδην

1097 630 1197 662 πάντες
1211 629 1383 666 ἀπολώμεθα.
1399 630 1465 656 Τότε
1481 630 1496 656 ό
1509 630 1610 665 Σίμων,
1625 628 1763 665 τολμήσας
1776 629 1838 664 ἅμα
1846 629 1889 663 τῷ

1103 676 1236 703 Ἀππίωνι
1264 676 1312 703 καὶ
1363 675 1516 704 Ἀνουϐίωνι
1551 676 1598 702 καὶ
1632 674 1807 710 Ἀθηνοδώρῳ
1839 675 1889 702 καὶ

1097 723 1154 754 τοῖς
1169 723 1272 755 λοιποῖς
1288 723 1406 758 ἑταίροις
1422 721 1631 756 αὐτοῦ,δημοσίᾳ
1646 722 1702 752 τοῖς
1717 720 1806 755 δχλοις
1813 720 1888 746 κατὰ

1097 768 1144 795 τοῦ
1161 768 1264 804 Πέτρου
1281 767 1344 794 ἐϐόα
1357 777 1363 784 '
1381 767 1507 801 Φεύγετε,
1523 767 1634 802 ἄνδρες,
1649 766 1696 793 τὸν
1713 766 1796 801 ἄνδρα
1823 765 1890 792 τοῦ-

1096 822 1158 840 τον·
1179 813 1265 848 μάγος
1280 813 1352 840 ἐστί·
1369 813 1532 840 πιστεύσατε
1544 832 1551 845 ,
1569 813 1616 839 καὶ
1631 813 1678 839 τὸν
1701 811 1813 847 σεισμὸν
1835 811 1889 838 αὑ-

1097 859 1142 891 τὸς
1158 859 1283 894 ἐποίησεν
1297 860 1361 894 ὑμῖν
1376 859 1407 893 ”,
1424 859 1471 885 καὶ
1486 858 1535 890 τὰς
1545 858 1638 890 νόσους
1650 857 1775 893 ἐκίνησεν
1789 856 1887 887 αὐτὸς,

1062 896 1083 924 Β
1098 905 1140 931 ἵνα
1155 905 1226 940 ὑμᾶς
1244 904 1449 940 καταπλήξηται
1463 905 1496 937 η,
1512 904 1550 936 ὡς
1572 903 1652 935 αὐτὸς
1673 903 1712 930 ὣν
1735 902 1812 933 Θεός.
1831 902 1889 929 Καὶ

1098 951 1182 978 πολλὰ
1198 950 1311 978 τοιαῦτα
1326 950 1364 982 ὡς
1380 951 1449 986 ὑπὲρ
1471 950 1583 986 δύναμιν
1607 948 1780 985 ἀνθρωπίνην
1802 947 1886 973 δυναο

1099 997 1178 1032 μένου
1194 996 1240 1023 τοῦ
1257 996 1359 1032 Πέτρου
1376 996 1568 1031 κατεψεύδοντο
1582 995 1684 1030 οἱπερὶ
1699 994 1745 1021 τὸν
1760 993 1886 1029 Σίμωνα.

1103 1041 1230 1077 Ἡσυχίαν
1244 1041 1272 1068 δέ
1287 1041 1361 1077 αὐτῷ
1373 1042 1394 1057 ³⁵
1410 1042 1602 1078 παρασχόντων
1621 1041 1675 1067 τῶν
1695 1040 1781 1075 ὄχλων
1801 1040 1817 1065 ό
1834 1038 1887 1064 Πέ-

1096 1096 1159 1123 τρος
1176 1088 1261 1124 βραχὺ
1279 1087 1472 1123 ὑπομειδιάσας
1487 1087 1693 1122 καταπληκτικῇ
1716 1087 1749 1122 τῇ
1774 1086 1884 1121 παρρηο

1098 1132 1144 1167 σία
1155 1141 1162 1147 ’
1184 1132 1305 1168 Ἄνδρες,
1323 1131 1407 1165 εἶπεν,
1423 1133 1494 1168 ειπερ
1515 1130 1585 1159 οὗτοι
1600 1131 1734 1166 λέγουσιν,
1753 1130 1824 1157 Θεοῦ
1841 1130 1886 1156 Θέ-

1097 1177 1196 1209 λοντος,
1214 1178 1300 1204 ποιεῖν
1315 1177 1424 1209 δυνατὸς
1441 1175 1509 1204 εἶναι
1530 1175 1663 1212 ὁμολογῶ,
1693 1175 1761 1211 πρὸς
1776 1174 1805 1200 δὲ
1825 1173 1886 1200 τού-

1096 1230 1152 1253 τοις
1171 1221 1277 1257 ἐτοιμός
1299 1222 1367 1258 εἰμι,
1392 1221 1439 1249 ἐὰν
1460 1222 1496 1257 μὴ
1513 1221 1641 1257 πείθησθέ
1666 1221 1688 1236 ¹⁸
1708 1229 1753 1256 μοι
1767 1219 1833 1254 περὶ
1850 1215 1886 1245 ὧ-

1096 1265 1177 1301 λέγω,
1194 1267 1243 1302 τὴν
1258 1267 1348 1294 πᾶσαν
1364 1267 1440 1302 ὑμῶν
1454 1267 1633 1303 ἐκόαθρεῦσαι
1649 1266 1735 1292 πόλιν.

1133 1313 1214 1348 180
1229 1312 1263 1341 X.
1281 1313 1341 1342 Τῶν
1353 1314 1381 1340 δέ
1399 1313 1484 1349 ὖχλων
1507 1313 1676 1348 φοὸηθέντων
1700 1311 1747 1338 καὶ
1762 1311 1783 1326 ¹⁶
1804 1311 1885 1345 ποιή-

1098 1367 1153 1386 σειν
1169 1359 1418 1394 ἐπαγγειλαμένων,
1431 1359 1499 1395 ὅπερ
1509 1358 1542 1385 ἂν
1558 1359 1602 1385 ὑπ’
1615 1356 1698 1384 αὑτοῦ
1710 1355 1883 1383 κελεύωνται.

1096 1403 1198 1438 Μηδεὶς
1214 1404 1301 1439 ὑμῶν,
1318 1403 1371 1439 ἔφη
1383 1405 1398 1430 ὁ
1411 1403 1522 1439 Πέτρος,
1540 1403 1608 1439 μήτε
1629 1401 1757 1438 ὀμιλείτω
1780 1400 1885 1430 τούτοις

1096 1450 1151 1480 τοῖς
1166 1449 1271 1485 γόησιν,
1289 1450 1356 1485 μήτε
1370 1449 1570 1484 ἀναμιγνύσθω.
1583 1449 1615 1475 01
1625 1448 1652 1475 δὲ
1667 1448 1741 1483 δχλοι
1762 1447 1820 1482 ἅμα
1847 1446 1885 1481 τῷ

1096 1494 1210 1522 ἀκοῦσαι
1223 1495 1270 1522 τοῦ
1287 1495 1470 1531 κελεύσματος
1488 1495 1534 1522 τοῦ
1549 1495 1680 1530 συντόμου
1702 1494 1723 1510 ¹⁷
1749 1493 1816 1526 ξύλα
1840 1493 1885 1518 λα-

1097 1540 1189 1572 ϐόντες
1209 1540 1318 1568 ἐδίωκον
1333 1542 1441 1575 αὐτοὺς,
1467 1542 1519 1574 ἕως
1545 1542 1643 1574 αὐτοὺς
1672 1539 1812 1570 παντελῶς
1836 1539 1884 1574 τῆς

1097 1587 1200 1619 πόλεως
1216 1587 1359 1622 ἐξήλασαν.
1375 1588 1430 1615 Καὶ
1453 1587 1617 1619 εἰσελθόντες
1638 1586 1663 1612 oi
1684 1585 1825 1615 νοσοῦντες
1842 1584 1885 1610 αὑ-

1096 1631 1149 1658 τῶν
1172 1631 1219 1658 καὶ
1234 1631 1412 1667 δαιμονῶντες
1430 1631 1498 1667 πρὸς
1510 1631 1573 1657 ποσὶ
1586 1629 1633 1657 τοῦ
1650 1627 1754 1665 Πέτρου
1772 1629 1885 1659 ἑαυτοὺς

1096 1676 1250 1712 ἐρρίπτουν.
1273 1677 1300 1703 '0
1313 1677 1341 1703 δὲ.
1355 1676 1440 1703 ταῦτα
1457 1677 1574 1712 βλέπων,
1589 1677 1636 1703 καὶ
1651 1676 1701 1711 τὴν
1715 1675 1886 1710 κατάπληξιν

1096 1721 1185 1748 αὐτῶν
1199 1721 1328 1748 ἀναλῦσαι
1345 1720 1439 1754 θέλων,
1452 1722 1519 1757 πρὸς
1532 1721 1629 1753 αὐτοὺς
1640 1721 1703 1756 ἔφη·

1130 1776 1176 1804 XI.
1204 1776 1274 1811 Ἐγὼ
1289 1777 1415 1812 σεισμοὺς
1430 1777 1478 1804 καὶ
1494 1777 1547 1803 πᾶν
1563 1777 1577 1803 ὅ
1593 1785 1618 1803 τι
1634 1776 1763 1811 βούλομαι
1785 1775 1809 1801 ει
1827 1775 1885 1801 ἐδυ-

1095 1820 1184 1856 νάμην
1201 1822 1286 1847 ποιεῖν
1301 1820 1333 1853 ’⁸,
1352 1821 1461 1856 Σίμωνα
1484 1821 1515 1847 οὐ
1534 1821 1604 1855 λέγω
1619 1821 1660 1847 ὅτι
1683 1819 1752 1855 μετὰ
1767 1820 1824 1846 τῶν
1838 1820 1886 1846 αὐο

1095 1865 1142 1894 τοῦ
1159 1866 1274 1902 ἑταίρων
1291 1866 1312 1882 ¹⁹
1329 1865 1506 1902 ἐεωλόθρευον
1529 1866 1570 1902 (οὐ
1587 1865 1642 1902 γὰρ
1665 1865 1711 1892 ἐπὶ
1728 1865 1818 1901 φθορᾷ
1840 1866 1884 1891 ἀν-

1097 1911 1212 1947 θρώπων
1226 1910 1418 1946 ἀπέσταλμιιι),
1435 1910 1503 1938 ἀλλὰ
1518 1910 1594 1946 φίλον
1611 1910 1723 1947 ἐμαυτῷ
1746 1910 1830 1937 αὐτὸν
1853 1910 1885 1937 ἂν

1096 1957 1276 1993 ἐποιησάμην,
1292 1957 1334 1984 ἵνα
1353 1957 1388 1992 μή
1405 1965 1455 1992 μου
1471 1956 1501 1983 τὸ
1516 1956 1614 1991 ἀληθὲς
1627 1955 1777 1983 διαϐάλλων
1799 1956 1884 1991 κήρυ-

1096 1998 1154 2040 γμα.
1179 2003 1286 2034 πολλοῖς
1308 2002 1440 2040 ἐμποδίζῃ
1468 2002 1535 2038 πρὸς
1556 2001 1701 2037 σωτηρίαν.
1727 2001 1759 2028 Et
1784 2001 1812 2028 δέ
1842 2010 1883 2037 μοι

1098 2049 1236 2076 πιστεύετε
1250 2048 1283 2081 ³⁸,
1301 2048 1380 2081 αὑτός
1396 2049 1453 2075 ἐστι
1471 2048 1567 2084 μάγος,
1591 2047 1671 2080 αὐτὸς
1687 2046 1822 2080 διάϐολος,
1840 2048 1881 2074 αὺ-

1095 2095 1141 2126 τὸς
1155 2095 1254 2127 κακίας
1276 2094 1414 2130 ὑπηρέτης
1430 2093 1500 2121 κατὰ
1516 2093 1570 2122 τῶν
1592 2092 1759 2127 ἀγνοούντων
1775 2094 1806 2119 τὸ
1820 2094 1878 2128 ἁλη-

1097 2140 1150 2172 θές.
1169 2140 1223 2168 Καὶ
1248 2140 1292 2167 διὰ
1314 2139 1392 2167 τοῦτο
1416 2139 1602 2175 ἁμαρτάνουσι
1613 2139 1634 2155 ’⁸
1650 2138 1744 2170 νόσους
1765 2139 1884 2174 ἐνεργεῖν

1096 2186 1215 2218 δύναται,
1244 2186 1389 2221 συνεργοὺς
1404 2184 1483 2221 ξέχων
1511 2185 1575 2217 τοὺς
1601 2183 1810 2220 ἁμαρτάνοντας
1838 2185 1884 2220 τῆς

263 2229 348 2264 ipsos.
365 2229 421 2265 Ego
432 2234 521 2258 autem
537 2231 584 2258 Dei
597 2231 719 2259 omnium
732 2232 851 2259 auctoris
865 2239 961 2260 servus
972 2240 1044 2266 sum,

1099 2233 1155 2259 κατ’
1180 2231 1269 2259 αὐτῶν
1287 2231 1436 2265 δυνάμεως.
1451 2229 1521 2264 Ἐγὼ
1548 2230 1577 2258 δὲ
1599 2228 1667 2257 Θεοῦ
1681 2230 1704 2246 ¹¹
1725 2229 1774 2257 τοῦ
1797 2230 1886 2257 πάντα

263 2275 406 2311 dextrique
421 2277 481 2312 ejus
502 2276 643 2312 Prophetae
666 2277 825 2312 discipulus.
843 2277 975 2310 Quocirca
996 2279 1043 2313 qui

263 2329 326 2350 sum
344 2322 418 2350 illius
432 2323 584 2357 apostolus,
599 2330 662 2350 vera
676 2323 808 2357 praedico;
824 2323 896 2350 bono
908 2323 979 2350 enim
991 2324 1045 2351 mi-

263 2368 385 2396 nistrans
397 2367 479 2395 etiam
491 2368 603 2395 morbos
617 2367 735 2402 depello;
753 2376 814 2395 nam
830 2368 966 2396 secundus
980 2369 1045 2397 mis-

264 2419 313 2439 sus
327 2420 399 2446 sum,
412 2405 632 2447 quanquuidem
647 2413 775 2448 praecedit
786 2413 908 2447 morbus,
922 2413 1046 2448 sequitur

263 2465 329 2486 vero
354 2459 471 2486 sanatio.
492 2459 545 2486 Per
556 2459 632 2486 illum
656 2467 721 2494 ergo
744 2459 897 2487 maleﬁcum
924 2467 1045 2495 magum,

264 2504 321 2532 Deo
344 2505 490 2537 increduli,
512 2505 677 2540 acgrotastis;
701 2512 748 2539 per
770 2512 814 2532 me
835 2508 943 2537 autem,
965 2504 1046 2532 modo

211 2559 213 2562 '
265 2550 293 2579 in
311 2559 373 2579 eum
386 2551 513 2585 credatis,
527 2550 701 2578 sanabimini.
716 2550 761 2578 Sic
772 2550 846 2578 enim
859 2549 1046 2584 experimento

1097 2277 1274 2312 πεποιηκότος
1304 2276 1361 2311 εἰμὶ
1389 2275 1497 2308 δοῦλος,
1527 2274 1575 2302 τοῦ
1589 2274 1675 2308 δεξιοῦ
1706 2275 1790 2304 αὐτοῦ
1818 2276 1886 2311 Προ-

1097 2323 1181 2357 φήτου
1200 2321 1330 2357 μαθητής.
1347 2320 1391 2348 Διὸ
1404 2321 1508 2348 ἐκείνου
1521 2321 1668 2353 ἀπόστολος
1683 2320 1722 2348 ὢν
1737 2321 1866 2356 ἀληθεύω
1877 2329 1883 2336 ·

1096 2367 1191 2403 ἀγαθῷ
1207 2366 1261 2403 γὰρ
1278 2366 1421 2403 ὑπηρετῶν
1436 2366 1484 2393 καὶ
1498 2366 1592 2398 νόσους
1617 2365 1778 2393 ἀπελαύνω”
1798 2367 1885 2402 ἐπέμ-

1098 2413 1167 2448 φθην
1183 2412 1236 2448 γὰρ
1252 2412 1388 2448 δεύτερος·
1406 2412 1467 2438 ἐπεὶ
1481 2413 1639 2448 προηγεῖται
1657 2412 1705 2447 μὲν
1721 2412 1810 2445 νόσος,
1828 2413 1886 2439 ἕπε-

1098 2467 1144 2485 ται
1155 2457 1177 2474 ⁵⁸
1190 2457 1217 2484 δὲ
1232 2458 1310 2489 ἴασις.
1328 2458 1366 2484 Δι’
1385 2457 1487 2485 ἐκείνου
1505 2458 1553 2493 μὲν
1572 2455 1619 2485 οὖν
1637 2457 1684 2484 τοῦ
1704 2458 1782 2492 181
1803 2467 1885 2485 κακο-

1099 2502 1176 2530 ποιοῦ
1195 2503 1282 2538 μάγου
1297 2502 1336 2538 τῷ
1353 2503 1412 2538 Θεῷ
1427 2503 1627 2539 ἀποστήσαντες
1642 2503 1789 2539 ἐνοσήσατε
1804 2504 1839 2535 ’⁸,
1853 2504 1882 2529 δι’

1099 2548 1166 2584 ἐμοῦ
1182 2549 1221 2580 δὲ,
1240 2548 1288 2575 ἐάν
1302 2556 1332 2574 τε
1350 2548 1424 2584 αὐτῷ
1439 2548 1610 2583 πιστεύσητε,
1637 2548 1792 2584 ῑαοήσεσθε·
1814 2549 1883 2575 οὕτω

899 2607 1018 2636 VARIIE
1039 2606 1239 2635 LECTIONES.

301 2658 322 2694 ιν
333 2659 399 2694 ἡμῖν
414 2656 458 2692 ζο.

420 2656 458 2692 ¹Ο.
532 2657 554 2673 *³
568 2655 605 2684 Ita
629 2656 652 2685 0
691 2664 719 2692 c.
740 2656 773 2692 Dr.
809 2654 986 2692 καταπλήξῃη
995 2662 1024 2680 τε

266 2691 386 2729 ὺπέρξῖη
400 2691 476 2732 textu
484 2692 588 2728 ὥσπερ,
602 2691 667 2732 11110
682 2691 719 2732 ῶς
734 2691 796 2732 πέρ.

847 2690 868 2705 ¹⁸
883 2688 990 2724 αὐτῷ’(ὶ
1012 2696 1037 2716 c.
1045 2688 1076 2724 ῨῙ)

1108 2653 1176 2680 Tum
1203 2653 1270 2680 ἄλλα
1284 2660 1311 2687 p.
1327 2653 1419 2680 πολλά’
1431 2651 1521 2687 idem;
1535 2652 1582 2686 qui
1601 2651 1822 2687 deincepsconj.
1845 2640 1881 2684 ὥς

1089 2708 1098 2721 ,
1113 2688 1202 2715 αὐτῶν
1213 2687 1244 2716 C.
1285 2686 1305 2722 ’ξ
1319 2687 1358 2714 lta
1369 2687 1391 2715 Ο
1416 2696 1440 2715 c.
1457 2686 1485 2719 S,
1498 2686 1644 2722 πείσθησθέ
1661 2686 1692 2714 C.
1733 2686 1756 2722 ξ’
1768 2686 1802 2714 Ci
1823 2686 1878 2713 ἑτέ-

308 2721 327 2759 ς’
339 2721 404 2755 ante
418 2729 541 2759 ποιήσειν
557 2721 636 2754 omisi
653 2734 678 2754 c.
691 2721 724 2753 0.
743 2721 776 2751 Si
789 2724 915 2759 retinere
940 2721 1016 2759 velis,
1038 2723 1187 2759 legendum
1203 2726 1276 2750 auct.
1293 2721 1339 2759 S_,
1355 2729 1402 2750 aut
1416 2723 1453 2759 μὴ
1471 2721 1745 2759 ἐτέρῳςέουιιςιιοά
1756 2726 1878 2759 praestat,

308 2737 322 2759 ς
342 2737 404 2755 ante
418 2737 541 2762 ποιησειν
557 2737 636 2754 (1111131
653 2737 678 2754 ε.
691 2737 724 2753 υ.
743 2737 773 2751 Dl
799 2737 915 2763 "suum?
942 2737 1016 2763 vui-5,
1046 2737 1187 2763 [catuluqu
1203 2737 1276 2750 uuu.
1293 2737 1313 2749 υ
1332 2743 1338 2753 ,
1355 2737 1402 2750 aut.
1416 2737 1453 2758 μιι
1471 2737 1582 2757 ταμιείων.
1600 2737 1657 2753 «tur,
1670 2737 1745 2756 ιιυυιι
1757 2737 1878 2765 γιωθκὶ,

266 2737 390 2798 milia);
416 2763 489 2798 Epit.
505 2770 529 2790 c.
545 2762 590 2798 5§_,
608 2762 689 2798 habet
709 2758 866 2798 προθύμως.
883 2757 913 2785 Cl
929 2765 1019 2798 versto
1034 2757 1168 2798 feranon
1179 2760 1278 2798 potest.
1318 2757 1339 2798 ξτ
1352 2757 1490 2798 συντόμως
1500 2756 1561 2797 cod.
1575 2756 1640 2798 Reg:
1649 2756 1720 2798 ἓοιλ
1756 2756 1778 2772 ⁸⁸
1790 2765 1878 2798 leonem

267 2791 496 2834 etéiiuvl'zpqv'tl.“
517 2798 550 2834 _‘°
566 2791 641 2834 lianc
656 2795 687 2822 Ci
712 2791 897 2834 conjecturam
925 2793 1077 2834 conﬁrmat‘
1091 2791 1114 2820 Ο
1128 2792 1237 2834 ,ἑτέρω

425 2807 480 2824 νιι.
531 2807 550 2813 "
566 2807 641 2823 nam:
656 2807 687 2822 ut
712 2807 897 2826 lTUleCLluldtll
925 2807 1067 2820 υυιιιιιιιιιιι

406 2807 439 2860 ἓ.
477 2832 498 2847 ²¹
511 2830 696 2866 ἁμαρτάνουσι
708 2829 741 2866 1),
757 2828 782 2866 ¹0
797 2849 805 2862 ,
829 2827 1035 2866 ἁμαρτανούσας
1057 2827 1087 2854 C.

269 2832 393 2861 στεύεται

1238 2801 1252 2819 ν
1279 2791 1340 2819 cod.
1364 2790 1442 2819 llom.
1459 2791 1576 2819 Parisin.
1614 2790 1721 2819 “ltaO
1750 2798 1767 2818 c
1789 2792 1878 2824 1),πι-

1139 2827 1161 2843 ²¹
1175 2825 1229 2862 ἐγὼ
1239 2827 1268 2853 δὲ
1283 2825 1329 2854 τοῦ
1342 2827 1409 2855 Θεοῦ
1417 2827 1450 2856 C.
1488 2827 1511 2843 ³³
1521 2825 1560 2854 Ita
1572 2825 1594 2853 D
1607 2846 1617 2862 ,
1631 2826 1727 2854 ἔπειτα
1748 2826 1784 2860 C,
1809 2826 1843 2855 Ο.

267 2868 293 2889 ιδ
310 2867 340 2894 ln
355 2867 378 2894 0
400 2868 476 2902 prius
489 2862 621 2900 scriptum
636 2869 695 2893 erat
706 2864 842 2898 ἐνοήσατε.
860 2862 959 2890 Deinde
975 2862 1044 2890 idem
1060 2870 1113 2890 om.
1129 2870 1170 2890 τε.
