1942 3100
562 151 788 184 CLEMENTINA.
809 164 842 170 —
862 147 1003 177 HOMILIA
1019 146 1084 176 VIII.

1582 143 1640 175 ΗΒ

51 222 93 257 γὰρ
104 219 145 247 τοῦ
158 214 267 245 δυνατοῦ
283 215 332 252 τήν
347 213 442 251 πεῖραν
455 213 478 230 ³⁸
491 212 617 243 λαϐόντες
626 210 744 257 ,νέπὶντο
760 210 804 237 εὐ-

857 206 926 234 l'acto
959 204 1034 232 illius
1059 203 1108 240 qui
1133 206 1231 240 potens
1246 203 1307 236 'est,
1335 203 1369 232 ad
1394 203 1463 232 bene
1485 203 1640 234 faciendum

51 254 120 291 ἐρέειν
130 260 300 298 τραπόμενοι,
316 259 363 287 καὶ
378 258 428 290 τὰς
439 257 528 293 ψυχὰς
543 256 714 292 ἀνασωθῆναι
729 254 808 291 δυνη-

51 299 129 333 Θείητε.

75 342 122 371 Xll.
139 340 226 370 Ταῦτα
244 339 327 368 αὐτοῦ
343 338 478 374 λέγοντος,
494 338 520 365 ot
536 337 636 369 πάντες
650 337 808 372 γονυπετεῖς

49 389 90 424 πρὸ
104 387 152 416 τῶν
167 384 247 414 αὐτοῦ
272 385 377 412 ἔκειντο
396 383 493 411 ποδῶν.
522 382 551 410 ’0
576 382 605 408 δὲ
630 382 670 413 είς
693 379 806 417 οὐρανὸν

48 435 102 470 ἄρας
115 432 158 464 τὰς
172 431 274 467 χεῖρας,
292 430 340 457 καὶ
352 429 392 466 τῷ
406 429 464 465 Θεῷ
483 427 701 465 προσευξάμενος
714 426 807 454 ίᾰσατο

47 480 96 511 τοὺς
113 478 208 508 πάντας
228 477 262 503 ὲκ
281 476 364 512 μόνης
384 475 466 510 εὐχῆς
478 493 485 502 .
507 472 564 502 Οὐκ
583 473 679 508 ὀλίγων
695 472 723 499 δὲ
737 471 806 508 ήμε-

49 525 90 560 ριῖιν
104 521 263 559 παραμείνας
278 522 336 553 τοῖς
347 520 497 556 Βηρυτίοις,
517 519 564 546 καὶ
579 518 692 550 πολλοὺς
706 519 739 554 τῇ
759 526 807 554 μο-

47 570 141 605 ιαρχικῇ
161 567 293 605 θρησκείᾳ
319 566 458 598 συνεθίσας
476 565 500 582 ’⁸
520 565 567 593 καὶ⁸
583 564 727 600 βαπτίσας,
753 562 806 591 ἀπὸ

47 613 243 648 τῶν-ἑπομένων
270 611 348 648 αὑτῷ
373 610 565 648 πρεσϐυτέρων
588 611 636 638 ἕνα
659 609 806 636 ἐπίσκοπον

47 660 119 691 αὐτοῖς
143 657 332 694 καταστήσας,
357 657 399 689 είς
416 657 466 693 τὴν
488 657 583 683 Βίῦλον
599 656 622 672 ¹“⁷
650 654 734 691 ἐξῄει,
751 654 806 681 Καὶ

46 706 164 737 γενόμενος
189 705 246 732 ἐκεῖ
263 702 312 732 καὶ
338 703 430 740 μαθὼν
455 703 495 730 ὅτι
511 703 601 739 Σίμων
622 701 682 729 οὐδὲ
707 701 772 737 μιᾶς
783 700 806 717 ’⁸

47 751 130 788 ἡμέρας
147 751 234 783 αὐτοῖς
254 751 447 787 προσέμεινεν,
471 749 528 776 ἀλλ’
553 748 654 780 εὐθέως
678 747 718 779 είς
742 745 806 782 Τρί-

47 799 106 825 πολιν
123 798 254 834 ὥρμησεν,
281 798 382 832 ὀλίγων
404 797 514 834 ἡμερῶν
538 797 628 828 αὐτοῖς
653 795 804 831 ἐπιμείνας,

47 843 82 869 καὶ
90 842 244 878 θεραπεύσας
265 842 317 870 οὐκ
330 842 445 877 ὀλίγους,
456 842 503 869 καὶ
517 843 576 873 ταῖς
587 841 692 873 Βίϐλοις
707 839 805 871 αὐτοὺς

858 251 992 285 conversi,
1005 251 1086 278 etiam
1112 249 1262 278 secundum
1278 249 1385 279 animas
1408 250 1477 279 salvi
1501 258 1562 282 esse
1590 259 1641 287 po—

857 297 956 326 teritis.

892 343 950 370 Xll.
970 341 1036 376 Quae
1050 348 1113 370 cum
1135 341 1260 376 dixisset,
1275 341 1367 370 cuncti
1394 341 1428 370 ad
1453 349 1541 378 genua
1566 344 1642 372 acci-

856 390 952 418 dentes
967 387 1096 423 jacebant
1116 391 1180 415 ante
1198 387 1280 422 pedes
1297 387 1382 416 illius.
1401 387 1436 416 At
1451 388 1508 421 ille,
1523 388 1642 418 sublatis

856 434 884 462 in
899 434 999 462 caelum
1020 432 1162 465 manibus,
1183 432 1324 468 Deumque
1349 437 1550 468 comprecatus,
1573 443 1643 463 cun-

855 484 915 508 ctos
939 479 1097 515 precatione
1122 478 1180 506 sola
1205 478 1322 506 curavit.
1346 477 1407 506 Non
1428 486 1533 514 paucos
1548 483 1641 508 autem

855 526 914 554 dies
929 526 1000 561 apud
1017 524 1140 560 Berytios
1153 528 1356 557 commoratus,
1373 531 1435 552 cum
1450 524 1555 553 multos
1576 525 1642 552 reli-

855 571 929 607 gioni
953 578 1017 606 erga
1042 577 1128 598 unum
1150 569 1236 596 Deum
1263 568 1488 603 consuefecisset,
1511 577 1562 598 nec
1584 578 1642 598 non

855 615 1041 652 baptizasset,
1062 623 1117 643 uno
1134 618 1174 643 ex‘
1189 614 1355 651 presbyteris
1380 615 1427 652 qui
1452 623 1515 644 eum
1543 623 1642 652 seque-

855 649 955 692 bantur
978 649 1046 698 ipsis
1071 662 1101 690 in
1120 649 1279 697 episcopum
1296 649 1457 695 constituto,
1480 661 1509 690 in
1525 649 1640 699 Byblum

855 709 930 737 abiit.
949 708 1008 742 Quo
1023 715 1084 736 cum
1100 707 1278 743 pervenisset,
1296 711 1437 742 comperto
1453 707 1526 742 quod
1545 707 1639 736 Simon

854 762 889 782 ne
900 762 955 782 uno
968 754 1078 789 quidem
1093 753 1137 781 die
1153 753 1214 780 illos
1230 756 1427 788 exspectasset,
1443 753 1492 781 sed
1506 753 1599 781 statim
1611 754 1639 782 in

855 801 987 836 Tripolim
1003 799 1145 833 evasisset,
1159 805 1261 834 paucos
1273 798 1332 826 dies
1352 798 1425 833 apud
1441 805 1488 826 eos
1502 803 1638 833 moratus,

854 847 1011 881 curatiSque
1037 845 1146 879 multis,
1174 852 1207 872 ac
1232 845 1260 872 in
1277 843 1418 879 Scriptura
1439 844 1578 878 exercitis,
1604 844 1638 873 ad

46 888 182 924 ἐνασκήσας,
197 890 257 915 κατ’
273 889 349 924 ἴχνος
361 887 408 915 τοῦ
418 887 540 923 Σίμωνος
556 887 597 919 είς
609 887 660 922 τὴν
675 885 804 921 Τρίπολιν

857 893 984 928 Tripolim
1011 900 1059 928 per
1086 891 1200 927 vestigia
1230 890 1353 920 Simonis
1379 890 1526 926 processit,
1546 895 1639 920 certus

47 931 178 969 ἐπορεύετο,
196 933 376 969 μεταδιώκειν
392 932 473 959 αὐτὸν
489 931 604 968 μᾶλλον,
621 932 671 967 οὐχ
684 931 804 966 ὑποφεύ-

48 987 91 1013 γειν
105 977 295 1016 προῃρημένος.

315 1057 445 1085 ὀΜῐΛῙΔ
463 1058 505 1084 ll'.

73 1102 88 1129 Ι.
104 1103 179 1135 Είςδὲ
194 1105 244 1139 τὴν
255 1102 389 1139 Τρίπολιν
404 1101 513 1128 εἰσιόντι
529 1099 568 1136 τῷ
582 1099 687 1136 Πέτρῳ,
711 1099 736 1126 οἱ
758 1108 803 1134 φι-

48 1149 206 1185 λιμαθέστεροι
216 1149 248 1176 ἐκ
266 1157 297 1175 τε
311 1148 364 1183 τῆς
378 1147 466 1183 Τύρου
483 1146 529 1173 καὶ
545 1145 668 1177 Σιδῶνος,
683 1143 804 1180 Βηρυτοῦ

47 1202 68 1220 τε
77 1196 113 1220 καὶ
121 1194 220 1227 Βίϐλον,
231 1195 281 1222 καὶ
299 1194 336 1220 ὲκ
350 1192 406 1220 τῶν
420 1191 613 1228 πλησιοχώρων
623 1190 702 1225 182
714 1189 804 1216 πολλοὶ

48 1239 201 1275 σδνεισῂεσαν.
224 1240 283 1276 Οὐχ
296 1239 399 1275 ἥκιστα
415 1238 443 1265 δὲ
453 1238 507 1265 τῶν
524 1237 572 1264 ἀπ’
589 1237 673 1272 αὐτῆς
688 1236 737 1271 τῆς
754 1234 803 1262 πό-

48 1285 98 1317 λεως
107 1287 182 1322 όχλων
195 1285 348 1322 συνδρομαὶ
363 1284 493 1320 ἐγίνοντο,
507 1283 623 1318 ἱστορεῖν
638 1281 803 1317 βουλομένων

134 1331 332 1367 Συνετύγχανον
353 1328 401 1357 οὖν
421 1331 487 1366 ἡμῖν
507 1330 535 1356 ὲν
559 1329 615 1359 τοῖς
634 1326 804 1363 προαστείοις

47 1377 65 1402 οἱ
78 1377 115 1404 ὑπ’
128 1377 205 1404 αὒτοῦ
220 1376 429 1412 ἐκπεμφθέντες
448 1374 571 1410 ἀδελφοὶ,
592 1373 627 1400 τά
642 1381 672 1399 τε
690 1372 756 1400 ἄλλα
770 1371 805 1399 τὰ

48 1422 100 1449 κατὰ
112 1423 155 1459 τήν
168 1423 241 1450 πόλιν
259 1423 309 1450 καὶ
331 1422 365 1449 τὰ
381 1421 554 1458 πραττόμενα
570 1418 609 1454 τῷ
624 1417 726 1453 Σίμωνι
741 1416 804 1450 ἐξα-

47 1468 162 1503 κριϐῶσαι,
182 1469 256 1501 ὅπως
278 1468 406 1500 ἐλθόντες
429 1467 631 1502 ὑφηγήσωνται.
661 1462 805 1496 Ἀποδεξά-

48 1523 103 1549 μενοι
116 1515 188 1542 αὐτὸν
201 1515 248 1542 ἐπὶ
261 1515 315 1551 τὴν
332 1513 473 1550 Μαροόνου
483 1513 506 1529 ¹⁹
518 1510 584 1548 ἦγον
599 1510 698 1538 οἰκίαν.
791 1511 803 1532 Ἰ

72 1561 97 1588 ll.
118 1563 142 1588 ὐ
155 1563 180 1589 δὲ
196 1563 237 1589 ἐπ’
253 1561 332 1597 αὑτῷ
345 1561 384 1596 τῷ
396 1561 456 1596 τῆς¹
467 1559 556 1592 ξενίας
573 1558 674 1585 πυλῶνι
694 1557 745 1604 ήδη
758 1565 805 1604 γει·
816 1574 838 1604 C

48 1606 125 1640 γονὼς,
142 1607 317 1643 ἐπιστραφεὶς
333 1607 390 1638 τοῖς
407 1605 496 1640 ὖχλοις
511 1603 652 1639 ὑπέσχετο,
671 1601 740 1638 μετὰ
754 1601 804 1636 τὴν

47 1653 149 1680 ἐποῦσαν
162 1654 222 1689 περὶ
238 1651 396 1683 θεοσεϐείας
406 1651 498 1682 αὐτοῖς
511 1649 693 1684 διαλεχθῆναι.
709 1646 805 1674 Εἰσελ-

47 1697 117 1730 θόντος
129 1699 155 1725 δὲ
171 1698 260 1730 αὑτοῦ,
278 1699 303 1725 οἱ
326 1696 432 1733 πρόοδοι
445 1697 501 1727 τοῖς
515 1693 704 1730 συνεληλυθόσι
716 1692 805 1726 ξενίας

47 1744 188 1779 ηὑτρέπιζον.
213 1745 269 1772 Οὐκ
291 1744 472 1771 ἀπελείποντο
492 1742 521 1769 δὲ
545 1741 606 1768 οὐδὲ
629 1741 654 1767 oi
676 1739 805 1774 ἀποδεχό-

49 1797 105 1822 μενοι
118 1789 159 1816 καὶ
173 1789 323 1823 ξενίζοντες
338 1789 388 1823 τῆς
402 1788 457 1815 τῶν
475 1786 620 1820 ἀξιούντων
640 1784 802 1821 προθυμίας.

48 1833 133 1861 Τούτων
153 1835 181 1862 δὲ
197 1835 219 1851 ³⁸
233 1835 314 1862 οὐδὲν
338 1834 416 1866 εἰδὼς
438 1833 453 1860 ὁ
473 1833 585 1869 Πέτρος,
611 1831 735 1864 ἀξιωθεὶς
759 1831 803 1865 ὑφ’

48 1878 107 1915 ἡμῶν
124 1882 219 1917 τροφῆς
242 1881 419 1918 μταλαὸεἴν,
444 1879 513 1916 ἔφη,
545 1880 582 1915 μὴ
605 1877 804 1914 μεταλήψεσθαι

50 1926 152 1962 πρότερον
167 1928 254 1960 αὐτὸς,
270 1926 358 1963 πρινὴ
378 1926 399 1942 ³¹
416 1926 479 1957 τοὺς
502 1923 712 1960 συνεληλυθότας
730 1922 804 1958 αὒτῷ

49 1970 260 2000 διαναπαύσασθαι.
310 1971 546 2008 Ἀποκρινομένων
574 1970 602 1997 δὲ
632 1969 730 2005 ἡμῶν,
762 1969 804 1996 ὅτι

50 2016 100 2053 ἔφθη
112 2019 174 2046 τοῦθ’
186 2019 270 2052 οὓτως
283 2018 459 2054 γεγενῆσθαι,
477 2017 612 2053 προφάσει
627 2016 676 2051 τῆς
691 2015 759 2050 πρὸς
774 2016 805 2042 σὲ

51 2063 140 2098 στοργῆς
154 2065 249 2101 σπουδῇ
267 2064 373 2095 πάντας
384 2063 405 2078 ¹¹
419 2063 516 2094 αὐτοὺς
534 2060 749 2096 ὑποδεξαμένων,
767 2060 805 2092 ὡς

50 2108 97 2140 τθῦς
110 2110 141 2145 μὴ
157 2110 301 2146 ἐσχηκότας
323 2109 369 2141 οὒς
389 2109 528 2141 ξενίσωσιν
544 2107 567 2124 ³³
583 2106 804 2143 ὑπερϐαλλόντως

50 2150 204 2189 λελυπῆσθαι·
225 2156 239 2181 ό
262 2155 385 2190 Πέτρος,
402 2153 521 2184 ἀκούσας
554 2151 602 2179 καὶ
633 2151 724 2187 ἡσθεὶς
754 2151 804 2186 τῆς

50 2196 118 2230 ἄξείας
126 2199 324 2236 φιλανθρωπίας
341 2200 373 2232 ³⁸,
390 2199 539 2235 εὐλογήσας
561 2197 659 2229 αὐτοὺς
682 2195 802 2232 ἐξῆλθεν,

51 2244 85 2269 καὶ
96 2244 203 2283 θαλάσσῃ
215 2247 383 2282 λουσάμενος
399 2244 523 2280 είσῆλθεν
534 2244 567 2277 ³⁵,
584 2243 630 2270 καὶ
648 2242 738 2269 σιτίων
755 2242 803 2269 σὺν

50 2291 92 2322 τθῖς
103 2293 212 2327 προῶοις
233 2291 405 2329 μεταλαϐὼν,
421 2291 539 2328 ἑσπέρας
553 2288 805 2325 ἐπικαταλαϐούσης

51 2335 158 2366 ﬁmum.
792 2346 799 2367 ,'

77 2381 111 2409 lli.
128 2384 188 2411 Ὑπὸ
199 2385 226 2412 δὲ
240 2385 290 2416 τὰς
302 2383 433 2419 δευτέρας
445 2382 500 2409 τῶν
513 2380 697 2417 ἀλεκτρυόνων
712 2380 804 2415 φωνὰς

51 2425 185 2461 διῦπνισθεὶς
198 2427 276 2466 εὗρεν
288 2429 364 2465 ἡμᾶς
380 2427 562 2464 ἐγρηγορότας
578 2426 612 2458 ³⁸,
622 2423 693 2461 ἦμεν
708 2425 737 2451 δὲ
754 2425 803 2452 σὺν

52 2470 108 2506 αἶντῷ
120 2473 141 2499 οἱ
155 2473 248 2507 πάντες
267 2473 429 2505 ἑκκαίδεκα,
446 2472 526 2503 αὐτὸς
547 2473 562 2499 ὁ
584 2471 697 2506 Πέτρος,
723 2469 802 2505 183

52 2515 111 2550 κάγὼ
126 2518 139 2544 ό
157 2518 267 2555 Κλήμης
278 2538 287 2551 ,
311 2518 435 2554 Νικήτης
449 2526 479 2544 τε
501 2517 548 2544 καὶ
569 2515 700 2548 Ἀκύλας,
716 2515 764 2542 καὶ
778 2515 803 2542 οῑ

53 2563 231 2597 πρωδεύσαντες
260 2563 376 2591 δώδεκα.
400 2561 627 2599 Προσαγορεύσας
654 2559 701 2588 οὖν
730 2559 804 2596 ἡμᾶς

53 2605 102 2642 ἔφη·
125 2609 237 2645 Σήμερον
258 2611 317 2641 τοῖς
340 2608 393 2643 ἐξω
417 2607 455 2645 μὴ
480 2608 655 2644 σχολάζοντες
679 2606 804 2643 ἀλλήλοις

55 2651 118 2687 ἐσμὲν
141 2654 264 2691 εὒσχολοι.
280 2655 328 2683 Διὸ
351 2653 406 2690 ἐγὼ
434 2654 484 2691 μὲν
509 2654 573 2690 ὑμῖν
597 2653 633 2681 τὰ
659 2653 727 2690 μετὰ
742 2651 804 2689 ,τὴν

855 946 918 966 cum
936 937 1055 973 insequi,
1072 944 1127 965 non
1141 935 1340 972 subterfugere.

1230 995 1267 1002 ..-

1136 1037 1279 1067 HOMILIA
1297 1037 1366 1067 Vill.

897 1085 918 1113 Ι.
944 1086 1013 1114 Cum
1041 1090 1131 1114 autem
1152 1085 1249 1113 Petrus
1271 1083 1403 1120 Tripolim
1438 1084 1637 1121 ingrederetur,

855 1133 901 1168 qui
925 1133 1046 1160 discendi
1075 1136 1154 1160 erant
1181 1131 1335 1167 cupidiores
1360 1139 1394 1159 ex
1418 1131 1502 1168 Tyro,
1524 1132 1637 1167 Sidone,

855 1177 952 1214 Bcryto
966 1186 998 1205 ac
1014 1178 1107 1214 Byblo,
1121 1182 1149 1206 et
1161 1178 1238 1206 multi
1256 1185 1289 1205 ex
1307 1177 1430 1205 finitimis
1449 1178 1532 1206 simul
1550 1178 1637 1206 intra-

854 1229 928 1251 runt.
945 1223 1054 1251 Maximi
1070 1224 1151 1251 etiam
1168 1232 1201 1252 ex
1217 1224 1275 1260 ipsa
1289 1224 1398 1252 civitate
1410 1224 1552 1252 hominum
1569 1231 1638 1251 con-

854 1277 952 1297 cursus
976 1270 1086 1303 fiebant,
1107 1270 1320 1299 desiderantium
1339 1271 1431 1298 videre
1447 1271 1534 1298 illum.
1553 1270 1639 1306 Igitur

855 1315 962 1342 obviam
987 1314 1051 1343 facti
1073 1320 1137 1343 sunt
1156 1316 1236 1343 nobis
1250 1316 1277 1343 in
1294 1316 1449 1349 suburbiis,
1466 1317 1512 1351 qui
1526 1316 1561 1344 ab
1577 1316 1638 1351 ipso

855 1360 916 1388 idco
933 1360 1009 1389 missi
1033 1361 1153 1394 fuerant,
1170 1366 1199 1389 ut
1213 1362 1326 1397 profecti
1349 1362 1522 1397 explorarent
1541 1368 1638 1388 narra-

854 1411 968 1441 rentque
991 1411 1047 1434 tum
1076 1407 1152 1435 urbis
1172 1407 1241 1435 alias
1265 1415 1320 1441 res,
1336 1411 1393 1435 tum
1408 1407 1528 1435 Simonis
1550 1411 1636 1442 gesta.

857 1452 889 1479 Et
912 1452 1076 1487 excipientes
1105 1453 1181 1480 illum
1209 1453 1238 1480 in
1260 1454 1372 1481 domum
1388 1453 1528 1481 Maroonis
1552 1452 1639 1480 duxe-

854 1501 930 1525 runt.

889 1542 921 1570 ll.
942 1542 966 1570 ls
978 1551 1043 1570 vero
1056 1543 1112 1578 jam
1131 1542 1203 1571 fores
1222 1543 1334 1578 hospitii
1352 1548 1458 1577 tenens,
1478 1551 1637 1576 conversus,

855 1588 1021 1616 multitudini
1045 1589 1186 1624 promisit,
1211 1597 1240 1617 se
1262 1594 1323 1625 post
1342 1590 1414 1617 diem
1436 1590 1585 1618 crastinum
1605 1590 1639 1617 de

855 1635 929 1662 cultu
944 1634 989 1662 Dci
1009 1635 1062 1663 illis
1076 1635 1158 1663 verba
1177 1634 1324 1663 facturum.
1345 1635 1472 1671 Ingresso
1486 1640 1575 1663 autem
1594 1643 1637 1669 eo,

855 1680 900 1715 qui
918 1680 1048 1715 praemissi
1070 1680 1188 1715 fuerant,
1206 1682 1325 1716 hospitia
1348 1682 1382 1709 iis
1396 1681 1442 1716 qui
1459 1681 1541 1709 simul
1554 1689 1637 1709 vene-

854 1732 917 1753 rant
936 1726 1108 1753 ordinabant.
1135 1725 1189 1754 Nec
1210 1734 1275 1754 vero
1297 1727 1344 1762 qui
1369 1727 1488 1762 hospitio
1505 1727 1640 1762 suscipie-

854 1771 938 1803 bant,
961 1772 1101 1799 alacritate
1129 1777 1208 1800 erant
1230 1773 1376 1800 inferiores
1399 1773 1433 1800 iis
1454 1773 1501 1808 qui
1521 1773 1638 1808 hospitia

853 1817 1038 1852 postulabant.
1055 1817 1179 1851 Quorum
1201 1826 1264 1846 cum
1285 1818 1353 1845 nihil
1376 1819 1457 1846 sciret
1470 1818 1577 1852 Petrus,
1593 1826 1639 1846 ro-

854 1869 932 1899 gatus
951 1873 965 1892 a
981 1865 1071 1898 nobis,
1084 1865 1174 1893 cibum
1194 1873 1313 1899 sumere,
1333 1873 1507 1900 nequaquam
1521 1873 1551 1894 se
1563 1873 1640 1893 sum-

853 1915 964 1945 pturum
979 1911 1059 1944 dixit,
1075 1911 1129 1938 nisi
1144 1911 1220 1946 prius
1235 1912 1281 1946 qui
1298 1919 1361 1939 eum
1388 1911 1498 1938 fuerant
1518 1911 1639 1939 comitati

854 1956 1106 1991 interquiescercnt.
1133 1957 1371 1993 Respondentibus
1389 1962 1482 1985 autem
1503 1957 1594 1990 nobis,
1611 1958 1638 1985 Id

851 2005 907 2040 jam
929 2006 966 2033 ita
984 2005 1085 2033 factum
1106 2010 1158 2040 est,
1177 2006 1227 2039 eis,
1245 2011 1356 2041 propter
1376 2014 1497 2033 amorem
1520 2014 1582 2042 erga
1602 2011 1638 2036 te.

854 2061 948 2081 omnes
970 2053 1046 2088 ipsos
1068 2053 1191 2080 studiose
1213 2051 1437 2086 suscipientibus,
1452 2052 1520 2078 adeo
1536 2055 1577 2085 ut,
1591 2051 1640 2086 qui

853 2107 908 2127 non
931 2099 1102 2132 habuerunt,
1122 2105 1192 2133 quos
1218 2097 1336 2132 hospitio
1363 2097 1531 2131 reciperent,
1556 2104 1639 2131 supra

854 2145 964 2173 modum
985 2144 1086 2172 fuerint
1098 2143 1264 2175 contristati,
1291 2142 1388 2170 Petrus
1402 2143 1493 2170 audita
1511 2150 1550 2176 re,
1567 2142 1640 2170 dele-

855 2195 942 2219 ctatus
961 2194 1085 2225 prompta
1102 2190 1281 2222 humanitate,
1298 2188 1448 2216 benedictis
1462 2189 1495 2215 iis
1511 2195 1641 2222 egressus

817 2241 896 2277 Dest
915 2245 922 2264 ε
941 2243 1059 2271 cumque
1081 2235 1191 2263 lavisset
1212 2235 1240 2262 in
1264 2234 1345 2267 mari,
1373 2234 1514 2269 ingressus
1536 2238 1588 2266 est,
1611 2236 1640 2260 et

855 2286 998 2317 postquam
1020 2281 1112 2309 cibum
1134 2288 1195 2308 cum
1220 2278 1438 2315 praecursoribus
1462 2279 1637 2313 sumpsisset,

855 2332 935 2356 nocte
952 2326 1112 2354 adveniente
1127 2333 1224 2354 somno
1239 2333 1268 2354 se
1284 2325 1368 2353 dedit.

890 2372 934 2400 lll.
948 2372 1004 2400 Sub
1014 2372 1162 2401 secundum
1172 2379 1236 2399 vero
1245 2371 1378 2407 gallorum
1392 2375 1501 2398 cantum
1512 2378 1639 2406 experge-

854 2417 944 2446 factus
959 2426 1008 2446 nos
1023 2418 1125 2445 invenit
1139 2417 1299 2452 vigilantes;
1316 2424 1426 2444 eramus
1439 2420 1528 2444 autem
1542 2423 1641 2443 omnes

854 2473 916 2493 eum
927 2472 959 2492 eo
970 2465 1099 2497 sedecim,
1112 2465 1170 2500 ipse
1184 2464 1281 2492 Petrus
1290 2468 1317 2491 et
1325 2471 1375 2499 ego
1383 2463 1520 2496 Clemens,
1529 2462 1638 2490 Nicetes

853 2517 880 2541 et
887 2513 996 2548 Aquila,
1004 2517 1085 2547 atque
1095 2511 1238 2539 duodecim
1249 2510 1296 2545 qui
1307 2510 1450 2546 praegressi
1460 2509 1576 2537 fuerant.
1589 2508 1638 2536 Sa-

852 2559 946 2587 lutatis
956 2566 1021 2594 ergo
1031 2558 1111 2586 nobis
1119 2558 1202 2585 dixit:
1215 2557 1300 2586 Hodie
1308 2556 1372 2591 quia
1380 2556 1441 2584 aliis
1450 2555 1574 2590 occupati
1581 2562 1637 2583 non

854 2612 960 2638 sumus,
975 2604 1055 2633 nobis
1066 2610 1205 2632 vacemus.
1222 2601 1356 2636 Quocirca
1369 2608 1420 2636 ego
1432 2600 1542 2635 quidem
1556 2599 1639 2627 vobis

854 2659 915 2687 qua
938 2651 1011 2686 apud
1027 2649 1129 2687 Tyrum
1153 2653 1216 2685 post
1241 2649 1393 2684 digressum
1416 2650 1538 2675 vestrum
1560 2649 1638 2681 gesta

658 2720 777 2751 VARIIE
782 2719 1006 2756 hLECTlONES.

83 2789 193 2828 ’ξτείραν
207 2792 247 2828 κο.
296 2793 320 2810 ¹⁶
332 2793 409 2828 Alius
436 2791 560 2828 praeferet
583 2790 734 2828 συνετίσας,
762 2797 805 2818 κιο(

857 2788 972 2828 “nerito
987 2787 1008 2828 ς
1025 2796 1039 2828 .2
1068 2784 1270 2828 σιεγεεθεςαςοο
1308 2765 1633 2828 ."Pi‘lgv'Ell‘é-.ff;.§§:

57 2822 75 2838 “
84 2813 191 2862 οὑδῖιλῗᾶέ
201 2813 247 2856 0‘."
269 2813 564 2862 ἰΜὲι””τῖιοιῖἧῧζῖ
581 2813 805 2855 ἐῦξἿΓξέὀιῆῩ

59 2865 89 2884 σιν
96 2859 121 2887 0-
153 2862 173 2878 "
188 2862 273 2892 Malim
285 2865 319 2896 τῇ
329 2836 404 2896 όὲἕίέι
416 2862 614 2896 φιλανθρωπία.
627 2861 657 2890 S.
673 2862 695 2878 "
707 2860 805 2889 είσελθο

857 2813 976 2876 ’ῖῐῑέξιὶσ
989 2813 1008 2859 ἦ
1073 2813 1077 2814 ν
1089 2822 1112 2838 ³³
1125 2820 1199 2850 Fort.
1213 2813 1265 2855 leg.
1281 2819 1398 2846 πάντων.
1413 2816 1443 2844 S.
1480 2813 1503 2831 ⁸³
1515 2813 1634 2849 ξενίσου-

857 2859 877 2889 1.
924 2859 935 2876 ⁸
959 2857 1146 2894 ἀγρηγορότας
1161 2855 1193 2885 0.
1206 2854 1275 2884 Tum
1287 2854 1316 2889 ἐξ
1329 2853 1376 2882 καὶ
1387 2852 1453 2881 δέκα
1463 2850 1495 2882 Ω.

59 2859 173 2887 mox"
188 2862 343 2900 Malim-:ﬁé

386 2871 404 2898 ᾳ
416 2859 614 2899 φιλανθρωπίᾳ.
627 2861 657 2890 S.
673 2862 695 2878 "
707 2859 833 2889 εἰσελθών
846 2859 877 2890 C-
924 2859 935 2876 ⁸

959 2850 1146 2894 ἀγρηγορότας
1161 2855 1193 2885 0.
1206 2850 1275 2884 Τιῖηὶ
1287 2854 1316 2889 ἐξ
1329 2853 1376 2882 καὶ
1387 2852 1453 2881 δέκα
1463 2850 1495 2882 Cu
