1942 3100
280 146 334 174 2'27

698 147 726 174 ὃ.
746 145 937 174 CLEMENTIS
956 146 966 173 Ι
984 146 1067 174 ROM.
1087 147 1186 175 PONT.
1206 147 1319 176 OPERA
1338 149 1450 178 DUBIA.

1838 151 1885 182 ηδ

280 211 354 240 sunt,
372 206 506 234 enarrabo
527 216 533 232 :
554 213 602 233 vos
623 210 715 233 autem
737 205 805 233 mihi
828 214 889 241 quae
910 206 954 233 hic
980 214 994 232 a
1013 205 1057 232 Si-

1109 207 1162 233 ἀπὸ
1186 206 1274 242 Τύρου
1291 208 1313 223 ³⁷
1325 208 1413 240 ἔξοδον
1428 209 1597 245 γεγενημένα
1619 210 1797 246 διηγήσομαι,
1815 211 1886 246 litui;

280 260 362 280 mone
378 256 532 287 perpetrata
556 256 631 284 sunt,
645 252 802 286 diligentius
828 251 965 286 exponite.
989 251 1058 279 Cum

280 297 363 332 igitur
377 304 426 324 nos
447 301 542 323 mutuo
558 296 722 331 specialibus
738 297 940 324 narrationibus
960 297 1060 324 donas-

281 351 383 376 scmus,
403 343 542 378 ingressus
554 347 595 369 est
610 343 721 377 quidam
744 350 760 370 e
774 341 964 375 familiaribus,
986 343 1059 370 hunc

280 389 407 416 nuntium
420 387 500 415 Petro
524 387 656 415 atterens:
670 387 775 421 Simon,
798 387 844 414 ubi
866 388 959 415 didicit
973 392 999 415 te
1012 389 1060 415 ad-

280 434 396 467 venisse,
409 441 504 461 versus
517 432 622 468 Syriam
638 433 775 468 profectus
791 437 842 465 est,
857 433 943 460 turbae
957 438 1057 466 autem,

279 488 340 516 qua:
350 488 432 507 unam
446 480 515 507 hanc
527 484 633 507 noctem
646 479 720 505 velut
742 486 862 506 annuum
878 483 983 514 tempus
999 479 1060 514 opi-

279 533 390 559 nantur,
407 534 456 553 nec
469 530 584 560 possunt
598 525 779 560 praestitutum
800 533 815 551 a
833 529 859 552 te
873 525 943 552 diem
963 533 1059 560 exspe-

278 577 363 603 clare,
382 579 431 606 pro
451 571 556 598 foribus
576 575 663 604 stant,
680 575 707 598 et
720 578 766 606 per
781 575 869 598 coetus
890 578 922 597 ac
941 571 1058 598 circulos

278 617 311 644 de
323 617 442 644 Simonis
455 616 598 644 calumniis
618 616 687 643 inter
705 623 735 643 se
750 616 864 643 invicem
887 616 1053 651 colloquun-

279 668 333 694 tur,
345 663 462 698 quicum
471 670 519 690 eas
531 662 557 689 in
568 669 642 696 spem
654 661 819 694 adduxisset,
831 666 912 696 atque
922 662 1058 696 pollicitus

277 714 349 737 esset
359 709 431 744 quod
448 714 473 736 te
485 709 578 736 multis
591 708 625 735 de
639 707 799 735 criminibus
813 713 973 742 praesentem
987 713 1059 736 esset

277 755 462 787 convicturus,
486 755 594 789 cognito
618 753 732 780 adventu
758 757 805 780 tuo
828 761 856 780 se
877 758 958 781 noctu
973 754 1000 781 in
1015 753 1058 781 fu-

277 807 338 835 gam
351 798 515 833 coniecerit:
529 797 576 825 sed
591 802 618 825 et
631 802 658 824 te
672 797 765 824 audire
779 797 948 832 desiderant;
965 799 1058 826 nescio

277 845 350 872 enim
369 844 441 871 unde
458 850 553 870 rumor
572 843 683 875 incidit,
696 843 776 877 quasi
794 843 874 870 hodie
893 844 932 872 sis
946 844 980 871 ad
996 844 1057 873 illos

277 890 429 918 locuturus.
437 888 476 916 Ne
484 889 566 924 igitur
572 889 686 916 multum
703 888 809 924 fatigati
817 894 914 924 praeter
922 890 1055 919 rationem

276 935 459 969 dimittantur,
480 934 546 970 quid
569 934 618 962 tibi
640 933 796 962 faciendum
817 934 863 968 sit,
884 934 943 970 ipse
956 942 1057 971 cogno-

277 982 342 1009 scis.

310 1026 356 1054 ιν.
373 1027 407 1054 Εῑ
417 1026 524 1059 Petrus,
540 1026 690 1054 admiratus
704 1026 778 1061 vulgi
797 1027 930 1062 studium,
944 1036 1057 1063 respon-

275 1072 475 1106 dit:Videtis,
499 1072 615 1106 fratres,
647 1079 701 1107 quo
730 1078 809 1107 pacto
831 1072 939 1101 Domini
970 1074 1057 1101 nostri

276 1118 360 1146 verba
391 1118 537 1146 manifesto
570 1118 743 1152 impleantur.
771 1117 881 1146 Memini
901 1119 973 1146 enim
994 1127 1056 1146 eum

275 1164 365 1191 dicere
384 1172 392 1190 :
415 1163 494 1190 Mulli
519 1164 620 1190 venient
649 1163 681 1190 ab
709 1163 807 1190 oriente
836 1168 860 1190 et
884 1164 1025 1198 occidente,
1041 1172 1057 1192 a

277 1210 450 1244 septentrione
474 1213 499 1236 et
527 1209 650 1241 meridie,
683 1213 708 1235 et
730 1208 877 1236 recumbent
904 1210 932 1237 in
955 1210 1057 1237 sinibus

276 1256 400 1288 Abrahae.
419 1255 509 1283 Isauri
523 1260 548 1283 ct
561 1255 654 1282 Jacobi
666 1261 691 1283 α.
717 1255 770 1283 Sed
785 1259 812 1283 et
838 1255 930 1290 Multi,
958 1257 1056 1293 inquit.

275 1303 370 1335 vocati,
396 1303 474 1337 pauci
501 1310 559 1329 vero
574 1301 649 1329 electi
665 1302 690 1329 δ.
709 1301 785 1334 Quod
803 1309 868 1337 ergo
883 1302 934 1337 ipsi
949 1303 1058 1331 veniant

278 1349 379 1381 vocati,
400 1348 427 1375 id
448 1348 622 1383 adimpletum
643 1352 694 1375 est.
718 1347 787 1381 Quia
803 1356 868 1376 vero
881 1349 934 1376 hoc
948 1356 1001 1376 non
1016 1354 1058 1377 est

275 1400 372 1420 eorum
396 1392 549 1427 proprium,
574 1393 620 1420 sed
636 1397 678 1420 est
694 1392 740 1420 Dei
758 1393 805 1428 qui
828 1401 875 1421 eos
896 1394 1004 1422 vocavit
1025 1403 1057 1423 ac

275 1438 341 1466 fecit
353 1438 486 1470 venire,in
497 1445 532 1466 eo
544 1438 602 1466 solo
617 1439 767 1466 mercedem
777 1446 831 1466 non
842 1445 1055 1475 consequuntur,

275 1483 405 1518 quoniam
431 1483 554 1518 ipsorum
576 1483 715 1518 proprium
736 1491 790 1511 non
803 1488 854 1517 est,
875 1485 922 1512 sed
937 1485 997 1520 ejus
1009 1486 1056 1520 qui

1109 252 1137 278 δὲ
1149 252 1172 268 ³³
1184 253 1245 288 ἐμοὶ
1264 253 1298 279 τὰ
1315 253 1431 280 ἐνταῦθα
1444 254 1496 280 ὑπὸ
1510 254 1556 280 τοῦ
1573 255 1693 290 Σίμωνος
1709 258 1887 292 πεπραγμένα

1109 298 1156 324 καὶ
1176 298 1367 334 ἀκριϐέστερον
1383 299 1552 335 ὲξηγήσασθε
1560 299 1592 326 ²⁹.
1613 300 1819 336 ’Δμειψαμένων
1845 300 1887 328 οὖν

1109 342 1237 379 ἀλλήλους
1262 345 1322 376 ταῖς
1338 344 1366 369 ἐν
1389 344 1465 380 μέρει
1480 344 1652 380 διηγήσεσιν,
1670 346 1756 381 εἰσῄει
1775 355 1818 378 τις
1838 347 1888 373 τῶν

1110 388 1229 424 συνήθων
1253 389 1429 423 ἀπαγγέλλων
1452 390 1559 425 Πέτρην
1584 391 1624 417 ὅτι
1646 391 1737 426 Σίμων
1755 392 1847 427 μαθών
1862 400 1890 420 σε

1109 434 1312 469 ἐπιδημήσαντα
1337 434 1386 469 τὴν
1415 433 1460 460 ἐπὶ
1485 434 1584 469 Συρίαν
1617 434 1744 470 ὥρμησεν
1768 435 1847 467 we»,
1866 437 1889 462 οἱ

1108 479 1137 506 δὲ
1163 479 1234 514 ὄχλοι
1256 479 1305 514 τὴν
1332 479 1395 514 μίαν
1417 479 1517 515 ταύτην
1538 479 1622 506 νύκτα
1636 481 1673 512 ὡς
1690 481 1813 507 ἐνιαυτοῦ
1829 482 1890 516 χρὸ-

1109 533 1153 551 νον
1175 525 1361 561 ἡγησάμενοι,
1387 527 1434 552 καὶ
1454 526 1602 561 ’ἀναμένειν
1624 527 1673 561 τὴν
1695 526 1817 553 δοθεῖσαν
1841 527 1891 553 ὑπὸ

1109 571 1157 597 σοῦ
1188 571 1355 607 προθεσμίαν
1386 572 1422 607 μὴ
1453 572 1613 607 δυνάμενοι,
1640 572 1693 607 πρὸ
1716 572 1771 598 τῶν
1788 572 1892 607 ιθυρῶν

1109 616 1264 651 ἑστήκασιν,
1283 616 1353 642 κατὰ
1377 616 1514 649 συντάξεις
1530 616 1552 632 ⁸⁸
1573 617 1620 642 καὶ⁸
1646 616 1788 650 συλλόγους
1807 615 1891 650 ἀλλήα

1108 660 1163 692 λοις
1187 662 1250 697 περὶ
1270 661 1319 696 τῆς
1344 661 1390 687 τοῦ
1412 662 1531 696 Σίμωνος
1549 661 1673 696 διαϐολῆς
1691 661 1890 692 διαλαλοῖητες,

1108 707 1148 733 ὃτι
1166 707 1332 742 μετεωρίσας
1353 707 1465 738 αὐτοὺς,
1489 706 1536 734 καὶ
1554 707 1600 733 ἐπὶ
1616 699 1720 738 πολλοῖς
1741 708 1838 738 κακοῖς
1864 715 1891 732 σε

1108 753 1226 787 ἐλέγξειν
1253 753 1362 779 ἐλθόντα
1379 753 1571 789 ὑποσχόμενος,
1593 753 1798 790 ἐπιδημήσαντα
1813 752 1891 787 γνοὺς

1107 799 1215 835 νύκτωρ
1243 798 1357 834 ἔφυγεν·
1387 800 1456 835 πλὴν
1478 799 1654 834 ἐπιθυμοῦσιν
1679 800 1754 826 αὐτοὶ
1777 798 1890 825 ἀκοῦσαί

1109 854 1165 872 σου.
1175 846 1231 872 Οὐκ
1246 842 1304 871 οἴδα
1320 845 1402 872 πόθεν
1417 846 1494 880 φήμη
1510 854 1551 876 τις
1567 845 1708 876 ἐπέπεσεν,
1727 845 1765 876 ὡς
1782 844 1890 879 μέλλον-

1106 891 1152 922 τός
1177 899 1223 917 σου
1249 892 1366 927 σήμερον
1390 891 1481 922 αὐτοῖς
1500 890 1679 925 διαλέγεσθαι.
1701 891 1759 917 Ἵνα
1781 888 1830 916 οὖν
1856 891 1890 925 μὴ

1107 937 1154 964 ἐπὶ
1176 936 1242 964 πολὺ
1264 937 1396 972 καμόντες
1420 937 1523 971 ἀλόγως
1545 936 1712 968 διαλύωνται,
1733 936 1760 962 τί
1783 936 1839 972 χρή
1864 944 1891 962 σε

1107 982 1203 1013 ποιεῖν,
1217 981 1298 1012 αὐτὸς
1311 980 1464 1015 γινώσκεις.

1141 1025 1187 1054 ιν.
1205 1026 1259 1053 Καὶ
1274 1027 1288 1053 ό
1298 1026 1410 1062 Πέτρος,
1421 1025 1562 1062 θαυμάσας
1577 1025 1632 1052 τῶν
1646 1025 1730 1060 ὄχλων
1745 1024 1794 1060 τὴν
1811 1033 1891 1051 σπου-

1106 1073 1165 1109 δὴν,
1182 1072 1357 1109 ἀπεκρίνατο·
1367 1072 1473 1108 Ὁρᾶτε,
1490 1071 1607 1106 ἀδελφοὶ,
1622 1071 1680 1103 πῶς
1690 1071 1716 1097 οἱ
1725 1070 1772 1098 τοῦ
1787 1070 1890 1106 Κυρίου

1106 1118 1185 1155 ήμῶν
1215 1118 1288 1153 λόγοι
1315 1117 1443 1153 ἐμφανῶς
1473 1117 1622 1144 τελοῦνται.
1652 1117 1803 1152 Μέμνημαι
1839 1115 1890 1151 γὰρ

1107 1164 1189 1192 αὑτοῦ
1202 1163 1322 1195 εἰπόντος
1332 1171 1339 1178 ·
1351 1162 1465 1191 Πολλοὶ
1477 1163 1653 1190 ἐλεύσονται
1666 1162 1724 1189 ἀπὸ
1735 1160 1892 1190 ἀνατολῶν

1106 1211 1156 1239 καὶ
1170 1209 1304 1245 δυσμῶν,
1317 1208 1426 1243 ἄρκτου
1439 1217 1470 1236 τε
1486 1208 1534 1236 καὶ
1545 1208 1738 1243 μεσημϐρίας,
1755 1206 1805 1234 καὶ
1821 1207 1892 1233 ἁνα-

1107 1256 1299 1290 κλιθήσονται
1309 1257 1352 1288 εις
1362 1254 1495 1288 κόλπους
1510 1253 1635 1288 Ἀϐραὰμ
1644 1253 1692 1280 καὶ
1701 1251 1781 1288 184
1788 1252 1891 1279 Ἰσαὰκ

1106 1302 1156 1330 καί
1177 1301 1287 1330 Ἰακώϐ.
1316 1299 1396 1327 Ἀλλὰ
1427 1300 1474 1327 καὶ
1500 1298 1624 1331 πολλοὶ,
1645 1299 1744 1335 φησὶν,
1774 1297 1889 1331 κλητοί,

1107 1347 1202 1382 ὀλίγοι
1216 1346 1250 1373 δὲ
1265 1345 1410 1373 ἐκλεκτοί.
1428 1345 1465 1372 To
1482 1345 1534 1380 μὴν
1550 1342 1596 1372 οὖν
1612 1344 1697 1371 ἐλθεῖν
1713 1344 1812 1375 αὐτοῦς
1828 1344 1892 1379 κλη-

1107 1392 1201 1424 θέντας
1229 1391 1415 1428 πεπλήρωται.
1449 1390 1525 1417 Ἑπεὶ
1552 1390 1580 1417 δέ
1602 1390 1625 1406 ’ί
1651 1390 1701 1416 οὐκ
1726 1389 1817 1416 αὐτῶν
1833 1390 1888 1415 ἐστι

1106 1438 1185 1464 τοῦτο
1208 1437 1282 1470 ῐδιον,
1309 1437 1376 1464 ἀλλὰ
1396 1437 1443 1464 τοῦ
1459 1435 1621 1468 καλέσαντος
1645 1436 1743 1467 αὐτοὺς
1755 1435 1825 1462 Θεοῦ
1846 1435 1890 1461 καὶ

1106 1483 1192 1511 ἐλθεῖν
1218 1483 1414 1520 πεποιηκότος,
1443 1483 1491 1509 ἐπὶ
1515 1482 1601 1518 τούτῳ
1627 1482 1698 1518 μόνῳ
1723 1481 1819 1517 μισθὸν
1842 1482 1890 1508 οὐκ

274 1530 418 1564 permovit.
449 1528 527 1562 Quod
557 1529 581 1556 si
606 1533 669 1563 post
691 1529 861 1558 vocationem
882 1531 954 1558 bona
975 1539 1056 1566 opera

1109 1531 1224 1566 ἐχουσιν,
1235 1530 1275 1558 ὃτι
1289 1531 1325 1566 μὴ
1341 1530 1430 1557 αὐτῶν
1447 1529 1521 1561 ἴδιον,
1535 1529 1602 1556 ἀλλὰ
1619 1528 1665 1555 τοῦ
1681 1529 1889 1564 ἐνεργήσαντος.

275 1573 398 1607 faciant,
422 1574 495 1608 quod
516 1580 610 1601 eorum
630 1577 672 1600 est
692 1574 845 1608 proprium,
870 1578 935 1602 tunc
951 1582 1000 1610 pro
1022 1582 1056 1603 eo

275 1619 407 1653 recipient
423 1618 586 1647 mercedem.

310 1664 343 1691 V.
369 1664 462 1699 Neque
475 1664 547 1691 enim
562 1664 677 1697 Hebraei,
690 1664 775 1700 Moysi
790 1665 939 1699 credentes,
955 1670 982 1694 et
995 1674 1056 1701 quae

277 1710 313 1738 ab
331 1719 363 1738 eo
375 1710 449 1738 dicta
468 1715 533 1738 sunt
556 1718 610 1737 non
628 1711 823 1744 custodientes,
836 1710 985 1744 salvantur,
1002 1712 1055 1740 nisi

273 1764 334 1791 quae
355 1756 406 1784 sibi
425 1756 497 1784 dicta
518 1760 582 1783 sunt
592 1755 765 1793 custodiant.
789 1754 857 1783 Nam
879 1756 951 1791 quod
968 1755 1054 1792 Moysi

272 1802 447 1835 crediderint,
467 1809 522 1829 non
544 1809 578 1828 ex
603 1801 712 1828 illorum
738 1805 829 1829 ortum
852 1806 893 1829 est
906 1801 1053 1835 voluntate,

272 1845 318 1874 sed
344 1853 378 1873 ex
404 1845 452 1873 Dei
476 1846 525 1882 qui
549 1845 637 1881 Moysi
666 1846 736 1874 dixit
762 1855 770 1874 :
798 1846 867 1875 Ecce
895 1856 942 1884 ego
968 1849 1064 1875 accedo

271 1891 307 1917 ad
324 1895 348 1918 te
364 1891 391 1918 in
405 1891 528 1919 columna
545 1891 638 1924 nubis,
661 1895 690 1918 at
710 1892 804 1919 audiat
829 1894 940 1928 populus
956 1893 1062 1929 quando

271 1937 365 1972 loquor
389 1939 424 1964 ad
461 1941 507 1970 te,
537 1941 563 1964 et
594 1937 642 1965 (ibi
675 1938 783 1965 credant
814 1939 844 1966 in
880 1944 1007 1966 teternum
1035 1945 1060 1967 ο.

275 1982 345 2010 Cum
366 1990 431 2018 ergo
449 1981 570 2009 Hebraeis
590 1986 617 2010 et
638 1982 682 2015 iis,
703 1981 750 2017 qui
767 1989 800 2009 ex
815 1982 940 2017 gentibus
966 1981 1054 2010 vocali

272 2033 347 2061 sunt,
362 2035 377 2055 a
390 2027 446 2055 Deo
462 2027 555 2054 datum
574 2028 610 2054 sit
623 2028 732 2055 credere
747 2027 870 2055 veritatis
884 2027 1051 2061 doctoribus,

272 2074 452 2108 relictumque
468 2074 504 2101 sit
522 2073 693 2108 singulorum
718 2073 827 2108 proprio
847 2072 961 2108 judicio,
980 2073 1052 2100 bona

235 2151 238 2155 ,
273 2127 355 2154 opera
381 2126 528 2152 exercere,
559 2126 663 2146 merces
689 2118 757 2146 bene
782 2118 956 2153 operantibus
980 2118 1052 2153 juste

272 2164 440 2199 rependitur.
459 2163 554 2198 Neque
573 2164 645 2191 enim
668 2163 761 2197 Mosis,
787 2171 875 2198 neque
886 2163 987 2191 Christi
1004 2163 1052 2190 ad-

1112 1577 1175 1604 Ἐὰν
1191 1577 1220 1603 δὲ
1241 1575 1309 1611 μετὰ
1331 1575 1362 1602 τὺ
1379 1576 1400 1591 δ’
1416 1574 1546 1609 κληθῆναι
1563 1573 1632 1601 καλὰ
1649 1572 1798 1609 πράξωσιν,
1824 1574 1890 1608 ὅπερ

1106 1621 1180 1649 ἐστὶν
1195 1621 1284 1647 αὐτῶν
1299 1620 1375 1652 ἴδιον,
1388 1619 1448 1646 τότε
1467 1619 1512 1645 ἐπὶ
1527 1618 1614 1654 τούτῳ
1629 1618 1722 1654 μισθὸν
1736 1617 1855 1650 ἕξουσιν.

1141 1666 1175 1693 ν.
1204 1666 1270 1693 Οὐδὲ
1295 1665 1349 1701 γὰρ
1381 1665 1500 1701 Ἑϐραῖοι
1527 1665 1641 1691 Μωῦσεῐ
1660 1663 1682 1679 ⁸³
1703 1664 1888 1703 πιστεύοντες,

1105 1713 1153 1740 καὶ
1168 1714 1202 1739 τά
1217 1712 1251 1738 δι’
1261 1711 1342 1739 αὐτοῦ
1360 1710 1474 1748 ρηθέντα
1490 1710 1527 1746 μὴ
1541 1709 1731 1745 φυλάσσοντες,
1746 1709 1889 1741 σώζονται,

1105 1759 1152 1785 ἐὰν
1166 1757 1203 1794 μὴ
1215 1756 1250 1784 τὰ
1266 1756 1382 1793 ῥηθέντα
1399 1757 1489 1787 αὐτοῖς
1505 1755 1666 1794 φυλάξωσιν.
1685 1755 1746 1781 Ὀτι
1762 1755 1810 1781 καὶ
1825 1756 1856 1781 τὸ
1868 1755 1891 1771 ’⁵⁵

1104 1792 1216 1832 Μωυσεῖ
1239 1792 1382 1829 πιστεῦσαι
1406 1802 1504 1833 αὐτοὺς
1528 1792 1587 1836 obii.
1609 1801 1658 1837 τῆς
1677 1800 1765 1827 αὐτῶν
1790 1800 1890 1836 βουλῆς

1104 1849 1225 1884 γέγονεν,
1250 1847 1316 1875 ἀλλὰ
1340 1847 1386 1874 τοῦ
1407 1846 1474 1873 Θεοῦ
1495 1845 1542 1872 tot")
1564 1845 1703 1881 εἰρηκότος
1727 1845 1887 1871 Minoas?"-

1103 1891 1177 1920 Ἰδοὺ
1189 1890 1385 1926 παραγίνομαι
1395 1890 1452 1926 ἐγὼ
1463 1891 1537 1926 πρὸς
1545 1891 1582 1918 σὲ
1591 1891 1625 1918 ἐν
1636 1891 1739 1923 στύλῳ
1746 1889 1890 1924 regemq,

1103 1936 1154 1964 ινα
1172 1937 1292 1971 ἀκούσῃ
1309 1937 1325 1964 ό
1339 1937 1413 1970 λαὸς
1430 1936 1597 1969 λαλοῦντός
1610 1945 1669 1971 μου
1687 1935 1760 1970 πρὸς
1776 1935 1826 1968 σὲ,
1844 1935 1893 1962 καί

1104 1988 1153 2008 σοι
1166 1982 1372 2009 πιστεύσωσιν
1383 1982 1426 2015 είς
1435 1982 1487 2010 τὸν
1497 1982 1598 2010 αἰῶνα.
1607 1982 1684 2008 Ἐπεὶ
1693 1980 1740 2008 05v
1753 1981 1892 2018 Ἑϐραίοις

1103 2035 1134 2054 τε
1153 2027 1200 2054 καὶ
1222 2028 1278 2059 τοῖς
1296 2027 1349 2054 ἀπὸ
1369 2028 1452 2054 ἐθνῶν
1473 2027 1650 2063 κεκλημένοις
1672 2027 1702 2054 τὸ
1721 2026 1893 2056 διδασκάλοις

1103 2072 1231 2108 ἀληθείας
1244 2073 1386 2099 πιστεῦσαι
1399 2073 1432 2100 ἐκ
1443 2072 1510 2100 Θεοῦ
1520 2073 1640 2107 γέγονεν,
1651 2071 1705 2099 τῶν
1716 2071 1809 2098 καλῶν
1824 2071 1894 2107 πρά-

1106 2117 1172 2152 ξεων
1189 2118 1241 2154 ίδία
1258 2118 1348 2154 κρίσει
1367 2118 1475 2154 ἑκάστῳ
1495 2119 1580 2145 ποιεῖν
1604 2117 1864 2152 ἀπολελειμμένων,
1881 2116 1896 2142 ὀ

1107 2165 1202 2201 μισθὸς
1216 2165 1272 2196 τοῖς
1293 2161 1322 2191 εὖ
1339 2164 1490 2200 πράσσουσι
1508 2164 1620 2196 δικαίως
1642 2163 1810 2190 ἀποδίδοται.
1826 2163 1894 2191 Οὔτε

271 2214 355 2238 ventu
371 2217 441 2244 opus
461 2209 567 2242 fuisset,
582 2209 605 2236 si
625 2216 639 2236 a
656 2217 685 2236 se
702 2209 769 2243 ipsis
783 2209 855 2243 quod
870 2209 969 2236 rationi
986 2217 1051 2235 con-

1109 2212 1160 2248 γὰρ
1180 2211 1213 2239 ἂν
1235 2211 1389 2243 Μωῡσέως,
1410 2210 1472 2237 οὒτε
1494 2210 1543 2246 τῆς
1561 2209 1608 2237 τοῦ
1634 2209 1720 2245 Ἰησοῦ
1739 2210 1896 2246 παρουσίας

272 2261 431 2284 scntaneum
448 2259 491 2282 est
507 2254 657 2282 voluissent
676 2254 825 2289 intelligere
839 2261 846 2280 :
861 2253 908 2281 sed
924 2261 973 2281 nec
993 2261 1050 2281 ma-

273 2301 365 2337 gistris
377 2300 511 2328 credendo
524 2307 625 2335 eosque
643 2300 771 2328 dominos
785 2299 906 2327 vocando
918 2300 992 2328 salus
1006 2308 1052 2328 ac-

273 2346 401 2381 quiritnr.

309 2390 353 2417 Vl.
377 2389 409 2417 Et
432 2389 492 2418 ideo
521 2390 555 2418 ab
577 2389 696 2417 Hebraeis
719 2389 828 2425 quidem
855 2388 902 2424 qui
929 2389 1048 2425 Moysen)

304 2457 320 2474 ι
334 2452 429 2482 Matth.
443 2462 503 2488 vnl,
519 2455 549 2483 Η
562 2463 570 2488 ;
586 2455 655 2484 Luc.
667 2464 728 2490 xm,
745 2456 790 2484 29.
828 2454 843 2477 δ
856 2455 951 2484 Matth.
970 2463 1015 2488 xx,
1030 2455 1073 2484 l6.

1105 2258 1184 2294 χρεία
1198 2256 1243 2294 ἦν,
1263 2259 1341 2294 εἴπερ
1364 2257 1410 2293 ἀφ’
1430 2257 1531 2284 ἑαυτῶν
1548 2257 1578 2284 τὸ
1595 2256 1704 2291 εὔλογον
1726 2257 1798 2284 νοεῖν
1819 2256 1897 2283 ἐϐού-

1106 2305 1193 2337 λοντο,
1212 2304 1273 2331 οὺδέ
1289 2305 1318 2331 ὲν
1335 2303 1375 2339 τῷ
1389 2302 1525 2330 πιστεύειν
1538 2301 1707 2334 διδασκάλοις
1720 2301 1770 2329 καὶ
1785 2302 1897 2338 κυρίως

1106 2350 1205 2382 αὐτοὺς
1219 2349 1319 2385 λέγειν,
1333 2349 1350 2385 ὴ
1366 2348 1488 2384 σωτηρία
1503 2348 1618 2383 γίνεται.

1143 2395 1187 2423 νι.
1200 2394 1301 2421 Τούτου
1318 2394 1371 2430 γὰρ
1388 2393 1441 2430 (15)
1455 2394 1546 2420 ἕνεκεν
1559 2392 1613 2420 ἀπὸ
1630 2392 1680 2429 μὲν
1695 2392 1837 2428 Ἐϐραίων
1854 2391 1899 2419 τὸν

1112 2461 1124 2476 ο
1140 2454 1226 2483 Exod.
1239 2463 1298 2490 xIx,
1312 2454 1340 2483 9.

896 2552 1011 2581 VAﬂhE
1038 2551 1238 2582 LEGTIONES.

313 2616 335 2654 ξ’
347 2617 400 2654 ἀπὸ
415 2617 462 2654 τοῦ
484 2617 572 2654 Τύρου
588 2617 620 2645 C.
677 2617 700 2654 ν
715 2626 744 2644 τε
795 2638 802 2652 ,

274 2652 296 2671 ³⁸
309 2652 352 2687 διη
372 2652 473 2688 ήσασθε
484 2652 516 2680 0.
526 2652 532 2654 ⁷
563 2653 586 2669 ⁴⁰
602 2653 744 2684 συστάσεις
756 2653 786 2680 (1.

273 2686 295 2705 ι’
307 2661 375 2721 μετά
393 2687 424 2713 τό
435 2686 457 2714 0
472 2707 480 2720 ,
494 2693 522 2715 ut
531 2686 605 2721 Epit.
621 2695 646 2715 c.
657 2687 702 2720 6‘2,
715 2687 783 2721 μετὰ

829 2617 881 2656 qui
899 2618 1017 2656 subinde
1047 2620 1109 2656 ἐμοὶ
1129 2620 1163 2647 τά
1184 2628 1207 2648 c.
1234 2620 1263 2652 S.
1277 2621 1310 2647 τὰ
1334 2621 1395 2656 ἐμοί
1406 2621 1436 2649 C.
1450 2621 1606 2650 Proximum
1624 2622 1670 2650 καί
1684 2630 1738 2650 non
1751 2628 1795 2651 est
1811 2623 1839 2650 in
1853 2624 1884 2651 0.

577 2653 586 2694 ξ
602 2653 744 2684 συστάσεις
756 2653 786 2680 (1.
826 2653 858 2692 ’δι
873 2653 934 2693 ἐπεὶ
955 2653 983 2679 δέ
1001 2654 1029 2686 S,
1044 2653 1070 2681 0⁷
1082 2675 1090 2687 ,
1103 2656 1239 2718 mtabo.
1252 2656 1320 2683 Tum
1331 2653 1412 2683 τοῦτο
1423 2665 1448 2684 c.
1461 2657 1483 2684 Ο
1497 2678 1505 2690 ,
1531 2663 1560 2685 ut
1577 2658 1704 2692 proponit
1729 2657 1749 2685 S
1764 2677 1773 2690 ,
1795 2659 1828 2685 τό
1853 2660 1885 2687 C.

577 2692 605 2716 ιι.
621 2695 646 2715 c.
657 2687 702 2718 6‘2,
715 2687 783 2718 μετὰ
793 2695 840 2714 του
854 2687 874 2714 C
899 2695 925 2714 In
940 2691 1024 2715 textu.
1042 2689 1081 2716 Ad
1096 2697 1170 2717 oram
1209 2691 1356 2718 ttoboniani
1374 2692 1465 2718 ινόθα.
1477 2698 1504 2718 et
1514 2693 1594 2718 naulo
1603 2697 1666 2718 nost
1684 2702 1691 2718 :
1706 2693 1885 2718 νοθευόυενα.

393 2687 424 2713 τό
435 2686 457 2723 0
472 2707 480 2720 ,
494 2693 522 2715 ut
531 2686 605 2722 Epit.
621 2695 646 2715 c.
657 2687 702 2720 6‘2,
715 2687 783 2723 μετὰ
790 2687 840 2723 τοῦ
854 2687 874 2714 C
899 2687 1024 2723 in_textu.
1042 2686 1086 2716 Ad
1096 2697 1170 2717 oram

1209 2691 1358 2729 ttoboniani
1374 2692 1465 2729 :Avéga,
1477 2691 1594 2729 ctpaulo
1603 2691 1666 2729 post
1684 2702 1691 2719 :
1706 2693 1886 2729 νοθευόμενα,

273 2721 345 2755 quod
358 2722 392 2749 ad
409 2721 601 2758 subsequentia
615 2721 738 2758 _spectat.
774 2721 797 2738 “
807 2722 910 2758 Μωῠσῇ
925 2721 956 2750 0.
994 2722 1017 2739 ⁸⁸
1027 2723 1057 2750 τό
1068 2723 1101 2758 0,
1114 2730 1143 2752 ut
1158 2726 1260 2753 mavult
1272 2725 1292 2753 S
1305 2747 1313 2759 ,
1324 2726 1363 2762 τῷ
1376 2726 1406 2754 C.
1420 2721 1488 2755 Tum
1503 2721 1650 2765 ΜωῡσῇὈ.
1663 2730 1712 2767 ﬁ“
1725 2721 1835 2767 Μωῡᾶῇ
1848 2721 1882 2757 οξ

919 2799 1096 2830 VARIORUM
1108 2800 1223 2830 ΝΟΤΑΕ.

309 2856 365 2891 (l3)
383 2856 492 2885 τούτου
506 2858 563 2892 γὰρ
577 2866 604 2885 κ.
618 2866 643 2885 τ.
657 2857 682 2885 λ.
701 2857 769 2887 Vide
786 2865 820 2887 ne
839 2858 965 2895 nugatori
981 2858 1106 2889 Ebiona‘o
1116 2858 1196 2888 ﬁdem
1212 2859 1321 2889 habeas.
1337 2861 1404 2891 Cor.
