1942 3100
41 139 82 167 229

533 138 760 167 CLEMENTINA.
781 152 816 160 —
827 138 970 167 HOMILIA
987 137 1056 167 νιιι.

1601 143 1654 172 250

38 197 148 233 Μωῠσῆν
161 196 185 213 δ’
198 197 369 225 διδᾶσκαλον
388 197 468 234 185
483 199 630 234 εἰληφότων
655 198 820 225 καλύτι-εεται

880 202 1067 233 ιτωεορῑοτοιο
1079 202 1252 232 acceperunt,
1268 197 1443 226 absconditur
1457 199 1538 228 Iesus
1550 208 1557 226 :
1571 200 1606 229 ab
1620 201 1656 230 iis

37 242 163 278 όἸησοῦς,
178 242 232 269 ἁπδ
245 242 268 258 ⁵⁷
282 243 313 269 δὲ
329 243 371 278 τῷ
384 243 471 279 Ἰησοῦ
487 243 704 270 πεπιστευκότων
717 244 732 269 ὁ
742 243 824 269 Μωῡ-

36 289 78 323 ei};
100 288 324 324 ἀποκρύπτεται.
350 289 424 320 Μιᾶς
446 288 499 324 γὰρ
515 289 548 316 δι’
572 288 731 324 ἀμφοτέρων
751 288 822 314 διδα-

35 334 144 366 σκαλίας
175 334 261 370 οὔσης
291 334 340 361 τὸν
371 335 471 361 τούτων
499 335 551 361 τινὶ
574 335 597 351 ⁵⁸
626 333 824 361 πεπιστευκότα

33 379 126 411 ὁΘεὸς
147 380 325 415 ἀποδέχεται.
356 379 436 406 Ἀλλὰ
459 381 490 406 τὸ
516 380 652 407 πιστεύειν
675 379 824 415 διδασκάλῳ
839 392 845 399 -

33 426 110 451 ἕνεκα.
127 425 175 451 τοῦ
194 427 284 452 ποιεῖν
303 426 338 451 τὰ
353 425 406 452 ὑπὸ
420 426 465 451 τοῦ
482 426 504 441 δ’
518 426 585 453 Θεοῦ
603 426 735 461 λεγόμενα
751 425 823 460 γίνε-

33 480 81 497 ται.
103 471 169 497 Ὅτι
185 471 214 497 δὲ
229 471 304 497 τοῦθ’
320 471 407 502 οὕτως
426 471 492 506 ἔχει,
508 471 589 503 αὐτὸς
604 473 618 498 ὀ
631 471 733 507 Κύριος
747 471 824 506 ἡμῶν

33 517 112 549 λέγει·
129 516 388 551 Ἐξομολογοῦμαί
404 517 426 532 ⁸⁸
442 524 500 548 σοι,
517 517 611 550 Πάτερ
627 517 679 543 τοῦ
695 516 824 550 adparat?

33 561 76 587 καὶ
93 561 154 595 τῆς
171 561 243 596 τῆς,
260 561 306 588 ὅτι
324 561 499 596 ἀπέκρυψας
513 562 607 589 ταῦτα
621 562 679 589 ἀπὸ
691 561 824 596 σοφῶνδί

33 608 76 633 mi
93 608 323 642 πρεσϐυτέρων,
337 610 387 637 καὶ
401 608 599 642 ἀπεκάλυψας
617 607 692 634 αὐτὰ
705 608 825 641 νηπίοις

33 652 230 684 θηλάζουσιγ.
237 653 329 686 Οὕτως
335 654 415 686 αὐτὸς
423 653 506 684 όΘεὸς
511 654 566 684 τοῖς
576 653 625 688 μὲν
644 652 744 688 ἔκρυψε
751 652 824 679 διδά-

33 697 143 729 σκαλον,
170 697 211 729 ὡς
235 699 434 733 προεγνωκόσιν
456 698 474 725 ἃ
492 698 533 724 δεῖ
556 697 695 733 πράττειν,
718 698 774 729 τοῖς
797 697 826 724 δὲ

32 743 222 777 ἀπεκάλυψεν,
236 744 274 775 ὡς
288 743 428 777 ἀγνοοῦσιν
441 743 458 770 ἃ
469 744 520 779 χρὴ
535 745 632 770 ποιεῖν.

65 787 125 815 Vll.
143 788 217 814 οὔτε
233 788 280 815 οὖν
302 789 421 824 Ἑϐραῖοι
434 789 497 824 περὶ
512 789 622 823 ἀγνοίας
643 789 729 824 Ἰησοῦ
746 797 826 815 κατα-

32 833 205 866 ῑικὰζονται,
221 835 265 860 διὰ
278 835 323 861 τὸν
341 835 490 871 κρύψαντα,
501 835 548 861 ἐάν
557 843 596 868 ιγε
613 833 777 870 πράττοντες
791 834 826 861 τὰ

873 250 938 270 vero
966 242 1013 278 qui
1036 243 1063 269 in
1080 241 1173 270 Iesum
1188 242 1371 277 crediderunt,
1387 243 1478 271 Moses
1490 245 1655 274 occultatur.

873 287 942 315 Cum
966 287 1038 315 enim
1058 295 1112 315 una
1132 287 1169 316 sit
1188 295 1237 322 per
1267 293 1417 324 utrumque
1438 289 1573 323 doctrina.
1593 298 1658 318 eum

873 333 921 369 qui
940 333 1063 361 alterutri
1088 334 1175 361 credit
1196 333 1294 369 recipit
1308 334 1392 362 Deus.
1417 334 1519 362 Verum
1538 335 1606 364 ﬁdes
1630 337 1659 364 in

874 379 1035 414 magistrum
1052 378 1112 406 ideo
1125 383 1178 411 est.
1201 384 1231 406 ut
1250 387 1312 414 quae
1328 387 1343 407 a
1355 379 1410 408 Deo
1425 381 1497 408 dicta
1515 386 1579 409 sunt
1595 390 1659 417 per-

874 428 1001 459 agantur.
1023 423 1101 456 Quod
1122 428 1212 451 autem
1229 425 1282 452 hoc
1302 424 1339 451 ita
1356 432 1385 452 se
1402 425 1517 458 habeat,
1534 426 1592 460 ipse
1605 426 1660 453 Do--

874 470 965 497 minus
980 474 1072 497 noster
1087 469 1138 497 ait:
1149 469 1281 504 Conﬁteor
1295 470 1354 502 tibi,
1368 470 1449 497 Pater
1460 471 1517 497 caeli
1530 477 1554 498 et
1571 477 1659 505 terra,

875 516 936 550 quia
960 515 1121 542 abscondisti
1148 515 1203 542 Ιιωε
1227 524 1244 542 a
1270 516 1434 550 sapientibus
1461 517 1658 551 “senioribus,

874 560 1073 587 etrevclastica
1082 561 1199 595 parvulis
1212 561 1369 588 lactentibus
1386 567 1410 588 α.
1431 561 1477 589 Sic
1503 563 1575 590 Deus
1600 563 1659 597 ipse

876 606 928 634 illis
941 607 1050 641 quidem
1065 607 1208 634 abscondit
1222 607 1375 641 doctorem,
1390 612 1421 635 ut
1434 607 1660 644 quiscirentqua:

875 657 967 679 essent
991 651 1124 685 facienda,
1150 653 1192 679 his
1215 661 1280 680 vero
1305 653 1452 688 revelavit,
1476 659 1506 682 ut
1529 655 1575 690 qui
1599 663 1662 690 qua:

874 705 956 733 agere
970 701 1095 733 oporteat
1109 698 1274 734 ignorarent.

912 782 968 812 νη.
983 783 1076 820 Neque
1087 793 1151 820 ergo
1161 785 1265 814 llebrrei
1281 787 1314 814 de
1328 788 1498 822 ignoratione
1511 788 1574 816 Iesu
1590 796 1659 817 con-

877 829 1050 864 demnantur,
1063 836 1173 866 propter
1184 840 1246 860 eum
1259 833 1305 868 qui
1318 833 1471 865 abscondit.
1483 834 1517 866 si,
1530 834 1661 862 facientes

32 881 71 907 διὰ
89 881 238 914 Μωῦσέως
249 882 281 913 ⁸⁸,
299 882 327 908 ὃν
340 869 474 917 ἠγνόησαν
492 881 528 917 μὴ
547 869 705 917 μισήσωσιν·
724 881 779 908 οὒτ’
791 880 824 909 αὖ

880 883 892 903 a
906 875 997 911 Moyse
1021 877 1189 912 praescripta,
1202 886 1283 913 quem
1301 880 1426 917 nesciunt
1453 879 1516 907 odio
1538 888 1593 907 non
1612 881 1662 908 ha-

32 927 53 952 οὶ
85 927 174 953 ἁττ⁸⁵³
194 927 280 954 ἐθνῶν
307 928 487 963 ἀγνοήσαντες
506 927 552 954 τὸν
569 928 688 962 Μωῦσῆν
711 926 755 954 διὰ
774 928 826 954 ’τὸν

31 973 196 1007 καλύψαντα
212 972 446 1005 κατώικάζονται,
458 973 505 1000 ἐὰν
519 982 572 1009 περ
588 974 635 1000 καὶ
651 970 722 1000 οὗτοι
739 974 827 1010 πράσ-

32 1026 126 1050 σοντες
151 1019 189 1045 τὰ
211 1019 258 1046 διὰ
276 1019 324 1046 τοῦ
345 1019 431 1054 Ἰησοῦ
448 1019 563 1056 ρηθέντα
580 1020 616 1055 μὴ
631 1021 781 1055 μισήσωσιν
797 1020 827 1047 ὃν

30 1064 182 1099 ἠγνόησαν.
201 1065 258 1091 Καὶ
273 1065 323 1092 οὐχ
339 1066 368 1091 ὲν
382 1065 421 1101 τῷ
443 1066 506 1097 τοὺς
527 1065 700 1098 διδασκάλους
716 1065 827 1101 κυρίους

30 1109 136 1141 καλεῖν,
154 1109 194 1136 τὰ
214 1110 246 1136 δὲ
262 1110 366 1137 δούλων
386 1111 422 1146 μὴ
443 1111 539 1142 ποιεῖν,
556 1110 721 1145 ὠφελοῦνται
744 1119 825 1143 τινες.

30 1154 135 1180 Τούτου
159 1154 218 1190 γὰρ
247 1155 339 1182 ἕνεκεν
353 1156 367 1182 ὁ
390 1155 491 1191 Ἰησοῦς
506 1156 584 1191 ἡμῶν
605 1156 674 1192 πρός
696 1165 757 1183 τινα
774 1165 827 1183 πυ-

29 1200 167 1236 κνότερον
193 1200 295 1236 Κύριον
311 1201 391 1228 αὑτὸν
416 1201 538 1236 λέγοντα,
557 1201 637 1237 μηδὲν
654 1202 681 1228 δὲ
701 1202 828 1229 ποιοῦντα

31 1243 71 1273 ἴον
89 1248 172 1280 αὐτὸς
190 1248 355 1284 προσέταξεν
363 1248 397 1281 ⁵⁵,
413 1249 463 1284 ἔφη
475 1257 482 1264 ’
502 1249 532 1275 Τί
548 1257 588 1283 με
600 1248 709 1283 λέγεις,
729 1250 827 1282 Κύριε,

42 1293 131 1326 Κύριε,
157 1293 210 1320 καὶ
238 1294 273 1320 σὺ
299 1294 393 1326 ποιεῖς
415 1293 434 1320 d
455 1295 548 1328 Mra);
564 1294 601 1320 Οὐ
622 1293 677 1329 γὰρ
693 1294 829 1330 ὠφελήσει

41 1338 95 1364 τινὰ
122 1338 156 1365 τὸ
181 1338 282 1372 λέγειν,
296 1338 364 1366 ἀλλὰ
388 1339 419 1365 τὸ
438 1340 534 1366 ποιεῖν.
557 1338 604 1365 Ἐκ
627 1338 727 1370 παντὸς
750 1339 830 1375 186

41 1382 82 1410 οὖν
98 1376 206 1419 τρῆου
223 1383 312 1410 καλῶν
328 1384 416 1419 ἔργων
432 1384 519 1420 χρεία.
537 1384 610 1420 Πλὴν
625 1385 652 1411 εῐ
664 1393 707 1416 τις
714 1385 736 1400 ⁵⁸
749 1393 830 1412 κατα-

40 1428 147 1464 ξιωθείη
171 1430 237 1461 τοὺς
260 1429 430 1466 ἀμφοτέρους
445 1429 592 1464 ἐπιγνῶναι
615 1429 653 1461 ὡς
678 1431 743 1466 μιᾶς
757 1430 830 1457 διδα-

42 1474 152 1506 σκαλίας
184 1475 231 1502 ὑπ’
251 1475 340 1502 αὐτῶν
368 1476 588 1511 κεκηρυγμένης,
609 1471 690 1508 οὗτος
712 1476 781 1512 ἀνὴρ
800 1476 829 1503 έν

41 1520 95 1556 Θεῷ
123 1520 256 1552 πλούσιος
284 1520 495 1557 κατηρίθμηται,
512 1521 547 1548 τά
562 1529 591 1548 τε
606 1521 707 1557 ἀρχαῖα
728 1522 775 1549 νέα
789 1521 829 1558 τῷ
842 1535 864 1566 c

39 1567 132 1602 χρόνῳ,
150 1567 201 1593 καὶ
216 1566 252 1593 τὰ
266 1566 346 1593 καινὰ
360 1567 462 1594 παλαιὰ
477 1567 541 1594 ὂντα
558 1567 702 1604 νενοηκὼς.

70 1644 136 1671 Vill.
157 1644 252 1672 Ταῦτα
267 1645 313 1672 τοῦ
330 1645 434 1681 Πέτρου
450 1646 582 1680 λέγοντος,
593 1646 617 1673 oi
633 1646 716 1682 όχλοι,
734 1646 828 1683 ὥσπερ

40 1690 87 1716 ὑπό
116 1699 194 1722 τινος
221 1690 374 1726 κληθέντες,
392 1692 517 1727 εἰσῄεσαν
541 1691 605 1719 ἔνθα
627 1693 641 1719 ό
664 1692 767 1728 Πέτρος
784 1691 827 1729 ἦν.

44 1736 70 1762 '0
90 1736 118 1762 δὲ
140 1736 190 1762 τὸν
209 1736 292 1763 πολὺν
307 1736 384 1772 ὄχλον
399 1735 474 1779 ιίδὼν
491 1736 585 1773 ὥσπερ
609 1737 731 1773 ποταμοῦ
761 1738 829 1773 ἡσυ-

39 1790 81 1815 χον
107 1782 202 1817 ῥεῦμα
228 1782 322 1817 πράως
346 1782 523 1818 προερέοντα,
547 1783 599 1818 ἔφη
627 1783 666 1818 τῷ
691 1783 828 1820 Μαροόνῃο

39 1826 90 1853 Ποῦ
113 1835 157 1854 σοι
181 1827 264 1858 τόπος
294 1827 410 1854 ἐνταῦθα
429 1827 527 1862 μᾶλλον
543 1828 606 1859 τοὺς
621 1828 717 1863 ὖχλους
733 1830 830 1864 χωρεῖν

39 1872 202 1909 δυνάμενος
218 1872 266 1900 τοῦ
283 1873 341 1899 δὲ⁵⁸
360 1873 500 1908 Μαροόνου
532 1875 573 1905 εἰς
593 1873 675 1901 τόπον
699 1873 830 1910 ὕπαιθρον

38 1919 245 1954 κεκηπευμένον
270 1918 437 1954 προάγοντος
461 1919 558 1952 αὐτὸν,
575 1919 683 1946 εἵποντο
701 1919 724 1946 oi
746 1919 829 1955 ὄχλοι.

39 1964 66 1990 Ὀ
91 1964 123 1990 δὲ
147 1964 254 1999 Πέτρος
275 1964 320 1990 ἐπί
336 1972 408 1995 τινος
426 1964 528 1999 βάσεως
544 1964 699 2000 ἀνδριάντος
714 1964 744 1991 οὑ
760 1965 830 1991 πάνυ

30 2009 142 2044 ὖᾲηλῆς
150 2010 187 2042 ⁸⁷,
201 2009 325 2041 ἐπιστὰς,
343 2009 401 2045 ἃμα
418 2010 457 2045 τῷ
480 2010 526 2037 τὸν
542 2010 619 2046 δχλον
634 2010 757 2037 θεοσεϐεῖ
774 2011 829 2037 ἔθει

31 2054 269 2090 προσπορεῦσαι,
291 2054 368 2086 εἰδὼς
390 2055 502 2087 πολλοὺς
526 2057 558 2082 ὲκ
579 2056 633 2083 τῶν
650 2057 831 2092 παρεστώτων

32 2100 124 2134 apum
148 2101 203 2127 ὑπὸ
225 2100 359 2136 δαιμόνων
376 2109 405 2127 τε
422 2101 468 2128 καὶ
486 2101 591 2128 πολλῶν
611 2100 704 2128 παθῶν
720 2102 752 2129 ὲκ
769 2101 832 2129 πολ-

33 2146 90 2172 λῶν
115 2146 222 2181 χρόνων
246 2146 463 2182 ἐνοχλουμένους,
491 2146 639 2182 βρὺχοντάς
665 2156 695 2174 τε
720 2148 777 2183 μετ’
796 2148 832 2174 ol-

875 921 974 948 beant:
986 929 1073 957 neque
1085 931 1194 950 rursum
1210 924 1256 958 qui
1277 931 1310 952 ex
1319 916 1447 960 gentibus
1463 929 1536 958 sunt,
1545 926 1578 953 de
1590 926 1663 961 igno-

877 971 937 994 rato
948 967 1040 1003 Moyse
1060 969 1287 1003 condemnamur,
1302 974 1413 1005 propter
1426 978 1488 998 eum
1502 971 1548 1006 qui
1569 972 1663 999 occul-

876 1014 954 1046 tavit,
968 1013 991 1041 si
1007 1018 1034 1041 et
1049 1014 1099 1048 ipsi
1113 1022 1162 1050 per
1174 1015 1314 1042 Christum
1334 1015 1406 1043 dicta
1423 1016 1563 1050 facientes,
1579 1025 1661 1052 quem

878 1059 1005 1094 ignorant
1020 1059 1083 1087 odio
1102 1067 1156 1087 non
1172 1065 1385 1095 prosequantur.
1401 1060 1528 1096 Nihilque
1542 1062 1661 1097 cuipiam

877 1105 1008 1140 proderit,
1023 1105 1160 1140 magistris
1183 1113 1282 1133 nomen
1309 1106 1483 1134 dominorum
1505 1107 1581 1139 dare,
1603 1115 1660 1135 non

878 1149 969 1178 facere
992 1155 1083 1178 autem
1107 1158 1190 1186 opera
1210 1158 1363 1179 servorum.
1376 1151 1444 1178 Nam
1467 1152 1569 1180 idcirco
1582 1151 1663 1180 Iesus

878 1200 972 1224 noster
983 1197 1017 1224 ad
1031 1197 1188 1231 quemdam,
1202 1197 1249 1232 qui
1265 1205 1328 1225 cum
1344 1197 1499 1233 frequenter
1516 1197 1662 1226 Dominum

878 1242 1003 1274 vocabat,
1018 1243 1087 1269 nihil
1102 1247 1192 1270 tamen
1206 1242 1240 1270 ab
1255 1251 1289 1271 eo
1310 1244 1501 1271 mandatorum
1520 1244 1637 1272 iaciebat
1654 1252 1662 1272 :

880 1287 961 1320 Quid,
976 1288 1076 1323 inquit,
1099 1288 1164 1315 milii
1186 1288 1264 1322 dicis,
1281 1288 1403 1321 Domine,
1424 1289 1545 1324 Domine,
1560 1295 1585 1318 et
1613 1297 1665 1317 non

878 1333 947 1367 facis
963 1341 1021 1368 quia
1035 1334 1094 1360 dico
1112 1334 1144 1361 bl
1166 1333 1306 1362 Neminem
1323 1334 1422 1370 quippe
1435 1335 1541 1370 juvabit
1562 1335 1663 1370 dicere,

880 1378 926 1406 sed
947 1378 1045 1407 facere.
1062 1378 1142 1407 Omni
1162 1380 1254 1415 itaque
1270 1380 1351 1407 modo
1370 1387 1440 1416 opus
1457 1384 1500 1408 est
1513 1380 1590 1408 bonis
1601 1387 1665 1416 ope-

879 1424 1102 1453 ribus.Caalerum
1122 1425 1146 1454 si
1164 1426 1209 1454 cui
1231 1426 1362 1454 donatum
1375 1425 1469 1460 fuerit,
1488 1430 1515 1453 et
1529 1424 1621 1453 Jesum
1637 1430 1665 1454 et

879 1470 1000 1507 Moysem
1029 1479 1204 1507 cognoscere,
1228 1476 1358 1507 tanquam
1388 1480 1443 1499 una
1479 1471 1605 1500 doctrina
1630 1472 1665 1499 ab

880 1521 996 1552 utroque
1005 1517 1163 1552 praedicata,
1178 1517 1223 1545 hic
1237 1517 1279 1545 vir
1294 1517 1321 1544 iu
1335 1517 1391 1545 Deo
1407 1517 1483 1546 dives
1498 1518 1664 1551 censebitur,

879 1563 926 1598 qui
937 1567 1029 1590 vetera
1043 1570 1114 1590 nova
1127 1566 1259 1598 tempore,
1270 1567 1298 1591 et
1310 1570 1391 1597 nova,
1406 1570 1467 1598 quae
1482 1568 1573 1591 vetera
1589 1567 1664 1597 sunt,

879 1607 1004 1643 intelligit
1018 1612 1042 1635 ο.

917 1653 982 1680 Vlll.
996 1652 1058 1680 Haec
1080 1652 1161 1681 Petro
1177 1653 1284 1681 dicente
1298 1653 1388 1680 omnis
1411 1653 1568 1686 multitudo,
1582 1652 1663 1688 quasi

879 1700 915 1728 ab
928 1699 1020 1734 aliquo
1035 1704 1158 1731 evocata,
1175 1699 1297 1734 ingressa
1310 1699 1352 1727 es’t
1367 1699 1414 1726 ubi
1430 1703 1491 1726 erat
1509 1699 1616 1726 Petrus.
1628 1697 1665 1726 Ut

880 1751 970 1774 autem
982 1745 1027 1773 ille
1037 1745 1104 1772 vidit
1117 1745 1222 1779 turbas,
1238 1745 1312 1772 velut
1323 1745 1413 1772 amnis
1429 1745 1565 1778 placidum
1577 1743 1664 1771 ﬂuen—

879 1797 937 1819 tum
953 1792 1049 1819 leniter
1061 1796 1257 1823 commeantes,
1286 1791 1355 1818 dixit
1377 1790 1499 1818 Marooni
1518 1799 1525 1817 :
1542 1789 1594 1817 Ubi
1615 1789 1662 1817 hic

879 1838 933 1866 tibi
954 1838 1031 1865 locus
1053 1841 1104 1869 est,
1118 1837 1165 1871 qui
1181 1837 1268 1872 magis
1282 1836 1370 1872 possit
1382 1843 1478 1870 capere
1489 1836 1559 1863 hanc
1571 1835 1664 1862 multi-

880 1881 1019 1910 tudinem?
1032 1880 1064 1908 Et
1082 1880 1212 1908 Maroone
1230 1881 1381 1908 deducente
1394 1889 1456 1908 eum
1468 1881 1495 1908 in
1510 1880 1663 1908 subdialem

880 1927 961 1954 horto
979 1926 1118 1955 excultum
1141 1926 1243 1959 locum,
1260 1930 1360 1954 secuta:
1375 1930 1441 1954 sunt
1455 1926 1551 1953 turbae.
1565 1925 1663 1954 Petrus

881 1976 971 2000 autem
993 1979 1075 2006 super
1099 1971 1186 1999 basim
1207 1975 1303 1998 statuae
1316 1979 1370 1998 non
1387 1971 1420 1998 ad
1436 1971 1549 1998 modum
1570 1970 1662 1998 excel-

881 2025 939 2046 sam
954 2017 1117 2050 consistens,
1133 2017 1214 2045 simul
1237 2022 1319 2052 atque
1343 2017 1473 2052 populum
1497 2023 1575 2044 more
1597 2016 1664 2044 reli-

881 2064 958 2100 gioso
982 2064 1138 2096 salutasset,
1154 2063 1249 2091 videns
1275 2063 1376 2090 multos
1402 2062 1518 2090 astantis
1539 2061 1625 2097 plebis
1646 2069 1662 2090 α

881 2110 1052 2138 ἁωιιιοηὶιιιιε
1063 2113 1091 2137 et
1102 2109 1227 2144 pluribus
1245 2109 1349 2136 morbis
1362 2108 1417 2143 jam
1431 2108 1477 2136 diu
1493 2108 1662 2142 molestatos,

882 2162 914 2182 ac
927 2155 1041 2182 stridere
1056 2162 1119 2182 cum
1143 2155 1263 2186 ululatu,
1284 2159 1311 2181 et
1322 2153 1464 2188 procidere
1482 2161 1544 2181 cum
1558 2154 1664 2189 suppli--

37 2192 137 2226 μωγῆς
169 2192 216 2218 καὶ¹
246 2191 395 2223 πίπτοντας
428 2192 486 2228 μεθ’
519 2193 637 2224 ἱκεσίας,
666 2193 827 2228 ἐπιτιμήσας

882 2200 999 2233 catione,
1024 2201 1167 2236 increpitis
1188 2201 1231 2233 iis,
1247 2200 1440 2235 silentiumque
1455 2204 1546 2227 tenere
1561 2199 1661 2235 jussis.

36 2237 131 2268 αὺτοῖς
152 2237 200 2264 καὶ
227 2237 340 2272 ἡσυχίαν
365 2237 437 2272 ἔχειν
457 2238 610 2273 προστάξας
631 2238 678 2265 καὶ
693 2239 741 2274 τὴν
758 2239 828 2265 ἴασιν

39 2282 111 2316 μετὰ
126 2282 158 2309 τὸ
174 2282 343 2318 διαλεχθῆναι
356 2283 547 2319 ὑποσχόμενος,
564 2283 610 2310 τοῦ
625 2283 713 2318 λέγειν
728 2283 829 2319 ἤρξατο

39 2337 127 2360 ουτως
136 2336 144 2343 ·

75 2373 122 2400 IX.
147 2373 310 2410 Ἀρχόμενος
331 2374 376 2401 τδν
394 2375 462 2411 ὑπὲρ
480 2374 632 2407 θεοσεϐείας
649 2375 727 2410 λόγον
743 2376 828 2403 ποιεῖ-

45 2419 106 2445 σθαι
126 2421 184 2451 τῶς
206 2420 344 2452 παντελῶς
367 2420 493 2454 ἀγνοοῦσι
518 2421 551 2447 τὰ
559 2421 581 2436 ⁵⁸
595 2421 697 2453 πάντα,
712 2422 759 2448 καὶ
776 2421 829 2448 ὑπὸ

44 2464 97 2490 τῶν
121 2465 171 2491 τοῦ
191 2465 376 2500 ἀντικειμένου
393 2466 458 2501 ἡμῖν
472 2466 591 2502 Σίμωνος
608 2466 738 2493 διαϐολῶν
752 2467 843 2494 ὲσπιω

46 2509 177 2544 λωμένοις
203 2510 248 2537 τὸν
272 2510 345 2543 νοῦν,
371 2511 517 2545 ἀναγκαῖον
543 2512 689 2548 ἡγησάμην
711 2512 828 2548 πρῶτον,

50 2555 116 2591 ὑπὲρ
130 2555 179 2582 τοῦ
196 2556 234 2592 μὴ
251 2556 306 2583 δεῖν
333 2555 486 2592 μέμφεσθαι
499 2556 545 2584 τὸν
565 2557 600 2584 τὰ
616 2558 702 2585 πάντα
719 2566 832 2593 πεποιη-

881 2253 931 2273 nec
946 2253 1000 2274 non
1013 2245 1150 2280 pollicitus
1165 2245 1333 2272 curationem
1348 2249 1408 2280 post
1420 2244 1542 2272 habitum
1555 2252 1661 2273 sermo-

880 2299 954 2325 nem,
969 2291 1006 2319 ita
1017 2291 1092 2326 loqui
1107 2291 1206 2326 coepit:

917 2376 963 2403 1X.
980 2376 1113 2411 Incipiens
1128 2375 1162 2403 de
1175 2384 1240 2404 vero
1256 2375 1302 2403 Dei
1315 2376 1390 2404 cultu
1404 2376 1494 2405 facere
1507 2383 1661 2405 sermonem

881 2422 914 2449 ad
941 2429 988 2449 eos
1013 2421 1059 2456 qui
1074 2421 1182 2456 penitus
1198 2422 1324 2457 ignorant
1335 2422 1436 2455 omnia,
1452 2429 1567 2456 quorum
1584 2429 1662 2449 mens

881 2476 928 2503 per
940 2467 1086 2495 adversarii
1095 2468 1181 2495 nostri
1194 2468 1315 2496 Simonis
1329 2468 1481 2496 calumnias
1494 2467 1594 2495 fmdata
1608 2472 1660 2501 est,

882 2514 1065 2542 necessarium
1086 2513 1162 2546 duxi,
1177 2515 1266 2549 primo
1282 2521 1436 2542 sermonem
1448 2513 1547 2540 habere
1566 2513 1600 2540 de
1615 2520 1660 2545 eo,

882 2559 956 2596 quod
969 2567 1024 2588 non
1038 2563 1162 2595 oporteat
1173 2561 1294 2588 omnium
1320 2565 1471 2588 creatorem
1498 2559 1583 2587 Deum
1602 2559 1661 2587 cul—

83 2618 96 2632 ι
113 2611 208 2640 Matth.
220 2620 260 2646 ιι,
273 2612 319 2640 25.
358 2612 477 2647 ιιιΜδιιιι.
495 2621 544 2647 vn,
559 2614 603 2641 21.
647 2619 658 2634 ο
674 2613 769 2642 Matth.
786 2623 846 2649 xm,
862 2616 907 2644 52.

687 2671 805 2698 VARIAE
821 2652 1023 2700 LECrmNES.

84 2717 181 2745 “Nihil
194 2717 419 2746 mutandum.Cl‘.
432 2717 498 2753 μοι).
509 2718 609 2753 Phryn.
621 2725 649 2753 ι),
663 2717 724 2745 156.
741 2717 827 2746 Habet

890 2719 917 2746 in
925 2717 1094 2746 Clementinis
1103 2719 1184 2748 etiam
1198 2718 1428 2753 (ῙοιίνιιιηῗΜωυσῇ
1442 2716 1658 2753 hom.xvrt,4i8:

57 2751 82 2778 S.
116 2753 142 2794 εί
153 2753 283 2794 and-1),!)
298 2773 306 2784 ,
317 2753 374 2794 οπο
387 2752 417 2792 ς.
433 2752 500 2794 Tum
517 2751 592 2794 inut)!
605 2751 662 2794 τοῦ,
674 2759 819 2794 man.~sec.

880 2754 1047 2794 prafq'tnante
1060 2754 1170 2794 ﬁne-ot"),
1184 2761 1228 2788 ap.
1297 2753 1362 2794 τῶν..

543 2787 566 2805 οι
577 2787 698 2822 ἔκρυψας
710 2787 796 2822 ταῦτα
806 2788 859 2815 ἀπὸ

57 2795 114 2824 ιξηῐκ
122 2786 153 2815 ο·
202 2789 225 2805 ’θ
232 2787 453 2824 simiam?»th
464 2788 495 2815 0-

57 2823 76 2840 "
90 2823 212 2858 Μωῦσέος
224 2823 257 2851 Ο.
283 2821 322 2858 ί⁵³
332 2822 388 2858 ᾲπό
400 2821 431 2849 Ο.
467 2824 490 2858 ξδ
504 2821 685 2858 προσέτασσεν
699 2821 730 2858 C_.

780 2827 803 2844 ⁸1
817 2824 867 2850 εἴτι

1414 2751 1438 2773 ῖι
1453 2752 1514 2780 τινά
1526 2752 1556 2779 C.
1585 2751 1660 2778 "106

870 2785 1000 2850 éogmv'c.
1019 2788 1066 2815 καί
1092 2785 1299 2823 copula—etiam
1323 2789 1399 2816 adest
1422 2787 1449 2815 in
1471 2788 1491 2815 l.
1514 2795 1539 2814 c.
1563 2785 1607 2830 Ν.⁴
1624 2785 1657 2813 T.

870 2832 883 2850 ς
942 2831 967 2850 c.
982 2823 1011 2850 (ΣΙ
1028 2844 1035 2850 .
1049 2825 1065 2850 ἦ
1078 2832 1119 2850 τις
1134 2824 1164 2850 C.
1220 2827 1244 2843 ⁸⁸
1263 2823 1292 2850 δέ
1315 2831 1370 2850 om.
1390 2822 1459 2850 Tum
1477 2822 1559 2850 τόπον
1583 2824 1657 2850 ltuit.

869 2832 883 2855 ς

942 2823 1035 2860 (παι,
1049 2825 1066 2859 ἦ
1078 2822 1181 2860 etet},
1220 2827 1244 2843 ⁸⁸
1256 2823 1292 2860 δέ
1300 2831 1370 2860 _om.
1390 2822 1459 2851 Tum
1477 2822 1559 2850 τόπον
1583 2823 1658 2860 Epit.

59 2864 81 2885 c.
103 2857 144 2891 62,
155 2859 197 2886 τόν
230 2859 262 2894 C,
276 2857 310 2886 Ο.
328 2857 430 2886 Deinde
451 2855 531 2884 αὐτόν
544 2865 599 2886 om.
613 2856 645 2885 Ο,
660 2858 705 2898 -37
719 2855 756 2885 Ita
770 2857 792 2886 Ο
816 2867 827 2888 c

880 2879 887 2892 ,
904 2857 1000 2894 etas;
1014 2858 1045 2886 C.
1060 2855 1107 2896 ’.³⁸⁸
1121 2858 1156 2886 τά
1167 2859 1241 2887 deest
1255 2858 1283 2886 in
1293 2857 1328 2886 0.
