1942 3100
261 158 312 186 231

261 225 338 255 pare,
365 223 421 244 non
449 212 559 243 aliunde
581 210 823 246 ineipiens,‘quam
850 207 884 234 ab
909 206 961 233 ista
984 206 1082 240 quaeA

261 251 436 301 providenter
456 261 490 288 ab
504 267 537 287 eo
555 263 707 293 opportune
721 255 841 289 subjecta
857 253 908 280 fuit
923 251 1042 284 occasio,

262 295 294 338 ut
308 311 488 344 cognoscatur
499 304 571 340 quod
583 308 656 331 recta
670 302 774 329 ratione
786 299 938 333 complures
951 305 966 324 a
979 295 1046 323 mul-

262 356 300 384 tis
311 343 480 383 daimonibus
493 349 597 378 obsessi
611 352 674 376 sunt
684 351 710 375 et
722 354 737 373 a
750 345 865 373 diversis
875 343 1044 372 diﬂicilibus-

263 408 318 438 que
331 399 435 428 morbis
452 395 651 432 comprehensi,
667 398 697 421 ut
707 400 755 428 per
769 392 821 419 hoc
835 397 944 426 quoque
960 395 1045 423 appa-

263 436 325 477 reat
342 445 447 482 iustitia
461 443 520 471 Dei.
535 443 568 470 Et
581 442 626 477 qui
642 448 691 476 per
711 437 891 474 ignorantiam
910 436 986 463 illum
1001 441 1047 462 ac-

264 497 407 525 cusarunt,
421 490 446 519 si
464 488 692 520 nunc,discentes
712 483 778 519 quid
799 481 971 511 sentiendum
998 480 1044 512 sit,

264 547 313 575 per
333 524 432 565 bonam
451 533 672 570 praedicationem
697 533 724 557 et
739 529 810 557 bona
835 534 917 562 opera
932 534 947 553 a
962 524 1046 560 priori

265 584 381 613 crimine
399 589 429 610 se
452 583 590 612 revocent,
614 583 725 605 causam
743 574 808 602 mali
825 571 954 600 facinoris
969 570 1047 606 igno-

265 629 373 663 rantiae,
392 631 423 655 ut
436 625 543 654 veniam
555 624 768 657 consequantur,
782 617 959 646 ascribentes.

302 716 336 744 X.
356 715 397 744 lta
411 720 476 742 vero
491 712 574 740 habet
589 718 596 738 :
612 709 680 738 Cum
702 707 783 740 Deus,
799 704 846 740 qui
870 703 945 730 solus
960 701 1050 728 bonus

267 764 430 796 est,'_cuncta
447 759 517 787 bene
537 759 659 784 creasset
673 762 706 781 ac
721 751 826 780 homini
845 750 879 778 ad
901 747 1050 782 imaginem

268 793 348 839 suam
362 807 433 835 facto
451 803 618 834 tradidisset,
635 801 658 829 is
673 801 758 828 homo
773 795 923 826 conditoris
938 794 981 821 sui
996 792 1052 827 spi-

267 862 334 883 rans
354 852 533 882 divinitatem,
545 856 608 877 cum
627 850 699 875 esset
709 852 791 872 verus
805 842 935 878 propheta
950 844 977 867 et
990 838 1052 868 uni-

267 906 347 927 versa
374 898 560 933 cognosceret,
577 894 604 921 in
628 893 761 919 honorem
786 887 875 915 Patris
895 886 942 922 qui
961 884 1052 913 omnia
1067 880 1088 908 B

269 944 309 972 illi
318 929 501 974 concesserat,
512 946 538 968 et
549 939 583 967 ob
597 937 714 966 salutem
728 942 762 962 ex
780 941 809 961 se
820 932 974 960 futurorum
986 929 1053 957 ﬁlio-

269 998 343 1024 rum,
362 994 492 1023 tanquam
508 991 655 1021 germanus
669 986 745 1017 pater
759 977 975 1008 benevolentiam
990 982 1054 1011 erga

272 1041 321 1062 ase
327 1033 475 1069 gignendos
488 1020 593 1059 liberos
603 1034 782 1059 conservans,
795 1032 865 1060 quos
885 1025 997 1058 cuperet
1020 1020 1054 1048 ad

270 1091 365 1112 eorum
377 1081 522 1110 utilitatem
534 1079 647 1114 diligere
660 1076 746 1104 Deum
761 1078 788 1116 e’t
799 1081 814 1100 a
829 1072 884 1099 Deo
903 1069 990 1105 diligi,
1003 1069 1055 1097 iter

270 1129 342 1166 quod
355 1129 389 1156 ad
403 1127 477 1155 illius
490 1113 601 1153 duceret
612 1121 763 1150 amicitiam
774 1113 992 1147 demonstravit,
1003 1113 1054 1140 do-

270 1159 380 1210 cuitque
415 1172 581 1209 quibusnam
616 1161 945 1196 hominumlactionibus
979 1159 1055 1187 solus

271 1205 450 1255 omniumque
464 1216 596 1245 Dominus
612 1214 684 1241 Deus
697 1211 846 1239 delectetur
861 1216 870 1235 :
886 1211 913 1235 et
926 1205 1056 1238 Ostensis,

270 1275 333 1304 quae
355 1265 394 1293 illi
405 1251 567 1300 placerent,
582 1260 669 1295 legem
692 1261 823 1285 aeternam
837 1252 943 1281 cunctis
955 1251 1055 1284 sanxit,

271 1296 334 1349 qua:
348 1318 400 1339 nec
419 1296 455 1337 ab
474 1307 602 1336 hostibus
621 1302 748 1332 consumi
766 1304 869 1336 posset,
880 1305 931 1326 nec
946 1297 981 1325 ab
1000 1296 1056 1324 ullo

271 1343 359 1393 impio
373 1353 561 1390 interpolanda
578 1355 660 1383 esset,
674 1355 725 1376 nec
738 1354 794 1374 uno
807 1347 834 1373 in
853 1345 914 1372 loco
939 1343 1057 1371 abscon-

272 1388 394 1434 deretur,
407 1388 455 1428 sed
468 1407 485 1427 a
512 1397 618 1426 cunctis
633 1398 728 1431 posset
741 1392 804 1428 legi.
817 1391 902 1418 Erant
912 1397 977 1425 ergo
991 1388 1056 1422 illis,

272 1458 308 1480 ex
321 1446 474 1478 obcdientia
491 1445 570 1481 legis,
584 1447 681 1471 cuncta
697 1440 809 1473 atfatim,
824 1438 916 1473 fruges
928 1436 1057 1472 pulcher-

273 1497 360 1527 rimae,
375 1492 439 1522 anni
450 1489 654 1526 eompleti,sine
667 1487 787 1519 tristitia,
799 1485 859 1513 sine
873 1482 1056 1516 morbis,cum

273 1539 456 1572 saluberrima
472 1536 545 1565 aeris
565 1533 694 1569 temperie
709 1536 767 1560 tuto
782 1529 886 1559 donati.

1070 1551 1093 1582 (Ξ

310 1671 357 1699 X1.
376 1671 411 1698 At
435 1669 484 1703 illi,
500 1667 563 1704 quia
580 1665 701 1695 nondum
726 1663 797 1691 mala
816 1660 920 1697 experti
939 1660 1058 1693 fuerant,

277 1719 311 1747 ad
329 1719 418 1754 ipsum
432 1717 567 1744 bonorum
580 1714 682 1741 denum
694 1718 775 1738 sensu
786 1708 918 1742 destituti,
931 1715 978 1743 per
988 1707 1061 1734 cibo-

277 1752 348 1793 rum»
361 1768 388 1791 et
407 1762 566 1790 deliciarum
589 1756 785 1786 abundantiam
810 1754 844 1782 ad
859 1753 958 1789 ingrati
976 1752 1060 1780 animi

276 1810 374 1838 vitium
396 1807 610 1836 declinaverunt,
623 1807 652 1830 ut
668 1801 864 1829 arbitrarentur
876 1806 930 1826 non
945 1798 1061 1825 existere

225 1874 228 1878 ι
276 1854 488 1886 Providentiam,
499 1851 571 1887 quod
580 1849 655 1877 nullo
666 1847 835 1883 praecedente
844 1843 1062 1880 justitite'lahore

276 1901 348 1929 bona
375 1903 405 1926 ut
427 1896 581 1925 mercedem
605 1892 784 1928 recepissent.
812 1893 906 1925 utpote
932 1889 1008 1916 nullo
1028 1896 1062 1916 ex

278 1946 345 1982 ipsis
359 1946 387 1973 in
402 1951 497 1972 casum
522 1942 640 1976 aliquem
654 1938 697 1966 vel
719 1937 843 1965 morbum
860 1940 907 1963 aut
921 1934 1003 1962 ullam
1016 1941 1063 1961 ne-

279 1980 434 2020 cessitatem
445 1989 556 2023 delapso
572 1995 579 2014 :
597 1985 664 2013 adeo
680 1988 718 2017 ut,
730 1981 958 2019 quemadmodum
975 1980 1064 2007 solent

278 2037 404 2066 homines
417 2043 433 2063 a
447 2041 531 2070 prava
546 2032 717 2060 aberratione
732 2028 836 2061 afﬂicti,
850 2027 946 2060 Deum,
957 2027 1003 2062 qui
1015 2033 1063 2054 eos

278 2086 387 2119 poterat
410 2087 520 2111 sanare,
542 2077 723 2112 despicerent.
738 2073 839 2101 Verum
857 2073 995 2100 enimvero
1008 2076 1064 2099 sta-

280 2116 329 2154 tim
344 2129 406 2161 post
418 2126 615 2158 centemptum,
626 2128 660 2147 ex
675 2122 765 2146 metus
776 2116 914 2144 vacuitate
925 2119 952 2143 et
967 2121 1063 2142 secura

281 2160 420 2207 voluptate
428 2169 632 2206 procedentem,
645 2165 720 2193 velut
739 2164 774 2191 ab
788 2161 930 2190 harmonia
945 2160 1064 2197 quadam

682 149 712 178 S.
731 144 925 176 CLEMENTIS
943 145 954 172 l
973 143 1058 172 ROM.
1082 142 1188 171 PONT.
1209 140 1326 169 OPERA
1344 139 1459 169 DUBlA.

1845 135 1907 163 232

1097 203 1164 230 κότα
1178 201 1243 228 Θεὸν
1251 201 1273 217 ⁸⁸
1281 200 1326 226 τὸν
1334 199 1410 232 λόγον
1419 196 1592 234 ποιήσασθαι,
1600 195 1646 223 τὸν
1656 194 1739 231 187
1747 192 1802 221 οὒκ
1813 193 1904 221 ἀλλο-

1096 249 1142 276 θεν
1152 248 1312 284 ἀρχόμενος,
1324 246 1340 281 ἢ
1354 245 1401 272 ἀπ’
1416 243 1500 280 αὐτῆς
1508 244 1558 279 τῆς
1569 242 1639 270 κατά
1650 242 1782 277 πρόνοιαν
1792 239 1846 267 ὑπ’
1858 239 1908 266 ab-

1095 294 1143 322 τοῦ
1158 294 1292 330 εὐκαίρως
1309 291 1507 327 maneam;
1521 291 1693 326 προφάσεως·
1709 289 1755 314 ἵνα
1768 286 1907 322 γνωσθῇ.

1096 341 1134 371 ὡς
1145 339 1264 374 εὐλόγως
1280 339 1304 365 οἱ
1319 337 1412 364 πολλοὶ
1428 335 1480 363 ὑπὸ
1494 335 1599 362 πολλῶν
1612 334 1747 370 δαιμόνων
1763 330 1910 366 συνεσχέ-

1076 395 1082 400 -
1097 385 1183 421 θησαν
1209 385 1257 411 καὶ
1282 383 1335 410 ὑπὸ
1359 382 1510 409 ἀλλοκότων
1540 381 1635 408 παθῶν
1665 378 1910 414 κατελήφθησαν,

1097 430 1170 462 ὅπως
1193 430 1241 457 καὶ
1263 430 1292 456 ὲν
1313 428 1400 463 τούτῳ
1416 427 1447 454 τὸ
1466 426 1513 454 τοῦ
1531 426 1598 453 Θεοῦ
1614 426 1715 452 δίκαιον
1734 425 1825 459 φανῇ.
1848 421 1912 449 Καὶ

1096 476 1121 503 οἱ
1137 476 1170 503 δι’
1179 477 1290 510 ἄγνοιαν
1307 473 1475 510 μεμφόμενοι
1490 472 1580 505 αὐτὸν,
1597 472 1648 500 κᾶν
1656 472 1678 487 ⁶⁰
1692 471 1740 498 νῦν
1759 469 1914 505 μαθόντες

1097 521 1135 553 ὡς
1163 521 1204 548 δεῖ
1230 521 1347 556 φρονεῖν,
1366 519 1400 546 δι’
1426 517 1565 554 εὐφημίας
1579 526 1611 544 τε
1633 516 1679 544 καὶ
1699 514 1835 546 εὐποιίας
1859 513 1913 539 τοῦ

1098 566 1230 602 προτέρου
1267 566 1438 601 ἐγκλήματος
1474 564 1586 595 ἑαυτοὺς
1624 560 1913 591 ἀναχαλέσωνται⁶¹,

1098 613 1188 641 αἰτίαν
1208 613 1254 640 τοῦ
1281 612 1367 640 κακοῦ
1390 612 1566 647 τολμήματος
1588 611 1638 646 τὴν
1654 610 1766 644 άγνοιαν
1790 609 1838 639 είς
1857 608 1915 643 τὴν

1101 659 1264 694 συγγνώμην
1281 657 1453 694 προθέμενοι.

1136 705 1170 734 Χ.
1187 705 1264 741 Ἔχει
1288 704 1316 731 δὲ
1338 703 1433 735 οὕτως·
1458 702 1512 729 Τοῦ
1538 702 1620 738 μόνου
1643 700 1748 735 ἀγαθοῦ
1773 700 1856 726 Θεοῦ
1876 699 1915 725 τὰ

1100 752 1189 779 πάντα
1212 751 1302 782 ⁴καλῶς
1328 749 1507 785 πεποιηκότος
1532 749 1578 776 καὶ
1606 747 1839 783 παραδεδωκὰτος
1870 745 1915 781 τῷ

1100 797 1160 824 κατ’
1179 795 1271 822 εἰκόνα
1292 794 1374 821 αὑτοῦ
1398 793 1537 829 γενομένῳ
1545 794 1568 809 ⁸³
1582 792 1728 829 ἀνθρώπῳ,
1745 793 1758 818 ὸ
1774 790 1915 826 γεγονὼς

1100 841 1150 877 τῆς
1165 839 1212 867 τοῦ
1229 839 1408 875 πεποιηκότος
1423 838 1504 866 αὺτὸν
1521 837 1608 866 πνέων
1632 837 1782 873 θειότητος,
1793 836 1916 872 ἀληθὴς

1101 886 1246 922 Προφήτης
1260 885 1297 912 ὣν
1313 885 1361 912 καὶ
1373 883 1451 916 εἰδὼς
1462 884 1496 911 τὰ
1512 883 1570 915 ὅλα,
1587 884 1627 915 εἰς
1641 883 1725 918 τιμὴν
1741 882 1793 908 τοῦ
1809 881 1916 908 πάντα

1102 929 1177 965 αὐτῷ
1191 929 1384 966 δωρησαμένου
1401 928 1508 965 Πατρδς
1521 929 1568 955 καὶ
1581 929 1621 960 είς
1637 927 1776 963 σωτηρίαν
1798 926 1865 954 τῶν
1883 926 1916 958 ὲξ

1103 975 1185 1002 αὐτοῦ
1206 975 1358 1011 γενομένων
1375 975 1451 1007 υἱῶν,
1467 974 1505 1006 ὡς
1520 974 1612 1009 πατὴρ
1624 975 1734 1009 γνήσιος
1750 972 1827 1008 πρὸς
1840 972 1915 1003 τοὺς

1104 1021 1150 1048 ὑπ’
1167 1020 1248 1047 αὐτοῦ
1270 1020 1431 1056 γενομένους
1447 1020 1544 1051 παῖδας
1565 1018 1715 1050 ἀποσώζων
1739 1016 1770 1044 τδ
1788 1016 1913 1047 εὔνουν,

1105 1066 1265 1103 βουλόμενος
1279 1067 1378 1098 αὐτοὺς
1400 1066 1469 1102 πρὸς
1489 1066 1520 1093 τὸ
1540 1064 1678 1102 συμφέρον
1695 1065 1790 1096 αὐτοῖς
1813 1064 1914 1098 φιλεῖν

1104 1112 1171 1139 Θεὸν
1202 1111 1249 1139 καὶ
1276 1111 1411 1147 φιλεῖσθαι
1434 1112 1480 1139 ὑπ’
1503 1110 1596 1143 αὑτοῦ,
1620 1110 1669 1146 τὴν
1705 1108 1777 1146 πρὸς
1807 1108 1916 1144 φιλίαν

1104 1158 1186 1185 αὐτοῦ
1207 1158 1326 1193 ἄγουσαν
1343 1158 1470 1193 ἐξέφηνεν
1485 1156 1670 1190 ὁδὸν,διδάξας
1681 1155 1773 1187 ποίαις
1791 1153 1915 1190 ἀνθρώ-

1105 1213 1164 1231 πων
1189 1204 1322 1240 πράξεσιν
1350 1204 1364 1231 ό
1394 1204 1473 1240 μόνος
1495 1204 1543 1230 καὶ⁷
1562 1202 1669 1230 πάντων
1680 1201 1820 1236 δεσπότης
1837 1200 1916 1231 Θεὸς

1106 1250 1292 1286 εὐφραίνεται,
1305 1249 1352 1277 καὶ
1367 1250 1401 1276 τὰ
1424 1249 1522 1285 ἐκείνῳ
1537 1248 1664 1276 δοκοῦντα
1679 1247 1804 1282 ἐκφήνας
1820 1246 1916 1280 νόμον

1106 1293 1213 1320 αίώνιον
1245 1293 1328 1329 ὥρισε
1356 1294 1412 1324 τοῖς
1424 1292 1447 1308 ⁸³
1471 1292 1550 1324 ὅλοις,
1571 1291 1633 1327 μήθ’
1655 1289 1707 1318 ὑπὸ
1722 1289 1877 1324 πολεμίων
1892 1289 1917 1304 ⁸⁸

1106 1338 1298 1375 ἐμπρησθῆναι
1319 1338 1477 1374 δυνάμενον,
1505 1337 1567 1374 μήθ’
1595 1337 1648 1364 ὑπὸ
1680 1335 1801 1367 ἀσεῦοῦς
1830 1344 1918 1366 τινος

1108 1384 1346 1420 ὑπονοθευόμενον,
1372 1385 1440 1420 μήτε
1471 1384 1511 1411 ἐνὶ
1533 1384 1608 1419 τόπῳ
1635 1380 1914 1417 ἀποκεκρυμμένον,

1107 1431 1174 1458 ἀλλά
1190 1431 1273 1458 πᾶσιν
1288 1431 1493 1466 ἀναγνωσθῆναι
1508 1430 1665 1465 δυνάμενον.
1679 1427 1734 1456 Ἦν
1744 1425 1794 1454 οὖν
1810 1427 1917 1458 αὐτοῖς

1107 1478 1140 1504 ὲκ
1155 1477 1206 1513 τῆς
1219 1476 1380 1513 πειθαρχίας
1394 1477 1441 1503 τοῦ
1458 1477 1539 1512 νόμου
1557 1476 1645 1503 πάντα
1668 1475 1785 1509 ἄφθονα,
1795 1473 1834 1499 τὰ
1853 1474 1917 1499 τῶν

1108 1524 1222 1560 καρπῶν
1245 1523 1386 1555 κάλλιστα,
1405 1522 1440 1549 τὰ
1467 1523 1548 1557 188
1570 1522 1624 1548 τῶν
1650 1521 1718 1548 ἑτῶν
1740 1520 1839 1547 τέλεια
1864 1520 1918 1546 καὶ

1109 1570 1200 1598 ἄλυπα
1224 1569 1271 1596 καὶ
1294 1570 1387 1600 ἄνοσα,
1415 1567 1483 1604 μετὰ
1497 1568 1587 1603 πάσης
1609 1567 1657 1602 τῆς
1677 1566 1732 1592 τῶν
1751 1566 1851 1601 ἀέρων
1872 1566 1918 1592 eb-

1109 1615 1226 1652 κρασίας
1237 1614 1321 1646 ἀδεῶς
1336 1614 1437 1650 δεδωρη
1443 1614 1519 1649 μένα.

1144 1671 1191 1700 XI.
1207 1671 1238 1699 οε
1252 1671 1280 1699 δὲ
1294 1671 1354 1698 ἐπεὶ
1366 1671 1403 1707 μὴ
1421 1669 1528 1706 πρῶτον
1549 1668 1604 1696 τῶν
1622 1669 1714 1695 κακῶν
1730 1667 1918 1703 ὲπειράσΘη-

1111 1727 1172 1751 σαν,
1188 1718 1257 1754 πρὸς
1274 1717 1388 1754 abripi“
1397 1716 1450 1743 τῶν
1478 1715 1587 1750 ἀγαθῶν
1603 1714 1706 1751 δωρεὰν
1727 1714 1918 1749 ἀναισθήτως

1111 1765 1227 1801 ἔχοντες,
1250 1763 1302 1790 ὑπὸ
1324 1763 1373 1799 τῆς
1396 1760 1642 1797 ἀφθόνου¹τροφῆς
1667 1760 1714 1786 καὶ
1739 1759 1855 1795 τρυφῆς
1875 1761 1920 1791 εἰς

1112 1808 1272 1846 ἀχαριστίαν
1286 1808 1470 1845 ἐξετρέποντο,
1488 1807 1525 1838 ὡς
1539 1806 1658 1841 νομίσαι,
1676 1804 1775 1836 αὐτοὺς
1790 1804 1858 1840 μηδ’
1877 1804 1920 1831 εῖ-

1112 1865 1156 1883 ναι
1169 1855 1312 1891 Πρόνοιαν,
1327 1853 1388 1881 ὲπεὶ
1406 1853 1443 1889 μὴ
1459 1852 1590 1888 πρότερον
1606 1850 1740 1886 καμόντες
1748 1850 1797 1876 ἐπὶ
1808 1849 1921 1876 δικαιο-

1114 1901 1196 1937 σύνης
1211 1901 1249 1932 ὡς
1266 1899 1360 1936 μισθὸν
1382 1898 1416 1925 τὰ
1436 1896 1526 1932 ἀγαθὰ
1546 1896 1700 1932 εἰλήφεσαν,
1718 1895 1767 1922 ἇτε
1792 1893 1921 1929 μηδενὸς

1113 1947 1202 1974 αὐτῶν
1219 1946 1235 1983 ἥ
1251 1946 1331 1972 πάθει
1347 1944 1400 1972 τινὶ
1416 1943 1432 1980 ἢ
1447 1943 1517 1978 νόσῳ
1530 1942 1546 1978 ἦ
1564 1941 1630 1978 ἄλλῃ
1644 1941 1698 1968 τινὶ
1712 1939 1826 1976 ἀνάγκῃ
1843 1940 1921 1967 ὐπο-

1114 1993 1257 2024 πεσόντος·
1281 1991 1335 2023 ἵνα,
1352 1991 1389 2022 ὡς
1405 1988 1558 2024 ἀνθρώποις
1585 1987 1660 2022 φίλον
1683 1985 1758 2012 ἐστὶν
1778 1985 1836 2012 ὑπὸ
1863 1986 1920 2023 τῆς

1114 2038 1202 2074 κακῆς
1217 2035 1379 2073 διαμαρτίας
1388 2035 1413 2051 ⁶⁶
1428 2034 1601 2065 κακωθεῐσιν,
1616 2033 1722 2064 ἑαυτοῖς
1738 2031 1785 2058 τὸν
1816 2032 1920 2058 ἰᾶσθαι

1114 2084 1260 2120 δυνάμενον
1284 2081 1499 2118 περιϐλέψωνται
1524 2079 1600 2106 Θεόν.
1624 2077 1703 2105 Ἀλλὰ
1728 2076 1784 2112 γὰρ
1805 2077 1921 2109 εὐθέως

1117 2129 1185 2165 μετά
1211 2127 1260 2164 τὴν
1276 2128 1308 2153 ἐκ
1324 2127 1373 2162 τῆς
1389 2125 1504 2160 ἀφοϐίας
1522 2124 1569 2151 καὶ
1585 2122 1804 2164 ἀδεοῦς-τρυφῆς
1822 2131 1922 2149 κατα-

1116 2162 1260 2211 φρόνησιν,
1274 2173 1368 2207 ὥσπερ
1382 2171 1412 2204 eg
1426 2168 1557 2206 ἁρμονίας
1570 2168 1642 2200 τινὸς
1651 2162 1808 2199 άιιολούθως
1823 2168 1923 2204 ἐφηρ-

281 2220 481 2252 consequenter
506 2214 643 2249 adaptata,
667 2213 741 2248 justa
765 2219 813 2239 eos
827 2210 927 2238 invasit
946 2209 1061 2245 punitio,

1128 2209 1263 2258 ιοσμένης,
1286 2219 1377 2248 δικαία
1395 2227 1437 2250 τις
1453 2218 1543 2248 αὐτοῖς
1560 2215 1699 2252 ἀπήντησε
1720 2214 1864 2250 τιμωρία,
1883 2215 1922 2241 τὰ

282 2271 343 2299 quae
366 2263 438 2290 bona
455 2261 566 2296 quidem
584 2265 614 2287 ut
634 2258 715 2287 noxia
730 2257 844 2294 expulit,
859 2255 931 2284 mala
954 2262 1019 2283 vero
1035 2257 1065 2281 ut

283 2309 410 2345 adjutura
427 2311 521 2335 contra
536 2305 654 2334 induxit.

318 2409 377 2438 ΧΠ.
392 2408 460 2437 Nam
476 2415 510 2436 ex
527 2407 587 2435 coeli
603 2405 700 2434 incolis
715 2404 866 2441 'spiritihus
886 2402 916 2436 ii,
937 2402 983 2437 qui
1004 2401 1065 2428 inii-

283 2465 356 2485 mam
388 2456 528 2491 regionem
557 2453 682 2481 habitant
709 2451 806 2486 angeli,
832 2449 928 2478 oﬂ'ensi
958 2449 1064 2483 ingrato

284 2502 426 2530 hominum
442 2507 505 2535 erga
532 2500 617 2526 Deum
645 2497 737 2525 animo
765 2495 912 2532 postulant,
929 2494 956 2521 in
980 2493 1064 2520 vitam

284 2548 426 2576 hominum
443 2545 535 2574 venire
548 2544 639 2577 liceat,
656 2548 686 2571 ut
703 2548 767 2570 vere
780 2539 907 2568 homines
926 2537 1001 2571 facti,
1018 2545 1065 2572 per

1120 2269 1167 2304 μὲν
1175 2269 1228 2304 γὰρ
1241 2267 1262 2283 ⁸⁷
1277 2266 1366 2301 ἀγαθὰ
1378 2265 1415 2297 ὡς
1422 2264 1560 2300 βλάψαντα
1575 2261 1731 2292 ἀπωθοῦσα,
1742 2259 1778 2286 τὰ
1791 2259 1823 2286 δὲ
1836 2260 1922 2286 κα.κά

1117 2314 1156 2346 ὼς
1171 2313 1348 2349 ὠφελήσαντα
1363 2310 1585 2346 ἀντεισφέρουσα.

1153 2400 1210 2428 Xll.
1219 2399 1279 2427 Τῶν
1285 2398 1339 2434 γὰρ
1351 2397 1395 2425 τὸν
1401 2395 1513 2433 οὐρανὸν
1527 2392 1729 2422 ὲνοικούντων⁶⁸
1741 2392 1921 2427 πνευμάτων

1117 2447 1141 2473 οἱ
1154 2445 1364 2482 τὴν”κατωτάτω
1373 2443 1462 2481 χώραν
1473 2440 1663 2470 κατοικοῦντες
1689 2437 1816 2472 ἄγγελοι,
1828 2437 1922 2472 ἀχθε-

1119 2492 1227 2524 σθέντες
1253 2491 1298 2518 ἐπὶ
1324 2490 1426 2526 τῇ’τῶν
1453 2488 1603 2524 ἀνθρώπων
1619 2484 1735 2517 είςΘεὺν
1746 2483 1920 2518 ἀχαριστίᾳ,

1118 2537 1255 2565 αἰτοῦνται
1281 2538 1321 2569 εἰς
1345 2536 1389 2562 τὸν
1405 2534 1555 2571 ἀνθρώπων
1572 2531 1657 2559 ὲλοείν
1673 2530 1741 2566 βίον,
1761 2529 1808 2556 ἶνα
1825 2528 1922 2559 όντως

920 2606 1037 2634 ὛΑΒΙἉΕ
1058 2604 1260 2634 LECTIONES.

319 2668 343 2685 ι’
356 2664 422 2692 Θεόν
434 2664 466 2696 0.
481 2668 512 2691 ut
525 2663 578 2698 legi
592 2658 800 2699 abaetat!"
813 2656 868 2699 .0121-
882 2654 1039 2699 ιεᾰιυῖθεοῦη
1061 2654 1102 2699 ,ῗθ

284 2685 1150 2735 excidit71221)etﬁum'itfﬁtslroEwor
1168 2689 1188 2715 α
1204 2709 1211 2722 ,
1230 2688 1295 2735 p.730“
1307 2687 1507 2735 οξτο-πολεμίων
1521 2685 1543 2711 ι)
1558 2705 1565 2717 ,
1582 2693 1602 2720 μ

947 2723 1006 2756 eius
1019 2725 1052 2757 0,
1068 2723 1100 2751 S'
1114 2733 1121 2751 :
1137 2723 1419 2752 Locus’uiultifariam
1435 2725 1591 2757 corruptus.

287 2726 332 2767 si
343 2726 594 2771 pﬁ’zé’mépip'o.“
617 2732 639 2749 σε
659 2733 708 2771 τηχ
722 2729 752 2756 c.
770 2726 858 2771 rio-er
871 2726 946 2771 ἁμαρ

286 2759 566 2803 ἶεῆιῇἰόοιιιτᾷὶθξςοὲ
577 2767 677 2803 lingua},
687 2759 798 2803 Cretam,
814 2759 922 2803 etnquid
945 2760 1039 2803 ’ἰᾶσθαι
1052 2759 1103 2787 sibi

286 2813 341 2832 non
354 2805 423 2832 idem
439 2803 584 2839 signiﬁcat,

287 2838 474 2901 εαὲλέψωνται
486 2838 562 2865 Θεόν.

340 2881 466 2901 meum
486 2876 516 2901 s.

340 2874 466 2902 ικούνων
486 2876 516 2904 S.

1115 2653 1160 2681 καί
1169 2654 1200 2682 C.
1239 2652 1481 2680 ⁶¹άνακαλέσονται
1492 2650 1522 2678 (1.
1553 2649 1576 2666 ⁶¹
1587 2647 1733 2684 γενωμένῳ
1744 2645 1778 2684 0_.
1818 2645 1842 2665 "
1856 2647 1920 2684 τοξς

1621 2692 1650 2711 τε
1662 2681 1818 2717 ’πολεμίοις
1831 2681 1915 2714 conj.

1632 2719 1722 2746 ativus
1741 2717 1855 2747 ἑαυτοῖς
1871 2716 1918 2742 οι·-

1115 2751 1189 2792 velit,
1206 2759 1313 2786 dilIicile
1327 2763 1369 2786 est
1390 2751 1543 2789 intellectu;
1554 2754 1673 2792 denique
1683 2751 1919 2792 περιϐλέπεσθαι

688 2787 1056 2836 ἆέῷἶᾶἲεῖῦῦιῇοαιονοῆιιι
1067 2801 1129 2822 esse
1143 2787 1317 2823 scribendum
1331 2793 1416 2824 ἀδεῶς
1426 2792 1471 2819 τὸν
1490 2787 1669 2834 τιμωρεῖσθαι
1681 2787 1838 2822 δυνάμενον
1853 2794 1913 2812 πα-

601 2839 623 2856 ιιι
634 2835 689 2856 νᾶη
697 2841 752 2856 ηῐιι.
769 2831 791 2856 0
807 2851 814 2856 .
829 2831 863 2856 ad
879 2838 934 2856 cui.
947 2837 1022 2856 oram
1036 2834 1162 2856 monetur
1176 2838 1185 2856 :
1202 2828 1351 2856 νοθεύεται.
1388 2828 1412 2850 ⁸⁸
1425 2829 1601 2856 ὲνοικουντων
1613 2824 1644 2853 Cl
1668 2822 1753 2856 ([698
1767 2826 1796 2851 et
1811 2820 1913 2855 1724).

634 2820 934 2871 ξᾶρῖιῖἶὸζεᾶὶῦί.
946 2820 1351 2859 Hraiiﬁhéhéiu‘r'i'téeccme
1388 2820 1414 2850 σί
1425 2820 1601 2856 ὲνοικοῦντὼν
1613 2824 1644 2853 Cl
1668 2820 1760 2860 (1698⁷
1767 2826 1796 2851 et
1811 2820 1916 2855 i724),
