1942 3100
253 164 308 193 915

699 161 727 190 S.
748 160 939 188 CLEMENTIS
960 159 1066 187 IROM.
1084 158 1186 187 PONT.
1203 157 1317 186 OPERA
1335 155 1449 185 DUBIA.

1821 152 1876 180 216

254 219 432 255 temporalem
447 218 475 246 in
493 218 567 254 turpi
581 217 726 253 complexu
749 218 851 253 pictum
873 218 918 252 (de
934 217 981 245 illo
995 216 1037 244 fa-

1087 215 1239 252 γράψαντες
1251 214 1298 242 ἐπὶ
1317 214 1432 250 αἰσχρᾶς
1449 212 1562 248 πλοκῆς,
1580 211 1674 248 ὥσπερ
1688 212 1735 239 ἐπὶ
1749 211 1798 239 τοῦ
1812 212 1875 244 Διδς

253 266 356 294 cientes
369 263 442 300 quod
456 263 490 292 de
510 262 578 292 Jove
597 262 687 292 facere
701 263 814 299 audent)
831 263 920 298 palam
935 270 1036 298 propo-

252 315 359 344 nerent,
371 318 432 348 quo.
446 310 488 338 vel
502 310 537 338 ab
551 309 592 338 ira
616 310 775 345 temporarii
791 309 976 344 imperatoris,
998 309 1037 336 id-

248 365 307 393 'que
331 355 629 388 hominis,-discerent
656 363 705 390 per
734 363 816 383 suum
850 354 1035 390 supplicium,

245 402 482 441 quemadmodum
498 406 622 437 oporteat
638 401 844 430 convenientem
860 400 966 428 deferre
984 400 1036 427 hoc

251 457 357 478 norem.
387 449 440 476 Ista
465 452 555 476 autem
580 448 630 475 tibi
656 447 762 481 refero,
788 455 843 475 non
871 446 950 482 quasi
977 446 1036 481 ipse

249 495 305 531 jam
322 502 484 530 cognoscam
496 501 570 527 eum,
585 494 632 528 qui
647 501 711 521 vere
727 497 769 521 est
790 492 872 526 Deus,
890 491 938 520 sed
956 498 1035 527 atquo

251 543 344 571 animo
358 542 497 577 proﬁteor,
515 541 589 577 quod
611 541 675 568 licet
694 548 748 568 non
766 539 889 568 noverim
907 538 974 573 quid
998 538 1035 566 sit

251 588 338 620 Deus,
361 592 480 616 attamen
502 586 575 622 quod
600 586 636 614 sit
658 586 730 613 Deus
752 585 827 614 clare
850 583 917 612 mihi
938 583 1034 611 videor

249 633 288 660 sci
293 640 331 660 re.

285 676 380 705 XXIV.
395 677 534 712 Principio
550 677 642 712 itaque
662 681 781 711 quatuor
793 676 880 712 prima
900 675 1032 704 elementa

249 730 304 750 non
320 726 436 758 possunt
459 729 520 750 esse
544 721 626 755 Deus,
648 729 710 756 quae
732 721 766 748 ab
784 721 838 749 alio
860 720 932 748 facta
947 724 1030 748 sunt:

249 777 303 796 non
318 769 452 802 mistura,
469 776 523 796 non
550 768 706 803 temperies,
732 775 786 795 non
805 767 954 803 generatio,
976 774 1031 795 non

249 814 339 842 omnis
355 814 412 842 haec
425 822 487 849 quae
501 813 586 841 ambit
606 813 723 841 visibilis
738 813 834 846 moles,
854 821 943 849 neque
958 813 1030 850 quod

249 860 283 888 ad
301 859 403 888 inferos
421 859 552 888 confluxit
565 859 762 893 scdimentum;
780 867 834 888 non
849 865 1029 895 supernatans

249 913 335 941 aqua,
356 913 410 933 non
427 905 531 933 fervida
552 905 704 934 substantia
715 925 723 938 ,
739 912 794 933 non
810 913 858 934 aer
874 906 922 942 qui
941 906 976 935 ab
999 914 1031 934 ea

248 952 391 986 hucusque
412 951 592 987 protenditur.
614 949 681 978 Nam
712 956 830 986 quatuor
846 951 991 985 elementa,
1007 952 1030 980 si

248 1005 309 1025 ause
323 997 438 1025 invicem
453 1000 578 1031 separata
593 996 715 1030 fuerunt,
729 1004 783 1024 non
803 1001 953 1032 potuerunt
971 998 1032 1026 abs-

247 1050 301 1078 que
315 1051 415 1079 magno
436 1043 539 1071 artiﬁce
553 1043 586 1071 ad
609 1042 737 1071 animalis
753 1043 956 1075 generationem
979 1044 1031 1071 mi-

247 1090 329 1123 sceri,
348 1089 391 1117 sin
411 1097 476 1118 vero
497 1096 604 1124 semper
619 1093 716 1116 mutuo
739 1088 850 1117 fuerunt
874 1089 1029 1125 conjuncta,

247 1136 288 1164 sic
298 1143 407 1171 quoque
419 1136 453 1163 ab
467 1137 570 1163 artiﬁce
583 1140 673 1164 mente
689 1134 723 1164 ad
738 1135 931 1170 proprietatem
945 1143 1032 1162 mem-

245 1181 360 1208 brorum
380 1185 407 1208 et
430 1181 549 1216 partium
565 1180 693 1208 animalis
708 1180 880 1215 adaptantur,
897 1188 951 1214 quo
967 1188 1030 1215 pos—

247 1226 304 1254 sint
323 1226 494 1261 singulorum
511 1225 545 1254 ad
563 1225 670 1261 singula
690 1232 799 1252 servare
813 1225 1029 1259 proportionem,

242 1264 273 1298 et
287 1271 473 1298 habitudinem
487 1264 561 1298 recte
574 1270 773 1298 conformatam
787 1269 936 1302 obtineant,
948 1273 1032 1304 utque

245 1317 374 1344 interiora
408 1317 499 1344 omnia
533 1316 742 1344 convenientem
772 1315 910 1350 accipiant
939 1315 1031 1343 cohae-

245 1362 372 1390 rentiam.
397 1361 527 1389 Similiter
543 1366 571 1389 et
595 1361 813 1396 uniuscujusque
840 1361 950 1396 propria
968 1361 1029 1389 loca

245 1415 309 1435 cum
324 1408 399 1435 omni
421 1408 555 1442 elegantia
578 1415 655 1434 mens
679 1406 778 1434 artifex
799 1406 929 1442 disponit.
947 1406 1031 1434 Com-

246 1453 347 1488 pendio
363 1453 451 1480 dicam
463 1462 470 1480 :
485 1457 513 1480 et
527 1452 555 1480 in
569 1452 696 1480 omnibus
710 1452 782 1485 aliis,
794 1459 855 1487 qua:
870 1452 970 1479 animal
985 1452 1033 1479 ha-

244 1499 312 1528 bere
328 1499 417 1532 debet,
436 1499 504 1526 nihil
519 1498 595 1526 deest
615 1505 715 1534 magno
737 1498 801 1526 huic
815 1498 926 1525 animali
946 1498 1030 1526 totius

246 1543 333 1571 orbis.

279 1587 365 1617 XXV.
385 1587 426 1616 Ita
459 1588 614 1616 necessario
637 1588 750 1623 intelligi
778 1588 858 1616 debet
883 1588 1029 1623 quemdam

244 1641 308 1662 esse
321 1634 471 1668 ingenitum
485 1634 626 1667 artiﬁcem,
639 1633 687 1669 qui
700 1633 831 1661 elementa
847 1633 889 1660 vel
902 1633 1031 1661 distantia

246 1678 437 1714 conjunxerit,
460 1678 503 1706 vel
520 1678 665 1713 praesentia
687 1682 783 1706 mutuo
797 1677 831 1705 ad
851 1677 953 1705 animal
967 1685 1031 1712 pro-

246 1725 400 1753 ducendum
426 1725 526 1752 aﬁ‘abre
547 1725 702 1758 miscuerit,
725 1731 867 1759 unumque
887 1723 1032 1759 perfecerit

246 1779 281 1799 ex
295 1771 403 1799 cunctis
416 1778 494 1806 opus.
508 1770 580 1797 Fieri
603 1771 676 1798 enim
693 1777 746 1797 non
765 1773 863 1804 potest,
879 1774 909 1796 ut
928 1769 1031 1804 absque

247 1814 344 1849 majori
364 1815 482 1849 quadam
496 1818 585 1841 mente
601 1814 835 1848 sapientissimum
856 1820 925 1848 opus
939 1813 1031 1841 absol-

246 1863 338 1886 vatur.
352 1857 405 1886 Sed
421 1866 471 1886 nec
481 1866 559 1886 amor
572 1865 633 1888 esse
648 1862 737 1893 potest
749 1862 909 1885 cunctorum
922 1857 1028 1893 opifex;

246 1909 302 1930 non
318 1902 466 1937 cupiditas,
485 1909 540 1929 non
558 1902 599 1929 vis
611 1922 619 1936 ,
635 1909 690 1929 non
710 1902 776 1937 quid
791 1902 866 1929 aliud
880 1902 1028 1937 ejusmodi;

247 1955 306 1981 quae
320 1948 421 1981 omnia,
437 1948 512 1975 casui
535 1947 664 1981 obnoxia,
684 1947 779 1974 venire
794 1952 820 1975 et
836 1947 911 1975 abire
930 1948 1028 1976 solent.

247 1991 339 2028 Neque
353 1993 433 2020 etiam
449 1993 520 2027 quod
534 1993 569 2020 ab
582 1993 635 2020 alio
651 1996 774 2020 movstur
790 1992 864 2020 Deus
879 1997 929 2026 est,
942 2001 1031 2029 neque

247 2038 321 2075 quod
339 2045 354 2064 a
374 2042 496 2072 tempore
510 2041 558 2065 aut
573 2041 672 2065 natura
685 2040 808 2064 mutatur
822 2044 855 2064 ac
870 2036 900 2064 in
914 2037 1029 2064 nihilum

249 2083 403 2110 resolvitur.

281 2127 377 2156 XXVI.
397 2128 462 2162 Quae
487 2136 550 2156 cum
576 2129 610 2156 ad
635 2129 786 2165 Appiouem
807 2128 995 2164 proloquerer,
1014 2137 1030 2157 e

247 2173 371 2202 Caesarea
386 2175 495 2202 advenit
515 2174 622 2208 Petrus,
634 2180 661 2202 et
674 2182 826 2203 concursus
846 2175 1028 2203 multitudinis

1087 262 1267 298 τετολμήκασι
1283 261 1402 298 ποιῆσαι,
1416 260 1488 288 οὕτω
1507 260 1665 296 ποιήσαντες
1679 259 1813 286 ἀνέθεσαν
1827 259 1877 294 δη-

1089 308 1180 344 μοσίᾳ,
1196 308 1239 335 ἵνα
1252 307 1303 335 κᾶν
1319 307 1372 334 ἀπὸ
1386 307 1436 343 τῆς
1449 306 1534 343 ὀργῆς
1546 306 1593 333 τοῦ
1609 304 1778 342 προσκαίρου
1796 305 1877 340 βασι-

1086 354 1163 387 λέως,
1179 353 1225 381 καὶ
1240 353 1326 381 ταῦτα
1345 353 1591 389 ἀνθρώπου,ὃντος,
1609 351 1715 388 μάθωσι
1730 351 1878 378 κολασθέν-

1085 409 1140 434 τες,
1156 400 1194 432 ὡς
1207 399 1247 426 δεῖ
1269 399 1318 435 τὴν
1337 399 1449 426 δέουσαν
1464 399 1609 434 ἀπονέμειν
1628 398 1721 433 τιμήν.
1735 397 1830 423 Ταῦτα
1845 395 1876 426 δέ

1088 455 1128 474 σοι
1152 446 1233 481 λέγω,
1249 446 1297 481 οὐχ
1322 446 1360 479 ὡς
1382 445 1463 478 αὐτὸς
1489 446 1539 482 ἠδη
1564 446 1691 480 ἐπιγνοὺς
1714 444 1760 471 τὸν
1787 443 1878 475 ὄντως

1085 492 1193 525 Θεδν⁷¹,
1213 492 1269 520 ἀλλ’
1290 491 1467 528 εὐγνωμονῶν
1488 490 1621 527 ὁμολογῶ,
1641 491 1665 517 εἰ
1688 489 1736 517 καὶ
1757 488 1784 515 τί
1806 488 1878 519 Θεὸς

1085 539 1135 566 οὐκ
1153 537 1223 573 οἶδα,
1247 539 1302 566 ἀλλ’
1317 537 1363 567 οὖν
1384 547 1417 574 γε
1438 537 1529 572 σαφῶς
1543 538 1584 564 ὅτι
1605 536 1700 568 Oak"
1714 534 1818 571 νομίζω
1834 534 1880 560 ειυ-

1083 584 1165 612 δέναι.

1119 678 1213 706 XXIV.
1230 679 1334 706 Αὐτίκα
1348 679 1414 713 γοῦν
1429 679 1463 706 τὰ
1488 678 1584 714 πρῶτα
1606 678 1725 714 τέσσαρα
1751 676 1879 712 στοιχεῖα

1083 725 1148 757 Θεὸς
1161 724 1230 753 εἷναι
1242 727 1272 753 οὺ
1289 725 1398 753 δύναται
1410 726 1443 760 ⁷³,
1451 725 1486 752 τὰ
1494 726 1550 768 ’ὑπο
1565 725 1644 754 ἄλλοι)
1654 725 1788 760 γενόμενα
1798 732 1805 738 ·
1820 723 1877 758 οὐχ

1083 773 1099 807 ή
1117 770 1200 807 μίξις,
1212 772 1260 807 οὐχ
1268 773 1284 807 ἡ
1291 773 1399 808 κρᾶσις,
1409 772 1457 807 οὐχ
1463 773 1480 808 ἡ
1486 772 1600 806 γένεσις,
1609 771 1640 798 οὑ
1646 771 1676 798 τὸ
1683 771 1736 798 πᾶν
1744 770 1879 806 περιέχον

1081 818 1176 855 ὁρατὸν
1185 818 1273 850 κύτος
1283 819 1336 846 οὐδ’
1345 819 1398 854 ήὲν
1411 818 1451 854 τῷ
1466 818 1515 854 ᾅδῃ
1531 818 1682 853 συρρέουσα
1696 816 1876 851 ὑποστάθμη·

1081 864 1111 891 οὑ
1127 864 1158 891 τὸ
1179 863 1340 896 ἐπιπολάζον
1355 863 1444 899 ὖδωρς
1461 864 1509 898 οὺχ
1525 865 1541 898 ὴ
1558 863 1656 896 ζέουσα
1677 862 1756 889 οὐσία
1767 870 1775 878 ο
1792 862 1844 897 οὐχ
1862 862 1878 887 ὁ

1082 911 1111 944 ἐξ
1125 910 1209 946 αὐτῆς
1227 910 1307 946 μέχρι
1318 909 1372 938 τῶν
1388 909 1503 937 ἐνταῦθα
1513 910 1613 945 διήκων
1626 909 1690 944 ἀήρ.
1708 908 1750 935 Τά
1769 916 1799 934 τε
1816 907 1878 943 γὰρ

1083 956 1199 990 στοιχεῖα
1219 955 1349 990 τέσσαρα,
1365 954 1420 982 οίτε
1434 954 1554 990 ἀλλήλων
1569 953 1730 987 διεστάλκει,
1745 954 1810 981 ἄνευ
1828 962 1877 980 τι-

1081 1000 1125 1033 νὸς
1138 999 1255 1035 μεγάλου
1267 1000 1387 1035 τεχνίτου
1407 1000 1517 1036 μιγῆναι
1531 999 1600 1035 πρὸς
1615 999 1684 1032 ζώου
1700 999 1806 1033 γένεσιν
1820 998 1877 1025 οὐκ

1081 1046 1201 1080 ἐδύνατο,
1217 1046 1296 1081 172
1309 1046 1362 1073 εἴτε
1377 1046 1420 1073 ἀεὶ
1435 1046 1559 1082 ἀλλήλοις
1577 1045 1695 1081 συνῆπτε
1706 1046 1739 1078 ⁷⁵,
1757 1045 1806 1071 καὶ
1825 1043 1877 1071 οὖ-

1080 1100 1134 1123 τως
1153 1090 1206 1118 ὑπὸ
1219 1091 1339 1127 τεχνίτου
1353 1091 1400 1118 νοῦ
1422 1092 1490 1128 πρὸς
1504 1092 1535 1118 τὸ
1553 1093 1651 1119 οἰκεῖον
1665 1091 1719 1118 τῶν
1734 1090 1781 1117 τοῦ
1799 1089 1875 1122 ζώου

1083 1137 1170 1172 μελῶν
1193 1138 1240 1164 καὶ
1266 1137 1355 1173 μερῶν
1382 1137 1594 1173 συναρμόζεται,
1615 1137 1657 1164 ἵνα
1680 1136 1730 1172 τὴν
1751 1135 1874 1167 ὲκάστου

1082 1183 1148 1219 πρὸς
1162 1183 1275 1210 ἕκαστον
1292 1183 1436 1217 ἀναλογίαν
1453 1182 1605 1215 ἀποσώζειν
1620 1183 1741 1217 δύνηται,
1756 1182 1804 1209 καὶ
1820 1182 1874 1217 τὴν

1081 1229 1137 1262 ἕξιν
1156 1229 1353 1265 εὐπερίγραφον
1370 1229 1438 1265 ἔχῃ,
1455 1229 1503 1256 καὶ
1522 1229 1556 1256 τὰ
1579 1229 1683 1256 ἔνδοθεν
1705 1229 1796 1256 πάντα
1819 1227 1875 1263 τὴν

1082 1276 1270 1311 προσήκουσαν
1295 1274 1425 1311 ἁρμονίαν
1450 1274 1591 1310 λαμϐάνῃ·
1616 1274 1716 1310 ὁμοίως
1737 1283 1767 1300 τε
1777 1274 1801 1290 "
1822 1273 1874 1300 καὶ

1080 1321 1143 1353 τοὺς
1156 1321 1272 1353 οἰκείους
1283 1321 1384 1353 τόπους
1400 1321 1514 1348 ἑκάστου
1530 1321 1598 1356 μετὰ
1612 1320 1704 1355 πάσης
1717 1319 1875 1355 εὐμορφίας

1080 1367 1095 1394 ὸ
1108 1367 1232 1403 τεχνίτης
1247 1367 1308 1399 νοῦς
1321 1367 1438 1402 ἀκριϐοῖ.
1455 1366 1575 1393 Συνελὼν
1587 1366 1658 1401 ἐρᾶν
1677 1367 1725 1394 καὶ
1739 1366 1774 1393 τά
1790 1365 1871 1398 ἀλλα,

1081 1413 1130 1441 ὅσα
1148 1413 1213 1440 ποτὲ
1227 1413 1295 1446 ζῶον
1308 1413 1347 1440 δεῖ
1361 1412 1443 1448 ἔχειν,
1461 1413 1537 1440 οὐδὲν
1552 1412 1660 1439 ἐνέλιπε
1669 1412 1692 1429 "
1703 1412 1742 1447 τῷ
1758 1412 1872 1449 μεγάλῳ

1080 1459 1166 1495 τούτῳ
1180 1458 1241 1495 ζώῳ
1253 1459 1302 1496 τῆς
1314 1459 1378 1494 ὅλης
1389 1459 1549 1495 περιφορᾶς.

1114 1579 1197 1607 XXV.
1214 1579 1436 1615 Οὕτως-ἀνάγκη
1449 1579 1509 1606 τινὰ
1521 1576 1591 1607 εἶναι
1608 1580 1676 1606 νοεῖν
1685 1579 1708 1595 ⁷⁷
1721 1579 1870 1615 ἀγέννητον

1079 1626 1213 1661 τεχνίτην,
1229 1626 1258 1657 ὓς
1271 1625 1305 1653 τὰ
1319 1627 1436 1661 στοιχεῖα
1487 1625 1616 1652 διεστῶτα
1633 1625 1786 1660 συνήγαγεν
1799 1625 1834 1658 ⁷⁸,
1852 1625 1869 1660 ἦ

1082 1672 1192 1699 συνόντα
1207 1671 1331 1707 ἀλλήλοις
1348 1672 1416 1708 πρὸς
1437 1670 1507 1704 ζώου
1528 1671 1634 1706 γένεσιν
1657 1671 1788 1706 τεχνικῶς
1808 1671 1871 1698 ἐκέ-

1081 1726 1146 1754 ρασε
1165 1718 1212 1744 καὶ
1230 1717 1258 1743 ἒν
1272 1718 1303 1744 ἐκ
1319 1717 1427 1746 πάντων
1443 1717 1521 1753 ἔργον
1536 1717 1704 1743 ἀπετέλεσεν.
1726 1716 1871 1743 Ἀδύνατον

1080 1763 1134 1799 γὰρ
1148 1763 1211 1790 ἄνευ
1226 1762 1295 1794 τινὸς
1308 1762 1355 1790 νοῦ
1371 1763 1490 1799 μείζονος
1511 1763 1582 1789 πάνυ
1605 1763 1685 1797 σοφὸν
1702 1762 1782 1798 ἔργον
1801 1763 1871 1789 ἀπο-

1080 1809 1223 1836 τελεῖσθαι.
1242 1809 1309 1837 Οὺδὲ
1332 1810 1384 1845 μὴν
1408 1809 1476 1845 ἔρως
1491 1809 1514 1825 ⁷³
1537 1806 1605 1836 εἶναι
1627 1808 1737 1835 δύναται
1758 1808 1870 1836 πάντων

1080 1854 1213 1890 τεχνίτης,
1231 1854 1281 1881 οὐκ
1295 1854 1437 1890 ἐπιθυμία,
1452 1853 1501 1881 οὐκ
1519 1854 1604 1889 ἰσχὺς,
1623 1853 1673 1880 οὐκ
1691 1853 1755 1880 ἄλλο
1769 1862 1795 1880 τι
1815 1861 1872 1880 τοι·

1081 1900 1168 1933 οὖτον,
1180 1900 1197 1927 ἃ
1211 1909 1270 1927 τινα
1283 1899 1392 1936 παθητὰ
1408 1898 1564 1934 συμϐαίνειν
1577 1899 1625 1925 καὶ
1642 1898 1802 1926 ἀποϐαίνειν
1819 1898 1870 1924 πέ-

1083 1955 1178 1981 φυκεν.
1195 1946 1263 1972 Ἀλλ’
1279 1946 1340 1973 οὐδὲ
1351 1945 1382 1972 τὸ
1396 1945 1440 1980 ὑφ’
1457 1945 1549 1981 ἑτέρου
1565 1944 1710 1981 φερόμενόν
1723 1943 1870 1977 ὲστιθεὸς,

1081 1992 1142 2019 οὐδέ
1159 2001 1190 2026 γε
1200 1991 1296 2026 τὸξὺπὺ
1308 1991 1405 2027 χρόνου
1418 1991 1433 2027 ἢ
1448 1991 1554 2026 φύσεως
1566 1990 1753 2026 ἀλλοιούμενον
1765 1990 1812 2017 καὶ
1827 1990 1870 2022 εις

1082 2040 1113 2067 τὸ
1125 2040 1223 2076 μηκέτι
1235 2038 1303 2067 εἶναι
1314 2038 1502 2074 ἀναλυόμενον.

1114 2129 1210 2157 XXVI.
1227 2129 1320 2156 Ταῦτά.
1347 2137 1398 2165 μου
1421 2129 1610 2165 διαλεγομένου
1636 2128 1704 2164 πρὸς
1726 2128 1772 2155 τὸν
1798 2128 1869 2154 Ἀπ-

1079 2177 1178 2210 τιίωνα,
1194 2175 1249 2203 ἀπὸ
1271 2175 1438 2211 Καισαρείας
1463 2175 1541 2210 173
1563 2174 1663 2209 ἐπέστη
1683 2173 1795 2210 Πέτρος,
1821 2173 1871 2200 καὶ

248 2221 275 2247 in
291 2219 363 2255 Tyro
385 2220 449 2248 facti
469 2225 545 2254 sunt,
568 2220 720 2248 festinantis
734 2221 786 2256 ipsi
803 2228 948 2248 occurrere
966 2229 1028 2257 gra-

1084 2221 1228 2258 συνδρομαὶ
1242 2221 1296 2248 τῶν
1307 2221 1392 2256 ὄχλων
1405 2220 1528 2255 ἐγένοντο
1542 2221 1570 2246 ὲν
1583 2221 1616 2255 τῇ
1632 2219 1721 2256 Τύρῳ,
1738 2219 1869 2246 σπευδόν-

247 2266 367 2301 tiamque
381 2266 512 2294 adventus
527 2266 658 2301 proﬁteri.
679 2265 712 2293 Et
727 2266 833 2301 Appion
853 2266 964 2302 quidem
984 2274 1027 2294 se-

1074 2277 1129 2298 των
1146 2267 1270 2303 ὑπαντᾷν
1283 2266 1357 2302 αὐτῷ
1374 2267 1422 2293 καὶ
1436 2266 1514 2302 χάριν
1525 2267 1558 2302 τῇ
1574 2265 1704 2301 ἐπιδημίᾳ
1715 2265 1867 2301 ὁμολογεῖν.

248 2312 331 2340 cessit
351 2319 413 2340 cum
436 2312 589 2347 Αηιὼίουθ,
599 2317 631 2348 ει.⁴
641 2312 814 2340 Athenodoro
829 2313 909 2346 solis;
929 2313 1027 2347 reliqui

1084 2316 1130 2343 Kal.
1143 2316 1157 2342 ὁ
1174 2312 1352 2350 μὲνἋππίων
1364 2312 1499 2347 ὑπεχώρει
1517 2312 1575 2347 μετ’
1605 2311 1780 2343 Ἀνουείωνος
1790 2311 1814 2327 so
1821 2311 1871 2337 καὶ

248 2366 313 2386 vero
325 2367 420 2386 omnes
435 2358 516 2386 Petro
529 2359 636 2386 obviam
651 2358 714 2386 ituri
727 2359 905 2394 prodivimus.
919 2359 1027 2386 Primus

248 2409 339 2432 autent
355 2412 404 2440 ego
421 2409 483 2432 ante
495 2409 588 2440 portas
602 2413 663 2432 eum
677 2405 815 2440 excipiens
827 2405 861 2432 ad
878 2405 1027 2441 hospitium

247 2449 323 2478 duxi.
337 2450 388 2479 Ubi
403 2458 465 2479 cum
481 2451 594 2482 fuimus,
609 2451 714 2486 plebem
735 2452 845 2486 quidem
860 2451 1026 2484 dimisimus,

248 2494 273 2522 ei
290 2502 355 2523 vero
373 2496 489 2532 roganti,
510 2500 540 2523 ut
561 2502 620 2524 acta
641 2505 796 2530 narrarem,
821 2497 889 2524 nihil
910 2497 1027 2523 abscon—

248 2539 318 2574 didi;
331 2540 378 2569 sed
392 2540 513 2569 Simonis
527 2541 643 2569 indicari
655 2543 806 2571 calumnias
816 2547 843 2570 et
855 2546 1028 2577 portentosas

1083 2358 1266 2395 Ἀθηνοδώρου
1286 2357 1383 2393 μόνων,
1399 2357 1424 2383 οἱ
1440 2356 1468 2383 δὲ
1488 2356 1561 2384 ἄλλοι
1576 2356 1675 2387 πάντες
1689 2355 1727 2387 ὡς
1742 2355 1870 2391 ἀπαντη-

1080 2405 1188 2440 σόμενοι
1198 2404 1218 2420 ⁸¹
1231 2403 1269 2439 τῷ
1282 2403 1378 2438 Πέτρῳ
1391 2402 1568 2438 ὡρμήσαμεν.
1581 2402 1692 2438 Πρῶτος
1702 2401 1731 2427 δὲ
1746 2401 1801 2436 ἐγὼ
1813 2401 1870 2437 πρὸ

1081 2451 1134 2478 τῶν
1149 2449 1239 2477 πυλῶν
1253 2448 1450 2484 ἀποδεξάμενος
1465 2447 1545 2474 αὑτὸν
1559 2447 1608 2474 ἐπὶ
1623 2448 1672 2483 τὴν
1684 2447 1772 2479 ξενίαν
1786 2445 1867 2482 ἦγον.

1087 2496 1130 2527 Ὠς
1143 2495 1172 2521 δὲ
1185 2488 1342 2530 ἐγενόμεθα,
1354 2493 1418 2524 τοὺς
1433 2492 1482 2528 μὲν
1492 2491 1586 2528 ὄχλους
1597 2491 1783 2527 ἁπελύσαμεν,
1791 2491 1869 2527 αὐτῷ

1080 2541 1109 2567 δὲ
1126 2539 1269 2573 ἀξιώσαντι
1287 2547 1321 2576 με
1337 2538 1371 2566 τά
1390 2537 1545 2574 πραχθέντα
1558 2537 1645 2572 λέγειν
1660 2537 1736 2564 οὐδὲν
1749 2537 1871 2573 ἀπεκρο-

896 2619 1012 2647 VARI/E
1032 2619 1231 2648 LECTIONES.

282 2695 377 2732 "ﬁed;
396 2695 429 2723 0.
467 2697 489 2713 τ’
501 2696 540 2724 Ita
559 2696 582 2724 Ο
600 2704 630 2732 7c.
650 2696 671 2723 S
686 2716 694 2728 ,
707 2696 772 2722 Θεὸν
857 2695 880 2711 ⁷³
891 2694 1015 2732 δύνανται
1026 2695 1059 2723 0.
1077 2696 1146 2725 Tum
1162 2698 1210 2724 ἀπ’
1222 2697 1302 2724 ἄλλον
1320 2696 1348 2724 S.
1397 2697 1469 2732 “ad
1480 2705 1509 2723 τε
1527 2695 1581 2732 γὰρ
1593 2697 1712 2732 στοιχεῖα
1727 2694 1761 2732 τὰ
1773 2695 1866 2732 εἴτε

247 2730 430 2767 ἀῇἀλλήλοις
444 2732 576 2767 συνῆπτον
592 2731 637 2767 0",
654 2730 822 2767 intertncdiis
838 2731 979 2767 vocabulis
999 2732 1119 2760 omissis.

1171 2734 1195 2750 "
1206 2741 1235 2759 τε
1263 2732 1281 2759 S
1297 2752 1304 2764 ,
1327 2732 1357 2759 τό
1368 2732 1400 2763 C.
1415 2731 1447 2759 0.
1486 2732 1508 2748 ⁷³
1519 2730 1572 2758 ὅσα
1588 2740 1652 2757 ποτε
1666 2730 1720 2763 ζῶν
1731 2730 1772 2756 δεῖ
1781 2730 1866 2765 ἐχειν,

246 2765 323 2791 οὐδὲν
335 2765 461 2804 ἐνέλειπε
470 2765 509 2794 C.'
539 2769 562 2785 ⁷⁷
577 2766 639 2793 νοῦν
650 2765 682 2792 Ο.
720 2765 791 2804 "id
803 2767 921 2804 στοιχεῖα
938 2765 1057 2804 ἡδίστως
1070 2766 1086 2802 ἢ
1105 2769 1258 2804 συνήγαγεν
1278 2767 1301 2804 0
1315 2787 1322 2800 ,
1340 2767 1493 2804 συνήχαμεν
1509 2774 1545 2804 εις
1559 2765 1694 2804 gotelerio
1712 2765 1803 2804 minus
1816 2772 1866 2804 a_c_-

247 2804 342 2828 curate
354 2806 431 2828 notat
445 2801 464 2828 S
480 2821 487 2833 ,
502 2808 565 2828 cum
579 2805 666 2827 exstet
682 2808 725 2834 ap.
744 2800 785 2827 Cl.

833 2801 856 2837 7f
872 2800 1030 2837 Secundum
1041 2800 1230 2837 Partnenikiem
1245 2807 1271 2829 et
1282 2800 1486 2837 Empedoclem.
1510 2801 1552 2837 gr.
1567 2801 1698 2837 Karsten,»
1709 2800 1864 2837 Parmenid.

248 2835 322 2878 reliq.
336 2844 362 2863 ν.
377 2837 437 2878 Lm.
449 2836 556 2878 lil‘mped.
572 2835 659 2870 retiq.,
669 2835 756 2878 puti
767 2843 826 2878 sqq.
837 2834 920 2877 Arist:
933 2835 1047 2871 .llelaplt.
1062 2836 1082 2870 I,
1096 2838 1123 2872 ai,
1140 2838 1164 2867 1.
1180 2837 1208 2865 S.
1231 2834 1452 2878 8°"Aw606iwvo;
1463 2836 1494 2864 0.
1510 2836 1578 2864 Tum
1595 2836 1673 2871 μόνον
1680 2835 1710 2862 6.
1748 2834 1866 2863 ἰάπαν-

246 2871 363 2906 τήσομεν
378 2870 400 2899 Ο
415 2891 422 2904 ,
436 2869 561 2907 ad_oram
574 2869 724 2898 correctum
740 2871 766 2898 in
782 2869 1004 2907 ἀπαντησάμενοι.
