1942 3100
70 160 105 190 ΞΠ
589 159 817 189 CLEMENTINA.
837 174 872 180 —
890 157 1031 186 HOMILIA
1045 156 1101 185 Vll.

1631 148 1684 178 218

75 218 171 255 πιόμην,
182 216 237 244 ἀλλ’
252 216 380 254 ἐμήνυον
402 217 453 249 τάς
472 225 502 244 τε
517 217 564 244 τοῦ
586 217 706 253 Σίμωνος
723 215 845 247 διαϐολὰς

899 215 1051 251 praestigias
1074 214 1109 243 ab
1124 215 1183 249 ipso
1203 212 1301 246 editas,
1317 215 1439 247 quotque
1459 210 1571 242 morbos
1591 210 1682 239 immi-

75 268 113 294 καὶ
128 267 172 299 τὰς
186 264 351 301 τερατώδεις
371 264 522 299 φαντασίας
537 264 582 291 ὑπ’
600 263 682 291 αὐτοῦ
698 263 848 300 γεγενημέ-

73 320 121 345 νας,
143 311 188 338 καὶ
210 310 276 342 ὅσας
302 309 428 346 ἐπεμψεν
450 309 540 340 νόσους
552 308 575 325 ⁸⁸
593 308 660 344 μετά
675 308 724 343 τὴν
742 309 774 335 ὲκ
797 308 848 344 τῆς

71 356 204 392 βουθυσίας
216 355 350 389 ἑστίασιν,
367 355 416 382 καὶ
432 355 474 382 ὅτι
487 355 519 381 ὲκ
530 354 584 381 τῶν
595 353 742 381 νοσούντων
758 353 782 380 οἱ
799 354 848 389 μὲν

68 401 171 428 αὐτόθεν
180 401 204 417 ³³
217 400 382 436 κατέμειναν
402 401 431 428 ὲν
444 401 477 436 τῇ
494 400 584 436 Τύρῳ,
601 400 626 427 οἱ
645 400 674 427 δὲ
694 399 733 435 τῷ
748 399 848 435 Σίμωνι

65 447 119 482 ἅμα
137 446 177 483 τῷ
199 446 250 482 ἐμὲ
269 446 359 473 ἐλθεῖν
379 445 631 482 συνεξεληλύθεισαν
639 445 662 462 εδ
674 447 715 478 είς
733 446 783 482 τὴν
803 445 848 472 Σι-

63 493 141 526 δῶνα,
151 493 189 524 ὠς
200 493 246 520 ὑπ’
257 492 333 528 αὒτῷ
340 493 363 509 ⁸⁸
375 493 647 529 θεραπευθησόμενοι,
659 493 708 520 κα)⁴
716 493 757 520 ὅτι
768 492 848 528 ἐμάν-

62 538 140 565 θανον
153 538 256 574 μηδένα
266 538 355 566 αὐτῶν
368 538 465 570 ἰάσεως
477 538 654 574 τετυχηκέναι
669 538 713 565 ὑπ’
725 537 798 574 αὐτῷ
805 538 828 556 ⁸⁸
837 545 846 554 ·

60 585 106 611 καὶ
116 584 168 619 τὴν
184 584 255 620 πρὸς
273 583 414 612 ’Δππίωνά
425 589 471 619 μοι
484 584 668 620 γεγενημένην
682 582 797 616 διάλεξιν
809 583 848 619 τῷ

58 630 158 665 Πέτρῳ
174 629 361 665 διηγησάμην.
388 630 416 658 '0
437 629 466 657 δὲ
489 631 607 666 στοργῆς
621 630 669 657 καὶ
692 629 849 666 προτροπῆς

56 675 139 710 χάριν
151 675 300 708 ἐπαινέσας
312 684 347 711 με
359 675 406 704 καὶ
417 675 576 712 εὐλογήσας,
593 675 663 705 ἁλῶν
679 675 847 711 μεταλαϐὼν,

52 720 98 747 διὰ
112 721 180 753 τοὺς
200 720 343 756 καμάτους
361 721 410 757 τῆς
428 721 580 758 ὁδοιπορίας
599 723 632 758 τῇ
648 721 847 758 ἀναγκαιοτάτη

54 767 158 802 ἡσυχίᾳ
170 766 220 794 τοῦ
232 766 316 794 ὕπνου
332 766 428 794 ἑαυτὸν
439 767 595 803 ἐπέτρεπεν.

316 868 447 896 ὈΜΙΛΙΔ
472 869 498 896 Ζι
517 867 584 904 (te).

896 262 962 290 serit
981 266 1044 297 post
1065 260 1133 289 illud
1152 268 1187 288 ex
1208 259 1351 288 immolato
1368 257 1437 286 bove
1464 257 1633 290 convivium.
1657 263 1685 287 et

897 308 970 345 quod
987 316 1021 336 ex
1036 306 1144 343 aegrotis
1160 306 1205 333 alii
1220 305 1329 341 quidem
1348 304 1404 332 illic
1419 302 1490 338 apud
1503 301 1606 344 'l‘yrum
1622 310 1685 338 per-

897 354 1064 387 manserint,
1081 353 1128 381 alii
1146 359 1210 379 vero
1225 350 1308 379 simul
1323 358 1355 378 ac
1369 357 1419 385 ego
1433 348 1494 376 veni
1512 347 1615 383 egressi
1629 348 1695 376 sint-

897 407 958 428 cum
981 399 1092 426 Simone
1106 398 1134 426 in
1156 396 1296 429 Sidonem,
1318 400 1448 430 tanquam
1464 394 1498 421 ab
1513 401 1545 421 eo
1557 392 1697 426 sanandi,‘

897 447 1024 483 quodque
1041 444 1173 473 audierim
1196 443 1301 471 nullum
1319 449 1412 469 eorum
1426 440 1460 468 ab
1479 439 1539 474 ipso
1557 442 1684 466 sanatum

898 493 995 526 fuisse;
1017 491 1065 520 sed
1089 495 1116 518 et
1143 497 1233 518 meam
1257 489 1389 516 adversus
1413 486 1564 522 Appionem
1588 484 1684 519 dispu-

899 539 1027 568 tationem
1047 537 1128 565 Pctro
1141 536 1232 564 retuli.
1245 536 1280 562 At
1294 535 1339 562 ille
1355 542 1411 570 prae
1432 540 1525 562 amore
1537 536 1563 560 et
1582 531 1684 559 exhor-

898 585 973 614 tandi
987 585 1073 621 gratia
1092 584 1122 612 in
1137 591 1181 612 me
1199 583 1308 611 laudem
1324 589 1356 609 ac
1377 579 1595 608 benedictionem
1617 585 1684 606 con-

899 632 975 666 tulit;
993 635 1020 659 et
1040 631 1101 658 cibo
1118 634 1227 665 sumpto
1242 636 1272 656 se
1285 627 1375 656 somni
1389 626 1487 662 quieti,
1500 633 1562 661 quae
1582 625 1618 652 ob
1636 624 1682 652 iti-

899 677 1191 713 nerisifatigationem
1211 675 1331 704 maxime
1355 678 1414 702 erat
1435 672 1603 704 necessaria,
1625 675 1683 699 tra-

898 724 977 752 didit.

1181 867 1324 896 IlOMlLlA
1343 867 1399 897 VII.

85 925 109 952 ι.
132 925 174 960 Τῇ
186 924 211 941 υτ
225 924 342 961 τετάρτῃ
353 925 382 952 δὲ
396 924 488 961 ἡμέρᾳ
502 925 551 960 τῆς
562 927 591 951 ὲν
603 924 684 962 Τύρῳ
697 925 776 961 ἡμῶν
791 925 845 953 ἑπι-

923 919 946 948 Ῑ,
976 914 1080 950 ρυλε-ιο
1097 923 1163 943 vero
1175 916 1219 943 die
1237 915 1323 943 nostri
1338 915 1411 950 apud
1433 914 1534 950 Tyrum
1549 913 1682 941 adventus

48 969 166 1004 δημίας,
178 970 231 996 ὑπὸ
242 969 292 1005 τὴν
305 968 384 1005 174
394 969 490 1006 ὄρθρον
500 969 692 1005 προεληλυθότι
702 969 741 1006 τῷ
753 970 848 1006 Πέτρῳ

47 1013 185 1049 ἀπήντων
202 1013 385 1051 πλησιόχωροι
394 1023 425 1041 τε
440 1014 489 1041 οὐκ
502 1014 585 1049 ὀλίγοι
601 1016 647 1042 καὶ
664 1016 749 1051 αὐτῆς
759 1016 847 1052 Τύρου

47 1058 224 1093 πάμπολλοι,
239 1059 285 1086 καὶ
305 1059 461 1095 ἐπεφώνουν
475 1060 608 1095 λέγοντες,
626 1062 654 1088 ‘0
666 1062 731 1094 Θεὺς
744 1062 789 1089 διὰ
801 1062 848 1090 σοῦ

47 1106 128 1139 ἡμᾶς
139 1105 263 1137 ὲλεείτω,
275 1105 321 1132 διὰ
333 1105 381 1133 σοῦ
393 1105 574 1142 θεραπευέτω.
590 1108 618 1135 'O
630 1108 658 1135 δὲ
670 1108 771 1144 Πέτρος
784 1108 848 1146 ἔστη

48 1151 98 1177 ἐπὶ
131 1151 211 1178 λίθου
234 1152 308 1183 τινος
333 1152 435 1187 ὕψηλοῦ
459 1153 527 1189 πρὸς
554 1153 584 1180 τὸ
614 1153 742 1182 δύνασθαι
766 1154 848 1182 πᾶσιν

48 1195 183 1230 ὁρᾶσθαι,
210 1196 258 1223 καὶ
282 1196 504 1233 προσαγορεύσας
528 1196 648 1225 θεοσεϐεῖ
667 1197 742 1233 νόμῳ
763 1197 849 1229 οὕτως

48 1241 168 1275 ἤρξατο·

86 1287 121 1314 Π.
142 1286 207 1322 Θεῷ
223 1287 263 1323 τῷ
283 1287 406 1314 κτίσαντι
420 1288 465 1315 τὸν
485 1288 598 1324 οὐρανὸν
613 1288 660 1316 καὶ
680 1288 711 1317 τὸ
735 1288 848 1325 σύμπαν

47 1331 79 1359 οὖ
96 1331 193 1358 λείπει
217 1333 355 1368 πρόφασις
381 1333 450 1369 πρὸς
475 1335 611 1370 σωτηρίαν
634 1335 687 1363 τῶν
713 1334 846 1367 σώζεσθαι

48 1376 198 1404 θελόντων.
209 1378 289 1405 Ὅθεν
302 1379 369 1415 μηδὲ
384 1380 430 1407 ἐπὶ
441 1381 464 1397 ³⁸
477 1383 533 1412 τοῖς
546 1381 654 1409 δοκοῦσι
668 1381 779 1416 φαύλοις
793 1381 847 1409 ὑπὸ

49 1424 224 1458 προπετείας
248 1433 289 1457 τις
307 1426 387 1452 αὑτὸν
403 1427 441 1459 ὡς
460 1427 496 1463 μὴ
507 1427 529 1443 ⁸⁸
552 1427 741 1464 φιλάνθρωπον
759 1427 846 1455 αἰτιά-

52 1468 120 1496 σθω.
150 1469 214 1496 Τῶν
236 1470 290 1506 γὰρ
313 1471 513 1507 συμϐαινόντων
531 1473 667 1509 ἀνθρώπῳ
682 1473 704 1490 ³⁸
723 1473 757 1500 τὰ
781 1473 845 1509 τέλη

51 1514 210 1550 ἀνθρώποις
234 1517 282 1551 μὲν
299 1518 439 1552 ἄγνωστα,
463 1519 501 1550 ὡς
524 1519 573 1546 ἐπὶ
595 1518 673 1554 κακῷ
698 1519 846 1546 ὑποπτευό-

54 1569 123 1595 μενα
135 1561 171 1593 ’³,
188 1561 248 1597 Θεῷ
260 1562 289 1589 δὲ
305 1562 344 1595 ὠς
356 1563 548 1600 ἀποϐησόμενα
569 1565 689 1600 εὐτυχῶς
709 1564 843 1601 γνώριμα.

51 1606 158 1632 Ᾱῦτίκα
175 1606 243 1641 γοῦν
265 1608 355 1643 Σίμων
379 1609 511 1645 ἀριστερὰ
527 1609 574 1636 τοῦ
596 1610 661 1637 Θεοῦ
676 1610 789 1645 δύναμις
807 1609 844 1637 ὢν
858 1602 879 1631 C

52 1653 99 1678 καὶ
127 1652 184 1679 τῶν
206 1653 252 1680 τὸν
271 1653 336 1681 Θεὸν
358 1654 408 1681 οὐκ
429 1655 536 1682 εἰδότων
557 1655 604 1683 ἐπὶ
627 1657 773 1692 κακοποιίᾳ
796 1656 845 1692 τὴν

52 1696 178 1729 ἐξουσίαν
195 1698 264 1733 ἔχων
275 1699 361 1731 νόσοις
375 1700 447 1735 ὑμᾶς
462 1701 615 1736 περιϐαλεῖν
631 1701 760 1737 ἠδυνήθη,
775 1703 844 1729 αἴτι-

54 1751 98 1774 νες
121 1742 166 1769 διὰ
193 1743 244 1778 τὴν
264 1743 311 1770 τοῦ
336 1744 403 1771 Θεοῦ
427 1745 531 1782 ἀγαθὴν
567 1747 695 1782 πρόνοιαν
719 1747 843 1781 γενέσθαι

56 1788 272 1823 συγχωρηθεῖσαι
283 1789 439 1824 ἠνάγκασαν
453 1790 534 1825 ὑμᾶς,
553 1790 599 1818 τὸν
622 1791 711 1818 ἰᾶσθαι
728 1791 844 1827 δυνάμε-

55 1841 98 1858 νον
123 1832 376 1868 περιΰλεψαμένους
397 1835 444 1861 καὶ
462 1835 607 1871 εὑρόντας,
636 1836 770 1871 προφάσει
794 1836 845 1871 τῆς

58 1878 103 1905 τοῦ
118 1879 247 1914 σώματος
264 1880 412 1916 θεραπείας
422 1882 454 1908 τὰ
465 1881 523 1916 Θεῷ
537 1881 666 1908 δοκοῦντα
677 1882 843 1917 ἀναδεξαμέ-

58 1932 126 1955 νους,
144 1925 289 1960 πεισθῆναι
304 1928 421 1961 φρονεῖν,
437 1927 479 1953 ἵνα
495 1926 581 1958 οὕτως
594 1925 650 1961 ἅμα
665 1927 719 1959 τοῖς
736 1925 842 1961 σώμασι

59 1969 258 2005 σωθησομένοις
273 1971 320 1998 καὶ
334 1971 383 2003 τὰς
397 1971 485 2006 ψυχὰς
501 1970 574 2003 σὼας
591 1971 681 2007 ἔχητε.

89 2014 131 2042 lli.
140 2015 278 2042 Μανθάνω
292 2014 348 2048 οὖν,
360 2016 398 2048 ὠς
411 2015 578 2052 βουθυτήσας
604 2016 721 2045 ἑστίασιν
736 2017 759 2033 ⁹²
770 2018 843 2053 ὑμᾶς

58 2061 84 2086 ἐν
97 2062 165 2097 μέσῃ
175 2063 210 2097 τῇ
222 2062 322 2097 ἀγορᾷ,
333 2063 379 2088 καὶ
393 2061 479 2094 οὕτως
491 2063 570 2098 ὑμεῖς
580 2063 643 2098 οϊνῳ
656 2062 745 2098 πολλῷ
756 2071 842 2099 παρε-

59 2107 195 2141 νεχθέντες
220 2107 278 2143 ἅμα
299 2109 354 2140 τοῖς
378 2109 505 2143 πονηροῖς
527 2108 637 2144 δαίμοσι
656 2108 700 2135 τὸν
725 2103 843 2144 ἄρχοντᾶ

57 2152 142 2178 αὐτῶν
161 2153 391 2188 ἐφιλοφρονείσθε,
407 2153 455 2180 καὶ
476 2153 564 2186 οὕτως
583 2153 660 2190 ὑμῶν
682 2154 841 2181 οἱπλεῖστοι

59 2198 106 2225 ὑπὸ
121 2198 176 2225 τῶν
191 2199 286 2226 παθῶν
303 2199 381 2235 175
398 2200 614 2236 κατελήφθησαν,
636 2201 748 2235 ἀγνοίας
767 2201 841 2237 αἰτίᾳ

57 2243 113 2270 καθ’
128 2245 233 2272 ἑαυτῶν
248 2245 327 2277 ἰδίαις
341 2246 433 2281 χερσὶν
448 2246 664 2282 ἐπισπασάμενοι
677 2246 707 2273 τὸ
721 2247 767 2274 τοῦ
783 2247 841 2274 ὀλέ-

57 2290 115 2325 θρου
136 2291 221 2326 ξίφος.
237 2292 276 2319 Οὐ
298 2292 351 2328 γὰρ
367 2292 400 2320 ἃν
423 2293 472 2329 τὴν
491 2293 552 2321 καθ’
572 2294 647 2329 ὑμῶν
667 2294 745 2329 έσχον
762 2293 838 2326 ἐξου-

899 964 950 991 sub
967 962 1116 991 diluculum
1133 970 1244 998 egresso
1269 961 1350 989 Petro
1364 964 1559 996 processerunt
1573 958 1682 986 obviam

898 1017 953 1037 non
968 1009 1047 1044 pauci
1069 1009 1188 1042 ﬁnitimi,
1201 1016 1232 1036 ac
1247 1015 1280 1035 ex
1304 1008 1362 1043 ipsa
1376 1007 1449 1043 Tyro
1473 1005 1680 1041 quamplurimi,

897 1060 925 1084 et
940 1056 1127 1084 acclamabant
1144 1056 1266 1083 dicentes
1281 1064 1288 1083 ι
1310 1054 1382 1082 Deus
1393 1062 1441 1089 per
1455 1058 1480 1081 te
1495 1053 1580 1080 nostri
1596 1052 1681 1079 mise-

898 1108 1000 1136 reatur,
1013 1110 1061 1138 per
1081 1107 1107 1130 te
1120 1110 1170 1130 nos
1184 1106 1270 1129 curet.
1296 1101 1393 1129 Petrus
1409 1100 1563 1138 vero_stetit
1588 1100 1616 1126 in
1632 1106 1682 1126 ex-

897 1149 972 1178 celso
985 1148 1084 1183 lapide,
1103 1152 1132 1175 ut
1147 1148 1181 1175 ab
1197 1148 1324 1175 omnibus
1343 1151 1435 1183 posset
1453 1145 1585 1180 conspici,
1604 1152 1681 1172 cum-

897 1203 951 1232 que
963 1196 1092 1232 religioso
1103 1203 1179 1224 more
1193 1195 1340 1224 salutasset
1366 1194 1403 1222 ita
1421 1200 1536 1222 exorsus
1549 1196 1606 1220 est:

931 1283 965 1311 ll.
988 1283 1042 1311 Deo
1054 1282 1171 1311 creatori
1183 1282 1244 1310 coeli
1259 1286 1286 1309 et
1298 1281 1393 1309 mundi
1413 1289 1467 1309 non
1482 1281 1558 1308 deest
1572 1279 1681 1307 occasio

897 1331 931 1358 ad
952 1329 1068 1358 salutem
1096 1336 1192 1357 eorum
1215 1329 1262 1363 qui
1289 1328 1392 1356 servari
1415 1327 1518 1354 volunt.
1545 1325 1680 1359 Quocirca

897 1384 986 1412 neque
997 1377 1024 1403 in
1039 1376 1083 1409 iis,
1100 1383 1162 1410 qua:
1179 1375 1304 1402 videntur
1319 1375 1400 1407 mala,
1416 1374 1515 1409 aliquis
1529 1381 1576 1408 per
1594 1377 1682 1400 teme-

895 1422 1002 1450 ritatem
1012 1422 1087 1449 illum
1094 1422 1166 1449 velut
1175 1421 1315 1459 hominum
1323 1429 1376 1448 non
1384 1424 1519 1447 amantem
1532 1419 1680 1448 insimulet.

896 1467 997 1495 Eorum
1020 1468 1104 1500 enim,
1127 1475 1187 1502 qum
1201 1467 1309 1495 mortali
1333 1467 1470 1498 accidunt,
1487 1462 1555 1492 lines
1570 1465 1680 1500 quidem

896 1513 1053 1542 hominibus
1073 1513 1203 1549 incogniti
1225 1518 1299 1546 sunt,
1321 1521 1352 1540 ac
1371 1513 1404 1540 de
1421 1513 1523 1539 malitla
1546 1511 1679 1546 suspecti,

897 1560 953 1588 Deo
967 1564 1058 1588 autem
1081 1561 1191 1595 cogniti,
1206 1565 1237 1588 ut
1251 1560 1355 1588 cessuri
1377 1559 1501 1587 feliciter.
1522 1559 1615 1594 Itaque
1637 1558 1681 1586 Si-

898 1614 972 1639 mon,
988 1606 1036 1641 qui
1046 1606 1157 1633 sinistra
1172 1605 1219 1633 Dei
1233 1605 1320 1632 virtus
1333 1609 1384 1638 est,
1397 1608 1613 1639 potestatemque
1629 1603 1680 1630 ha-

895 1652 939 1679 bet
955 1652 988 1679 ad
1003 1651 1211 1679 maleﬁcentiam
1227 1651 1254 1678 in
1266 1658 1314 1678 cos
1327 1650 1373 1685 qui
1387 1650 1471 1677 Deum
1484 1650 1619 1682 nesciunt,
1632 1657 1680 1676 vos

894 1698 983 1733 potuit
994 1697 1097 1725 morbis
1118 1697 1268 1732 implicare,
1289 1696 1335 1731 qui
1350 1695 1437 1722 morbi
1453 1703 1499 1730 per
1512 1695 1611 1722 bonam
1631 1693 1680 1722 Dei

895 1745 1092 1779 providentiam
1112 1743 1222 1772 evenire
1247 1742 1372 1779 permissi
1391 1746 1539 1777 coegerunt
1560 1749 1619 1774 vos,
1637 1745 1678 1774 ut,

895 1790 1009 1825 quaesito
1022 1797 1055 1818 eo
1069 1790 1116 1825 qui
1128 1796 1226 1817 sanare
1245 1789 1347 1816 valeret
1361 1792 1388 1815 et
1401 1788 1520 1821 invento,
1533 1787 1680 1814 occasione

895 1824 1044 1871 corporalis
1069 1824 1181 1863 medela
1205 1834 1304 1870 placita
1321 1833 1375 1862 Deo
1397 1833 1572 1868 susciperctis
1596 1837 1678 1867 atquo
1708 1824 1710 1827 ’

894 1882 1052 1914 crederetis,
1070 1886 1099 1909 ut
1113 1881 1153 1909 sic
1170 1888 1224 1908 una
1248 1888 1311 1909 cum
1329 1879 1445 1908 servatis
1469 1878 1631 1914 corporibus
1650 1882 1679 1907 et

893 1929 1000 1956 animas
1016 1927 1140 1955 habeatis
1155 1927 1254 1955 salvas.

928 2014 972 2041 lll.
991 2013 1080 2041 Audio
1098 2014 1202 2049 utique,
1222 2021 1285 2042 eum
1304 2013 1373 2042 bove
1388 2017 1506 2042 mactato
1521 2011 1678 2040 convivium

892 2059 970 2087 vobis
982 2060 1009 2086 in
1023 2059 1112 2087 medio
1125 2059 1233 2088 dedisse
1245 2060 1316 2093 foro,
1333 2060 1428 2092 sicque
1449 2067 1498 2088 vos
1517 2058 1603 2086 multo
1614 2058 1678 2086 vino
1700 2083 1705 2086 .

892 2106 997 2141 abrepti
1031 2113 1085 2133 una
1111 2113 1173 2133 cum
1211 2107 1304 2141 pravis
1333 2106 1503 2134 daemonibus
1526 2105 1678 2141 Principem

891 2159 985 2179 eorum
1007 2151 1141 2186 complexi
1163 2151 1248 2186 estis,
1271 2158 1353 2186 atque
1368 2151 1405 2179 ita
1421 2156 1540 2179 vestrum
1565 2150 1678 2186 plurimi

892 2197 995 2225 morbis
1015 2198 1086 2233 capti
1102 2202 1176 2231 sunt,
1197 2205 1246 2233 per
1264 2197 1445 2234 ignorantiam
1462 2197 1490 2224 in
1509 2204 1539 2225 se
1558 2197 1677 2232 propriis

891 2243 1017 2271 manibus
1031 2248 1146 2270 attracto
1160 2243 1291 2278 perniciei
1308 2243 1407 2278 gladio.
1422 2241 1516 2277 Neque
1537 2242 1610 2270 enim
1626 2241 1676 2268 ad~

892 2297 1001 2317 versum
1015 2297 1064 2316 vos
1079 2289 1217 2317 daemones
1239 2289 1401 2327 habuissent
1424 2291 1585 2324 potestatem
1596 2307 1603 2319 ,
1623 2286 1677 2314 nisi

58 2337 113 2364 σίαν
130 2338 155 2364 οἱ
167 2338 304 2373 δαίμονες,
320 2339 344 2365 εἰ
366 2337 405 2374 μὴ
419 2338 552 2374 πρότερον
568 2339 607 2374 τῷ
621 2339 732 2375 ἄρχοντι
751 2338 839 2365 αὐτῶν

898 2335 968 2370 prius
986 2343 1048 2363 cum
1068 2343 1162 2363 eorum
1185 2335 1307 2370 principe
1329 2334 1453 2362 fuissetis
1468 2334 1579 2369 epulati.
1595 2333 1676 2360 Prin«

56 2382 196 2417 ὁμοδίαιτοι
211 2383 370 2417 ὲγεγὸνειτε.
392 2383 470 2411 Οὕτω
482 2383 536 2420 γὰρ
555 2384 714 2421 ἁπαρχῆς⁹³
726 2384 778 2421 υπὸ
791 2383 839 2411 τοῦ

898 2382 963 2416 cipio
992 2381 1126 2416 siquidem
1153 2381 1198 2408 illa
1219 2389 1268 2416 per
1293 2381 1482 2408 universorum
1504 2379 1675 2407 conditorem

59 2428 141 2455 πάντα
158 2429 301 2461 κτίσαντος
314 2429 382 2456 Θεοῦ
395 2429 471 2457 δυσὶν
480 2429 609 2457 ἑκάστοτε
626 2430 750 2466 ἄρχουσι,
761 2427 840 2465 δεξιῷ

898 2429 978 2456 Deum
995 2428 1039 2455 lex
1064 2428 1197 2463 praeﬁnita
1210 2432 1252 2455 cst
1266 2428 1373 2455 duobus
1389 2427 1517 2462 utrinque
1546 2426 1674 2459 ducibus,

705 2517 823 2545 VARLE
849 2517 1050 2545 LECTIONES.

88 2585 238 2623 ⁸¹ὅσους,0.
277 2587 306 2623 ’ξ
315 2586 451 2623 αθτόθιῦ.
489 2586 556 2623 "ita
605 2593 629 2623 (ξ.
639 2585 658 2613 S
672 2586 970 2623 ,συνεξεληλύοησανα
1009 2590 1031 2610 ⁸⁵
1041 2589 1085 2616 ὑπ’
1099 2589 1181 2617 αὐτοῦ
1195 2588 1225 2616 C.
1264 2589 1288 2605 ⁸⁸
1301 2589 1345 2615 ὑπ’
1361 2585 1628 2623 αὑτοθτετυχηκέναι

57 2620 78 2639 *ν
90 2622 121 2657 τῇ
135 2622 235 2660 praefixi
247 2630 280 2660 c.»
336 2621 410 2660 idem
419 2626 511 2660 postea
520 2621 566 2660 τὸν
576 2621 704 2660 όρθρονζ
721 2621 743 2637 ⁸⁸
756 2620 907 2660 ὲπίρηιλ).
946 2625 968 2640 ⁸⁹
982 2625 1018 2660 μή
1032 2625 1106 2653 deest
1123 2626 1149 2652 in
1162 2624 1194 2651 Ο.
1207 2659 1219 2660 η
1232 2624 1255 2643 ⁹⁰
1267 2623 1416 2659 ἀνθρώπων
1429 2622 1459 2660 (ξ,
1476 2620 1628 2660 ἀνθρώποις
1645 2620 1673 2647 in

60 2655 137 2699 marg.
154 2656 251 2699 Vocem
267 2655 425 2699 ἀνθρὼξων
435 2655 678 2699 ᾀςιθηᾱριηροθήεθι
688 2656 707 2682 D
721 2677 728 2689 ,
745 2657 947 2699 συμϐαινόντων
959 2655 1053 2699 παιξῶν
1063 2661 1193 2699 propopit
1204 2659 1222 2686 S
1238 2669 1244 2686 :
1260 2655 1497 2699 conjecturae-jam
1516 2655 1671 2699 superﬂuat.

60 2665 137 2699 "13.73.
157 2665 251 2684 vocem
267 2665 424 2693 ανυρωπων
435 2665 574 2698 gerendam
587 2665 678 2684 censet
688 2665 707 2682 U
721 2677 728 2689 ,
745 2665 947 2718 συόοαινοντων
959 2665 1053 2688 παυων
1065 2665 1191 2696 proponit
1204 2665 1222 2686 δ
1238 2669 1244 2686 ἶ
1262 2665 1427 2693 θοηιεειυιίε
1439 2665 1497 2692 Jam
1516 2665 1671 2691 supernum.

58 2690 81 2742 1"
85 2693 296 2742 μ’ῗοπτεμρμεναι
303 2692 346 2742 0;
353 2691 714 2742 Τιὲιηέθξιοκξιποξησξμενῗ
731 2700 756 2732 c_.
785 2713 818 2742 Π,
833 2693 989 2730 ἀποσόμενα
1002 2695 1023 2723 C
1038 2716 1046 2730 ,
1062 2695 1133 2723 idem
1150 2695 1169 2722 f.
1185 2694 1336 2729 ὲπεσόμενα
1361 2693 1402 2721 vel
1427 2692 1622 2727 αποσωζόμενα
1643 2690 1672 2717 in

59 2731 136 2762 marg.
188 2728 211 2744 "
223 2726 366 2755 εἱστίασεν
382 2726 490 2763 Epit.c.
504 2726 548 2754 54.
585 2726 609 2742 ’³
628 2726 674 2753 ἀπ’
688 2727 774 2763 ἀρχῆς
785 2726 817 2755 Ο.

705 2795 887 2826 VARIORUM
901 2796 1016 2824 NOTJE.

59 2842 133 2918 ᾧ(ιῇ
150 2855 279 2919 Πεδιιᾞτθ
293 2852 427 2917 Ξὲριὶιηεε
445 2851 558 2880 alteram
577 2851 763 2890 inscriptionis
773 2857 876 2889 partem
888 2861 931 2890 ap.
947 2853 978 2882 (ἰ.
991 2852 1099 2882 obviam
1115 2852 1161 2880 EN
1178 2851 1268 2886 ΤΥΡῼ
1289 2851 1326 2886 A’,
1341 2857 1402 2885 qua:
1424 2848 1546 2878 scholica
1559 2848 1671 2881 redolet.

85 2900 124 2919 llSl
138 2900 160 2919 α.
203 2912 210 2918 .
254 2898 290 2918 RE
327 2908 334 2915 .

85 2900 124 2920 “Si
138 2900 160 2920 c.
178 2898 210 2919 U.
228 2898 334 2918 URESS-
