1942 3100
281 159 333 187 219

763 161 792 189 s.
813 154 1004 188 CLEMENTIS
1027 159 1037 188 ι
1054 159 1137 188 nou.
1156 159 1256 188 PONT.
1277 159 1390 188 OPERA
1408 159 1520 188 num.

1841 161 1889 188 210

280 215 377 243 dextro
391 218 418 243 et
434 215 557 249 sinistro,
573 219 605 243 ut
620 223 675 243 non
691 216 791 244 habeat
808 217 876 245 alter
887 217 996 245 illorum
1009 224 1058 252 po-

1107 223 1137 242 τε
1147 215 1194 242 καὶ
1204 215 1336 250 εὐωνύμῳ
1346 214 1380 247 ³⁸,
1392 215 1496 250 ὡρίσθη
1512 214 1607 250 νόμος,
1625 214 1661 250 μὴ
1671 214 1696 231 ⁸⁸
1710 215 1784 250 ἔχειν
1798 214 1889 242 ἑκάτερ-

280 265 416 294 testatem,
429 261 482 289 nisi
496 261 572 297 prius
584 262 698 290 conviva
710 263 862 299 cujuspiam
874 262 964 296 fuerit,
978 270 1060 298 quem

280 307 413 334 beneﬁcio
428 308 470 335 vel
486 308 585 343 injuria
599 309 675 344 cupit
693 309 809 337 adicere.
834 309 912 337 Sicut
924 317 988 344 ergo
999 317 1061 344 per-

279 351 365 386 ceptis
388 351 541 384 sacriﬁciis,
556 360 617 387 quae
640 352 807 380 daemonibus
829 352 935 380 fuerant
959 352 1059 384 oblata,

279 396 393 424 venistis
409 397 437 424 in
460 397 618 425 servitutem
639 398 713 425 illius
731 398 779 432 qui
802 398 913 425 malitiae
935 397 1060 432 princeps

278 445 331 474 est,
346 441 383 468 ita
396 441 420 469 si
431 441 465 468 ab
475 441 510 469 iis
521 442 706 470 abstinueritis
719 447 746 470 et
759 442 793 470 ad
804 442 888 470 Deum
900 449 948 477 per
958 442 1060 469 bonum

278 487 462 522 dextrumque
475 488 625 524 principem
638 488 831 524 confugeritis,
849 489 998 516 honoribus
1016 496 1060 517 sa-

278 533 374 561 crificii
385 534 542 569 expertibus
556 534 685 562 facientes
699 543 761 570 qua?
773 535 840 569 vult,
853 536 936 570 probe
951 535 1058 569 scitote,

278 578 349 613 quod
365 585 428 606 cum
443 580 565 614 corporis
580 581 698 607 sanitate
723 580 829 608 animas
845 588 954 615 quoque
968 580 1059 615 possi-

279 623 380 653 debitis
402 633 495 653 sanas.
520 625 579 661 ipse
593 633 712 662 namque
734 626 826 659 solus,
847 634 897 662 per
920 626 1058 654 sinistram

278 670 416 703 occidens,
432 679 482 706 per
497 671 620 700 dextram
644 675 732 706 potest
744 672 828 699 vitam
852 672 962 708 largiri;
984 672 1058 707 pari-

277 719 371 750 terque
383 719 410 743 et
423 722 574 751 percutere,
586 721 613 744 et
625 717 758 752 jacentem
775 717 878 752 erigere
893 724 918 745 α.

311 759 356 788 IV.
364 760 508 796 Propterea
515 762 632 797 primum
641 770 655 790 a
662 770 830 797 prazcursore
837 763 1058 798 Simonedecepti

277 806 382 833 ratione
390 807 488 834 anima:
496 808 593 835 mortui
601 808 667 836 estis
675 808 730 836 Deo
738 813 765 836 et
772 816 885 844 corpore
892 808 981 837 fuistis
990 809 1058 837 alui-

276 852 324 884 cti,
332 853 444 887 potestis
455 853 682 888 autemlsimiliter
695 854 792 882 iterum
800 863 847 890 per
860 855 1056 890 paenitentiam,

1112 270 1158 298 ρον
1172 261 1260 288 αὐτῶν
1275 261 1399 294 ἐξουσίαν
1410 280 1418 293 ,
1437 260 1484 288 ἐὰν
1503 260 1540 297 μὴ
1556 261 1687 296 πρότερόν
1705 269 1758 288 τινι
1775 260 1891 297 ὁμοτρά-

1110 306 1192 338 πεζος
1207 307 1335 342 γένηται,
1366 307 1396 334 ὃν
1412 307 1554 342 εὐποιῆσαι
1571 306 1587 342 ἦ
1615 306 1738 334 κακῶσαι
1757 306 1889 341 βούλεται.

1112 352 1216 388 Ὥσπερ
1230 350 1276 379 οὖν
1290 352 1414 387 δαίμοσιν
1427 352 1627 387 ἀποδεδομένων
1639 352 1765 387 θυμάτων
1778 353 1891 388 μεταλα-

1110 396 1201 428 ϐόντες
1214 396 1252 432 τῷ
1262 397 1311 432 τῆς
1324 397 1422 429 κακίας
1431 396 1544 432 ἡγεμόνι
1558 396 1783 432 κατεδουλώθητε,
1794 396 1890 430 οὕτως,

1109 441 1142 469 ἄν
1155 442 1257 469 τούτων
1274 442 1443 478 παυσάμενοι
1463 441 1504 478 τῷ
1524 441 1584 477 Θεῷ
1602 441 1645 468 διὰ
1658 442 1705 468 τοῦ
1725 442 1828 477 ἀγαθοῦ
1847 443 1893 470 καὶ

1109 487 1195 520 δεξιοῦ
1208 487 1340 524 ἡγεμόνος
1355 487 1541 523 προσφύγητε,
1557 487 1665 519 ἀθύτοις
1678 489 1770 523 τιμαῖς
1783 488 1892 515 ποιοῦν-

1108 542 1154 566 τες
1166 533 1184 560 ἃ
1198 533 1332 569 βούλεται,
1346 531 1376 560 εὖ
1390 534 1448 560 ῐστε
1461 533 1502 560 ὅτι
1517 534 1565 560 σὺν
1579 534 1612 569 τῇ
1625 533 1672 560 τοῦ
1685 532 1808 568 σώματος
1822 533 1894 561 ἰάσει

1109 579 1216 611 καὶτὰς
1232 578 1321 614 ψυχὰς
1339 578 1511 613 ὑγιαινούσας
1531 578 1613 611 ἕξετε.
1631 578 1716 610 Αὐτὸς
1730 578 1785 614 γὰρ
1811 579 1893 614 μόνος

1108 624 1152 651 διὰ
1164 623 1214 659 τῆς
1225 624 1371 660 ἀριστερᾶς
1382 624 1499 660 ἀναιρῶν
1514 623 1558 650 διὰ
1568 624 1617 660 τῆς
1627 623 1715 657 δεξιᾶς
1726 622 1894 660 ζωοποιῆσαι

1108 668 1228 695 δύναται·
1240 669 1342 704 ὁμοίως
1353 669 1382 696 δὲ
1397 669 1443 696 καὶ
1455 669 1587 702 πατάξαι,
1604 669 1652 696 καὶ
1667 669 1817 705 ἀναστῆσαι
1837 670 1897 697 κεί-

1109 722 1196 749 μενον.

1143 759 1186 786 ιν.
1207 759 1257 786 Διά
1268 759 1348 786 τοῦτο
1359 760 1466 796 πρῶτον
1476 760 1529 788 ὑπὸ
1541 761 1591 787 τοῦ
1604 760 1756 796 προδρόμου
1770 761 1895 796 Σίμωνος

1107 805 1354 841 προαπατηθέντες,
1371 806 1430 841 Θεῷ
1445 806 1496 838 τὰς
1510 805 1599 841 ψυχὰς
1619 806 1766 833 ἀπεθάνετε
1786 807 1836 833 καὶ
1860 807 1894 833 τὰ

1109 850 1221 886 σώματα
1234 851 1417 887 ὲπατάχθητε“
1432 852 1547 879 δύνασθε
1557 852 1585 878 δὲ
1598 851 1698 887 ὁμοίως
1709 852 1741 878 τὺ
1753 852 1894 888 δεύτερον,

276 897 377 930 utdixi,
384 898 438 926 Deo
444 899 542 933 placita
550 899 665 933 amplexi
673 905 700 928 et
705 908 818 935 corpore
824 901 1023 934 convalescere,
1030 905 1057 928 et

1107 897 1152 924 διὰ
1161 897 1210 932 τῆς
1222 897 1378 932 μετανοίας,
1390 897 1428 929 ὼς
1442 897 1520 933 ἔφην,
1539 897 1572 924 τὰ
1587 897 1646 932 Θεῷ
1663 897 1813 933 ἀρέσκοντα
1830 898 1895 927 ἀνα-

275 944 394 972 animam
405 945 664 980 recuperare.Porro
672 945 727 974 Deo
736 946 834 981 placita
842 951 906 974 sunt
913 956 920 974 :
927 955 988 974 eum
995 955 1057 982 pre-

275 988 332 1015 cari
344 1008 353 1022 ,
367 994 458 1024 petere
470 991 505 1018 ab
517 991 563 1019 illo
578 996 708 1026 tanquam
720 992 754 1019 ab
766 999 799 1020 eo
809 993 856 1027 qui
868 997 965 1020 cuncta
978 1000 1056 1027 aequa

273 1034 333 1070 lege
349 1036 454 1069 tribuit,
471 1037 624 1064 daemonum
640 1045 734 1065 mensa
756 1045 816 1066 sese
833 1038 985 1072 abstinere,
1000 1046 1056 1068 non

273 1084 384 1115 gustare
397 1088 506 1108 carnem
521 1081 703 1115 demortuam,
718 1083 879 1117 sanguinem
898 1091 952 1110 non
975 1083 1057 1110 attin-

273 1132 348 1160 gere,
361 1125 395 1153 ab
408 1118 483 1153 omrii
498 1127 591 1154 illuvie
604 1127 743 1155 mundari.
763 1127 877 1163 Reliqua
889 1132 981 1156 autem
1001 1136 1056 1156 uno

272 1169 368 1203 verbo;
380 1178 550 1206 quaecunque
564 1170 662 1204 Judaei,
676 1180 739 1207 erga
754 1172 840 1200 Deum
863 1173 984 1209 religiosi
1003 1174 1055 1201 ho-

271 1214 370 1249 mines,
387 1216 543 1249 audierunt,
559 1221 587 1244 et
601 1225 651 1245 vos
667 1219 759 1246 cuncti
783 1218 874 1247 audite
886 1239 894 1252 ,
910 1219 938 1246 in
961 1220 1055 1248 multis

271 1260 434 1294 corporibus
448 1268 530 1288 unam
543 1266 660 1289 mentem
672 1262 760 1298 adepti
773 1271 780 1290 :
792 1271 854 1298 quae
866 1264 1056 1299 unusquisque

271 1305 324 1332 sibi
337 1305 473 1333 desiderat
484 1307 566 1339 bona.
581 1308 675 1335 eadem
685 1312 712 1336 et
725 1309 758 1336 de
766 1309 891 1344 proximo
916 1314 1016 1338 statuat
1027 1311 1053 1339 δ.

272 1350 320 1378 Sic
331 1355 421 1379 autem
434 1353 622 1388 unusquisque
632 1359 752 1381 vestrum
765 1355 867 1383 bonum
884 1355 1053 1391 cogitaverit,

272 1395 296 1423 si
314 1397 364 1424 ista
379 1397 450 1430 apud
466 1406 496 1426 se
511 1403 615 1433 repetat
628 1409 634 1425 :
659 1399 719 1427 Non
733 1400 774 1428 vis
788 1401 922 1429 interﬁci?
936 1402 1053 1430 alterum

271 1447 326 1467 non
344 1440 490 1470 interﬁcias
509 1452 516 1476 ;
533 1451 588 1470 non
602 1444 643 1471 vis
658 1451 769 1472 uxorem
784 1449 858 1472 tuam
874 1446 909 1473 ab
923 1446 976 1474 alio
988 1440 1054 1474 con-

270 1486 407 1521 stuprari,
423 1487 535 1515 alterius
553 1493 664 1524 nuptam
690 1497 724 1518 ne
751 1495 921 1526 constupra;
940 1499 993 1519 non
1011 1492 1053 1521 vis

271 1531 410 1566 quidpiam
432 1541 522 1561 rerum
540 1539 648 1562 tuarum
663 1535 736 1563 furto
761 1536 884 1564 auferri?
899 1537 1052 1566 nihilalte-

271 1577 330 1605 rius
346 1577 446 1606 furare.
468 1579 556 1614 Atque
573 1581 608 1608 ita
625 1589 658 1608 ex
677 1582 755 1609 vobis
771 1582 837 1617 ipsis
863 1584 935 1618 quod
951 1585 1051 1612 rationi

271 1627 486 1651 consentaneum
499 1630 540 1652 est
556 1625 735 1661 intelligentes
750 1632 831 1662 atque
840 1629 980 1661 facientes,
994 1630 1049 1657 Deo

271 1668 348 1694 chari
362 1668 449 1696 eﬂ‘ecti
467 1672 671 1705 conscquemini
698 1673 859 1700 sanitatem:
882 1674 1004 1710 alioquin
1025 1679 1052 1702 et

271 1712 298 1739 in
315 1715 439 1747 praesenti
451 1716 551 1742 saeculo
567 1717 729 1751 corporibus
743 1719 940 1754 torquebimini
950 1740 958 1753 ,
972 1725 1006 1756 _et
1023 1721 1052 1748 in

269 1756 364 1785 futuro
378 1759 529 1793 puniemini
545 1761 700 1790 animabus.

306 1833 338 1861 V.
360 1834 422 1864 Haec
446 1845 461 1865 a
484 1837 565 1866 Petro
590 1840 683 1874 paucis
699 1840 795 1868 diebus
809 1842 897 1870 edocti
913 1847 940 1870 et
962 1843 1051 1870 sanati

269 1879 398 1914 baptizati
416 1888 491 1910 sunt.
510 1884 610 1912 Deinde
627 1886 697 1913 inter
711 1892 808 1914 caztcra
833 1888 905 1916 illius
921 1890 1051 1916 miracula

269 1925 366 1960 reliqui
387 1934 482 1955 omnes
504 1931 530 1954 in
547 1929 635 1956 medio
661 1929 723 1957 foro
747 1931 848 1964 passim
871 1931 897 1958 in
917 1933 1010 1959 cinere
1026 1937 1053 1960 et

270 1977 349 1997 sacco
364 1971 504 2002 sedebant.
523 1978 635 2007 agentes
656 1975 844 2009 pmnitentiam
860 1976 893 2004 de
916 1977 1052 2010 prioribus

269 2015 385 2044 delictis.
404 2017 496 2053 ELqui
513 2019 640 2047 Sidoneln
658 2021 823 2056 incolebant,
842 2023 892 2051 ista
911 2024 1052 2052 audientes

270 2061 369 2089 similia
385 2063 518 2095 fecerunt,
534 2066 718 2102 miseruntque
735 2067 768 2094 ad
785 2068 894 2096 Petrum
913 2070 1051 2104 supplica-

270 2111 362 2140 turos,
386 2110 459 2143 quod
484 2110 533 2144 ipsi
551 2117 660 2145 propter
674 2113 784 2140 morbos
806 2122 859 2141 non
886 2120 998 2149 possent
1018 2115 1051 2142 ad

270 2153 347 2180 illum
364 2155 466 2182 venire.
485 2155 568 2191 Igitur
590 2157 685 2186 Petrus
708 2167 770 2186 cum
797 2168 845 2194 per
870 2168 971 2194 paucos
994 2161 1052 2188 dies

269 2197 333 2234 Tyri
354 2206 540 2228 commoratus
554 2208 625 2230 esset
650 2209 820 2239 cunctosque
835 2206 908 2233 illius
933 2206 1051 2235 civitatis

269 2243 395 2272 homines
420 2246 618 2280 instruxisset,
646 2253 673 2275 et
701 2249 871 2277 liberavisset
898 2252 1050 2286 omnigenis

269 2290 382 2322 morbis,
399 2299 431 2318 ac
447 2292 612 2320 instituiSset
626 2295 780 2326 ecclesiam,
798 2300 879 2330 atque
895 2304 927 2323 ex
938 2298 1051 2333 presby‘

268 2334 350 2366 leris,
369 2335 415 2369 qui
430 2344 492 2363 eum
510 2338 711 2372 sequebantur,
727 2339 793 2373 ipsis
811 2340 968 2374 episcopum
985 2349 1051 2368 con—

269 2380 412 2414 stituisset,
431 2381 558 2409 Sidonem
589 2384 702 2417 appulit.
721 2384 755 2410 At
796 2384 910 2419 Simon,
938 2387 1051 2415 audiens

260 2426 341 2462 quod
367 2427 525 2455 adventaret
554 2428 670 2460 Petrus,
698 2429 841 2457 confestim
865 2431 898 2458 ad
924 2431 1050 2466 Bcrytum

268 2472 375 2508 aufugit
391 2481 452 2500 cum
467 2474 592 2509 Appione
608 2479 635 2502 et
651 2475 743 2502 sociis.

304 2586 318 2601 ι
330 2580 407 2609 Deut.
424 2590 512 2616 mm,
526 2584 577 2617 59;
597 2583 607 2611 Ι
623 2584 689 2621 Reg.
706 2594 736 2620 ll,
751 2586 777 2614 6.
819 2587 833 2607 δ
846 2588 941 2616 Matth.
958 2597 1006 2623 vn,
1022 2591 1065 2618 12.

1106 940 1246 975 δεξάμενοι
1263 941 1312 968 καὶ
1323 940 1356 968 τὰ
1373 942 1486 977 σώματα
1498 942 1654 978 ἀναρρῶσαι
1673 943 1720 969 καὶ
1741 942 1791 974 τὰς
1804 942 1894 977 ψυχὰς

1106 985 1257 1012 ἀναλαϐεῖν.
1275 987 1352 1012 Ἐστι
1373 986 1402 1013 δὲ
1419 986 1453 1013 τὰ
1473 987 1624 1022 ἀρέσκοντα
1639 987 1678 1022 τῷ
1690 987 1750 1023 Θεῷ
1766 987 1798 1014 τὸ
1819 989 1894 1023 αὐτῷ

1107 1030 1313 1066 προσεύχεσθαι·
1330 1031 1410 1058 αὐτὸν
1427 1033 1510 1059 αἰτεῖν
1521 1033 1544 1049 ⁸⁸
1558 1033 1596 1065 ὡς
1619 1032 1707 1060 πάντα
1728 1033 1805 1069 νόμῳ
1835 1043 1894 1069 κρι-

1105 1075 1174 1111 τικῷ
1185 1076 1301 1103 διδόντα·
1312 1076 1452 1113 τραπέζης
1468 1078 1600 1113 δαιμόνων
1615 1078 1774 1113 ἀπέχεσθαι·
1792 1081 1893 1115 νεκρᾶς

1108 1120 1145 1156 μὴ
1160 1121 1291 1155 γεύεσθαί
1301 1122 1410 1158 σαρκός·
1431 1122 1467 1158 μὴ
1568 1123 1663 1158 ψαύειν
1678 1124 1792 1158 αἵματος
1802 1124 1825 1140 ⁸⁷
1835 1131 1845 1140 ο
1863 1126 1894 1150 ἐκ

1106 1166 1206 1198 παντὸς
1217 1166 1395 1194 ἀπολούεσθαι
1403 1168 1426 1183 ⁸⁸
1439 1167 1566 1203 λύματος·
1578 1167 1611 1195 τὰ
1625 1168 1652 1195 δὲ
1665 1168 1745 1195 λοιπά
1756 1169 1798 1195 ἑνὶ
1811 1169 1893 1204 λόγῳ,

1105 1211 1143 1243 ὡς
1165 1212 1191 1238 οἱ
1210 1212 1276 1239 Θεὸν
1300 1213 1423 1245 σέὸοντες
1439 1213 1557 1249 ἤκουσαν
1574 1214 1693 1241 Ἰουδαῖοι
1709 1234 1717 1247 ,
1741 1216 1790 1241 καὶ
1816 1216 1894 1251 ὑμεῖς

1104 1257 1238 1284 ἀκούσατε
1257 1257 1392 1290 ἅπαντες,
1408 1259 1437 1285 ὲν
1456 1258 1564 1291 πολλοῖς
1579 1259 1685 1294 σώμασι
1702 1260 1765 1295 μίαν
1780 1261 1893 1296 γνώμην

1104 1302 1291 1335 ἀναλαϐόντες·
1309 1303 1380 1339 ἀπερ
1391 1304 1504 1336 ἕκαστος
1522 1305 1610 1341 ἑαυτῷ
1622 1305 1744 1341 βούλεται
1762 1307 1845 1339 καλὰ,
1860 1307 1895 1334 τὰ

1104 1346 1176 1374 αὐτὰ
1202 1347 1368 1382 βουλευέσθω
1385 1349 1408 1365 ’⁸
1435 1348 1482 1375 καὶ
1507 1349 1546 1384 τῷ
1569 1349 1691 1385 πλησίον.
1719 1349 1799 1377 Οὕτω
1822 1351 1845 1377 δ’
1861 1351 1894 1377 ἂν

1105 1393 1180 1427 ὑμῶν
1193 1393 1307 1425 ἕκαστος
1324 1394 1429 1429 νοήσειε
1444 1394 1473 1421 τὸ
1486 1395 1576 1427 καλὸν,
1590 1396 1614 1422 εί
1632 1395 1719 1431 ἐαυτῷ
1737 1396 1894 1432 διαλεχθείη

1102 1438 1137 1464 τὰ
1149 1438 1268 1465 τοιαῦτα·
1281 1439 1319 1465 Οὐ
1334 1439 1421 1471 θέλεις
1435 1439 1605 1475 φονευθῆναι,
1627 1440 1718 1476 ἕτερον
1737 1441 1775 1476 μὴ
1795 1442 1893 1476 φονεύ-

1105 1491 1164 1519 σῃς·
1180 1483 1211 1510 οὐ
1234 1483 1320 1515 θέλεις
1334 1483 1383 1520 τὴν
1399 1484 1447 1520 σὴν
1468 1485 1513 1520 ὑφ’
1534 1486 1627 1521 ἐτέρου
1644 1486 1820 1521 μοιχευθῆναι
1844 1495 1893 1521 γυ-

1103 1529 1195 1561 ναῖκα,
1206 1528 1255 1565 τὴν
1270 1530 1362 1565 ἐτέρου
1382 1529 1419 1566 μὴ
1437 1531 1544 1566 μοίχευε
1557 1532 1689 1567 γαμετήν·
1709 1532 1740 1558 οὐ
1759 1531 1849 1564 Θέλεις
1867 1541 1893 1559 τι

1064 1572 1087 1604 C
1101 1573 1155 1600 τῶν
1174 1573 1227 1600 σῶν
1244 1573 1378 1609 κλαπῆναι
1391 1594 1399 1607 ,
1419 1575 1511 1610 ἐτέρου
1539 1575 1576 1611 μὴ
1601 1575 1699 1602 κλέπτε
1719 1577 1813 1611 μηδέν.
1839 1577 1893 1603 Καὶ

1102 1617 1188 1650 οὕτως
1207 1619 1254 1653 ἀφ’
1272 1619 1348 1655 ὑμῶν
1371 1619 1460 1646 αὐτῶν
1475 1619 1506 1645 τὸ
1522 1619 1630 1654 εὔλογον
1656 1620 1830 1652 συννοοῦντες
1847 1622 1894 1647 καὶ

1103 1663 1252 1696 ποιοῦντες,
1278 1663 1338 1700 Θεῷ
1359 1665 1517 1700 προσφιλεῖς
1539 1665 1696 1700 γενόμενοι,
1717 1666 1894 1698 ἐπιτεύξεσθε

1101 1709 1150 1744 τῆς
1177 1709 1293 1742 ίάσεως,
1311 1710 1371 1737 ἐπεὶ
1387 1711 1434 1737 καὶ
1457 1711 1486 1737 ὲν
1508 1710 1547 1746 τῷ
1573 1711 1684 1746 παρόντι
1711 1711 1792 1737 αίῶνι
1808 1711 1895 1747 βασα-

1102 1754 1258 1789 νισθήσεσθε
1278 1755 1312 1782 τὰ
1337 1755 1466 1790 σώματα,
1489 1756 1536 1782 καὶ
1557 1756 1586 1783 ὲν
1602 1756 1641 1791 τῷ
1666 1755 1789 1791 μέλλοντι
1814 1757 1895 1783 κολα-

1103 1799 1236 1835 σθήσεσθε
1252 1800 1300 1832 τὰς
1315 1800 1413 1836 ψυχάς.

1139 1845 1172 1873 ν.
1196 1846 1287 1873 Ταῦτα
1298 1847 1333 1863 ¹⁰⁰
1348 1846 1400 1874 ὑπὸ
1415 1847 1461 1874 τοῦ
1478 1847 1581 1884 Πέτρου
1600 1848 1629 1874 ὲν
1650 1848 1754 1882 ὀλίγαις
1772 1849 1896 1885 ἡμέραις

1102 1892 1301 1927 καηχηθὲντες
1324 1893 1371 1919 καὶ
1391 1893 1512 1925 ἰαθέντες
1527 1893 1737 1929 ἐϐαπτίσθησαν.
1753 1895 1873 1921 Ἔπειτα
1886 1895 1894 1910 ί

1101 1939 1157 1969 τοῖς
1179 1937 1282 1969 λοιποῖς
1308 1937 1389 1964 αὑτοῦ
1417 1938 1552 1973 θαύμασιν
1578 1939 1602 1965 οί
1621 1939 1709 1966 λοιποὶ
1735 1939 1840 1972 πάντες
1867 1941 1895 1966 ὲν

1104 1982 1199 2018 μέσαις
1209 1985 1268 2015 ταῖς
1281 1983 1393 2017 ἀγοραῖς
1404 1984 1539 2019 πανδημεὶ
1553 1985 1598 2010 ἐπὶ
1615 1985 1712 2012 σποδοῦ
1723 1986 1771 2012 καὶ
1788 1986 1894 2012 σάκκου

1102 2027 1272 2059 ἐκαθέζοντο,
1287 2028 1478 2063 μετανοοῦντες
1491 2029 1536 2055 ἐπὶ
1550 2031 1604 2061 τοῖς
1619 2030 1748 2066 πρότερον
1761 2032 1894 2067 ἡμαρτη-

1105 2073 1204 2108 μένοις.
1224 2073 1278 2099 Καὶ
1293 2073 1317 2099 οι
1334 2073 1362 2099 ἐν
1376 2073 1469 2100 Σιδῶνι
1482 2073 1567 2100 ταῦτα
1583 2075 1748 2107 ἀκούσαντες
1760 2076 1797 2102 τὰ
1812 2077 1895 2112 ὃμοια

1102 2117 1244 2151 ἐποίησαν,
1269 2117 1315 2143 καὶ
1339 2117 1430 2149 ἱκέτας
1446 2118 1514 2154 πρὸς
1529 2119 1574 2145 τὸν
1590 2119 1691 2154 Πέτρον
1713 2119 1894 2152 ἀπέστελλον,

1102 2162 1140 2193 ὡς
1156 2162 1233 2188 αὐτοὶ
1248 2162 1292 2188 διὰ
1307 2162 1356 2194 τὰς
1371 2163 1464 2195 νόσους
1488 2164 1555 2200 πρὸς
1572 2164 1651 2191 αὑτὸν
1673 2165 1759 2191 ἐλθεῖν
1784 2166 1824 2202 μὴ
1850 2167 1895 2193 δυ-

1095 2207 1221 2242 νάμενοι.
1236 2208 1378 2244 Ὁᾙέτρος
1394 2209 1423 2235 δὲ
1436 2209 1546 2245 ἡμερῶν
1560 2210 1590 2236 οὐ
1603 2210 1706 2237 πολλῶν
1717 2212 1896 2248 ὲνδιατρίψας

1102 2254 1135 2288 τῇ
1145 2254 1155 2268 ¹
1167 2253 1257 2288 Τύρῳ,
1274 2254 1321 2281 καὶ
1335 2256 1492 2290 κατηχήσας
1506 2256 1569 2288 τοὺς
1585 2257 1614 2282 ἐν
1629 2257 1697 2292 αὐτῇ
1711 2258 1792 2293 ι77
1804 2259 1896 2286 ᾶπαν-

1103 2307 1169 2330 τας,
1195 2300 1241 2326 καὶ
1266 2300 1442 2327 παντοδαπῶν
1468 2301 1566 2332 αὐτοὺς
1592 2301 1748 2334 ἀπαλλάξας
1780 2304 1894 2336 παθῶν,

1103 2344 1250 2379 ἐκκλησίαν
1267 2353 1296 2371 τε
1313 2346 1524 2381 συστησάμενος,
1542 2346 1589 2373 καὶ
1608 2347 1663 2374 ἀπὸ
1677 2347 1730 2373 τῶν
1747 2348 1896 2384 ἑπομένων

1103 2390 1177 2425 αὺτῷ
1201 2390 1391 2427 πρεσϐυτέρων
1414 2392 1563 2418 ἐπίσκοπον
1586 2393 1676 2424 αὐτοῖς
1692 2395 1894 2430 καταστήσας,

1103 2434 1230 2469 ὥρμησεν
1245 2436 1285 2466 είς
1297 2435 1406 2462 Σιδῶνα.
1425 2436 1454 2462 '0
1469 2436 1497 2463 δὲ
1509 2437 1599 2472 Σίμων
1620 2437 1712 2472 μαθὼν
1725 2439 1831 2473 ἥκοντα
1847 2440 1894 2466 τὸν

1102 2479 1203 2515 Πέτρον
1220 2479 1300 2511 εὐθὺς
1321 2480 1425 2516 ἀπέδρα
1438 2482 1477 2512 είς
1498 2481 1618 2518 Βηρυτὸν
1635 2483 1691 2518 μετ’
1702 2483 1712 2499 ³
1736 2484 1895 2517 ’Λππίωνος

1102 2525 1149 2551 καὶ
1164 2523 1218 2552 τῶν
1232 2524 1314 2552 αὑτοῦ
1329 2525 1451 2561 ἑταίρων.
1847 2537 1850 2541 ’

915 2645 1033 2674 νΑΙὶΙλΕ
1053 2647 1253 2677 LECTIONES.

304 2703 543 2751 ?:.'“Ll_).'8.€5‘6l’
560 2707 655 2751 τε..κῇ
675 2708 821 2750 εὐωνύμων
843 2710 887 2751 (Ξ)
911 2712 1011 2751 βεξξῶν
1044 2724 1073 2741 τε
1097 2716 1144 2742 καὶ
1170 2715 1316 2751 εὐωνύμων
1347 2715 1379 2744 0-

269 2740 455 2784 ςυέξξε-Ἦιιιᾼ
464 2740 549 2768 deest.
561 2776 568 2784 '
587 2743 610 2784 ξ’
618 2742 661 2784 ,με
678 2751 710 2769 ex
721 2740 836 2784 eorijcct.
853 2740 894 2781 Ci,
904 2740 982 2784 ﬁctifv
997 2740 1221 2784 uterqueﬂlloni:
1352 2740 1382 2770 Ἠ
1398 2752 1426 2779 αἵ

1431 2720 1454 2736 π
1471 2718 1542 2755 μής)
1562 2724 1589 2747 et
1611 2720 1645 2755 de
1665 2721 1785 2755 conject.
1804 2722 1827 2750 C
1844 2744 1852 2755 ,
1866 2724 1892 2750 in

1429 2761 1501 2788 ματα
1513 2753 1545 2781 Ο.
1582 2755 1606 2773 ’⁸
1621 2754 1696 2783 Hanc
1707 2753 1892 2785 Ottobonihni

270 2772 413 2825 hctigneqm
426 2776 598 2825 commendat
617 2778 637 2825 ρ
658 2786 700 2825 ἐξ
710 2772 838 2825 οηηξλει..
863 2772 909 2825 θέε
921 2783 1000 2825 gub.~
1007 2772 1173 2825 ἀπολύεσθαι
1192 2772 1216 2812 in
1233 2772 1318 2825 te;tu.
1339 2772 1567 2825 Deinde-dic.
1580 2789 1602 2816 Ο
1707 2772 1890 2825 ιέἕέίηὸιῗ

270 2808 310 2832 ου’
330 2808 355 2833 οἱ
379 2808 408 2836 S.
459 2810 481 2825 ”
497 2810 519 2836 Ι)
541 2812 667 2839 emendat

687 2812 820 2848 βουλέσθω
866 2816 899 2832 ¹⁰⁰
921 2818 1036 2846 Τοιαῦτα
1046 2820 1076 2846 (ἶ.

1129 2821 1144 2863 ι.
1153 2819 1241 2863 forte.
1251 2821 1301 2863 leg.
1315 2821 1364 2863 διαὶ
1376 2821 1432 2860 ἐπεί.
1450 2821 1590 2858 Vulgatam
1603 2819 1714 2863 saltem:
1721 2819 1892 2863 scripturam

272 2841 344 2870 baud
359 2850 453 2871 sanam
465 2850 526 2874 esse
540 2845 619 2875 facile
631 2841 750 2882 apparet.
762 2849 789 2876 S.
829 2851 839 2866 '
850 2851 888 2886 τῷ
903 2841 937 2879 εἰ
947 2841 1101 2888 ‘7'—
1119 2841 1301 2884 ldcm'de'ind‘e-
