1942 3100
72 156 110 188 ιιι

616 167 842 198 CLEMENTINA.
863 184 898 191 --
915 169 1055 200 IIOMILIA
1074 172 1130 201 VII.

1629 176 1683 204 22%

104 217 257 268 “.To'ubh
272 220 391 259 Πέτρου
413 222 537 255 εἰσιόντος
552 223 591 256 εἰς
603 224 652 260 τὴν
661 225 772 259 Σιδῶνα,
788 226 852 253 πολ-

938 229 982 256 Vl.
1003 229 1136 258 Caeterum
1162 237 1223 258 rum
1239 229 1335 260 Petrus
1349 231 1477 260 Sidonem
1490 232 1628 268 ingressus
1639 240 1686 260 cs-

87 265 131 298 λοὺς
143 265 170 292 ὲν
182 264 291 298 κλίναις
308 267 446 303 φέροντες
459 268 511 304 πρὸ
525 269 606 296 αὐτοῦ
626 270 758 298 ἐτίθεσαν.
777 272 806 298 Ὀ
826 272 855 299 δὲ

85 312 137 348 τρὺς
151 312 246 344 αὐτοὺς
263 312 319 348 ἐφη
330 320 338 329 ⁸
358 313 408 349 Μὴ
425 314 512 342 τοίνυν
524 316 651 351 νομίσητε
669 316 718 352 ἔιμέ
739 326 765 344 τι
778 317 856 345 δύνα-

84 359 134 386 σθαι
149 357 213 393 πρὸς
230 358 372 394 ὑμετέραν
389 360 470 392 ῐασιν,
490 361 574 397 ἀνδρα
597 361 691 397 θνητὸν
712 363 759 390 καὶ
776 363 856 391 αὐτὸν

79 404 174 436 πολλοῖς
184 404 301 432 πάθεσιν
320 405 466 432 ὑποπεσεῖν
479 406 623 442 δυνάμενον
635 416 641 423 ·
655 408 817 444 ὑφηγεῖσθαι
828 410 856 437 δὲ

77 451 136 486 ὑμῖν
150 450 195 477 τὸν
210 450 312 486 τρόπον
327 451 360 477 δι’
377 450 407 479 οὒ
422 451 537 487 σωθῆναι
554 453 698 488 δυνήσεσθε
712 454 742 481 οὐ
756 454 854 489 φθονῶ,

74 496 118 522 καὶ
131 495 214 526 αὐτὸς
229 497 307 531 παρά
322 497 370 524 τοῦ
392 497 443 532 τῆς
463 498 588 534 ἀληθείας
603 499 744 536 Προφήτωυ
765 500 857 536 μαθὼν

71 540 134 572 τοὺς
157 542 383 577 προωρισμένους
403 541 450 569 τοῦ
473 542 538 570 Θεοῦ
563 543 616 579 πρὸ
640 544 790 580 καταϐολῆς
811 545 858 573 κό-

69 594 139 621 σμου
157 587 301 622 ὁρισμοὺς,
316 586 387 621 λέγω
404 587 433 613 δὲ
448 587 492 614 ἐπὶ
516 587 606 620 ποίαις
626 590 723 622 κακαῖς
744 589 857 626 πράξεσι

66 632 131 663 τοὺς
145 631 310 668 ἀνθρώπους
324 632 415 665 ἔταξεν
432 632 483 660 ὑπὸ
495 633 542 660 τοῦ
553 634 602 669 τῆς
615 634 713 666 κακίας
727 635 858 672 ἡγεμόνος

66 679 234 712 κακοῦσθαι,
251 680 353 715 ὁμοίως
365 680 393 707 δὲ
405 680 416 697 ⁸
430 681 476 708 ἐπὶ
490 681 580 712 ποίαις
598 682 713 717 ἀγαθαῖς
729 683 857 720 πράξεσιν

63 724 152 760 ὥρισε
169 725 305 762 πρότερον
324 726 520 760 πιστεύσαντας
537 728 613 764 αὐτῷ
629 729 734 765 ἰωμένῳ
749 729 784 757 τά
805 729 858 757 σώ-

62 779 144 805 ματα
165 771 313 803 σώζεσθαι,
337 772 430 800 ἔπειτα
452 773 498 800 καὶ
521 773 571 806 τὰς
588 774 676 810 ψυχὰς
695 775 858 812 ἐπανορθοῦ-

61 816 129 843 σθαι
147 817 220 852 πρὸς
234 818 267 844 τὸ
281 817 442 855 ἀνώλεθρον.

97 862 161 890 VII.
184 863 295 896 Ταύτας
310 864 398 891 τοίνυν
411 864 460 898 τάς
472 873 502 892 τε
515 865 619 900 ἀγαθὰς
633 866 681 894 καὶ⁴
692 867 779 899 κακὰς
789 867 859 904 πρά-

59 898 119 940 ξεις
136 908 219 940 είδὼς
240 909 389 945 προμηνύω
413 911 476 946 ὑμῖν
497 898 559 944 ὡς’·
575 911 649 943 ὁδοὺς
672 912 728 944 δύο,
753 898 857 940 ὑποδει-
873 909 894 936 Β

58 951 156 980 κνύων
167 952 215 979 διὰ
229 954 310 985 ποίας
325 955 372 989 μὲν
395 954 546 989 βαδίζοντες
566 956 739 990 ἀπόλλυνται,
756 957 834 985 ποίαν
846 959 857 975 ⁸

57 998 87 1024 δὲ
106 999 252 1031 ὁδεύοντες
268 999 463 1033 ἀποσώζονται,
481 1001 540 1037 Θεῷ
553 1001 738 1038 ὁδηγούμενοι.
765 1003 797 1030 Ἥ
809 1003 858 1039 μὲν

56 1041 109 1070 οὖν
123 1044 183 1071 τῶν
202 1045 396 1081 ἀπολλυμένων
417 1046 475 1078 ὁδὸς
488 1046 673 1083 πλατεῖαιμὲν
688 1049 734 1076 καὶ
750 1048 857 1084 ὁμαλω-

56 1090 145 1124 τάτη,
164 1091 340 1118 ἀπολλύουσα
354 1092 383 1118 δὲ
402 1092 465 1119 ἄνευ
483 1092 530 1119 τοῦ
545 1089 635 1125 πόνου,
657 1095 674 1130 ἡ
686 1093 716 1122 ἃ
734 1094 788 1121 τῶν
803 1103 857 1121 σω-

56 1135 191 1171 ζομένων
210 1137 292 1172 στενὴ
319 1137 367 1172 μὲν
388 1137 436 1164 καὶ
456 1139 578 1173 τραχεῖα,
599 1138 722 1171 σώζουσα
743 1139 772 1166 δὲ
790 1139 858 1176 πρὸς

56 1181 101 1216 τῷ
126 1182 205 1208 τέλει
221 1183 286 1214 τοὺς
300 1182 524 1219 διαπορευθέντας
544 1184 688 1217 ἐπιπόνως.
704 1185 812 1213 Τούτων
829 1185 859 1213 δι

56 1225 125 1253 τῶν¹
138 1226 188 1253 δύο
215 1227 282 1254 ὁδῶν
301 1228 497 1263 προκαθέζεται
513 1229 594 1264 178
616 1230 728 1257 ἀπιστία
749 1230 796 1258 καὶ
813 1229 859 1257 πί-

58 1280 123 1303 πις
135 1280 144 1287 ·
162 1272 214 1299 καὶ
238 1272 358 1300 ὁδεύουσι
375 1273 419 1300 διά
439 1274 488 1309 μὲν
505 1274 632 1307 ἀπιστίας
649 1275 674 1302 οῐ
694 1275 745 1307 τὰς
763 1275 859 1310 ἡδονὰς

57 1318 280 1353 προκρίναντες,
304 1319 339 1345 δι’
356 1318 390 1351 ἃς
413 1318 565 1355 [ποιοῦντες
587 1319 602 1346 ὃ
622 1320 672 1347 οὐκ
692 1319 805 1356 ἀρεστὸν
819 1320 859 1355 τῷ

59 1364 125 1399 Θεῷ
142 1364 196 1391 καὶ
209 1364 403 1400 ίάμελήσαντες
418 1366 458 1397 είς
477 1365 508 1392 τὸ
522 1366 607 1394 σῶσαι
621 1366 710 1403 ψυχὴν
726 1366 765 1402 τῷ
778 1366 859 1402 λόγῳ,

59 1409 197 1436 ἐλάθοντο
218 1410 326 1446 ἡμέρας
344 1411 461 1446 κρίσεως
476 1410 511 1447 ⁷,]
523 1411 583 1439 οὐδὲ
606 1412 696 1447 ζητεῖν
708 1411 740 1439 τὺ
755 1412 859 1448 συμφέ-

60 1463 110 1490 ρον
125 1455 160 1482 οὐ
173 1455 348 1490 διεφύλαξαν.
370 1456 506 1490 ’Δγνοοῦσι
522 1457 612 1492 μέντοι
628 1457 666 1490 ὡς
685 1458 735 1485 οὐκ
756 1458 861 1494 ἀνθρω-

59 1501 157 1533 πίνοις
172 1502 257 1536 ὅμοια
270 1501 304 1528 τὰ
326 1502 394 1529 Θεοῦ
418 1502 574 1539 βουλήματα
586 1511 593 1518 ’
613 1503 721 1539 πρῶτον
741 1504 789 1539 μὲν
807 1504 861 1540 γὰρ

60 1545 119 1574 οἶδε
135 1547 173 1574 τὰ
197 1547 308 1574 πάντων
323 1547 499 1583 διανοήματα,
513 1549 560 1575 καὶ
572 1548 621 1575 οὐκ
635 1549 664 1575 ὲν
679 1549 718 1584 τῷ
736 1549 861 1586 ἐγχειρῆ-

63 1600 111 1618 σαι
129 1591 226 1627 μόνον,
244 1591 312 1618 ἀλλά
326 1592 373 1619 καὶ
387 1593 416 1619 ὲν
427 1593 466 1628 τῷ
483 1593 607 1628 ἐννοῆσαι
627 1593 740 1626 ἕκαστος
753 1594 861 1620 εὐθύνε-

63 1647 120 1664 ται.
137 1637 236 1672 Πολλῷ
246 1638 258 1653 ⁸
270 1637 298 1664 δὲ
312 1635 392 1673 ἦττον
405 1637 547 1665 ἀσεϐοῦσιν
556 1638 581 1664 οι
596 1638 781 1674 ἐγχειροῦντες
793 1638 864 1666 καλὰ

65 1685 138 1710 νοεῖν
147 1683 200 1710 καὶ
209 1683 451 1718 ἀποτυγχάνοντες,
459 1683 515 1710 τῶν
522 1683 588 1719 μηδὲ
595 1684 662 1716 ὅλως
671 1684 863 1720 ἐγχειρούντων

65 1732 124 1762 τοῖς
137 1730 246 1762 καλοῖς.
264 1730 324 1757 Ὅτι
335 1730 409 1765 αὺτῷ
424 1729 463 1765 τῷ
481 1730 540 1766 Θεῷ
553 1729 651 1762 ἔδοξεν,
663 1730 708 1756 τὸν
722 1731 750 1756 ἐν
766 1729 863 1764 γνώσει

67 1776 124 1802 τῶν
137 1775 231 1803 καλῶν
246 1776 455 1811 παραπίπτοντα
470 1777 492 1807 ⁸,
507 1775 578 1802 κατά
592 1775 669 1809 λόγον
690 1775 743 1802 τῶν
761 1774 865 1810 ἀνθρω-

69 1821 157 1848 πίνων
173 1821 417 1856 παραπτωμάτων,
434 1820 550 1856 μετρίως
564 1819 728 1847 κολασθέντα
742 1820 764 1838 ’⁸
781 1819 865 1855 σωθῆ-

71 1875 126 1893 ναι.
143 1866 177 1893 Οἱ
199 1865 228 1892 δὲ
247 1865 297 1901 τὴν
321 1865 408 1901 ἀρχὴν
430 1866 476 1892 καὶ
496 1864 542 1891 τοῦ
569 1864 668 1900 γνῶναι
689 1864 720 1890 τὸ
744 1865 865 1900 κρεῖττον

72 1911 283 1946 ἑξημεληκύτες,
298 1910 350 1937 κᾶν
367 1911 451 1946 μυρία
465 1910 546 1946 ἔτερα
568 1909 690 1945 πράξωσι
714 1909 793 1941 καλὰ,
807 1906 864 1945 ὲνῇ

73 1955 101 1982 δὲ
116 1956 199 1988 αὐτὸς
209 1955 294 1992 ὥρισε
311 1955 443 1991 θρησκεία
458 1956 495 1991 μὴ
518 1956 660 1990 γένωνται,
676 1955 805 1990 ἀμελείας
819 1954 866 1989 ἔγς

74 2002 167 2037 γλημα
182 2002 355 2037 λαϐόντεςτῇ
384 2001 497 2037 μεγίστῃ
518 2001 765 2037 ἀποσὸεσθήσονται
784 2001 865 2030 κολά-

77 2057 118 2074 σει
132 2048 274 2080 παντελῶς
285 2048 317 2077 ¹¹.

111 2092 178 2120 VIII.
205 2093 239 2120 Ἦ
259 2093 289 2119 δὲ
309 2093 354 2120 ὑπ’
371 2091 453 2119 αὑτοῦ
478 2091 615 2128 ὀρισθεῖσα
641 2091 771 2127 θρησκεία
794 2091 865 2118 ἐστὶν

77 2139 145 2175 αῦτη
156 2148 164 2155 ·
187 2140 224 2166 To
241 2140 321 2175 μόνον
335 2139 415 2166 αὐτὸν
432 2139 530 2171 σέϐειν,
546 2139 593 2165 καὶ
607 2138 647 2174 τῷ
669 2138 717 2174 τῆς
739 2138 866 2173 ἀληθείας

80 2186 151 2221 μόνῳ
170 2185 310 2212 πιστεύειν
326 2186 461 2220 προφήτῃ,
479 2185 526 2211 καὶ
550 2185 589 2216 είς
614 2185 709 2218 ἄφεσιν
727 2184 866 2219 ἁμαρτιῶν

907 280 958 307 set,
974 275 1078 304 multos
1094 276 1122 303 in
1142 276 1219 303 lectis
1236 276 1333 304 allatos
1349 284 1440 305 coram
1454 277 1513 312 ipso
1523 281 1682 312 posuerunt.

905 319 951 348 llle
965 325 1055 349 autem
1079 321 1148 349 dixit
1171 322 1205 349 ad
1230 328 1297 350 eos:
1323 321 1362 350 Ne
1378 330 1442 350 vero
1461 323 1622 350 existimetis
1641 330 1685 350 me

905 367 1006 402 aliquid
1018 375 1099 402 posse
1112 367 1146 395 ad
1160 368 1328 395 curationem
1345 373 1473 402 vestram,
1489 368 1535 404 qui
1560 368 1611 396 sim
1627 368 1685 403 ipse

905 420 1014 448 quoque
1037 413 1119 441 homo
1144 413 1277 446 mortalis,
1295 418 1321 441 et
1344 414 1371 441 in
1398 415 1482 442 multa
1499 415 1599 450 possim
1617 414 1686 441 inci-

906 457 970 486 dere
985 458 1097 486 adversa
1117 466 1124 485 :
1139 458 1237 486 docere
1251 463 1342 486 autem
1359 467 1408 486 vos
1422 459 1532 487 modum
1547 466 1602 494 quo
1618 459 1686 487 salvi

906 511 967 532 esse
980 504 1101 539 possitis,
1118 512 1171 532 non
1187 505 1330 540 gravabor,
1344 505 1392 540 qui
1407 506 1465 540 ipse
1479 506 1560 533 etiam
1584 513 1599 533 a
1612 506 1686 534 veri~

906 549 970 578 tatis
992 548 1125 584 Propheta
1150 550 1231 578 didici
1255 551 1378 585 praeﬁxos
1395 558 1410 578 a
1431 550 1486 578 Deo
1507 555 1569 579 ante
1592 551 1686 579 mundi

907 595 1126 624 constitutionem
1140 596 1282 630 terminos,
1296 596 1323 623 in
1338 596 1476 632 qualibus,
1490 597 1611 631 inquam,
1628 605 1688 624 ma-

907 641 941 670 lis
957 643 1082 677 operibus
1095 642 1262 678 disposuerit
1273 647 1303 670 ut
1318 643 1443 670 homines
1460 650 1474 670 a
1490 643 1600 670 malitia
1615 644 1687 671 duce

907 687 1069 723 aﬁligantur,
1088 687 1134 716 sed
1151 688 1277 716 similiter
1300 688 1327 715 in
1352 688 1478 721 qualibus
1502 688 1581 716 bonis
1596 688 1685 723 opcri-

908 732 959 760 bus
974 733 1122 761 decreverit
1136 737 1176 766 ut,
1192 733 1239 768 qui
1257 733 1285 760 in
1301 740 1363 761 eum
1387 733 1461 760 velut
1477 732 1610 760 medicum
1626 741 1686 760 crc-

908 779 1040 813 didertnt,
1054 779 1131 814 prius
1147 785 1261 813 corpore
1281 782 1421 813 curentur,
1438 777 1534 806 deinde
1549 783 1575 806 et
1597 778 1686 806 anima

909 824 1094 852 instaurentur
1107 824 1141 852 ad
1159 824 1284 852 salutem.

944 880 1000 908 Vll.
1022 880 1076 909 Has
1089 889 1154 916 ergo
1166 882 1343 917 'cognoscens
1356 882 1442 910 bonas
1458 887 1485 910 et
1499 883 1586 910 malas
1602 884 1688 913 actio-

908 933 956 954 nes
971 926 1123 962 praenuntio
1138 927 1215 954 vobis
1227 927 1304 962 quasi
1317 927 1386 955 duas
1401 928 1547 956 ostendens
1560 929 1627 963 vias,
1642 938 1689 964 per

906 979 987 1006 quam
999 972 1108 1007 quidem
1123 971 1276 1007 gradientes
1291 977 1420 1007 pereant,
1442 980 1491 1008 per
1511 981 1594 1008 quam
1624 982 1689 1001 vero

907 1018 1061 1046 incedentes
1077 1018 1223 1051 salventur,
1235 1018 1309 1046 ducti
1322 1026 1336 1045 a
1344 1018 1468 1053 Deo.,\'ia
1481 1019 1563 1054 igitur
1574 1027 1690 1054 pereun-

907 1057 974 1092 tium
991 1064 1044 1091 lata
1052 1068 1126 1091 estet
1136 1064 1304 1099 planissima,
1315 1064 1566 1100 perditqueabsque
1581 1065 1688 1100 labore;

907 1112 935 1136 at
947 1108 991 1136 via
1000 1113 1170 1136 servatorum
1181 1113 1295 1145 angusta
1307 1114 1349 1137 est
1364 1115 1391 1137 et
1406 1117 1513 1145 aspera,
1530 1111 1691 1146 tandemque

897 1147 960 1175 liter
975 1147 1105 1176 facientes
1119 1154 1210 1176 servat
1223 1157 1285 1177 cum
1306 1150 1398 1178 labore
1412 1151 1497 1178 multo
1514 1157 1540 1178 ⁸.
1558 1151 1691 1180 Caeterum

897 1191 940 1220 his
955 1192 1062 1221 duabus
1077 1194 1129 1222 viis
1144 1194 1293 1229 praesident
1310 1195 1486 1224 incredulitas
1498 1203 1525 1224 et
1537 1197 1616 1231 ﬁdes,
1628 1206 1692 1234 pro-

897 1237 1058 1266 ﬁciscuntur
1069 1244 1160 1267 autem
1171 1248 1220 1276 per
1233 1241 1450 1270 incredulitatem
1464 1243 1575 1280 quidem
1589 1244 1636 1279 qui
1647 1252 1692 1273 vo-

898 1285 1016 1320 luptates
1029 1285 1217 1321 prmtulerunt.
1230 1292 1338 1322 propter
1349 1295 1417 1323 quas
1430 1287 1514 1325 [quod
1526 1289 1582 1317 Deo
1594 1291 1691 1326 displi-

908 1339 951 1363 cet
973 1334 1104 1362 facientes
1124 1341 1212 1369 neque
1233 1341 1326 1361 curam
1341 1334 1438 1361 animae
1460 1333 1555 1361 salutis
1570 1338 1694 1368 gerentes

909 1380 963 1408 diei
977 1379 1073 1415 judicii
1088 1380 1164 1408 obliti
1185 1379 1260 1416 sunt]
1275 1387 1371 1414 _neque
1392 1378 1465 1414 quod
1481 1379 1546 1407 utile
1556 1384 1599 1407 est
1615 1387 1695 1407 cura-

909 1431 1006 1455 verunt
1033 1434 1164 1463 quaerere.
1196 1426 1289 1462 Itaque
1324 1426 1471 1461 ignorant,
1502 1425 1550 1454 Dei
1581 1427 1695 1454 consilia

910 1475 1011 1503 similia
1024 1482 1078 1502 non
1091 1482 1152 1502 esse
1164 1474 1303 1502 humanis.
1320 1474 1413 1503 Primo
1423 1475 1520 1503 etenim
1538 1475 1612 1502 novit
1627 1475 1696 1503 Deus

911 1521 1090 1557 cogitationes
1102 1520 1236 1552 onmiutn,
1249 1525 1275 1548 et
1287 1528 1341 1548 non
1354 1521 1389 1548 ob
1400 1521 1486 1549 solam
1499 1521 1695 1556 operationem,

875 1578 896 1606 ο
913 1567 960 1595 sed
977 1572 1004 1594 et
1017 1571 1127 1602 propter
1139 1566 1330 1601 cogitationem
1342 1566 1530 1601 unusquisque
1546 1566 1696 1601 iudicatur.

912 1612 996 1640 Multo
1004 1616 1093 1639 autent
1104 1611 1195 1640 minus
1205 1612 1279 1646 impii
1292 1617 1366 1645 sunt,
1378 1612 1424 1647 qui
1436 1612 1559 1639 nituntur
1574 1612 1644 1639 bona
1659 1613 1698 1639 in-

913 1658 1033 1692 telligere
1040 1661 1067 1684 et
1074 1657 1211 1688 aberrant,
1224 1664 1305 1692 quam
1313 1657 1358 1691 qui
1368 1657 1522 1684 nullatenus
1534 1657 1698 1692 aggrediunt-

913 1708 958 1731 tur
972 1703 1057 1730 bona.
1073 1701 1142 1736 Quia
1168 1701 1222 1732 Deo
1238 1702 1350 1737 placuit,
1375 1706 1406 1729 ut
1427 1702 1474 1737 qui
1499 1702 1526 1728 in
1546 1702 1699 1737 cognitione

913 1749 977 1776 boni
1001 1748 1204 1784 lapsusl‘uerit,
1231 1748 1310 1783 juxta
1349 1748 1481 1775 rationem
1516 1748 1698 1774 humanorum

914 1794 1054 1829 lapsuum.
1071 1795 1178 1822 modice
1194 1794 1343 1829 castigatus
1366 1798 1498 1822 servetur.
1514 1794 1548 1820 At
1569 1794 1615 1829 qui
1640 1801 1698 1820 cm-

915 1839 980 1866 nino
1002 1839 1152 1874 intelligere
1173 1839 1360 1874 neglexerunt,
1381 1838 1432 1866 etsi
1454 1841 1598 1873 operentur
1618 1837 1699 1864 innu-

915 1893 990 1912 mera
1009 1885 1061 1912 alia
1075 1884 1215 1920 praclara,
1231 1884 1292 1911 ideo
1307 1883 1378 1919 quod
1400 1884 1426 1910 in
1455 1884 1584 1918 religione
1604 1891 1619 1910 a
1643 1882 1699 1910 Deo

914 1931 1024 1958 deﬁnita
1051 1938 1105 1958 non
1134 1930 1299 1963 exstiterint,
1319 1929 1493 1964 indiligentia:
1515 1933 1624 1964 sumpto
1646 1929 1700 1955 cri—

914 1977 989 2004 mine
1011 1984 1060 2012 per
1087 1976 1238 2004 maximum
1273 1975 1382 2010 penitus
1414 1975 1564 2002 interibunt
1596 1974 1696 2008 suppli-

916 2030 999 2050 etum.

950 2090 1018 2118 vut.
1038 2090 1124 2118 Porro
1138 2090 1173 2118 ab
1186 2097 1219 2117 eo
1236 2089 1346 2117 deﬁnita
1368 2088 1462 2123 religio
1476 2088 1535 2115 haec
1549 2080 1590 2116 est
1607 2096 1613 2114 ε
1631 2086 1700 2113 Eum

916 2136 1004 2164 solum
1025 2136 1123 2169 colere,
1140 2143 1172 2163 ac
1194 2135 1245 2163 soli
1266 2134 1376 2162 credere
1401 2133 1543 2168 Propheta
1565 2133 1700 2165 veritatis,

917 2183 944 2210 in
966 2182 1155 2210 remissionem
1175 2186 1351 2216 peccatorum
1375 2179 1523 2215 baptizari,
1539 2179 1632 2213 sicque
1654 2186 1701 2213 per

81 2231 269 2267 βαπτισθῆναι,
285 2232 333 2258 καὶ
356 2231 442 2263 οὕτως
463 2230 507 2258 διὰ
532 2231 581 2266 τῆς
606 2231 754 2265 άγνοτάτης
780 2229 861 2265 βαφῆς

918 2228 1104 2255 intinctionem
1122 2226 1296 2262 purissimam
1314 2225 1420 2252 renasci
1436 2224 1491 2252 Deo
1506 2224 1532 2251 in
1543 2231 1613 2258 aqua
1628 2223 1702 2250 salu-

80 2277 294 2313 ἀναγενδηθῆναι
309 2277 369 2310 Θεῷ
384 2276 429 2304 διὰ
451 2276 498 2303 τοῦ
523 2276 653 2308 σώζοντος
671 2276 779 2307 ὓδατος·
797 2284 864 2310 τρα-

81 2323 164 2358 πέζης
180 2323 315 2358 δαιμόνων
331 2323 368 2358 μὴ
386 2322 613 2358 μεταλαμϐάνειν,
629 2322 701 2356 λέγω
716 2321 744 2348 δὲ
763 2321 866 2348 εἰδωλο-

82 2368 176 2400 θύτων,
193 2369 310 2404 νεκρῶν,
327 2368 456 2400 πνικτῶν,
475 2367 660 2404 θηριαλώτων,
680 2367 808 2402 αἵματος·
827 2367 865 2402 μὴ

81 2414 243 2449 ἀκαθάρτως
258 2413 339 2449 179
353 2413 442 2449 βιοῦν,
459 2413 512 2440 ἀπὸ
529 2413 622 2448 κοίτης
639 2412 765 2447 γυναικὸς
788 2412 864 2438 λούε-

82 2461 150 2493 σθαι,
162 2461 249 2492 αὒτάς
265 2460 355 2496 μέντοι
371 2460 418 2487 καὶ
434 2460 546 2495 ἀφεδρον
557 2459 712 2494 φυλάσσειν,
725 2459 828 2490 πάντας
838 2458 867 2485 δὲ

84 2507 239 2542 σωφρονεῖν,
265 2505 394 2537 εὐποιεῖν,
421 2505 458 2540 μὴ
475 2505 592 2532 ἀδικεῖν·
616 2503 692 2539 παρά
711 2503 758 2530 τοῦ
780 2503 869 2530 πάντα

82 2553 225 2589 δυναμένου
242 2553 310 2580 Θεοῦ
327 2552 399 2588 ζωὴν
416 2552 523 2579 αἰώνιον
537 2550 702 2587 προσδοκᾷν·
718 2550 810 2585 εὐχαῖς
822 2549 869 2576 καὶ

83 2599 187 2635 δεήσεσι
203 2599 343 2635 συνεχέσιν
352 2598 527 2633 αἰτουμένους
542 2597 626 2632 αὐτὴν
637 2596 739 2623 λαϐεῖν.
751 2594 870 2636 Τοιαῦτα

115 2662 128 2677 ι
140 2655 237 2684 Matth.
255 2663 305 2690 vn,
320 2655 366 2683 15.

918 2274 986 2306 tari;
1003 2273 1069 2300 nihil
1086 2280 1194 2300 sumere
1209 2271 1242 2299 de
1254 2279 1348 2298 mensa
1367 2270 1535 2302 daemonum,
1552 2269 1603 2295 hoc
1615 2268 1702 2295 estde

918 2319 1094 2353 idolothytis,
1116 2317 1252 2349 mortuis,
1275 2316 1434 2348 suﬁ'ocatis,
1455 2323 1470 2342 a
1495 2314 1580 2342 bestia
1603 2313 1700 2348 captis,

918 2364 1067 2399 sanguine;
1081 2371 1136 2390 non
1152 2363 1257 2397 impure
1269 2361 1376 2394 vivere,
1394 2361 1478 2387 lavari
1491 2363 1553 2394 post
1569 2358 1701 2386 concubi-

918 2416 975 2438 tum
991 2417 1053 2437 cum
1069 2408 1192 2440 muliere,
1207 2407 1323 2434 feminas
1336 2414 1401 2434 vero
1413 2406 1550 2433 custodire
1567 2404 1647 2431 etiam
1662 2404 1700 2430 lc—

918 2463 977 2491 gent
994 2454 1174 2490 purgationis,
1190 2457 1302 2480 cunctos
1321 2457 1411 2480 autem
1435 2454 1614 2485 temperantes
1629 2456 1700 2481 esse,

919 2500 1088 2534 benefacere,
1103 2508 1156 2527 non
1172 2499 1278 2526 allicere
1294 2498 1410 2533 injuria;
1421 2504 1437 2524 a
1450 2496 1505 2523 Deo
1518 2495 1702 2529 omnipotente

919 2551 1077 2581 exspectare
1091 2546 1173 2573 vitam
1191 2551 1338 2577 aeternam;
1357 2542 1473 2579 petendo
1489 2541 1563 2568 illius
1579 2539 1702 2574 adeptio-

919 2601 981 2621 nem
1003 2593 1173 2620 orationibus
1192 2596 1219 2620 et
1244 2591 1371 2627 precibus
1386 2588 1534 2617 continuis.
1559 2586 1622 2614 Haec
1634 2590 1661 2613 et
1674 2585 1702 2612 in

731 2696 850 2726 VARIIE
865 2693 1066 2723 LECTIONES.

113 2774 126 2789 ι
137 2776 166 2794 τε
178 2766 210 2796 C.
247 2768 259 2785 ⁸
273 2766 344 2795 Vbb.
360 2767 425 2802 ὑμῖν
441 2765 479 2797 ὡς
491 2765 532 2793 bis
546 2766 671 2802 leguntur
681 2763 708 2802 _in
769 2799 775 2802 _
788 2768 799 2783 ⁶
816 2763 924 2802 ποίᾳ-Ο.
938 2798 945 2802 _
954 2762 1124 2802 _7_Lacunam
1139 2760 1166 2802 in
1178 2759 1240 2802 eqd.
1255 2757 1345 2802 Quoi);
1360 2755 1702 2802 §t'_§s‘21i.viiﬂ-Tl~:0:

88 2803 126 2830 bis
136 2803 242 2838 explere
255 2799 446 2838 tentavi,_‘quae
458 2800 616 2838 praecedunt
626 2799 706 2838 uncis
724 2799 838 2838 inclusa.

877 2787 888 2814 δ
897 2787 1040 2832 irent?)—
1046 2787 1176 2831 conj.
1184 2787 1240 2832 7C”.
1255 2794 1282 2821 in
1289 2787 1445 2832 ‘cujftextu
1460 2789 1597 2832 non.ve
1606 2787 1667 2832 τῶν

648 2833 735 2875 ἔδοξεν
749 2834 899 2875 addendum
911 2833 962 2875 ἐπί
971 2825 1010 2860 vel
1024 2832 1096 2867 περί,
1113 2825 1344 2875 auflscribendutu
1360 2827 1469 2875 τοὺςῖἳ
1478 2825 1702 2875 παραπίπτοντας

89 2861 497 2903 ée'ins'iituii'rﬁ"iBiase'é-ndé
509 2861 559 2901 ὴ
576 2861 598 2909 β¹
614 2861 750 2900 παντελῶς
762 2867 784 2897 Ο
799 2889 806 2903 ι
820 2868 894 2906 quod
905 2873 929 2897 et
946 2868 965 2895 S
1000 2861 1141 2903 propOSttit
1163 2864 1305 2900 legendum
1319 2883 1327 2896 ,
1345 2861 1469 2890 παντελεί
1482 2861 1514 2887 (2.
