1942 3100
64 150 108 179 85

604 149 831 180 CLEMENTINA.
852 162 885 169 ——
904 147 1045 176 HOMILIA
1062 146 1126 177 VIII.

1625 147 1683 180 ω

64 211 109 247 γὰρ
119 208 164 237 τοῦ
180 207 299 237 δυνατοῦ
316 209 370 246 τὴν
385 208 485 246 πεῖραν
497 208 520 226 ⁸⁵
533 208 659 240 λαϐόντες
668 228 675 241 ,
688 207 786 234 snt-co
801 208 837 235 εὑ·

897 204 968 232 facto
1001 204 1076 232 illius
1101 204 1150 240 quI
1175 207 1273 240 potens
1288 205 1349 239 'est,
1377 205 1411 234 ad
1436 206 1505 236 bene
1527 207 1682 239 faciendum

65 254 139 317 ῗοὶεἶν
150 251 335 290 τραπόμενοι,
353 253 404 281 καὶ
419 253 470 286 τὰς
482 252 570 289 ψυχὰς
584 253 756 289 ἀνασωθῆναι
770 252 850 289 δυνη-

80 298 90 316 ε
99 297 152 317 ηπ.

80 297 152 324 siqu.

93 333 147 362 XII.
165 332 260 362 Ταῦτα
279 333 367 362 αὐτοῦ
384 333 519 369 λέγοντος,
535 334 560 361 oi
577 333 677 366 πάντες
691 335 849 369 γονυπετεῖς

66 380 110 415 πρὸ
127 379 181 409 τῶν
197 377 284 406 αὑτοῦ
311 378 418 407 ἔκειντο
436 378 533 407 ποδῶν.
562 378 592 406 '0
617 378 646 405 δὲ
671 379 711 411 εἰς
734 377 847 415 οὐρανὸν

64 426 125 462 ἄρας
141 424 190 457 τὰς
204 424 314 460 χεῖρας,
332 424 380 452 καὶ
392 424 432 460 τῷ
447 424 505 460 Θεῷ
523 424 742 460 προσευξάμενος
754 424 847 451 ίάσατο

61 472 119 502 τοὺς
140 470 246 502 πάντας
266 470 302 496 ὲκ
321 470 404 506 μόνης
424 469 526 505 εὐχῆς.
547 468 605 497 Οὐκ
623 469 719 504 ὀλίγων
735 469 763 497 δὲ
777 469 846 506 ήμε-

62 516 110 551 ρῶν
128 515 304 552 παραμείνας
319 516 376 548 τοῖς
387 515 536 551 Βηρυτίοις,
556 516 604 542 καὶ¹
619 515 732 547 πολλοὺς
746 517 779 552 τῇ
798 524 846 552 μο-

59 562 172 597 ναρχικῇ
195 561 332 598 θρησκείᾳ
359 561 497 593 συνεθίσας
515 561 539 578 ³⁸
559 561 606 589 καὶ
623 561 766 597 βαπτίσας,
792 560 846 589 ἀπὸ

58 606 122 638 τῶν,
136 606 283 642 ἑπομένων
310 605 387 642 αὐτῷ
413 605 604 643 πρεσϐυτέριον
627 607 675 634 ἕνα
698 607 846 634 ἐπίσκοπον

55 652 146 683 αὐτοῖς
174 651 371 688 καταστήσας,
396 651 437 684 είς
455 653 505 688 τὴν
527 653 622 680 Βίϐλον
638 653 660 669 ’⁷
688 651 773 688 ἐξῄει.
789 652 845 679 Καὶ

53 698 199 730 γενόμενος
227 699 288 727 ἐκεῖ
304 696 351 726 καί
377 699 468 735 μαθὼν
493 699 533 726 ὄτι
549 699 640 735 Σίμων
660 698 720 726 οὐδὲ
745 699 810 734 μιᾶς
821 699 844 715 ’⁸

51 744 158 780 ἡμέρας
178 744 275 777 αὐτοῖς
296 745 484 781 προσέμεινεν,
509 745 566 772 ἀλλ’
591 745 692 777 εὐθέως
716 745 756 777 είς
780 743 844 780 Τρί-

50 792 127 818 πολιν
149 791 296 827 ὥρμησεν,
322 792 420 827 ὀλίγων
442 793 552 828 ἡμερῶν
576 793 666 825 αὐτοῖς
690 792 841 828 ἐπιμείνας,

48 836 91 862 καὶ
104 835 286 871 θεραπεύσας
305 837 356 864 οὐκ
368 837 482 872 ὀλίγους,
494 838 540 864 καὶ
554 839 613 870 ταῖς
625 837 728 870 Βίϐλοις
744 837 842 870 αὐτοὺς

899 250 1033 284 conversi,
1047 251 1128 278 etiam
1154 251 1303 279 secundum
1319 251 1426 281 animas
1449 253 1518 282 salvi
1542 261 1604 285 esse
1632 263 1682 292 po-

899 296 998 325 teritis.

933 342 991 370 XII.
1011 341 1077 375 Quae
1091 348 1154 370 cum
1176 342 1300 378 dixisset,
1316 344 1408 373 cuncti
1435 344 1469 373 ad
1494 353 1582 382 genua
1607 349 1683 377 acci-

897 389 993 417 dentes
1007 387 1137 423 jacebant
1157 392 1220 416 ante
1238 389 1320 424 pedes
1337 389 1423 419 illius.
1441 391 1477 419 At
1491 391 1548 424 ille,
1564 393 1682 422 sublatis

897 433 924 461 in
939 433 1039 461 malum
1061 433 1203 466 manibus,
1223 433 1365 470 Deumque
1389 441 1591 471 comprecatus,
1613 447 1683 467 cun-

895 483 955 507 ctos
979 479 1137 514 precatione
1162 479 1220 507 sola
1245 480 1362 508 curavit.
1386 479 1446 509 Non
1468 489 1572 517 paucos
1588 488 1680 512 autem

895 525 954 552 dies
968 526 1041 560 apud
1056 524 1180 560 Berytios
1193 530 1396 559 commoratus,
1412 533 1474 554 cum
1490 528 1594 557 multos
1615 529 1681 557 reli-

894 570 969 605 gioni
993 578 1056 606 erga
1082 578 1167 598 unum
1189 569 1275 598 Deum
1302 571 1527 606 consuefecisset,
1550 581 1601 602 nec
1624 583 1681 603 non

894 615 1079 652 baptizasset,
1100 623 1155 644 uno
1173 619 1213 644 ex‘
1227 616 1394 653 presbyteris
1419 618 1466 656 qui
1490 626 1554 647 eum
1581 628 1680 656 seque-

893 662 993 690 bantur
1017 662 1084 698 ipsis
1110 663 1140 690 iu
1158 652 1318 698 episcopum
1334 652 1495 699 constiibto,
1519 665 1547 693 in
1564 652 1678 702 Byqum

893 708 969 736 abiit.
987 707 1047 742 Quo
1061 715 1122 736 cum
1138 709 1316 744 pervenisset,
1334 714 1476 744 comperto
1491 711 1564 746 quod
1582 711 1677 740 Simon

892 761 927 781 ne
938 761 994 782 uno
1005 753 1115 789 quidem
1130 753 1175 782 die
1191 754 1252 782 illos
1268 758 1464 790 exspectasset,
1481 757 1529 784 sed
1544 757 1636 786 statim
1649 759 1676 786 in

892 799 1024 835 Tripolim
1040 799 1182 833 evasisset,
1196 807 1298 835 paucos
1311 800 1370 828 dies
1389 801 1462 836 apud
1478 808 1526 829 eos
1539 807 1674 837 moratusl

891 846 1048 881 auratisque
1075 846 1183 879 multis,
1211 853 1244 874 ac
1269 846 1297 873 in
1314 845 1455 882 Scriptura
1475 847 1614 882 exercitis,
1641 849 1675 878 ad

46 881 220 917 ἐνασκήσας,
236 883 299 910 κατ’
314 883 386 918 ἴχνος
399 883 445 910 τοῦ
455 883 576 918 Σίμωνος
592 883 633 915 είς
646 884 696 919 τὴν
712 883 837 918 Τρίπολιν

890 892 1021 927 Tripolim
1048 900 1096 928 per
1122 892 1236 928 vestigia
1267 891 1389 921 Simonis
1415 894 1562 929 processit,
1582 881 1676 925 certus

45 925 216 962 ὶτεορεὺετο,
235 927 413 963 μεταδιώκειν
428 927 509 955 αὑτὸν
525 927 640 964 μᾶλλον,
657 928 707 964 οὺχ
721 928 840 964 ὑποφεύ-

45 980 103 1006 γειν
121 971 334 1010 προῃρημένος.

352 1052 480 1080 'OMIAIA
499 1053 540 1079 H'.

73 1096 96 1123 Ι.
120 1097 173 1129 Εἰς
185 1097 216 1124 δὲ
233 1098 284 1133 τὴν
295 1097 425 1133 Τρίπολιν
439 1097 548 1124 εἰσιόντι
564 1096 603 1132 τῷ
617 1096 722 1133 Πέτρῳ,
746 1097 771 1123 οἱ
793 1106 838 1132 φι-

38 1142 245 1178 λομαθέστεροι
256 1143 288 1169 ἐκ
305 1151 335 1169 τε
348 1143 399 1177 τῆς
413 1142 500 1178 Τύρου
517 1142 564 1169 καὶ¹
580 1141 703 1174 Σιδῶνος,
717 1141 838 1178 Βηρυτοῦ

35 1196 65 1214 τε
78 1189 133 1214 καὶ
144 1188 260 1221 Βίϐλου,
271 1189 319 1215 καὶ
337 1188 370 1215 ἐκ
385 1187 440 1215 τῶν
454 1187 648 1224 πλησιοχώρων
748 1187 839 1214 πολλοὶ

35 1233 239 1269 συνεισῂεσαν.
264 1234 320 1269 Οὐχ
334 1233 433 1269 ἥκιστα
449 1233 477 1260 δὲ
488 1233 541 1260 τῶν
559 1234 606 1260 ἀπ’
623 1233 707 1269 αὐτῆς
722 1233 772 1269 τῆς
788 1233 837 1260 πό-

35 1279 110 1311 λεως
124 1281 218 1316 δχλων
233 1280 382 1316 συνδρομαὶ
396 1279 526 1314 ἐγίνοντο,
541 1280 656 1315 ἱστορεῖν
671 1279 838 1315 βουλομένων

33 1325 134 1352 αὐτόν.
159 1325 366 1361 Συνετύγχανον
387 1323 435 1353 οὖν
454 1326 520 1361 ήμῖν
540 1326 569 1351 ὲν
592 1325 648 1356 τοῖς
667 1324 838 1360 προαστείοις

33 1371 59 1397 οἱ
79 1371 135 1398 ὑπ’
152 1371 242 1398 αὑτοῦ
259 1371 461 1406 ἐκπεμφθέντες
481 1370 605 1405 ἀδελφοὶ,
624 1370 660 1397 τά
675 1379 705 1396 τε
723 1369 788 1397 ἄλλα
803 1369 838 1397 τὰ

34 1417 113 1444 κατὰ
130 1417 185 1452 τὴν
201 1417 278 1444 πόλιν
297 1417 344 1444 καὶ
363 1417 398 1444 τὰ
414 1417 587 1453 πραττόμενα
602 1415 642 1452 τῷ
657 1415 758 1450 Σίμωνι
774 1414 837 1448 ἐξα-

34 1462 194 1499 κριὸὦσαι,
216 1463 292 1495 ὅπως
314 1462 438 1495 ἐλθόντες
461 1462 663 1498 ὑφηγήσωνται.
693 1460 838 1494 ’Δποδεεά-

36 1518 118 1544 μενοι
135 1509 222 1536 αὐτὸν
237 1509 285 1536 ἐπὶ
298 1509 349 1545 τὴν
364 1509 504 1546 Μαροόνου
515 1509 538 1525 "
550 1506 616 1544 ἦγον
631 1507 730 1535 οἰκίαν.
822 1509 836 1530 Ὗ

73 1556 110 1583 II.
137 1557 169 1583 '0
185 1556 214 1583 δὲ
231 1557 273 1583 ἐπ’
289 1556 364 1592 αὐτῷ
376 1556 416 1591 τῷ
427 1556 487 1591 τῆς’
499 1555 588 1588 ξενίας
605 1555 706 1582 πυλῶνι
726 1554 777 1603 ήδη
790 1563 836 1603 γε-
848 1572 870 1603 C

38 1601 146 1635 γονὼς,
168 1601 349 1637 ἐπιστραφεὶς
364 1602 421 1632 τοῖς
438 1601 528 1635 ὄχλοις
542 1600 684 1635 ὑπέσχετο,
702 1599 771 1635 μετὰ
785 1599 836 1635 τὴν

39 1647 176 1674 ἐπιοῦσαν
192 1648 258 1683 περὶ
272 1646 428 1677 θεοσεϐείας
437 1646 529 1678 αὐτοῖς
542 1645 724 1681 διαλεχθῆναι.
740 1644 836 1671 Είσελ-

39 1692 136 1724 (niveo;
151 1693 182 1719 δὲ
201 1692 295 1724 αὐτοῦ,
312 1693 336 1719 οί
356 1692 463 1728 πρόοδοι
476 1692 532 1723 τοῖς
546 1690 734 1726 συνεληλυθόσι
746 1690 835 1724 ξενίας

40 1738 221 1775 ηὑτρέπιζον.
247 1739 303 1765 Οὐκ
325 1738 502 1765 ἀπελείποντο
522 1737 551 1764 δὲ
575 1737 636 1764 οὐδὲ
659 1737 685 1764 οἱ
706 1737 835 1772 ἀποδεχό-

43 1792 120 1818 μενοι
135 1783 187 1810 ut
202 1783 353 1817 ξενίζοντες
368 1783 418 1818 τῆς
432 1783 486 1810 τῶν
504 1782 651 1816 ἀξιούντων
670 1782 832 1818 προθυμίας.

43 1829 154 1856 Τούτων
179 1829 210 1856 δὲ
229 1829 252 1845 ⁸⁸
267 1829 345 1856 οὐδὲν
367 1828 445 1861 εἰδὼς
467 1829 483 1855 ὁ
502 1829 614 1865 Πέτρος,
640 1828 764 1861 ἀξιωθεὶς
788 1829 833 1863 ὑφ’

43 1874 122 1911 ἡμῶν
143 1876 251 1912 τροφῆς
275 1875 448 1911 μταλαὸεἴν,
473 1875 542 1912 ἔφη,
574 1876 611 1911 μὴ
635 1875 833 1912 μεταλήψεσθαι

47 1921 177 1958 πρότερον
194 1921 287 1954 αὐτὸς,
303 1921 386 1958 πρινὴ
407 1921 429 1937 ³⁸
445 1922 508 1952 τοὺς
531 1920 741 1956 συνεληλυθότας
759 1921 833 1956 αὐτῷ

47 1967 293 1994 διαναπαύσασθαι.
340 1967 574 2003 Ἀποκρινομένων
603 1966 631 1994 δὲ
661 1966 759 2002 ἡμῶν,
791 1967 832 1994 ὅτι

48 2012 111 2049 ἔφθη
127 2013 200 2040 τοῦθ’
213 2013 302 2045 οὕτως
315 2013 488 2049 γεγενῆσθαι,
505 2013 640 2049 προφάσει
655 2012 705 2047 τῆς
718 2013 787 2048 πρὸς
802 2013 832 2040 σὲ

49 2058 160 2093 στοργῆς
176 2058 280 2094 σπουδῇ
298 2058 401 2090 πάντας
411 2058 433 2073 ³¹
446 2058 544 2089 αὐτοὺς
561 2057 777 2093 ὑποδεξαμένων,
794 2058 832 2090 ὡς

48 2104 107 2136 τοὺς
123 2105 160 2140 μὴ
179 2104 332 2140 ἐσχηκότας
350 2104 396 2136 οὓς
416 2104 556 2136 ξενίσωσιν
571 2104 595 2120 ³³
611 2103 832 2140 ὑπερδιιλλόντως

50 2147 232 2184 λελυπῆσθαι·
255 2149 270 2175 6
293 2148 413 2184 Πέτρος,
430 2149 548 2180 ἀκούσας
581 2148 629 2175 καὶ
660 2148 750 2184 ἡσθεὶς
781 2149 831 2184 τῆς

50 2193 131 2226 ὀξείας
141 2194 351 2230 φιλανθρωπίας
367 2194 400 2227 ’⁸,
417 2194 565 2230 εὐλογήσας
588 2194 686 2226 αὐτοὺς
709 2193 828 2229 ἐξῆλθεν,

892 945 954 965 cum
972 937 1091 973 insequi,
1108 945 1163 966 non
1177 937 1376 974 subterfugere.

1172 1039 1242 1068 1]οΜ
1247 1039 1314 1067 ILIA
1333 1039 1402 1070 VIII.

932 1084 953 1113 I.
979 1085 1048 1113 Cum
1076 1091 1167 1114 autem
1188 1086 1285 1114 Petrus
1307 1085 1438 1122 Tripolim
1473 1087 1672 1125 ingrederetur,

890 1131 936 1166 qui
960 1132 1081 1160 discendi
1109 1137 1189 1160 erant
1215 1133 1370 1168 cupidiores
1395 1141 1429 1162 ex
1453 1134 1537 1171 Tyro,
1559 1136 1672 1171 Sidone,

890 1176 986 1213 Bcryto
1000 1185 1032 1205 ac
1048 1177 1142 1214 Byblo,
1156 1183 1183 1207 et
1195 1179 1272 1207 multi
1290 1187 1324 1207 ex
1341 1180 1464 1208 iinitimis
1484 1181 1567 1209 simul
1584 1182 1672 1210 intra-

888 1228 962 1250 runt.
978 1223 1088 1251 Maximi
1104 1224 1185 1252 etiam
1202 1233 1235 1252 ex
1251 1226 1309 1261 ipsa
1323 1227 1432 1254 civitate
1444 1227 1586 1255 hominum
1602 1235 1672 1255 con-

888 1276 986 1296 cursus
1010 1269 1120 1304 ﬁehant,
1141 1271 1353 1300 desiderantium
1373 1274 1464 1301 videre
1481 1274 1567 1302 illum.
1587 1274 1672 1310 Igitur

888 1314 995 1341 obviam
1021 1314 1083 1342 facti
1107 1321 1170 1344 sunt
1190 1317 1269 1345 nobis
1283 1318 1310 1345 in
1327 1319 1482 1352 suburbiis,
1499 1320 1546 1354 qui
1559 1320 1594 1347 ab
1611 1320 1672 1355 ipso

888 1359 950 1387 ideo
966 1360 1042 1388 missi
1067 1361 1186 1395 fuerant,
1203 1367 1232 1390 ut
1246 1363 1360 1398 profecti
1382 1365 1556 1400 explorarent
1574 1373 1671 1393 narru-

887 1410 1000 1441 rentque
1023 1410 1079 1434 tum
1109 1408 1185 1436 urbis
1205 1409 1274 1436 alias
1298 1417 1353 1443 res,
1369 1413 1425 1437 tum
1441 1410 1561 1438 Simonis
1583 1415 1669 1446 gesta.

889 1450 921 1478 Et
944 1451 1109 1487 excipientes
1137 1454 1214 1481 illum
1242 1455 1270 1482 in
1292 1455 1405 1484 domum
1420 1455 1560 1484 Maroonis
1585 1456 1670 1484 duxe-

886 1500 961 1524 runt.

921 1541 953 1569 II.
974 1541 998 1570 Is
1010 1550 1074 1570 vero
1087 1543 1143 1578 jam
1163 1543 1234 1572 fores
1254 1544 1366 1580 hospitii
1384 1550 1490 1580 tenens,
1510 1555 1669 1581 conversus,

886 1587 1052 1616 multitudini
1077 1590 1217 1624 promisit,
1242 1599 1271 1619 se
1294 1597 1354 1627 post
1373 1592 1445 1620 diem
1467 1594 1616 1621 crastinum
1636 1594 1670 1622 de

885 1633 960 1661 cultu
975 1633 1020 1662 Dei
1040 1635 1093 1663 illis
1108 1636 1189 1663 verba
1209 1636 1355 1665 facturum.
1376 1637 1502 1674 Ingresso
1517 1644 1606 1667 autem
1624 1648 1668 1673 eo,

885 1679 931 1714 qui
948 1680 1078 1714 praemissi
1101 1680 1219 1716 fuerant,
1236 1683 1355 1718 hospitia
1379 1684 1413 1711 iis
1426 1684 1473 1719 qui
1489 1685 1571 1712 simul
1584 1693 1668 1713 vene-

884 1731 947 1752 rant
965 1726 1139 1754 ordinabant.
1165 1726 1219 1755 Nec
1241 1736 1306 1756 vero
1327 1730 1374 1764 qui
1399 1730 1519 1765 hospitio
1535 1731 1670 1766 suscipie-

884 1770 968 1802 bant.
991 1771 1131 1799 alacritate
1159 1778 1238 1801 erant
1260 1774 1405 1803 inferiores
1429 1776 1462 1804 iis
1484 1776 1531 1811 qui
1551 1776 1668 1812 hospiti:

882 1816 1066 1851 postulabant.
1085 1817 1208 1851 Quorum
1231 1828 1293 1847 cum
1314 1820 1382 1847 nihil
1405 1821 1486 1849 sciret
1499 1821 1607 1855 Petrus,
1623 1831 1669 1851 ro-

883 1868 961 1897 gatus
980 1873 994 1891 a
1011 1865 1100 1898 nobis,
1113 1866 1204 1893 cibum
1223 1874 1342 1901 sumere,
1363 1876 1536 1903 nequaquam
1551 1877 1580 1897 se
1592 1878 1669 1897 sum-

882 1913 993 1944 pturum
1008 1911 1088 1944 dixit,
1104 1911 1158 1939 nisi
1172 1913 1249 1947 prius
1264 1914 1310 1948 qui
1327 1921 1390 1942 eum
1417 1913 1527 1942 fuerant
1546 1916 1668 1943 comitati

882 1955 1134 1991 interquiescercnt.
1162 1958 1399 1994 Respondentibus
1417 1965 1510 1988 autem
1531 1962 1623 1994 nobis,
1639 1962 1666 1990 Id

879 2004 935 2039 jam
957 2005 994 2032 ita
1012 2005 1113 2033 factum
1134 2011 1186 2042 est,
1205 2008 1256 2041 eis,
1273 2013 1384 2042 propter
1405 2016 1525 2036 amorem
1548 2017 1611 2046 erga
1630 2015 1666 2041 te.

882 2060 976 2081 omnes
999 2052 1074 2087 ipsos
1096 2054 1218 2081 studiose
1240 2054 1464 2088 suscipientibus,
1480 2055 1548 2082 adeo
1564 2059 1605 2090 ut,
1618 2056 1667 2090 qui

881 2106 935 2125 non
958 2098 1130 2132 habuerunt,
1150 2106 1220 2134 quos
1245 2099 1364 2134 hospitio
1390 2100 1558 2134 reciperent,
1583 2109 1666 2135 supra

881 2144 991 2171 modum
1013 2143 1113 2172 fuerint
1125 2145 1291 2177 contristati,
1318 2144 1414 2173 Petrus
1429 2145 1520 2173 audita
1537 2154 1577 2179 re,
1593 2147 1667 2174 dele-

881 2194 969 2218 ctatus
988 2195 1112 2225 prompta
1128 2191 1307 2224 humanitate,
1324 2191 1475 2219 benedictis
1489 2192 1521 2219 iis
1538 2199 1667 2226 egressus

51 2240 92 2266 καὶ
106 2240 230 2277 θαλάσσῃ
243 2240 409 2276 λουσάμενος
426 2240 549 2276 εἰσῆλθεν
560 2240 593 2273 ³⁸,
610 2240 656 2267 καὶ
674 2240 765 2266 σιτίων
782 2240 830 2267 σὺν

889 2240 922 2263 ξει
941 2244 949 2263 τ
967 2243 1085 2271 cumque
1107 2235 1217 2264 lavisset
1238 2236 1266 2263 in
1290 2236 1371 2270 mari,
1400 2236 1540 2271 ingressus
1562 2242 1614 2270 est,
1638 2241 1666 2264 et

50 2288 100 2319 τοῖς
113 2288 239 2323 πμόδοις
261 2286 430 2323 μεταλαϐὼν,
447 2287 565 2323 ἑσπέρας
578 2285 830 2323 ἐπικαταλαϐούσης

52 2333 176 2361 ὕπνωσεν.
817 2363 819 2366 ⁴

81 2378 122 2406 Ill.
142 2379 210 2406 Ὑπδ
223 2379 253 2406 δὲ
267 2379 317 2410 τὰς
330 2378 458 2414 δευτέρας
471 2378 524 2405 τῶν
538 2377 722 2413 ἀλεκτρυόνων
737 2377 829 2413 φωνὰς

51 2423 206 2455 διῦπνισθεὶς
222 2421 303 2460 εὗρεν
315 2424 389 2459 ἡμᾶς
405 2423 587 2459 ἐγρηγορότας
603 2420 718 2458 ³⁵,ἦμεν
733 2422 762 2449 δὲ
779 2423 827 2449 σὺν

52 2468 118 2503 αὐτῷ
132 2469 157 2495 οι
173 2468 275 2501 πάντες
294 2467 454 2499 ἑκκαίδεκα,
470 2467 550 2499 αὐτὸς
571 2469 586 2495 ὁ
608 2468 721 2503 Πέτρος,
748 2467 826 2503 183

52 2513 122 2547 κάγὼ
139 2514 154 2540 ὁ
175 2514 313 2550 Κλήμης,
336 2513 459 2549 Νικήτης
473 2521 504 2539 τε
525 2513 572 2540 καὶ
592 2512 723 2546 Ἀκύλας,
739 2513 788 2540 καὶ
802 2513 827 2540 οῑ

54 2559 253 2595 προοδεύσαντες
284 2557 400 2585 δώδεκα.
423 2558 651 2594 Προσαγορεύσας
677 2556 725 2585 οὖν
753 2557 828 2594 ἡμᾶς

54 2603 110 2640 ἔσῃ’
136 2605 258 2641 Σήμερον
281 2605 340 2636 τοῖς
364 2603 416 2637 ἔξω
440 2602 479 2640 μὴ
504 2604 678 2639 σχολάζοντες
702 2604 828 2640 ἀλλήλοις

55 2650 126 2686 ἐσμὲν
153 2650 284 2687 εῠσχολοι.
301 2649 350 2677 Διὸ
374 2648 430 2684 ἐγὼ
457 2649 507 2686 μὲν
532 2650 596 2686 ὑμῖν
620 2650 656 2677 τὰ
682 2650 750 2687 μετὰ
765 2650 826 2687 ιτὴν

881 2285 1024 2316 postquam
1046 2281 1137 2308 cibum
1160 2289 1221 2308 cum
1246 2281 1464 2316 praecursoribus
1488 2282 1663 2317 sumpsisset,

821 2344 825 2349 -
881 2331 960 2354 nocte
978 2326 1137 2354 adveniente
1153 2334 1250 2355 somno
1264 2335 1293 2355 se
1310 2327 1393 2355 dedit.

915 2371 959 2399 III.
973 2372 1030 2399 Sub
1039 2373 1188 2401 secundum
1197 2381 1261 2400 vero
1270 2373 1403 2408 gallorum
1417 2377 1526 2401 cantum
1537 2382 1665 2410 experge-

879 2416 969 2445 factus
984 2425 1034 2445 nos
1048 2418 1150 2446 invenit
1164 2418 1324 2453 vigilantes;
1341 2426 1451 2446 eramus
1463 2424 1552 2447 autem
1567 2427 1665 2447 omnes

878 2471 940 2492 cum
951 2472 984 2492 eo
994 2465 1124 2498 sedecim,
1136 2465 1194 2501 ipse
1209 2465 1305 2493 Petrus
1315 2470 1342 2494 et
1349 2473 1399 2501 ego
1408 2465 1544 2499 Clemens,
1553 2465 1663 2494 Nicetas

877 2512 1020 2547 etAquila,
1028 2516 1109 2548 atque
1120 2512 1262 2540 duodecim
1273 2512 1319 2548 qui
1331 2513 1473 2548 praegressi
1484 2512 1600 2541 fuerant.
1613 2512 1662 2541 Sa-

876 2558 970 2587 Iutatis
979 2566 1045 2594 ergo
1055 2559 1134 2587 nobis
1143 2558 1226 2586 dixit:
1238 2558 1324 2587 Hodie
1332 2559 1395 2594 quia
1404 2558 1465 2587 aliis
1473 2559 1597 2594 occupati
1604 2567 1661 2587 non

877 2611 984 2637 sumus,
999 2604 1078 2632 nobis
1089 2611 1229 2632 vacemus.
1246 2603 1380 2638 Quocirca
1393 2611 1443 2639 ego
1455 2603 1565 2639 quidem
1579 2603 1661 2632 vobis

877 2658 938 2686 quae
961 2650 1034 2686 apud
1050 2649 1152 2687 Tyrum
1177 2654 1239 2686 post
1263 2651 1416 2686 digressum
1440 2654 1561 2679 vestrum
1583 2653 1661 2686 gesta

680 2718 799 2748 VARIIE
804 2718 1029 2754 gLECTIONES.

83 2789 102 2828 ’ξ
108 2789 199 2828 πεῖραν
211 2789 258 2828 Λα.

54 2819 192 2859 "adﬁnia;
205 2825 240 2854 0.
281 2825 308 2846 ὀ
316 2819 473 2859 Μαροιῦνου
481 2821 554 2858 Epit.
562 2831 586 2851 c.
602 2823 694 2859 59.7"
710 2819 813 2859 δέόιῃε
827 2822 837 2859 _(

900 2822 922 2840 ³²
935 2823 998 2859 πρὶν
1011 2823 1028 2858 ἦ
1041 2819 1074 2850 C.
1111 2822 1134 2859 ξ’
1147 2821 1287 2859 Fort._l_eg.
1303 2819 1464 2859 ngvrmsz.

148 2831 192 2859 ιὰς
205 2831 240 2854 υ.
282 2831 308 2846 ’ν
316 2831 366 2851 ma
425 2831 471 2850 νου
481 2831 586 2858 raptae.
602 2831 648 2852 bu.
672 2831 694 2840 ’ν
710 2831 740 2850 οε
758 2831 813 2850 om.
827 2831 860 2851 U.
900 2831 922 2840 υ
935 2831 955 2850 π

128 2836 170 2880 μ’*
185 2861 283 2891 Malim
298 2861 335 2895 τῇ
347 2831 425 2894 egit;
437 2858 636 2895 φιλανθρωπίᾳ.
649 2858 678 2887 S.
695 2859 717 2876 ³⁸
728 2857 855 2887 εἰσελθών
867 2857 899 2888 C.
946 2831 972 2875 ’ξ

50 2862 112 2891 m0.
128 2860 170 2880 ⁷³⁸
185 2861 283 2891 Malim
298 2861 335 2896 τῇ
347 2860 363 2885 ό

314 2788 339 2805 ³⁸
351 2787 431 2816 Alius
459 2787 582 2822 praeferet
605 2787 755 2822 συνετίσας,
784 2795 835 2816 nec

889 2787 994 2815 lmerito
1010 2787 1030 2815 C
1051 2795 1060 2821 ;
1090 2786 1248 2822 συνεσθίσας
1259 2785 1292 2814 0.
1369 2768 1556 2822 Βίίὸλρνιίξηὶς.
1571 2790 1596 2822 c_.
1609 2782 1655 2810 58.

1502 2819 1525 2835 ³³
1537 2818 1657 2853 ξενίσω-

980 2853 1168 2894 ἀγρηγορὸτας
1182 2856 1214 2886 0.
1227 2853 1296 2885 Tum
1308 2856 1337 2890 ἓξ
1351 2855 1397 2883 καὶ
1408 2854 1474 2883 δέκα
1485 2853 1517 2884 C.
