1942 3100
273 143 328 171 2‘27

274 208 348 237 sunt,
366 203 500 230 enarrabo
521 212 527 229 :
548 210 596 230 vos
618 206 709 230 autem
731 202 799 230 mihi
822 210 883 238 qua
903 202 948 229 hic
974 210 988 229 a
1007 202 1051 229 Si-
1065 205 1090 233 Α

274 257 356 277 mone
372 253 526 284 perpetrata
550 253 625 281 sunt,
639 249 796 283 diligentius
823 249 958 283 exponite.
984 248 1052 276 Cum

275 295 357 330 igitur
371 301 420 320 nos
440 298 536 320 mutuo
552 293 716 328 specialibus
732 293 934 320 narrationibus
954 293 1054 321 donas-

274 348 377 373 semus,
397 340 536 374 ingressus
548 343 590 366 est
605 339 715 374 quidam
739 347 754 366 e
769 338 958 372 familiaribus,
980 339 1053 366 hunc

274 386 401 413 nuntium
415 385 494 412 Petro
519 384 650 411 afferens:
665 383 769 418 Simon,
792 384 838 411 ubi
860 384 953 412 didicit
968 389 993 412 le
1006 385 1054 412 ad-

274 431 391 464 venisse,
403 438 498 458 versus
511 429 617 465 Syriam
632 430 770 464 profectus
785 433 836 461 est,
851 430 937 457 turba),
951 435 1051 462 autem,

273 485 334 513 qua:
344 485 426 504 unam
440 477 510 504 hanc
521 481 627 504 noctem
640 475 713 502 velut
735 483 856 502 annuum
872 480 978 510 tempus
994 475 1053 510 opi-

273 530 384 556 nantur,
400 531 450 550 nec
463 527 579 557 possunt
592 522 773 557 praestitutum
794 529 809 548 a
827 526 853 548 te
867 521 937 549 diem
957 529 1054 556 exspe-

272 573 357 600 clare,
376 576 425 603 pro
445 567 550 595 foribus
570 571 657 600 stant,
674 571 701 594 et
713 574 760 602 per
775 571 862 594 coetus
884 574 915 594 ac
935 567 1052 595 circulos

271 614 306 641 de
317 614 435 642 Simonis
449 613 592 641 calumniis
611 613 681 640 inter
699 620 728 639 se
743 612 858 639 invicem
882 613 1047 647 colloquun-

272 665 327 691 tur,
339 660 456 694 quicum
465 667 513 687 eas
524 659 551 685 in
562 666 635 693 spem
648 658 813 691 adduxisset,
825 662 906 693 atque
916 659 1052 693 pollicitus

271 711 344 734 esset
353 706 425 740 quod
441 711 466 733 te
479 705 572 733 multis
585 705 619 732 de
632 704 792 732 criminibus
807 710 967 738 praesentem
981 710 1053 732 esset

271 753 456 784 convicturus,
480 751 588 786 cognito
611 750 726 777 adventu
751 754 799 777 tuo
821 757 851 777 se
870 755 952 778 noctu
967 751 994 778 in
1009 750 1053 778 fu-

272 804 332 832 gam
345 795 508 830 conjecerit:
523 794 570 822 sed
585 798 612 822 et
625 799 651 821 te
665 793 758 821 audire
772 793 943 828 desiderant;
959 795 1052 823 nescio

271 842 344 869 enim
363 841 435 868 unde
452 847 547 867 rumor
566 839 676 872 incidit,
690 839 769 874 quasi
788 839 868 867 hodie
887 840 926 868 sis
940 841 974 868 ad
991 841 1051 869 illos

271 887 423 914 locuturus.
432 885 469 912 Ne
478 886 560 921 igitur
566 886 679 912 multum
697 885 803 920 fatigati
811 890 908 921 preter
916 887 1049 915 rationem

271 932 453 965 dimittantur,
474 931 540 966 quid
563 930 612 958 tibi
634 929 790 959 faciendum
812 930 858 965 sit,
878 931 937 966 ipse
950 939 1051 968 cogno-

271 978 337 1006 scis.

304 1023 351 1051 ιν.
368 1023 401 1051 Ει
411 1023 519 1056 Petrus,
534 1022 684 1050 admiratus
698 1022 772 1058 vulgi
791 1024 924 1059 studium,
939 1032 1051 1060 respon-

270 1068 469 1102 dit:Videtis,
494 1068 609 1102 fratres,
641 1075 696 1103 quo
724 1075 804 1103 pacto
826 1069 934 1097 Domini
964 1070 1051 1098 nostri

270 1115 354 1142 verba
386 1114 531 1142 manifesto
564 1114 737 1149 impleantur.
765 1113 875 1142 Memini
895 1115 968 1143 enim
988 1123 1051 1142 eum

270 1160 360 1188 dicere
379 1169 386 1186 :
409 1159 489 1186 Multi
513 1160 614 1187 uenient
643 1159 675 1186 ab
703 1159 802 1186 oriente
830 1164 854 1187 et
878 1161 1019 1194 occidente,
1035 1168 1052 1188 a

271 1206 445 1240 septentrione
468 1210 493 1233 et
522 1204 644 1237 meridie,
677 1209 703 1231 et
724 1205 871 1232 recumbent
899 1207 927 1233 in
950 1206 1052 1234 sinibus

1067 872 1088 899 Β

270 1253 394 1285 Abrahae,
413 1251 503 1280 Isaaci
517 1257 542 1279 et
555 1251 648 1278 Jacobi
661 1258 686 1279 ι.
711 1251 764 1279 Sed
779 1256 806 1279 et
833 1251 924 1286 Μιιίιί,
952 1253 1050 1289 inquit,

269 1299 365 1332 uocati,
391 1299 468 1334 pauci
495 1306 553 1325 vero
568 1298 643 1325 electi
659 1297 684 1325 δ.
703 1296 779 1331 Quod
797 1305 862 1334 ergo
878 1298 929 1334 ipsi
943 1299 1053 1327 veniant

272 1345 373 1378 vocati,
395 1345 421 1372 id
442 1344 617 1379 adimpletum
637 1349 688 1372 est.
712 1343 781 1378 Quia
798 1352 862 1372 vero
876 1345 928 1372 hoc
942 1353 995 1372 non
1010 1350 1052 1374 est

269 1397 366 1417 eorum
390 1389 543 1424 proprium,
568 1389 615 1416 sed
630 1393 673 1416 est
688 1389 734 1416 Dei
752 1389 799 1425 qui
822 1397 870 1418 eos
891 1391 998 1418 vocavit
1019 1399 1052 1420 ac

269 1435 335 1462 fecit
347 1435 480 1467 venire,in
491 1441 526 1462 oo
538 1435 596 1462 solo
610 1435 761 1463 mercedem
772 1443 825 1463 non
836 1441 1050 1472 consequuntur,

269 1480 399 1515 quoniam
426 1480 548 1515 ipsorum
570 1479 710 1515 proprium
730 1487 784 1507 non
798 1485 848 1514 est,
869 1481 916 1509 sed
931 1481 991 1516 ejus
1003 1481 1051 1517 qui

269 1526 413 1561 permovit.
443 1525 521 1559 Quod
551 1525 575 1553 si
600 1529 663 1560 post
686 1526 855 1554 vocationem
876 1527 949 1554 bona
969 1535 1086 1568 operae

270 1570 392 1603 faciant,
416 1570 489 1604 quod
509 1577 604 1597 eorum
624 1574 666 1597 est
687 1571 839 1605 proprium,
864 1575 930 1599 tunc
945 1579 995 1606 pro
1017 1579 1051 1599 eo

269 1616 402 1650 recipient
418 1615 580 1645 mercedem.

304 1661 337 1688 V.
363 1660 456 1696 Neque
469 1661 541 1688 enim
557 1661 671 1694 Hebraei,
685 1661 770 1697 Moysi
785 1661 933 1696 credentes,
949 1666 977 1690 et
989 1671 1051 1698 quae

272 1707 307 1734 ab
325 1715 358 1734 eo
370 1707 443 1735 dicta
462 1712 527 1735 sunt
550 1715 604 1734 non
622 1707 817 1741 custodientes,
831 1707 980 1740 salvantur,
997 1707 1050 1736 υἰέ

268 1760 329 1788 quae
349 1753 401 1780 sibi
420 1753 491 1780 dicta
512 1757 576 1780 sunt
587 1752 759 1790 _custodiant.
784 1751 852 1780 Nam
874 1753 946 1788 quod
962 1751 1049 1788 Moysi

267 1798 441 1832 crediderint,
461 1806 516 1825 non
538 1806 573 1825 ex
597 1798 706 1825 illorum
732 1802 823 1826 ortum
846 1803 888 1826 est
900 1798 1048 1831 voluntate,

266 1841 313 1870 sed
339 1849 373 1870 ex
398 1841 446 1870 Dei
471 1842 520 1878 qui
544 1841 632 1878 Moysi
661 1843 731 1870 dixit
757 1852 764 1871 :
793 1843 861 1872 Ecce
890 1853 937 1880 ego
963 1845 1059 1872 accedo

266 1888 301 1914 ad
319 1892 343 1915 te
358 1888 385 1914 in
399 1888 522 1915 columna
540 1888 633 1921 nubis,
656 1892 684 1915 ut
704 1889 799 1916 audiat
824 1890 935 1925 populus
951 1890 1057 1925 quando

265 1933 359 1968 loquor
384 1935 419 1961 ad
456 1938 502 1966 te,
532 1938 558 1961 et
589 1934 637 1961 tibi
669 1935 778 1962 credant
809 1936 838 1962 in
874 1940 1001 1963 retentum
1029 1941 1054 1963 ο.

269 1979 339 2007 Cum
361 1986 425 2014 ergo
443 1978 564 2006 Hebraeis
584 1983 611 2006 et
633 1978 677 2011 iis,
697 1978 745 2013 qui
762 1985 795 2006 ex
810 1979 935 2014 gentibus
960 1977 1048 2006 vocati

266 2030 341 2058 sunt,
356 2032 371 2052 a
383 2024 439 2052 Deo
456 2024 550 2051 datum
569 2024 605 2051 sit
618 2024 728 2051 credere
742 2024 865 2051 veritatis
879 2023 1046 2057 doctoribus,

266 2071 446 2105 relictumque
462 2070 498 2098 sit
517 2070 688 2105 singulorum
713 2069 822 2104 proprio
842 2068 956 2104 judicio,
974 2069 1047 2097 bona

230 2149 232 2152 ν
266 2124 349 2151 opera
375 2123 522 2148 exercere,
554 2122 658 2142 merces
684 2114 753 2142 bene
777 2114 951 2149 operantibus
974 2114 1047 2149 juste

266 2161 434 2196 rependitur.
455 2159 548 2194 Neque
568 2160 640 2187 enim
663 2159 756 2192 lllosis,
782 2166 869 2194 neque
881 2159 982 2186 Christi
999 2159 1046 2186 ad-

265 2211 349 2234 ventu
366 2213 435 2240 opus
456 2205 562 2237 fuisset,
578 2205 600 2232 si
620 2213 635 2231 a
652 2212 681 2232 se
697 2205 764 2239 ipsis
777 2204 850 2239 quod
865 2205 964 2232 rationi
981 2212 1046 2232 con-
1063 2205 1081 2232 D

267 2257 427 2280 sentancum
443 2255 486 2278 est
502 2250 652 2277 voluissent
672 2249 820 2285 intelligere
834 2257 840 2276 :
855 2250 902 2277 sed
918 2257 967 2277 nec
988 2257 1045 2277 ma-

267 2297 360 2332 gistris
372 2296 507 2324 credendo
520 2303 621 2331 eosque
639 2295 766 2324 dominos
779 2295 901 2323 vocando
913 2296 986 2323 salus
1001 2303 1046 2324 ac-

268 2341 396 2378 quiritur.

304 2386 349 2413 Vl.
371 2385 404 2413 Et
428 2385 488 2414 ideo
516 2386 550 2413 ab
571 2385 690 2413 Hebreis
714 2385 823 2421 quidem
850 2384 896 2420 qui
924 2385 1043 2420 Moysem

299 2454 314 2470 ι
330 2448 424 2478 Matth.
439 2458 499 2484 vui,
514 2450 565 2485 il;
581 2450 650 2480 Luc.
662 2460 723 2486 xm,
740 2452 784 2480 29.
823 2450 838 2472 δ
851 2451 946 2479 Matth.
964 2458 1010 2482 xx,
1025 2450 1068 2479 16.

692 144 720 171 ὃ.
740 142 932 171 CLEMENTIS
949 143 960 170 l
978 143 1061 171 ROM.
1081 143 1180 172 PONT.
1200 143 1314 172 OPERA
1332 145 1444 175 DUBIA.

1844 146 1905 177 29.8

1103 203 1157 230 ἀπὸ
1180 203 1268 239 Τύρου
1285 205 1307 220 ³⁷
1319 204 1407 237 ἔξοδον
1422 205 1591 241 γεγενημένα
1613 207 1796 243 διηγήσομαι,
1815 207 1906 242 ὗμεῖς

1103 248 1131 275 δὲ
1143 249 1166 264 ⁵⁵
1179 249 1239 284 ἐμοὶ
1258 249 1293 276 τὰ
1309 250 1425 277 ἐνταῦθα
1439 251 1490 277 ὑπὸ
1504 251 1550 277 τοῦ
1567 252 1687 286 Σίμωνος
1703 253 1906 288 πεπραγμένα.

1104 295 1150 320 καὶ
1170 294 1361 330 ἀκριϐέστερον
1376 295 1586 331 ὲξηγήσασθε³⁹.
1607 297 1818 332 Ἀμειψαμένων
1850 295 1907 323 οὖν

1103 339 1232 376 ἀλλήλους
1257 341 1316 372 ταῖς
1332 341 1361 366 ὲν
1383 341 1459 376 μέρει
1474 341 1647 377 διηγήσεσιν,
1664 343 1750 377 εἰσῄει
1771 351 1816 374 τις
1841 343 1908 369 τῶν

1104 385 1224 421 συνήθων
1247 386 1424 420 ἀπαγγέλλων
1446 386 1553 422 Πέτρῳ·
1578 387 1618 413 ὅτι
1641 388 1732 423 Σίμων
1750 388 1852 423 μαθών
1872 395 1908 415 σε

1103 430 1306 466 ἐπιδημήσαντα
1331 431 1380 465 τὴν
1409 430 1454 456 ἐπὶ
1479 430 1578 465 Συρίαν
1611 430 1739 467 ὥρμησεν
1763 432 1826 458 όδδν
1841 450 1851 463 ,
1877 432 1908 458 οἱ

1102 475 1131 502 δὲ
1157 475 1228 510 ὄχλοι
1250 476 1299 511 τὴν
1326 476 1389 511 μίαν
1411 475 1511 511 ταύτην
1532 475 1616 503 νύκτα
1630 477 1668 508 ὡς
1684 477 1810 504 ἐνιαυτοῦ
1827 477 1909 512 χρό-

1103 529 1147 548 νον
1169 522 1355 557 ἡγησάμενοι,
1381 523 1429 549 καὶ
1448 523 1596 557 ’ἀναμένειν
1618 523 1667 558 τὴν
1689 523 1814 549 δοθεῖσαν
1844 522 1909 549 ὑπὸ

1104 567 1152 594 σοῦ
1182 568 1349 603 προθεσμίαν
1380 569 1416 603 μὴ
1446 569 1607 604 δυνάμενοι,
1634 569 1687 603 πρὸ
1710 568 1765 595 τῶν
1784 568 1909 604 εθυρῶν

1103 613 1259 647 ἑστήκασιν,
1277 612 1348 639 κατὰ
1371 613 1508 646 συντάξεις
1524 612 1546 628 ⁸ο
1567 613 1614 639 καὶ
1640 612 1785 646 συλλόγους
1804 611 1908 646 ἀλλή-

1102 657 1158 688 λοις
1182 658 1244 693 περὶ
1264 658 1313 693 τῆς
1338 657 1384 684 τοῦ
1406 658 1526 693 Σίμωνος
1543 658 1667 693 διαϐολῆς
1685 657 1907 688 διαλαλοῦντες,

1103 703 1143 729 ὃτι
1160 703 1327 739 μετεωρίσας
1347 704 1459 735 αὐτοὺς,
1484 703 1530 730 καὶ
1548 704 1594 730 ἐπὶ
1610 695 1714 735 πολλοῖς
1735 704 1838 735 κακοῖς
1872 711 1907 729 σε

1102 750 1220 784 ἐλέγξειν
1247 749 1357 776 ἐλθόντα
1373 749 1566 785 ὑποσχόμενος,
1587 750 1795 786 ἐπιδημήσαντα
1809 749 1907 783 γνοὺς

1102 796 1209 832 νύκτωρ
1237 795 1352 830 ἔφυγεν·
1381 796 1451 831 πλὴν
1472 796 1648 831 ἐπιθυμοῦσιν
1673 796 1749 823 αὐτοὶ
1772 795 1906 822 ἀκοῦσαί

1103 842 1226 868 σου.οὺκ
1241 839 1298 867 οἶδα
1315 841 1396 868 πόθεν
1412 842 1488 877 φήμη
1505 850 1545 873 τις
1562 841 1702 871 ἐπέπεσεν,
1721 841 1760 872 ὡς
1778 841 1905 876 μέλλον-

1100 887 1146 919 τός
1172 895 1217 914 σου
1243 888 1361 923 σήμερον
1384 887 1475 918 αὐτοῖς
1494 887 1673 921 διαλέγεσθαι.
1695 887 1754 913 Ἵνα
1778 884 1827 913 οὖν
1861 887 1905 922 μὴ

1101 933 1148 961 ἐπὶ
1170 933 1236 960 πολὺ
1258 933 1391 969 καμόντες
1415 933 1518 968 ἀλόγως
1540 932 1706 965 διαλύωνται,
1727 932 1754 959 τί
1779 933 1838 968 χρὴ
1871 940 1905 958 οε

1101 979 1198 1010 ποιεῖν,
1211 977 1292 1008 αὐτὸς
1305 976 1458 1012 γινώσκεις.

1136 1022 1182 1050 ιν.
1199 1023 1254 1050 Καὶ
1268 1024 1283 1049 ό
1293 1022 1405 1059 Πέτρος,
1415 1022 1556 1057 θαυμάσας
1571 1022 1625 1049 τῶν
1640 1022 1725 1057 δχλων
1740 1020 1790 1057 τὴν
1807 1029 1906 1047 σπου-

1101 1069 1159 1106 δὴν,
1177 1069 1351 1106 ἀπεκρίνατο·
1361 1069 1467 1104 Ὁρᾶτε,
1484 1067 1601 1103 ἀδελφοὶ,
1616 1067 1674 1100 πῶς
1684 1067 1709 1094 οι
1719 1067 1766 1094 τοῦ
1782 1066 1904 1103 Κυρίου

1100 1115 1180 1151 ήμῶν
1210 1115 1282 1150 λόγοι
1310 1114 1438 1150 ἐμφανῶς
1468 1113 1616 1140 τελοῦνται.
1646 1113 1799 1148 Μέμνημαι
1837 1112 1904 1148 γὰρ

1101 1161 1184 1188 αὐτοῦ
1197 1160 1316 1192 εἰπόντος
1327 1168 1334 1175 ·
1345 1159 1459 1187 Πολλοὶ
1472 1159 1645 1186 ἐλεύσονται
1660 1158 1718 1186 ἀπὸ
1729 1157 1905 1187 ἀνατολῶν

1101 1207 1150 1235 καὶ
1165 1206 1298 1241 δυσμῶν,
1311 1205 1420 1240 ἄρκτου
1433 1213 1465 1232 τε
1480 1204 1529 1232 καὶ
1539 1205 1732 1240 μεσημϐρίας,
1749 1203 1801 1230 καὶ
1816 1203 1906 1230 ἁνα-

1101 1252 1294 1286 κλιοήσονται
1303 1253 1347 1285 εις
1356 1251 1489 1284 κόλπους
1504 1250 1629 1284 Ἀϐραὰμ
1638 1249 1686 1276 καὶ
1696 1248 1776 1284 184
1783 1248 1904 1275 Ἰσαὰκ

1101 1298 1151 1326 καὶ
1172 1297 1282 1326 Ἰακώϐ.
1310 1295 1391 1323 Ἀλλά
1421 1297 1468 1323 καὶ
1494 1295 1619 1327 πολλοὶ,
1639 1295 1739 1331 φησιν,
1768 1294 1901 1328 κλητοὶ,

1101 1343 1196 1378 ὀλίγοι
1211 1342 1244 1370 δὲ
1260 1341 1405 1369 ἐκλεκτοί.
1422 1341 1459 1368 Τὸ
1476 1341 1528 1376 μὴν
1544 1338 1590 1368 οὖν
1607 1340 1692 1367 ὲλθείν
1707 1340 1807 1372 αὐτοῦς
1822 1340 1903 1376 κλη-

1101 1388 1196 1420 θέντας
1223 1387 1410 1423 πεπλήρωται.
1444 1387 1520 1414 Ἑπεὶ
1546 1386 1575 1413 δὲ
1596 1386 1619 1402 ⁵⁸
1646 1386 1695 1412 οὐκ
1721 1385 1812 1412 αὐτῶν
1829 1386 1900 1411 ἐστι

1101 1434 1179 1461 τοῦτο
1202 1434 1277 1466 ἴδιον,
1303 1433 1370 1460 ἀλλὰ
1391 1433 1437 1460 τοῦ
1454 1431 1616 1464 καλέσαντος
1639 1432 1737 1463 αὐτοὺς
1750 1431 1820 1458 Θεοῦ
1845 1432 1901 1458 καὶ

1101 1480 1186 1507 ὲλθείν
1213 1480 1408 1516 πεποιηκότος,
1437 1479 1485 1506 ἐπὶ
1509 1479 1595 1514 τούτῳ
1621 1479 1693 1515 μόνῳ
1717 1477 1813 1514 μισθὸν
1840 1478 1900 1504 οὐκ

1102 1527 1219 1563 ἔχουσιν,
1230 1526 1270 1554 ὃτι
1283 1527 1319 1563 μὴ
1336 1526 1424 1553 αὐτῶν
1441 1526 1515 1557 ῐδιον,
1529 1524 1597 1552 ἀλλὰ
1614 1525 1659 1551 τοῦ
1676 1525 1900 1561 ὲνεργήσαντοςι

1106 1573 1169 1600 Ἐὰν
1186 1573 1215 1600 δὲ
1236 1571 1304 1608 μετά
1326 1571 1356 1598 τὸ
1373 1572 1395 1587 δ’
1411 1571 1541 1606 κληθῆναι
1557 1569 1627 1597 καλὰ
1644 1569 1794 1605 πράξωσιν,
1819 1570 1900 1606 ὅπερ

1100 1617 1175 1646 ἐστὶν
1190 1617 1279 1643 αὐτῶν
1294 1616 1370 1648 ῐδιον,
1382 1615 1443 1642 τότε
1461 1615 1507 1642 ἐπὶ
1522 1614 1608 1650 τούτῳ
1623 1614 1716 1650 μισθὸν
1731 1614 1855 1647 ἕξουσιν.

1136 1662 1170 1690 ν.
1198 1662 1265 1689 Οὐδὲ
1289 1662 1344 1698 γὰρ
1375 1661 1494 1697 Ἑϐραῖοι
1521 1661 1635 1688 Μωῡσετ
1654 1659 1676 1675 ⁸³
1698 1660 1896 1700 πιστεύοντες,

1100 1709 1148 1736 καὶ
1163 1710 1197 1735 τὰ.
1212 1708 1245 1735 δι’
1255 1707 1336 1735 αὐτοῦ
1354 1707 1468 1744 ρηθέντα
1484 1706 1521 1742 μὴ
1535 1705 1725 1741 φυλάσσοντες,
1741 1705 1898 1739 σώζονται,

1100 1755 1147 1782 ἐὰν
1161 1753 1244 1790 μὴτά
1260 1752 1376 1789 ρηθέντα
1393 1753 1483 1784 αὐτοῖς
1499 1751 1661 1790 φυλᾲξωσιν.
1680 1751 1740 1778 ’Ὁτι
1756 1751 1806 1778 καὶ
1819 1752 1856 1778 τὺ
1872 1753 1900 1769 ιδ

1099 1789 1210 1828 Μωυσεῖ
1234 1798 1376 1825 πιστεῦσαι
1400 1798 1498 1829 αὐτοὺς
1522 1789 1581 1833 obii.
1603 1797 1652 1833 τῆς
1671 1796 1760 1824 αὐτῶν
1786 1797 1898 1833 βουλῆς

1099 1845 1220 1880 γέγονεν,
1244 1843 1311 1871 ἀλλὰ
1334 1843 1380 1870 τοῦ
1401 1842 1468 1869 Θεοῦ
1489 1841 1536 1869 τοῦ
1558 1841 1698 1877 εἰρηκότος
1721 1841 1894 1867 Meliboei“-

1097 1887 1171 1916 Ἰδοὺ
1184 1886 1380 1922 παραγίνομαι
1389 1886 1447 1922 ἐγὼ
1457 1886 1531 1922 πρὸς
1540 1887 1577 1914 σὲ
1585 1887 1620 1914 ὲν
1630 1887 1733 1919 στύλῳ
1740 1884 1897 1920 νεφέ.ἐης,

1098 1932 1149 1960 ινα
1167 1932 1286 1967 ἀκούσῃ
1303 1933 1320 1960 ό
1333 1933 1407 1966 λαὸς
1424 1931 1592 1965 λαλοῦντός
1604 1941 1664 1967 μου
1682 1931 1754 1967 πρὸς
1770 1931 1820 1964 σὲ,
1841 1933 1901 1958 καί

1099 1984 1147 2004 σοι
1161 1977 1367 2005 πιστεύσωσιν
1377 1978 1420 2011 εις
1429 1978 1482 2005 τὸν
1491 1977 1593 2005 αἰῶνα.
1601 1978 1679 2005 Ἐπεὶ
1688 1976 1734 2004 οὖν
1748 1977 1899 2014 Ἑϐραίοις

1098 2031 1129 2050 τε
1148 2023 1195 2050 καὶ
1216 2024 1272 2055 τοῖς
1291 2023 1344 2050 ἀπὸ
1363 2023 1447 2050 ὲθνῶν
1467 2023 1645 2059 κεκλημένοις
1666 2022 1696 2050 τὸ
1716 2022 1901 2055 διδασκάλοις

1098 2068 1225 2104 ἀληθείας
1239 2068 1381 2096 πιστεῦσαι
1393 2069 1426 2096 ἐκ
1437 2068 1504 2096 Θεοῦ
1515 2069 1635 2103 γέγονεν,
1646 2067 1699 2095 τῶν
1710 2067 1803 2094 καλῶν
1817 2068 1901 2104 πρά-

1100 2113 1168 2148 ξεων
1183 2114 1235 2150 ῑδίᾳ
1253 2114 1342 2150 κρίσει
1362 2114 1469 2150 ἑκάστῳ
1489 2115 1575 2140 ποιεῖν
1598 2113 1843 2148 ἀπολελειμμένων
1855 2133 1864 2145 ,
1883 2114 1903 2140 ὸ

1101 2161 1196 2198 μισθὸς
1211 2161 1266 2192 τοῖς
1287 2157 1317 2187 εὖ
1334 2160 1484 2196 πράσσουσι
1502 2159 1615 2192 δικαίως
1636 2159 1804 2186 ἀποδίδοται.
1819 2160 1900 2188 Οὔτε

1100 2208 1154 2244 γὰρ
1175 2207 1208 2234 ἂν
1230 2207 1383 2239 Μωῦσέως,
1405 2206 1466 2233 οὔτε
1488 2206 1537 2242 τῆς
1556 2205 1603 2233 τοῦ
1628 2205 1714 2241 Ἰησοῦ
1733 2207 1903 2242 παρουσίας

1100 2254 1179 2290 χρεία
1193 2251 1237 2290 ἦν,
1257 2254 1335 2290 εἴπερ
1358 2253 1404 2288 ἀφ’
1424 2253 1525 2280 ἑαυτῶν
1542 2253 1572 2280 τὺ
1589 2251 1699 2287 εὔλογον
1720 2254 1792 2279 νοεῖν
1813 2253 1904 2280 ἐδού-

1100 2300 1188 2332 λοντο,
1207 2299 1268 2326 οὐδὲ
1284 2301 1313 2326 ὲν
1330 2298 1369 2335 τῷ
1383 2298 1519 2326 πιστεύειν
1532 2297 1702 2330 διδασκάλοις
1715 2297 1763 2324 καὶ
1778 2298 1903 2334 κυρίους

1101 2345 1200 2378 αὐτοὺς
1214 2345 1314 2380 λέγειν,
1328 2345 1345 2380 ἡ
1361 2344 1482 2380 σωτηρία
1497 2343 1612 2378 γίνεται.

1137 2390 1182 2418 Ἦ.
1194 2390 1296 2417 Τούτου
1312 2389 1365 2426 γὰρ
1383 2389 1436 2426 (15)
1450 2389 1541 2416 ἕνεκεν
1553 2388 1607 2415 ἀπὸ
1625 2388 1674 2425 μὲν
1690 2387 1832 2424 Ἐϐραίων
1850 2389 1904 2417 τὸν

1107 2456 1118 2471 ο
1135 2449 1221 2478 Exod.
1234 2458 1293 2486 ιιι,
1307 2449 1335 2479 9.

891 2547 1006 2575 VARLE
1033 2546 1233 2577 LECTIONES.

307 2612 330 2650 ξ’
342 2613 395 2640 ἀπὸ
410 2614 457 2650 τοῦ
479 2613 566 2650 Τύρου
582 2613 614 2642 C.

268 2649 291 2684 ³ξ
304 2648 468 2684 διηγήσασθε
478 2649 510 2676 0.
557 2649 580 2665 “
597 2649 738 2684 συστάσεις

672 2613 695 2630 ³⁸
709 2622 738 2640 τε
752 2612 774 2641 0
789 2633 797 2646 ,
823 2612 870 2648 qui
894 2613 1008 2640 subinde
1042 2615 1084 2650 ἐμ(

672 2649 738 2680 ἱσεις
750 2648 781 2675 C.
822 2648 929 2683 fhsi-.3).
950 2648 978 2674 δέ
995 2649 1024 2681 S,
1039 2648 1060 2676 0
1076 2670 1084 2683 ,

267 2682 290 2702 “
302 2681 418 2719 nassae
430 2682 452 2711 Ο
466 2704 474 2717 ,
489 2689 516 2711 ιιι
525 2683 599 2719 Epit.
615 2691 640 2711 c.
652 2683 696 2715 62,
709 2681 835 2719 parato?)
849 2682 869 2710 C
894 2682 1019 2719 inAtertu.
1036 2681 1081 2719 Ad:
1090 2692 1165 2712 oram

268 2715 340 2751 quod
353 2719 387 2746 ad
403 2715 595 2755 subsequentia
610 2715 733 2753 .specta't.
769 2717 792 2733 "
802 2717 906 2753 Μωῡσῇ
919 2715 951 2744 0.
989 2717 1011 2734 “
1021 2718 1051 2745 τό
1063 2718 1096 2754 0,

823 2612 876 2652 qui
894 2613 1012 2652 subinde
1042 2615 1104 2652 gnat
1123 2615 1166 2652 τάς
1178 2623 1202 2642 c.
1228 2615 1304 2652 Syri
1328 2616 1431 2652 ὲμοίϐ.
1445 2616 1601 2646 Proximum
1619 2617 1665 2646 καί
1679 2625 1732 2645 non
1745 2623 1789 2646 est
1806 2619 1834 2646 in
1848 2620 1884 2648 Ο.

1097 2651 1233 2713 ὲπειδίὸυ.
1246 2651 1315 2691 Tum
1326 2652 1442 2693 ruinae.
1455 2652 1477 2680 0
1492 2674 1500 2685 ,
1525 2658 1555 2680 ιιι
1572 2653 1699 2688 proponit
1723 2653 1744 2681 S
1758 2673 1766 2686 ,
1789 2655 1822 2680 τό
1848 2657 1884 2684 C.

1097 2692 1165 2712 )ram
1204 2686 1352 2725 ttqbgnani
1368 2687 1458 2725 :Avoga,
1472 2689 1588 2725 etipaulo
1598 2693 1661 2725 post
1678 2697 1685 2716 :
1700 2689 1885 2725 νοθευόμενα,

1108 2726 1137 2747 ut
1153 2721 1254 2748 mavult
1267 2720 1286 2748 S
1300 2742 1307 2754 ,
1319 2721 1357 2757 τῷ
1370 2721 1400 2750 C.
1414 2721 1483 2750 Tum
1497 2720 1645 2760 ΜωῦσῇὉ.
1656 2726 1706 2763 ﬁ“
1719 2720 1829 2763 Μωῡᾶᾗ
1843 2720 1880 2754 οξ

913 2795 1090 2825 νΑΡιιοιιυΜ
1103 2795 1218 2825 NOTAE.

304 2852 359 2888 (ιὸ)
378 2853 486 2881 Τούτου
501 2854 557 2888 τὰρ
572 2862 598 2881 κ.
613 2861 638 2880 τ.
652 2852 676 2880 λ.
695 2853 763 2883 Vide
780 2861 814 2883 ne
833 2854 959 2891 nugatori
975 2853 1101 2885 Ebionaco
1111 2853 1190 2883 fidem
1206 2854 1316 2884 habeas.
1331 2856 1399 2887 Cor.
