1942 3100
66 136 106 166 Ὧὲλ

558 141 786 170 CLEMENTINA.
807 155 842 162 —
853 141 995 170 HOMILIA
1012 141 1082 170 V‘Ill.

1626 146 1681 176 930

71 197 170 234 Μωῦσῆν
182 197 205 214 ’⁴⁸
219 198 396 228 διδάσκαλον
416 200 493 236 185
509 201 656 236 εἰληφότων
681 200 845 228 καλύπτεται

905 205 1092 236 )rmceptorem
1104 205 1278 236 acceperunt,
1294 201 1468 230 absconditur
1483 202 1563 231 Iesus
1576 211 1583 229 :
1597 204 1632 232 ab
1646 204 1682 233 iis

79 244 191 281 δἸησοῦς,
204 243 258 271 ἀπὸ
270 244 293 260 “
307 244 339 271 δὲ
355 245 397 281 τῷ
411 245 497 281 Ἰησοῦ
512 245 729 272 πεπιστευκότων
743 247 757 272 ὁ
768 246 850 272 Μωῦ-

78 292 118 326 σῆς
135 290 350 326 ἀποκρύπτεται.
376 291 451 323 Μιᾶς
472 291 525 327 γὰρ
540 291 574 318 δι’
597 291 757 327 ἀμφοτέρων
777 291 848 317 διδα-

76 337 174 368 σκαλίας
204 337 288 372 οὔσης
317 336 366 363 τὸν
396 337 496 364 τούτων
524 337 576 364 τινὶ
599 337 622 353 ⁵⁸
651 336 850 364 πεπιστευκότα

71 382 157 413 ὸΘεὸς
177 382 351 417 ἀποδέχεται.
382 382 462 408 Ἀλλὰ
485 383 516 409 τὸ
542 383 677 409 πιστεύειν
700 382 850 417 διδασκάλῳ
864 395 871 402 ο

69 428 142 453 ἕνεκα
158 427 204 454 τοῦ
221 429 310 454 ποιεῖν
329 428 363 454 τὰ
379 428 432 454 ὑπὸ
446 428 491 454 τοῦ
507 428 529 444 δ’
544 428 611 455 θεοῦ
628 428 760 463 λεγόμενα
777 428 849 462 γίνε-

65 481 115 499 ται.
136 474 197 499 Ὀτι
213 473 241 499 δὲ
256 473 329 499 τοῦθ’
346 473 432 504 οὕτως
452 473 518 509 ἔχει,
534 474 614 505 αὐτὸς
629 475 644 500 ὁ
657 474 758 509 Κύριος
772 474 850 509 ἡμῶν

62 518 143 552 λέγει·
159 518 414 553 Ἐξομολογοῦμαί
429 519 451 534 ”
467 527 526 550 σοι,
544 519 637 553 Πάτερ
653 519 705 546 τοῦ
720 519 850 552 οἱφανοῦ

62 564 107 590 καὶ
123 563 182 597 τῆς
198 563 269 598 τῆς,
286 564 332 590 ὅτι
349 563 525 598 ἀπέκρυψας
538 564 632 591 ταῦτα
646 564 704 592 ἀπὸ
717 564 819 599 σοφῶν
827 565 849 580 ³¹

59 610 105 636 καὶ
122 610 349 644 πρεσϐυτέρων,
363 612 412 639 καὶ
427 610 624 645 ἀπεκάλυψας
643 610 718 637 αὐτὰ
730 611 850 644 νηπίοις

57 654 255 687 θηλάῶυσιν.
264 655 355 688 οὕτως
360 656 440 688 αὐτὸς
448 656 531 687 ὁΘεὸς
537 657 592 687 τοῖς
601 655 650 690 μὲν
668 654 769 690 ἔκρυψε
776 655 849 682 διδά-

56 699 170 731 σκαλον,
197 700 237 731 ὡς
261 701 460 736 προεγνωκόσιν
482 700 500 727 ἃ
518 701 559 726 δεῖ
581 700 720 735 πράττειν,
743 701 799 732 τοῖς
822 700 851 726 δὲ

52 745 248 779 ﬁrmanti/sv,
263 747 300 777 ὡς
314 746 453 780 ἀγνοοῦσιν
466 745 483 772 ἃ
494 746 546 781 χρὴ
561 747 657 772 ποιεῖν.

87 789 151 817 Vll.
169 790 243 817 Οὔτε
260 790 306 817 οὖν
328 791 446 827 Ἑϐραῖοι
459 792 522 827 περὶ
537 791 647 825 ἀγνοίας
668 791 754 827 Ἰησοῦ
771 800 852 818 κατα-

47 835 230 867 δικάζονται,
247 836 291 863 διὰ
303 837 348 863 τὸν
366 837 515 873 κρύψαντα,
526 837 621 871 ἐάνιγε
638 835 802 873 πράττοντες
817 837 851 864 τὰ

44 882 92 909 διὰ
111 884 264 916 Μωῡσέως
274 884 306 916 ⁸¹,
323 884 352 910 ὃν
365 884 499 919 ἠγνόησαν
517 884 553 919 μὴ
572 885 730 919 μισήσωσιν·
749 883 804 910 οὔτ’
816 883 850 911 αὖ

43 929 69 954 el
108 929 201 955 ἀπ’¹³
220 929 305 956 ὲθνῶν
332 930 512 965 ἀγνοήσαντες
531 930 578 956 τὸν
593 930 712 965 Μωῡσῆν
736 929 780 956 διὰ
806 931 851 957 τὸν

42 975 221 1009 καλύψαντα
238 975 470 1007 καταδικάζονται,
483 976 530 1002 ὲάν
544 984 597 1011 περ
614 976 661 1002 καὶ
675 973 747 1003 οὗτοι
764 977 852 1013 πράσ-

42 1029 152 1052 σοντες
178 1021 216 1047 ea
237 1021 282 1048 διὰ
301 1021 349 1048 τοῦ
370 1022 456 1057 Ἰησοῦ
473 1021 588 1058 ρηθέντα
605 1023 642 1058 μὴ
656 1024 806 1058 μισήσωσιν
822 1023 852 1050 ὃν

41 1066 210 1101 ἠγνόησαν.
227 1067 282 1094 Καὶ
298 1068 348 1094 οὐκ
364 1068 393 1094 ὲν
407 1067 446 1103 τῷ
468 1068 532 1099 τοὺς
551 1067 725 1100 διδασκάλους
741 1069 852 1104 κυρίους

43 1111 162 1143 καλεῖν,
181 1112 219 1138 τὰ
240 1112 271 1138 δὲ
288 1112 391 1139 δούλων
410 1113 447 1148 μὴ
468 1113 564 1144 ποιεῖν,
581 1112 746 1147 ὠφελοῦνται
769 1122 850 1145 τινες.

44 1156 161 1182 Τούτου
185 1157 243 1192 γὰρ
272 1157 364 1184 ἕνεκεν
378 1158 392 1184 ὁ
414 1157 515 1193 Ἰησοῦς
531 1158 609 1194 ἡμῶν
630 1158 698 1194 πρός
721 1168 782 1185 τινα
799 1168 852 1186 πυ-

47 1201 193 1238 κνότερον
218 1202 320 1238 Κύριον
336 1203 415 1230 αὑτὸν
440 1204 562 1238 λέγοντα,
582 1204 662 1239 μηδὲν
678 1204 706 1231 δὲ
725 1205 853 1232 ποιοῦντα

47 1245 89 1275 ὧν
108 1249 199 1281 αὐτὸς
216 1250 379 1285 προσέταξεν
388 1250 421 1283 ⁵⁵,
437 1251 488 1286 ἔφη
501 1259 507 1266 ·
527 1251 557 1278 Τί
573 1259 612 1286 με
625 1251 733 1286 λέγεις,
753 1253 852 1285 Κύριε,

49 1295 158 1328 Κύριε,
184 1295 236 1321 καὶ
263 1296 298 1322 οὐ
324 1296 418 1329 ποιεῖς
440 1295 459 1322 ἀ
479 1297 573 1331 lerat;
589 1296 626 1322 Οὐ
647 1296 702 1332 γὰρ
718 1297 853 1333 ὠφελήσει

48 1340 117 1366 τινὰ
148 1339 183 1366 τὺ
207 1339 308 1374 λέγειν,
321 1341 389 1368 ἀλλὰ
413 1341 444 1367 τὺ
462 1342 558 1368 ποιεῖν.
582 1341 629 1367 Ἐκ
652 1341 751 1373 παντὸς
774 1342 854 1378 186

50 1383 102 1412 οὖν
121 1378 231 1421 τρῶυ
248 1385 338 1412 καλῶν
354 1386 441 1422 ἔργων
456 1387 544 1422 χρεία.
561 1386 634 1422 Πλὴν
650 1387 676 1413 εῑ
689 1395 731 1419 τις
739 1387 761 1403 ⁵⁵
774 1396 854 1415 κατα-

52 1430 173 1467 ξιωθείη
197 1431 261 1463 τοὺς
284 1432 454 1467 ἀμφοτέρους
469 1432 616 1466 ἐπιγνῶναι
639 1432 677 1464 ὡς
703 1434 767 1468 μιᾶς
782 1432 854 1460 διδα-

56 1476 178 1508 σκαλίας
209 1477 256 1504 ὑπ’
275 1477 365 1504 αὐτῶν
393 1478 613 1514 κεκηρυγμένης,
634 1474 714 1510 οὗτος
737 1479 806 1515 ἀνὴρ
824 1479 853 1506 ὲν

56 1522 120 1558 Θεῷ
150 1522 280 1554 πλούσιος
309 1523 520 1559 κατηρίθμηται,
536 1523 571 1550 τά
586 1532 616 1550 τε
630 1524 732 1560 ἀρχαῖα
752 1524 799 1552 νέα
814 1524 853 1561 τῷ
866 1538 888 1569 C

55 1568 159 1604 χρόνῳ,
177 1569 226 1595 καὶ
241 1568 276 1595 τὰ
291 1568 371 1596 καινὰ
385 1570 487 1597 παλαιὰ
502 1570 565 1597 ὅντα
583 1570 726 1606 νενοηκὼς.

92 1646 162 1673 VIII.
183 1646 276 1674 Ταῦτα
292 1647 338 1674 τοῦ
356 1647 457 1684 Πέτρου
475 1648 607 1682 λέγοντος,
617 1648 641 1676 οἱ
657 1649 740 1684 ὄχλοι,
758 1649 852 1686 ὥσπερ

60 1692 112 1718 ὕπὸ
142 1701 218 1723 τινος
245 1691 399 1728 κληθέντες,
416 1694 541 1729 εἰσῄεσαν
565 1694 629 1721 ἔνθα
651 1695 666 1722 ὁ
689 1695 791 1730 Πέτρος
808 1693 851 1732 ἦν.

66 1738 94 1764 '0
115 1738 144 1764 δὲ
166 1738 214 1764 τδν
234 1738 316 1765 πολὺν
332 1738 409 1774 ὄχλον
423 1738 498 1781 ⁸ἰδὼν
515 1739 609 1776 ὥσπερ
634 1740 755 1775 ποταμοῦ
786 1740 853 1775 ἥσυ-

60 1792 106 1818 χον
133 1784 226 1819 ῥεῦμα
253 1784 347 1819 πράως
371 1784 548 1820 προσρέοντα,
571 1785 623 1820 ἔφη
651 1785 690 1820 τῷ
715 1786 851 1822 Μαροόνῃ·

62 1829 116 1855 Ποῦ
139 1837 183 1855 σοι
205 1829 288 1861 τόπος
319 1829 435 1856 ἐνταῦθα
453 1829 551 1865 μᾶλλον
567 1831 631 1862 τοὺς
646 1830 741 1866 δχλους
757 1832 854 1867 χωρεῖν

62 1874 226 1910 δυνάμενος
243 1874 290 1901 τοῦ
307 1875 365 1901 δὲκ
384 1875 524 1910 Μαροόνου
557 1876 597 1908 εἰς
617 1876 699 1903 τόπον
722 1876 854 1912 ὕπαιθρον

63 1920 270 1956 κεκηπευμὲνον
295 1921 461 1956 προάγοντος
485 1921 582 1954 αὐτὸν,
599 1921 708 1948 εἵποντο
725 1922 748 1949 ol
771 1922 852 1957 δχλοι.

71 1965 99 1992 ’0
121 1966 149 1992 δὲ
173 1966 278 2001 Πέτρος
299 1966 345 1992 ὲπί
360 1974 432 1997 τινος
450 1966 553 2001 βάσεως
568 1966 723 2002 ἀνδριάντος
738 1967 767 1993 οὺ
784 1968 854 1994 πάνυ

66 2011 168 2046 ὑψηλῆς
176 2012 210 2043 ⁵⁷,
225 2011 349 2043 ἐπιστὰς,
367 2012 425 2047 ἅμα
443 2011 481 2047 τῷ
504 2012 550 2039 τὸν
566 2012 643 2048 δχλον
658 2012 780 2040 θεοσεϐεῖ
797 2014 853 2040 ἔοει

68 2056 293 2092 προσαγορεῦσαι,
315 2056 392 2088 εἰδὼς
414 2057 526 2090 πολλοὺς
551 2059 583 2085 ὲκ
603 2058 656 2085 τῶν
674 2059 855 2094 παρεστώτων

68 2101 150 2136 εχλων
173 2102 227 2129 ὑπὸ
250 2102 384 2137 δαιμόνων
400 2111 430 2129 τε
446 2103 492 2130 καὶ
510 2103 615 2131 πολλῶν
635 2102 728 2131 παθῶν
744 2104 776 2131 ὲκ
792 2104 856 2131 πολ-

68 2147 119 2174 λῶν
141 2147 246 2182 χρόνων
270 2147 487 2184 ἐνοχλουμένους,
515 2148 663 2184 βρύχοντάς
688 2158 719 2176 τε
744 2151 801 2185 μετ’
820 2150 856 2176 οι-

898 253 964 273 vero
991 245 1039 281 qui
1062 246 1089 272 in
1105 244 1199 273 Jesum
1213 245 1397 280 crediderunt,
1413 246 1503 274 Moses
1516 249 1681 277 occultatur.

898 289 968 318 Cum
991 290 1064 318 enim
1083 298 1138 318 una
1157 290 1194 318 sit
1214 298 1263 326 per
1293 296 1442 327 utrumque
1464 292 1599 326 doctrina,
1619 302 1684 322 eum

899 336 946 372 qui
966 336 1089 364 alterutri
1113 337 1201 364 credit
1221 337 1319 372 recipit
1335 337 1417 365 Deus.
1442 337 1545 365 Verum
1563 339 1632 367 ﬁdes
1656 340 1684 368 in

900 382 1060 417 magistrum
1077 381 1137 409 ideo
1151 386 1203 414 est,
1227 387 1257 409 ut
1276 390 1337 418 qua
1353 391 1368 410 a
1380 383 1435 411 Deo
1450 384 1522 411 dicta
1541 389 1605 412 sunt
1620 393 1685 420 per-

900 431 1026 462 agantur.
1048 426 1126 459 Quod
1147 431 1238 454 autem
1255 427 1308 455 hoc
1328 427 1365 455 ita
1381 435 1410 455 se
1428 429 1542 461 habeat,
1559 430 1618 464 ipse
1630 429 1686 457 Do--

900 472 991 499 minus
1005 477 1098 499 noster
1113 472 1163 500 ait:
1174 472 1306 506 Conﬁteor
1321 472 1379 504 tibi,
1393 473 1475 501 Pater
1485 474 1542 501 creti
1555 480 1579 502 et
1596 480 1684 509 terra.

900 518 962 553 quia
985 518 1146 545 abscondisti
1173 519 1228 545 haec
1253 527 1270 545 a
1295 519 1459 553 sapientibus
1487 525 1511 546 et
1524 521 1683 555 senioribus,

899 568 925 590 et
938 563 1056 590 revelasti
1068 572 1098 590 ea
1107 563 1224 598 parvulis
1237 564 1395 591 lactentibus
1411 571 1436 592 ι.
1456 564 1502 592 Sic
1529 566 1600 593 Deus
1625 566 1685 600 ipse

901 609 954 637 illis
967 610 1075 644 quidem
1090 610 1234 637 abscondit
1248 610 1401 644 doctorem,
1415 615 1446 638 ut
1459 610 1614 646 quiscireut
1624 621 1686 647 qua:

900 661 992 682 essent
1016 654 1149 688 facienda,
1175 655 1218 683 his
1240 664 1306 683 vero
1330 657 1477 691 revelavit,
1501 663 1532 685 ut
1554 659 1600 693 qui
1624 667 1687 694 quae

899 708 981 736 agere
996 704 1120 735 oporteat
1134 701 1299 737 ignorarent.

938 785 993 815 VII.
1009 786 1101 823 Neque
1112 796 1177 824 ergo
1186 788 1290 817 llebrzei
1306 790 1339 818 de
1353 791 1524 826 ignoratione
1536 791 1599 820 Jesu
1615 800 1684 820 cou-

902 831 1075 867 demnantur,
1088 838 1198 869 propter
1210 843 1271 863 eum
1284 836 1330 871 qui
1344 837 1496 868 abscondit,
1508 837 1542 870 si,
1556 837 1686 866 facientes

902 886 917 905 ιι
931 877 1022 914 Moyse
1047 880 1214 915 praescripta,
1227 889 1307 916 quem
1326 883 1451 910 nesciunt
1477 883 1541 910 odio
1563 891 1618 911 non
1638 885 1687 911 ha-

901 923 999 951 beant.-
1011 932 1098 961 neque
1111 934 1219 953 rursum
1235 927 1281 961 qui
1302 935 1335 954 ex
1344 919 1473 963 gentibus
1488 933 1562 962 sunt,
1570 929 1604 956 de
1615 930 1688 964 igno-

902 974 962 997 rato
973 969 1065 1006 Moyse
1085 972 1312 1006 condemnamur,
1326 977 1438 1008 propter
1451 981 1513 1001 eum
1527 974 1572 1009 qui
1594 975 1689 1002 occul-

901 1017 978 1049 tavit,
993 1016 1015 1044 si
1032 1021 1058 1044 et
1074 1017 1124 1052 ipsi
1138 1025 1186 1053 per
1198 1018 1339 1046 Christum
1359 1019 1431 1046 dicta
1447 1019 1588 1054 facientes,
1604 1029 1686 1056 quem

903 1061 1030 1096 ignorant
1045 1063 1108 1090 odio
1127 1070 1180 1090 non
1196 1068 1410 1098 prosequantur.
1426 1063 1553 1100 Nihilque
1567 1066 1686 1100 cuipiam

902 1108 1033 1142 proderit,
1047 1108 1184 1143 magistris
1208 1116 1307 1136 nomen
1333 1109 1508 1137 dominorum
1530 1110 1606 1143 dare,
1628 1118 1685 1138 non

903 1152 993 1180 facere
1016 1157 1108 1181 autem
1132 1161 1214 1189 opera
1235 1161 1388 1182 servorum.
1401 1154 1469 1182 Nam
1492 1155 1594 1183 idcirco
1607 1154 1688 1184 Jesus

903 1202 996 1226 noster
1008 1199 1042 1227 ad
1056 1200 1213 1234 quemdam,
1227 1200 1274 1235 qui
1289 1208 1352 1228 eum
1369 1200 1524 1236 frequenter
1541 1201 1686 1229 Dominum

902 1245 1027 1277 vocabat,
1043 1245 1111 1272 nihil
1126 1249 1216 1274 tamen
1230 1246 1264 1273 ab
1280 1254 1314 1273 eo
1335 1247 1526 1274 mandatorum
1545 1247 1662 1275 faciebat
1678 1256 1687 1275 :

905 1290 986 1323 Quid,
1001 1291 1101 1326 inquit,
1124 1291 1189 1318 mihi
1210 1292 1289 1325 dicis,
1305 1291 1428 1325 Domine,
1448 1293 1569 1327 Domine,
1585 1298 1610 1321 et
1638 1300 1690 1321 non

902 1335 971 1370 facis
988 1344 1046 1371 qua:
1059 1337 1118 1363 dico
1137 1337 1168 1363 1:?
1191 1336 1330 1365 Neminem
1347 1337 1447 1372 quippe
1459 1338 1566 1373 juvabit
1587 1339 1687 1373 dicere.

904 1381 951 1409 sed
972 1381 1070 1410 facere.
1087 1381 1167 1409 Omni
1187 1383 1278 1418 itaque
1294 1383 1376 1410 modo
1394 1391 1464 1418 opus
1481 1387 1524 1411 est
1537 1383 1615 1411 bonis
1625 1391 1690 1419 ope—

904 1427 1126 1456 ribus.Cacterum
1147 1428 1170 1456 si
1188 1429 1234 1457 cui
1256 1429 1387 1457 donatum
1399 1428 1493 1463 fuerit,
1513 1433 1540 1456 et
1553 1427 1646 1456 Iesum
1661 1433 1690 1456 et

904 1473 1024 1510 Moysem
1053 1482 1229 1509 cognoscere,
1252 1479 1382 1510 tanquam
1412 1483 1467 1503 una
1503 1474 1629 1503 doctrina
1654 1475 1689 1503 ab

905 1524 1020 1554 utroque
1030 1520 1187 1555 praedicata.
1202 1520 1247 1548 hic
1261 1520 1304 1548 vir
1318 1520 1345 1547 in
1360 1520 1415 1548 Deo
1431 1520 1507 1549 dives
1522 1521 1688 1554 censebitur,

904 1566 950 1601 qui
961 1570 1053 1592 vetera
1068 1573 1138 1594 nova
1152 1569 1284 1601 tempore,
1294 1570 1322 1593 et
1334 1574 1415 1600 nova,
1430 1574 1491 1602 qua:
1507 1571 1598 1594 vetera
1613 1571 1688 1600 sunt,

903 1610 1028 1646 intelligit
1042 1616 1066 1638 °.

941 1655 1006 1683 Vlll.
1020 1655 1083 1683 Ha‘c
1104 1655 1186 1684 Petro
1201 1656 1308 1684 dicente
1322 1656 1412 1684 omnis
1435 1656 1592 1689 multitudo,
1607 1655 1687 1692 quasi

903 1703 938 1730 ab
952 1702 1044 1737 aliquo
1059 1707 1182 1734 evocata,
1199 1703 1321 1738 ingressa
1334 1702 1376 1730 es‘t
1391 1702 1438 1730 ubi
1454 1707 1516 1730 erat
1533 1701 1640 1729 Petrus.
1653 1701 1690 1729 Ut

904 1753 994 1776 autem
1007 1748 1051 1776 ille
1061 1748 1128 1775 vidit
1141 1748 1246 1781 turbas,
1262 1748 1336 1775 velut
1347 1748 1437 1775 amnis
1453 1747 1589 1782 placidum
1601 1747 1688 1775 (luen—

904 1799 961 1822 tum
977 1794 1073 1822 leniter
1085 1799 1281 1827 commeantes,
1310 1794 1379 1821 dixit
1401 1793 1523 1821 Marooni
1541 1803 1549 1820 :
1566 1793 1618 1821 Ubi
1639 1793 1686 1821 hic

904 1841 956 1868 tibi
977 1841 1055 1868 locus
1077 1843 1128 1872 est,
1142 1840 1189 1874 qui
1204 1839 1292 1875 magis
1306 1839 1394 1875 possit
1406 1847 1502 1874 capere
1513 1839 1584 1866 hanc
1595 1839 1688 1866 multi-

904 1884 1043 1912 tudinem?
1056 1883 1088 1911 Et
1106 1883 1236 1911 Marcone
1255 1885 1405 1912 deducente
1418 1892 1480 1911 eum
1492 1884 1519 1911 in
1535 1884 1688 1912 subdialem

904 1930 985 1957 horto
1003 1929 1142 1957 excultum
1165 1929 1267 1963 locum,
1284 1933 1384 1957 secutae
1399 1933 1465 1958 sunt
1479 1929 1575 1956 turbae.
1589 1929 1687 1958 Petrus

905 1979 995 2002 autem
1017 1982 1099 2009 super
1123 1974 1209 2002 basim
1231 1978 1327 2002 statuae
1340 1982 1394 2002 non
1411 1975 1444 2002 ad
1460 1975 1572 2002 modum
1594 1974 1686 2002 excel-

905 2028 963 2048 sam
977 2020 1141 2053 consistens,
1157 2020 1238 2047 simul
1261 2025 1343 2055 atque
1366 2020 1497 2055 populum
1521 2027 1599 2047 more
1621 2020 1688 2048 reli-

905 2067 982 2102 gioso
1006 2066 1162 2098 salutasset.
1177 2066 1273 2094 videns
1299 2066 1400 2093 multos
1426 2065 1542 2093 astantis
1563 2065 1649 2101 plebis
1669 2073 1686 2094 a

905 2112 1076 2140 daemonibus
1087 2116 1115 2140 et
1126 2112 1251 2147 pluribus
1268 2112 1373 2140 morbis
1386 2111 1440 2146 iam
1454 2111 1500 2139 diu
1517 2112 1686 2146 molestatos,

905 2165 938 2184 ac
951 2157 1065 2185 stridere
1080 2165 1143 2185 cum
1167 2158 1287 2190 ululatu,
1308 2162 1335 2184 et
1346 2156 1488 2191 procidere
1506 2164 1568 2184 cum
1582 2157 1688 2192 suppli-A

71 2194 162 2228 μωγῆς
193 2194 240 2220 καὶ
270 2193 419 2225 πίπτοντας
452 2193 510 2230 μεθ’
543 2195 660 2226 ἱκεσίας,
689 2195 852 2231 ἐπιτιμήσας

905 2203 1022 2235 catione,
1047 2204 1192 2239 increpitis
1211 2203 1255 2236 iis,
1270 2203 1464 2238 silentiumque
1479 2207 1570 2230 tenere
1585 2203 1684 2238 jussis,

69 2239 157 2270 αὐτοῖς
176 2239 225 2265 καὶ
251 2239 364 2274 ἡσυχίαν
389 2239 461 2274 ἔχειν
481 2240 633 2275 προστάξας
655 2241 702 2267 καὶ
717 2241 765 2276 τὴν
782 2242 852 2267 ἴασιν

71 2284 136 2318 μετὰ
151 2284 183 2311 τὸ
197 2284 367 2320 διαλεχθῆναι
380 2285 571 2321 ὑποσχόμενος,
588 2285 634 2312 τοῦ
650 2285 737 2320 λέγειν
752 2286 852 2322 ἤρξατο

71 2338 152 2362 ουτως
161 2338 168 2345 ·

103 2375 147 2402 IX.
172 2375 334 2412 ’Δρχόμενος
356 2375 400 2403 τὸν
417 2377 485 2412 ὑπὲρ
504 2377 656 2409 θεοσεϐείας
673 2377 751 2412 λόγον
766 2379 851 2405 ποιεῖ-

74 2421 131 2447 σθαι
151 2422 208 2453 τοῖς
230 2421 368 2453 παντελῶς
391 2422 516 2456 ἀγνοοῦσι
542 2423 575 2449 τὰ
583 2423 606 2438 ¹⁸
619 2423 721 2455 πάντα,
736 2424 783 2451 καὶ
800 2424 852 2450 ὑπὸ

73 2466 123 2493 τῶν
146 2467 194 2493 τοῦ
214 2467 400 2503 ἀντικειμένου
416 2469 481 2504 ἡμῖν
495 2468 615 2504 Σίμωνος
632 2468 762 2496 διαϐολῶν
776 2470 866 2496 ἐσπι-Δ

74 2511 200 2547 λωμένοις
227 2512 272 2538 τὸν
296 2512 369 2545 νοῦν,
395 2513 540 2547 ἀναγκαῖον
566 2514 713 2550 ἡγησάμην
735 2515 851 2550 πρῶτον,

77 2557 140 2593 ὑπὲρ
154 2557 201 2584 τοῦ
219 2558 257 2594 μὴ
275 2558 330 2585 δεῖν
356 2558 509 2594 μέμφεσθαι
522 2558 568 2586 τὸν
588 2559 624 2586 τὰ
639 2560 726 2587 πάντα
742 2569 855 2595 πτοίη-

905 2255 955 2276 nec
969 2255 1024 2276 non
1036 2248 1173 2283 pollicitus
1189 2248 1357 2276 curationem
1371 2252 1432 2283 post
1443 2247 1565 2276 habitum
1579 2256 1684 2276 sermo-

904 2301 978 2328 nem,
993 2294 1029 2321 ita
1040 2293 1115 2329 loqui
1131 2294 1212 2329 coepit
1222 2302 1229 2321 :

941 2378 986 2406 1x.
1004 2378 1136 2414 Incipiens
1151 2379 1185 2406 de
1199 2387 1264 2407 vero
1279 2378 1326 2407 Dei
1338 2379 1414 2407 cultu
1427 2379 1518 2408 facere
1530 2386 1685 2408 sermonem

904 2425 937 2452 ad
964 2432 1012 2452 eos
1036 2424 1083 2459 qui
1098 2424 1205 2458 penitus
1222 2425 1348 2460 ignorant.
1358 2425 1460 2458 omnia,
1475 2432 1591 2460 quorum
1607 2433 1686 2453 mens

904 2478 952 2505 per
963 2470 1109 2498 adversarii
1119 2471 1204 2498 nostri
1218 2471 1338 2499 Simonis
1352 2471 1505 2499 calumnias
1517 2470 1618 2498 foedata
1631 2475 1684 2504 est,

906 2516 1088 2544 necessarium
1109 2516 1185 2550 duxi,
1201 2517 1289 2552 primo
1305 2524 1459 2545 sermonem
1471 2516 1571 2544 habere
1590 2516 1624 2544 de
1638 2523 1683 2549 eo,

906 2562 979 2598 quod
993 2569 1047 2590 non
1061 2566 1185 2597 oporteat
1196 2564 1318 2591 omnium
1344 2568 1494 2591 creatorem
1521 2561 1607 2590 Deum
1625 2562 1684 2591 cui-

108 2620 121 2634 ι
138 2613 231 2642 Matth.
243 2622 283 2648 ιι,
296 2614 342 2642 25.
382 2613 501 2650 hiMatth.
519 2623 568 2649 vn,
583 2616 627 2644 2|.
670 2622 682 2636 ο
698 2616 793 2644 Matth.
810 2625 870 2651 nn,
885 2618 930 2646 52.

710 2673 828 2701 vanus
844 2654 1046 2702 Lacrimas.

108 2719 204 2757 “Nihil
217 2719 442 2757 mittandumﬁf.
454 2719 521 2757 I_.ob.
532 2720 632 2757 Phryn.
645 2727 673 2757 p_.
686 2720 748 2747 156.
764 2719 901 2748 Habemus
914 2721 940 2748 in
948 2720 1117 2757 Clementints
1127 2721 1208 2757 etiam
1222 2722 1452 2757 ᾶιιιὶνυιηΜωυσῇ
1466 2719 1682 2757 ᾑοηιανιιᾼηε

81 2753 107 2780 S.
140 2755 163 2794 Ἰ
176 2755 305 2794 ἀπύρέ)
321 2775 329 2786 ,
341 2755 396 2794 ῥπό
455 2755 523 2794 Tam
540 2753 616 2794 in__0_,
628 2753 685 2794 τοῦ,
698 2762 842 2794 man._sec.

905 2756 1070 2794 )rannpante
1083 2756 1194 2794 _'l'qaoﬁ,_
1207 2764 1251 2791 ap.
1270 2758 1291 2794 tl
1321 2756 1386 2794 τῶν.

567 2790 589 2807 εί
600 2789 721 2825 ἔκρυψας
728 2789 819 2825 ταῦτα
829 2791 883 2817 ἀπὸ

80 2797 137 2826 ιιπιχ
145 2788 174 2818 ο·
224 2791 246 2808 ⁸⁸
255 2789 475 2826 ἐξομρλργρῦμεν
487 2790 518 2817 0-

79 2825 100 2843 "
114 2825 232 2858 Μωῦσέος
246 2825 279 2853 0.
306 2823 345 2843 “⁸³
355 2825 410 2851 ἀπό
421 2823 452 2852 0.
490 2826 513 2860 ξι
526 2823 709 2860 προσέτασσεν
722 2823 753 2860 C_.

1438 2754 1461 2777 ἵε
1477 2756 1538 2784 τινά
1549 2756 1580 2783 C.
1608 2755 1630 2771 “
1637 2754 1684 2782 τοῦ

803 2791 852 2817 αάί

803 2829 826 2847 ιι
840 2834 852 2852 ε

905 2789 1024 2853 ποδίιῦνᾚ.ζ
1043 2791 1089 2817 καί
1116 2789 1322 2826 copula-etiam
1347 2791 1423 2819 adest
1445 2791 1472 2818 in
1495 2792 1515 2818 l.
1538 2799 1563 2818 c.
1587 2789 1630 2834 Νι

905 2836 906 2839 π
965 2834 990 2853 c.
1005 2826 1034 2852 (ιι
1051 2846 1058 2853 .
1072 2827 1089 2853 ἢ
1101 2835 1142 2853 τις
1157 2826 1188 2853 C.
1244 2830 1267 2846 ιο
1287 2826 1315 2852 δέ
1339 2833 1394 2853 om.
1413 2825 1482 2853 Tum
1501 2826 1582 2853 τόπον
1606 2828 1680 2853 butt.

840 2834 906 2857 ειτις

965 2826 1058 2864 c_._(ll_,
1072 2827 1089 2861 ἡ
1101 2825 1205 2864 τιςᾩ..
1244 2830 1267 2846 ιο
1279 2826 1394 2864 βελοω.
1413 2825 1482 2854 Tum
1501 2826 1582 2854 τόπον
1606 2827 1682 2864 Epit.

82 2866 103 2887 c.
124 2859 162 2895 62,
174 2861 217 2889 τόν
251 2861 284 2896 C,
298 2860 333 2888 0.
351 2860 452 2888 Deinde
473 2858 554 2886 αὐτόν
566 2868 622 2888 om.
636 2858 658 2886 0
683 2860 728 2900 “'7
741 2858 779 2888 Ita
793 2860 815 2888 0
839 2869 852 2890 c

905 2882 910 2895 ,
927 2860 1024 2897 ὑψιλῆς
1037 2861 1068 2888 C.
1083 2858 1130 2899 ’ἦν’
1144 2861 1179 2888 τά
1190 2861 1264 2889 deest
1279 2861 1306 2888 in
1317 2859 1351 2888 0.
