1942 3100
270 143 322 172 231

691 137 721 166 S.
740 134 934 165 CLEMENTIS
953 135 962 162 Ι
982 134 1067 162 ROM.
1091 133 1197 162 PONT.
1218 133 1334 162 OPERA
1352 133 1467 162 DUBIA.

1849 132 1908 160 232

269 210 347 240 pare,
373 209 430 230 non
458 200 568 229 aliunde
590 199 832 234 incipiens,‘quam
858 197 893 224 ab
918 197 969 223 ista
992 203 1054 230 quae

1111 194 1172 221 κότα
1186 193 1252 220 Θεὸν
1259 193 1282 209 δ’
1289 192 1334 219 τὸν
1342 192 1418 226 λόγον
1426 191 1599 228 ποιήσασθαι,
1608 190 1654 218 τὸν
1664 190 1747 226 187
1755 188 1808 217 οὐκ
1818 190 1905 217 ἀλλο-

270 248 444 286 providenter
465 248 498 275 ab
513 254 545 274 eo
563 250 715 281 opportune
729 244 849 278 subjecta
865 243 916 270 fuit
931 242 1050 275 occasio,

269 299 302 324 ut
316 297 496 330 cognoscatur
506 292 579 327 quod
590 296 663 318 recta
677 290 782 317 ratione
794 288 945 323 complures
959 295 973 314 a
986 286 1053 314 mul-

269 341 307 369 tis
318 339 486 369 daemonibus
500 337 604 365 obsessi
618 340 717 364 suntet
729 343 744 362 a
757 335 873 362 diversis
883 333 1051 361 difficilibus-

270 393 324 423 que
337 384 441 414 morbis
459 383 657 418 comprehensi,
674 386 704 409 ut
714 389 762 416 per
776 381 828 408 hoc
842 387 950 415 quoque
967 385 1051 413 appa-

270 437 330 462 reat
348 431 453 468 iustitia
467 430 526 457 Dei.
541 429 573 457 Et
587 429 632 464 qui
649 436 697 464 per
716 427 897 463 ignorantiam
917 426 992 452 illum
1007 432 1053 452 ac-

270 482 412 511 cusarunt,
427 477 450 505 si
469 475 697 507 nunc,discentes
718 471 784 507 quid
805 471 977 499 sentiendum
1004 470 1050 502 sit,

269 532 318 560 per
338 524 437 551 bonam
456 519 677 557 prmdicationem
702 522 729 545 et
744 518 816 545 bona
841 523 922 551 opera
938 524 952 543 a
969 514 1052 550 priori

270 570 385 599 crimine
404 576 434 597 se
457 571 595 599 revocent,
619 571 729 593 causam
748 562 813 590 mali
830 561 959 589 facinoris
975 561 1053 596 igno-

270 615 378 649 rantiae,
396 618 427 642 ut
441 612 548 640 veniam
560 612 773 644 consequantur,
786 606 964 635 ascribentes.

307 701 341 730 Χ.
361 701 401 730 Ita
415 707 480 728 vero
496 699 578 726 habet
593 706 601 726 :
616 696 684 726 Cum
706 695 787 729 Deus,
803 693 851 729 qui
875 692 950 720 solus
965 691 1055 718 bonus

272 749 435 781 est,'_cuncta
451 746 520 774 bene
541 747 663 772 creasset
677 750 709 770 ac
725 740 830 768 homini
849 739 883 767 ad
906 737 1054 773 imaginem

272 802 352 824 suam
365 793 437 821 facto
454 791 621 822 tradidisset,
639 789 662 817 is
676 789 762 816 homo
777 785 927 815 conditoris
942 784 984 811 sui
1000 783 1056 818 spi-

270 848 338 868 rans
357 839 536 869 divinitatem,
549 843 612 864 cum
631 838 703 863 esset
713 841 794 861 verus
809 832 939 868 propheta
954 834 981 857 et
993 829 1056 859 uni-

271 892 350 913 versa
377 886 563 919 cognosceret,
580 882 607 908 in
632 881 764 908 honorem
790 877 878 904 Patris
898 876 946 912 qui
965 875 1056 903 omnia
1071 871 1091 899 Β

272 930 311 958 illi
321 932 504 961 concesserat,
515 933 542 955 et
552 926 586 954 ob
600 925 716 954 salutem
732 931 765 951 ex
783 930 812 950 se
823 922 977 950 futurorum
989 920 1057 947 ﬁlio-

271 984 346 1010 rum,
365 980 494 1010 tanquam
511 979 658 1008 germanus
672 974 748 1006 pater
762 967 978 997 benevolentiam
993 973 1056 1001 erga

274 1019 477 1055 asegignendos
490 1019 596 1046 liberos
606 1023 784 1048 conservans,
798 1022 868 1050 quos
888 1016 999 1048 cuperet
1022 1011 1056 1038 ad

272 1077 367 1098 eorum
379 1068 524 1096 utilitatem
536 1066 650 1101 diligere
662 1065 749 1092 Deum
763 1067 790 1105 et
801 1070 816 1090 a
830 1061 886 1089 Deo
905 1060 992 1095 diligi,
1005 1059 1057 1087 iter

272 1115 343 1151 quod
357 1115 390 1142 ad
404 1113 479 1141 illius
492 1112 603 1140 duceret
614 1110 764 1138 amicitiam
775 1104 994 1138 demonstravit,
1005 1104 1056 1131 do-

271 1150 381 1196 cuitque
416 1158 582 1195 quibusnam
617 1151 946 1184 hominumiactionibus
981 1150 1056 1177 solus

271 1195 451 1241 omniumque
464 1203 597 1231 Dominus
614 1201 684 1229 Dcus
698 1200 847 1227 delectetur
862 1206 871 1225 :
886 1201 914 1225 et
927 1195 1056 1228 nstensis,

271 1260 333 1289 quae
355 1252 395 1279 illi
417 1251 567 1286 placerent,
584 1247 670 1282 legem
693 1249 823 1273 aeternam
837 1242 944 1271 cunctis
955 1241 1056 1275 sanxit,

270 1287 334 1334 quae
348 1305 400 1325 nec
421 1296 456 1324 ab
474 1294 602 1323 hostibus
622 1290 748 1320 consumi
767 1293 869 1325 posset,
881 1295 931 1316 nec
946 1288 981 1315 ab
1000 1287 1056 1315 ullo

271 1333 358 1379 impio
373 1340 560 1376 interpolanda
578 1343 661 1370 esset,
674 1344 725 1364 nec
739 1343 794 1363 uno
807 1335 834 1362 in
853 1334 914 1362 loco
939 1333 1057 1361 abscon-

271 1389 393 1420 deretur,
406 1387 453 1415 sed
467 1393 484 1414 a
511 1384 618 1413 cunctis
633 1386 728 1419 posset
741 1382 803 1417 legi.
817 1380 901 1408 Erant
912 1387 976 1415 ergo
991 1379 1056 1413 illis,

271 1444 307 1465 ex
320 1433 473 1464 obedientia
489 1432 569 1468 legis,
583 1435 681 1459 cuncta
696 1429 808 1462 all'atim,
823 1427 916 1463 fruges
928 1426 1056 1462 pulcher-

272 1482 359 1512 rimae,
374 1479 438 1508 anni
449 1477 652 1513 completi,sine
666 1475 786 1505 tristitia.
799 1474 858 1502 sine
872 1472 1056 1506 morbis,cum

272 1525 455 1557 saluberrima
471 1523 543 1552 aeris
563 1521 693 1557 temperie
708 1525 766 1549 tuto
781 1519 885 1548 donati.

1070 1542 1091 1573 (Γ.

307 1657 355 1685 XI.
374 1657 409 1685 At
433 1656 482 1690 illi,
498 1655 561 1691 quia
577 1653 698 1682 nondum
724 1652 795 1680 mala
814 1650 918 1687 experti.
937 1650 1056 1684 fuerant,

274 1705 309 1733 ad
327 1705 416 1740 ipsum
430 1704 564 1731 bonorum
578 1701 680 1729 donum
691 1707 773 1727 sensu
783 1698 915 1731 destituti,
928 1705 976 1733 per
986 1698 1058 1725 cibo-

275 1759 336 1779 rum
357 1754 385 1778 et
404 1749 563 1777 deliciarum
586 1745 782 1774 abundantiam
808 1744 842 1771 ad
856 1743 955 1779 ingrati
973 1743 1057 1770 animi

273 1796 371 1824 vitium
392 1794 607 1824 declinaverunt,
619 1795 649 1818 ut
664 1790 861 1817 arbitrarentur
873 1796 927 1816 non
942 1788 1058 1815 existere

222 1859 225 1862 ν
273 1840 485 1873 Providentiam,
495 1839 567 1874 quod
577 1837 651 1865 nullo
662 1836 832 1871 praecedente
841 1834 1058 1870 justitiaeflabore

272 1887 345 1914 bona
372 1889 401 1912 ut
423 1883 577 1912 mercedem
602 1881 781 1915 recepi5scnt,
808 1883 903 1915 utpote
928 1879 1004 1906 nullo
1024 1887 1058 1906 ex

274 1932 341 1967 ipsis
356 1932 383 1959 in
398 1938 492 1959 casum
518 1929 636 1963 aliquem
650 1926 693 1954 vel
715 1926 839 1953 morbum
856 1930 903 1952 aut
917 1925 999 1951 ullam
1012 1932 1058 1952 ne-

275 1978 429 2006 cessitatem
441 1976 551 2010 delapso
567 1983 574 2001 :
592 1973 660 2001 adeo
675 1976 714 2006 ut,
725 1970 953 2007 quemadmodum
971 1971 1059 1998 solent

274 2023 400 2052 homines
412 2029 428 2050 ι
442 2029 526 2057 prava
542 2020 713 2048 aberratione
728 2017 832 2051 afﬂicti,
845 2017 941 2050 Deum,
952 2017 999 2052 qui
1010 2024 1058 2044 eos

272 2072 382 2105 poterat
405 2073 514 2098 sanare,
537 2065 718 2100 despicerent.
733 2061 834 2090 Verum
852 2063 990 2091 enimvero
1003 2067 1059 2090 sta-

274 2114 324 2141 tim
339 2116 400 2148 post
412 2114 610 2145 centemptum,
621 2116 655 2136 ex
670 2111 759 2134 metus
772 2105 909 2134 vacuitate
920 2110 947 2133 et
961 2112 1057 2133 secura

275 2159 413 2193 voluptate
422 2157 626 2193 procedentem,
640 2153 715 2181 velut
733 2153 768 2180 ab
783 2151 924 2180 harmonia
940 2151 1058 2188 quadam

1104 240 1150 268 θεν
1160 240 1320 276 ἀρχόμενος,
1331 239 1348 275 ἦ
1362 238 1409 266 ἀπ’
1423 238 1508 274 αὐτῆς
1516 238 1565 274 τῆς
1576 237 1646 264 κατά
1658 237 1788 273 πρόνοιαν
1797 237 1846 263 ὑπ’
1858 236 1908 263 αὑ-

1103 285 1151 313 τοῦ
1165 286 1300 322 εὐκαίρως
1316 285 1515 321 ὐποὸληθείσης
1528 285 1700 320 προφάσεως·
1717 284 1762 310 ἵνα
1773 283 1906 318 γνωσθῇ,

1103 332 1141 363 ὡς
1153 331 1271 366 εὐλόγως
1287 331 1311 358 οἱ
1327 331 1419 357 πολλοὶ
1435 329 1488 357 ὑπὸ
1501 330 1606 356 πολλῶν
1619 330 1754 365 δαιμόνων
1768 327 1909 363 συνεσχέιο

1083 386 1089 392 '
1103 376 1190 412 θησαν
1216 377 1263 403 καὶ
1288 375 1341 403 ὑπὸ
1366 376 1517 403 ἀλλοκότων
1547 375 1642 402 παθῶν
1672 375 1908 411 κατελήφθησαν,

1103 421 1177 454 ὅπως
1200 423 1247 449 καὶ
1270 422 1299 448 ὲν
1320 421 1406 457 τούτῳ
1422 421 1453 448 τὸ
1472 420 1520 448 τοῦ
1537 421 1604 448 Θεοῦ
1620 421 1721 447 δίκαιον
1739 421 1825 455 φανῇ.
1846 419 1910 446 Καὶ

1102 468 1127 494 οἰ
1143 468 1176 494 δι’
1185 469 1296 502 ἄγνοιαν
1313 467 1481 503 μεμφόμενοι
1496 466 1586 500 αὑτὸν,
1603 467 1654 494 κᾶν
1662 467 1684 482 ⁶⁰
1698 466 1746 493 νῦν
1764 465 1911 501 μαθόντες

1103 512 1141 545 ὡς
1169 513 1210 539 δεῖ
1236 514 1353 548 φρονεῖν,
1372 512 1406 539 δι’
1432 511 1570 548 εὐφημίας
1585 521 1615 538 τε
1639 512 1685 539 καὶ
1704 511 1832 542 εὐποιίας
1855 509 1910 536 τοῦ

1103 558 1236 594 προτέρου
1272 559 1444 594 ἐγκλήματος
1479 558 1591 589 ἑαυτοὺς
1630 557 1910 588 ἀνακαλέσωνταιεί,

1103 605 1193 632 αίτίαν
1213 605 1260 632 τοῦ
1287 605 1372 632 κακοῦ
1395 605 1571 641 τολμήματος
1593 605 1642 641 τὴν
1659 606 1770 640 ἄγνοιαν
1791 606 1834 636 εις
1852 604 1912 640 τὴν

1106 650 1269 686 συγγνώμην
1286 650 1458 686 προθέμενοι.

1141 695 1175 725 Χ.
1192 697 1269 733 Ἔχει
1292 697 1321 723 δὲ
1342 696 1437 728 οὕτως·
1463 696 1516 723 Τοῦ
1542 696 1624 732 μόνου
1647 696 1752 731 ἀγαθοῦ
1774 696 1851 723 Θεοῦ
1870 696 1913 723 τὰ

1105 744 1193 770 πάντα
1217 743 1306 774 καλῶς
1331 743 1512 778 πεποιηκότος
1536 743 1582 770 καὶ
1610 743 1836 778 παραδεδωκότος
1867 742 1912 778 τῷ

1104 788 1164 815 κατ’
1183 787 1275 814 εἰκόνα
1295 787 1378 814 αὑτοῦ
1402 787 1541 823 γενομένῳ
1550 787 1572 803 ⁸³
1586 787 1730 823 ἀνθρώπῳ,
1747 788 1761 814 ό
1774 787 1912 822 γεγονὼς

1104 832 1154 868 τῆς
1168 831 1216 859 τοῦ
1233 832 1412 868 πεποιηκότος
1427 832 1507 860 αὑτὸν
1523 832 1612 860 πνέων
1635 833 1781 868 θειότητος,
1791 832 1913 868 ἀληθὴς

1104 877 1249 914 Προφήτης
1263 878 1300 904 ὢν
1317 878 1364 904 καὶ
1376 876 1454 910 εἰδὼς
1465 877 1499 904 τὰ
1515 877 1572 909 ὅλα,
1591 879 1631 910 εἰς
1645 878 1727 914 τιμὴν
1743 878 1792 904 τοῦ
1807 878 1913 904 πάντα

1106 921 1180 957 αὐτῷ
1194 921 1387 958 δωρησαμένου
1404 921 1511 958 Πατρὺς
1523 923 1571 949 καὶ
1585 923 1624 955 εἰς
1640 923 1776 959 σωτηρίαν
1797 922 1862 950 τῶν
1879 923 1912 955 ἐξ

1105 967 1188 994 αὐτοῦ
1209 967 1361 1003 γενομένων
1377 968 1454 1000 υίῶν,
1469 968 1508 1000 ὡς
1523 969 1614 1004 πατὴρ
1627 970 1736 1004 γνήσιος
1751 968 1824 1004 πρὸς
1837 969 1912 1000 τοὺς

1106 1012 1152 1039 ὑπ’
1169 1011 1250 1039 αὑτοῦ
1272 1012 1433 1048 γενομένους
1449 1014 1546 1045 παῖδας
1568 1013 1717 1045 ἀποσώςων
1740 1013 1770 1040 τὸ
1788 1012 1909 1045 εὔνουν,

1107 1057 1268 1095 βουλόμενος
1281 1060 1380 1091 αὐτοὺς
1401 1060 1470 1096 πρὸς
1491 1060 1522 1086 τὸ
1542 1059 1680 1096 συμφέρον
1696 1059 1789 1092 αὐτοῖς
1811 1060 1911 1094 φιλεῖν

1106 1103 1173 1130 Θεὸν
1203 1103 1251 1131 καὶ
1277 1103 1412 1139 φιλεῖσθαι
1436 1105 1482 1132 ὑπ’
1504 1104 1597 1137 αὐτοῦ,
1621 1105 1671 1141 τὴν
1707 1104 1775 1141 πρὸς
1805 1105 1913 1139 φιλίαν

1105 1150 1188 1177 αὐτοῦ
1209 1150 1328 1185 ἄγουσαν
1345 1151 1471 1186 ἐξέφηνεν
1486 1151 1672 1184 όδὸν,διδάξας
1682 1151 1772 1183 ποίαις
1789 1150 1911 1186 ἀνθρὼ-

1106 1205 1164 1223 πων
1190 1196 1323 1232 πράξεσιν
1351 1197 1365 1224 ὁ
1395 1198 1474 1233 μόνος
1496 1198 1543 1224 καὶ
1563 1197 1670 1224 πάντων
1681 1197 1817 1232 δεσπότης
1834 1196 1912 1228 Θεὸς

1106 1242 1292 1278 εὐφραίνεται,
1306 1242 1353 1270 καὶ
1368 1242 1402 1269 τὰ
1425 1243 1522 1279 ἐκείνῳ
1538 1242 1665 1270 δοκοῦντα
1680 1243 1802 1278 ἐκφήνας
1817 1242 1912 1277 νόμον

1107 1285 1213 1312 αἰώνιον
1245 1285 1328 1322 ὥρισε
1356 1287 1412 1317 τοῖς
1425 1286 1447 1302 ⁵³
1471 1285 1551 1318 ὅλοις,
1571 1286 1634 1322 μήθ’
1655 1284 1708 1313 ὑπὸ
1722 1285 1872 1320 πολεμίων
1887 1286 1912 1301 ⁶⁶

1106 1331 1298 1367 ἐμπρησθῆναι
1319 1331 1477 1367 δυνάμενον,
1505 1332 1567 1368 μήθ’
1596 1332 1648 1359 ὑπὸ
1681 1331 1799 1363 ἀσεϐοῦς
1827 1340 1912 1364 τινος

1107 1376 1345 1413 ὑπονοθευόμενον,
1371 1379 1439 1414 μήτε
1471 1378 1511 1405 ὲνὶ
1533 1378 1607 1414 τόπῳ
1635 1377 1909 1413 ἀποκεκρυμμένον,

1106 1422 1174 1449 ἀλλά
1189 1424 1272 1450 πᾶσιν
1287 1423 1492 1460 ἀναγνωσθῆναι
1507 1424 1664 1460 δυνάμενον.
1678 1422 1732 1451 Ἦν
1743 1422 1792 1450 οὖν
1808 1424 1910 1455 αὐτοῖς

1107 1470 1139 1495 ὲκ
1155 1469 1204 1504 τῆς
1218 1469 1379 1506 πειθαρχίας
1393 1471 1440 1497 τοῦ
1456 1471 1538 1506 νόμου
1556 1471 1644 1499 πάντα
1667 1471 1783 1505 ἄφθονα,
1792 1469 1830 1496 τὰ
1849 1470 1910 1496 τῶν

1107 1516 1221 1551 καρπῶν
1244 1516 1384 1549 κάλλιστα,
1403 1516 1438 1543 τὰ
1465 1517 1546 1552 188
1569 1517 1622 1544 τῶν
1648 1516 1716 1544 ἑτῶν
1738 1516 1835 1543 τέλεια
1858 1517 1911 1543 καὶ

1108 1561 1198 1589 ἄλυπα
1223 1561 1270 1588 καὶ
1293 1563 1385 1593 ἄνοσα,
1413 1561 1480 1597 μετὰ
1495 1562 1585 1598 πάσης
1607 1562 1656 1597 τῆς
1675 1562 1730 1588 τῶν
1750 1562 1846 1597 ἀέρων
1866 1562 1911 1589 εὑ-

1106 1607 1224 1644 κρασίας
1234 1607 1319 1639 ἀδεῶς
1334 1607 1435 1643 δεδωρη
1440 1608 1517 1642 μένα.

1142 1663 1189 1692 XI.
1204 1664 1235 1691 ΟΕ
1249 1663 1277 1691 δὲ
1291 1664 1352 1690 ἐπεὶ
1364 1664 1400 1700 μὴ
1418 1663 1525 1700 πρῶτον
1547 1663 1601 1691 τῶν
1619 1664 1712 1691 κακῶν
1727 1663 1911 1701 ἐπειράσθη-

1109 1719 1170 1743 σαν,
1185 1710 1255 1746 πρὸς
1271 1710 1355 1746 αὐτὴν
1363 1710 1385 1726 ⁸⁵
1394 1711 1447 1737 τῶν
1475 1710 1584 1745 ἀγαθῶν
1600 1709 1702 1746 δωρεὰν
1724 1710 1911 1746 ἀναισθήτως

1108 1756 1224 1792 ἔχοντες,
1248 1755 1299 1783 ὑπὸ
1321 1756 1370 1791 τῆς
1393 1756 1638 1792 ἀφθόνου¹τροφῆς
1664 1755 1711 1782 καὶ
1735 1756 1849 1791 τρυφῆς
1867 1758 1913 1788 εἰς

1109 1801 1268 1837 ἀχαριστίαν
1283 1801 1467 1838 ἐξετρέποντο,
1484 1800 1522 1833 ὡς
1536 1800 1655 1836 νομίσαι,
1673 1800 1771 1832 αὐτοὺς
1785 1801 1852 1836 μηδ’
1870 1801 1913 1828 sl}-

1109 1856 1152 1874 ναι
1166 1847 1308 1883 Πρόνοιαν,
1323 1846 1384 1873 ἐπεὶ
1402 1847 1439 1882 μὴ
1455 1847 1585 1882 πρότερον
1602 1845 1736 1881 καμόντες
1743 1846 1792 1872 ἐπὶ
1802 1846 1913 1873 δικαιο-

1110 1893 1192 1928 σύνης
1207 1893 1245 1925 ὡς
1262 1892 1356 1928 μισθὸν
1377 1891 1412 1919 τὰ
1431 1891 1522 1926 ἀγαθά
1542 1891 1696 1926 εἰλήφεσαν,
1713 1891 1762 1918 ἅτε
1786 1890 1913 1926 μηδενὸς

1109 1939 1198 1966 αὐτῶν
1247 1938 1326 1965 πάθει
1343 1938 1396 1964 ἰτιν)¹
1412 1937 1428 1973 ἢ
1443 1937 1512 1972 νόσῳ
1525 1936 1542 1972 ἢ
1559 1936 1626 1972 ἄλλῃ
1640 1936 1693 1963 τινὶ
1708 1935 1820 1972 ἀνάγκῃ
1836 1936 1913 1964 ὑπο-

1109 1985 1253 2016 πεσόντος·
1276 1984 1330 2016 ἵνα,
1347 1983 1385 2016 ὡς
1400 1982 1553 2019 ἀνθρώποις
1580 1982 1655 2016 φίλον
1678 1981 1752 2008 ἐστὶν
1773 1981 1829 2008 ὑπὸ
1856 1983 1912 2020 τῆς

1109 2030 1197 2066 κακῆς
1212 2028 1374 2066 διαμαρτίας
1384 2028 1408 2044 ⁸⁵
1423 2028 1595 2059 κακωθεῖσιν,
1611 2028 1716 2059 ἑαυτοῖς
1732 2027 1778 2054 τὸν
1809 2028 1912 2055 ἰᾶσθαι

1109 2076 1255 2112 δυνάμενον
1278 2074 1494 2111 περιϐλέψωνται
1519 2073 1594 2100 Θεόν.
1618 2072 1698 2100 Ἀλλά
1721 2072 1777 2108 γάρ
1798 2073 1912 2106 εὐθέως

1111 2121 1180 2157 μετά
1205 2120 1255 2156 τὴν
1271 2120 1302 2146 ὲκ
1318 2119 1367 2155 τῆς
1383 2118 1499 2153 ἀφοϐίας
1517 2118 1563 2145 καὶ
1580 2117 1674 2149 ἀδεοῦς
1688 2118 1796 2153 τρυφῆς
1815 2127 1913 2145 κατα-

1110 2166 1254 2203 φρόνησιν,
1268 2165 1362 2200 ὦσπερ
1376 2164 1405 2198 ὲξ
1420 2162 1551 2199 ἁρμονίας
1564 2163 1635 2195 τινὸς
1645 2156 1800 2195 ἀκολούθως
1815 2163 1913 2200 ἐφηρ-

275 2207 475 2238 consequenter
500 2202 636 2237 adaptata,
661 2201 736 2237 justa
758 2208 807 2229 eos
821 2200 921 2228 invasit
940 2200 1055 2235 punitio,

1111 2200 1256 2250 μοσμενης,
1279 2213 1370 2240 δικαία
1388 2221 1431 2244 τις
1447 2211 1537 2243 αὐτοῖς
1553 2210 1692 2247 ἀπήντησε
1714 2210 1856 2246 τιμωρία,
1874 2211 1912 2238 τὰ

276 2257 337 2285 qua:
359 2249 431 2276 bona
449 2248 560 2283 quidem
577 2253 607 2275 ut
628 2247 709 2275 noxia
723 2246 838 2283 expulit,
853 2245 925 2274 mala
948 2252 1013 2273 vero
1028 2248 1058 2272 ut

276 2296 403 2331 adjutura
420 2298 514 2322 contra
530 2293 647 2322 induxit.

311 2396 369 2424 ΧΠ.
384 2395 452 2423 Nam
468 2402 502 2423 ex
519 2395 580 2423 cmli
596 2394 693 2422 incolis
708 2393 859 2430 'spiritibus
879 2392 909 2426 ii,
929 2392 976 2428 qui
996 2392 1058 2420 inﬁ-

275 2451 349 2471 mam
380 2443 520 2478 regionem
549 2441 674 2469 habitant
701 2440 798 2475 angeli,
824 2439 921 2467 oll‘ensi
950 2439 1057 2474 ingrato

276 2489 417 2516 hominum
433 2495 496 2522 erga
524 2487 608 2514 Deum
637 2486 729 2513 animo
757 2485 904 2521 postulant,
922 2484 948 2511 in
972 2484 1055 2511 vitam

275 2534 417 2562 hominum
435 2533 526 2561 venire
540 2532 630 2566 liceat,
647 2537 678 2559 ut
695 2537 759 2558 vere
772 2529 898 2558 homines
917 2527 992 2561 facti,
1009 2535 1057 2563 per

1112 2260 1160 2296 μὲν
1168 2260 1221 2296 γὰρ
1234 2260 1256 2275 ⁸⁷
1270 2259 1359 2294 ἀγαθὰ
1371 2259 1409 2290 ὡς
1416 2259 1553 2294 βλάψαντα
1568 2256 1724 2288 ἀπωθοῦσα,
1735 2255 1770 2282 τὰ
1783 2255 1815 2282 δὲ
1828 2258 1912 2284 κακά

1111 2306 1148 2338 ὡς
1164 2306 1341 2342 ὠφελήσαντα
1356 2304 1578 2340 ἀντεισφέρουσα.

1145 2391 1202 2419 ΧΠ.
1212 2391 1271 2419 Τῶν
1277 2391 1331 2427 γὰρ
1343 2390 1505 2426 τὺνούρανὺν
1519 2389 1692 2417 ἐνοικούντων
1698 2388 1721 2405 ⁸⁸
1732 2389 1911 2424 πνευμάτων

1109 2439 1133 2465 οἱ
1146 2438 1357 2474 τὴν”χατωτάτω
1365 2437 1454 2474 χώραν
1465 2436 1656 2466 κατοικοῦντες
1681 2433 1806 2468 ἄγγελοι,
1819 2434 1912 2469 ἀχθε-

1110 2483 1218 2516 σθέντες
1245 2483 1290 2510 ὲπὶ
1316 2483 1418 2519 τῇ’τῶν
1445 2482 1595 2518 ἀνθρώπων
1610 2479 1726 2512 εἱςΘεὺν
1736 2479 1910 2515 ἀχαριστίᾳ,

1109 2529 1247 2556 αἰτοῦνται
1272 2531 1312 2562 εἰς
1336 2529 1380 2556 τὸν
1397 2528 1547 2565 ἀνθρώπων
1563 2527 1650 2554 ὲλθεζν
1665 2525 1732 2561 βίον,
1751 2525 1797 2552 ῖνα
1814 2525 1911 2556 ὅντως

911 2596 1028 2625 VARI/EI
1049 2595 1251 2625 LECTIONES.

310 2654 334 2671 ι’
347 2651 412 2678 Θεόν
425 2651 457 2683 Ο,
472 2655 503 2679 ιιι
516 2650 569 2686 legi
582 2649 662 2686 jubet
670 2647 791 2686 εει-ςλ-ιη
803 2646 859 2686 cui.
873 2644 1029 2686 ιειςιιιθεοῠ.
1051 2679 1060 2686 λ
1070 2645 1093 2686 ξο

275 2687 375 2714 excidit
389 2695 433 2721 ap.
449 2680 479 2713 ιιι
505 2680 873 2721 (edd.'1698,|7_24)et_5_..
898 2682 920 2699 ιδ
935 2680 971 2721 μῄ

1105 2645 1150 2672 καί
1160 2645 1190 2674 C.
1230 2645 1513 2672 ε’ἀνακαλέσονταιυ.
1544 2644 1567 2661 ⁸⁸
1578 2642 1724 2679 γενωμένῳ
1733 2641 1767 2679 O_.
1807 2642 1831 2661 6'
1845 2644 1909 2679 τοῖς

973 2687 1002 2705 τε
1014 2679 1141 2717 πολέμων
1158 2681 1178 2707 C
1194 2700 1201 2713 ,
1220 2681 1282 2717 μήθ’
1297 2681 1350 2717 ὑπὸ
1361 2681 1498 2716 πολεμίων
1512 2679 1533 2706 D
1549 2699 1556 2712 ,
1573 2677 1641 2717 μήτε
1651 2677 1808 2717 ςπολεμίοις
1816 2678 1904 2717 coni.

276 2720 296 2748 S
310 2741 318 2753 ,
333 2713 400 2756 μήτε
407 2713 583 2756 ’πολέμῲίοτν
608 2720 629 2737 ⁸⁸
648 2713 698 2756 τήν
712 2718 742 2746 C.
765 2713 803 2734 '“
815 2716 847 2743 δι’
861 2713 997 2756 ἁμαρτίας
1010 2715 1042 2747 0,
1127 2713 1409 2756 [εοοιιῄιὶιιμίΐοι-ἱίιμι
1425 2713 1582 2756 corruptus;
1599 2713 1712 2755 Dativus
1730 2713 1844 2756 ἑαυτοῖς
1856 2713 1907 2756 ¹μῖ-

276 2750 468 2783 ιὶιιιιίὶιόοιιιτιι
482 2750 556 2790 leges
567 2755 666 2790 linguae
676 2750 788 2790 Graacx,
803 2756 831 2779 et
838 2750 912 2790 _qu'i_d
940 2750 1029 2790 ἰᾶσθαι
1043 2750 1093 2777 sibi

1105 2751 1179 2784 velit,
1195 2751 1303 2779 dilIicile
1317 2756 1359 2779 est
1379 2747 1533 2782 intellectti;
1544 2749 1662 2784 denique
1674 2747 1907 2784 περιϐλέπεσθαι

276 2791 413 2832 non‘i'dem
429 2783 574 2832 significat,
588 2783 660 2825 quod
677 2788 818 2832 despicre‘re.
833 2783 1045 2832 goltjectavcrim
1057 2792 1118 2812 esse
1133 2787 1307 2832 scriberide
1321 2786 1406 2832 ἀδεῶς
1415 2786 1461 2813 τὸν
1479 2783 1901 2832 τιμωρεῖσθαηξὲχξμενον,

591 2827 612 2832 ρ..
649 2824 655 2832 1
691 2831 727 2832 νηί
820 2829 831 2832 λ
874 2828 910 2832 ....
938 2827 1010 2832 Α-λ...
1026 2825 1151 2832 -μΑ-Αι.-λ
1167 2831 1171 2832 ν
1192 2831 1196 2832 ν
1209 2830 1219 2832 μ
1241 2821 1326 2832 _J.___,
1377 2824 1389 2832 Δ
1415 2823 1590 2832 1..-...-μη-..η
1756 2822 1782 2832 Α.

590 2816 612 2844 δ”
623 2824 678 2860 γάρ
686 2816 742 2852 oni.
758 2821 780 2851 0
795 2841 803 2856 ,
818 2821 852 2850 ad
868 2816 923 2856 cui.
936 2827 1011 2848 oram
1026 2825 1152 2850 monetur
1166 2831 1174 2851 :
1191 2821 1341 2850 Metium.
1377 2816 1403 2842 σέ
1415 2816 1590 2850 ἐνοικούντων
1603 2819 1633 2848 Cl
1657 2816 1748 2855 (1698
1755 2822 1784 2846 et
1800 2816 1904 2852 1724),

329 2860 454 2889 ικούντων
475 2863 504 2891 s.
