1942 3100
78 115 118 145 9,53
573 105 799 135 CLEMENTINA.
819 120 855 127 —-
868 104 1012 133 HOMILIA
1031 105 1098 134 VIII.

1608 110 1662 139 ω

74 172 185 207 ἂνθρωποι
203 168 347 203 γενόμενοι,
367 166 413 193 ἐπὶ
433 165 554 200 πολιτείᾳ
578 164 678 192 πλείονι
700 165 764 196 τοὺς
785 165 820 195 είς

879 162 993 190 multam
1018 163 1252 190 conversationem
1278 163 1433 200 redargutis
1459 165 1505 200 qui
1530 165 1556 192 in
1575 164 1660 194 Deum

74 214 136 242 αὑτὸν
148 213 370 248 ἀχαριστήσαντας
379 211 535 245 ὲλὲγξαντες
550 209 644 236 αὐτόθι
659 211 692 245 τῇ
705 209 828 242 κατ’ἀξί-

73 269 98 286 αν
115 260 212 285 ἕκαστον
235 256 387 283 ὑποϐάλωσι
412 255 540 291 τιμωρίᾳ.
564 254 660 281 Ὁπότε
676 253 723 281 οὖν
747 253 828 289 189

73 305 204 338 αἰτήσαντες
212 301 315 332 ἔλαϐον,
324 300 390 336 πρὸς
407 301 495 327 πᾶσαν
509 298 622 331 ἑαυτοὺς
633 299 795 335 μετέῧαλλον
804 299 827 315 θ’

71 349 141 385 eius.
161 347 203 374 ἅτε
232 346 421 381 θειωδεστέρας
443 345 518 376 ὅντες
545 344 640 376 οὐσίας
658 345 705 371 καὶ
729 344 828 380 ῥᾳδίως

71 393 124 427 πρὸς
135 391 212 418 πάντα
226 390 437 426 μετατρέπεσθαι
452 390 605 425 δυνάμενοι.
627 391 681 417 Καὶ
700 390 825 424 ἐγένοντο

69 438 124 469 λίθος
140 437 228 473 τίμιος,
245 438 291 464 καὶ
309 437 480 473 μαργαρίτης
496 437 685 472 περίϐλεπτος,
698 436 825 472 πορφύρα

68 493 90 510 τε
99 483 189 519 εἰτύχοι
202 483 337 519 καλλίστη,
353 483 401 510 καὶ
417 483 516 519 χρυσὸς
531 483 644 515 ἔνδοξος,
658 484 704 509 καὶ
718 483 793 510 πᾶσα
801 483 825 498 ⁷⁸

68 529 196 565 πολυτίμιος
218 528 275 564 ὕλη.
292 529 346 555 Καὶ
362 528 416 555 τῶν
437 529 484 564 μὲν
498 530 538 560 εἰς
550 530 655 564 χεῖρας,
671 529 724 555 τῶν
739 528 769 555 δὲ
785 529 825 560 εἰς

68 575 144 601 κόλτων
156 575 299 606 ἐνέπιπτον,
309 575 355 602 καὶ
371 574 516 601 ὑπ’-αὑτῶν
533 575 640 606 ἑκόντες
652 574 822 601 ἐκλὲπτοντο.

67 619 239 646 Μετεὸάλλοντο
255 620 284 646 δὲ
300 620 347 646 καὶ
361 621 401 652 εὶς
416 619 567 655 τετράποδα
586 619 633 645 καὶ
651 619 691 650 εἰς
707 618 822 654 ἑρπετὰ,

67 667 134 702 νηκτὰ
141 676 166 693 τε
176 667 218 694 καὶ.
230 666 328 702 πτηνὰ,
337 667 383 693 καὶ
393 667 433 697 είς
447 666 500 692 πᾶν
508 666 576 701 ὅπερ
587 665 745 700 ἧθελον.”Λτ
750 673 792 690 ινα
800 665 822 680 ⁷¹

66 714 101 739 καὶ
114 714 133 739 οί
153 714 211 748 παρ’
235 714 298 748 ὑμῖν
325 713 435 748 ποιηταὶ
451 712 566 747 ἀφοϐίας
582 712 657 747 αἰτίᾳ
674 713 712 743 ὡς
728 712 823 747 ἔτυχεν

66 758 159 793 ᾷὲουσιν,
174 759 210 785 ἐνὶ
218 759 239 774 ⁷¹
252 758 342 784 τοίνυν
356 758 406 790 τὰς
421 758 528 785 πάντων
544 757 645 789 πολλὰς
662 759 709 784 καὶ
729 757 822 792 διαφό-

66 811 114 837 ρους
127 802 229 838 πράξεις
244 803 439 837 ἀπονέμοντες.

879 208 978 243 ingrati
1004 208 1125 240 fuerant,
1157 209 1303 237 confestim
1328 218 1549 245 unumquemque
1563 213 1661 239 merito

878 251 1017 280 allit:erent
1041 253 1188 288 supplicio.
1206 253 1320 286 Quando
1338 255 1419 290 igitur
1433 256 1506 290 quod
1528 257 1662 290 petierant

878 302 1052 332 acceperunt,
1071 298 1097 325 in
1113 306 1221 325 omnem
1235 306 1265 326 se
1276 304 1417 327 mutarunt
1428 304 1602 334 naturam,ut
1613 303 1660 336 qui

877 344 1020 372 divinioris
1048 349 1140 372 essent
1165 345 1335 378 substantiae,
1363 345 1498 381 facileque
1521 347 1547 374 in
1567 348 1661 375 omnia

876 395 988 425 possent
1003 391 1134 418 converti.
1150 389 1183 418 Et
1198 390 1263 418 facti
1286 396 1350 419 sunt
1378 392 1446 426 lapis
1471 393 1617 427 pretiosus,
1634 398 1661 421 et

877 436 1026 471 margarita
1051 436 1210 471 conspicua,
1226 441 1253 464 et
1275 445 1394 472 purpura
1412 438 1435 465 si
1459 446 1520 473 qua:
1535 440 1661 474 pulcher-

876 482 957 515 rima,
974 486 1001 510 et
1016 490 1114 510 aurum
1136 483 1251 518 insigne,
1270 491 1302 511 ac
1316 485 1405 512 omnis
1419 486 1561 520 magniﬁca
1575 491 1661 514 mate-

875 528 926 557 ria.
952 529 1041 562 Atque
1054 528 1081 555 in
1095 529 1211 556 aliorum
1236 528 1348 563 quidem
1367 537 1475 564 manus,
1489 531 1516 558 in
1542 532 1659 560 aliorum

875 581 940 601 vero
962 574 1053 601 sinum
1077 573 1241 607 inciderunt,
1257 579 1285 602 et
1300 576 1334 602 ab
1350 575 1384 603 iis
1400 581 1497 611 sponte
1517 579 1660 612 rapieban-

875 623 930 646 tur.
944 619 996 647 Sed
1019 623 1047 647 et
1069 619 1256 648 transformati
1283 625 1349 648 sunt
1372 622 1399 649 in
1417 623 1607 658 quadrupedes
1631 628 1659 651 et

874 670 1025 699 serpentes,
1042 666 1131 700 pisces
1148 670 1175 693 et
1197 673 1271 700 aves,
1287 674 1319 694 ac
1334 667 1360 694 in
1383 668 1566 704 quodcunque
1585 670 1661 697 vole-

873 710 948 737 bant.
962 710 1028 743 Quae
1042 711 1126 738 vestri
1141 711 1223 739 etiam
1239 717 1334 746 poetae.
1352 713 1426 747 quod
1440 713 1509 740 nihil
1534 715 1658 748 timeant,

872 763 922 790 pro
951 756 1030 784 libito
1055 761 1168 788 canunt.
1193 757 1241 784 uni
1265 765 1363 793 nempe
1385 759 1508 786 omnium
1532 761 1618 787 multa
1632 766 1660 788 et

872 801 949 828 varia
961 809 1044 836 opera
1058 802 1220 830 tribuentes.

92 857 146 884 XIII.
165 857 232 892 Πλὴν
253 858 297 884 ὅτε
316 858 404 884 ταῦτα
420 858 557 892 γενόμενοι
573 858 635 889 τοὺς
653 857 820 893 διαρπάσαν-

908 857 976 885 XIII.
993 857 1128 886 Cmterum
1144 859 1252 893 quando
1272 859 1330 887 haec
1354 859 1419 887 facti
1442 865 1566 896 raptores
1589 869 1656 890 suos

64 909 101 933 τας
110 902 196 934 αὐτοὺς
214 902 379 934 πλεονέκτας
394 902 519 937 ἤλεγξαν,
534 902 581 929 καὶ
597 903 637 934 εἱς
651 903 700 938 τὴν
714 902 821 938 ἀνθρώ-

66 955 110 973 πων
123 947 192 981 φύσιν
204 948 316 979 ἑαυτοὺς
331 947 490 982 μετέϐαλλον
500 948 535 981 ⁷³,
552 948 594 974 ἵνα
608 948 690 979 ὁσίως
704 947 822 974 πολιτευ-

65 991 151 1026 σάμενοι
164 993 207 1019 καὶ
229 993 258 1019 τὸ
279 993 392 1020 δυνατὸν
413 992 460 1019 τοῦ
481 992 669 1019 πολιτεύεσθαι
687 992 822 1025 δείξαντες

63 1038 111 1068 τοὺς
119 1038 270 1073 ἀχαρίστους
280 1039 304 1054 ⁷³
321 1038 447 1070 εὐθύναις
464 1038 649 1070 ὑποϐάλωσιν,
674 1038 767 1073 ἐπειδὴ
778 1038 822 1064 δν-

63 1091 103 1114 τως
114 1083 142 1109 τὰ
156 1083 238 1111 πάντα
251 1084 392 1120 ἄνθρωποι
407 1083 527 1117 ἐγίνοντο
541 1084 587 1110 καῗι
603 1083 653 1119 τὴν
675 1083 822 1118 ἐπιθυμίαν

63 1128 121 1162 ἔσχον
132 1129 174 1163 τὴν
188 1128 373 1164 ἀνθρωπίνην,
389 1128 442 1155 ὑπὸ
454 1128 557 1163 ταύτης
577 1127 757 1163 κρατούμενοι
781 1128 822 1159 είς

63 1173 171 1206 γυναικῶν
179 1173 248 1209 μῖξιν
256 1174 381 1207 ὤλισθον,
391 1171 434 1205 αἷς
443 1173 645 1209 συμπλακέντες
655 1174 702 1200 καὶ
711 1173 822 1208 μιασμῷ

62 1219 167 1252 παγέντες
173 1220 272 1255 καὶτῆς
282 1219 397 1255 πρώτης
403 1219 542 1254 δυνάμεως
550 1219 687 1251 παντελῶς
696 1218 823 1246 κενωθέν-

61 1271 95 1295 se;
104 1263 134 1290 τὰ
142 1265 170 1291 ἐκ
180 1265 264 1301 πυρὸς
275 1266 417 1300 τραπέντα
433 1265 500 1301 μέλη
516 1266 555 1297 είς
570 1265 600 1292 τὺ
617 1265 723 1300 πρῶτον
733 1265 821 1291 αὐτῶν

59 1310 118 1344 iis"
125 1310 184 1343 ἰδίας
192 1311 298 1346 φύσεως
303 1311 434 1348 ἀμίαντον
444 1319 581 1349 μετασυγκ
585 1312 653 1348 εἶναι
659 1311 712 1339 ,οὐκ
718 1310 823 1347 ἐξίσχυ-

60 1361 104 1380 cev.
115 1355 154 1390 Τῷ
165 1356 217 1392 γὰρ
231 1357 312 1392 βάρει
327 1357 366 1392 τῷ
382 1357 492 1392 ὑπὸτῆς
506 1356 651 1392 ἐπιθυμίας
667 1357 707 1388 εις
722 1357 820 1392 σάρκα,

57 1398 236 1434 τελευτήσαντος
245 1401 332 1428 αὑτοῦ
338 1400 385 1427 τοῦ
391 1401 414 1416 ⁷⁸
423 1400 517 1435 πυρὸς,
523 1400 572 1435 τὴν
580 1399 730 1426 ἀσεϐοῦσαν
738 1399 821 1425 ὥδευ-

58 1451 94 1469 σαν
110 1444 160 1470 ὁδὸν
178 1445 261 1472 κάτω·
280 1445 386 1481 σαρκὸς
403 1445 458 1480 γὰρ
479 1445 555 1471 αὐτοὶ
569 1444 678 1480 δεσμοῖς
705 1443 823 1479 πεπεδη-

872 911 970 931 avaros
989 904 1185 936 ostenderunt,
1204 905 1272 932 etin
1288 905 1429 933 hominum
1445 910 1572 934 naturam
1595 915 1657 934 mu-

872 953 999 977 taverunt
1013 957 1041 977 se
1052 971 1059 983 ,
1077 956 1131 985 quo
1143 954 1237 978 sancte
1249 951 1370 978 viventes
1386 956 1413 979 et
1434 952 1516 979 vitam
1533 957 1657 981 sanctam

872 1003 933 1024 esse
948 995 1108 1030 possibilem
1123 1001 1309 1024 monstrantes
1323 998 1446 1032 ingratos
1458 998 1547 1033 poenis
1561 999 1657 1027 subde-

872 1046 933 1068 rent
947 1051 953 1068 :
966 1042 1108 1077 quoniam,
1120 1041 1243 1076 inquam,
1258 1049 1322 1070 vere
1332 1043 1445 1070 omnino
1459 1043 1583 1071 homines
1597 1045 1658 1072 exi-

871 1086 980 1114 stebant
996 1092 1024 1114 et
1037 1086 1175 1114 habebant
1190 1087 1438 1124 concupiscentiam
1451 1089 1609 1123 humanam,
1620 1090 1657 1117 ab

871 1139 904 1159 ea
923 1132 1060 1167 subjugati
1076 1132 1104 1159 in
1123 1132 1286 1160 feminarum
1303 1134 1477 1163 concubitum
1492 1135 1563 1172 lapsi
1579 1141 1656 1172 sunt,

871 1178 972 1213 quibus
986 1178 1135 1213 commisti,
1151 1182 1177 1208 et
1193 1179 1299 1214 piaculo
1312 1182 1423 1216 conﬁxi,
1438 1186 1520 1217 atque
1535 1190 1551 1210 a
1566 1183 1656 1218 prima

871 1225 972 1252 virtute
993 1226 1102 1253 vacuati
1124 1227 1249 1261 penitus,
1264 1234 1297 1254 ex
1313 1227 1374 1263 igne
1389 1235 1520 1256 conversa
1533 1230 1656 1257 membra

872 1271 899 1299 in
919 1272 1033 1308 primam
1051 1278 1157 1300 natura:
1168 1281 1224 1301 suae
1235 1274 1380 1308 puritatem
1394 1282 1447 1302 non
1462 1275 1606 1302 valuerunt
1617 1276 1656 1303 in-

872 1322 1008 1346 staurare.
1025 1318 1093 1345 Nam
1104 1326 1153 1354 per
1165 1319 1272 1353 pondus
1289 1326 1322 1346 ex
1339 1319 1443 1346 carnali
1460 1321 1656 1355 concupiscen-

873 1364 909 1391 tia
924 1368 1026 1398 ortum,
1040 1365 1099 1399 ipso
1116 1365 1178 1400 igne
1197 1364 1355 1397 desinente,
1378 1373 1427 1399 per
1448 1365 1558 1400 impiam
1582 1366 1655 1393 viam

871 1408 943 1436 infra
964 1409 1144 1436 incesserunt.
1167 1409 1324 1444 Siquidem,
1338 1410 1430 1437 carnis
1444 1411 1562 1438 vinculis
1578 1419 1654 1438 com-

871 1455 965 1490 pediti,
983 1454 1085 1482 detenti
1100 1460 1163 1482 sunt
1181 1463 1213 1482 ac
1230 1455 1335 1482 fortiter
1352 1456 1435 1491 ligati,
1452 1460 1562 1491 propter
1581 1458 1655 1492 quod

57 1489 115 1522 μένοι
129 1489 201 1525 190
215 1491 430 1526 κατέσ-χηνταιτ⁷
446 1490 493 1517 καὶ
511 1490 627 1525 ἰσχυρῶς
642 1489 772 1523 δέδενται,
789 1485 818 1515 οὗ

872 1485 926 1528 non
941 1505 1089 1536 potuerunt
1103 1501 1220 1536 amplius
1235 1502 1261 1528 in
1278 1502 1361 1529 cmlos
1376 1502 1535 1529 ascendere.

57 1535 129 1562 ἕνεκεν
139 1537 176 1569 εὶς
189 1538 323 1573 οὐρανοὺς
337 1537 456 1564 ἀνελθεῖν
470 1537 562 1564 οὐκέτι
578 1536 755 1572 ἐδυνήθησαν.

80 1585 140 1614 XIV.
158 1588 232 1615 Μετά
247 1589 304 1624 γὰρ
335 1587 492 1619 συνουσίαν,
515 1588 529 1614 ὃ
541 1587 565 1603 ’⁸
584 1587 615 1614 τὸ
631 1587 738 1623 πρῶτον
761 1587 818 1621 ἐγί-

55 1638 113 1657 νοντο
125 1632 317 1669 ἀπαιτηθέντες
337 1633 384 1660 καὶ⁸
404 1634 553 1669 παρασχεῖν
573 1633 670 1668 μηκέτι
691 1632 818 1668 δυνηθέν-

54 1685 95 1709 τες,
105 1678 145 1704 διὰ
156 1679 185 1705 τὸ
200 1679 264 1706 ἄλλο
278 1688 307 1706 τι
324 1678 394 1714 μετὰ
411 1679 529 1715 μιασμὸν
543 1680 656 1711 ἑαυτοὺς
667 1680 690 1696 "'
706 1679 819 1714 ποιῆσαι

55 1722 82 1757 μὴ
95 1723 359 1761 δύνασθαι,ἀρέσκειν
372 1734 403 1751 τε
417 1727 477 1757 ταῖς
491 1725 641 1760 ὲρωμέναις
654 1725 817 1760 βουλόμενοι,

52 1766 96 1793 ἀνθ’
107 1769 202 1797 ἑαυτῶν
217 1771 283 1802 τοὺς
300 1771 354 1805 τῆς
372 1771 425 1805 γῆς
443 1770 556 1806 μυελοὺς
573 1770 714 1804 ὑπέδειξαν
724 1790 731 1802 ,
748 1770 819 1804 λέγω

53 1812 73 1837 δὲ
84 1814 112 1840 τὰ
125 1816 153 1841 ὲκ
169 1816 310 1850 μετάλλων
325 1816 393 1852 ἄνθη
403 1836 411 1848 ,
427 1816 540 1852 χρυσὸν,
555 1815 668 1851 χαλκὸν,
683 1817 817 1852 ἄργυρον,

53 1856 140 1893 σίδηρον
157 1861 201 1887 καὶ
215 1861 251 1887 τὰ
269 1862 366 1896 ὃμοια,
390 1861 439 1888 σὺν
453 1863 511 1893 τοῖς
528 1860 701 1897 τιμιωτάτοις
717 1861 818 1888 ἅπασιν

52 1901 127 1934 λίθοις.
137 1905 186 1932 Σὺν
203 1906 314 1937 τούτοις
329 1906 360 1932 δὲ
373 1907 430 1937 τοῖς
447 1907 621 1941 μαγευθεῖσιν
631 1906 654 1922 ⁸⁰
668 1905 752 1936 λίθοις
772 1906 819 1932 καὶ

51 1947 87 1979 τὰς
107 1950 195 1986 τέχνας
216 1952 273 1978 τῶν
295 1952 367 1987 πρὸς
383 1952 486 1979 ἕκαστα
511 1951 679 1988 πραγμάτων
701 1951 817 1986 παρέδο-

51 1995 123 2026 m",
137 1997 180 2023 καὶ
196 1997 319 2032 μαγείαν
332 1997 524 2031 συνυπὲδειεαν
535 1998 558 2014 ⁸³
572 1999 618 2025 καὶ
637 1998 817 2034 ἀστρονομίαν

49 2038 162 2074 ἐδίδαξαν,
187 2044 323 2079 δυνάμεις
342 2053 371 2070 τε
395 2043 477 2080 ῥιζῶν
492 2045 539 2071 καὶ
553 2044 603 2070 ὅσα
618 2044 682 2071 ποτὲ
699 2043 751 2070 ὑπὸ
767 2043 816 2069 ἀν-

48 2082 164 2121 θρωιήνης
178 2089 290 2119 ἐννοίας
309 2088 453 2124 εὑρεθῆναι
468 2088 606 2120 ἀδύνατον,
619 2087 660 2114 ἑτι
675 2088 704 2114 δὲ
716 2086 816 2122 χρυσοῦ

49 2126 83 2152 κιὶ
95 2127 205 2166 ἀργύρου
220 2133 269 2159 καὶ
290 2132 344 2158 τῶν
361 2132 460 2167 ὁμοίων
476 2132 563 2168 χύσιν,
578 2133 627 2164 τάς
637 2141 666 2158 τε
677 2132 730 2158 τῶν
741 2131 816 2167 ἐσθή-

903 1569 974 1598 XIV.
991 1569 1098 1597 Etenim
1109 1575 1172 1605 post
1184 1570 1371 1604 concubitum,
1382 1570 1454 1606 quod
1465 1575 1528 1599 ante
1545 1571 1654 1599 fuerant

869 1620 992 1651 repetere
1005 1615 1076 1650 jussi
1091 1623 1141 1643 nec
1155 1615 1273 1650 amplius
1293 1616 1413 1644 valentes
1427 1621 1566 1651 praestare,
1582 1625 1652 1652 quo-

870 1662 945 1689 niam
961 1662 1036 1689 aliud
1051 1669 1106 1689 non
1121 1666 1248 1696 poterant
1263 1666 1326 1696 post
1349 1662 1585 1697 inquinamentum
1610 1663 1653 1690 fa-

868 1715 941 1741 cere,
954 1712 981 1734 et
994 1707 1127 1735 adamatis
1138 1707 1299 1736 mulieribus
1313 1707 1420 1743 placere
1438 1709 1589 1743 cupientes,
1602 1717 1652 1743 pro

870 1762 899 1782 se
914 1754 982 1789 ipsis
997 1755 1103 1783 viscera
1115 1759 1195 1782 terrae
1213 1755 1400 1788 ostenderunt,
1414 1755 1509 1788 decus,
1527 1756 1650 1791 inquam,

869 1802 1052 1835 metallorum,
1068 1809 1177 1834 aurum,
1191 1809 1239 1835 aes,
1253 1805 1406 1837 argentum,
1419 1801 1520 1830 ferrum
1535 1807 1562 1829 et
1576 1801 1653 1830 simi-

869 1848 915 1881 lia,
932 1855 994 1875 cum
1011 1847 1139 1875 omnibus
1154 1847 1281 1882 pretiosis
1294 1847 1441 1882 lapidibus.
1456 1847 1524 1874 Cum
1544 1847 1587 1875 his
1602 1856 1652 1875 au-

870 1898 922 1921 tem
943 1894 1122 1928 praestigiosis
1146 1894 1260 1929 gemmis
1284 1894 1454 1921 tradiderunt
1473 1898 1500 1921 et
1524 1899 1598 1922 artes
1616 1895 1652 1922 ad

869 1940 977 1975 singula
993 1939 1172 1974 pertinentes,
1190 1944 1217 1967 et
1234 1939 1356 1975 magicas
1373 1939 1501 1967 scientias
1516 1945 1653 1968 monstra-

868 1991 984 2018 vcrunt,
999 1990 1027 2013 et
1041 1987 1238 2013 astronomiam
1252 1986 1414 2019 docuerunt,
1437 1986 1512 2014 item'
1523 1987 1651 2021 stirpium

868 2032 951 2063 vires,
967 2039 1017 2059 nec
1037 2039 1092 2059 non
1106 2039 1275 2067 quaecunque
1291 2032 1411 2059 humana
1433 2039 1510 2059 meus
1526 2040 1580 2060 non
1598 2041 1650 2068 po-

869 2077 966 2104 tuisset
982 2077 1114 2110 invenire,
1129 2077 1220 2105 adhuc
1233 2082 1260 2105 et
1273 2077 1334 2104 auri
1354 2078 1512 2112 argentique
1525 2086 1557 2106 ac
1572 2079 1650 2106 simi-

867 2122 935 2149 lium
951 2122 1086 2150 fusionem
1098 2143 1106 2156 ,
1124 2127 1205 2157 atque
1220 2122 1337 2150 vestium
1360 2122 1481 2150 diversas
1505 2123 1647 2150 tincturas.

47 2174 116 2198 των¹³
129 2177 251 2210 ποικίλας
282 2177 381 2212 βαφάς.
405 2179 459 2205 Καὶ
483 2178 560 2205 πάνθ’
577 2178 685 2210 ἁπλῶς,
710 2178 814 2213 ὅσαπερ

872 2167 989 2202 Denique
1002 2168 1094 2195 omnia
1109 2176 1234 2202 prorsus,
1245 2175 1305 2202 quae
1318 2167 1352 2195 ad
1364 2172 1490 2195 ornatum
1499 2172 1526 2195 et
1535 2169 1650 2195 oblecta-

48 2217 101 2253 πρὸς
118 2221 216 2257 κόσμου
240 2223 293 2250 καὶ
316 2223 438 2259 τέρψεως
461 2225 518 2251 ἐστι
540 2224 692 2258 γυναικῶν,
713 2223 766 2250 τῶν
786 2225 815 2250 ὲν

47 2265 112 2298 σαρκὶ
122 2266 250 2295 δεθέντων
262 2268 400 2304 δαιμόνων
417 2270 489 2296 ἐστὶν
502 2270 645 2304 εὑρήματα
655 2269 688 2295 ⁸⁸.

42 2335 44 2352 ,
72 2313 122 2341 XV.
147 2317 191 2344 Ἐκ
212 2318 242 2344 δὲ
272 2319 326 2353 τῆς
340 2319 416 2345 νόθου
443 2318 540 2354 μίξεως
567 2318 656 2345 αὐτῶν
678 2318 815 2354 ἄνθρωποι

45 2358 148 2392 é79thth
159 2363 241 2397 νὸθοι,
259 2364 352 2399 πολλῷ
368 2373 399 2399 γε
413 2364 467 2391 τῶν
482 2363 632 2400 ἀνθρώπων
649 2363 719 2391 κατὰ
734 2372 814 2399 κορυ-

44 2405 87 2439 φὴν
102 2408 215 2442 μείζους,
233 2410 285 2441 οὒς
299 2410 354 2435 oi”
371 2410 440 2445 μετά
459 2409 546 2437 ταῦτα
561 2409 691 2444 γίγαντας
705 2409 812 2444 ὠνόμα-

42 2456 92 2482 σαν,
106 2453 134 2479 οὐ
151 2453 366 2489 δρακοντόποδες
381 2455 457 2486 ὄντες
469 2456 515 2482 καὶ
533 2455 600 2491 πρὸς
616 2454 681 2481 Θεὸν
698 2454 813 2490 πόλεμον

42 2494 174 2530 ζέφάμενοι,
199 2498 239 2530 ὡς
261 2499 287 2525 οἱ
311 2499 465 2535 βλάσφημοι
488 2499 543 2526 τῶν
564 2499 695 2535 Ἑλλήνων
721 2499 813 2534 ᾅδουσι

41 2541 110 2573 ’μῦθοι
120 2563 128 2575 ,
142 2544 209 2571 ἀλλά
223 2544 370 2580 θηριώδεις
386 2546 432 2572 τὸν
446 2546 556 2581 τρόπον,
571 2546 618 2573 καὶ
633 2545 743 2580 μείζους
764 2545 814 2580 μὲν

866 2213 967 2240 tionem
984 2213 1129 2240 mulierum
1144 2218 1276 2248 spectant,
1292 2214 1446 2242 damonum
1468 2213 1497 2240 in
1519 2221 1601 2241 carne
1614 2213 1648 2240 Ii—

827 2295 835 2301 _
866 2263 992 2293 gatorum
1007 2263 1072 2286 sunt
1088 2260 1207 2287 inventa.

901 2315 960 2344 XV.
983 2316 1022 2344 Ex
1036 2317 1188 2344 adulterina
1204 2321 1294 2344 autem
1317 2316 1426 2344 illarum
1452 2317 1647 2351 conjunctione

866 2362 922 2389 nati
937 2368 1003 2390 sunt
1017 2363 1142 2390 homines
1154 2364 1256 2398 spurii,
1270 2364 1357 2391 multo
1371 2363 1529 2390 hominibus
1544 2367 1647 2389 statura

867 2408 995 2442 majores,
1014 2416 1085 2442 quos
1099 2413 1194 2444 postea
1217 2409 1340 2444 gigantes
1357 2409 1576 2439 nominaverunt,
1593 2415 1648 2434 non

866 2453 1032 2488 anguipedes
1052 2459 1079 2481 et
1099 2454 1231 2482 adversus
1256 2454 1340 2482 Deum
1363 2454 1464 2481 bellum
1486 2453 1593 2485 adorti,
1618 2457 1648 2480 ut

867 2499 957 2533 impia:
971 2498 1127 2526 Graecorum
1142 2499 1287 2527 decantant
1305 2499 1402 2527 fabulae
1412 2520 1419 2532 ,
1439 2499 1485 2525 sed
1498 2498 1546 2525 feri
1567 2498 1647 2524 mori-

867 2543 931 2575 bus,
948 2548 974 2571 et
988 2544 1146 2571 hominibus
1165 2544 1275 2579 quidem
1293 2543 1363 2570 mole
1381 2543 1503 2577 corporis
1518 2541 1646 2576 majores,

681 2601 798 2629 VARIJE
813 2599 1015 2628 LECTIONES.

71 2655 89 2671 "
104 2655 247 2693 μετέθαλον
262 2657 292 2684 C.
331 2658 355 2676 ⁷⁰
369 2658 436 2684 πᾶσι
453 2656 484 2684 0.
521 2658 546 2693 τίν
557 2658 628 2693 ἅπερ
639 2657 670 2685 Ο.
688 2657 785 2693 Postea
802 2663 827 2684 c.
843 2657 946 2693 eodem
963 2657 1048 2693 αἰτία,
1071 2660 1102 2693 ut
1117 2656 1203 2684 voluit
1217 2657 1258 2688 S.,
1282 2656 1369 2683 αίτίαν
1393 2656 1509 2693 νιιιδοηη
1521 2655 1544 2693 _7_‘
1557 2662 1610 2693 ενει
1624 2654 1647 2680 0

43 2685 130 2729 absque
141 2691 238 2729 spiritu
251 2692 453 2729 et_accentu.p"
463 2685 653 2729 Δμετέϐαιλονᾞ.
681 2691 786 2729 τίνω).
798 2691 933 2729 δείξαντες
942 2694 1004 2729 τοᾷὺνς
1014 2685 1178 2729 ἀναρίστους
1190 2685 1380 2729 desiderantur
1393 2685 1465 2729 in_0'.
1488 2691 1510 2708 ⁷⁵
1518 2689 1646 2729 Meudum

42 2722 197 2762 ET’.‘{_S_male
213 2727 339 2754 attribuit
352 2722 488 2755 Cotelerio
501 2737 507 2755 :
522 2732 610 2754 exstat
623 2735 667 2762 ap.
686 2727 726 2762 Cl:
764 2730 787 2746 ⁷ο
798 2722 887 2762 αρτῶν
900 2722 931 2754 C.
969 2722 1210 2761 ’ίκατέχονταια
1248 2727 1271 2743 ⁷⁸
1285 2726 1321 2754 Ita
1333 2726 1355 2753 0
1377 2731 1404 2752 et
1416 2727 1436 2753 C
1463 2725 1644 2762 ex_cnlgje«‘l;.

39 2755 113 2797 Erilli
122 2759 147 2785 in
161 2764 258 2797 textu._
285 2764 308 2779 τ⁹
324 2762 424 2793 αὐτούς
436 2762 466 2789 C.
503 2763 524 2778 ⁸ο
543 2755 696 2797 μεγευθὶῖσι
712 2761 743 2788 Ο.
779 2765 802 2781 οι
817 2761 886 2797 lta70
910 2769 934 2789 c.
954 2762 973 2788 S
988 2783 995 2792 .
1023 2755 1184 2796 παρἐωσαν
1197 2763 1226 2790 C.
1266 2762 1288 2779 ⁸¹
1307 2761 1422 2796 μαγείας
1458 2755 1600 2792 ὑπέδειξαν
1613 2759 1644 2786 C.

38 2786 60 2826 βξ
74 2786 271 2829 έσθημάθὼφο.
310 2786 487 2832 θῖὲορἓῖισῖέα
499 2797 532 2826 0.
543 2786 799 2836 inmutatum.
812 2786 934 2825 ofﬁcia
952 2786 1078 2825 £03136;

185 2842 323 2876 Parnm.-
347 2844 408 2875 Gn.
424 2844 462 2875 ll.

1510 2843 1530 2873 8
