1942 3100
76 104 112 134 τὸἹ
591 107 824 144 CLEMENTINA.
843 122 877 128 -—
894 106 1037 134 HOMlLlA
1056 107 1123 135 Vlll.

1647 108 1699 136 238

83 166 118 193 τοῦ
129 162 219 192 Θεοῦ⁵⁹
236 165 360 200 ἄγγελός
378 175 441 199 τις,
462 167 511 202 τὴν
526 166 609 193 αὑτοῦ
634 165 734 201 ,βουλὴν
753 165 858 200 μηνύων

914 168 957 191 est
969 172 985 192 a
1000 163 1057 192 Deo
1069 163 1181 199 quidam
1197 163 1320 200 angelus,
1337 164 1411 193 illius
1427 164 1594 193 voluntatem
1606 164 1699 194 decla-

82 213 120 239 καὶ
131 211 223 246 λέγων·

110 259 174 286 XIX.
194 259 265 286 Τάδε
285 259 362 286 δοκεῖ
385 259 425 294 τῷ
451 259 628 293 παντεπόπτῃ
646 257 725 293 Θεῷ,
750 257 864 293 μηδενὸς

77 305 219 341 ἀνθρώπων
232 305 307 340 ὑμᾶς
320 305 469 341 κυριεύειν,
485 304 550 340 μηδὲ
565 304 742 340 παρενοχλεῖν
758 303 862 339 μηδενὶ,

73 352 119 378 ἐὰν
141 352 177 387 μή
203 359 247 382 τις
263 350 334 377 ἑκὼν
358 351 454 376 ἑαυτὸν
471 351 534 385 ὑμῖν
554 348 764 385 καταδουλώσῃ,

71 396 230 432 προσκυνῶν
255 396 329 431 ὑμᾶς
355 396 402 422 καὶ
426 395 496 422 Θύων
521 396 568 422 καὶ
594 395 715 421 σπένδων
742 395 788 420 καὶ
812 394 863 428 τῆς

69 442 207 478 ὑμετέρας
223 441 440 478 μεταλαμϐάνων
459 439 601 476 τραπέζης
611 462 619 472 ,
634 440 650 475 ἢ
666 439 759 475 ἕτερόν
775 448 801 466 τι
824 436 862 465 ὧν

66 488 95 514 οὐ
113 489 167 523 χρὴ
185 487 315 518 ἐκτελῶν,
332 486 349 522 ἢ
370 484 439 522 αἷμα
457 486 568 522 χέων,ἢ
586 485 696 521 σαρκῶν
712 485 816 521 νεκρῶν
827 485 861 501 ¹⁰⁰

63 534 227 570 γεύομενος,
246 535 262 570 ἢ
283 534 376 570 θηρίου
397 533 525 568 λειψάνου
549 534 568 568 ἢ
593 532 697 568 τμητοῦ
714 532 731 568 ἢ
749 531 861 559 πνικτοῦ

62 581 79 616 ἦ
103 581 188 608 ἄλλου
204 581 282 613 τινδς
310 581 465 616 ἀκαθάρτου
489 580 696 616 ἐμπιπλάμενος
709 581 728 607 ¹.
752 580 812 606 Τῶν
833 580 861 606 δὲ

60 627 139 662 νόμῳ
155 626 216 662 ἐμῷ
229 627 453 662 προσφευγόντων
469 627 499 653 οὐ
518 625 599 661 μόνον
612 626 642 652 οὑ
653 625 782 659 ψαύσετε,
793 625 862 651 ἀλλὰ

59 673 111 698 καὶ
127 673 215 707 τιμὴν
231 671 348 703 δώσετε,
365 672 413 698 καὶ
431 672 464 697 ἐκ
482 670 629 711 προσώπου
647 670 776 704 φεύξεσθε
787 671 808 696 ³.
827 670 861 696 "0

56 727 84 744 τι
103 718 161 752 γὰρ
176 717 211 744 ἂν
226 717 317 749 αὐτοῖς
331 717 445 749 δικαίοις
459 714 520 744 οὖσι
536 715 596 742 καθ’
612 715 688 751 ὑμῶν
698 716 775 751 δοκῇ,
787 715 860 742 τοῦθ’

57 764 135 798 ὑμᾶς
148 763 243 798 δεήσει
258 763 361 790 παθεῖν.
379 762 442 789 Ἐὰν
457 762 485 789 δέ
500 770 573 793 τινες
585 761 658 788 τῶν⁹
674 762 735 797 ἐμοὶ
751 770 861 797 προκει-

58 809 152 843 μένων
171 808 376 844 ἐξαμάρτωσιν,
392 808 409 843 ἢ
428 807 640 844 μοιχευσάμενοι
651 806 661 822 ⁸
675 806 692 842 ἢ
711 806 860 842 μαγεὺσαν-

54 863 104 886 τες
121 854 139 889 ἦ
157 854 325 889 ἀκαθάρτως
336 853 483 889 βιώσαντες
506 853 523 889 ἢ
545 852 609 880 ἄλλο
623 861 650 879 τι
669 852 722 879 τῶν
739 853 800 888 ἐμοὶ
822 852 858 888 μὴ

54 899 215 926 δοκούντων
232 900 395 935 πράξαντες,
410 900 472 926 τότε
494 899 524 933 ἐξ
545 898 618 935 ἐμῆς
639 897 790 930 κελεύσεως
807 897 860 925 πά-

56 955 137 981 σχειν
159 955 189 972 τι
212 946 312 977 αὐτοὺς
328 946 373 981 ὑφ’
388 945 465 981 ὑμῶν
480 944 498 980 ἢ
513 945 559 980 ὑφ’
578 943 680 980 ἐτέρων
701 943 801 979 δεήσει·
819 940 859 976 οἷς

56 992 106 1018 καὶ
125 992 341 1027 μετανοήσασιν,
357 992 407 1027 τὴν
425 990 567 1026 μετάνοιαν
580 990 686 1026 κρίνας,
705 988 759 1015 εἴτε
776 988 858 1022 ἀξία³

55 1037 118 1063 ἐστὶ
144 1036 314 1072 συγγνώμης
329 1036 385 1063 εἴτε
401 1037 446 1064 καὶ
463 1036 510 1069 οὒ,
528 1035 578 1072 τὴν
593 1036 729 1070 ἀπόφασιν
746 1035 858 1070 ποιήσο-

57 1091 121 1116 μαι.
139 1082 239 1109 Ταῦτα
256 1081 303 1110 οὖν
322 1082 501 1119 μνημονεύειν
524 1082 572 1109 καὶ
593 1083 681 1109 ποιεῖν
694 1082 704 1098 ⁶
720 1081 857 1117 ὀφείλετε,

55 1128 86 1157 εὖ
104 1131 228 1162 εἰδότες,
244 1131 287 1157 om
303 1131 364 1157 οὐδὲ
383 1130 410 1157 αἱ
427 1129 590 1166 ἐνθυμήσεις
605 1129 683 1165 ὑμῶν
700 1129 791 1157 λαθεῖν
806 1129 858 1156 αὺ-

57 1177 103 1204 τῦν
123 1177 300 1213 δυνήσονται.

92 1222 156 1250 XX.
176 1222 298 1249 Τοιαῦτα
313 1221 586 1258 παρακελευσάμενος
599 1222 691 1253 αὐτοῖς
710 1221 724 1247 ὁ
742 1220 858 1255 ἄγγελος

58 1269 221 1305 ἀπηλλάγη.
246 1268 340 1304 Ὑμεῖς
355 1268 383 1295 δὲ
399 1268 440 1295 ἔτι
455 1268 549 1295 τοῦτον
565 1268 687 1302 ἀγνοεῖτε
700 1267 746 1294 τὸν
763 1267 855 1302 νόμον,

57 1315 98 1341 ὃτι
116 1313 282 1350 προσκυνῶν
297 1323 339 1345 τις
353 1314 481 1350 δαίμονας
494 1314 511 1349 ἢ
527 1313 598 1341 θύων
613 1313 630 1349 ἢ
646 1313 785 1349 τραπέζης
807 1313 857 1340 αὑ-

57 1363 115 1392 τᾶς
134 1360 437 1392 λοινωνῶν¹ὺπὸδουλος
463 1360 554 1392 αὐτοῖς
569 1360 723 1395 γενόμενος,
746 1360 784 1390 ὡς
805 1359 858 1386 ὑπὸ

59 1406 154 1433 κακῶν
168 1406 310 1433 δεσποτῶν
327 1406 417 1442 πάσης
429 1406 479 1441 τῆς
495 1406 525 1439 ἐξ
539 1406 627 1433 αὐτῶν
645 1406 754 1441 μεθέξει
769 1415 856 1441 τιμω-

62 1453 133 1488 pia;
151 1456 202 1479 καὶ
213 1452 259 1479 διὰ
272 1453 323 1487 τὴν
340 1452 452 1486 ἄγνοιαν
465 1452 567 1488 ταύτην
578 1453 634 1484 τοῖς
648 1453 737 1479 αὐτῶν
755 1452 857 1488 βωμοῖς

915 217 989 243 rans,
1003 209 1046 237 his
1059 210 1150 238 verbis
1163 219 1169 236 :

949 255 1020 283 XIX.
1041 255 1105 284 Haec
1120 255 1178 283 visa
1194 260 1259 284 sunt
1271 256 1394 284 omnium
1413 256 1559 292 inspectori
1572 255 1638 289 Deo,
1650 264 1701 284 vos

914 301 942 328 in
957 302 1093 329 neminem
1111 302 1255 330 hominum
1281 303 1431 336 dominari,
1455 311 1545 338 neque
1567 303 1616 330 ulli
1638 311 1699 330 mo-

913 347 1020 375 lestiam
1038 347 1151 381 inferre,
1171 349 1224 375 nisi
1240 349 1303 384 quis
1316 349 1411 377 volens
1426 357 1456 377 se
1469 350 1547 377 vobis
1562 350 1590 377 in
1613 349 1701 377 servi-

912 398 998 422 tutem
1015 394 1142 429 subjecit,
1157 394 1276 422 adorans
1294 402 1355 428 vos,
1370 400 1397 422 et
1419 395 1577 423 sacriﬁcans
1588 415 1597 428 ,
1617 401 1645 424 et
1665 396 1701 423 li-

912 440 992 472 bans,
1008 445 1036 468 et
1046 445 1144 469 vestra).
1156 448 1242 469 ccenae
1254 441 1400 476 particeps,
1412 445 1460 468 aut
1470 441 1610 476 quidpiam
1623 441 1699 469 aliud

912 486 986 521 quod
1001 493 1056 513 non
1067 486 1162 514 deceat
1175 486 1330 521 perliciens,
1341 487 1383 514 vel
1399 485 1517 514 fundens
1526 487 1700 522 sanguinem,

911 533 955 560 vel
964 532 1080 567 gustatis
1086 533 1202 560 mortuis
1208 532 1348 565 carnibus,
1355 532 1398 561 vel
1404 532 1467 560 ferte
1475 533 1607 567 reliquiis,
1614 538 1700 567 secto,

913 577 1056 611 sull'ocato,
1063 577 1172 605 autalio
1183 577 1325 605 immundo
1334 578 1462 613 repletus.
1472 577 1525 606 Eos
1534 586 1598 606 vero
1608 578 1653 614 qui
1665 579 1700 606 ad

911 624 997 658 legem
1017 630 1104 650 meam
1121 622 1293 658 cOnl'ugiunt,
1318 631 1372 650 non
1393 624 1474 652 modo
1493 632 1548 652 non
1571 625 1700 660 tangetis,

912 669 960 697 sed
976 674 1004 696 et
1023 670 1128 697 honore
1148 669 1286 697 donabitis
1297 689 1304 702 ,
1319 674 1346 697 et
1364 677 1456 697 coram
1473 669 1593 705 fugietis.
1607 670 1700 703 Quod-

912 722 1020 750 cunque
1033 715 1107 742 enim
1120 715 1198 750 ipsis,
1211 719 1304 750 utpote
1314 715 1407 750 justis,
1420 720 1514 743 contra
1527 723 1577 743 vos
1590 716 1701 750 placue-

909 761 956 794 rit.
986 761 1013 788 id
1036 768 1084 789 vos
1110 768 1222 788 necesse
1239 761 1292 788 erit
1307 761 1373 796 pati.
1393 761 1472 793 Quod
1490 762 1513 789 si
1528 761 1652 789 nonnulli
1665 769 1700 790 ex

910 807 975 839 illis,
982 806 1029 842 qui
1042 807 1108 834 mihi
1122 806 1272 840 adhaerent,
1283 807 1446 838 aberrarint,
1453 807 1495 834 vel
1503 807 1698 839 adulterantes,

911 852 953 879 vel
970 852 1088 887 magiam
1108 856 1284 885 exercentes,
1304 852 1347 879 vel
1368 852 1475 888 impure
1494 853 1633 887 viventes,
1656 854 1700 881 vel

911 898 1013 932 aliquid
1028 897 1104 925 aliud
1126 905 1222 926 eorum
1242 905 1304 933 qua:
1322 898 1390 925 mihi
1409 898 1554 933 displicent
1579 900 1698 934 operati,

910 948 976 972 tunc
989 944 1136 979 oportebit,
1152 947 1183 971 ut
1199 944 1251 979 ipsi
1264 951 1298 972 ex
1308 942 1387 977 jussu
1402 951 1464 971 meo
1477 943 1582 978 aliquid
1594 944 1699 979 patian-

910 994 954 1018 tur
968 994 1016 1017 aut
1031 998 1045 1016 a
1064 989 1151 1023 vobis,
1174 995 1222 1017 aut
1236 990 1270 1017 ab
1283 991 1354 1018 aliis.
1375 989 1480 1023 Quibus
1495 995 1522 1017 et
1542 990 1700 1024 paenitenti—

909 1036 973 1069 bus,
992 1036 1182 1071 pcenitentiam
1195 1036 1360 1071 ponderans,
1376 1044 1409 1063 an
1422 1043 1455 1063 ea
1470 1035 1579 1063 veniam
1592 1043 1699 1063 merea-

914 1086 959 1109 tur
969 1089 1020 1110 nec
1035 1089 1084 1115 ne,
1099 1081 1261 1109 sententiam
1277 1081 1469 1116 pronuntiabo.
1486 1080 1550 1109 Haec
1572 1089 1638 1117 ergo
1653 1090 1698 1109 re-

909 1130 1009 1158 ducere
1028 1129 1056 1157 in
1073 1129 1233 1156 memoriam
1245 1134 1272 1157 et
1285 1129 1375 1157 facere
1383 1129 1498 1163 debetis,
1509 1130 1698 1165 probe'gnari,

909 1176 982 1212 quod
997 1183 1047 1203 nec
1058 1175 1236 1211 cogitationes
1250 1180 1347 1203 vestrae
1361 1183 1424 1203 eum
1439 1175 1524 1203 latere
1538 1180 1678 1211 poterunt.

943 1221 1004 1249 XX.
1020 1221 1084 1249 Haec
1100 1226 1245 1257 postquam
1261 1222 1315 1249 illis
1335 1222 1467 1250 suasisset
1479 1222 1602 1257 angelus,
1615 1222 1695 1250 abiit.

911 1267 964 1296 Vos
980 1272 1071 1295 autem
1094 1267 1184 1295 adhuc
1199 1268 1274 1295 illam
1295 1268 1427 1303 ignoratis
1447 1268 1545 1303 legem,
1561 1268 1635 1302 quod
1649 1268 1697 1303 qui

908 1314 974 1342 Colit
990 1314 1139 1347 daemones,
1156 1314 1199 1342 vel
1214 1313 1364 1348 sacriﬁcat,
1385 1314 1427 1341 vel
1440 1321 1503 1341 cum
1524 1313 1580 1341 illis
1601 1321 1697 1342 mensa

908 1360 1104 1393 communicat,
1121 1360 1173 1387 sub
1187 1360 1346 1387 servitutem
1359 1367 1456 1388 eorum
1474 1360 1613 1394 redactus,
1632 1364 1697 1387 tan-

908 1414 991 1441 quam
1006 1414 1021 1434 ιι
1036 1406 1115 1434 malis
1129 1406 1249 1435 dominis
1264 1414 1360 1434 omnes
1375 1413 1408 1434 ex
1424 1407 1478 1434 illis
1499 1406 1568 1434 feret
1581 1408 1696 1442 'pmnas.

908 1452 942 1481 Et
957 1457 1066 1488 propter
1090 1453 1161 1481 banc
1182 1453 1378 1488 ignorantiam,
1392 1453 1442 1488 qui
1463 1453 1498 1481 ad
1518 1461 1614 1481 eorum
1633 1461 1697 1482 aras

61 1499 286 1535 προσφθαρέντες
309 1499 357 1526 καὶ
372 1499 462 1526 αὐτῶν
482 1498 705 1534 ὲκπληρωθέντες
729 1499 781 1526 ὑπὸ
805 1499 856 1535 τὴν

911 1500 1061 1535 perniciose
1074 1499 1231 1527 accessistis
1244 1504 1327 1535 atque
1341 1500 1376 1527 iis
1390 1499 1489 1534 expleti
1503 1500 1582 1534 estis,
1603 1500 1696 1528 venis-

62 1545 153 1572 αὐτῶν
177 1545 260 1581 194
275 1544 399 1577 ἐξουσίαν
422 1545 563 1580 γεγόνατε,
591 1545 638 1572 καὶ
661 1545 743 1572 παντὶ
762 1544 856 1580 τρόπῳ

63 1591 240 1626 ὑϐριζόμενοι
262 1590 297 1617 τὰ
313 1589 428 1626 σώματα
450 1591 582 1625 ἀγνοεῖτε.
606 1590 714 1617 Εἰδὲναι
734 1590 762 1617 δὲ
783 1591 856 1626 ὑμᾶς

61 1640 113 1674 χρὴ
129 1639 173 1665 ὅτι
196 1638 351 1669 οὐδενὺςοώ,
366 1637 491 1673 δαίμονες
514 1637 620 1673 ἔχουσιν
644 1637 784 1671 ἐξουσίαν.
808 1637 855 1664 ἐὰν

63 1686 98 1721 μὴ
117 1685 254 1721 πρότερόν
269 1693 312 1716 τις
327 1684 419 1716 αὐτοῖς
431 1684 601 1719 ὁμοδίαιτοςτ
618 1684 739 1719 γένηται.
761 1683 856 1710 Ὁπότε

60 1732 120 1759 οὐδὲ
136 1734 151 1759 ὁ
166 1732 259 1759 αὐτῶν
275 1732 367 1768 ἄρχων
384 1730 461 1766 παρὰ
475 1730 520 1757 τὸν
535 1730 588 1757 ὑπὸ
600 1730 647 1757 τοῦ
658 1729 725 1757 Θεοῦ
737 1731 797 1756 κατ’
808 1730 857 1756 αὺ-

60 1778 113 1804 τῶν
130 1777 294 1812 κινούμενον
304 1777 315 1793 ⁸
331 1776 413 1812 νόμον
436 1776 521 1802 ποιεῖν
537 1784 565 1802 τι
585 1774 707 1807 δύναται,
723 1774 764 1801 διδ
780 1773 856 1807 ἐξου-

61 1824 121 1850 σὶαν
137 1824 214 1855 τινος
229 1824 281 1850 οὐκ
301 1822 358 1858 ἔχει
377 1822 414 1858 μὴ
431 1822 668 1857 προσκυνήσαντος
685 1821 774 1848 αὐτόν’
798 1821 856 1848 ἀλλ’

58 1869 120 1896 οὐδὲ
136 1869 234 1896 λαϐεῖν
244 1877 287 1900 τις
302 1868 368 1904 παρ’
380 1867 470 1895 αὐτῶν
485 1867 596 1895 δύναταί
611 1877 637 1896 τι
653 1865 690 1895 ὧν
707 1867 789 1899 Θέλει,
800 1868 856 1895 ἀλλ’

59 1916 120 1942 οὐδὲ
138 1915 275 1951 βλαϐῆναι
295 1915 384 1946 οὐδὲν,
409 1913 447 1946 ὥς
464 1913 569 1941 ἐκεῖθεν
593 1913 727 1941 δυνασθεσ
749 1914 855 1950 μαθεῖν.

93 1961 170 1988 XXI.
188 1961 235 1997 Τῷ
254 1961 309 1996 γὰρ
324 1961 374 1997 τῆς
396 1959 536 1991 εὐσεϐείας
550 1959 629 1996 ἡμῶν
647 1959 752 1995 βασιλεῖ
772 1968 857 1996 προσ-

57 2009 126 2044 ῆλθε
152 2017 222 2035 ποτε
243 2009 258 2034 ὁ
281 2008 449 2043 πρόσκαιρος
475 2007 611 2042 βασιλεὺς,
637 2007 714 2034 ita!”
737 2007 768 2033 οὐ
797 2006 857 2042 βίαν

57 2055 157 2086 ποιῶν,
171 2056 204 2081 οὺ
218 2054 273 2090 γὰρ
289 2053 364 2089 ἐξῆν,
377 2053 445 2080 ἀλλὰ
459 2053 620 2089 προτρέπων
635 2054 682 2079 καὶ
692 2052 856 2085 ἀναπείθων,

57 2103 98 2128 ὅτι
123 2102 156 2128 τὸ
177 2101 322 2136 πεισθῆναι
345 2100 393 2126 επὶ
412 2100 445 2135 τῇ
457 2100 477 2115 ¹¹
492 2099 609 2126 ἑκάστου
632 2101 721 2126 κεῖται
737 2098 856 2134 ἐξουσίᾳ.

57 2147 226 2184 Προσελθὼν
250 2145 306 2179 οὖν,
329 2146 368 2178 ὡς
386 2145 441 2172 τῶν
465 2145 605 2181 παρόντων
621 2145 659 2172 ὢν
674 2145 695 2161 ¹¹
715 2145 856 2180 βασιλεὺς,

54 2194 95 2229 τῷ
116 2193 181 2220 τῶν
200 2193 350 2229 μελλόντων
378 2191 484 2226 βασιλεῖ
506 2191 569 2228 ἔφη·
587 2193 676 2219 Πᾶσαι
693 2192 722 2218 αἱ
737 2191 785 2218 τοῦ
809 2191 857 2218 νῦν

55 2240 165 2275 κόσμου
191 2239 326 2274 βασιλεῖαι
349 2238 508 2265 ὑπόκεινται
525 2239 596 2274 ἐμοὶ,
624 2238 666 2265 ἔτι
681 2246 711 2264 τε
727 2239 742 2265 ὁ
758 2238 857 2274 χρυσὸς

55 2287 105 2313 uti.
122 2288 139 2314 ὁ
155 2287 279 2322 ἄργυρος
289 2287 336 2313 καὶ
350 2287 426 2313 πᾶσα
440 2287 456 2322 ὴ
472 2285 561 2322 τρυφὴ
577 2284 624 2312 τοῦ
643 2285 746 2320 κόσμου
761 2284 856 2311 τούτου

56 2334 112 2360 ὑπὸ
136 2335 201 2364 ταῖς
218 2334 298 2368 ἐμαῖς
313 2333 387 2360 ἐστὶν
408 2332 550 2366 ἐξουσίαις
567 2331 608 2358 διὸ
624 2331 714 2358 πεσὼν
734 2331 856 2367 προσκύ-

55 2380 141 2415 madv
161 2380 274 2415 μοι,καὶ
285 2379 364 2406 δώσω
380 2387 421 2406 σοι
439 2378 527 2405 πάντα
538 2378 635 2405 ταῦτα.
651 2377 745 2404 Ταῦτα
758 2377 787 2404 δὲ
799 2377 857 2403 ἐλε-

56 2435 107 2460 γεν
123 2425 217 2457 εἰδὼς,
234 2426 275 2452 ὅτι
294 2425 362 2461 μετά
376 2425 407 2451 τὺ
417 2425 439 2440 ¹³
459 2425 646 2461 προσκυνῆσαι
662 2425 709 2451 καὶ
728 2423 777 2459 τὴν
793 2424 854 2450 κατ’

58 2472 145 2499 αὑτοῦ
171 2470 245 2507 εἶχεν
268 2471 410 2503 ἐξουσίαν,
439 2471 485 2498 καὶ
501 2470 572 2497 οὕτω
587 2470 608 2485 ¹⁸
629 2470 679 2505 τῆς
708 2469 858 2504 μελλούσης

59 2518 140 2554 δόξης
157 2519 206 2545 καὶ
222 2517 364 2553 βασιλείας
380 2517 461 2544 αὐτὸν
473 2517 495 2532 ¹¹
509 2516 619 2552 ἀφῄρει.
638 2517 693 2543 Καὶ
711 2516 799 2542 πάντα
819 2516 858 2541 ει-

59 2564 112 2597 51‘»;
129 2565 162 2592 οὐ
179 2565 258 2601 μόνον
274 2564 356 2591 αὑτὸν
369 2563 401 2589 οὐ
419 2561 630 2598 προσεκύνησεν,
650 2562 707 2589 ἀλλ’
724 2562 784 2588 οὐδὲ
801 2561 857 2587 τῶν

905 1547 941 1574 tis
949 1546 1000 1574 sub
1009 1548 1103 1573 eoru‘m
1110 1550 1274 1580 potestatem
1285 1555 1292 1573 :
1304 1549 1398 1573 etcum
1405 1552 1520 1581 corpora
1530 1547 1604 1573 omni
1611 1547 1693 1575 modo

905 1592 1007 1620 fuerint
1016 1592 1188 1620 contumelia:
1199 1592 1316 1627 objecta,
1324 1592 1446 1619 nescitis.
1459 1592 1535 1620 Scire
1547 1597 1637 1619 autem
1646 1601 1696 1620 vos

906 1643 1024 1674 oportet,
1040 1639 1067 1666 in
1080 1639 1183 1666 nullum
1197 1639 1333 1667 daemones
1345 1639 1444 1666 habere
1460 1643 1632 1674 potestatem,
1643 1640 1696 1667 nisi

906 1685 968 1720 quis
975 1685 1049 1720 prius
1056 1685 1168 1713 conviva
1175 1692 1268 1713 eorum
1276 1684 1366 1712 fuerit.
1376 1684 1600 1720 Quandoquidem
1609 1692 1698 1720 neque

906 1731 1148 1766 princepsillorum
1161 1730 1264 1766 aliquid
1272 1735 1362 1766 potest
1371 1730 1460 1758 facere
1472 1735 1568 1758 contra
1582 1730 1667 1765 legem
1680 1737 1696 1757 a

907 1777 963 1804 Deo
979 1778 1006 1805 in
1021 1785 1069 1805 eos
1083 1778 1175 1804 latam.
1189 1776 1280 1810 Quare
1301 1777 1404 1804 nullius
1417 1777 1500 1805 habet
1519 1777 1694 1812 potestatem,

907 1823 954 1858 qui
968 1831 1022 1850 non
1036 1823 1125 1858 ipsum
1139 1823 1304 1850 adoraverit.
1323 1822 1376 1850 Sed
1392 1830 1441 1850 nec
1456 1823 1519 1857 quis
1539 1827 1628 1858 potest
1641 1822 1695 1849 ali-

907 1870 973 1905 quid
996 1877 1102 1901 eorum.
1128 1877 1189 1904 qua:
1203 1869 1288 1904 cupit,
1305 1869 1339 1896 ab
1362 1869 1416 1896 illis
1437 1870 1581 1904 consequi,
1605 1877 1695 1904 neque

907 1916 991 1944 etiam
1009 1915 1070 1943 laedi
1085 1915 1232 1949 ullatenus,
1247 1919 1278 1942 ut
1291 1915 1393 1942 istllinc
1405 1915 1511 1942 discere
1525 1916 1651 1950 potestis.

942 1961 1013 1989 XXI.
1040 1961 1108 1989 Nam
1134 1961 1168 1988 ad
1192 1965 1316 1988 nostrum
1332 1960 1441 1996 pietatis
1462 1968 1552 1996 regem
1577 1961 1696 1988 accessit

908 2007 1055 2044 aliquando
1069 2007 1224 2043 temporalis
1239 2015 1299 2040 rex,
1314 2014 1370 2034 non
1384 2007 1410 2034 vi
1423 2006 1506 2039 facta,
1520 2014 1608 2042 neque
1620 2008 1695 2034 enim

907 2053 1017 2087 licebat,
1031 2053 1078 2081 sed
1095 2053 1209 2081 hortans
1223 2057 1250 2080 et
1267 2053 1397 2084 suadens,
1414 2053 1479 2088 quia
1494 2053 1652 2087 persuaderi
1667 2054 1695 2082 in

909 2099 1128 2135 uniuscujusque
1144 2099 1226 2126 situm
1248 2102 1290 2126 est
1310 2098 1434 2126 arbitrio.
1453 2098 1593 2127 Accedens
1613 2107 1695 2135 ergo,

909 2149 1038 2173 utrerum
1047 2145 1221 2180 praesentium
1231 2152 1290 2177 rex,
1299 2144 1331 2171 ad
1342 2143 1494 2171 futurarum
1505 2145 1676 2179 regem-dixit
1687 2154 1694 2172 :

872 2178 895 2206 Β
909 2191 1006 2219 Omnia
1022 2178 1164 2226 praesentis
1187 2190 1281 2217 mundi
1300 2197 1383 2226 regna
1402 2190 1469 2217 mihi
1493 2178 1647 2226 subjacent,
1668 2196 1696 2219 et

909 2244 1037 2274 praeterea
1077 2243 1174 2264 aurum
1204 2240 1232 2263 et
1261 2240 1405 2270 argentum
1436 2243 1588 2271 omnesque
1614 2237 1695 2264 istius

908 2284 1002 2312 mundi
1017 2284 1120 2311 delicia:
1134 2283 1186 2310 sub
1201 2289 1260 2309 mea
1283 2287 1348 2309 sunt
1368 2286 1515 2316 potestate,
1537 2290 1624 2318 quare
1644 2290 1694 2310 ca-

908 2331 976 2358 dens
987 2330 1069 2357 adora
1084 2336 1137 2361 me,
1148 2333 1175 2356 et
1186 2328 1257 2356 dabo
1271 2328 1319 2356 tibi
1328 2335 1360 2355 ea
1369 2327 1471 2354 omnia.
1481 2327 1544 2355 llaec
1557 2335 1639 2362 porro
1651 2328 1694 2355 di-

909 2376 999 2409 cebat,
1022 2375 1086 2410 quia
1111 2378 1235 2407 noverat,
1253 2372 1326 2408 quod
1350 2376 1413 2408 post
1437 2373 1624 2400 adorationem
1641 2373 1693 2400 ba-

911 2422 1017 2450 buisset
1039 2422 1066 2448 in
1094 2420 1169 2448 illum
1186 2423 1358 2454 potestatem,
1375 2419 1471 2454 sicque
1487 2423 1515 2446 et
1536 2418 1629 2446 l'uturo
1644 2419 1694 2446 ho-

911 2476 978 2496 nore
993 2475 1025 2495 ac
1039 2474 1124 2502 regno
1136 2466 1278 2501 privasset.
1292 2464 1327 2492 At
1339 2465 1387 2500 qui
1403 2464 1493 2492 omnia
1509 2464 1623 2497 sciebat,
1635 2471 1691 2490 non

911 2515 993 2543 modo
1008 2514 1083 2542 illum
1099 2520 1153 2541 non
1168 2512 1300 2545 adoravit,
1327 2511 1374 2539 sed
1390 2518 1440 2538 nec
1455 2510 1603 2545 quidquam
1619 2509 1693 2537 illius

912 2561 1048 2588 donorum
1062 2557 1148 2586 voluit
1159 2557 1291 2592 accipere.
1308 2555 1345 2584 Se
1375 2555 1448 2583 enim
1461 2562 1522 2582 cum
1538 2555 1595 2582 suis
1614 2554 1694 2589 oppi-

719 2628 836 2657 VARIIE
857 2626 1060 2656 LECTIONES.

96 2684 118 2700 "
133 2681 179 2708 ὑπ’
190 2680 274 2708 αὑτοῦ
287 2687 315 2715 p.

64 2714 85 2754 ς)
97 2725 130 2754 rc.
146 2716 165 2744 S
179 2738 187 2749 ,
202 2714 345 2754 γευομένιέ

61 2752 118 2781 inde
150 2745 190 2780 ὅτι
202 2745 235 2780 ὸ.
271 2745 289 2766 ’³
306 2747 367 2775 τῶν
380 2754 436 2773 om.
453 2745 484 2773 Ο.

58 2792 68 2808 7
79 2780 227 2818 ἀπείρατον
239 2786 276 2815 ο,
319 2784 332 2799 ⁸
350 2781 478 2818 κείμενον
490 2780 608 2818 Ο.ηΤιιιῙι
621 2780 654 2807 δι’

682 2745 775 2776 τῶσιν,

699 2779 780 2808 C.’

58 2779 68 2808 ἃ
79 2779 227 2818 asia,
239 2786 276 2815 ο,
319 2784 332 2799 ⁸
350 2781 478 2816 κείμενον
490 2780 527 2822 Ο..
539 2780 608 2822 Tum
621 2779 654 2807 δι’
667 2779 681 2806 ὃ
699 2779 734 2820 (ξ
769 2783 780 2799 ⁸
794 2779 905 2822 δύνασαι
917 2779 948 2806 C.

53 2816 112 2855 πάν
133 2827 162 2855 ει
178 2846 187 2860 ν
201 2831 261 2853 non
279 2820 303 2849 ο
321 2840 330 2853 ,
344 2822 378 2845 ιιι
391 2816 460 2845 falso
477 2817 571 2844 scribit
585 2815 614 2844 S.
654 2815 675 2832 ¹³
689 2823 735 2841 του
748 2813 779 2842 Ο.
819 2814 846 2854 ᾖ
854 2823 940 2846 ουτως
953 2813 983 2841 C.

333 2676 449 2716 ὑπο.τῄ
462 2675 529 2716 Θεοὶῦ
540 2675 572 2703 0.
588 2676 623 2716 '_°°
632 2675 736 2711 νεκρῶν
750 2675 983 2716 praetermiserunt
1055 2671 1126 2704 (edd.
1130 2671 1231 2716 15695:)“
1236 2671 1320 2716 Ἄτῃ)
1329 2674 1362 2716 et

308 2701 605 2761 Ῠθῗνητοῦ
621 2719 648 2745 p.
664 2701 775 2750 £93166
852 2711 861 2725 ι
879 2701 1113 2751 ὲίμπιμπλώιιενος
1130 2706 1159 2733 0-
1200 2701 1262 2747 ’ξιιιι
1278 2706 1300 2733 Ο
1312 2701 1350 2733 ὀ.
1370 2705 1389 2732 S
1404 2701 1573 2748 negaui-nolis
1589 2701 1692 2745 (κῆαι)-

308 2756 367 2775 των
380 2754 436 2773 om.
453 2745 484 2773 Ο.
574 2745 775 2780 ὲξαμαρτωσιν,
791 2745 807 2780 ἦ
823 2744 1018 2780 μοιχησάμενοι
1031 2746 1061 2770 (Α.
1076 2777 1081 2780 _
1112 2747 1122 2763 I
1133 2741 1177 2774 ἀξι
1190 2741 1289 2780 (sic)_0.
1326 2743 1344 2780 ξι
1357 2748 1442 2780 ποιειν
1455 2740 1559 2780 excidi
1567 2745 1610 2772 ap.
1627 2739 1679 2780 δ’,

1112 2747 1122 2763 ι
1133 2741 1177 2774 agt
1190 2741 1289 2776 (sic)0.
1328 2743 1340 2776 ξ
1357 2741 1442 2776 ποιεῖν
1455 2739 1555 2776 excidit
1567 2745 1610 2772 ap.
1627 2738 1655 2776 ξ.

999 2779 1020 2794 ¹⁰
1035 2777 1081 2804 καί
1095 2771 1253 2811 transcripsi
1271 2784 1303 2803 ex
1324 2774 1357 2811 ΟΣ
1409 2775 1429 2790 ¹¹
1445 2775 1478 2809 τῇ
1492 2773 1523 2807 S,
1540 2773 1572 2806 0,
1584 2771 1646 2799 Πιοῦ
1659 2771 1690 2800 C.

1033 2813 1054 2831 ¹⁸
1072 2811 1109 2840 Ita
1127 2811 1146 2839 S
1162 2832 1169 2844 ,
1188 2809 1283 2838 ἑαυτόν
1296 2810 1327 2845 C,
1341 2809 1374 2838 0.
