1942 3100
265 154 319 183 225

691 155 720 184 S.
740 155 931 184 CLEMENTIS
948 155 959 182 l
977 154 1059 182 ROM.
1079 154 1179 183 PONT.
1199 153 1312 182 OPERA
1334 149 1450 183 ῡυΒιΑζ

1824 155 1876 183 22!

266 212 366 240 Sidone
386 211 466 241 Petro
488 213 629 248 suadente,
652 222 715 241 cum
737 214 830 249 paucis
855 213 950 241 diebus
964 211 1042 242 multi

1094 211 1140 238 καὶ
1155 212 1184 239 ὲν
1200 213 1233 248 τῇ
1249 212 1342 239 Σιδῶνι
1354 212 1400 239 τοῦ
1419 211 1523 249 Πέτρου
1539 211 1743 249 παραινοῦντος,
1761 197 1875 250 ἡμέραις

264 258 303 286 ibi
328 266 438 294 quoque
462 260 647 294 pmnitentiam
658 260 787 296 egissent,
809 268 840 288 ac
853 259 1042 293 credidissent,

264 308 347 340 atque
371 306 459 333 sanati
482 310 583 339 essent,
605 306 746 334 ecclesiam
769 306 900 340 instituit;
921 310 948 334 et
967 309 1042 341 post-

264 358 346 385 quam
362 350 479 385 aliquem
501 358 535 378 ex
560 351 735 386 presbyteris,
759 351 806 386 qui
827 359 889 378 eum
903 355 1044 379 consecta-

264 396 376 430 bantur,
391 396 577 424 constituisset
591 397 643 425 illis
656 397 824 432 episcopum,
840 396 942 424 Sidone
953 403 1044 432 egres-

264 447 312 467 sus
326 444 378 468 est.
435 459 442 465 .

299 485 344 512 lx.
368 486 465 513 Statim
490 491 579 514 autem
601 496 633 515 ac
655 487 781 524 Berytum
805 489 942 524 pervenit,
965 492 1044 516 terras

263 536 353 562 motus
369 531 456 560 factus
469 538 520 566 est,
537 538 617 568 atque
629 535 704 570 plebs
718 534 849 563 accedens
863 535 896 563 ad
908 534 1016 562 Petrum
1034 543 1042 562 :

266 575 314 602 Fer
329 585 418 611 opem,
433 578 583 613 inquiebat;
599 580 740 607 timuimus
761 581 844 614 enim,
859 580 995 614 dixerunt,
1009 588 1043 608 ne

264 627 360 647 omnes
371 622 482 649 omuino
501 624 661 657 periremus.
680 624 757 652 Tunc
773 625 878 660 Simon,
889 631 1044 655 commento

263 665 427 701 excogitato,
443 675 496 694 una
515 675 575 697 cum
591 669 721 703 Appione,
747 670 898 704 Anubione,
922 671 1043 699 Atheno-

263 711 332 738 doro
347 713 507 747 catterisque
529 714 667 742 sodalibus
688 715 796 750 publice
815 716 980 744 multitudini
994 717 1044 744 ad-

262 764 359 785 versus
386 757 495 786 Petrum
522 761 687 788 acclamabat
701 771 707 789 :
722 760 832 796 Fugite,
853 770 870 790 o
894 763 958 796 viri,
972 763 1044 791 hunc

263 800 416 836 hominem;
433 811 528 839 magus
538 810 588 832 est:
602 805 668 832 mihi
683 806 794 840 credite;
807 811 834 834 et
846 811 924 835 terrm
939 812 1043 836 motum

261 846 286 874 is
302 848 379 875 vobis
394 848 468 882 fecit,
486 850 542 884 ipse
560 851 669 878 morbos
684 851 821 884 excitavit,
836 856 866 879 ut
880 859 928 879 vos
940 856 1044 886 perter-

261 897 330 926 reat,
344 894 422 928 quasi
447 895 504 929 ipse
528 895 564 922 sit
586 894 667 923 Deus.
690 896 778 931 Atque
802 897 886 924 multa
907 896 1042 932 ejusmodi

260 945 324 972 pars
340 936 459 967 Simonis
474 944 568 967 contra
591 939 699 968 Petrum
725 941 813 974 tinxit,
827 942 901 968 velut
919 950 980 969 cum
995 943 1043 977 qui

260 983 396 1013 humanas
410 985 482 1013 vires
505 987 755 1022 supergrederetur.
773 987 896 1022 Cumque
918 988 992 1022 plebs
1014 995 1044 1016 se

261 1030 288 1057 in
304 1031 412 1058 silentio
430 1033 572 1066 tenuisset,
586 1032 683 1060 Petrus
697 1033 841 1060 subridens
858 1038 986 1060 terrorem
1002 1034 1042 1061 ina

258 1076 378 1104 cutiente
393 1077 514 1105 libertate
532 1078 599 1105 dixit
615 1087 621 1105 ι
639 1078 706 1111 Viri,
729 1087 789 1113 qua:
810 1079 845 1106 ab
864 1079 923 1107 istis
943 1079 1042 1106 dicun-

258 1125 314 1154 tur,
329 1121 414 1149 fateor
430 1130 472 1149 me
487 1130 566 1157 posse
583 1123 636 1150 Deo
657 1124 763 1151 volente
785 1124 889 1151 ellicere
903 1134 910 1152 :
925 1124 958 1151 ad
986 1124 1043 1153 tunc

259 1173 371 1203 paratus
396 1178 468 1203 sum,
488 1172 540 1199 nisi
570 1172 637 1199 mihi
669 1173 818 1200 habueritis
842 1173 921 1200 ﬁdem
946 1173 974 1201 iu
1001 1173 1043 1201 his

258 1223 320 1250 quae
333 1217 439 1252 loquor,
458 1218 614 1245 universam
638 1223 756 1246 vestram
781 1218 905 1246 funditus
921 1223 1043 1248 evertere

257 1262 404 1290 civitatem.

294 1307 329 1335 Χ.
350 1308 474 1344 Cumque
489 1309 567 1336 turba
593 1309 690 1337 timore
711 1314 782 1338 esset
804 1316 940 1338 commota
961 1315 1043 1346 atque

258 1354 429 1388 promisisset
453 1363 482 1382 se
497 1355 569 1390 quod
583 1356 617 1382 ab
629 1356 688 1390 ipso
702 1356 881 1391 imperaretur
891 1356 1041 1384 facturam:

257 1397 345 1427 Nemo
362 1406 493 1435 vestrum,
509 1401 597 1436 inquit
615 1401 722 1435 Petrus,
742 1410 829 1438 neque
848 1404 1042 1431 commercium

258 1452 321 1472 cum
338 1446 397 1473 istis
422 1447 508 1481 magis
532 1447 639 1481 habeat,
655 1456 743 1483 neque
762 1456 824 1476 cum
848 1449 882 1476 iis
900 1449 1040 1485 jungatur.

257 1490 339 1518 Plebs
365 1496 457 1520 autem
479 1493 560 1520 simul
585 1501 616 1521 ac
639 1494 720 1521 breve
746 1493 902 1522 mandatum
927 1495 1040 1528 audivit,

258 1535 377 1565 fustibus
399 1539 514 1573 sumptis
536 1547 582 1567 eos
608 1545 748 1574 persecuta
766 1545 816 1574 est,
832 1541 918 1569 donec
933 1542 1040 1576 penitus
1054 1557 1076 1585 ο

257 1583 326 1611 urbe
340 1584 497 1618 pepulisset.
511 1585 543 1612 Et
564 1586 678 1621 ingressi
693 1587 849 1622 quicunque
862 1595 893 1615 ex
911 1587 944 1615 iis
955 1595 1042 1623 aegro-

257 1629 353 1656 tahant
368 1634 394 1656 et
418 1637 433 1657 a
456 1630 624 1658 dmmonibus
648 1632 826 1666 vexabantur,
847 1640 876 1660 se
901 1633 935 1660 ad
960 1633 1042 1668 pedes

257 1673 331 1703 Petri
345 1675 528 1710 projeeerunt.
541 1676 588 1704 llle
601 1684 666 1704 vero
680 1678 739 1704 haec
761 1685 876 1706 cernens
891 1685 1043 1714 eorumque

258 1724 397 1754 stuporem
412 1720 505 1748 volens
517 1721 620 1749 solvere
633 1722 665 1749 ad
678 1730 724 1749 eos
737 1721 796 1749 iniit
818 1731 825 1750 :

295 1765 340 1794 XI.
359 1766 426 1802 Ego,
440 1767 462 1794 si
475 1772 553 1795 terrm
567 1773 656 1795 motus
669 1772 696 1795 et
712 1768 843 1804 quidquid
860 1769 921 1796 volo
932 1777 1041 1804 possem

258 1811 358 1845 facere,
373 1820 427 1840 non
449 1813 510 1840 dico
532 1814 604 1848 quod
630 1813 768 1841 Simonem
794 1822 856 1842 cum
881 1815 963 1843 sociis
983 1816 1041 1846 suis

256 1858 482 1886 exterminassem
497 1859 562 1894 (non
576 1859 649 1887 enim
671 1860 704 1887 ad
722 1861 864 1888 hominum
879 1861 1041 1889 internecio-

257 1911 320 1931 nem
335 1903 436 1932 missus
450 1904 512 1939 fui),
527 1904 574 1931 sed
591 1912 652 1932 eum
676 1905 743 1932 mihi
768 1905 886 1933 amicum
910 1905 1042 1934 reddidis-

257 1956 328 1982 sem,
345 1957 380 1977 ne
392 1957 463 1977 verae
486 1950 634 1978 detrahens
650 1958 716 1978 mea:
740 1951 927 1986 prtedit'atioui
948 1952 1042 1980 multis

258 1994 452 2030 impedimento
475 2001 547 2023 esset
565 1996 598 2023 ad
613 1995 738 2024 salutem.
753 1996 831 2030 Quod
847 1997 870 2024 si
897 1997 964 2024 mihi
982 2005 1042 2025 cre-

257 2040 325 2074 dite,
341 2040 399 2076 ipse
413 2045 456 2069 est
471 2049 578 2076 magus,
599 2041 657 2076 ipse
681 2042 873 2076 calumniator,
889 2043 947 2078 ipso
963 2043 1041 2070 mali-

258 2086 304 2114 tis:
319 2086 444 2114 minister
459 2087 487 2114 in
505 2094 552 2114 eos
567 2087 615 2122 qui
640 2088 766 2115 nesciunt
783 2088 934 2116 veritatem.
952 2089 1042 2124 Atque

258 2131 322 2160 ideo
335 2132 523 2167 peccatoribus
538 2133 713 2167 aegritudines
736 2138 824 2168 potest
842 2133 956 2168 edicere,
978 2142 1041 2162 cum

258 2185 307 2206 eos
320 2182 476 2213 peccatores
498 2178 637 2213 adjutores
666 2179 765 2207 habeat
786 2180 927 2214 potestatis
947 2184 1042 2208 contra

1093 256 1196 291 ὀλίγαις
1205 257 1310 285 πολλῶν
1326 257 1405 284 κάκεῖ
1421 258 1641 294 μετανοησάντων
1657 258 1704 286 καὶ
1721 260 1875 287 πιστευσάν-

1092 311 1162 338 των,
1180 303 1227 330 καὶ
1243 302 1459 339 θεραπευθέντων
1474 304 1621 340 ἐκκλησίαν
1636 304 1812 341 συνέστησεν,
1829 305 1876 332 καὶ

1092 349 1145 376 τῶν
1158 349 1345 384 συνεπομένων
1363 348 1437 384 αὐτῷ
1458 349 1648 385 πρεσϐυτέρων
1668 350 1728 377 τινὰ
1743 351 1877 385 καταστή-

1094 403 1143 427 σας
1153 395 1244 427 αὺτοῐς
1257 396 1413 429 ἐπίσκοπον,
1428 395 1500 431 ἐξῄει
1514 396 1563 431 τῆς
1579 395 1699 428 Σιδῶνος.

1127 484 1173 512 ΙΧ.
1199 485 1244 517 Ὠς
1267 485 1295 512 δὲ
1319 485 1399 517 εὐθὺς
1427 485 1511 521 ἐπέϐη
1535 486 1585 521 τῆς
1610 484 1748 521 Βηρυτοῦ,
1767 485 1877 521 σεισμὸς

1092 531 1215 565 ἐγένετο”
1233 531 1280 559 καὶ
1294 531 1319 558 oi
1338 531 1410 566 δχλοι
1423 530 1580 567 προσιόντες
1593 530 1632 566 τῷ
1648 530 1753 565 Πέτρῳ·
1768 530 1875 565 Βοήθει,

1093 577 1201 612 ἔλεγον]
1225 577 1402 613 πεφοϐήμεθα
1425 576 1489 612 γὰρ,
1514 577 1627 612 ἔφασαν,
1656 576 1693 611 μὴ
1715 576 1769 612 ἄρα
1792 576 1877 612 ἄρδην

1092 623 1192 655 πάντες
1207 622 1378 658 ἀπολώμεθα.
1395 622 1461 649 Τότε
1477 623 1491 649 ὁ
1505 623 1606 658 Σίμων,
1621 620 1757 657 τολμήσας
1771 622 1829 657 ἃμα
1837 622 1877 657 ’τῷ

1099 669 1231 696 ’Δππίωνι
1260 669 1308 695 καὶ
1359 667 1512 696 Ἀνουϐίωνι
1547 668 1594 695 καὶ
1628 667 1800 703 Ἀθηνοδώρῳ
1829 668 1878 695 καὶ

1092 716 1149 746 τοῖς
1165 715 1267 747 λοιποῖς
1283 715 1401 750 ἑταίροις
1417 714 1626 749 αὺτοῦ,δημοσίᾳ
1641 715 1697 745 τρῖς
1711 713 1877 748 όχλοιςκατὰ

1092 760 1139 788 τοῦ
1157 760 1260 796 Πέτρου
1276 760 1340 787 ὲϐόα
1352 769 1359 776 ·
1376 759 1502 794 Φεύγετε,
1519 759 1629 795 ἄνδρες,
1644 759 1690 786 τὸν
1708 758 1791 794 ἄνδρα
1815 758 1879 785 τοῦ-

1092 814 1154 833 τον’
1175 806 1260 841 μάγος
1276 806 1347 832 ἐστί·
1365 805 1527 832 πιστεύσατε
1539 825 1547 838 ,
1565 806 1612 832 καὶ
1627 806 1672 832 τὸν
1695 803 1806 840 σεισμὸν
1826 805 1877 831 αὐ-

1092 851 1138 884 τὸς
1153 852 1279 887 εποίησεν
1293 852 1356 887 ὑμῖν
1371 852 1402 886 ¹²,
1420 852 1466 878 καὶ
1482 851 1531 883 τὰς
1541 851 1634 883 νόσους
1645 850 1770 885 ἐκίνησεν
1784 849 1877 880 αὐτὸς,

1057 889 1078 916 Β
1093 897 1136 924 ἵνα
1150 898 1222 932 ὑμᾶς
1240 896 1444 932 καταπλήξηται
1459 897 1491 929 ¹³,
1507 897 1546 929 ὡς
1568 896 1648 928 αὐτὸς
1668 896 1706 923 ὢν
1730 895 1806 926 Θεός.
1822 894 1879 922 Καὶ

1093 943 1177 970 πολλὰ
1194 942 1307 970 τοιαῦτα
1321 943 1360 975 ὼς
1375 944 1445 979 ὑπὲρ
1466 943 1579 978 δύναμιν
1602 941 1774 977 ἀνθρωπίνην
1797 940 1876 967 δυνα-

1095 989 1173 1023 μένου
1190 988 1236 1016 τοῦ
1252 989 1354 1025 Πέτρου
1371 988 1563 1024 κατεψεύδοντο
1577 987 1679 1024 οἱπερὶ
1694 987 1740 1014 τὸν
1755 986 1876 1022 Σίμωνα.

1098 1033 1225 1069 Ἠσυχίαν
1240 1034 1268 1060 δὲ
1283 1034 1357 1069 αὐτῷ
1368 1034 1390 1050 ¹⁵
1405 1034 1597 1070 παρασχόντων
1617 1034 1670 1060 τῶν
1690 1033 1776 1068 ὄχλων
1796 1033 1810 1058 ὁ
1826 1031 1878 1058 Πέ-

1092 1089 1154 1116 τρος
1171 1080 1256 1116 βραχὺ
1274 1080 1467 1115 ὑπομειδιάσας
1482 1080 1688 1115 καταπληκτικῇ
1711 1081 1745 1114 τῇ
1768 1080 1875 1114 παρρη-

1093 1125 1139 1160 σίᾳ
1150 1133 1158 1140 ’
1179 1125 1301 1160 Ἄνδρες,
1318 1123 1403 1158 εἶπεν,
1419 1125 1489 1161 ἅπερ
1510 1123 1581 1152 οὗτοι
1596 1125 1728 1159 λέγουσιν,
1748 1123 1816 1150 Θεοῦ
1833 1123 1877 1149 θέ-

1092 1169 1192 1201 λοντος,
1210 1171 1295 1197 ποιεῖν
1310 1170 1419 1202 δυνατὸς
1436 1168 1504 1197 εἶναι
1525 1168 1659 1205 ὁμολογῶ,
1688 1168 1756 1204 πρὸς
1771 1167 1799 1194 δὲ
1817 1167 1877 1193 τού-

1091 1222 1148 1246 τοις
1167 1214 1273 1250 ἒτοιμός
1295 1215 1362 1250 είμι,
1387 1214 1434 1242 ἐὰν
1455 1215 1492 1250 μὴ
1509 1213 1637 1250 πείθησθέ
1661 1214 1683 1230 ¹⁵
1703 1222 1748 1249 μοι
1762 1212 1825 1247 περὶ
1841 1208 1878 1238 ὧ-

1092 1258 1173 1293 λέγω,
1189 1259 1238 1295 τὴν
1253 1260 1343 1287 πᾶσαν
1360 1259 1436 1295 ὑμῶν
1449 1259 1628 1295 ὲκὸαθρεῦσαι
1644 1259 1729 1285 τώλιν.

1129 1305 1209 1341 180
1224 1305 1258 1334 X.
1276 1306 1336 1334 Τῶν
1349 1307 1376 1333 δὲ
1395 1306 1480 1342 ὕχλων
1503 1306 1671 1341 φοὸηθέντων
1695 1304 1742 1331 καὶ
1756 1304 1777 1320 ¹⁶
1799 1304 1878 1339 ποιή-

1093 1359 1149 1379 σειν
1164 1351 1414 1387 ὲπαγγειλαμένων,
1427 1352 1494 1388 ὅπερ
1504 1351 1537 1378 ἂν
1553 1351 1598 1378 ὑπ’
1610 1349 1693 1377 αὐτοῦ
1704 1348 1876 1376 κελεύωνται.

1091 1396 1193 1431 Μηδεὶς
1210 1396 1296 1432 ὑμῶν,
1314 1396 1366 1432 ἔφη
1379 1397 1393 1423 ὁ
1406 1396 1517 1432 Πέτρος,
1536 1396 1603 1432 μήτε
1624 1394 1752 1430 ὁμιλείτω
1775 1394 1878 1424 τούτοις

1091 1443 1147 1473 τοῖς
1162 1442 1266 1477 γόησιν,
1284 1443 1351 1478 μήτε
1365 1441 1565 1477 ἀναμιγνύσθω.
1579 1441 1647 1468 Οἱδὲ
1662 1441 1735 1476 ὄχλοι
1756 1440 1814 1475 ἅμα
1840 1439 1879 1475 τῷ

1091 1487 1205 1514 ἀκοῦσαι
1219 1487 1265 1515 τοῦ
1282 1488 1465 1524 κελεύσματος
1484 1488 1530 1515 τοῦ
1544 1488 1675 1523 συντόμου
1697 1487 1717 1503 ¹⁷
1744 1486 1809 1519 ξύλα
1833 1486 1879 1512 λα-

1091 1533 1185 1565 ϐόντες
1203 1533 1313 1561 ἐδίωκον
1328 1535 1436 1567 αὐτοὺς,
1463 1535 1514 1567 ἕως
1540 1535 1638 1566 αὐτοὺς
1667 1532 1806 1564 παντελῶς
1829 1532 1878 1567 τῆς

1093 1580 1196 1612 πόλεως
1211 1580 1355 1615 ἐξήλασαν.
1371 1581 1426 1607 Καὶ
1448 1580 1612 1612 είσελθόντες
1633 1580 1658 1606 οἱ
1678 1578 1819 1609 νοσοῦντες
1835 1578 1878 1604 αὐ-

1091 1624 1144 1651 τῶν
1168 1624 1215 1650 καὶ
1229 1624 1407 1660 δαιμονῶντες
1425 1624 1494 1660 πρὸς
1505 1624 1568 1650 ποσὶ
1581 1623 1629 1650 τοῦ
1645 1620 1749 1658 Πέτρου
1766 1622 1879 1652 ἑαυτοὺς

1091 1669 1245 1706 ἐρρίπτουν.
1268 1670 1295 1696 '0
1308 1670 1336 1696 δὲ
1351 1669 1436 1696 ταῦτα
1453 1669 1569 1705 βλέπων,
1584 1669 1632 1697 καὶ
1647 1669 1695 1704 τὴν
1709 1667 1880 1702 κατάπληξιν

1091 1713 1180 1741 αὐτῶν
1194 1714 1324 1742 ἀναλῦσαι
1340 1714 1434 1747 θέλων,
1447 1714 1514 1750 πρὸς
1527 1714 1624 1746 αὐτοὺς
1635 1713 1697 1749 ἔφη·

1125 1769 1172 1797 XI.
1200 1769 1269 1804 Ἐγὼ
1283 1770 1410 1805 σεισμοὺς
1425 1770 1473 1797 καὶ
1490 1770 1543 1796 πᾶν
1558 1770 1573 1796 ὅ
1588 1778 1613 1796 τι
1629 1769 1757 1804 βούλομαι
1779 1768 1803 1795 εί
1820 1768 1879 1794 ἐδυ-

1090 1813 1180 1849 νάμην
1196 1815 1281 1840 ποιεῖν
1296 1813 1328 1846 ¹⁸,
1347 1813 1456 1849 Σίμωνα
1479 1814 1510 1840 οὐ
1529 1814 1600 1848 λέγω
1614 1813 1655 1840 ὅτι
1678 1812 1746 1849 μετὰ
1761 1813 1817 1839 τῶν
1830 1814 1880 1839 αὐ-

1090 1859 1137 1887 τοῦ
1153 1859 1268 1895 ἑταίρων
1286 1859 1307 1875 ¹⁹
1324 1858 1501 1895 ὲξωλόθρευον
1525 1858 1565 1895 (οὐ
1582 1858 1637 1895 γὰρ
1660 1859 1705 1885 ἐπὶ
1722 1858 1811 1894 φθορᾷ
1832 1858 1879 1885 ἀνα

1091 1903 1207 1940 θρώπων
1221 1903 1413 1939 ἁπέσταλμαι),
1430 1903 1498 1931 ἀλλὰ
1513 1903 1589 1940 φίλον
1606 1903 1716 1940 ἐμαυτῷ
1740 1903 1822 1930 αὑτὸν
1845 1903 1880 1930 ἂν

1091 1951 1271 1986 ἐποιησάμην,
1287 1950 1330 1978 ἵνα
1347 1950 1384 1986 μή
1400 1958 1450 1986 μου
1466 1949 1496 1976 τὸ
1511 1949 1609 1985 ἀληθὲς
1622 1948 1771 1976 διαϐάλλων
1792 1949 1878 1984 κήρυ-

1091 1992 1149 2034 γμα
1173 1997 1281 2028 πολλοῖς
1303 1995 1436 2032 ἐμποδίζῃ
1463 1995 1531 2032 πρὸς
1551 1994 1696 2030 σωτηρίαν.
1721 1995 1753 2021 Et
1777 1994 1806 2021 δέ
1833 2003 1878 2030 μοι

1092 2042 1232 2069 πιστεύετε
1246 2042 1278 2074 ⁸⁸³,
1296 2041 1375 2074 αὑτός
1391 2043 1448 2068 ἐστι
1466 2041 1562 2078 μάγος,
1586 2041 1666 2073 αὐτὸς
1681 2039 1814 2073 διάϐολος,
1830 2041 1875 2067 αὗ-

1090 2088 1136 2120 τὺς
1150 2088 1248 2120 κακίας
1271 2088 1409 2124 ὑπηρέτης
1425 2087 1496 2114 κατὰ
1511 2086 1566 2115 τῶν
1587 2085 1752 2121 ἀγνοούντων
1768 2087 1798 2113 τὸ
1812 2087 1871 2122 άλη·

1092 2133 1146 2166 θές.
1164 2134 1219 2162 Καὶ
1243 2133 1287 2161 διὰ
1309 2133 1388 2160 τοῦτο
1411 2132 1597 2169 ἁμαρτάνουσι
1609 2132 1629 2148 ¹¹
1644 2132 1738 2164 νόσους
1758 2132 1877 2168 ἐνεργεῖν

1091 2180 1210 2212 δύναται,
1240 2179 1384 2215 συνεργοὺς
1399 2178 1479 2214 ιέχων
1506 2178 1570 2211 τοὺς
1596 2177 1801 2213 ἁμαρτάνοντας
1828 2178 1878 2213 τῆς

258 2222 343 2258 ipsos.
359 2222 416 2259 Ego
426 2227 516 2252 autem
532 2224 578 2251 Dei
591 2225 714 2252 omnium
726 2225 846 2253 auctoris
860 2233 956 2253 servus
967 2234 1039 2259 sum,

1094 2227 1150 2253 κατ’
1174 2224 1264 2253 αὐτῶν
1282 2224 1430 2259 δυνάμεως.
1447 2223 1516 2258 Ἐγὼ
1543 2223 1572 2252 δὲ
1594 2222 1662 2250 Θεοῦ
1675 2224 1699 2240 ⁸⁸
1719 2223 1766 2250 τοῦ
1789 2223 1881 2250 πάντα

258 2269 401 2305 dextrique
416 2270 476 2305 ejus
497 2270 638 2306 Propheta:
661 2271 820 2305 discipulus.
837 2271 971 2304 Quocirca
991 2273 1038 2306 qui

258 2322 321 2343 sum
339 2315 413 2343 illius
427 2316 579 2350 apostolus,
593 2323 656 2343 vera
671 2316 803 2351 praedico;
819 2317 891 2344 bouo
903 2317 975 2343 enim
987 2317 1040 2344 mi-

259 2361 380 2390 nistrans
391 2361 473 2389 etiam
486 2361 598 2389 morbos
612 2361 730 2396 depello;
748 2369 810 2388 nam
825 2362 962 2390 secundus
975 2362 1040 2390 mis-

259 2413 308 2433 sus
321 2413 393 2440 sum,
407 2406 627 2441 quandoquidem
642 2406 771 2441 praecedit
781 2406 903 2440 morbus,
918 2406 1041 2442 sequitur

258 2459 324 2479 vero
349 2453 466 2480 sanatio.
486 2452 540 2480 Per
551 2453 628 2480 illum
652 2460 716 2488 ergo
739 2452 892 2480 maleﬁcum
919 2461 1040 2489 magum,

260 2497 316 2526 Deo
339 2499 485 2531 increduli,
507 2499 673 2534 aegrotastis;
696 2505 744 2533 per
766 2506 809 2525 me
831 2502 938 2531 autem,
960 2499 1041 2527 modo

206 2551 209 2554 '
260 2544 288 2572 in
306 2553 368 2572 cum
381 2545 508 2579 credatis,
523 2543 697 2572 sanabimini.
712 2543 756 2571 Sic
767 2544 841 2571 enim
855 2543 1040 2579 experimento

1092 2270 1269 2306 πεποιηκότος
1299 2269 1356 2305 είμὶ
1384 2269 1492 2302 δοῦλος,
1523 2268 1569 2296 τοῦ
1584 2268 1670 2302 δεξιοῦ
1699 2268 1781 2297 αὑτοῦ
1808 2269 1880 2304 Προ-

1092 2316 1177 2351 φήτου
1195 2315 1325 2350 μαθητής.
1342 2314 1386 2341 Διὸ
1400 2314 1503 2342 ἐκείνου
1516 2314 1663 2347 ἀπόστολος
1678 2314 1716 2342 ῶν
1732 2314 1858 2350 ἀληθεύω
1871 2323 1878 2330 ·

1092 2361 1186 2396 ἀγαθῷ
1202 2360 1256 2396 γὰρ
1273 2359 1415 2397 ὑπηρετῶν
1432 2360 1479 2387 καὶ
1492 2360 1586 2392 νόσους
1612 2359 1771 2387 ἀπελαύνω·
1790 2360 1880 2396 ἐπέμ-

1093 2406 1162 2442 φθην
1178 2406 1232 2442 γὰρ
1247 2405 1384 2442 δεύτερος”
1401 2406 1462 2432 ἐπεὶ
1476 2407 1634 2442 προηγεῖται
1652 2406 1700 2441 μὲν
1716 2406 1802 2438 νόσος,
1819 2406 1881 2432 ἒπε-

1093 2461 1138 2479 ται
1149 2451 1172 2468 ³³
1184 2451 1212 2478 δὲ
1226 2452 1305 2483 τασις.
1323 2452 1361 2478 Δι’
1380 2451 1482 2479 ἐκείνου
1500 2451 1548 2487 μὲν
1567 2449 1614 2479 οὖν
1631 2450 1679 2478 τοῦ
1697 2451 1774 2486 181
1794 2460 1879 2479 κακο-

1094 2497 1170 2525 ποιοῦ
1189 2498 1276 2533 μάγου
1292 2497 1331 2532 τῷ
1347 2497 1407 2532 Θεῷ
1422 2497 1622 2533 ἀποστήσαντες
1638 2498 1781 2532 ὲνοσήσατε
1795 2497 1830 2529 ’⁸,
1845 2497 1877 2523 δι’

1093 2543 1160 2580 ἐμοῦ
1177 2543 1215 2575 δὲ,
1235 2542 1282 2569 ἐάν
1297 2551 1326 2569 τε
1345 2542 1419 2578 αὒτῷ
1434 2542 1605 2578 πιστεύσητε,
1631 2541 1783 2578 ῑαθήσεσθε·
1805 2542 1879 2568 οὕτω

894 2603 1012 2632 VARle
1033 2602 1234 2631 LECTIONES.

295 2652 317 2688 ‘_'
329 2652 395 2688 ἡμῖν
409 2650 454 2686 .0.

261 2685 382 2722 ὑπέρζῖη
396 2690 469 2714 textu
480 2686 583 2721 ὥσπερ,
598 2685 629 2722 in
640 2685 662 2713 0
676 2685 714 2722 d1;
728 2685 790 2722 πέρ.

528 2650 550 2666 ⁸³
563 2649 600 2678 [ta
625 2649 656 2686 Ο,
686 2658 713 2686 c.
735 2649 767 2686 Dr.
803 2649 977 2686 καταπλήξῃ-
989 2659 1018 2676 τε
1102 2649 1176 2686 Tum_
1197 2647 1265 2686 ἄλλα
1278 2647 1413 2686 ρ..πολλά“
1426 2645 1516 2686 idgmﬁ
1530 2645 1576 2686 qui
1596 2634 1876 2686 «ἰρξηεερςιςοῃῙ-,ιῖξς

841 2655 963 2686 ταπληξῃ
989 2659 1018 2676 τε
1042 2655 1073 2677 υ.
1102 2655 1176 2689 't'um_
1197 2655 1265 2676 αλλα

841 2686 861 2702 ιδ
876 2685 950 2717 αὺτῷ
961 2684 984 2712 0
1006 2693 1031 2713 c.
1048 2684 1070 2711 D
1083 2704 1092 2717 ,
1107 2684 1196 2710 αὐτων
1208 2682 1238 2710 C.
1290 2684 1300 2717 ξ

1315 2664 1874 2716 11:33:37};ELBQIJEE'ETPJE?'52:

264 2712 273 2715 ⁷
294 2712 322 2753 λς’
334 2712 400 2749 ξιῆἰθ
410 2712 536 2756 ποιήσειν
553 2712 631 2748 omisi
647 2712 672 2748 c.
685 2712 717 2748 ὅ.
737 2712 771 2747 Si
790 2720 908 2747 retinere
933 2712 1010 2752 velis,
1039 2712 1182 2754 legendum
1198 2721 1271 2745 auct.
1287 2716 1307 2744 S
1326 2739 1333 2748 ,
1349 2723 1396 2745 aut
1411 2717 1447 2753 μὴ
1466 2712 1652 2751 ἐτέρως.ὀυι,
1665 2715 1738 2750 quod
1748 2720 1873 2758 praestat,

261 2730 386 2784 ἕξοίμως.
411 2756 484 2784 Ευίι.
500 2764 524 2784 c.
540 2756 585 2784 58.
603 2756 683 2783 habet
703 2755 859 2784 προθύμως.
876 2755 907 2782 Ci
923 2754 1012 2782 versio
1028 2753 1092 2780 ferri
1108 2760 1162 2780 non
1173 2756 1272 2784 potest.
1312 2752 1334 2768 ¹⁷
1347 2752 1485 2784 συντόμως
1495 2751 1556 2778 cod.
1570 2750 1708 2784 Reg.804.
1748 2750 1770 2766 "
1785 2758 1873 2777 ποιειν

276 2765 291 2782 τ

293 2752 386 2796 οίμως.
411 2752 484 2796 Epit.
500 2756 585 2796 αξξ,
603 2756 683 2796 habet
703 2755 859 2796 προθύμως.
876 2755 907 2782 Ci
923 2754 1012 2796 versio
1028 2752 1162 2796 feri-innon
1173 2756 1301 2796 potest."
1312 2752 1334 2796 ξ’
1347 2752 1487 2796 gradata;
1494 2752 1539 2796 god

525 2793 545 2808 ¹⁹
561 2784 635 2818 lianc
649 2790 680 2818 Ci
706 2784 890 2824 conjecturam
919 2789 1069 2824 conﬁrmati
1085 2787 1107 2816 Ο
1122 2807 1131 2821 ,
1147 2784 1254 2824 ἐτέρωνὲ
1273 2784 1437 2824 cod._lion1.
1455 2786 1584 2824 Parisin.‘
1609 2784 1715 2824 ’ζιωο
1743 2792 1762 2824 e_
1781 2785 1874 2824 Dim-

566 2825 735 2862 ptavouoti),
790 2845 798 2858 ,
822 2823 1029 2862 ἁμαρτανούσας
1051 2823 1081 2850 C.

262 2793 287 2819 εί
299 2791 475 2826 ἐδυνάμηνγα.

263 2814 432 2855 πεύεταῖά.
471 2827 492 2842 ²¹
505 2827 522 2854 ἁ

1471 2759 1485 2782 ς
1495 2750 1556 2778 cbd.
1570 2750 1708 2784 Reg.804.
1748 2750 1770 2766 "
1785 2752 1874 2777 ποιεῖν

1132 2823 1155 2838 ”
1169 2819 1262 2858 ἐγὼδὲ
1277 2821 1324 2849 τοῦ
1336 2821 1403 2850 Θεοῦ
1412 2821 1445 2851 C.
1483 2821 1506 2837 ³³
1516 2820 1555 2849 Ita
1567 2819 1588 2847 ί)
1602 2840 1612 2856 ,
1625 2820 1721 2848 ἔπειτα
1741 2820 1776 2854 C,
1801 2819 1836 2848 0.

262 2863 288 2884 ιδ
305 2862 334 2890 In
350 2862 372 2890 0
394 2863 469 2898 prius
483 2859 614 2897 scriptum
629 2865 688 2889 erat
699 2861 836 2895 ἐνοήσατε.
853 2859 954 2887 Deinde
968 2859 1038 2887 idem
1054 2866 1108 2886 om.
1123 2866 1164 2886 τε.
