1942 3100
74 149 119 178 ΒΣ)

609 145 836 176 ΟΙιΕΙΙΕΝΤΙΝΔ.
857 159 890 165 -
910 142 1050 172 ΗΟΙΠΙᾸΑ
1067 142 1131 172 VIII.

1630 140 1688 174 B6

72 210 119 246 γὰρ
131 208 178 237 τοῦ
193 205 307 236 δυνατοῦ
322 207 375 244 τὴν
391 206 489 244 πεῖραν
502 206 525 223 ’⁵
538 205 664 237 λαϐόντες
673 225 681 238 ,
693 203 792 232 ἐπὶοτδ
807 204 847 232 εὐ-

902 200 974 229 facto
1007 200 1081 228 illius
1107 199 1155 236 quI
1181 202 1279 235 potens
1293 199 1354 233 'est,
1382 200 1416 229 ad
1441 200 1511 230 bene
1533 200 1687 233 faciendum

68 254 151 316 ζητεῖν
163 251 341 289 τραπόμενοι,
358 251 409 279 καὶ
424 251 474 283 τὰς
486 250 575 287 ψυχὰς
590 250 762 286 ἀνασωθῆναι
777 248 855 285 δυνη-

81 297 94 315 ε
103 295 163 316 me.

81 295 163 323 ειητε.

95 333 156 361 XII.
175 331 269 361 Ταῦτα
287 331 373 360 αὖτοῦ
389 331 525 367 λέγοντος,
541 331 566 358 el
583 331 683 362 πάντες
697 331 854 365 γονυπετεῖς

62 379 115 414 πρὸ
134 378 191 407 τῶν
208 376 292 405 αὐτοῦ
317 376 424 405 ἔκειντο
442 376 540 404 ποδῶν.
569 375 598 403 '0
623 376 652 402 δὲ
677 376 717 407 είς
740 374 853 411 οὐρανὸν

60 425 132 460 ἄρας
148 423 200 455 τὰς
214 423 320 459 χεῖρας,
338 422 386 450 καὶ
398 421 438 458 τῷ
453 421 511 458 Θεῷ
530 421 748 458 προσευξάμενος
761 420 853 448 ίάσατο

57 470 123 502 τοὺς
147 469 254 500 πάντας
273 469 308 495 ἐκ
327 468 410 504 μόνης
429 467 532 503 εὐχῆς.
554 466 610 495 Οὺκ
629 466 726 501 ὀλίγων
741 466 769 494 δὲ
784 466 852 503 ἠμε-

57 515 115 550 ρῶν
135 513 311 550 παραμείνας
325 514 382 546 τοῖς
393 513 543 549 Βηρυτίοις,
563 513 610 540 καὶ
626 512 738 544 πολλοὺς
752 513 785 548 τῇ
804 521 852 548 μο-

55 561 180 596 ναρχικῇ
204 559 339 597 θρησκείᾳ
365 559 504 591 συνεθίσας
522 558 546 575 ³⁸
566 558 613 586 καὶ
629 558 773 594 βαπτίσας,
799 556 852 585 άπὸ

53 605 129 637 τῶν,
144 605 291 640 ἑπομένων
317 603 393 640 αὐτῷ
419 603 611 641 πρεσϐυτέρων
634 604 682 631 ἐνα
705 603 853 630 ἐπίσκοπον

52 651 154 682 αὐτοῖς
183 649 377 686 καταστήσας,
403 649 444 682 είς
462 650 512 685 τὴν
534 650 629 677 mam
645 650 668 666 "
695 648 780 685 ἐξῄει.
796 648 852 675 Καὶ

51 697 208 729 γενόμενος
235 697 295 724 ἐκεῖ
311 694 358 724 καὶ
383 696 475 733 μαθὼν
500 697 541 724 ὃτι
556 697 647 732 Σίμων
668 695 728 723 οὐδὲ
753 695 817 731 μιᾶς
828 695 851 711 ’⁸

50 743 168 779 ἡμέρας
188 743 282 776 αὐτοῖς
303 743 492 779 προσέμεινεν,
516 742 574 770 ἀλλ’
598 741 699 774 εὐθέως
723 742 763 773 είς
788 739 852 777 Τρί-

51 790 138 817 πολιν
159 789 302 826 ὥρμησεν,
329 790 426 825 ὀλίγων
449 790 559 826 ⁴ἡμερῶν
583 790 673 821 αὐτοῖς
697 789 849 824 ἐπιμείνας,

51 835 102 861 καὶ
114 834 293 870 θεραπεύσας
313 835 363 862 οὒκ
375 834 490 870 ὀλίγους,
501 836 548 862 καὶ
561 836 621 867 ταῖς
632 835 736 866 Βίῦλοις
752 834 850 866 αὐτοὺς

905 246 1039 280 conversi,
1052 246 1133 274 etiam
1159 245 1309 274 secundum
1325 245 1432 275 animas
1455 247 1524 276 salvi
1548 255 1609 278 esse
1637 256 1688 285 po-

905 292 1004 320 teritis.

939 337 997 365 XII.
1017 336 1083 371 Quae
1097 343 1160 366 cum
1181 337 1306 372 dixisset,
1322 338 1414 367 cuncti
1441 338 1475 367 ad
1500 346 1587 375 genua
1613 341 1689 370 acci-

903 385 999 413 dentes
1013 383 1143 418 iacebant
1163 387 1226 411 ante
1244 384 1327 418 pedes
1343 383 1429 412 illius.
1447 385 1483 413 At
1498 385 1554 418 ille.
1570 386 1688 415 sublatis

903 429 930 457 in
946 429 1045 457 coelum
1067 428 1209 461 manibus,
1229 428 1371 465 Deumque
1395 435 1597 465 comprecatus,
1619 440 1689 460 cun-

901 479 961 503 ctos
986 474 1143 510 precatione
1168 474 1226 502 sola
1251 474 1368 502 curavit.
1393 473 1453 502 Non
1475 483 1579 511 paucos
1594 481 1687 505 autem

902 521 960 549 dies
975 521 1047 556 apud
1063 520 1186 555 Berytios
1199 524 1403 554 commoratus,
1419 527 1481 548 cum
1496 522 1601 550 multos
1622 523 1688 550 reli-

901 566 975 601 gioni
999 573 1063 602 erga
1089 573 1174 594 unum
1196 564 1282 593 Deum
1309 565 1534 600 consuefecisset,
1557 575 1608 595 nec
1630 576 1687 596 non

901 607 1086 647 baptizasset,
1108 618 1163 639 uno
1180 614 1220 639 ex
1234 610 1401 647 presbyteris
1425 612 1473 649 qui
1497 620 1561 641 eum
1589 621 1688 649 seque-

900 646 1000 686 bantur
1024 657 1091 694 ipsis
1117 658 1147 685 in'
1165 646 1324 693 episcopum
1342 646 1502 693 constituto,
1526 659 1554 687 in
1570 646 1685 696 Byblum

900 704 976 731 abiit.
994 703 1054 737 Quo
1068 710 1130 732 cum
1145 703 1323 738 pervenisset,
1341 708 1483 739 comperto
1499 705 1571 740 quod
1590 704 1684 734 Simon

899 757 934 777 ne
945 757 1001 777 uno
1013 749 1123 784 quidem
1138 748 1182 777 die
1198 749 1259 777 illos
1275 753 1472 784 exspectasset,
1489 751 1536 778 sed
1551 751 1644 779 statim
1656 752 1684 780 in

900 795 1032 830 Tripolim
1048 794 1190 828 evasisset,
1204 801 1306 830 paucos
1318 794 1377 822 dies
1397 795 1469 830 apud
1486 802 1533 823 eos
1547 800 1682 831 moratus,

899 841 1056 877 curatisque
1082 841 1191 874 multis,
1219 848 1251 868 ac
1277 841 1304 868 in
1322 840 1463 876 Scriptura
1484 841 1623 876 exercitis,
1649 842 1683 871 ad

49 880 228 916 ἐνασκήσας,
245 881 306 908 κατ’
321 881 394 916 ίχνος
406 880 453 907 τοῦ
462 880 584 916 Σίμωνος
601 881 641 912 είς
654 881 704 916 τὴν
720 879 847 915 Τρίπολιν

900 888 1030 923 Tripolim
1056 895 1104 923 per
1130 887 1245 923 vestigia
1275 886 1397 916 Simonis
1423 887 1570 923 processit,
1590 893 1684 918 certus

50 923 224 961 ἐπορεύετο,
243 925 421 961 μεταδιώκειν
437 925 516 952 αὐτὸν
534 925 649 962 μᾶλλον,
666 925 715 960 οὐχ
729 925 848 960 ὑποφεύ-

52 979 116 1005 γειν
134 971 342 1008 προῃρημένος.

432 1020 468 1028 .—

360 1050 488 1077 'OMIAIA
508 1051 548 1077 H'.

89 1094 111 1122 1.
133 1096 184 1128 Εἰς
195 1095 224 1122 δὲ
241 1097 293 1132 τὴν
304 1095 433 1131 Τρίπολιν
447 1094 557 1121 εἰσιόντι
573 1093 612 1129 τῷ
626 1093 731 1130 Πέτρῳ,
755 1093 780 1120 οἱ
801 1102 847 1128 φι-

53 1141 254 1177 λομαθέστεροι
265 1141 297 1168 ἐκ
313 1149 344 1167 τε
357 1140 408 1176 τῆς
422 1140 509 1176 Τύρου
526 1139 573 1166 καὶ
589 1139 712 1171 Σιδῶνος,
726 1137 847 1174 Βηρυτοῦ

52 1195 84 1213 τε
95 1188 145 1213 καὶ
154 1186 268 1219 Βίϐλου,
280 1187 328 1214 καὶ
346 1186 379 1213 ἐκ
394 1185 449 1212 τῶν
463 1184 656 1221 πλησιοχώρων
667 1184 746 1219 182
757 1183 848 1211 πολλοὶ

55 1231 249 1268 συνεισῄεσαν.
272 1232 329 1267 Οὐχ
343 1232 442 1267 ἥκιστα
458 1231 486 1257 δέ
496 1230 551 1258 τῶν
568 1230 615 1257 ἀπ’
633 1230 716 1266 αὐτῆς
731 1230 780 1265 τῆς
798 1229 846 1256 πό-

56 1278 125 1310 λεως
137 1279 227 1314 δχλων
242 1278 392 1314 συνδρομαὶ
406 1277 536 1312 ἐγίνοντο,
550 1277 666 1312 ἱστορεῖν
681 1275 847 1311 βουλομένων

56 1323 146 1351 αὐτόν.
170 1322 376 1359 Συνετύγχανον
397 1320 444 1350 οὖν
464 1324 530 1358 ἡμῖν
549 1323 578 1348 ἐν
602 1322 658 1353 τοῖς
677 1320 847 1356 προαστείοις

56 1370 82 1396 οι
99 1370 147 1397 ὑπ’
164 1369 251 1396 αὐτοῦ
268 1368 471 1404 ἐκπεμφθέντες
491 1367 614 1403 ἀδελφοὶ,
634 1367 670 1393 τά
684 1375 714 1393 τε
732 1366 798 1393 ἄλλα
813 1365 848 1393 τὰ

57 1415 128 1443 κατὰ
142 1416 196 1451 τὴν
209 1415 288 1442 πόλιν
307 1415 354 1442 καὶ
373 1414 408 1442 τὰ
424 1414 597 1450 πραττόμενα
612 1412 651 1448 τῷ
666 1411 768 1448 Σίμωνι
784 1410 846 1444 ἐξα-

57 1461 204 1497 κριϐῶσαι,
227 1461 302 1493 ὅπως
324 1460 448 1492 ἐλθόντες
471 1460 673 1496 ὑφηγήσωνται.
704 1457 848 1490 ’Δποδεξά-

59 1516 132 1543 μενοι
147 1508 232 1534 αὐτὸν
247 1507 295 1534 ἐπὶ
308 1507 359 1543 τὴν
374 1506 515 1543 Μαροὸνου
525 1507 548 1522 "
560 1503 627 1541 ἦγον
641 1504 740 1532 οὶκίαν.
833 1505 846 1526 7

92 1554 124 1582 II.
150 1555 181 1581 '0
196 1555 224 1581 δέ
241 1555 284 1581 ἐπ’
300 1554 374 1590 αὐτῷ
387 1554 426 1589 τῷ
438 1553 497 1599 τῆς
509 1552 602 1599 ξενίας.
615 1552 716 1579 πυλῶνι
737 1551 788 1599 ήδη
801 1559 847 1599 γε-
858 1569 880 1599 c

59 1600 158 1634 γονὼς,
180 1599 360 1635 ἐπιστραφεὶς
375 1599 432 1630 τοῖς
448 1598 539 1632 ὄχλοις
553 1597 694 1632 ὑπέσχετο,
713 1595 782 1632 μετὰ
796 1595 846 1631 τὴν

58 1646 188 1673 ἐπιοῦσαν
203 1646 268 1681 περὶ
284 1643 438 1675 θεοσεϐείας
448 1643 540 1675 αὐτοῖς
553 1642 735 1678 διαλεχθῆναι.
751 1641 846 1668 Εἰσελ-

57 1691 148 1723 θόντος
164 1691 193 1718 δὲ
212 1690 306 1722 αὑτοῦ,
323 1691 348 1717 ot
367 1689 474 1726 πρόοδοι
487 1690 543 1720 τοῖς
557 1687 746 1723 συνεληλυθόσι
757 1686 846 1720 ξενίας

55 1737 232 1773 ηὐτρέπιζον.
257 1737 314 1764 Οὐκ
336 1736 514 1763 ἀπελείποντο
533 1735 562 1762 δέ
586 1734 647 1761 οὐδὲ
670 1734 696 1760 οἱ
718 1733 846 1769 ἀποδεχὸ-

58 1790 132 1817 μενοι
148 1782 198 1808 καὶ
214 1781 364 1815 ξενίζοντες
379 1781 429 1816 τῆς
443 1781 497 1807 τῶν
516 1779 662 1812 ἀξιούντων
681 1779 843 1815 προθυμίας.

55 1828 167 1855 Τούτων
191 1828 222 1855 δὲ
241 1827 264 1843 ’θ
278 1827 356 1854 οὐδὲν
379 1826 457 1858 εἰδὼς
478 1826 494 1852 ὸ
514 1826 626 1862 Πέτρος,
652 1825 776 1858 ἀξιωθεὶς
800 1825 844 1859 ὑφ’

53 1873 133 1910 ἡμῶν
156 1873 263 1910 τροφῆς
287 1873 460 1909 μεταλαᾶἲν,
485 1873 554 1909 ἔφη,
586 1873 622 1908 μὴ
647 1872 845 1908 μεταλήψεσθαι

54 1920 189 1956 πρότερον
206 1919 299 1952 αὐτὸς,
315 1919 398 1955 πρινὴ
419 1918 440 1934 ³¹
456 1919 520 1949 τοὺς
543 1917 753 1953 συνεληλυθότας
771 1917 845 1952 αὺτῷ

51 1965 304 1993 διαναπαύσασθαι.
352 1964 586 2000 ’Δποκρινομένων
614 1963 643 1991 δὲ
673 1963 771 1999 ἡμῶν,
803 1964 844 1990 ὃτι

51 2011 121 2047 ἔφθη
137 2012 212 2038 τοῦθ’
227 2011 315 2043 οὕτως
327 2011 500 2046 γεγενῆσθαι,
518 2010 652 2046 προφάσει
668 2009 717 2044 τῆς
731 2009 800 2045 πρὸς
814 2009 845 2036 σέ

51 2057 174 2092 στοργῆς
189 2056 293 2092 σπουδῇ
311 2056 413 2087 πάντας
424 2056 445 2071 ³⁸
459 2055 557 2086 αὐτοὺς
573 2054 789 2090 ὑποδεξαμένων,
807 2054 845 2086 ὡς

49 2103 116 2135 τοὺς
133 2104 174 2139 μὴ
192 2102 344 2138 ἐσχηκότας
363 2101 409 2134 οὓς
429 2101 568 2134 ξενίσωσιν
584 2100 608 2117 ³³
623 2100 845 2137 ὑπερϐαλλόντως

50 2146 245 2183 λελυπῆσθαι·
268 2147 283 2173 ό
305 2146 425 2183 Πέτρος,
442 2146 560 2178 ἀκούσας
594 2145 642 2172 καὶ
672 2145 764 2180 ἡσθεὶς
794 2145 844 2180 τῆς

48 2192 143 2226 ὀξείας
153 2192 364 2228 φιλανθρωπίας
381 2192 413 2224 ³⁵,
429 2192 578 2227 εὐλογήσας
601 2191 699 2222 αὐτοὺς
722 2189 842 2226 ἐξῆλθεν,

900 941 962 961 eum
980 933 1099 968 insequi,
1116 940 1171 960 non
1185 931 1385 968 subterfugere.

1274 991 1311 998 ..-

1180 1034 1323 1063 HOMILIA
1342 1033 1410 1064 VIII.

941 1079 962 1108 I.
988 1081 1057 1109 Cum
1085 1086 1175 1109 autem
1196 1081 1293 1109 Petrus
1315 1079 1447 1117 Tripolim
1482 1081 1681 1118 ingrederetur,

899 1127 945 1162 qui
969 1128 1090 1155 discendi
1118 1132 1197 1156 erant
1224 1127 1380 1163 cupidiores
1404 1135 1438 1156 ex
1462 1128 1546 1165 Tyro,
1568 1130 1680 1164 Sidone.

899 1172 995 1209 Beryto
1009 1181 1041 1200 ac
1057 1173 1151 1209 Byblo,
1165 1178 1192 1202 et
1204 1174 1282 1202 multi
1299 1182 1333 1201 ex
1351 1174 1473 1202 finitimis
1493 1175 1575 1203 simul
1594 1175 1681 1203 intra-

898 1224 971 1246 runt.
987 1218 1097 1246 Maximi
1113 1219 1195 1247 etiam
1211 1228 1244 1247 ex
1260 1220 1318 1255 ipsa
1333 1221 1441 1249 civitate
1454 1221 1596 1248 hominum
1612 1228 1682 1249 con-

897 1271 995 1292 cursus
1019 1265 1130 1299 ﬁebant,
1150 1266 1363 1295 desiderantium
1383 1268 1474 1295 videre
1490 1268 1577 1295 illum.
1596 1267 1681 1304 Igitur

898 1310 1005 1337 obviam
1030 1310 1093 1338 facti
1116 1316 1179 1339 sunt
1199 1312 1279 1340 nobis
1293 1312 1320 1340 in
1337 1313 1492 1346 suburbiis,
1509 1314 1555 1349 qui
1569 1314 1604 1341 ab
1620 1314 1681 1349 ipso

897 1355 959 1382 ideo
975 1356 1052 1384 missi
1077 1357 1196 1390 fuerant,
1212 1363 1242 1384 ut
1256 1358 1369 1393 profecti
1391 1359 1565 1394 explorarent
1584 1366 1681 1386 narra-

897 1406 1010 1437 rentque
1033 1406 1089 1429 tum
1118 1403 1195 1431 urbis
1215 1403 1283 1431 alias
1308 1411 1362 1437 res,
1379 1408 1435 1431 tum
1451 1404 1570 1432 Simonis
1593 1409 1678 1440 gesta.

899 1446 931 1474 Et
954 1447 1119 1482 excipientes
1148 1449 1224 1476 illum
1252 1449 1280 1476 in
1303 1450 1415 1478 domum
1430 1450 1570 1478 Maroonis
1594 1450 1681 1478 duxe—

896 1496 972 1519 runt.

931 1537 963 1564 II.
984 1537 1008 1565 Is
1020 1545 1085 1565 vero
1098 1538 1154 1574 jam
1173 1537 1245 1567 fores
1264 1539 1377 1574 hospitii
1394 1545 1500 1574 tenens,
1520 1548 1679 1574 conversus,

897 1583 1063 1611 multitudini
1088 1584 1228 1619 promisit,
1253 1593 1282 1613 se
1304 1591 1365 1621 post
1384 1586 1456 1614 diem
1477 1587 1627 1615 crastinum
1646 1587 1680 1615 de

896 1630 971 1657 cultu
986 1629 1031 1657 Dei
1051 1630 1104 1658 illis
1119 1631 1200 1658 verba
1220 1630 1365 1659 facturum.
1387 1632 1513 1668 Ingresso
1527 1638 1617 1660 autem
1635 1641 1678 1667 eo,

897 1675 942 1710 qui
959 1675 1089 1710 prmmissi
1111 1675 1230 1711 fuerant,
1247 1678 1366 1712 hospitia
1389 1678 1423 1705 iis
1437 1678 1484 1713 qui
1500 1679 1582 1706 simul
1595 1687 1678 1707 vene-

895 1726 958 1748 rant
977 1721 1150 1749 ordinabant.
1176 1721 1230 1750 Nec
1251 1730 1317 1750 vero
1337 1724 1385 1758 qui
1410 1724 1529 1759 hospitio
1546 1725 1681 1760 suscipie-

895 1765 979 1798 bant,
1002 1766 1142 1794 alacritate
1171 1773 1249 1796 erant
1272 1769 1416 1797 inferiores
1440 1770 1474 1797 iis
1495 1770 1542 1804 qui
1562 1770 1679 1805 hospitia

893 1812 1078 1847 postulabant.
1097 1813 1220 1846 Quorum
1242 1822 1304 1842 cum
1325 1815 1393 1842 nihil
1417 1815 1497 1843 sciret
1510 1815 1618 1849 Petrus,
1634 1824 1680 1844 ro-

895 1864 973 1893 gatus
992 1868 1006 1886 a
1023 1860 1112 1894 nobis,
1124 1861 1216 1888 cibum
1234 1869 1353 1896 sumere,
1374 1870 1548 1898 nequaquam
1562 1871 1592 1891 se
1604 1871 1681 1890 sum-

894 1909 1005 1940 pturum
1020 1906 1100 1939 dixit,
1116 1907 1170 1934 nisi
1185 1908 1261 1942 prius
1276 1908 1322 1943 qui
1339 1916 1402 1936 eum
1430 1907 1538 1936 fuerant
1558 1909 1680 1936 cmnitati

894 1951 1146 1986 intcrquiescerent.
1174 1953 1411 1989 Respondentibus
1429 1959 1521 1982 autem
1544 1955 1634 1988 nobis,
1650 1955 1679 1983 Id

892 2000 947 2035 jam
970 2000 1006 2028 ita
1024 2000 1125 2028 factum
1147 2006 1198 2036 est,
1217 2003 1268 2036 eis,
1285 2008 1397 2037 propter
1417 2011 1538 2031 amorem
1560 2011 1623 2039 erga
1642 2009 1679 2034 te.

894 2056 989 2076 omnes
1011 2048 1086 2083 ipsos
1108 2048 1231 2075 studiose
1253 2048 1476 2082 suscipientibus,
1493 2049 1560 2075 adeo
1577 2053 1617 2082 ut,
1631 2050 1680 2084 qui

893 2102 948 2121 non
971 2094 1142 2127 habuerunt,
1162 2101 1232 2128 quos
1258 2093 1376 2128 hospitio
1403 2094 1570 2128 reciperent,
1596 2102 1679 2128 supra

894 2140 1004 2167 modum
1025 2139 1126 2167 fuerint
1138 2139 1303 2171 contristati,
1330 2139 1427 2167 Petrus
1442 2140 1533 2167 audita
1550 2147 1590 2173 re,
1606 2140 1680 2167 dele-

894 2190 982 2213 ctatus
1001 2189 1125 2220 prompta
1141 2185 1320 2218 humanitate,
1337 2185 1488 2212 benedictis
1501 2186 1534 2212 iis
1550 2192 1681 2220 egressus

49 2240 98 2265 καὶ
113 2239 243 2275 θαλάσσῃ
256 2239 423 2274 λουσάμενος
439 2237 562 2273 εἰσῆλθεν
574 2237 606 2270 ³¹,
623 2237 670 2264 καὶ
687 2236 778 2262 σιτίων
795 2236 843 2263 σὺν

900 2236 935 2259 ast
955 2239 962 2259 :
981 2238 1098 2266 cumque
1120 2231 1230 2259 lavisset
1252 2231 1279 2258 in
1304 2230 1384 2263 mari,
1413 2230 1553 2265 ingressus
1575 2235 1627 2264 est,
1651 2234 1679 2258 et

47 2287 107 2318 τοῖς
122 2286 253 2322 προόδοις
275 2283 443 2321 μεταλαϐὼν,
460 2284 578 2320 ἑσπέρας
592 2282 844 2319 ἐπικαταλαϐούσης

50 2332 191 2359 ὒπνωσεν.
835 2340 838 2345 ·

85 2377 132 2405 Ill.
155 2377 225 2405 ’Υπδ
237 2377 267 2404 δέ
281 2377 331 2408 τὰς
343 2376 472 2412 δευτέρας
484 2375 538 2402 τῶν
552 2374 736 2410 ἀλεκτρυόνων
750 2373 843 2409 φωνὰς

51 2422 222 2454 διΰπνισθεὶς
237 2419 317 2458 εὗρεν
329 2422 402 2457 ἡμᾶς
419 2420 601 2457 ἐγρηγορότας
617 2420 651 2451 ³⁸,
661 2417 732 2455 ἦμεν
747 2419 776 2445 δέ
793 2419 842 2446 σὺν

51 2467 128 2502 αὐτῷ
144 2467 172 2493 oi.
188 2466 289 2500 πάντες
308 2465 468 2497 ἑκκαίδεκα,
484 2465 564 2496 αὐτὸς
585 2466 600 2492 ὁ
622 2464 735 2500 Πέτρος,
762 2463 841 2499 183

53 2512 133 2547 κάγὼ
153 2512 169 2538 ὁ
190 2511 327 2548 Κλήμης,
350 2510 473 2547 Νικήτης
487 2519 517 2537 τε
539 2510 587 2537 καὶ
607 2509 738 2542 ’Ᾱκύλας,
754 2509 803 2536 καὶ
817 2509 842 2536 οἱ

54 2557 269 2595 προοδεύσαντες
299 2556 414 2583 δώδεκα.
438 2555 665 2592 Προσαγορεύσας
692 2552 739 2582 οὗν
768 2554 842 2590 ἡμᾶς

57 2603 121 2639 ἔψη·
150 2603 274 2639 Σήμερον
296 2603 355 2634 τοῖς
377 2601 431 2635 ἐξω
455 2600 493 2637 μὴ
518 2601 693 2637 σχολάζοντες
717 2600 843 2637 ἀλλήλοις

59 2649 140 2685 ὲσμέν
168 2648 299 2685 εῦσχολοι.
317 2647 365 2676 Διὸ
389 2646 445 2682 ἐγὼ
472 2647 522 2683 μὲν
547 2647 611 2683 ὑμῖν
635 2647 671 2674 τὰ
697 2647 765 2684 μετὰ
780 2645 841 2683 Ιιτὴν

894 2281 1037 2312 postquam
1059 2276 1150 2304 cibum
1173 2283 1234 2303 cum
1259 2275 1477 2310 praecursoribus
1501 2276 1677 2311 sumpsisset,

894 2327 974 2350 nocte
991 2322 1151 2350 adveniente
1166 2329 1263 2350 somno
1278 2329 1307 2350 se
1323 2321 1407 2350 dedit.

929 2367 973 2394 Ill.
987 2367 1044 2395 Sub
1053 2368 1201 2396 secundum
1211 2375 1275 2395 vero
1283 2368 1416 2403 gallorum
1430 2371 1539 2395 cantum
1551 2375 1678 2403 experge-

893 2412 983 2440 factus
998 2421 1047 2441 nos
1062 2413 1164 2440 invenit
1177 2413 1337 2448 vigilantes;
1354 2420 1465 2441 eramus
1477 2417 1566 2440 autem
1581 2420 1680 2440 omnes

892 2467 954 2487 eum
965 2467 998 2487 eo
1008 2460 1138 2493 sedecim,
1150 2460 1208 2495 ipse
1223 2460 1319 2488 Petrus
1329 2464 1356 2488 et
1363 2467 1413 2496 ego
1421 2460 1558 2493 Clemens,
1567 2459 1677 2487 Nicetes

892 2507 1034 2542 etAquila,
1042 2512 1123 2543 atque
1134 2507 1276 2535 duodecim
1287 2506 1333 2542 qui
1345 2507 1487 2542 praegressi
1498 2506 1614 2534 fuerant.
1627 2506 1676 2534 Sa-

890 2554 984 2582 lutatis
993 2561 1059 2589 ergo
1070 2554 1149 2582 nobis
1157 2554 1240 2581 dixit:
1252 2553 1338 2581 Hodie
1346 2553 1409 2588 quia
1418 2553 1480 2580 aliis
1487 2553 1675 2588 occupatinon

891 2606 998 2633 sumus,
1013 2599 1092 2626 nobis
1104 2606 1244 2627 vacemus.
1260 2597 1394 2632 Quocirca
1407 2604 1457 2633 ego
1469 2597 1580 2632 quidem
1594 2597 1677 2625 vobis

891 2654 953 2682 quae
976 2646 1049 2681 apud
1064 2644 1167 2681 Tyrum
1191 2649 1254 2681 post
1278 2645 1431 2680 digressum
1454 2647 1575 2671 vestrum
1598 2647 1676 2679 gesta

696 2714 1043 2751 VABIIEMLECTIONES.

91 2789 111 2828 ’ξ
118 2789 214 2828 πείραν
225 2787 273 2828 _C.

58 2825 137 2855 "addc
161 2818 190 2835 ””
219 2825 254 2854 ο.
297 2821 383 2849 “Ma
427 2818 601 2855 ’vouEpit.c.
618 2820 663 2849 59.
687 2820 710 2837 '°
726 2820 755 2847 δέ
773 2827 828 2848 om.
843 2818 876 2847 Ο.
916 2818 971 2845 "at

58 2870 87 2892 ην
94 2863 120 2892 ο.
139 2835 299 2892 μικαςκδλίω
313 2858 354 2892 τῇ
365 2828 443 2890 om
453 2855 651 2892 φιλανθρωπίᾳ.
664 2854 694 2884 S.
710 2855 733 2872 ⁸⁸
744 2854 871 2883 εἰσελθών
883 2854 914 2884 C.
961 2854 972 2871 ³

56 2863 120 2895 m0.
139 2856 146 2865 ’
158 2863 181 2881 ’³
193 2856 299 2892 Μελίτη
313 2858 354 2893 τῇ
365 2856 381 2882 6

328 2786 356 2803 ﬂ
368 2785 447 2820 Alius
474 2784 597 2820 praeferet
620 2783 771 2818 συνετίσας,
799 2791 847 2812 nec

900 2783 1010 2820 amerito
1025 2783 1046 2820 ς
1067 2791 1076 2820 ξ
1105 2779 1308 2820 συνεσθίσαςο.
1345 2780 1369 2820 τι
1384 2761 1570 2820 ntegrum.
1585 2775 1670 2820 ςέο.

916 2810 939 2836 δί
950 2810 1014 2871 πρὶν
1056 2810 1089 2846 ά.
1127 2817 1149 2833 ³⁸
1162 2816 1236 2845 Fort.
1250 2810 1302 2851 leg.
1318 2815 1435 2843 πάντων.
1450 2813 1480 2841 S.
1517 2810 1540 2828 ³³
1552 2810 1672 2846 ξενίσω-

961 2854 972 2871 ι
997 2852 1183 2871 μινλιιινηηξθημ
1198 2851 1220 2871 Π
1243 2850 1312 2871 Tum
1323 2850 1352 2871 ιιβ
1365 2850 1413 2871 νηὶ
1424 2849 1490 2871 δέκα
1500 2847 1532 2871 C-

996 2847 1183 2890 ἀγρηγορὸτας
1198 2851 1230 2881 0.
1243 2847 1312 2880 Tum
1323 2850 1352 2884 ἐξ
1365 2850 1413 2877 καὶ
1424 2849 1490 2878 δέκα
1500 2847 1532 2879 Ο.
