1942 3100
271 140 325 169 2'27

271 206 345 235 sunt,
363 201 497 228 enarrabo
518 209 524 227 :
545 207 593 227 vos
615 204 706 227 autem
728 200 796 226 mihi
819 207 880 235 quae
900 199 945 227 hic
970 207 985 226 a
1004 199 1048 226 Si-
1062 202 1086 230 Α

271 254 353 274 mone
369 251 524 282 perpetrata
547 251 622 278 sunt,
636 246 793 280 diligentius
819 245 955 280 exponite.
981 245 1049 273 Cum

272 293 354 327 igitur
367 299 418 318 nos
437 295 533 318 mutuo
549 290 713 325 specialibus
729 290 931 318 narrationibus
951 290 1050 318 donas-

271 345 373 370 semus,
393 337 532 372 ingressus
545 341 586 364 est
601 337 712 371 quidam
736 344 751 363 e
765 335 955 369 familiaribus,
977 337 1050 363 hunc

271 383 398 411 nuntium
411 382 492 410 Petro
515 382 647 409 aﬂerens:
661 381 766 415 Simon,
789 381 834 408 ubi
857 381 950 408 didicit
964 386 990 409 te
1003 382 1051 409 ad-

271 429 387 462 venisse,
400 435 496 455 versus
508 427 614 463 Syriam
629 427 766 462 profectus
782 431 833 459 est,
849 427 934 454 turbae
947 432 1048 459 autem,

270 483 331 510 qua:
341 482 423 502 unam
437 475 506 501 hanc
518 478 625 501 noctem
637 473 711 499 velut
733 480 853 500 annuum
869 477 975 508 tempus
991 472 1050 507 Opi-

270 527 381 554 nantur,
398 528 447 547 nec
460 525 575 555 possunt
589 519 771 554 praestitutum
792 527 806 546 a
824 523 851 546 te
864 519 934 546 diem
955 526 1050 554 exspe-

269 571 354 598 ctare,
373 573 422 600 pro
443 565 547 592 furibus
567 569 654 598 stant,
671 568 698 592 et
711 571 757 599 per
773 568 860 592 coetus
881 571 913 591 ac
933 564 1050 592 circulos

269 612 303 639 de
315 611 433 639 Simonis
446 610 590 638 calumniis
609 610 678 637 inter
696 617 726 637 se
741 610 856 636 invicem
879 610 1044 644 colloquun-

270 662 324 689 tur,
336 658 454 692 quicum
463 664 510 684 eas
522 657 548 683 in
559 664 633 691 spem
645 655 811 688 adduxisset,
823 660 904 690 atque
914 656 1050 690 pollicitus

269 708 341 732 esset
351 704 423 738 quod
439 709 464 730 te
476 703 569 730 multis
583 702 616 729 de
630 701 790 729 criminibus
805 707 964 736 praesentem
979 707 1050 729 esset

269 750 454 782 convicturus,
477 748 585 783 cognito
609 748 724 774 adventu
749 751 797 774 tuo
819 754 848 774 se
867 752 949 775 noctu
964 747 992 775 in
1007 748 1050 775 fu-

269 802 330 829 gam
343 793 506 828 coniecerit:
521 791 568 819 sed
583 796 610 819 et
623 796 649 818 te
663 791 756 818 audire
770 791 940 825 desiderant;
956 793 1050 820 nescio

269 839 342 867 enim
361 839 433 865 unde
451 844 545 864 rumor
564 836 674 869 incidit,
688 837 767 871 quasi
785 837 866 864 hodie
884 838 924 865 sis
937 838 972 865 ad
988 838 1048 866 illos

269 885 420 912 locuturus.
429 882 467 910 Ne
476 883 558 918 igitur
564 883 677 910 multum
695 882 800 918 fatigati
809 887 906 918 praeter
914 885 1047 912 rationem

268 930 451 963 dimittantur,
472 928 538 964 quid
561 928 610 956 tibi
632 927 787 956 faciendum
809 928 855 962 sit,
876 929 934 964 ipse
948 936 1049 965 cogno-

269 976 334 1004 scis.

302 1020 348 1049 IV.
365 1021 399 1048 Et
409 1021 516 1054 Petrus,
532 1020 682 1048 admiratus
696 1020 770 1055 vulgi
789 1021 922 1056 studium,
935 1029 1048 1057 respon—

268 1066 467 1100 dit2Videtis,
491 1066 607 1100 fratres,
638 1073 694 1101 quo
722 1072 801 1101 pacto
823 1066 931 1094 Domini
962 1067 1048 1095 nostri

268 1112 352 1140 verba
383 1112 529 1140 manifesto
561 1112 735 1146 impleantur.
763 1110 873 1139 Memini
892 1113 964 1140 enim
986 1120 1048 1140 eum

268 1158 384 1186 dicere:
407 1157 486 1184 Multi
510 1158 611 1184 venient
641 1156 673 1183 ab
701 1157 799 1184 oriente
827 1161 852 1184 et
876 1158 1017 1191 occidente,
1033 1166 1049 1185 a

269 1203 442 1239 septentrione
466 1207 491 1230 et
519 1202 642 1235 meridie,
675 1206 700 1229 et
722 1201 869 1230 recumbth
896 1203 925 1230 in
947 1203 1049 1231 sinibus

268 1251 392 1282 Abrahae,
411 1249 500 1278 Isaaci
515 1254 540 1276 et
552 1248 646 1276 Jacobi
658 1255 683 1277 α.
709 1248 762 1276 Sed
777 1253 804 1276 et
831 1249 922 1283 Multi,
950 1250 1048 1286 inquit,

267 1297 363 1329 vocati,
388 1297 466 1332 pauci
492 1304 551 1322 vero
565 1295 641 1322 electi
657 1295 681 1322 δ.
700 1294 777 1328 Quod
795 1302 859 1331 ergo
876 1295 927 1331 ipsi
941 1296 1050 1324 veniant

269 1343 371 1376 vocati,
393 1342 419 1369 id
439 1342 615 1377 adimpletum
635 1346 686 1369 est.
710 1341 780 1374 Quia
796 1349 860 1370 vero
874 1342 926 1369 hoc
940 1350 994 1370 non
1008 1347 1050 1370 est

267 1395 364 1414 eorum
388 1386 541 1421 proprium,
565 1387 613 1414 sed
628 1391 670 1414 est
686 1386 732 1414 Dei
751 1387 797 1422 qui
821 1394 867 1415 eos
889 1387 996 1415 vocavit
1017 1396 1050 1417 ac

267 1432 333 1460 fecit
345 1432 478 1464 venire,in
489 1439 524 1460 oo
535 1432 594 1460 solo
608 1432 760 1460 mercedem
770 1440 823 1460 non
834 1438 1048 1469 consequuntur,

268 1477 397 1513 quoniam
424 1477 546 1512 ipsorum
567 1477 708 1512 proprium
728 1485 782 1504 non
795 1481 847 1511 est,
867 1478 915 1506 sed
930 1478 990 1514 ejus
1001 1479 1049 1514 qui

267 1524 411 1558 permovit.
441 1522 519 1556 Quod
549 1523 573 1551 si
598 1527 661 1557 post
684 1523 853 1551 vocationem
875 1524 947 1552 bona
967 1532 1048 1559 opera
1062 1535 1084 1564 ο

268 1568 390 1601 faciant,
415 1567 487 1602 quod
508 1574 602 1594 eorum
622 1571 664 1594 est
685 1568 838 1602 proprium,
862 1572 928 1596 tunc
944 1575 993 1603 pro
1016 1575 1049 1596 eo

267 1613 400 1647 recipient
416 1613 579 1640 mercedem.

302 1659 335 1686 V.
361 1658 454 1693 Neque
467 1658 539 1685 enim
555 1657 669 1692 Hebraei,
684 1658 769 1694 Moysi
784 1659 932 1693 credentes,
947 1664 975 1688 et
988 1668 1049 1695 quae

269 1705 305 1732 ab
324 1713 356 1731 co
369 1705 442 1732 dicta
461 1709 525 1732 sunt
548 1712 603 1732 non
621 1705 816 1738 custodientes,
829 1703 978 1737 salvantur,
995 1705 1048 1733 nis‘

266 1758 327 1786 quae
348 1750 399 1778 sibi
419 1750 490 1778 dicta
511 1754 575 1778 sunt
585 1749 758 1787 custodiant.
783 1748 850 1776 Nam
872 1750 945 1785 quod
961 1749 1047 1785 Moysi

265 1796 440 1830 crediderint,
460 1803 515 1823 non
537 1803 571 1822 ex
596 1795 706 1822 illorum
731 1799 822 1823 ortum
845 1800 886 1822 est
899 1795 1046 1829 voluntate,

265 1839 312 1868 sed
338 1847 371 1868 ex
397 1839 444 1868 Dei
470 1840 518 1876 qui
543 1839 630 1876 Moysi
660 1839 729 1868 dixit
756 1849 763 1868 :
791 1840 860 1869 Ecce
889 1850 935 1878 ego
961 1842 1057 1869 accedo

265 1885 300 1912 ad
318 1890 342 1913 te
357 1886 384 1912 in
398 1885 521 1913 columna
539 1885 632 1918 nubis,
655 1889 684 1912 ut
703 1886 798 1913 audiat
822 1887 934 1922 populus
950 1887 1056 1923 quando

265 1931 358 1966 loquor
383 1933 418 1958 ad
455 1936 501 1964 te,
531 1936 557 1959 et
587 1931 636 1959 tibi
668 1932 776 1959 credant
809 1933 837 1959 in
873 1937 1000 1960 talentum
1028 1938 1053 1960 υ.

269 1977 339 2004 Cum
360 1984 424 2012 ergo
442 1976 563 2004 Hebrzeis
583 1980 610 2003 et
632 1976 676 2009 iis,
696 1975 743 2011 qui
761 1983 794 2003 ex
809 1975 934 2011 gentibus
960 1974 1047 2003 vocati

265 2027 340 2056 sunt,
355 2030 371 2049 a
382 2022 439 2049 Deo
455 2022 549 2049 datum
567 2022 603 2048 sit
617 2021 726 2049 credere
741 2021 863 2048 veritatis
878 2021 1045 2054 doctoribus,

266 2069 446 2103 relictumque
462 2068 497 2095 sit
515 2067 687 2102 singulorum
712 2067 821 2102 proprio
841 2066 955 2101 judicio,
974 2066 1045 2094 bona

228 2147 231 2149 Δ
266 2121 348 2149 opera
374 2121 521 2146 exercere,
553 2120 657 2140 merces
683 2112 752 2140 bene
776 2111 950 2147 operantibus
973 2112 1046 2146 juste

266 2158 433 2194 rependitur.
453 2157 547 2193 Neque
567 2158 639 2185 enim
662 2156 755 2190 Mosis,
781 2164 868 2191 neque
880 2157 981 2184 Christi
998 2156 1045 2183 ad-

264 2209 349 2232 ventu
365 2211 434 2239 opus
455 2204 561 2235 fuisset,
576 2203 599 2230 si
619 2210 633 2229 a
650 2210 680 2230 se
696 2202 763 2237 ipsis
777 2202 849 2236 quod
864 2202 964 2229 rationi
980 2210 1045 2229 con—
1062 2202 1080 2229 D

266 2255 425 2278 scntaneum
442 2253 485 2276 est
501 2248 651 2276 voluissent
671 2247 819 2283 intelligere
833 2255 840 2273 :
855 2247 902 2274 sed
917 2254 967 2274 nec
987 2254 1044 2274 ma-

267 2296 359 2331 gistris
371 2295 505 2322 credendo
518 2301 620 2329 eosque
637 2293 765 2322 dominos
779 2293 900 2320 vocando
912 2293 986 2321 salus
1000 2301 1046 2321 ac-

267 2340 395 2376 quiritur.

304 2384 347 2412 Vl.
371 2384 403 2411 Et
427 2384 487 2412 ideo
515 2384 550 2411 ab
571 2383 690 2410 Hebraeis
714 2382 823 2418 quidem
849 2382 896 2418 qui
923 2382 1042 2418 Moysen)

299 2452 314 2468 ι
329 2447 424 2477 Matth.
437 2456 498 2482 VIII,
514 2448 564 2482 H;
581 2448 650 2477 Luc.
661 2457 723 2483 xnl,
739 2449 784 2478 29.
822 2447 837 2470 δ
849 2449 945 2477 Matth.
963 2457 1008 2481 xx,
1024 2448 1067 2478 ιϐ.

689 141 717 169 S.
737 139 929 169 CLEMENTIS
947 140 957 167 l
975 140 1058 168 R051.
1077 141 1177 169 PONT.
1197 140 1310 169 OPERA
1328 142 1441 172 DUBIA.

1835 143 1888 174 228

1100 200 1153 227 ἀπὸ
1177 200 1264 236 Τύρου
1282 202 1304 217 ³⁷
1315 201 1404 234 ἔξοδον
1419 202 1587 238 γεγενημένα
1609 203 1790 239 διηγήσομαι,
1809 203 1887 239 ὗμεῐς

1099 245 1128 272 δὲ
1140 246 1162 261 ⁸⁸
1175 246 1236 281 ἐμοὶ
1255 246 1290 272 τὰ
1306 247 1422 274 ἐνταῦθα
1435 247 1486 273 ὑπὸ
1500 247 1547 273 τοῦ
1563 248 1683 283 Σίμωνος
1699 250 1886 284 πεπραγμένα

1100 292 1147 317 καὶ
1167 291 1358 327 ἀκριϐέστερον
1373 292 1542 328 ἐξηγήσασθε
1551 293 1582 318 ”.
1603 293 1813 329 Ἀμειψαμένων
1839 292 1886 321 οὖν

1099 336 1228 372 ἀλλήλους
1253 338 1313 369 ταῖς
1329 337 1357 363 ὲν
1379 337 1455 373 μέρει
1471 337 1643 373 διηγήσεσιν,
1661 339 1746 374 εἰσῄει
1767 347 1811 371 τις
1831 339 1886 366 τῶν

1101 382 1221 418 συνήθων
1244 382 1420 417 ἀπαγγέλλων
1442 383 1550 418 Πέτρῳ·
1575 384 1615 409 ὅτι
1637 384 1728 419 Σίμων
1746 384 1841 420 μαθών
1857 392 1887 412 σε

1100 427 1303 462 ἐπιδημήσαντα
1328 427 1377 462 τὴν
1406 426 1451 453 ἐπὶ
1476 427 1575 462 Συρίαν
1607 427 1735 463 ὥρμησεν
1759 428 1840 460 ὁδὸν,
1861 429 1886 455 οι

1099 473 1128 499 δέ
1154 472 1225 507 δχλοι
1247 472 1296 507 τὴν
1323 472 1386 508 μίαν
1408 472 1508 508 ταύτην
1529 472 1613 499 νύκτα
1627 473 1664 505 ὼς
1681 473 1805 500 ἐνιαυτοῦ
1821 474 1887 508 χρό-

1100 526 1144 544 νον
1167 518 1352 554 ὴγησάμενοι,
1378 519 1426 546 καὶ
1445 519 1593 553 ’ἀναμένειν
1615 519 1664 554 τὴν
1687 518 1809 545 δοθεῖσαν
1833 519 1889 546 ὑπὸ

1101 564 1148 590 σοῦ
1179 565 1346 600 προθεσμίαν
1377 565 1413 600 μὴ
1443 565 1604 600 δυνάμενοι,
1631 565 1684 599 πρὸ
1707 564 1762 591 τῶν
1779 565 1889 600 ιθυρῶν

1100 610 1256 644 ἑστήκασιν,
1274 609 1344 636 κατά
1367 609 1505 642 συντάξεις
1521 609 1543 624 ⁸ο
1564 609 1611 635 καὶ
1637 608 1780 642 συλλόγους
1799 607 1888 643 ἀλλή-

1099 654 1155 685 λοις
1179 655 1241 690 περὶ
1261 655 1310 690 τῆς
1335 654 1382 680 τοῦ
1404 654 1523 689 Σίμωνος
1540 654 1664 689 διαϐολῆς
1682 653 1888 685 διαλαλοῖΝτες,

1099 700 1140 726 δτι
1157 700 1324 736 μετεωρίσας
1345 700 1456 731 αὐτοὺς,
1481 699 1528 726 καὶ
1545 700 1591 726 ἐπὶ
1607 691 1711 731 πολλοῖς
1731 700 1828 731 κακοῖς
1857 708 1889 725 σε

1100 746 1218 781 ἐλέγξειν
1244 746 1354 772 ἐλθόντα
1370 746 1563 782 ὑποσχόμενος,
1584 746 1789 782 ἐπιδημήσαντα
1804 744 1889 779 γνοὺς

1099 792 1206 828 νύκτωρ
1234 792 1349 827 ἔφυγεν·
1379 793 1447 828 πλὴν
1469 792 1645 828 ἐπιθυμοῦσιν
1670 792 1746 819 αὐτοὶ
1768 791 1888 818 ἀκοῦσαι

1101 847 1157 865 σου.
1166 839 1223 865 οὐκ
1238 836 1296 864 οῖδα
1312 837 1393 865 πόθεν
1409 838 1485 873 φήμη
1502 846 1543 869 τις
1559 837 1699 869 ἐπέπεσεν,
1719 837 1756 868 ὡς
1773 837 1887 872 μέλλον-

1098 884 1144 916 τός
1169 892 1215 910 σου
1241 885 1358 920 σήμερον
1381 884 1472 915 αὐτοῖς
1492 883 1670 917 διαλέγεσθαι.
1693 883 1750 910 Ἴνα
1773 881 1820 909 οὖν
1848 883 1889 918 μὴ

1099 930 1145 957 ἐπὶ
1168 929 1234 957 πολὺ
1255 930 1387 966 καμόντες
1412 929 1515 964 ἀλόγως
1537 928 1703 961 διαλύωνται,
1724 928 1751 955 τί
1774 929 1828 964 χρή
1857 936 1889 954 σε

1099 976 1195 1007 ποιεῖν,
1209 974 1289 1005 αὐτὸς
1303 973 1455 1009 γινώσκεις.

1134 1019 1179 1047 1V.
1196 1019 1251 1046 Καὶ
1266 1020 1280 1046 ό
1290 1019 1402 1055 Πέτρος,
1412 1019 1554 1054 θαυμάσας
1569 1018 1623 1045 τῶν
1638 1018 1722 1053 ὄχλων
1736 1017 1785 1053 τὴν
1802 1025 1889 1044 σπου-

1098 1066 1156 1102 δὴν,
1174 1065 1348 1102 ἀπεκρίνατο·
1358 1065 1465 1101 Ὁρᾶτε,
1482 1064 1599 1099 ἀδελφοὶ,
1613 1064 1671 1095 πῶς
1682 1064 1707 1090 οι
1716 1063 1763 1090 τοῦ
1778 1062 1888 1099 Κυρίου

1098 1112 1177 1148 ήμῶν
1207 1111 1280 1146 λόγοι
1307 1110 1435 1146 ἐμφανῶς
1465 1110 1614 1137 τελοῦνται.
1643 1110 1794 1145 Μέμνημαι
1829 1108 1888 1144 γὰρ

1099 1157 1182 1186 αὑτοῦ
1194 1157 1314 1188 εἰπόντος
1325 1165 1331 1172 ·
1342 1155 1456 1184 Πολλοὶ
1470 1156 1645 1183 ἐλεύσονται
1657 1154 1716 1182 ἀπὸ
1727 1153 1889 1183 ἀνατολῶν

1099 1203 1148 1232 καὶ
1163 1202 1296 1238 δυσμῶν,
1309 1201 1418 1236 ἄρκτου
1431 1210 1462 1229 τε
1478 1201 1526 1229 καὶ
1537 1201 1730 1236 μεσημϐρίας,
1747 1199 1796 1226 καί
1812 1200 1890 1226 ἀναε-

1099 1249 1291 1283 κλιθήσονται
1301 1250 1344 1282 εὶς
1354 1247 1487 1281 κόλπους
1502 1246 1627 1281 Ἀϐραὰμ
1636 1245 1684 1273 καὶ
1693 1244 1889 1281 ιεῇἸσαὰκ

1099 1295 1149 1323 καί
1170 1293 1280 1323 Ἰακώϐ.
1308 1293 1389 1320 Ἀλλά
1419 1293 1466 1320 καὶ
1492 1292 1617 1324 πολλοὶ,
1637 1291 1736 1327 φησὶν,
1766 1290 1886 1324 κλητοὶ,

1099 1341 1194 1375 ὀλίγοι
1209 1339 1242 1366 δὲ
1258 1338 1403 1366 ἐκλεκτοί.
1420 1338 1457 1365 Τὸ
1474 1338 1526 1373 μὴν
1542 1335 1588 1364 οὖν
1605 1337 1689 1364 ἐλθεῖν
1705 1336 1803 1368 αὐτοῦς
1817 1336 1888 1372 κλη-

1099 1385 1194 1417 θέντας
1221 1384 1407 1420 πεπλήρωται.
1441 1383 1517 1410 Ἑπεὶ
1544 1383 1573 1410 δὲ
1594 1383 1616 1399 ⁸¹
1643 1382 1693 1409 οὐκ
1718 1381 1807 1408 αὐτῶν
1823 1382 1885 1407 ἐστι

1098 1431 1177 1458 τοῦτο
1200 1431 1275 1464 ῐδιον,
1301 1430 1368 1457 ἀλλὰ
1388 1429 1435 1456 τοῦ
1452 1429 1613 1461 καλέσαντος
1638 1428 1735 1460 αὐτοὺς
1748 1427 1815 1454 Θεοῦ
1835 1428 1887 1454 καὶ

1099 1477 1184 1504 ἐλθεῖν
1211 1476 1407 1513 πεποιηκότος,
1435 1476 1483 1502 ἐπὶ
1507 1476 1593 1511 τούτῳ
1620 1475 1690 1511 μόνῳ
1715 1474 1809 1510 μισθὸν
1831 1474 1886 1500 οὐκ

1100 1524 1216 1560 ἔχουσιν,
1228 1523 1268 1551 ὅτι
1281 1524 1318 1560 μὴ
1334 1523 1423 1550 αὐτῶν
1439 1522 1513 1554 ι’διον,
1527 1522 1595 1548 ἀλλὰ
1611 1521 1657 1548 τοῦ
1674 1521 1885 1557 ἐνεργήσαντος.

1104 1570 1167 1598 Ἐὰν
1184 1570 1213 1597 δέ
1234 1569 1302 1605 μετὰ
1324 1569 1354 1595 τὺ
1371 1569 1393 1584 δ’
1409 1568 1539 1602 κληθῆναι
1555 1565 1625 1593 καλὰ
1642 1565 1789 1602 πράξωσιν,
1814 1566 1887 1602 ὅπερ

1099 1615 1173 1643 ἐστὶν
1188 1614 1277 1641 αὐτῶν
1292 1613 1368 1645 ἴδιον,
1380 1613 1441 1639 τότε
1459 1612 1505 1638 ἐπὶ¹
1520 1611 1607 1647 τούτῳ
1622 1611 1714 1646 μισθὸν
1729 1610 1846 1643 ἕξουσιν.

1134 1659 1168 1687 V.
1196 1659 1263 1686 Οὐδὲ
1288 1658 1342 1695 γὰρ
1373 1657 1492 1694 Ἕὸραῖοι
1519 1658 1633 1685 Μωῦσεῖ
1653 1656 1675 1672 ⁸³
1695 1656 1883 1695 πιστεύοντες,

1098 1706 1146 1734 καὶ
1161 1707 1195 1732 τὰ
1210 1705 1243 1732 δι’
1253 1704 1334 1732 αὑτοῦ
1353 1704 1467 1741 ρηθέντα
1483 1703 1519 1739 μὴ
1534 1702 1723 1738 φυλάσσοντες,
1739 1701 1885 1735 σώζονται,

1098 1752 1146 1779 ἐὰν
1159 1750 1242 1787 μὴτά
1259 1749 1374 1786 ρηθέντα
1391 1749 1482 1780 αὐτοῖς
1498 1748 1659 1787 φυλάξωσιν.
1678 1748 1738 1774 Ὀτι
1754 1747 1801 1774 καὶ
1815 1748 1846 1774 τὸ
1860 1748 1887 1764 ιδ

1097 1796 1209 1825 Μωῦσεῖ
1232 1795 1375 1822 πιστεῦσαι
1399 1795 1496 1826 αὐτοὺς
1520 1785 1580 1829 obii.
1602 1794 1652 1830 τῆς
1669 1793 1758 1820 αὐτῶν
1781 1793 1885 1829 βουλῆς

1097 1843 1218 1877 γέγονεν,
1243 1841 1309 1868 ἀλλὰ
1332 1840 1379 1867 τοῦ
1399 1839 1466 1866 Θεοῦ
1488 1839 1534 1865 τοῦ
1557 1838 1696 1874 εἰρηκότος
1719 1837 1882 1864 Μωῡσεί“·

1096 1885 1170 1913 ἰδσὺ
1183 1883 1378 1919 παραγίνομαι
1388 1883 1445 1919 ἐγὼ
1455 1883 1530 1919 πρὸς
1538 1883 1575 1911 σὲ
1584 1884 1619 1911 ἐν
1629 1884 1731 1916 στύλῳ
1738 1880 1885 1916 meum.

1097 1929 1148 1957 ινα
1165 1929 1285 1964 ἀκούσῃ
1302 1930 1319 1957 ό
1331 1930 1406 1963 λαὸς
1422 1929 1590 1962 λαλοῦντός
1603 1938 1662 1964 μου
1680 1928 1752 1963 πρὸς
1767 1928 1815 1960 σὲ,
1832 1928 1889 1954 καί

1097 1982 1146 2002 σοι
1160 1975 1365 2002 πιστεύσωσιν
1376 1975 1419 2008 εις
1428 1975 1480 2002 τὸν
1490 1975 1592 2002 αἰῶνα.
1600 1975 1677 2002 Ἐπεὶ
1686 1972 1732 2001 οὗν
1745 1973 1887 2010 Ἑϐραίοις
1919 2006 1923 2011 1

1097 2028 1127 2048 τε
1147 2021 1194 2048 καὶ
1215 2021 1271 2052 τοῖς
1289 2020 1343 2047 ἀπὸ
1362 2021 1445 2048 ἐθνῶν
1466 2020 1644 2056 κεκλημένοις
1665 2019 1695 2047 τὸ
1714 2018 1888 2050 διδασκάλοις

1097 2065 1224 2102 ἀληθείας
1238 2065 1379 2093 πιστεῦσαι
1392 2066 1425 2093 ἐκ
1436 2065 1503 2093 Θεοῦ
1514 2065 1633 2100 γέγονεν,
1644 2064 1698 2092 τῶν
1709 2063 1798 2091 καλῶν
1812 2063 1889 2099 πρά-

1100 2111 1166 2145 ξεων
1182 2111 1234 2147 ἰδίᾳ
1251 2112 1341 2147 κρίσει
1360 2111 1468 2147 ἑκάστῳ
1488 2111 1574 2137 ποιεῖν
1597 2109 1834 2145 ἀπολελειμμένων
1846 2129 1854 2140 ,
1872 2109 1890 2135 ό

1100 2158 1195 2194 μισθὸς
1210 2158 1265 2190 τοῖς
1286 2154 1316 2184 εὖ
1332 2157 1483 2193 πράσσουσι
1501 2156 1614 2189 δικαίως
1635 2156 1799 2183 ἀποδίδοται.
1814 2155 1888 2183 Οὒτι

1100 2205 1154 2241 γὰρ
1174 2205 1207 2232 ἂν
1228 2203 1382 2236 Μωῢσέως,
1403 2203 1465 2230 οὔτε
1487 2203 1536 2239 τῆς
1555 2202 1601 2230 τοῦ
1627 2202 1713 2238 Ἰησοῦ
1731 2202 1891 2238 παρουσίας

1100 2252 1178 2288 χρεία
1192 2249 1236 2288 ἦν,
1256 2252 1334 2287 εἴπερ
1357 2250 1404 2285 ἀφ’
1423 2250 1524 2278 ἑαυτῶν
1541 2249 1572 2277 τὺ
1588 2249 1697 2284 εὔλογον
1718 2250 1787 2276 νοεῖν
1807 2248 1892 2275 ἐϐού-

1100 2298 1186 2330 λοντο,
1205 2297 1266 2324 οὐδὲ
1283 2298 1311 2324 ἐν
1329 2296 1368 2333 τῷ
1382 2295 1518 2323 πιστεύειν
1531 2294 1700 2327 διδασκάλοις
1713 2294 1760 2321 καὶ
1774 2293 1891 2330 κυρίους

1100 2343 1199 2375 αὐτοὺς
1213 2343 1313 2378 λέγειν,
1326 2343 1343 2378 ἡ
1359 2342 1481 2378 σωτηρία
1496 2341 1611 2375 γίνεται.

1136 2388 1180 2416 Vl.
1193 2387 1294 2415 Τούτου
1311 2387 1364 2424 γὰρ
1382 2387 1435 2423 (15)
1448 2387 1540 2413 ἕνεκεν
1552 2385 1606 2413 ἀπὸ
1623 2385 1674 2422 μὲν
1689 2384 1825 2420 Ἐϐραίων
1841 2383 1892 2412 τὸν

1105 2454 1117 2469 ο
1133 2447 1219 2477 Exod.
1232 2456 1292 2483 ιιι,
1306 2447 1334 2476 9.

889 2546 1005 2575 VARIE
1032 2545 1232 2575 LECTIONES.

308 2610 330 2648 ξ’
343 2611 395 2648 ἀπὺ
410 2611 457 2648 τοᾷ
479 2611 614 2648 Τύροιιῦ.
670 2611 694 2648 θ’
708 2620 737 2638 τε
788 2632 796 2645 ,

267 2647 291 2700 3
305 2646 468 2707 διηῖήσασθε
478 2646 526 2674 0.’
557 2647 580 2688 δξ
596 2647 737 2679 συστάσεις
749 2647 779 2674 C.
819 2647 851 2687 _“
867 2647 927 2687 ἐπεὶ
948 2647 977 2673 δέ
995 2647 1022 2680 S,
1038 2646 1064 2675 θ’
1075 2668 1083 2681 ,

303 2689 351 2715 μετ
389 2681 418 2707 τό
430 2679 452 2708 0
466 2701 474 2715 ,
489 2687 516 2709 ut
525 2680 598 2715 Epit.
614 2689 639 2709 c.
651 2682 695 2714 62,
707 2682 776 2715 μετὰ
786 2690 833 2708 του
847 2681 867 2708 C
892 2689 919 2708 in
933 2686 1018 2709 testu.
1035 2683 1075 2709 Ad

389 2681 418 2707 τό
430 2679 452 2708 0
466 2701 474 2715 ,
489 2687 516 2709 ut
525 2680 598 2717 Epit.
614 2689 639 2709 c.
651 2682 695 2714 62,
707 2682 776 2717 μετὰ
786 2681 833 2708 τοῦ
847 2681 867 2708 C
892 2681 1018 2717 in_tertu.
1035 2679 1081 2709 Ad»
1090 2691 1164 2710 oram

822 2611 874 2650 qui
892 2612 1010 2650 subinde
1041 2613 1103 2650 ἐμοὶ
1122 2613 1166 2650 τά
1178 2621 1201 2640 c.
1227 2612 1304 2650 ε,τά
1328 2614 1388 2650 ἐμοί
1399 2615 1429 2642 C.
1443 2614 1600 2643 Proximum
1618 2615 1664 2643 καί
1678 2623 1730 2642 non
1743 2620 1785 2643 est
1801 2615 1828 2642 in
1841 2616 1876 2644 0.

1097 2649 1171 2675 ἐπειδ
1203 2650 1232 2676 C.
1245 2649 1314 2676 Tum
1325 2649 1406 2676 τοῦτο
1417 2658 1442 2677 c.
1455 2650 1476 2677 0
1490 2671 1498 2682 ,
1524 2655 1554 2678 ut
1571 2651 1697 2686 proponit
1721 2650 1741 2678 S
1755 2670 1763 2682 ,
1785 2651 1817 2677 τό
1841 2652 1876 2680 (Ξ.

1097 2691 1164 2710 )ram
1173 2649 1350 2710 ίἓΜιοὺοιιίιιηί
1367 2693 1374 2710 :
1385 2685 1458 2710 νόθα.
1471 2691 1497 2710 et
1507 2686 1587 2710 nanlo
1598 2690 1660 2710 nost
1677 2695 1684 2710 ι
1699 2685 1876 2710 mammam.

1203 2684 1351 2721 ttobo_uiani
1367 2685 1458 2721 ιᾼνόθα,
1471 2691 1497 2712 et
1507 2684 1587 2720 paulo
1598 2684 1660 2721 post
1677 2695 1684 2712 :
1699 2685 1877 2721 νοθευόμενα,

268 2715 341 2749 quod
353 2716 387 2743 ad
404 2715 594 2752 subsequentia
608 2715 731 2752 ‘specta‘t.
767 2716 791 2732 "
800 2717 904 2752 Μωῦσῇ
918 2715 950 2743 0.
987 2716 1011 2733 κ
1021 2717 1050 2743 τό
1062 2717 1095 2752 0,
1107 2724 1136 2745 ut
1152 2719 1254 2746 mavult
1266 2718 1285 2746 S
1299 2740 1306 2752 ,
1318 2719 1356 2754 τῷ
1369 2719 1400 2748 C.
1413 2715 1482 2748 Tum
1496 2715 1644 2758 ΜωῡσῇὈ.
1655 2723 1704 2760 ﬁ"
1718 2715 1824 2759 Μωῡᾶᾖ
1836 2715 1873 2750 οξ

912 2793 1090 2823 VARIORUM
1102 2793 1217 2823 NOTAE.

303 2851 358 2888 (l3)
377 2852 484 2881 Τούτου
499 2853 556 2888 γὰρ
570 2862 596 2880 κ.
611 2861 636 2880 τ.
650 2852 676 2880 λ.
694 2852 762 2882 Vide
780 2860 814 2882 ne
833 2852 959 2889 nugatori
975 2851 1100 2883 Ebionao
1110 2852 1189 2882 ﬁdem
1205 2853 1315 2882 habeas.
1330 2854 1398 2883 Cor.
