1942 3100
37 140 90 168 ω

547 138 774 167 CLEMENTINA.
796 152 831 160 —
842 138 985 167 HOHILIA
1002 138 1070 168 Vill.

1616 143 1669 172 950

35 197 162 233 Μωῦσῆν
177 196 201 213 ⁵⁸
215 197 386 226 διδάσκαλον
403 198 482 234 185
497 199 645 234 εἰληφότων
669 197 835 225 καλύπτεται

895 202 1082 233 )rmceptorem
1094 202 1267 232 acceperunt,
1283 197 1458 226 absconditur
1472 199 1553 228 Iesus
1565 208 1572 226 :
1586 200 1621 229 ab
1635 201 1671 230 iis

38 242 178 278 όἹησοῦςη,
193 242 251 269 ἀπὺ
264 243 287 258 δ’
300 243 331 269 δὲ
346 243 386 278 τῷ
400 243 485 279 Ἰησοῦ
501 243 718 270 πεπιστευκότων
732 244 746 269 ὁ
757 243 839 269 Μωῡ-

40 289 92 324 σῆς
114 288 340 324 ἀποκρύπτεται.
366 289 439 321 Mai;
460 288 513 324 γὰρ
530 289 562 315 δι’
586 288 746 324 ἀμφοτέρων
766 288 837 314 διδα-

42 334 160 366 σκαλίας
191 334 278 370 οὖσης
307 334 356 361 τὸν
386 334 485 361 τούτων
513 335 565 361 τινὶ
589 335 611 351 ⁸⁸
641 333 839 361 πεπιστευκότα

40 381 55 406 ό
71 379 141 411 Θεὸς
163 380 340 415 ἀποδέχεται.
371 380 450 406 Ἀλλὰ
473 380 504 406 τὸ
531 380 667 407 πιστεύειν
690 379 839 414 διδασκάλῳ
853 392 860 399 ο

40 425 126 451 ἕνεκα
143 425 191 451 τοῦ
209 427 299 451 ποιεῖν
317 426 352 452 τὰ
368 425 420 452 ὑπὸ
434 425 480 451 τοῦ
496 425 518 441 ⁸⁸
533 426 600 452 Θεοῦ
617 426 750 461 λεγόμενα
766 425 838 459 γίνε-

40 480 99 497 ται.
121 471 186 497 Ὀτι
201 471 230 497 δὲ
245 471 318 497 τοῦθ’
335 470 421 502 οὕτως
440 471 507 506 ἔχει,
523 471 604 503 αὐτὸς
619 472 633 498 ό
646 471 748 507 Κύριος
761 471 839 506 ἡμῶν

39 516 129 550 λέγει·
147 516 403 550 Ἐξομολογοῦμαί
418 516 440 531 ⁵⁸
456 524 515 549 σοι,
532 517 626 550 Πάτερ
642 516 694 543 τοῦ
710 516 839 550 οϊιρανοῦ

41 561 94 587 καὶ
112 561 173 595 τῆς
188 561 257 596 τῆς,
275 561 320 588 ὅτι
338 561 514 596 ἀπέκρυψας
528 562 621 589 ταῦτα
635 561 693 589 ἀπὸ
706 561 838 596 a'osat'br"

40 607 95 634 καὶ
112 608 337 642 πρεσϐυτέρων,
351 610 401 636 καὶ
416 608 614 642 ἀπεκάλυψας
631 607 707 634 αὐτὰ
720 608 839 641 νηπίοις

42 652 244 685 θηλὰζουσιν.
252 653 344 686 Οὕτως
349 654 429 685 αὐτὸς
438 653 521 684 όΘεὸς
526 654 581 684 τοῖς
591 652 639 688 μὲν
658 651 759 688 ἔκρυψε
765 652 839 679 διδά-

43 697 163 728 σκαλον,
188 697 227 729 ὡς
249 698 449 733 προεγνωκόσιν
471 697 489 724 ἃ
507 698 548 724 δεῖ
571 697 710 733 πράττειν,
733 698 789 729 τοῖς
811 697 840 723 δὲ

41 742 238 777 ἀπεκάλυψεν,
251 743 288 775 ὡς
302 743 443 777 ἀγνοοῦσιν
455 743 473 770 ἃ
483 744 535 779 χρὴ
550 744 646 769 ποιεῖν.

82 787 144 815 VII.
163 788 232 814 υῦτε
248 787 294 815 οὖν
317 789 435 824 Ἐὃραῐοι
448 789 512 824 περὶ
526 788 636 822 ἀγνοίας
657 788 743 824 Ἰησοῦ
761 797 841 815 κατα-

44 833 220 865 δικάζονται,
236 834 279 860 διὰ
292 835 337 860 τὸν
355 835 504 870 κρύψαντα,
515 835 562 861 ἐάν
571 843 611 868 -γε
627 832 791 870 πράττοντες
806 834 840 861 τὰ

44 880 91 907 διὰ
108 881 253 913 Μωῡσέως
263 882 295 913 ⁵⁹,
312 882 341 908 ὂν
355 868 489 917 ὴχνόησαν
506 882 543 916 μὴ
561 868 720 917 μισήσωσιν·
739 881 794 907 οὔτ’
805 880 839 908 αὖ
856 868 877 898 Β

46 926 72 952 οἱ
105 926 191 953 ἁπ’¹³
209 927 295 953 ὲϐνῶν
321 928 501 963 ἀγνοήσαντες
521 927 567 953 τὸν
583 927 702 962 Μωῦοῆν
726 926 770 953 διὰ
795 928 841 955 τὸν

47 972 211 1007 καλύψαντα
228 972 460 1005 καταδικάζονται,
473 973 520 999 ἐάν
534 981 586 1008 περ
603 973 650 1000 καὶ
665 970 737 1000 οὗτοι
754 974 841 1010 πράσ-

49 1026 145 1049 σοντες
171 1019 205 1045 τὰ
227 1018 272 1045 διὰ
291 1019 338 1046 τοῦ
359 1019 445 1054 Ἰησοῦ
462 1019 578 1056 ρηθέντα
595 1020 631 1055 μὴ
646 1021 796 1056 μισήσωσιν
811 1020 841 1047 ὃν

48 1064 198 1099 ἠγνόησαν.
217 1065 272 1091 Καὶ
287 1065 337 1092 οὐκ
353 1065 382 1091 ὲν
396 1065 436 1100 τῷ
458 1066 521 1097 τοὺς
541 1065 715 1097 διδασκάλους
731 1065 842 1102 κυρίους

50 1109 156 1141 καλεῖν,
173 1109 209 1136 τὰ
229 1109 260 1136 δὲ
277 1110 380 1137 δούλων
400 1110 436 1146 μὴ
457 1111 553 1142 ποιεῖν,
570 1110 736 1145 ὠφελοῦνται
758 1119 840 1142 τινες.

51 1154 155 1180 Τούτου
177 1154 233 1190 γὰρ
262 1154 353 1181 ἕνεκεν
367 1156 382 1182 ό
404 1155 505 1190 Ἰησοῦς
521 1155 599 1191 ἡμῶν
619 1156 687 1191 πρός
710 1165 771 1183 τινα
789 1165 842 1183 πυ-

53 1199 185 1235 κνότερον
209 1200 310 1236 Κύριον
325 1201 405 1228 αὐτὸν
430 1201 552 1236 λέγοντα,
571 1201 652 1237 μηδὲν
668 1201 696 1228 δὲ
715 1202 843 1230 ποιοῦντα

53 1243 89 1273 ὧν
106 1247 190 1279 αὐτὸς
205 1248 369 1283 προσέταξεν
377 1248 411 1280 ³⁸,
427 1248 477 1284 ἔφη
489 1257 497 1263 ι
516 1249 546 1276 Tl
563 1257 602 1283 με
614 1248 723 1283 λέγεις,
743 1249 842 1283 Κύριε,

54 1292 152 1326 Κύριε,
175 1293 226 1319 καὶ
252 1293 288 1320 οὺ
314 1293 408 1326 ποιεῖς
429 1293 448 1320 ἆ
469 1294 563 1328 lere);
579 1294 616 1320 Οὐ
637 1293 692 1330 γὰρ
708 1294 843 1330 ὠφελήσει

52 1337 113 1364 τινὰ
143 1337 175 1364 τὸ
197 1337 297 1372 λέγειν,
311 1338 378 1365 ἀλλὰ
403 1339 433 1365 τὸ
452 1340 548 1365 ποιεῖν.
571 1338 619 1365 Ἐκ
642 1338 741 1370 παντὸς
764 1339 844 1375 186

54 1381 99 1409 οὖν
117 1376 222 1419 ’πράου
238 1383 327 1410 καλῶν
343 1383 430 1419 ἔργων
445 1384 534 1420 χρεία.
551 1384 624 1419 Πλὴν
640 1385 666 1411 εῐ
679 1392 721 1416 τις
729 1384 751 1400 ¹¹
763 1393 844 1412 κατα-

54 1428 166 1464 ξιωθείη
187 1429 252 1461 τοὺς
274 1429 444 1465 ἀμφοτέρους
459 1429 607 1464 ἐπιγνῶναι
629 1429 667 1462 ὡς
693 1431 757 1465 μιᾶς
772 1430 844 1457 διδα-

57 1474 170 1506 σκαλίας
200 1474 245 1502 ὑπ’
265 1475 355 1502 αὐτῶν
383 1475 603 1511 κεκηρυγμένης,
624 1471 704 1508 οὗτος
727 1476 796 1512 ἀνὴρ
814 1476 844 1503 ὲν

57 1520 114 1556 Θεῷ
143 1519 270 1552 πλούσιος
299 1521 510 1557 κατηρίθμηται,
526 1521 561 1548 τά
576 1529 606 1548 τε
620 1521 722 1557 ἀρχαῖα
742 1522 789 1549 νέα
804 1521 844 1558 τῷ
856 1535 878 1566 c

55 1566 152 1601 χρόνῳ,
169 1567 216 1593 καὶ
231 1566 266 1593 τὰ
281 1566 361 1593 καινὰ
375 1567 477 1594 παλαιὰ
492 1568 556 1594 ὄντα
573 1567 716 1604 νενοηκὼς.

88 1643 155 1671 VIII.
174 1643 266 1671 Ταῦτα
282 1645 329 1671 τοῦ
345 1645 448 1681 Πέτρου
464 1646 597 1680 λέγοντος,
607 1646 631 1673 οἱ
647 1646 731 1682 ὄχλοι,
749 1646 843 1683 ὥσπερ

57 1690 107 1716 imo
136 1698 209 1721 τινος
235 1689 389 1726 κληῠέντες,
406 1692 532 1727 εἰσῄεσαν
556 1691 620 1718 ἔνθα
642 1693 656 1719 ὁ
679 1692 781 1728 Πέτρος
798 1691 842 1728 ἦν.

62 1735 90 1762 ’0
109 1735 138 1762 δὲ
159 1735 206 1762 τὸν
225 1736 307 1762 πολὺν
322 1736 400 1771 όχλον
413 1736 489 1779 ,ἰδὼν
505 1736 599 1773 ὥσπερ
624 1737 745 1772 ποταμοῦ
776 1737 844 1772 ἥσυ-

57 1790 100 1816 χον
127 1781 217 1817 ῥεῦμα
243 1782 337 1818 πράως
361 1782 538 1817 προσρέοντα,
562 1783 613 1818 ἔφη
642 1783 680 1818 τῷ
706 1783 842 1820 Μαροόνῃ·

58 1826 110 1853 Ποῦ
133 1835 174 1853 σοι
196 1826 279 1858 τόπος
309 1826 425 1854 ἐνταῦθα
443 1827 542 1862 μᾶλλον
557 1828 621 1860 τοὺς
637 1828 732 1863 ὖχλους
747 1829 844 1864 χωρεῖν

57 1872 217 1908 δυνάμενος
234 1872 281 1899 τοῦ
298 1872 356 1899 at"
375 1873 515 1908 Μαροόνου
547 1874 587 1905 είς
607 1873 689 1900 τόπον
713 1873 844 1910 ὕπαιθρον

58 1918 260 1954 κεκηπευμένον
285 1918 451 1954 προάγοντος
475 1919 572 1952 αὑτὸν,
590 1919 697 1946 εἵποντο
715 1919 738 1946 οἱ
761 1919 843 1955 ὄχλοι.

64 1963 91 1990 ὐ
113 1963 142 1990 δὲ
165 1963 270 1999 Πέτρος
290 1963 336 1990 ἐπί
351 1971 423 1995 τινος
440 1963 543 1999 βάσεως
559 1964 714 2000 ἀνδριάντος
728 1964 757 1991 οὺ
775 1964 844 1991 πάνυ

59 2009 159 2044 ὑψηλῆς
167 2010 202 2041 ⁸⁷,
215 2009 340 2040 ἐπιστὰς,
358 2009 415 2045 ἅμα
433 2009 472 2045 τῷ
494 2010 541 2037 τὸν
557 2010 634 2046 ὄχλον
649 2010 771 2037 θεοσεϐεῖ
788 2011 843 2037 ἔοει

59 2054 284 2090 προσπορεῦσαι,
306 2054 382 2086 είὸὼς
404 2055 517 2087 πολλοὺς
541 2057 573 2082 ὲκ
594 2056 647 2082 τῶν
665 2056 846 2092 παρεστώτων

59 2100 141 2134 δχλων
164 2100 218 2126 ὑπὸ
241 2100 375 2135 δαιμόνων
391 2109 420 2127 τε
436 2101 482 2128 καὶ
501 2101 606 2128 πολλῶν
625 2100 719 2128 παθῶν
735 2101 767 2128 ὲκ
783 2101 846 2128 πολ-

59 2145 110 2172 λῶν
133 2145 237 2180 χρόνων
261 2145 478 2182 ἐνοχλουμένους,
506 2146 654 2182 βρύχοντάς
679 2155 710 2173 τε
735 2148 792 2182 μετ’
811 2147 847 2173 0i-

888 250 953 270 vero
980 242 1028 278 qui
1051 243 1078 269 in
1094 241 1188 270 Jesum
1203 242 1386 277 crediderunt,
1402 243 1492 271 Moses
1505 245 1670 274 occultatur.

888 287 957 314 Cum
981 287 1054 315 enim
1073 295 1127 315 una
1147 287 1184 316 sit
1203 295 1252 322 per
1282 293 1431 324 utrumque
1453 289 1588 323 doctrina.
1608 298 1673 319 eum

888 333 935 368 qui
955 333 1079 361 alterutri
1102 334 1190 361 credit
1210 333 1308 369 recipit
1324 334 1407 362 Deus.
1432 334 1534 362 Verum
1553 335 1621 364 ﬁdes
1645 337 1674 364 in

889 379 1050 414 magistrum
1066 378 1126 406 ideo
1140 383 1193 411 est,
1216 384 1246 406 ut
1265 387 1327 414 qua:
1342 388 1358 407 ει
1370 379 1424 408 Deo
1439 381 1512 408 dicta
1530 385 1595 409 sunt
1610 390 1674 417 per-

889 428 1016 459 agantur.
1038 423 1115 456 Quod
1137 428 1226 452 autem
1244 424 1297 451 hoc
1318 424 1354 452 ita
1371 432 1400 452 se
1417 425 1532 458 habeat,
1548 426 1607 461 ipse
1620 426 1675 453 Do»

889 469 980 497 minus
995 474 1087 496 noster
1101 469 1152 497 ait:
1163 469 1295 504 Conﬁteor
1310 470 1369 501 tibi,
1382 470 1464 498 Pater
1475 471 1532 498 mli
1545 477 1569 498 et
1585 477 1674 506 terra,

889 515 951 550 quia
975 515 1136 542 abscondisti
1162 515 1218 542 hwc
1242 524 1258 542 a
1285 516 1448 550 sapientibus
1476 522 1501 544 et
1513 517 1672 552 senioribus,

889 565 915 587 et
927 560 1045 587 revelain
1057 569 1087 587 ea
1096 561 1214 595 parvulis
1226 561 1384 588 lactentibus
1401 567 1425 588 α.
1446 561 1492 589 Sic
1518 563 1590 590 Deus
1615 563 1674 598 ipse

890 606 943 634 illis
956 607 1064 642 quidem
1080 607 1223 634 abscondit
1237 607 1390 641 doctorem,
1404 612 1435 636 ut
1449 607 1603 643 quiscirent
1613 618 1675 644 quae

889 657 981 679 essent
1005 651 1139 685 facienda,
1164 652 1207 679 his
1230 661 1295 680 vero
1319 654 1467 688 revelavit,
1490 659 1521 682 ut
1543 655 1589 690 qui
1614 663 1676 690 quae

889 705 971 733 agere
985 701 1109 733 oporteat
1123 698 1289 734 ignorarent.

926 782 983 812 γη.
998 783 1091 820 Neque
1101 793 1166 821 ergo
1176 785 1280 814 llebrmi
1295 787 1329 814 de
1342 787 1513 822 ignoratione
1526 788 1588 817 Jcsu
1605 796 1674 817 σου-

891 828 1065 864 demnantur,
1077 835 1187 866 propter
1199 839 1261 860 eum
1273 833 1319 868 qui
1333 833 1485 865 abscondit,
1498 834 1531 867 si,
1545 834 1676 862 facientes

891 883 907 902 a
920 875 1011 911 Moyse
1036 877 1204 912 praescripta,
1216 886 1297 913 quem
1315 879 1441 906 nesciunt
1467 880 1531 907 odio
1553 888 1608 908 non
1627 881 1677 908 ha-

890 921 989 948 beant:
1000 929 1087 958 neque
1100 931 1209 950 rursum
1224 924 1270 958 qui
1292 931 1325 951 ex
1334 916 1462 960 gentibus
1477 930 1551 959 sunt,
1560 926 1593 953 de
1604 926 1677 961 igno-

891 971 951 994 rato
963 967 1054 1003 Moyse
1074 969 1302 1002 condemnentur,
1316 974 1428 1005 propter
1441 978 1503 998 eum
1517 971 1562 1006 qui
1584 972 1678 999 occul-

890 1014 968 1046 tavit,
983 1014 1005 1041 si
1021 1018 1048 1041 et
1063 1014 1113 1049 ipsi
1128 1022 1176 1050 per
1188 1014 1329 1042 Christum
1348 1015 1421 1043 dicta
1437 1015 1578 1051 facientes,
1593 1025 1676 1052 quem

893 1058 1020 1094 ignorant
1034 1060 1098 1087 odio
1117 1067 1170 1087 non
1186 1065 1399 1095 prosequantur.
1416 1060 1543 1097 Nihilque
1557 1063 1675 1097 cuipiam

892 1105 1023 1139 proderit,
1037 1105 1174 1140 magistris
1197 1112 1297 1133 nomen
1324 1106 1498 1134 dominorum
1520 1107 1595 1140 dare,
1618 1115 1674 1135 non

892 1149 983 1178 facere
1006 1155 1097 1178 autem
1121 1158 1204 1186 opera
1224 1158 1378 1179 servorum.
1391 1151 1458 1179 Nam
1482 1152 1584 1180 idcirco
1596 1151 1678 1181 Jcsus

893 1200 986 1224 noster
997 1197 1031 1224 ad
1045 1197 1203 1232 quemdam,
1217 1197 1264 1232 qui
1280 1205 1342 1225 cum
1358 1197 1514 1233 frequenter
1531 1198 1676 1226 Dominum

892 1242 1017 1274 vocabat,
1032 1243 1102 1270 nihil
1116 1247 1206 1270 tamen
1220 1243 1254 1270 ab
1270 1251 1304 1270 eo
1325 1244 1515 1271 mandatorum
1535 1244 1652 1272 iaciebat
1668 1252 1677 1272 :

894 1287 976 1320 Quid,
990 1287 1091 1323 inquit,
1113 1288 1179 1315 mihi
1200 1288 1279 1322 dicis,
1295 1288 1418 1322 Domine,
1438 1289 1559 1324 Domine,
1575 1295 1600 1318 et
1627 1297 1680 1318 non

893 1332 961 1368 facis
978 1341 1036 1368 qua:
1049 1334 1108 1361 dico
1127 1334 1158 1361 h?
1180 1333 1320 1362 Neminem
1337 1334 1436 1370 quippe
1449 1335 1555 1370 juvabit
1576 1335 1678 1370 dicere.

894 1379 941 1406 sed
962 1378 1060 1407 facere.
1077 1378 1156 1407 Omni
1177 1379 1268 1415 itaque
1284 1380 1366 1408 modo
1384 1388 1454 1415 opus
1471 1384 1513 1408 est
1527 1381 1605 1408 bonis
1615 1388 1680 1416 ope—

894 1425 1116 1453 ribus.C:eterum
1136 1425 1160 1454 si
1178 1426 1223 1454 cui
1245 1426 1377 1454 donatum
1389 1425 1483 1460 fuerit,
1502 1430 1530 1453 et
1543 1424 1636 1454 Jesum
1651 1430 1680 1454 et

894 1470 1014 1507 Moysem
1043 1479 1219 1507 cognoscere,
1242 1476 1372 1508 tanquam
1403 1480 1457 1499 una
1493 1471 1619 1500 doctrina
1644 1471 1679 1500 ab

894 1521 1010 1551 utroque
1020 1517 1178 1552 praedicata,
1192 1517 1237 1545 hic
1252 1517 1294 1545 vir
1308 1517 1335 1544 in
1349 1517 1406 1545 Deo
1421 1517 1497 1546 dives
1512 1518 1678 1552 censebitur,

893 1563 940 1598 qui
951 1567 1044 1590 vetera
1058 1570 1129 1590 nova
1142 1567 1274 1598 tempore,
1284 1567 1312 1590 ct
1324 1571 1405 1596 nova,
1420 1571 1482 1598 quae
1497 1569 1588 1592 vetera
1603 1567 1678 1597 sunt,

893 1607 1018 1643 intelligit
1032 1613 1057 1635 ε.

931 1653 996 1680 Vlll.
1010 1651 1073 1680 Haec
1095 1652 1176 1680 Petro
1191 1653 1298 1681 dicente
1312 1653 1402 1680 omnis
1425 1653 1583 1686 multitudo,
1596 1652 1678 1688 quasi

893 1700 929 1728 ab
942 1700 1035 1734 aliquo
1049 1704 1172 1731 evocata,
1189 1699 1311 1734 ingressa
1324 1699 1366 1726 es't
1380 1698 1428 1726 ubi
1444 1703 1505 1726 crat
1523 1699 1630 1727 Petrus.
1643 1697 1680 1726 Ut

895 1750 984 1774 autem
997 1745 1042 1773 ille
1051 1745 1118 1772 vidit
1131 1745 1237 1778 turbes,
1252 1745 1327 1772 velut
1337 1745 1427 1772 amnis
1443 1744 1579 1778 placidum
1591 1743 1679 1772 ﬂuenv

894 1796 951 1819 tum
968 1791 1063 1819 leniter
1075 1796 1272 1824 commeantes,
1300 1791 1369 1818 dixit
1391 1790 1514 1818 Μετοοηὶ
1532 1799 1539 1817 :
1556 1789 1608 1818 Ubi
1630 1789 1677 1818 hic

894 1838 947 1865 tibi
968 1838 1045 1865 locus
1067 1840 1119 1869 est,
1132 1837 1180 1871 qui
1195 1837 1282 1872 magis
1297 1836 1384 1872 possit
1396 1843 1492 1871 capere
1504 1836 1574 1863 hanc
1585 1836 1678 1863 multi-

895 1881 1034 1910 tudinem?
1046 1880 1079 1908 Et
1096 1880 1226 1908 Maroone
1245 1882 1396 1909 deducente
1408 1889 1470 1908 eum
1482 1881 1509 1908 in
1525 1881 1678 1908 subdialem

894 1927 976 1954 horto
993 1926 1132 1955 excultum
1155 1926 1257 1960 locum,
1275 1930 1375 1954 secutae
1390 1931 1455 1954 sunt
1469 1926 1565 1953 turbae.
1579 1925 1678 1954 Petrus

895 1976 986 1999 autem
1008 1979 1090 2006 super
1114 1971 1200 1999 basim
1222 1975 1318 1999 statuae
1331 1979 1385 1999 non
1401 1972 1435 1999 ad
1450 1972 1563 1998 modum
1584 1970 1676 1999 excel-

896 2025 954 2045 sam
968 2017 1131 2049 consistens,
1147 2017 1228 2044 simul
1251 2021 1333 2052 atque
1358 2017 1487 2052 populum
1511 2024 1589 2044 more
1611 2017 1678 2044 reli.

896 2064 972 2099 gioso
996 2063 1152 2095 salutasset,
1168 2063 1264 2091 videns
1289 2063 1390 2090 multos
1416 2062 1532 2090 astantis
1553 2062 1640 2098 plebis
1660 2069 1677 2090 a

895 2110 1066 2138 dzemonibus
1078 2113 1105 2137 et
1116 2109 1241 2144 pluribus
1259 2108 1363 2136 morbis
1377 2108 1431 2143 jam
1445 2109 1491 2136 diu
1507 2109 1677 2142 molestatos,

896 2162 928 2181 ac
941 2154 1056 2182 stridere
1071 2161 1133 2182 eum
1157 2154 1277 2187 ululatu,
1298 2158 1325 2181 et
1336 2153 1479 2188 procidere
1497 2161 1558 2181 cum
1573 2154 1678 2189 suppli--

61 2191 153 2226 μωγῆς
184 2192 231 2218 καὶ
262 2191 410 2223 πίπτοντας
443 2191 501 2228 μεθ’
533 2192 651 2224 ἱκεσίας,
680 2193 842 2228 ἐπιτιμήσας

896 2200 1013 2232 catione,
1038 2200 1182 2236 increpitis
1202 2200 1246 2232 iis,
1261 2200 1454 2235 silentiumque
1469 2204 1560 2227 tenere
1576 2200 1675 2235 jussis.

60 2237 147 2268 αὐτοῖς
167 2236 215 2263 καὶ
243 2237 356 2272 ἡσυχίαν
380 2237 452 2272 ἔχειν
472 2237 624 2273 προστάξας
646 2238 692 2264 καὶ
708 2238 756 2274 τὴν
773 2239 843 2265 ἴασιν

62 2282 127 2317 μετὰ
142 2282 174 2309 τὸ
189 2282 358 2318 διαλεχθῆναι
371 2283 562 2318 ὑποσχόμενος,
578 2283 625 2310 τοῦ
640 2283 728 2318 λέγειν
743 2283 843 2319 ἤρξατο

61 2337 143 2360 ουτως
151 2336 159 2343 ·

95 2373 138 2400 IX.
163 2373 326 2410 Ἀρχόμενος
347 2373 391 2401 τδν
408 2375 476 2410 ὑπὲρ
495 2375 647 2407 θεοσεϐείας
664 2374 742 2409 λόγον
757 2376 842 2402 ποιεῖ-

65 2419 122 2445 σθαι
141 2421 199 2451 τοῖς
220 2419 359 2451 παντελῶς
382 2420 507 2454 ἀγνοοῦσι
533 2420 596 2447 τὰ⁸⁸
609 2421 712 2452 πάντα,
727 2421 774 2448 καὶ
791 2421 843 2448 ὑπὸ

65 2464 114 2491 τῶν
137 2465 184 2491 τοῦ
205 2464 391 2500 ἀντικειμένου
407 2466 472 2501 ἡμῖν
486 2465 606 2502 Σίμωνος
623 2465 753 2493 διαϐολῶν
767 2467 857 2493 ἐσπιί

66 2509 191 2545 λωμένοις
218 2510 264 2536 τὸν
288 2510 360 2543 νοῦν,
386 2511 531 2545 ἀναγκαῖον
557 2511 703 2547 ἡγησάμην
726 2511 843 2548 πρῶτον,

69 2555 130 2591 ὑπὲρ
145 2555 192 2582 τοῦ
210 2556 248 2592 μὴ
267 2556 321 2583 δεῖν
347 2555 500 2592 μέμφεσθαι
513 2556 559 2584 τδν
579 2557 614 2584 τὰ
630 2557 717 2584 πάντα
733 2565 846 2593 πεποιη-

895 2252 946 2273 nec
960 2253 1015 2273 non
1027 2245 1165 2280 pollicitus
1180 2245 1348 2273 curationem
1362 2249 1423 2280 post
1434 2244 1556 2272 habitum
1569 2253 1676 2273 sermo-

895 2298 968 2325 nem,
983 2291 1021 2318 ita
1032 2291 1106 2326 loqui
1121 2291 1220 2326 erepit:

932 2375 977 2403 1x.
995 2375 1128 2411 incipiens
1142 2376 1176 2404 de
1189 2383 1254 2404 vero
1270 2376 1317 2404 Dei
1329 2377 1404 2404 cultu
1419 2376 1509 2405 facere
1521 2383 1676 2405 sermonem

895 2422 928 2449 ad
955 2429 1003 2450 eos
1027 2421 1074 2456 qui
1089 2421 1196 2455 penitus
1213 2422 1339 2457 ignorant
1349 2422 1450 2455 omnia,
1466 2429 1582 2457 quorum
1598 2429 1677 2450 mens

896 2475 943 2503 per
954 2468 1100 2495 adversarii
1110 2467 1195 2495 nostri
1209 2468 1329 2496 Simonis
1343 2468 1496 2496 calumnias
1508 2467 1609 2495 foedata
1622 2471 1675 2501 est,

897 2514 1079 2542 necessarium
1100 2513 1176 2546 duxi,
1192 2515 1280 2549 primo
1296 2521 1450 2542 sermonem
1462 2513 1562 2541 habere
1581 2513 1614 2541 de
1629 2520 1674 2546 eo,

897 2559 970 2595 quod
984 2567 1038 2587 non
1053 2563 1176 2594 oporteat
1187 2560 1309 2588 omnium
1334 2565 1485 2588 creatorem
1512 2559 1598 2588 Deum
1616 2559 1676 2588 cul-

100 2618 112 2632 ·
128 2611 221 2640 Matth.
235 2619 275 2646 ιι,
287 2612 334 2640 25.
373 2611 492 2648 διψία).
509 2621 559 2647 vit,
574 2613 619 2641 21.
661 2619 672 2633 ε
688 2613 784 2642 Matth.
801 2622 861 2648 xm,
876 2615 923 2655 52ἶ

701 2670 820 2698 ἾΑΠΙᾸΕ
835 2671 1038 2700 LECTIONES.

42 2718 46 2727 ‘
77 2750 89 2754 _
101 2717 193 2746 “Nihil
207 2717 433 2754 mutandumﬁi‘.
445 2717 512 2754 μοι),
523 2718 624 2754 Phryn.
636 2724 665 2754 ι)ἐ
678 2717 739 2744 156.
756 2717 892 2746 Habemus
904 2718 931 2745 in
940 2717 1108 2745 Clementiuis
1118 2718 1199 2754 etiam
1213 2719 1443 2754 dativum’Mwucﬁ
1456 2717 1673 2754 ΙιοηιᾳνιιιιρηΣ

76 2750 99 2779 S.
131 2753 151 2791 ⁸]
164 2753 297 2791 ἀπόρρρ
313 2772 322 2784 ,
334 2752 388 2791 gms
399 2752 430 2791 t_J.
446 2752 515 2791 Turn
532 2750 607 2791 in_‘0_.
619 2750 676 2791 τοῦ,
689 2759 833 2791 man._sec.
854 2753 1061 2791 suprafqiante
1075 2753 1185 2791 ςιησοῦη
1198 2761 1243 2788 ap.
1261 2755 1283 2791 ί]
1312 2753 1377 2791 τῶν.

213 2789 236 2806 ⁸ο
249 2786 466 2823 ἐξομολογοῠμεν
478 2788 509 2815 0.
558 2787 580 2804 ιι
591 2786 712 2822 ἔκρυψας
719 2786 810 2823 ταῦτα
821 2788 874 2814 ἀπὸ

21 2818 22 2821 η
73 2796 117 2815 om.
133 2787 162 2817 0.

71 2824 89 2842 ν
101 2824 223 2856 Μωῡσέος
237 2823 271 2851 0.
299 2821 337 2858 ξ¹¹
346 2822 402 2858 ᾲπό
413 2821 444 2849 Ο.
481 2824 505 2858 "_‘
518 2821 700 2858 προσέτασσεν
713 2821 744 2858 C_.

1429 2751 1453 2773 ἢ
1468 2753 1529 2780 τινά
1541 2753 1571 2780 C.
1599 2751 1675 2779 δ’τοΰ

794 2788 874 2814 αὰπὸ
885 2785 1014 2850 degant}.
1034 2788 1081 2814 καί
1107 2785 1314 2823 ὲοριιί³“ειίειπι
1338 2789 1415 2816 adest
1437 2788 1463 2815 in
1487 2789 1506 2815 l.
1529 2795 1554 2815 c.
1578 2785 1612 2814 N.
1639 2785 1671 2813 Τ.

794 2827 817 2844 ιι
832 2823 898 2854 εῐτις
957 2831 981 2850 c.
996 2823 1027 2850 (ιι
1042 2843 1050 2854 ,
1064 2824 1080 2854 ἥ
1092 2832 1134 2854 τις
1149 2823 1179 2850 C.
1235 2827 1258 2843 ⁸·
1278 2823 1307 2850 δέ
1330 2830 1385 2851 om.
1405 2823 1474 2851 Tum
1492 2823 1574 2850 τόπον
1598 2824 1671 2854 Epit.

957 2823 1050 2860 eam,
1064 2824 1080 2859 ἦ
1092 2832 1134 2860 τις
1149 2823 1196 2860 (_}._
1235 2827 1258 2843 ⁸·
1271 2823 1385 2860 Δδιέλθω.
1405 2823 1474 2851 Tum
1492 2823 1574 2850 τόπον
1598 2824 1673 2860 Epit.

70 2866 88 2888 c.
110 2859 148 2895 62,
160 2860 206 2888 τόν
241 2859 275 2894 C,
290 2857 326 2886 Ο.
344 2857 442 2885 Deinde
464 2856 545 2884 αὐτόν’
558 2865 613 2886 om.
627 2856 661 2884 Οτ
675 2858 719 2897 ﬁ"
733 2856 771 2885 Ita
785 2857 807 2885 0
831 2866 846 2888 c
861 2858 880 2886 S
894 2879 902 2892 ,
919 2857 1015 2894 ὑψιλῆς
1029 2858 1060 2885 C.
1075 2856 1122 2896 ’ἠδ’
1135 2858 1171 2885 τά
1181 2858 1256 2887 deest
1270 2857 1298 2886 in
1308 2856 1342 2885 0.
