1942 3100
279 150 329 179 εστι

699 143 729 172 S.
747 140 942 172 CLEMENTIS
960 140 970 168 ι
990 140 1074 168 ROM.
1098 140 1204 168 PONT.
1225 138 1342 167 OPERA
1360 138 1475 167 DUBIA.

1849 137 1901 166 253

278 217 354 247 pare,
381 215 437 236 non
465 206 576 236 aliunde
598 204 839 240 ineipiens,‘quam
866 203 900 230 ab
926 202 977 229 ista
1000 209 1061 236 qua;
1075 203 1098 231 Α
1113 200 1180 227 κότα
1194 195 1662 233 Θεὸν⁸⁹τὺνλόγονποιήσασθαι,τδν
1672 193 1812 231 ιετοῦκ
1822 195 1900 222 ἄλλο·

278 255 453 293 providenter
473 254 506 281 ab
521 260 553 280 eo
571 256 723 287 opportune
737 250 857 284 subjecta
873 248 923 275 fuit
939 248 1058 281 occasio,

278 292 310 330 ut
324 304 505 336 cognoscatur
515 298 587 333 quod
599 302 672 324 recta
685 296 790 323 ratione
801 294 954 329 complures
967 301 981 320 a
994 292 1060 320 mul-

278 347 316 376 tis
326 346 495 376 daemonibus
509 343 612 372 obsessi
626 346 690 370 sunt
699 346 725 369 et
738 348 753 368 a
766 340 881 368 diversis
891 339 1059 367 difficilibus-

278 400 334 430 que
346 391 450 420 morbis
468 389 666 425 comprehensi,
683 392 712 415 ut
722 395 770 422 per
784 387 836 414 hoc
850 393 959 420 quoque
975 391 1060 419 appa-

279 444 339 469 reat
357 437 462 475 iustitia
477 436 535 464 Dei.
550 436 583 463 Et
596 436 641 471 qui
657 442 706 470 per
725 433 906 469 ignorantiam
925 431 1000 458 illum
1015 438 1061 458 ac-

279 489 422 518 cusarunt,
436 483 460 511 si
479 482 706 513 nunc,discentcs
727 477 793 514 quid
813 477 986 505 sentiendum
1013 475 1058 508 sit,

279 539 328 567 per
347 531 446 557 bonam
465 526 686 563 praedicationem
711 528 738 551 et
753 524 824 551 bona
850 530 931 558 Opera
947 529 961 549 a
976 520 1061 556 prieri

279 566 395 605 crimine
413 582 444 603 se
467 577 604 605 revocent,
627 577 738 599 causam
757 568 822 596 mali
839 567 968 595 facinoris
983 566 1062 602 igno-

279 621 387 655 rantiat,
405 624 436 648 ut
450 619 557 647 veniam
569 618 782 651 consequantur,
795 612 973 641 aseribentes.

315 708 350 737 Χ.
369 708 410 736 Ita
424 714 490 735 vero
505 705 588 733 habet
602 713 610 732 :
625 703 694 732 Cum
715 702 796 734 Deus,
812 699 860 735 qui
883 698 958 726 solus
974 697 1063 724 bonus

280 756 444 788 est,7euncta
461 752 530 780 bene
550 753 672 778 creasset
686 756 718 776 ac
735 746 839 774 homini
857 745 892 773 ad
915 743 1063 778 imaginem

281 809 362 831 suam
375 799 446 828 facto
463 797 631 828 tradidisset,
648 795 672 823 is
686 795 771 822 homo
786 791 935 821 conditoris
951 790 993 817 sui
1009 788 1064 824 spi-

280 855 347 875 rans
366 845 545 875 divinitatem,
558 850 620 871 cum
640 844 712 869 esset
722 847 803 867 verus
818 838 947 874 propheta
963 840 989 863 et
1002 835 1064 862 uni—

1112 246 1158 273 θεν
1167 246 1328 281 ἀρχόμενος,
1340 245 1355 280 ἥ
1370 243 1417 271 ἀπ’
1431 242 1516 279 αὐτῆς
1524 243 1573 279 τῆς
1584 242 1654 269 κατὰ
1666 242 1794 278 πρόνοιαν
1802 242 1848 268 ὑπ’
1858 242 1902 268 αὖ.

1111 291 1158 318 τοῦ
1173 291 1308 327 εὐκαίρως
1325 290 1522 326 ὑποϐληθείοης
1536 290 1707 325 προφάσεως·
1725 289 1769 315 ἵνα
1780 288 1900 323 γνωσθῇ,

1111 338 1149 369 ὼς
1160 337 1279 372 εὐλόγως
1295 337 1319 363 οἱ
1335 336 1427 363 πολλοὶ
1443 334 1495 362 ὑπὸ
1509 335 1614 362 πολλῶν
1627 335 1761 370 δαιμόνων
1775 333 1903 368 συνεσχέ-

1090 391 1097 397 ·
1112 382 1198 418 θησαν
1223 382 1272 409 καὶ
1296 381 1350 408 ὑπὸ
1374 381 1525 408 ἀλλοκότων
1555 380 1649 407 παθῶν
1680 379 1902 416 κατελήφθησαν,

1111 427 1185 460 ὅπως
1208 428 1256 454 καὶ
1278 428 1307 454 ὲν
1328 426 1415 462 τούτῳ
1430 426 1461 453 τὸ
1480 426 1528 453 τοῦ
1545 426 1612 453 Θεοῦ
1628 425 1730 452 δίκαιον
1747 426 1830 460 φανῇ.
1848 424 1905 451 Καὶ

1111 474 1135 500 οἱ
1151 473 1184 500 δι’
1193 474 1304 508 ἄγνοιαν
1321 472 1490 508 μεμφόμενοι
1504 471 1594 505 αὑτὸν,
1611 472 1663 500 κᾶν
1670 472 1692 487 ⁸⁸
1706 471 1754 498 νῦν
1772 470 1905 506 μαθόντες

1111 517 1149 550 ὡς
1177 518 1218 544 δεῖ
1244 519 1361 554 φρονεῖν,
1380 517 1414 544 δι’
1440 517 1578 553 εὐφημίας
1594 525 1624 544 τε
1647 517 1693 544 καὶ
1712 515 1836 548 εὐποιίας
1855 515 1905 542 τοῦ

1111 563 1245 600 προτέρου
1280 564 1452 599 ἐγκλήματος
1488 563 1600 594 ἑαυτοὺς
1638 562 1904 593 ἀνακαλέσωνται⁶⁸,

1111 610 1201 638 αἰτίαν
1221 610 1268 637 τοῦ
1295 610 1380 637 κακοῦ
1404 611 1580 646 τολμήματος
1602 610 1651 646 τὴν
1667 611 1777 645 ἄγνοιαν
1798 611 1838 641 είς
1854 610 1906 645 τὴν

1114 656 1277 692 συγγνώμην
1294 656 1466 692 προθέμενοι.

1149 701 1184 730 Χ.
1200 703 1277 738 Ἔχει
1301 702 1329 729 δὲ
1351 701 1446 733 οὕτως·
1471 701 1525 728 Τοῦ
1551 701 1633 738 μόνου
1656 701 1760 736 ἀγαθοῦ
1783 700 1852 728 Θεοῦ
1870 701 1906 727 τὰ

1113 750 1202 776 πάντα
1225 748 1315 780 καλῶς
1340 748 1520 783 πεποιηκότος
1545 748 1591 775 καὶ
1619 748 1839 783 παραδεδωκότος
1865 746 1906 783 τῷ

1112 794 1172 821 κατ’
1192 793 1283 820 εἰκόνα
1304 793 1386 820 αὑτοῦ
1411 793 1550 828 γενομένῳ
1558 792 1580 808 ⁶¹
1595 792 1740 829 ἀνθρώπῳ,
1756 793 1770 819 ό
1783 792 1906 826 γεγονὼς

1113 838 1163 874 τῆς
1177 837 1224 865 τοῦ
1241 838 1420 874 πεποιηκότος
1436 837 1516 865 αὑτὸν
1532 837 1620 865 πνέων
1644 837 1790 873 θειότητος,
1799 837 1907 873 ἀληθὴς

280 899 360 920 versa
387 892 572 925 cognosceret,
589 888 616 915 in
641 888 773 914 honorem
799 883 887 910 Patris
907 883 955 917 qui
974 881 1064 909 omnia

1118 883 1258 919 Προφήτης
1272 883 1309 910 ὣν
1325 883 1372 910 καὶ
1385 882 1462 915 εἰδὼς
1474 883 1508 910 τὰ
1523 883 1582 915 ὅλα,
1599 884 1640 915 είς
1653 883 1736 919 τιμὴν
1752 883 1799 909 τοῦ
1814 883 1907 909 πάντα

281 936 321 965 illi
331 939 514 967 concesserat,
524 939 551 961 et
561 933 596 961 ob
610 931 725 960 salutem
740 937 774 957 ex
792 937 821 956 se
831 928 986 956 futurorum
998 926 1065 953 tilio-

281 991 355 1016 rum,
374 987 504 1016 tanquam
520 985 666 1014 germanus
681 980 757 1012 pater
771 974 987 1003 benevolentiam
1002 979 1066 1007 erga

283 1025 487 1061 asegignendos
500 1025 604 1052 liberos
615 1029 793 1054 conservans,
807 1027 876 1056 quos
896 1022 1008 1054 cuperet
1031 1017 1066 1044 ad

281 1084 376 1104 eorum
387 1075 533 1103 utilitatem
546 1072 659 1108 diligere
671 1071 757 1098 Deum
772 1073 799 1111 et
810 1076 824 1096 a
840 1068 895 1095 Deo
914 1066 1001 1101 diligi,
1014 1065 1066 1093 iter

281 1121 352 1158 quod
366 1121 400 1148 ad
414 1120 488 1148 illius
501 1118 612 1146 duceret
623 1116 773 1144 amicitiam
785 1109 1003 1143 demonstravit,
1014 1109 1066 1137 do-

281 1155 390 1202 cuitque
426 1165 591 1201 quibusnam
627 1157 956 1191 hominumlactionibus
990 1155 1065 1183 solus

281 1213 461 1247 omniumque
474 1209 606 1238 Dominus
622 1208 694 1235 Deus
707 1206 856 1234 delectetur
872 1212 880 1231 :
895 1208 923 1231 et
937 1202 1066 1234 ostensis,

281 1267 343 1296 quae
366 1259 405 1286 illi
427 1257 577 1293 placerent,
592 1254 679 1289 legem
701 1255 832 1280 aeternam
846 1248 953 1277 cunctis
965 1247 1065 1281 sanxit,

281 1293 344 1341 quae
358 1311 411 1332 nee
431 1303 465 1330 ab
484 1301 611 1330 hostibus
631 1297 757 1327 consumi
775 1300 878 1331 posset,
890 1301 940 1322 nec
956 1294 990 1321 ab
1009 1293 1066 1320 ullo

282 1339 369 1386 impio
384 1347 569 1383 interpolanda
587 1350 669 1378 esset,
682 1350 734 1371 nec
747 1350 803 1370 uno
816 1342 843 1368 in
863 1341 924 1368 loco
949 1339 1067 1367 abscon-

281 1384 404 1427 deretur,
416 1394 464 1422 sed
477 1400 494 1421 a
521 1391 627 1420 cunctis
642 1393 737 1425 posset
750 1388 813 1424 legi.
826 1386 911 1414 Erant
921 1393 986 1421 ergo
1000 1384 1066 1418 illis,

281 1451 318 1472 ex
330 1440 482 1470 obcdientia
499 1439 578 1475 legis,
592 1441 690 1466 cuncta
706 1435 817 1468 atlatim,
832 1433 926 1469 fruges
938 1432 1067 1468 pulcher-

283 1489 369 1520 rimae,
384 1486 448 1515 anni
458 1483 662 1520 completi,sine
675 1481 796 1512 tristitia.
808 1480 868 1508 sine
883 1478 1066 1511 morbis,cum

283 1533 464 1564 saluberrima
480 1531 552 1559 aeris
573 1528 703 1564 temperie
717 1531 776 1555 tuto
791 1525 895 1554 donati.

318 1664 365 1692 Xl.
384 1664 419 1692 At
442 1663 492 1697 illi,
508 1662 571 1698 quia
588 1659 709 1689 nondum
735 1658 806 1686 mala
825 1655 928 1692 experti.
947 1656 1066 1689 fuerant,

284 1712 319 1740 ad
337 1713 426 1747 ipsum
440 1711 575 1738 bonorum
588 1708 690 1735 donum
702 1713 784 1733 sensu
794 1704 925 1737 destituti,
939 1710 986 1739 per
996 1703 1069 1730 cibo-

285 1766 346 1786 rum
368 1762 395 1785 et
414 1756 574 1784 deliciarum
597 1750 793 1780 abundantiam
819 1749 852 1776 ad
867 1749 965 1784 ingrati
984 1749 1067 1776 animi

284 1804 381 1831 vitium
403 1801 618 1831 declinaverunt,
631 1801 660 1825 ut
675 1796 872 1824 arbitrarentur
883 1801 937 1822 non
952 1794 1069 1821 existere

232 1867 236 1870 ~
284 1848 496 1880 Providentiam,
507 1845 579 1881 quod
588 1843 662 1871 nullo
674 1841 843 1877 praecedente
852 1839 1069 1876 justitim'labore

283 1894 356 1922 bona
383 1896 413 1920 ut
435 1889 588 1918 mercedem
613 1887 791 1922 recepissent,
819 1889 914 1921 utpote
939 1885 1014 1912 nullo
1035 1892 1068 1912 ex

285 1939 353 1974 ipsis
367 1939 394 1966 in
410 1944 504 1966 casum
530 1935 648 1969 aliquem
661 1933 704 1960 vel
727 1931 850 1959 morbum
867 1936 913 1958 aut
927 1931 1009 1958 ullam
1022 1939 1069 1958 ne-

287 1985 441 2013 cessitatem
453 1982 563 2016 delapso
579 1989 586 2007 :
604 1979 672 2007 adeo
687 1983 726 2012 ut,
737 1977 964 2013 quemadmodum
981 1976 1070 2004 solent

285 2030 411 2059 homines
424 2036 439 2056 a
454 2034 538 2064 prava
554 2026 724 2054 aberratione
739 2024 842 2057 afﬂicti,
856 2023 952 2056 Deum,
963 2023 1008 2058 qui
1021 2030 1069 2050 eos

284 2079 393 2112 poterat
417 2080 526 2104 sanare,
549 2071 728 2106 despicerent.
744 2068 844 2097 Verum
862 2069 1001 2097 enimvero
1014 2073 1070 2096 sta-

286 2121 336 2148 tim
351 2123 412 2154 post
424 2121 620 2152 contemptum,
632 2123 665 2142 ex
681 2117 770 2141 metus
782 2112 919 2141 vacuitate
931 2116 958 2139 et
972 2118 1068 2139 secura

287 2166 425 2201 voluptate
434 2163 637 2200 procedentem,
650 2160 725 2188 velut
743 2159 778 2187 ab
794 2158 935 2186 harmonia
950 2157 1069 2193 quadam

1115 927 1189 963 αὐτῷ
1203 927 1396 964 δωρησαμένου
1412 927 1520 964 Πατρδς
1533 928 1580 955 καὶ
1593 929 1632 960 εἰς
1649 928 1784 964 σωτηρίαν
1804 927 1860 954 τῶν
1876 927 1907 960 ἐξ

1114 972 1197 1000 αὐτοῦ
1217 973 1369 1009 γενομένων
1386 974 1463 1005 υἱῶν,
1478 974 1516 1005 ὡς
1532 974 1623 1009 πατὴρ
1635 975 1745 1010 γνήσιος
1760 973 1829 1009 πρὸς
1841 974 1906 1005 τοὺς

1115 1017 1161 1045 ὑπ’
1178 1017 1260 1045 αὐτοῦ
1281 1018 1442 1054 γενομένους
1459 1019 1555 1050 παῖδας
1577 1018 1726 1050 ἀποσώζων
1748 1017 1779 1045 τὸ
1795 1017 1904 1049 εὖνουν,

1116 1063 1276 1101 βουλόμενος
1290 1065 1388 1097 αὐτοὺς
1410 1065 1479 1101 πρὸς
1500 1065 1531 1092 τὸ
1551 1064 1689 1102 συμφέρον
1705 1065 1796 1096 αὐτοῖς
1817 1065 1906 1099 φιλεῖν

1115 1109 1182 1136 Θεὸν
1212 1109 1260 1137 καὶ
1286 1109 1421 1145 φιλεῖσθαι
1445 1111 1490 1138 ὑπ’
1513 1110 1606 1142 αὐτοῦ,
1630 1110 1680 1146 τὴν
1715 1109 1784 1147 πρὸς
1811 1109 1907 1144 φιλίαν

1114 1155 1196 1183 αὐτοῦ
1218 1156 1337 1190 ἄγουσαν
1354 1156 1480 1192 ἐξέφηνεν
1496 1156 1564 1189 ὁδὸν,
1574 1155 1681 1188 διδάξας
1691 1155 1781 1188 ποίαις
1797 1155 1906 1191 ἀνθρὼ-

1115 1210 1174 1229 πων
1199 1201 1332 1238 πράξεσιν
1360 1202 1375 1230 ό
1404 1203 1483 1238 μόνος
1505 1203 1553 1229 καὶ¹
1572 1202 1679 1229 πάντων
1690 1202 1824 1237 δεσπότης
1839 1200 1907 1232 Θεὸς

1115 1248 1301 1283 εὐφραίνεται,
1315 1248 1363 1275 καὶ
1377 1247 1412 1275 τὰ
1434 1248 1532 1284 ὲκείνῳ
1547 1247 1673 1275 δοκοῦντα
1690 1248 1808 1283 ἐκφήνας
1824 1247 1906 1282 νόμον

1116 1291 1223 1318 αἰώνιον
1254 1291 1338 1327 ὥρισε
1366 1292 1422 1323 τοῖς
1434 1291 1457 1307 ⁸³
1480 1290 1560 1323 ὅλοις,
1581 1291 1643 1327 μήθ’
1664 1289 1717 1317 ὑπὸ
1732 1290 1871 1326 πολεμίων
1884 1290 1907 1305 ⁸⁸

1115 1336 1307 1372 ἐμπρησθῆναι
1329 1336 1486 1372 δυνάμενον,
1514 1337 1577 1373 μήθ’
1605 1337 1658 1364 ὑπὸ
1690 1335 1805 1368 ἀσεόοὖς
1832 1344 1908 1368 τινος

1117 1382 1355 1418 ὑπονοθευόμενον,
1381 1384 1449 1419 μήτε
1480 1383 1521 1410 ἑνὶ
1543 1383 1617 1419 τόπῳ
1645 1381 1904 1418 ἀποκεκρυμμένον,

1116 1428 1184 1455 ἀλλὰ
1199 1429 1282 1455 πᾶσιν
1297 1429 1502 1465 ἀναγνωσθῆναι
1517 1429 1674 1465 δυνάμενον.
1688 1427 1742 1455 Ἦν
1753 1426 1799 1455 οὖν
1814 1428 1906 1459 αὐτοῖς

1117 1475 1150 1501 ἐκ
1164 1474 1214 1510 τῆς
1228 1475 1388 1511 πειθαρχίας
1403 1476 1450 1503 τοῦ
1466 1476 1548 1512 νόμου
1566 1476 1654 1503 πάντα
1677 1474 1835 1509 ἀφθονα,τὰ
1851 1473 1906 1500 τῶν

1117 1521 1230 1557 καρπῶν
1254 1521 1394 1554 κάλλιστα,
1413 1521 1448 1548 τὰ
1475 1522 1556 1557 188
1578 1522 1632 1548 τῶν
1658 1520 1726 1548 ἑτῶν
1748 1521 1839 1548 τέλεια
1859 1521 1907 1547 καὶ

1118 1567 1208 1594 ἄλυπα
1233 1566 1279 1594 καὶ
1303 1568 1395 1598 ἀνοσα,
1423 1567 1491 1602 μετά
1505 1567 1595 1603 πάσης
1617 1567 1666 1602 τῆς
1685 1566 1740 1593 τῶν
1759 1566 1848 1602 ἀέρων
1865 1566 1907 1592 εὐ-

1116 1613 1234 1649 κρασίας
1245 1612 1329 1644 ἀδεῶς
1345 1612 1445 1649 δεδωρη
1450 1613 1527 1648 μένα.

1152 1668 1200 1697 XI.
1214 1669 1246 1696 Οί
1260 1669 1288 1696 δὲ
1302 1669 1362 1696 ἐπεὶ
1374 1669 1410 1705 μὴ
1428 1669 1535 1705 πρῶτον
1557 1668 1611 1696 τῶν
1630 1669 1722 1696 κακῶν
1737 1667 1908 1704 ἐπειράσθη-

1119 1724 1180 1749 σαν,
1196 1715 1265 1751 πρὺς
1282 1715 1366 1752 αὐτὴν
1373 1716 1396 1732 ⁸⁸
1404 1716 1458 1742 τῶν
1486 1715 1595 1749 ἀγαθῶν
1610 1714 1713 1751 δωρεὰν
1734 1714 1907 1750 ἀναισθήτως

1119 1762 1234 1798 ἔχοντες,
1258 1761 1310 1788 ὑπὸ
1331 1762 1380 1797 τῆς
1404 1761 1648 1797 ἀφθόνου¹τροφῆς
1674 1760 1720 1787 καὶ
1746 1760 1851 1796 τρυφῆς
1867 1760 1909 1791 είς

1119 1806 1279 1843 ἀχαριστίαν
1293 1806 1477 1843 ἐξετρέποντο,
1495 1806 1532 1838 ὡς
1546 1805 1665 1841 νομίσαι,
1683 1804 1781 1837 αὐτοὺς
1794 1804 1854 1840 μηδ’
1869 1804 1909 1832 εἶ-

1119 1862 1163 1880 ναι
1177 1852 1319 1888 Πρόνοιαν,
1334 1852 1395 1879 ἐπεὶ
1413 1852 1450 1888 μὴ
1466 1851 1596 1887 πρότερον
1613 1850 1746 1886 καμόντες
1753 1850 1799 1877 ἐπὶ
1809 1850 1909 1876 δικαιο-

1121 1899 1203 1934 σύνης
1218 1899 1256 1930 ὡς
1273 1897 1367 1934 μισθὸν
1388 1896 1423 1924 τὰ
1442 1896 1532 1931 ἀγαθά
1552 1896 1706 1932 εἰλήφεσαν,
1724 1896 1772 1922 ἆτε
1795 1894 1909 1930 μηδενὸς

1120 1944 1208 1972 αὐτῶν
1257 1943 1337 1970 πάθει
1353 1943 1407 1970 τινὶ
1422 1942 1438 1978 ἢ
1454 1942 1523 1977 νόσῳ
1536 1941 1552 1977 ἦ
1570 1941 1637 1978 ἄλλῃ
1651 1941 1704 1968 τινὶ
1718 1940 1826 1976 ἀνάγκῃ
1841 1941 1909 1967 ὑπο-

1120 1991 1264 2022 πεσόντος”
1287 1990 1340 2022 ἵνα,
1358 1989 1395 2021 ὼς
1411 1987 1564 2024 ἀνθρώποις
1591 1986 1666 2022 φίλον
1689 1986 1762 2012 ἐστὶν
1782 1985 1835 2012 ὑπὸ
1857 1985 1908 2024 τῆς

1120 2036 1207 2071 κακῆς
1222 2034 1385 2071 διαμαρτίας
1394 2034 1418 2050 ⁵⁵
1434 2033 1606 2064 κακωθεϊσιν,
1622 2033 1727 2064 ἑαυτοῖς
1743 2032 1788 2058 τὺν
1816 2032 1908 2058 ἰᾶσθαι

1120 2081 1265 2117 δυνάμενον
1289 2079 1504 2116 περιϐλέψωνται
1530 2078 1605 2105 Θεόν.
1629 2077 1709 2105 Ἀλλὰ
1732 2077 1787 2112 γὰρ
1806 2077 1909 2109 εὐθέως

1122 2127 1190 2162 μετὰ
1216 2125 1265 2162 τὴν
1281 2126 1313 2152 ὲκ
1329 2125 1378 2160 τῆς
1394 2124 1509 2158 ἀφοϐίας
1528 2124 1574 2150 καὶ
1590 2122 1684 2154 ἀδεοῦς
1699 2122 1805 2158 τρυφῆς
1821 2131 1909 2148 κατα-

1121 2171 1265 2208 φρόνησιν,
1279 2171 1373 2206 ὥσπερ
1388 2169 1416 2204 ἐξ
1431 2167 1562 2205 ἁρμονίας
1575 2168 1647 2201 τινὸς
1656 2162 1808 2199 ἀκολούθως
1822 2167 1873 2203 ὲφη
1878 2176 1909 2204 ρ-

287 2214 486 2246 conscquenter
511 2209 647 2244 adaptata,
672 2208 746 2244 justa
769 2215 817 2236 eos
832 2206 932 2234 invasit
951 2206 1066 2241 punitio,

1121 2206 1267 2256 μοσμόνης,
1290 2218 1382 2246 δικαία
1400 2226 1442 2249 τις
1458 2216 1548 2248 αὐτοῖς
1565 2215 1703 2252 ἀπήντησε
1725 2214 1857 2250 τιμωρία,
1872 2214 1908 2241 τὰ

287 2264 349 2292 qua:
371 2257 442 2284 bona
460 2255 571 2291 quidem
588 2260 618 2282 ut
638 2254 719 2282 noxia
734 2253 848 2290 expulit,
864 2251 935 2280 mala
959 2258 1024 2279 vero
1039 2254 1069 2278 ut

287 2303 415 2338 adjutura
432 2305 526 2329 contra
541 2300 658 2329 induxit.

323 2403 382 2431 Xll.
397 2402 464 2430 Nam
480 2410 513 2431 ex
531 2401 591 2430 caeli
607 2401 703 2429 incolis
718 2399 869 2436 'spiritibus
890 2399 920 2432 ii,
941 2398 987 2434 qui
1008 2398 1069 2425 inti-

288 2458 361 2478 mam
393 2450 531 2485 regionem
560 2449 685 2476 habitant
712 2447 810 2482 angeli,
835 2445 932 2473 oll'ensi
962 2444 1068 2480 ingrato

289 2495 429 2523 hominum
446 2502 508 2530 erga
535 2494 619 2521 Deum
648 2493 740 2520 animo
768 2491 916 2527 postulant,
933 2490 960 2517 in
984 2490 1067 2516 vitam

288 2541 430 2569 hominum
446 2540 538 2568 venire
551 2539 642 2573 liceat,
659 2543 690 2566 ut
706 2544 770 2565 vere
784 2536 910 2564 homines
928 2534 1004 2568 facti,
1021 2542 1068 2570 per

1124 2266 1232 2302 μὲνγὰρ
1246 2265 1267 2281 ⁸⁷
1281 2264 1371 2299 ἀγαθά
1383 2264 1420 2296 ὠς
1427 2264 1565 2299 βλάψαντα
1579 2261 1734 2293 ἀπωθοῦσα,
1745 2260 1780 2287 τὰ
1793 2260 1821 2286 δὲ
1834 2259 1908 2286 κακὰ

1122 2312 1160 2343 ὡς
1175 2311 1352 2347 ὠφελήσαντα
1368 2310 1590 2345 ἀντεισφὲρουσα.

1157 2397 1214 2425 XII.
1223 2397 1282 2425 Τῶν
1289 2396 1342 2433 γὰρ
1355 2396 1399 2424 τὸν
1405 2395 1517 2432 οὐρανὸν
1531 2393 1732 2422 ὲνοικούντων⁶⁵
1743 2392 1907 2428 πνευμάτων

1120 2445 1145 2471 οἱ
1158 2443 1368 2480 τὴν¹κατωτάτω
1376 2442 1466 2479 χώραν
1476 2441 1667 2471 κατοικοῦντες
1693 2438 1813 2473 ἄγγελοι,
1825 2437 1908 2472 ἀχθε-

1122 2489 1230 2522 σθέντες
1257 2489 1301 2516 ὲπὶ
1327 2489 1429 2525 τῇτῶν
1456 2487 1606 2524 ἀνθρώπων
1622 2487 1663 2517 είς
1673 2484 1737 2511 Θεὸν
1748 2482 1906 2519 ἀχαριστίᾳ,

1121 2535 1258 2562 αἰτοῦνται
1284 2537 1324 2568 εἰς
1348 2535 1392 2562 τὸν
1408 2533 1558 2570 ἀνθρώπων
1574 2532 1661 2559 ἐλθεῖν
1676 2530 1744 2566 βίον,
1763 2529 1806 2556 ἵνα
1822 2529 1908 2559 ὅντως

922 2603 1040 2631 νΑΙὶΙᾸΞ
1061 2602 1263 2631 LECTIONES.

323 2661 346 2678 η
359 2658 424 2686 Θεόν
437 2658 469 2690 0,
483 2663 514 2686 ut
528 2657 580 2693 legi
594 2656 674 2693 jubet
682 2654 802 2693 et_§_,_in
815 2653 870 2693 cui.
884 2651 1041 2693 ιεξιιιφεοῦ.
1063 2686 1071 2693 η
1082 2651 1104 2693 ξθ
1117 2651 1203 2693 καί
1242 2653 1264 2693 αξ
1272 2651 1483 2693 ἀνακαλέσρνται
1494 2650 1543 2693 (1.“
1555 2649 1578 2666 "
1589 2647 1735 2693 γενωμένιρ
1745 2645 1777 2689 ΟῙ
1816 2645 1839 2665 ⁸³
1851 2646 1906 2685 ﬁt;

287 2694 387 2721 excidit
401 2702 445 2728 ap.
461 2686 491 2720 in
517 2686 688 2728 (mimicas,
706 2686 884 2728 1124)_et_S_._
909 2689 932 2706 ει
947 2686 982 2728 μῄ

289 2728 308 2756 S
323 2749 330 2761 ,
345 2729 412 2764 μήτε
426 2728 491 2755 πολε

297 2683 392 2737 Excidit
399 2683 453 2728 ap.—
461 2683 688 2727 δῖ’(ἓᾶἲίῖἱϐθε,
706 2683 786 2733 Γζεὶλι)
798 2693 824 2715 et
909 2689 932 2706 ⁸⁸
947 2686 1014 2722 μήτε
1028 2686 1153 2722 πολέμων
1170 2687 1191 2713 C
1206 2706 1213 2719 ,
1232 2687 1294 2723 μήθ’
1309 2687 1361 2713 ὑπὸ
1372 2686 1509 2722 πολεμίων
1523 2685 1545 2711 D
1560 2704 1567 2717 ,
1584 2685 1653 2745 μἚεε
1675 2683 1816 2717 πολεμίοις
1828 2683 1902 2714 conj.

297 2738 308 2770 Ρ
323 2729 412 2790 ,ἕλητε
426 2728 536 2789 mni“?
620 2727 642 2743 ει
661 2727 710 2787 τήᾶ
724 2725 754 2752 (ι.
793 2723 816 2740 ει
827 2723 860 2749 δι’
873 2722 1010 2784 άμὲιρῖἑαῧ
1021 2722 1054 2755 0,
1116 2731 1123 2749 :
1139 2722 1234 2764 Locus.
1244 2722 1420 2763 multifariam
1436 2725 1593 2770 corruptus.
1611 2754 1617 2760 _
1634 2718 1723 2772 ativp:
1742 2717 1850 2770 éaufgig
1864 2715 1905 2742 ur.

299 2772 331 2790 en
353 2768 372 2790 ιι
384 2768 480 2790 contra
506 2770 568 2790 eaes
591 2768 679 2790 lnguae
714 2766 799 2790 necat,
815 2763 843 2786 et
860 2765 905 2790 qut
981 2764 996 2782 σ
1013 2765 1040 2784 αι
1054 2758 1105 2784 sibi
1117 2758 1191 2790 velit,
1208 2757 1315 2784 difﬁcile
1329 2762 1370 2784 est
1392 2756 1544 2788 intellectu,
1556 2755 1674 2790 denique
1685 2750 1905 2790 _..-p_t6).-..eceat

288 2750 480 2804 t'ei’tdit‘contra
495 2750 568 2797 Πτὲεε
579 2750 799 2796 linguaetréecae,
815 2763 843 2786 et
860 2750 1105 2793 qu'id‘tacﬁat'sibi
1117 2758 1191 2790 velit,
1208 2757 1315 2784 difﬁcile
1329 2762 1370 2784 est
1392 2750 1544 2788 intelleetti;
1556 2754 1618 2782 deni
1640 2760 1674 2780 ue
1689 2750 1905 2788 περιϐλέπεσθαι

288 2806 342 2815 ω...
356 2799 425 2815 ,ιιοηι
441 2797 574 2815 sinam...“
600 2795 672 2815 num!
689 2794 830 2815 Αριηῑηρνε.
846 2792 1057 2815 ῐῖηιιῐρττιιινρι-ἰηι
1068 2799 1130 2815 esse
1144 2793 1318 2815 snrilmndnm
1333 2792 1418 2815 ἀδεῶς
1427 2791 1472 2815 τὸν
1491 2762 1671 2815 τιυωοεῖσῐθαι
1683 2787 1835 2815 δυνάμενον
1849 2793 1899 2812 πα·

288 2806 342 2825 non
356 2799 425 2826 idem
441 2791 586 2833 significat,
600 2791 673 2833 quod
689 2794 830 2833 despicere.
846 2791 1057 2833 (lonjeetaverim
1068 2799 1130 2833 esse
1144 2793 1319 2833 scribepdnm
1333 2792 1418 2833 ἀδεῶς
1427 2791 1472 2833 τὸν
1491 2791 1625 2833 τιμωρεῖσ

1644 2797 1671 2815 αι
1683 2787 1899 2822 δυνάμενον

601 2819 792 2866 ἲτῖξᾶρᾘιῆἶο
807 2819 815 2864 ς
830 2819 864 2857 ad
875 2819 935 2863 εὖ).
948 2834 1023 2856 oram
1037 2819 1352 2857 ωοηοιιιῖἷνοεειεται.
1389 2819 1416 2848 σε
1426 2819 1602 2855 ἐνοικοῦντίυν
1614 2823 1645 2853 Cl
1669 2819 1759 2860 (1698‘
1766 2826 1795 2851 et
1809 2819 1903 2855 i724),

341 2868 467 2896 ικούντων
487 2870 517 2899 S.
