1942 3100
74 115 115 144 «353
574 104 801 134 CLEMENTINA.
821 119 856 126 -—
870 103 1013 132 HOMILIA
1032 104 1100 132 VIII.

1610 108 1664 137 ΞΜ

70 171 183 206 ἂνθρωποι
201 167 345 202 γενόμενοι,
365 166 412 193 ἐπὶ
433 165 555 200 πολιτείᾳ
579 163 680 191 πλείονι
701 164 765 196 τοὺς
787 164 823 194 είς

881 161 994 189 multam
1020 161 1253 189 conversationem
1280 162 1435 198 redargutis
1460 163 1507 198 qui
1531 163 1558 190 in
1576 162 1662 192 Deum

71 214 133 242 αὐτὸν
145 213 370 248 ἀχαριστήσαντας
379 211 536 245 ἐλέγξαντες
552 209 645 236 αὐτόθι
661 210 694 245 τῇ
707 210 767 235 κατ’
776 208 829 241 ἀξί-

71 269 95 286 αν
113 259 211 285 ἕκαστον
234 256 387 283 ὕποὸάλωσι
412 255 542 290 τιμωρίᾳ..
565 254 661 281 Ὁπότε
677 252 724 281 οὖν
748 253 830 288 189

70 305 202 339 αἰτήσαντες
211 301 314 332 ἔλαϐον,
323 300 392 336 πρὸς
407 301 497 327 πᾶσαν
510 298 623 331 ἑαυτοὺς
635 299 796 335 μετέϐαλλον
806 298 828 314 ⁶’

69 348 140 383 φύσιν,
160 347 202 374 ἆτε
231 346 422 381 Θειωδεστέρας
444 345 520 376 ὄντες
547 344 641 376 οὐσίας
660 344 707 370 καὶ
731 343 829 380 ῥᾳδίως

68 393 121 427 πρὸς
133 391 211 418 πάντα
226 390 438 427 μετατρέπεσθαι
454 390 607 425 δυνάμενοι.
628 390 683 416 Καὶ
702 390 826 424 ἐγένοντο

67 437 124 469 λίθος
139 437 228 473 τίμιος,
245 438 291 463 καὶ
308 436 482 472 μαργαρίτης
498 436 687 472 περίϐλεπτος,
700 435 827 471 πορφύρα

66 493 88 510 τε
97 483 189 519 εἰτύχοι
201 483 339 519 καλλίστη,
354 483 403 510 καὶ
418 483 519 519 χρυσὸς
534 482 647 514 ἔνδοξος,
660 483 706 509 καὶ
720 483 795 509 πᾶσα
803 483 827 497 ⁷⁰

67 529 196 564 ¹πολυτίμοις
218 529 275 564 ὖλη.
293 529 348 555 Καὶ
363 528 417 555 τῶν
439 529 486 564 μὲν
500 529 539 559 εἰς
553 530 657 563 χεῖρας,
673 528 726 554 τῶν
741 528 771 554 δὲ
787 528 827 559 εἰς

66 575 143 601 κόλπον
155 575 301 606 ἐνέπιπτον,
310 575 357 601 καὶ
373 574 519 601 ὑπ”αὐτῶν
536 574 642 605 ἑκόντες
653 573 824 600 ἑκλέπτοντο.

65 620 238 646 Μετεὸἀλλοντο
256 620 284 646 δὲ
302 619 349 646 καὶ
363 621 403 651 εἰς
418 619 570 654 τετράποδα
589 619 635 645 καὶ
653 619 693 650 εὶς
710 617 824 653 ἑρπετὰ.

65 667 134 702 νηκτά
140 676 165 693 τε
176 667 218 694 καὶ
231 666 330 702 πτηνὰ,
339 667 385 693 καὶ
395 666 435 697 είς
450 666 503 692 πᾶν
511 666 579 700 ὅπερ
589 664 747 700 ἦθελον.’¹Ατ
752 672 794 690 ινα
802 664 824 679 ⁷¹

65 714 100 739 καὶ
113 714 133 739 ol
153 714 211 748 παρ’
235 714 300 749 ὑμῖν
327 713 437 748 ποιηταὶ
453 712 568 746 ἀφοϐίας
584 712 659 747 αἰτίᾳ
677 712 714 743 ὡς
730 711 825 746 ἔτυχεν

65 758 159 793 ᾄδουσιν,
175 759 240 785 ἑνὶ⁷²
253 758 344 784 τοίνυν
359 757 408 789 τὰς
423 757 530 784 πάντων
547 757 647 788 πολλὰς
664 758 711 784 καὶ
731 757 824 791 διαφό-

66 811 114 837 ρους
128 802 230 838 πράξεις
245 802 442 837 ἀπονέμοντες.

880 207 979 242 ingrati
1005 206 1127 239 fuerant.
1159 207 1304 235 confestim
1329 217 1550 244 unumquemque
1564 211 1663 237 merito

880 251 1019 280 adicerent
1043 252 1189 287 supplicio.
1208 252 1322 286 Quando
1339 254 1421 289 igitur
1435 254 1507 289 quod
1530 255 1664 288 petierant

879 301 1054 331 acceperunt,
1072 297 1099 324 in
1115 305 1223 324 omnem
1237 305 1267 325 se
1278 303 1419 326 mutarunt
1430 303 1565 333 naturam,
1575 304 1604 326 ut
1615 301 1662 334 qui

879 343 1022 372 divinioris
1049 348 1142 371 essent
1166 343 1336 377 substantia,
1365 344 1500 379 facileque
1522 345 1549 372 in
1569 346 1662 374 omnia

878 394 990 424 possent
1005 390 1136 417 converti.
1152 389 1185 416 Et
1199 389 1265 417 facti
1288 394 1351 417 sunt
1379 391 1448 425 lapis
1473 391 1618 426 pretiosus,
1635 396 1662 419 et

879 435 1028 470 margarita
1052 435 1211 470 conspicua,
1227 440 1255 463 et
1277 444 1396 471 purpura
1414 437 1437 464 si
1461 444 1522 472 qua:
1537 438 1662 472 pulcher-

878 481 959 514 rima,
976 485 1003 509 et
1018 489 1115 509 aurum
1138 482 1254 517 insigne,
1272 490 1304 510 ac
1318 483 1407 511 omnis
1420 485 1562 519 magnifica
1577 489 1663 513 mate-

876 527 928 556 ria.
954 528 1043 562 Atque
1056 527 1083 554 in
1097 527 1213 555 aliorum
1238 527 1349 562 quidem
1369 536 1477 563 manus,
1491 530 1517 557 iu
1543 531 1661 558 aliorum

877 580 941 600 vero
964 573 1055 600 sinum
1079 573 1244 606 inciderunt,
1259 578 1287 601 et
1301 574 1336 601 ab
1352 575 1386 602 iis
1402 580 1499 610 sponte
1519 577 1662 611 rapieban-

878 623 931 646 tur.
946 617 998 646 Sed
1021 622 1049 646 et
1071 618 1258 647 trausformati
1285 624 1351 647 sunt
1373 620 1401 647 in
1419 621 1608 656 quadrupedes
1633 627 1661 650 et

876 669 1028 699 serpentes,
1044 665 1132 699 pisces
1150 669 1178 692 et
1199 673 1273 699 aves,
1289 673 1321 693 ac
1336 666 1363 693 in
1385 667 1567 702 quodcunque
1587 668 1663 696 vole-

875 709 950 736 bant.
964 709 1030 742 Qua:
1044 710 1128 737 vestri
1143 710 1225 738 etiam
1241 716 1337 745 poetae,
1355 712 1428 746 quod
1442 712 1511 738 nihil
1536 713 1660 746 timeant,

875 762 925 789 pro
953 755 1032 783 libito
1057 760 1170 787 canunt,
1196 757 1243 783 uni
1268 764 1365 792 nempe
1387 757 1510 784 omnium
1535 759 1620 786 multa
1635 764 1662 786 et

874 801 951 828 varia
964 808 1046 835 opera
1060 801 1222 828 tribuentes.

92 857 147 884 Xlll.
166 857 234 892 Πλὴν
254 858 301 884 ὅτε
319 857 406 885 ταῦτα
423 857 560 893 γενόμενοι
575 857 637 888 τοὺς
655 857 823 892 διαρπάσαν-

910 857 978 884 XIII.
995 856 1130 884 Caterum
1146 857 1255 892 quando
1275 858 1332 885 [me
1356 858 1421 886 facti
1444 864 1568 894 raptores
1591 868 1658 888 suos

64 909 101 932 τας
111 902 197 934 αὐτοὺς
215 902 381 933 πλεονέκτας
396 902 521 937 ἤλεγξαν,
537 902 583 928 καὶ
599 903 640 933 εἰς
653 902 702 938 τὴν
717 901 823 938 ἀνθρὼ-

66 956 111 973 πων
124 948 194 981 φύσιν
205 949 320 979 ἑαυτοὺς
332 947 493 982 μετέϐαλλον
503 947 538 981 ⁷³,
554 948 597 974 ἵνα
610 947 692 979 ὁσίως
706 947 825 973 πολιτευ-

65 991 153 1026 σάμενοι
166 993 209 1019 καὶ
230 993 260 1019 τὸ
281 993 395 1019 δυνατὸν
416 992 462 1019 τοῦ
484 991 672 1018 πολιτεύεσθαι
690 992 825 1024 δείξαντες

64 1038 112 1069 τοὺς
121 1038 273 1074 ἀχαρίστους
283 1039 309 1054 ⁷⁸
324 1038 450 1070 εὐθύναις
466 1037 652 1070 ὑποϐάλωσιν,
676 1037 769 1072 ἐπειδὴ
781 1037 824 1063 δν-

64 1091 105 1114 τως
116 1083 144 1109 τὰ
158 1084 240 1110 πάντα
253 1084 395 1120 ἄνθρωποι
410 1083 530 1117 ἐγίνοντο
543 1083 589 1110 κιίι¹
605 1083 655 1118 τὴν
678 1083 824 1117 ἐπιθυμίαν

64 1128 123 1162 ἔτιον
134 1129 177 1164 τὴν
190 1128 375 1163 ἀνθρωπίνην,
392 1128 444 1155 ὑπὸ
457 1128 560 1162 ταύτης
579 1127 760 1163 κρατούμενοι
784 1127 825 1159 είς

64 1174 173 1206 γυναικῶν
183 1173 251 1209 μῖξιν
258 1174 384 1207 ὤλισθον,
394 1171 437 1205 αἷς
445 1172 647 1208 συμπλακέντες
658 1173 705 1199 καὶ
713 1172 824 1207 μιασμῷ

64 1219 170 1252 παγέντες
176 1220 220 1247 καὶ
226 1220 276 1255 τῆς
286 1219 400 1256 πρώτης
406 1219 544 1254 δυνάμεως
552 1218 689 1251 παντελῶς
699 1218 825 1245 κενωθέν-

63 1271 97 1295 re;
107 1264 136 1291 τὰ
144 1265 174 1292 ὲκ
184 1265 266 1301 πυρὸς
279 1265 419 1301 τραπέντα
436 1264 503 1300 μέλη
519 1266 558 1296 εἰς
573 1264 602 1291 τὺ
619 1264 726 1300 πρῶτον
735 1263 824 1291 αὐτῶν

62 1309 121 1344 iis"
128 1311 188 1343 ἰδίας
196 1311 436 1348 φύπωςὰμίαντον
447 1310 715 1349 μετασυγκρῖναιοὺκ
721 1310 826 1346 ἐξίσχυ-

63 1362 107 1380 m.
118 1355 157 1391 Τῷ
169 1356 221 1392 γὰρ
235 1357 317 1392 βάρει
330 1356 369 1391 τῷ
385 1357 494 1391 ὑπὸτῆς
509 1356 654 1392 ἐπιθυμίας
670 1356 710 1387 είς
725 1356 823 1391 σάρκα,

60 1398 241 1435 τελευτήςαντος
249 1400 335 1428 αὑτοῦ
342 1400 388 1427 τοῦ
394 1400 417 1416 ⁷⁵
426 1400 519 1435 πυρὸς,
526 1399 575 1434 τὴν
583 1398 733 1426 ἀσεϐοῦσαν
741 1398 824 1424 ὥδευ-

61 1451 98 1469 σαν
114 1444 165 1471 ὁδὸν
183 1446 265 1472 κάτω·
286 1445 388 1481 σαρκὸς
406 1445 461 1480 γὰρ
482 1445 558 1470 αὐτοὶ
572 1444 681 1479 δεσμοῖς
708 1443 826 1478 πεπεδη-

875 910 973 930 avaros
991 903 1187 935 ostenderunt,
1206 903 1274 930 etin
1290 904 1431 931 hominum
1447 909 1574 932 naturam
1597 913 1659 932 mu-

875 953 1001 976 taverunt
1015 956 1044 976 se
1055 969 1062 981 ,
1078 955 1133 983 quo
1146 953 1239 976 sancte
1251 950 1372 977 viventes
1388 954 1415 977 et
1437 951 1518 978 vitam
1535 956 1659 979 sanetam

875 1002 936 1022 esse
950 994 1110 1029 possibilem
1126 999 1311 1023 monstrantes
1326 996 1448 1031 ingratos
1460 997 1549 1031 poenis
1563 997 1660 1024 subde-

874 1045 936 1068 rent
949 1050 955 1066 :
968 1041 1110 1076 quoniam,
1123 1040 1245 1075 inquam,
1260 1048 1324 1068 vere
1335 1041 1448 1069 omnino
1461 1042 1585 1069 homines
1600 1043 1660 1070 exi—

874 1086 982 1113 stebant
998 1091 1027 1113 et
1040 1086 1177 1113 habebant
1192 1086 1440 1122 concupiscentiam
1453 1087 1611 1121 humanam,
1623 1088 1659 1116 ab

874 1139 906 1158 ea
926 1131 1063 1166 subjugati
1079 1131 1107 1158 in
1125 1131 1288 1158 feminarum
1305 1133 1479 1161 concubitum
1495 1133 1565 1170 lapsi
1581 1139 1658 1170 sum,

874 1177 975 1212 quibus
989 1177 1138 1212 commisti,
1153 1181 1180 1206 et
1195 1177 1302 1214 piaculo
1315 1180 1425 1214 conﬁxi,
1441 1185 1522 1215 atque
1538 1188 1554 1208 a
1568 1181 1659 1215 prima

874 1223 976 1251 virtute
996 1225 1105 1252 vacuati
1126 1225 1235 1260 penitus
1245 1247 1252 1258 ,
1266 1233 1300 1253 ex
1315 1225 1377 1261 igne
1391 1234 1522 1254 conversa
1536 1228 1658 1255 membra

875 1271 902 1299 in
921 1271 1036 1307 primam
1053 1277 1160 1300 naturas
1171 1280 1227 1300 suae
1238 1273 1383 1306 puritatem
1396 1280 1450 1300 non
1464 1273 1608 1301 valuerunt
1620 1274 1658 1301 iu-

875 1321 1010 1345 staurare.
1027 1317 1095 1345 Nam
1108 1324 1156 1352 per
1168 1317 1275 1352 pondus
1292 1325 1325 1345 ex
1341 1317 1446 1345 carnali
1463 1319 1658 1353 concupiscen-

876 1363 912 1390 tia
927 1367 1028 1397 ortum,
1042 1363 1101 1398 ipso
1118 1363 1181 1398 igne
1200 1363 1358 1395 desinente,
1381 1371 1429 1398 per
1450 1364 1560 1398 impiam
1584 1365 1658 1391 viam

874 1407 946 1435 infra
967 1408 1146 1435 incesserunt.
1170 1408 1327 1443 Siquidem,
1341 1409 1432 1436 carnis
1447 1409 1564 1436 vinculis
1581 1417 1657 1436 com-

874 1453 967 1488 pediti,
986 1453 1088 1481 detenti
1103 1459 1166 1481 sunt
1184 1462 1216 1481 ac
1233 1453 1338 1481 fortiter
1355 1454 1438 1489 ligati,
1455 1459 1565 1489 propter
1584 1456 1658 1490 quod

60 1489 119 1522 μένοι
133 1489 206 1525 190
220 1491 433 1526 κατέσχηνταιτ⁷
449 1490 495 1517 καὶ
514 1489 630 1525 ἰσχυρῶς
645 1489 775 1522 δέδενται,
792 1484 822 1514 οὗ

875 1508 929 1527 non
944 1504 1092 1536 potuerunt
1106 1500 1222 1534 amplius
1238 1500 1264 1526 in
1281 1501 1364 1528 cmlos
1379 1501 1538 1528 ascendere.

59 1535 133 1563 ἕνεκεν
144 1538 180 1569 εἰς
194 1538 327 1573 οὐρανοὺς
340 1537 459 1564 ἀνελθεῖν
473 1537 565 1563 οὐκέτι
581 1535 758 1572 ἐδυνήθησαν.

84 1585 145 1614 XIV.
163 1588 238 1615 Μετὰ
252 1589 310 1624 γὰρ
339 1587 495 1619 συνουσίαν,
518 1587 532 1613 ὃ
545 1587 568 1603 ⁷³
587 1587 618 1613 τὸ
634 1587 741 1622 πρῶτον
764 1587 821 1620 ὲγί-

59 1639 118 1658 νοντο
130 1632 322 1669 ἀπαιτηθέντες
341 1633 387 1660 καὶ
407 1634 557 1669 παρασχεῖν
576 1632 673 1668 μηκέτι
694 1631 821 1666 δυνηθέν-

58 1685 100 1709 τες,
111 1678 151 1705 διὰ
161 1679 190 1705 τὸ
206 1679 270 1706 ἄλλο
284 1687 313 1705 τι
328 1678 397 1714 μετὰ
414 1679 531 1714 μιασμδν
546 1679 659 1710 ἑαυτοὺς
670 1679 693 1695 ⁷⁵
710 1679 822 1713 ποιῆσαι

59 1723 86 1757 μὴ
99 1723 362 1762 ὃύνασθαι,ἀρέσκειν
375 1733 406 1751 τε
420 1726 480 1757 ταῖς
495 1725 644 1760 ὲρωμέναις
657 1724 820 1760 βουλόμενοι,

57 1766 101 1793 ἀνθ’
112 1768 208 1796 ἑαυτῶν
223 1771 290 1802 τοὺς
306 1770 357 1805 τῆς
375 1770 428 1805 γῆς
446 1769 559 1805 μυελοὺς
576 1769 734 1803 ὑπέδειξαν,
752 1769 822 1804 λέγω

57 1812 78 1837 δὲ
88 1813 117 1840 τὰ
130 1816 159 1841 ἐκ
174 1816 315 1850 μετάλλων
330 1815 397 1851 ἄνθη
407 1835 415 1847 ,
430 1815 543 1852 χρυσὸν,
558 1815 672 1851 χαλκὸν,
686 1816 804 1851 ἄργυρον
813 1834 820 1847 ,

58 1856 146 1894 σίδηρον
163 1861 256 1887 καὶτὰ
275 1861 369 1896 ὃμοια,
393 1861 442 1887 σὺν
456 1862 515 1892 τοῖς
531 1859 704 1897 τιμιωτάτοις
721 1859 822 1887 ἅπασιν

56 1901 132 1935 λίθοις.
144 1905 192 1932 Σὺν
209 1906 319 1937 τούτοις
333 1905 363 1932 δὲ
377 1907 434 1937 τοῖς
450 1906 624 1941 μαγευθεῖσιν
635 1905 658 1922 ⁸⁸
672 1905 755 1935 λίθοις
775 1905 822 1931 καὶ¹

56 1947 92 1980 τὶς
112 1950 201 1985 τέχνας
223 1952 279 1978 τῶν
303 1951 371 1987 πρὸς
387 1952 489 1979 ἕκαστα
515 1951 682 1988 πραγμάτων
705 1950 821 1986 παρέδο-

56 2000 93 2019 τιν
101 1994 130 2026 ⁸¹ν
143 1997 187 2023 καὶ
203 1997 322 2032 μαγείαν
335 1997 527 2030 συνυπέδειξαν
539 1998 561 2014 ⁸¹
575 1999 622 2024 καὶ
641 1997 821 2033 ἀστρονομίαν

55 2037 171 2074 ἐδίδαξαν,
194 2043 326 2079 δυνάμεις
345 2052 375 2070 τε
399 2043 481 2079 ῥιζῶν
496 2045 543 2071 καὶ
556 2044 606 2070 ὅσα
621 2043 685 2070 ποτὲ
703 2043 755 2068 ὑπὸ
771 2042 819 2068 ἀν-

54 2082 171 2121 θρωπίνης
186 2088 293 2119 ἐννοίας
312 2088 457 2124 εὑρεθῆναι
472 2088 610 2119 ἀδύνατον,
623 2087 663 2113 ἔτι
679 2087 707 2113 δὲ
720 2085 820 2121 χρυσοῦ

55 2126 90 2152 καὶ
103 2127 213 2165 ἀργύρου
228 2132 277 2158 καὶ⁵
294 2131 348 2158 τῶν
365 2132 464 2167 ὁμοίων
479 2132 566 2167 χύσιν,
582 2132 631 2163 τάς
641 2140 670 2158 τε
680 2131 734 2157 τῶν
745 2130 820 2166 ἐσθή-

905 1568 978 1597 XIV.
994 1568 1101 1596 Etenim
1111 1573 1175 1604 post
1187 1569 1374 1603 concubitum,
1385 1569 1457 1604 quod
1468 1574 1531 1597 ante
1548 1570 1657 1597 fuerant

872 1619 996 1650 repetere
1008 1614 1079 1649 jussi
1094 1622 1144 1641 nec
1158 1614 1276 1649 amplius
1296 1614 1416 1642 valentes
1430 1619 1569 1649 praestare,
1585 1623 1655 1650 quo-

873 1661 948 1688 niam
964 1661 1039 1688 aliud
1054 1668 1108 1688 non
1124 1665 1251 1694 poterant
1266 1664 1329 1695 post
1352 1660 1588 1695 inquinamentum
1613 1661 1656 1688 fa—

871 1714 945 1740 cere,
957 1710 985 1733 et
997 1706 1130 1733 adamatis
1141 1705 1302 1734 mulieribus
1316 1706 1423 1741 placere
1442 1707 1592 1741 cupientes,
1605 1715 1655 1742 pro

873 1761 902 1781 se
917 1753 984 1788 ipsis
1001 1754 1106 1781 viscera
1120 1757 1198 1780 terra:
1216 1753 1403 1787 ostenderunt,
1417 1753 1512 1786 decus,
1531 1754 1653 1789 inquam,

872 1801 1055 1834 metallorum,
1072 1807 1180 1833 aurum,
1194 1807 1242 1833 azs,
1256 1804 1409 1835 argentum,
1422 1799 1523 1828 ferrum
1538 1805 1565 1828 et
1579 1799 1656 1828 simi-

873 1847 918 1880 lia,
935 1854 997 1874 cum
1014 1846 1142 1873 omnibus
1158 1846 1284 1881 pretiosis
1297 1845 1444 1880 lapidibus.
1459 1845 1527 1872 Cum
1547 1846 1590 1873 his
1605 1854 1656 1874 au-

874 1897 926 1920 tem
946 1892 1126 1927 praestigiosis
1149 1892 1264 1927 gemmis
1287 1892 1458 1919 tradiderunt
1477 1897 1503 1919 et
1528 1897 1601 1920 artes
1619 1892 1655 1920 ad

873 1938 981 1973 singula
997 1938 1176 1973 pertinentes,
1193 1942 1220 1965 et
1238 1938 1359 1973 magicas
1376 1938 1504 1965 scientias
1519 1943 1655 1965 monstra-

871 1990 987 2017 vcrunt,
1003 1989 1030 2012 et
1045 1985 1242 2012 astronomiam
1256 1984 1418 2017 docuerunt,
1441 1984 1516 2012 item'
1527 1985 1655 2018 stirpium

872 2030 954 2062 vires,
970 2038 1021 2057 nec
1041 2038 1095 2058 non
1110 2038 1279 2065 quaecunque
1295 2030 1414 2057 humana
1437 2038 1514 2058 mens
1530 2039 1584 2058 non
1602 2038 1654 2065 po-

873 2076 970 2103 tuisset
985 2076 1118 2109 invenire,
1133 2076 1223 2103 adhuc
1237 2081 1264 2103 et
1276 2076 1337 2103 auri
1357 2076 1516 2111 argentique
1529 2084 1561 2104 ac
1576 2076 1654 2104 simi-

871 2121 939 2148 lium
955 2121 1090 2149 fusionem
1102 2141 1109 2155 ,
1127 2126 1208 2155 atque
1224 2120 1340 2148 vestium
1364 2120 1486 2148 diversas
1509 2121 1651 2148 tiucturas.

53 2179 95 2198 των
104 2174 124 2190 ⁸⁸
136 2177 258 2209 ποικίλας
286 2165 388 2212 βαφάςξ
409 2179 463 2205 Καὶ
480 2165 564 2204 ’πάνθ’
581 2177 689 2209 ἁπλῶς,
714 2177 817 2212 ὅσαπερ

875 2166 993 2202 Denique
1005 2167 1097 2194 omnia
1112 2174 1238 2201 prorsus,
1249 2174 1309 2201 qua:
1322 2165 1356 2193 ad
1368 2170 1494 2193 ornatum
1503 2170 1529 2193 et
1539 2166 1654 2193 oblecta-

54 2216 108 2252 πρὸς
125 2221 224 2256 κόσμου
247 2223 297 2250 καὶ
321 2223 442 2259 τέρψειῦς
464 2224 522 2250 ἐστι
544 2223 696 2258 γυναικῶν,
717 2223 770 2249 τῶν
790 2223 819 2249 έν

54 2265 120 2298 σαρκὶ
130 2265 257 2295 δεθέντων
270 2267 404 2303 δαιμόνων
421 2269 493 2295 ἐστὶν
506 2269 650 2304 εὑρήματα
659 2268 692 2294 ⁸⁸.

49 2333 52 2347 ,
80 2312 129 2341 XV.
154 2316 198 2343 Ἐκ
220 2317 249 2344 δὲ
278 2318 330 2353 τῆς
345 2318 420 2345 νόθου
447 2318 544 2353 μίξεως
571 2317 660 2344 αὐτῶν
682 2317 819 2353 ἄνθρωποι

49 2358 155 2404 ἐγένοντο
167 2363 248 2396 νόθοι,
266 2363 357 2398 πολλῷ
372 2372 403 2398 γε
417 2363 471 2391 τῶν
486 2363 636 2399 ἀνθρώπων
653 2362 724 2390 κατὰ
738 2371 819 2398 κορυ-

53 2404 94 2438 (Ρῆν
109 2407 222 2441 μείζους,
240 2409 289 2441 οὓς
303 2409 359 2435 oi.“
376 2409 444 2444 μετὰ
463 2408 550 2436 ταῦτα
566 2408 695 2443 γίγαντας
709 2408 816 2443 ὠνόμα-

49 2455 100 2481 ἐαν.
114 2452 142 2478 οὐ
159 2452 370 2489 δρακοντόποδες
385 2454 461 2486 ὄντες
474 2455 520 2481 καὶ
537 2455 604 2490 πρὸς
621 2454 686 2481 Θεὸν
703 2453 817 2489 πόλεμον

49 2493 182 2529 εάράμενοι,
207 2497 245 2530 ὡς
267 2499 292 2525 οἱ
316 2498 469 2534 βλάσφημοι
492 2499 547 2525 τῶν
569 2499 699 2535 Ἐλλήνων
725 2498 818 2534 ᾅδουσι

49 2539 136 2574 issem,
150 2543 216 2570 ἀλλὰ
231 2543 375 2580 θηριώδεις
391 2545 436 2572 τὸν
450 2545 560 2581 τρόπον,
575 2546 622 2572 καὶ
637 2543 748 2580 μείζους
768 2544 818 2580 μὲν

870 2212 971 2239 tionem
988 2212 1132 2239 mulierum
1147 2216 1280 2246 spectant,
1296 2213 1450 2240 daemonum
1472 2211 1501 2238 in
1523 2219 1604 2239 carne
1618 2211 1652 2238 li-

830 2294 839 2300 .
870 2262 996 2292 gatorum
1011 2261 1076 2285 sunt
1091 2258 1212 2285 iuventa.

905 2314 964 2342 XV.
986 2315 1026 2342 Ex
1040 2315 1192 2343 adulterina
1208 2319 1299 2342 autem
1322 2314 1429 2342 illarum
1456 2315 1650 2349 conjunctione

869 2361 926 2388 nati
942 2366 1007 2388 sunt
1021 2361 1146 2389 homines
1158 2362 1260 2396 spurii,
1274 2363 1360 2389 multo
1374 2361 1533 2388 hominibus
1548 2365 1651 2387 statura

871 2407 999 2441 majores,
1019 2414 1088 2441 quos
1104 2412 1197 2442 postea
1221 2408 1345 2442 gigantes
1361 2407 1581 2437 nominaverunt,
1598 2414 1653 2432 non

871 2452 1037 2487 anguipedcs
1057 2457 1083 2479 et
1104 2453 1235 2480 adversus
1260 2453 1344 2480 Deum
1367 2453 1468 2479 bellum
1490 2452 1597 2483 adorti,
1622 2455 1653 2478 ut

871 2498 961 2532 impiae
975 2497 1131 2525 Graecorum
1147 2498 1291 2526 decantant
1309 2497 1424 2530 fabulm,
1444 2497 1489 2523 sed
1502 2496 1551 2523 feri
1571 2497 1652 2523 mori-

872 2542 935 2574 bus,
952 2547 978 2570 et
992 2542 1149 2570 hominibus
1170 2543 1280 2577 quidem
1297 2542 1367 2569 mole
1386 2541 1507 2575 corporis
1522 2540 1650 2574 majores,

685 2599 802 2628 νΑῐιιιλΕ
818 2598 1020 2627 LECTIONES.

81 2654 99 2670 θ’
113 2654 254 2692 μετέδαλον
267 2656 298 2684 C.
337 2656 361 2675 7°
374 2657 440 2684 πᾶσι
457 2656 488 2684 0.
525 2657 547 2676 τί
562 2657 632 2692 ειπερ
644 2656 675 2684 0.
693 2656 790 2692 Postea
806 2656 950 2692 creodem
968 2655 1053 2692 αἰτία,
1076 2659 1106 2692 ut
1121 2655 1269 2692 voluitS,
1287 2655 1373 2682 αἰτίαν
1398 2653 1549 2692 ινιιιεοκλξ
1562 2660 1615 2692 avg:
1629 2651 1651 2679 0

53 2683 139 2723 absque
149 2691 244 2723 spiritu
256 2695 282 2718 et
293 2683 407 2719 accentu
413 2683 424 2719 .7
435 2683 458 2707 π

507 2687 657 2720 τέὸαλονὈ.
686 2691 709 2712 ⁷⁵
722 2691 791 2718 Vbb.
803 2690 937 2723 δείξαντες
947 2693 1009 2722 τοὺς
1019 2687 1183 2725 ἅχαρίστους
1197 2691 1384 2718 desiderantur
1398 2690 1425 2716 in
1440 2687 1471 2716 Ο.
1493 2689 1515 2706 ⁷⁸
1524 2687 1651 2725 Mendum

53 2720 92 2760 fﬁ‘f
132 2720 205 2761 ‘male
220 2726 345 2753 attribuit
357 2720 492 2755 Cotelerib
505 2736 511 2754 :
527 2731 615 2754 exstat
628 2734 671 2761 ap.
691 2726 731 2761 Cl.
769 2729 792 2745 ⁷ο
803 2720 892 2761 αρτῶν
905 2720 935 2753 ϐξ
963 2720 1215 2761 7⁷⁷’κέιῖεέχονταινίέ⁸
1253 2726 1276 2742 ⁷⁸
1289 2725 1326 2752 Ita
1338 2724 1360 2752 0
1382 2729 1409 2761 et
1421 2725 1441 2752 C
1468 2723 1649 2761 ex_cOI}ch'L-.

50 2754 156 2807 ξῖξδλξη
171 2764 269 2807 ξξιίιιλ
292 2761 428 2807 ⁷⁹Πξιῧξοιξς
440 2761 470 2789 C.
504 2762 529 2807 1°
548 2754 700 2807 μεὲευθεζσι
716 2760 765 2801 0._
784 2763 806 2780 αι
818 2759 891 2807 Atat?
903 2768 939 2801 .c.
959 2760 978 2787 S
990 2782 1002 2800 λ
1028 2754 1189 2807 παρέδωσαν
1201 2761 1230 2789 C.
1270 2761 1293 2777 3'
1311 2760 1427 2795 μαγείας
1463 2754 1606 2790 ὑπέδειξαν
1618 2757 1649 2784 C.

33 2824 35 2826 τ
50 2791 72 2824 ΡΤ
85 2791 235 2827 ἐσθημάθων
248 2795 279 2822 Ο.
317 2796 341 2812 ⁸⁸
353 2791 491 2832 εὑρέματα
504 2796 536 2825 Ο.
548 2791 600 2835 ’κεῖ
619 2797 643 2823 οἱ
664 2795 767 2825 inserui
779 2803 804 2824 e.
817 2795 849 2824 0.
862 2795 930 2824 Dein
957 2796 1036 2822 τοῦτο
1051 2791 1083 2824 (ἶ.

194 2841 329 2874 Panos.
353 2844 412 2875 Gn.
428 2844 466 2875 ll.

1515 2841 1534 2870 8
