1942 3100
720 114 749 142 S.
769 113 964 141 CLEMENTIS
980 114 990 141 l
1008 113 1090 141 RUM.
1111 112 1210 141 PONT.
1231 112 1345 140 OPERA
1363 111 1476 141 ΒΗΜΛ.

1851 108 1900 136 256

282 165 377 209 utpote
393 179 426 201 ex
442 174 545 209 angelis
557 173 621 206 orti,
635 172 739 208 angelis
755 180 820 200 vero
836 172 968 206 minores,
983 176 1014 200 ut
1031 180 1064 200 ex

1117 171 1266 207 ἀνθρώπων
1281 171 1316 198 τά
1328 171 1444 206 μεγέθη,
1460 170 1575 206 ἐπείπερ
1588 169 1617 203 ἐξ
1633 169 1756 204 ἀγγέλων
1771 167 1902 202 ἐγένοντο,

282 220 391 248 feminis
406 220 501 255 geniti.
519 219 591 247 Deus
604 227 686 254 ergo,
703 226 819 246 cernens
835 219 896 246 illos
913 219 947 245 ad
968 218 1065 245 ferita—

281 271 335 294 tcm
352 269 543 299 exasperatos,
557 265 714 300 quibusque
729 264 761 291 ad
777 264 930 292 satietatem
947 264 1066 292 mundus

280 320 336 340 non
361 311 496 339 sniliceret
512 312 587 346 (nam
602 311 636 338 ad
651 311 794 338 hominum
812 310 1018 345 proportionem
1039 314 1067 338 et

280 358 313 385 ad
328 366 394 385 usus
406 358 542 384 humanos
554 357 681 384 conditus
697 361 738 383 est
752 356 849 390 orbis),
864 363 898 383 ne
910 355 998 382 victus
1010 355 1067 383 ino-

279 404 323 438 pia
342 404 374 431 ad
389 409 495 431 natura
511 407 708 438 repugnantem
724 409 801 429 esum
823 401 982 428 animalium
999 408 1066 428 con-

281 450 349 478 versi
365 450 487 478 insontes
502 457 562 476 esse
577 448 744 479 viderentur,
761 447 841 482 quasi
857 447 884 474 id
899 455 932 474 ex
946 446 1068 474 necessi-

280 501 334 524 tate
348 496 482 525 auderent
494 516 501 528 ,
518 495 572 522 illis
589 495 662 522 Deus
678 493 852 528 omnipotens
872 501 973 520 manna
997 492 1067 527 pluit

277 549 310 567 ex
329 541 404 568 varia
423 540 588 575 cupiditate,
615 545 697 575 atque
714 539 789 567 omni
815 540 970 567 desiderato
989 538 1066 566 fruiti

278 593 360 620 sunt;
380 592 408 614 at
423 587 473 621 illi,
487 587 523 615 ob
544 588 667 622 spuriam
683 592 808 614 naturam
832 593 902 621 puro
925 587 988 614 cibo
1009 594 1064 614 non

276 632 412 665 delectati,
427 633 514 660 solum
526 632 666 666 sanguinis
675 636 782 667 gustum
791 631 964 665 appetebant.
974 630 1065 664 Quare

276 682 303 705 et
317 678 396 712 primi
412 685 508 706 carnes
521 680 710 713 degustarunt.

312 810 382 839 XVI.
402 810 454 845 Qui
470 818 536 839 vero
550 819 612 839 cum
629 811 683 839 illis
697 812 831 847 degebant
844 812 980 846 homines,
998 817 1064 841 tunc

273 858 394 892 primum
416 858 487 885 idem
510 858 686 885 aemulatione
709 858 783 885 ducti
809 858 942 886 fecerunt.
966 859 1005 886 Ita
1023 860 1063 887 vel
1079 850 1100 877 Β

274 902 339 930 boni
351 903 393 930 vel
403 902 467 929 mali
476 909 530 930 non
543 903 693 936 nascimur,
706 903 752 930 sed
767 903 864 936 timus;
877 908 904 930 et
915 904 1060 932 assuefacti

274 949 321 975 vix
336 948 511 976 retrahimur.
527 948 612 976 Porro
628 957 691 976 cum
714 950 801 977 brutae
822 950 975 978 animantes
995 956 1061 978 tunc

274 993 431 1026 deﬁcerent,
445 994 523 1022 nothi
537 994 664 1022 homines
679 995 760 1022 etiam
784 995 921 1023 humanas
944 997 1063 1023 ederunt

274 1048 372 1069 carnes
385 1050 392 1067 :
405 1048 459 1069 non
471 1042 544 1069 enim
556 1042 612 1076 jam
627 1042 707 1076 longe
718 1042 831 1070 aberant
844 1050 859 1069 a
872 1042 998 1070 violanda
1011 1051 1061 1071 sua

274 1095 368 1121 carne,
381 1088 427 1123 qui
442 1088 518 1123 prius
530 1087 557 1114 in
572 1087 633 1115 aliis
649 1087 793 1122 speciebus
806 1095 918 1116 carnem
933 1092 1062 1124 gustave-

273 1138 347 1162 rant.

309 1178 392 1206 XVII.
413 1179 466 1206 Per
483 1179 599 1207 multum
611 1187 676 1207 vero
690 1181 852 1216 sanguinem
868 1181 959 1209 fusum
977 1189 1062 1217 purus

273 1233 321 1252 aer
347 1225 455 1260 impuro
481 1225 598 1253 fcedatus
623 1233 724 1261 vapore
742 1231 771 1254 et
797 1227 946 1256 insalubris
972 1228 1061 1256 factus

273 1273 365 1307 ipsum
377 1272 513 1307 spirantes
525 1273 644 1300 reddidit
657 1273 760 1300 morbis
776 1273 922 1306 obnoxios,
936 1278 968 1301 ut
982 1273 1061 1302 dein-

274 1326 339 1352 ceps
357 1318 482 1345 homines
505 1317 645 1345 immaturi
662 1323 844 1346 morerentur.
865 1318 947 1346 Terra
968 1325 1060 1347 autem

273 1363 337 1390 idco
348 1363 426 1391 valde
437 1363 538 1398 polluta
552 1369 617 1391 tunc
627 1364 746 1399 primum
755 1365 885 1392 animalia
892 1369 1024 1393 venenata
1034 1369 1062 1393 et

273 1409 402 1437 nocentia
426 1409 490 1437 fecit
515 1410 640 1438 ebullire.
662 1410 777 1438 Cunctis
793 1418 857 1446 ergo
875 1411 909 1439 ad
926 1411 1061 1439 deteriora

273 1460 387 1492 propter
397 1455 471 1483 feros
486 1456 624 1484 dmmones
639 1456 823 1492 vergentibus,
839 1456 912 1485 Deus
927 1457 990 1486 illos
1005 1461 1063 1485 tan-

274 1509 357 1537 quam
372 1504 474 1529 malum
487 1502 651 1530 fermentum
666 1503 761 1530 tollere
772 1503 903 1538 decrevit,
913 1511 947 1531 ne
961 1511 976 1531 a
988 1504 1060 1532 malo

273 1548 379 1575 semine
404 1555 453 1582 per
479 1547 578 1576 seriem
600 1556 772 1583 unaquaeque
799 1554 866 1577 tetas
896 1550 1059 1584 praecedenti

274 1595 437 1628 assimilata,
450 1595 608 1630 pariterque
619 1595 714 1630 impia,
728 1595 851 1622 futurum
865 1596 1059 1624 salvandorum

274 1640 418 1668 hominum
434 1641 565 1669 sarculum
579 1641 710 1668 aboleret.
726 1641 898 1676 Quapropter
913 1647 1060 1678 postquam

276 1686 324 1713 uni
337 1687 395 1715 viro
411 1687 495 1722 iusto,
509 1695 570 1715 cum
585 1687 671 1714 tribus
679 1695 711 1715 ex
727 1688 772 1715 illo
783 1688 856 1715 natis
868 1696 986 1724 cumque
998 1690 1060 1716 illo-

275 1740 338 1759 rum
358 1734 491 1762 uxoribus
507 1738 589 1768 atque
605 1732 685 1765 (iliis,
710 1738 740 1761 ut
769 1733 798 1760 in
828 1741 891 1761 arca
913 1735 1061 1762 evaderent

256 1782 258 1784 '
273 1779 501 1812 praenuntiasset,
520 1785 619 1813 aquam
638 1778 734 1805 diluvii
746 1778 878 1813 immisit,
889 1784 919 1807 ut
932 1781 1060 1809 omnibus

278 1825 461 1859 consumptis,
471 1824 589 1851 mundus
604 1828 737 1858 purgatus
753 1824 796 1857 ei,
813 1825 859 1860 qui
875 1825 902 1852 in
917 1833 981 1853 arca
1000 1834 1060 1853 ser-

272 1875 352 1898 vatus
366 1869 467 1903 fuerat,
479 1870 506 1896 in
518 1869 741 1906 secundumlvita:
754 1870 882 1898 humanae
894 1871 1059 1906 principium

273 1925 362 1952 purus
378 1917 548 1944 redderetur.
564 1914 653 1950 Atque
668 1915 706 1943 ita
720 1917 820 1944 evenit.

309 2005 403 2032 XVIII.
426 2005 496 2040 Quia
519 2012 583 2039 ergo
603 2009 775 2032 mortuorum
799 2005 938 2040 gigantum
962 2005 1061 2033 animae

272 2051 401 2079 humanis
416 2050 560 2078 animabus
576 2055 656 2078 erant
678 2051 808 2085 majores,
828 2056 858 2077 ut
873 2059 934 2086 quae
957 2059 991 2079 ex
1013 2059 1059 2079 ra-

272 2097 348 2124 tione
362 2104 510 2130 corporum
526 2096 702 2129 excellerent,
717 2100 846 2130 tanquam
861 2104 962 2123 novum
974 2103 1060 2131 genus

272 2150 375 2171 n0vum
391 2149 490 2169 nomen
506 2145 680 2176 acceperunt.
696 2141 802 2174 Quibus
818 2141 1011 2176 superstitibus
1030 2142 1058 2169 in

272 2189 385 2222 mundo,
402 2196 456 2223 quo
467 2188 550 2215 modo
562 2188 725 2221 vivendum,
752 2195 767 2214 a
789 2187 844 2215 Deo
861 2196 909 2223 per
932 2188 1057 2223 angelum

272 2236 378 2264 saneita
389 2239 432 2262 est
443 2234 497 2261 lex.
511 2234 581 2261 Cum
598 2234 670 2261 enim
687 2238 779 2261 essent
792 2241 889 2269 genere
905 2235 1009 2269 spurii,
1024 2243 1058 2262 ex

272 2282 335 2318 igne
353 2281 511 2317 angelorum
526 2284 553 2308 et
569 2280 716 2308 mulierum
729 2281 874 2315 sanguine,
884 2285 911 2308 et
923 2281 985 2308 ideo
1000 2289 1062 2316 pro-

271 2329 364 2364 prium
386 2327 524 2362 quoddam
549 2333 635 2361 genus
656 2331 748 2354 essent
771 2327 945 2362 concupituri
959 2348 966 2360 ,
986 2327 1062 2362 justa

274 2375 366 2409 aliqua
383 2374 441 2409 lege
456 2372 637 2408 praeoccupati
661 2377 734 2399 sunt.
757 2371 858 2400 Missus
878 2373 950 2400 enim
968 2373 1001 2400 ad
1014 2380 1063 2400 eos

1118 219 1240 253 ἀγγέλων
1256 219 1332 254 19]
1345 219 1373 245 δὲ
1385 218 1522 248 ἐλάττους,
1539 216 1654 252 ἐπείπερ
1667 217 1699 242 ὲκ
1711 214 1850 250 γυναικῶν
1861 223 1903 249 γε-

1117 265 1268 299 γένηντοεθ.
1284 264 1312 290 ’0
1325 261 1371 290 οὖν
1384 263 1459 295 Θεὸς,
1477 261 1554 294 εἰδὼς
1569 261 1665 293 αὐτοὺς
1682 261 1751 296 πρὸς
1759 260 1791 286 τὸ
1806 260 1903 296 θηριῶ·

1117 310 1162 342 δες
1176 309 1403 345 ὲξηγριωμένους,
1415 309 1462 336 καὶ
1479 307 1546 344 πρὸς
1562 307 1611 343 τὴν
1627 307 1731 334 ἑαυτῶν
1747 306 1904 342 πλησμονὴν

1116 355 1162 382 τὸν
1178 355 1279 390 κόσμον
1295 355 1344 381 οὐκ
1360 354 1470 389 ἔχοντας
1479 354 1501 370 ⁸⁷
1518 354 1574 388 (M)
1597 352 1719 388 αὐτάρκη
1745 352 1833 387 (πρὸς
1851 351 1905 386 γὰρ

1118 401 1269 436 ἀνθρώπων
1284 400 1428 434 ἀναλογίαν
1447 399 1647 435 ἐδημιουργήθη
1667 399 1713 424 καὶ
1738 398 1838 433 χρῆσιν
1862 398 1906 423 ἀν-

1117 446 1286 482 θρωπίνην),
1303 446 1347 473 ἵνα
1371 446 1407 481 μὴ
1431 445 1518 480 ἐνδείᾳ
1536 445 1638 480 τροφῆς
1648 444 1671 459 ⁸⁸
1690 443 1737 470 ἐπὶ
1758 443 1809 478 τὴν
1830 443 1906 478 παρά

1118 493 1198 528 φύσιν
1211 492 1264 519 τῶν
1279 491 1355 524 ζώων
1373 491 1453 526 βορὰν
1466 491 1628 526 τρεπόμενοι
1638 489 1777 516 ἀνεύθυνοι
1791 489 1905 516 δοκῶσιν

1117 537 1198 570 εἶναι,
1214 539 1252 570 ὼς
1267 538 1300 564 δι’
1312 537 1434 573 ἀνάγκην
1447 537 1525 563 τοῦτο
1537 536 1741 571 τετολμηκότες,
1758 535 1846 571 μάννα
1860 535 1906 561 avii—

1116 587 1172 617 τοῖς
1185 586 1199 611 ὁ
1214 584 1415 619 παντοδύναμος
1429 583 1495 614 Θεὸς
1510 582 1683 618 έπώμϐρισεν
1691 582 1714 598 ⁸³
1731 582 1763 608 ὲκ
1780 581 1906 616 ποικίλης

1116 631 1279 666 ἐπιθυμίας,
1305 631 1352 657 καὶ
1373 630 1474 662 παντὸς
1488 627 1573 665 οὗπερ
1595 629 1734 655 ἐϐούλοντο
1749 629 1903 664 ἀπήλαυον·

1117 679 1140 704 οἱ
1162 677 1183 703 δ’
1194 677 1217 693 ⁰⁰
1233 677 1286 704 ὑπὸ
1301 676 1377 703 νόθου
1395 676 1519 711 φύσεως,
1539 675 1579 710 τῷ
1597 675 1709 711 καθαρῷ
1732 675 1783 710 τῆς
1801 675 1905 710 τροφῆς

1116 724 1166 751 οὐκ
1183 724 1380 760 ἀρεσκόμενοι,
1397 723 1480 759 μόνης
1499 723 1548 759 τῆς
1570 722 1625 749 τῶν
1641 722 1765 758 αἱμάτων
1785 721 1905 756 γεύσεως

1117 770 1264 805 ὲγλίχοντο.
1279 770 1326 797 Διὸ
1339 770 1384 796 καὶ
1401 769 1504 805 πρῶτοι
1521 768 1628 804 σαρκῶν
1642 768 1800 802 ἐγεύσαντο.

1151 815 1221 844 XVI.
1235 816 1266 843 Ol
1276 816 1304 842 δὲ
1316 816 1363 842 σὺν
1373 816 1464 846 αὐτοῖς
1474 815 1611 850 ἄνθρωποι
1620 814 1650 841 τὸ
1659 815 1750 850 ὅμοιον
1759 813 1820 840 τότε
1830 813 1905 848 πρῶ-

1113 872 1159 890 τον
1174 864 1260 889 ποιεῖν
1273 862 1422 898 ἐζήλωσαν.
1434 861 1526 893 Οὕτως
1535 861 1589 887 εἴτε
1601 860 1697 896 ἁγαθοὶ
1709 860 1763 887 εἴτε
1779 861 1861 887 κακοὶ
1874 859 1904 886 οὺ

1113 909 1312 944 γεννώμεθα⁰¹,
1323 908 1389 935 ἀλλά
1405 907 1544 943 γινόμεθα·
1563 908 1610 934 καὶ
1625 907 1777 938 ἐθισθέντες
1785 907 1903 933 δυσαπο-

1113 954 1240 985 σπάστως
1256 953 1363 988 ἔχομεν.
1379 952 1439 979 Τῶν
1451 953 1481 978 δὲ
1495 952 1598 987 ἀλόγων
1609 951 1684 983 ζώων
1693 951 1752 978 τότε
1763 951 1904 978 ἐπιλιπόν-

1112 1010 1176 1032 των,
1186 1001 1210 1026 oi
1223 999 1295 1027 νόθοι
1308 999 1445 1035 ἄνθρωποι
1456 999 1502 1025 καὶ
1517 998 1693 1034 ἀνθρωπίνων
1703 997 1812 1034 σαρκῶν
1826 998 1903 1032 ἐγεύ-

1114 1056 1193 1075 σαντο
1203 1047 1236 1078 ¹³¹,
1251 1046 1342 1073 οὐκέτι
1356 1045 1411 1081 γὰρ
1424 1046 1516 1076 αὐτοῖς
1528 1043 1562 1080 ἦν
1575 1044 1693 1080 μακρὰν,
1703 1044 1753 1079 τὴν
1768 1045 1829 1078 ἴσην
1840 1044 1903 1070 διαί

1113 1093 1220 1129 φθεῖραι
1233 1092 1332 1125 σάρκα,
1345 1091 1476 1127 πρότερον
1491 1091 1522 1118 ὲν
1535 1091 1642 1126 ἑτέραις
1659 1091 1775 1126 μορφαῖς
1786 1090 1872 1125 αὐτῆς
1882 1090 1904 1105 ³³

1112 1138 1286 1173 γευσάμενοι,

1147 1183 1231 1210 XVII.
1251 1183 1312 1209 Ἐπὶ
1323 1182 1352 1209 δὲ
1370 1183 1403 1218 τῇ
1421 1182 1504 1217 πολλῇ
1518 1181 1573 1208 τῶν
1589 1180 1712 1217 αἱμάτων
1731 1180 1808 1217 ῥύσει
1823 1181 1838 1206 ὁ
1854 1188 1904 1206 και

1112 1230 1195 1265 θαρὸς
1209 1229 1263 1265 ἀὴρ
1279 1228 1427 1264 ἀκαθάρτῳ
1438 1227 1617 1263 ἀναθυμιάσει
1633 1226 1756 1263 μιανθεὶς
1767 1226 1814 1253 καὶ
1827 1227 1905 1261 νοσή-

1113 1284 1161 1306 σας
1172 1275 1235 1306 τοὺς
1245 1274 1428 1304 ἁναπνεοντας
1444 1272 1527 1299 αὑτὸν
1540 1271 1665 1303 νοσώδεις
1675 1270 1858 1307 ἀπειργάζετο
1868 1271 1904 1302 ⁸⁵,

1112 1321 1150 1352 ὠς
1166 1321 1229 1352 τοὺς
1245 1319 1406 1355 ἀνθρώπους
1423 1318 1515 1345 λοιπὸν
1532 1317 1637 1353 ἀώρους
1654 1317 1846 1352 ἀποθνήσκειν.
1870 1317 1904 1343 Ἦ

1111 1367 1140 1393 δὲ
1165 1366 1201 1400 γῆ
1227 1367 1258 1391 ἐκ
1278 1365 1380 1392 τούτων
1398 1364 1476 1399 192
1495 1363 1597 1399 σφόδρα
1623 1362 1766 1398 μιανθεῐσα
1793 1361 1904 1397 πρῶτον

1111 1415 1172 1441 τότε
1188 1413 1222 1440 τά
1240 1412 1330 1440 ἰοϐόλα
1345 1412 1393 1438 καλ¹
1409 1410 1562 1447 λυμαντικὰ
1579 1409 1637 1442 ζῶα
1656 1409 1815 1445 ὲξέϐρασεν.
1841 1408 1902 1435 Τῶν

1111 1458 1158 1487 οὗν
1169 1459 1278 1487 πάντων
1294 1458 1362 1494 πρὸς
1378 1457 1411 1484 τὸ
1421 1459 1512 1493 χεῖρον
1527 1448 1708 1492 χωρησάντων
1722 1454 1766 1481 διὰ
1781 1454 1844 1486 τοὺς
1858 1454 1904 1489 θη-

1113 1504 1218 1541 ριώδεις
1234 1504 1373 1539 δαίμονας,
1387 1505 1401 1530 ὁ
1413 1502 1478 1534 Θεὸς
1494 1502 1592 1533 αὐτοὺς
1608 1501 1702 1536 ὥσπερ
1712 1499 1801 1535 κακὴν
1813 1499 1904 1535 ζύμην

1112 1551 1214 1584 ἐξελεῖν
1229 1548 1396 1581 ὲὸουλεύετο,
1409 1548 1453 1575 ἵνα
1466 1547 1502 1583 μὴ
1516 1546 1572 1573 ἀπὸ
1587 1546 1692 1581 σπορᾶς
1706 1545 1794 1579 κακῆς
1803 1544 1826 1560 ³⁸
1841 1545 1904 1570 κατ’

1111 1597 1269 1625 ἀκολουθίαν
1292 1596 1394 1630 ἑκάστη
1420 1593 1501 1628 γενεὰ
1524 1594 1557 1628 τῇ
1584 1592 1637 1627 πρὸ
1658 1592 1742 1626 αὐτῆς
1758 1590 1903 1625 ἐξομοιού-

1113 1644 1180 1680 μένη
1190 1663 1205 1681 ,ι
1213 1643 1314 1678 ὁμοίως
1329 1640 1476 1672 ἀσεϐοῦσα,
1492 1639 1539 1665 τὸν
1562 1638 1691 1674 ἐσόμενον
1712 1637 1798 1664 αἰῶνα
1815 1636 1904 1668 σωζο-

1113 1691 1200 1726 μένων
1214 1688 1318 1724 ἀνδρῶν
1336 1686 1452 1723 κενὼσῃ.
1471 1685 1574 1712 Τούτου
1590 1684 1622 1720 δὴ
1638 1683 1730 1710 ἕνεκεν
1743 1683 1782 1709 ὲνί
1796 1691 1850 1709 τινι
1868 1682 1906 1708 δι-

1111 1736 1181 1772 καίῳ
1197 1735 1266 1771 μετὰ
1280 1734 1335 1761 τῶν
1349 1734 1379 1767 ἐξ
1396 1732 1478 1760 αὺτοῦ
1494 1731 1587 1767 τριῶν,
1607 1731 1654 1757 σὺν
1669 1731 1730 1761 ταῖς
1745 1728 1836 1755 αὐτῶν
1851 1737 1904 1762 γυ-

1111 1782 1207 1816 ναιξὶν,
1232 1781 1291 1815 ἅμα
1315 1781 1371 1812 τοῖς
1394 1779 1503 1810 υίοῖς⁹⁶,
1528 1779 1556 1804 ὲν
1578 1777 1693 1812 λάρνακι
1719 1773 1905 1806 διασώζεσθαι

1111 1827 1293 1864 προαγγείλας
1310 1825 1382 1860 ὓδωρ
1406 1825 1446 1856 εἰς
1462 1822 1654 1858 κατακλυσμὸν
1676 1821 1842 1852 ἐπέκλυσεν,
1857 1821 1904 1847 ἵνα

1111 1875 1220 1902 πάντων
1247 1872 1438 1900 ἀναλωθέντων
1469 1872 1483 1897 ὁ
1514 1870 1616 1905 κόσμος
1640 1865 1905 1902 κατεκκαθαρισθεὶς

1111 1920 1185 1956 αὐτῷ
1203 1919 1241 1956 τῷ
1263 1920 1291 1946 ὲν
1312 1918 1429 1954 λάρνακι
1451 1915 1610 1943 διασωθέντι
1628 1914 1667 1945 είς
1691 1913 1821 1948 δευτέραν
1843 1911 1905 1947 βίου

1110 1967 1197 2002 ἀρχὴν
1214 1965 1332 2001 καθαρὸς
1349 1963 1478 1998 ἀποδοθῇ,
1497 1961 1552 1988 Καὶ
1568 1960 1599 1996 δὴ
1616 1959 1702 1990 οὕτως
1719 1958 1839 1992 ἐγένετο.

1145 2012 1239 2039 XVIII.
1265 2010 1341 2037 Ἐπεὶ
1357 2006 1404 2036 οὖν
1417 2009 1445 2035 at
1462 2007 1516 2033 τῶν
1531 2004 1687 2033 τεθνεώτων
1698 2004 1836 2038 γιγάντων
1849 2003 1904 2038 ψυ-

1110 2059 1157 2094 χαὶ
1171 2057 1224 2084 τῶν
1242 2055 1420 2092 ἀνθρωπίνων
1429 2053 1450 2069 ⁹⁷
1468 2051 1562 2087 ψυχῶν
1581 2050 1688 2086 μείζους
1703 2048 1784 2085 ἦσαν,
1802 2049 1852 2076 ἅτε
1870 2049 1904 2084 δὴ

1111 2105 1157 2131 καὶ
1183 2105 1239 2134 τοῖς
1264 2101 1387 2137 σώμασιν
1403 2099 1601 2135 ὑπερέχουσαι,
1623 2096 1660 2128 ὡς
1669 2096 1693 2111 ’⁸
1713 2095 1806 2122 καινὸν
1823 2094 1906 2129 γένος

1110 2149 1198 2185 καινῷ
1223 2148 1270 2175 καὶ
1292 2147 1331 2182 τῷ
1351 2146 1464 2181 ὀνόματι
1482 2141 1749 2180 προσηγορεύθησαν.
1767 2137 1817 2172 Οἷς
1840 2141 1905 2166 ἑπι-

1110 2196 1214 2227 λοίποις
1229 2195 1268 2229 τῷ
1284 2193 1377 2228 κόσμῳ
1393 2192 1432 2222 ὡς
1447 2191 1488 2218 δεῖ
1504 2189 1590 2224 βιοῦν,
1607 2187 1661 2215 ὑπὸ
1680 2187 1747 2213 Θεοῦ
1763 2187 1798 2213 δι’
1815 2186 1904 2220 ἀγγέ-

1109 2245 1154 2271 λου
1177 2242 1257 2277 νόμος
1284 2239 1399 2275 ὡρίσθη.
1429 2238 1526 2268 ὀντες
1549 2235 1603 2272 γὰρ
1629 2234 1699 2261 νόθοι
1715 2233 1754 2268 τῷ
1770 2233 1849 2267 γένει
1871 2233 1905 2258 ἐκ

1110 2290 1195 2326 πυρὸς
1211 2287 1332 2323 ἀγγέλων
1346 2287 1393 2313 καὶ
1407 2285 1521 2320 αἵματος
1536 2281 1683 2317 γυναικῶν,
1701 2281 1748 2308 καὶ
1762 2279 1808 2326 διὲι
1820 2279 1905 2306 τοῦτο

1112 2325 1176 2363 ἰδίου
1193 2334 1265 2365 τινὸς
1281 2333 1374 2367 γένους
1399 2330 1541 2365 ἐπιθυμεῖν
1560 2327 1714 2364 μέλλοντες,
1731 2325 1829 2360 δικαίῳ
1847 2325 1905 2351 τινὶ

1113 2381 1322 2418 προελήφθησαν
1346 2379 1429 2413 νόμῳ.
1469 2375 1641 2410 Ἐξεπέμφοη
1657 2374 1710 2409 γὰρ
1732 2372 1826 2403 αὐτοῖς
1848 2371 1906 2398 ὑπὸ

927 2470 1044 2498 VARUE
1061 2470 1262 2499 LECTIONES.

309 2533 332 2549 η
343 2529 504 2565 γεγέννηντο
517 2529 549 2558 0.
588 2531 611 2547 ³⁷
621 2529 659 2558 Ita
673 2526 792 2556 correxit
800 2527 826 2565 ρ
841 2547 848 2560 ,
863 2533 942 2565 cujus
950 2526 1018 2565 “cod.
1035 2526 1151 2562 ἔχοντες,
1167 2531 1197 2565 ut
1208 2525 1241 2565 9.
1255 2562 1261 2565 _
1279 2524 1303 2565 εις
1320 2523 1357 2565 Ita
1371 2523 1432 2551 dedi
1444 2531 1476 2550 ex
1492 2522 1608 2565 conject;
1624 2519 1842 2565 Ev'tiefgququf
1894 2538 1900 2549 .

273 2553 603 2608 ὲνλᾷιλὲτρἑῲᾖἹᾲίῖΡοεῐοιι
865 2553 934 2603 “ita
948 2561 977 2588 S.
989 2553 1066 2608 lede'i'i‘i
1076 2567 1122 2608 est!
1127 2553 1190 2608 1clod.
1205 2561 1248 2608 Οἱ,
1254 2559 1439 2608 subi/V6911?”
1453 2566 1497 2608 ax.
1543 2553 1750 2608 ’Ξπόνξξμὲν.ρ⁷
1767 2553 1900 2608 ’ἐὲξὲηῇἐ

272 2601 321 2627 αἴθ’
334 2600 364 2634 C,
375 2593 419 2627 Ὀί
431 2593 532 2636 Πυγοὺκ
545 2593 717 2636 έγεννώμεθιᾲ
729 2599 759 2625 (1.
781 2597 977 2636 _"Aé‘(€t3_GOVTO
1033 2596 1105 2636 Turn
1117 2597 1182 2636 ἰδίαν
1192 2604 1220 2636 p.
1238 2596 1297 2630 ἴσην
1309 2593 1353 2635 Cl'
1376 2593 1401 2612 δ’
1413 2593 1451 2636 Ita

1513 2600 1537 2619 ο.
1557 2591 1576 2618 S
1591 2612 1598 2623 ,
1616 2588 1706 2620 αὑτοῖς
1725 2588 1756 2616 C.
1775 2588 1901 2615 Subinde

271 2623 449 2670 ἆὲὶσῐιὶιῶὸις
465 2623 758 2671 οἶ’”ὀῖ⁶ἆὲτὲῖἃ’ἇξὲτῖ
780 2632 799 2671 S.
824 2623 871 2671 οὲ
889 2623 1116 2671 ἀεξεγάξεξοξῦ-
1154 2633 1177 2671 "ﬁ
1194 2623 1249 2671 V03
1275 2623 1363 2664 δεακῆς
1394 2636 1409 2656 ³
1502 2625 1790 2671 owitstéﬂf‘fxtﬂﬂ
1811 2623 1901 2671 .fﬁ‘i‘.“

271 2659 533 2703 ὲι-ὀῖδηοῖῖοιποίς
549 2659 653 2699 (ΞΓ-’ἦἆΓ
661 2659 835 2696 ἀνθρωπείων
852 2659 883 2693 Ο.
922 2659 1014 2698 θίὲἱυξ
1025 2666 1056 2694 Ο.
1075 2667 1146 2695 Idem
1162 2667 1259 2695 deinde
1274 2659 1497 2700 προσηγορεύθης
1511 2659 1551 2693 οἷς
1564 2659 1707 2696 ὲπηλύτοις
1732 2660 1792 2686 sine
1810 2659 1899 2685 inter-

271 2707 429 2740 punctione.

927 2759 1108 2788 VARIORUM
1127 2758 1241 2786 NOTAE.

302 2812 363 2846 (14)
381 2812 441 2838 Οὐκ
454 2812 584 2845 ἔχοντες.
594 2808 717 2846 Ριοῌοὺκ
734 2807 854 2843 ἔχοντας.
866 2805 968 2846 Vitium
980 2805 1058 2846 calli—

269 2841 380 2884 graphi,
395 2854 449 2875 non
460 2841 634 2881 t'y‘pographi.
649 2843 688 2871 Ex
707 2841 783 2872 more
794 2848 894 2879 ~autem
907 2841 1058 2870 Ebionitice

1110 2805 1253 2833 disseritur
1268 2803 1301 2830 de
1312 2802 1474 2831 abstinentia
1489 2809 1504 2828 a
1520 2800 1664 2830 carnibus;
1677 2803 1704 2825 et
1714 2803 1899 2827 adnectuntur

1112 2841 1209 2868 fabulae
1219 2845 1333 2874 cognitae
1343 2838 1419 2873 juxta
1435 2845 1466 2866 ac
1477 2836 1630 2872 incognitae.
1649 2834 1716 2865 Cor.
