1942 3100
87 101 130 129 257

587 97 821 135 ῦιιΕΜΕΝΤΙΝΑ.
840 113 874 119 -
891 97 1034 126 HOMlLlA
1053 97 1121 126 Vlll.

1644 100 1696 127 238

85 158 126 185 τοῦ
138 156 232 184 Θεοῦ⁹’
246 157 358 192 ἄγγελός
375 165 417 188 τις
427 177 435 189 ,
457 157 507 193 τὴν
523 156 606 184 αὑτοῦ
631 156 732 192 βουλὴν
750 155 854 191 μηνύων

910 159 954 182 est
966 163 981 182 a
997 154 1054 183 Deo
1066 154 1178 190 quidam
1194 155 1317 191 angelus,
1334 155 1407 184 illius
1424 155 1591 184 voluntatem
1603 156 1696 185 decla-

85 204 126 230 καὶ
139 203 230 237 λέγων·

114 250 179 277 XIX.
199 250 267 277 Τάδε
286 250 360 277 δοκεῖ
381 249 421 285 τῷ
447 249 624 284 παντεπόπτῃ
643 248 721 283 Θεῷ,
747 248 860 284 μηδενὸς

83 295 221 332 ἀνθρώπων
234 296 305 331 ὑμᾶς
319 295 465 331 κυριεύειν,
481 295 547 330 μηδὲ
561 295 738 330 παρενοχλεῖν
755 294 858 329 μηδενὶ,

82 342 124 369 ἐὰν
145 343 179 377 μή
204 350 246 373 τις
262 341 332 368 ἑκὼν
355 341 450 368 ἑαυτὸν
467 341 530 376 ὑμῖν
551 339 761 376 καταδουλώσῃ,
781 338 859 374 193

82 387 229 423 προσκυνῶν
254 387 325 422 ὑμᾶς
352 387 398 413 καὶ
422 385 493 413 θύων
517 386 565 413 καὶ
590 386 712 412 σπένδων
739 385 786 412 καὶ
809 384 860 419 τῆς

82 432 205 468 ὑμετέρας
221 432 436 468 μεταλαμϐάνων
456 430 597 467 τραπέζης
608 453 615 463 ,
630 431 647 466 ἦ
663 431 756 466 ἕτερόν
772 439 798 456 τι
821 427 859 456 ὧν

80 478 106 504 οὐ
121 478 169 514 χρὴ
184 477 311 509 ὲκτελῶν,
329 477 345 512 ἢ
367 474 435 513 αἷμα
454 477 534 512 χέων,
547 477 565 512 ἢ
583 476 692 512 σαρκῶν
709 476 812 512 νεκρῶν
824 476 858 492 ¹⁰⁰

79 524 223 560 ⁴γεὺομενος,
241 525 258 560 ἢ
279 525 372 560 Θηρίου
393 523 522 559 λειψάνου
546 524 564 559 ἢ
590 523 694 558 τμητοῦ
711 523 727 558 ἦ
745 522 857 549 πνικτοῦ

79 571 93 606 ἢ
113 572 186 598 ἄλλου
201 571 278 603 τινὸς
305 571 462 607 ἀκαθάρτου
485 570 693 607 ἐμπιπλάμενος
705 571 725 598 ί.
749 570 808 597 Τῶν
830 571 858 597 δὲ

79 617 143 652 νόμῳ
157 616 212 652 ἐμῷ
224 617 450 652 προσφευγόντων
465 617 496 643 οὐ
515 616 596 652 μόνον
609 616 639 642 οὐ
650 616 778 650 ψαύσετε,
790 615 858 642 ἀλλὰ

78 663 120 688 καὶ
133 663 211 698 τιμὴν
226 661 345 694 δώσετε,
362 662 410 689 καὶ
427 662 460 688 ὲκ
479 660 626 701 προσώπου
644 660 773 695 φεύξεσθε
783 661 805 686 ’.
824 661 857 687 '0

77 716 100 734 τι
113 707 162 743 γὰρ
175 707 206 734 ἂν
221 708 313 739 αὐτοῖς
327 707 441 739 δικαίοις
456 705 517 735 οὖσι
532 706 592 733 καθ’
608 706 685 742 ὑμῶν
695 706 772 742 δοκῇ,
784 706 856 733 τοῦθ’

77 754 140 788 ὑμᾶς
151 753 237 788 δεήσει
252 753 357 780 παθεῖν.
376 753 438 780 Ἐὰν
453 753 481 780 δέ
496 761 569 784 τινες
582 752 654 779 τῶν⁸
670 753 732 787 ἐμοὶ
748 761 858 788 προκει-

78 799 154 832 μένων
170 799 372 834 ἐξαμάρτωσιν,
389 799 405 834 ἢ
424 798 636 834 μοιχευσάμενοι
648 797 658 813 ⁸
672 797 688 832 ἢ
707 797 857 833 μαγεύσαν-

75 852 114 875 τες
128 844 142 879 ἥ
158 844 322 880 ἀκαθάρτως
333 844 479 880 βιώσαντες
503 844 519 880 ἦ
541 843 605 871 ἄλλο
620 852 647 869 τι
665 843 719 870 τῶν
735 843 796 879 ἐμοὶ
818 843 855 879 μὴ

75 889 209 917 ᾱκούντων
226 890 391 926 πράξαντες,
407 890 468 917 τότε
491 890 520 923 ἐξ
541 889 614 926 ἐμῆς
636 887 787 920 κελεύσεως
804 888 856 916 πά-

77 944 140 970 σχειν
159 945 184 962 τι
207 936 308 968 αὐτοὺς
325 937 370 971 ὑφ’
385 936 462 972 ὑμῶν
477 935 494 971 ἢ
510 936 556 971 ὑφ’
574 935 677 971 ἐτέρων
697 934 798 970 δεήσει’
815 931 856 966 οἷς

75 981 115 1007 καὶ
130 982 338 1017 μετανοήσασιν,
354 982 404 1017 τὴν
421 981 564 1017 μετάνοιαν
576 981 683 1016 κρίνας,
701 979 756 1006 εἴτε
773 979 854 1012 ἀξία·

74 1027 123 1053 ἐστὶ
146 1027 310 1063 συγγνώμης
326 1027 381 1054 εἴτε
398 1027 443 1054 καὶ
460 1026 506 1060 οὒ,
525 1026 575 1062 τὴν
589 1027 725 1061 ἀπόφασιν
743 1026 855 1061 ποιήσο-

75 1081 126 1106 μαι.
142 1073 232 1100 Ταῦτα
249 1071 299 1100 οὖν
318 1072 498 1110 μνημονεύειν
521 1073 569 1100 καὶ
590 1074 678 1100 ποιεῖν
690 1073 700 1088 ⁸
717 1071 853 1108 ὀφείλετε,

73 1118 97 1147 εὖ
112 1121 222 1153 είδάτες,
237 1121 284 1148 ὃτι
299 1121 360 1148 οὐδὲ
379 1121 407 1148 al
423 1120 587 1156 ἐνθυμήσεις
602 1120 680 1156 ὑμῶν
696 1120 787 1147 λαϐεῖν
803 1119 854 1146 αὺ-

73 1166 111 1192 τὺν
126 1167 296 1203 δυνήσονται.

102 1211 154 1239 Π.
172 1213 294 1240 Τοιαῦτα
309 1212 582 1248 παρακελευσάμενος
595 1212 687 1243 αὐτοῖς
706 1212 720 1238 ὁ
738 1210 854 1246 ἄγγελος

71 1258 214 1294 ἀπηλλάγη.
238 1258 336 1294 Ὑμεῖς
351 1259 380 1285 δὲ
396 1259 436 1285 ἐτι
451 1259 545 1286 τοῦτον
561 1259 683 1293 ἀγνοεῖτε
697 1258 743 1284 τὸν
759 1258 851 1293 νόμον,

70 1304 104 1331 ὁτι
119 1304 278 1340 προσκυνῶν
293 1313 335 1336 τις
349 1304 477 1340 δαίμονας
490 1304 507 1340 ἦ
523 1304 594 1332 θύων
610 1305 626 1340 ἢ
643 1304 781 1340 τραπέζης
803 1304 853 1331 αὐ-

69 1352 118 1381 :oi;
134 1351 433 1383 λοινωνῶψὺπόδουλος
459 1351 550 1382 αὺτοῖς
565 1351 719 1386 γενόμενος,
742 1351 780 1382 ὡς
801 1349 854 1377 ὑπὸ

69 1396 152 1423 κακῶν
164 1396 307 1424 δεσποτῶν
323 1397 412 1432 πάσης
426 1397 475 1432 τῆς
491 1396 521 1429 ἐξ
535 1396 624 1423 αὐτῶν
642 1396 750 1432 μεθέξει
765 1405 852 1432 τιμω-

71 1442 132 1476 ρίας·
149 1446 195 1469 καὶ
205 1443 252 1470 διὰ
267 1443 320 1478 τὴν
336 1443 448 1477 ἄγνοιαν
461 1443 563 1478 ταύτην
574 1444 631 1474 τοῖς
645 1443 733 1470 αὐτῶν
751 1443 853 1479 βωμοῖς

871 826 892 854 Β

911 208 986 233 rans,
1000 201 1044 228 bis
1055 201 1147 229 verbis
1160 210 1167 227 :

946 246 1017 274 XIX.
1038 246 1102 274 Haec
1117 247 1174 274 visa
1191 251 1256 274 sunt
1268 247 1391 275 omnium
1410 247 1556 283 inspectori
1570 247 1635 280 Deo,
1647 255 1697 276 vos

911 291 939 319 in
953 293 1090 320 neminem
1108 293 1252 321 hominum
1278 294 1428 327 dominari,
1452 302 1541 329 neque
1564 295 1612 322 ulli
1634 302 1696 322 mo-

910 338 1016 366 [estiam
1034 339 1148 372 inferre,
1167 339 1221 366 nisi
1237 340 1299 375 quis
1313 340 1408 368 volens
1423 348 1453 368 se
1465 341 1544 368 vobis
1559 341 1586 368 in
1609 341 1698 369 servi-

909 389 995 412 tutem
1012 384 1139 420 subjecit,
1154 385 1273 414 adorans
1291 393 1352 418 vos,
1367 390 1394 414 et
1416 386 1573 414 sacriﬁcans
1585 406 1593 419 ,
1613 392 1641 415 et
1662 387 1698 415 li-

909 431 989 463 bans.
1004 435 1032 459 et
1043 436 1141 460 vestrae
1153 439 1239 460 coenae
1251 433 1397 467 particeps,
1408 436 1457 460 aut
1467 432 1606 468 quidpiam
1619 433 1696 460 aliud

909 477 982 512 quod
997 484 1054 504 non
1064 477 1159 505 deceat
1172 477 1326 512 perﬁciens,
1338 477 1379 504 vel
1396 476 1513 505 fundens
1523 478 1696 513 sanguinem,

908 525 951 551 vel
960 523 1076 558 gustatis
1083 523 1199 551 mortuis
1205 523 1346 556 carnibus,
1352 523 1394 551 vel
1401 523 1464 551 fera:
1472 524 1603 559 reliquiis,
1611 530 1696 558 secto,

909 569 1053 602 snﬂ‘ocato,
1060 573 1108 596 aut
1115 569 1169 596 alio
1180 568 1322 596 immundo
1330 569 1459 604 repletus.
1469 569 1522 597 Eos
1531 577 1595 597 vero
1604 570 1649 605 qui
1662 570 1697 598 ad

909 615 994 650 legem
1014 621 1101 641 meam
1118 613 1290 649 confugiunt,
1314 622 1369 642 non
1389 615 1471 643 modo
1490 623 1545 642 non
1567 616 1697 652 tangetis,

908 660 956 688 sed
973 665 1000 687 et
1020 661 1124 688 honore
1145 660 1301 694 donabitis,
1315 665 1343 688 et
1361 668 1453 688 coram
1470 660 1590 697 fugietis.
1603 661 1696 695 Quod-

908 713 1017 740 cunque
1030 706 1104 733 enim
1117 706 1195 741 ipsis,
1207 710 1300 741 utpote
1310 705 1404 741 justis.
1416 711 1510 734 contra
1524 715 1574 734 vos
1586 707 1697 742 placuc.

906 752 953 784 rit,
982 752 1009 779 id
1032 759 1081 779 vos
1106 759 1218 780 necesse
1236 751 1288 779 erit
1304 752 1370 787 pati.
1389 752 1469 784 Quod
1486 753 1509 780 si
1525 753 1649 780 nonnulli
1662 760 1697 781 ex

907 797 1026 832 illis,qui
1038 797 1105 824 mihi
1119 797 1269 831 adhaerent,
1280 797 1443 830 aberrarint,
1449 798 1491 826 vel
1499 798 1695 831 adulterantes,

907 843 948 870 vel
966 843 1084 878 magiam
1105 847 1280 876 exercentes,
1300 843 1343 870 vel
1364 843 1472 878 impure
1491 844 1630 878 viventes,
1652 846 1696 873 vel

907 889 1010 923 aliquid
1025 889 1100 916 aliud
1122 896 1219 916 eorum
1239 896 1300 924 quae
1319 889 1386 916 mihi
1405 889 1550 924 displicent
1575 891 1694 925 operati,

906 939 972 963 tunc
986 935 1132 970 oportebit,
1149 939 1180 962 ut
1195 935 1247 970 ipsi
1260 942 1294 962 ex
1304 933 1384 968 jussu
1398 942 1460 962 meo
1474 935 1578 970 aliquid
1590 935 1695 970 patian-

907 985 951 1008 tur
965 985 1012 1008 aut
1028 988 1041 1007 a
1061 980 1148 1014 vobis,
1170 986 1218 1008 aut
1232 981 1267 1008 ab
1279 981 1350 1010 aliis.
1371 980 1477 1014 Quibus
1491 986 1518 1008 et
1538 982 1696 1016 paenitenti-

905 1026 969 1059 bus,
989 1027 1178 1062 pcenitentiam
1191 1027 1357 1062 ponderans,
1372 1035 1405 1054 an
1419 1034 1451 1054 ea
1467 1027 1575 1054 veniam
1589 1035 1696 1055 merea-

910 1077 955 1099 tur
966 1080 1016 1100 nec
1031 1080 1080 1106 ne,
1096 1072 1257 1100 sententiam
1273 1072 1466 1108 pronuntiabo.
1482 1071 1546 1100 Haec
1569 1080 1635 1108 ergo
1649 1081 1694 1100 re-

905 1121 1006 1148 ducere
1024 1121 1052 1148 in
1069 1120 1229 1148 memoriam
1241 1125 1268 1148 et
1281 1120 1371 1148 facere
1380 1120 1494 1154 debetis,
1505 1121 1694 1156 probe'gnari,

905 1167 977 1202 quod
993 1174 1044 1194 nec
1054 1166 1231 1202 cogitationes
1247 1171 1343 1194 vestrae
1357 1174 1420 1194 eum
1435 1166 1520 1194 latere
1535 1172 1674 1202 poterunt.

940 1212 1000 1240 XX.
1016 1212 1080 1240 Haec
1096 1217 1241 1248 postquam
1257 1213 1312 1240 illis
1332 1213 1464 1241 suasisset
1476 1213 1598 1248 angelus,
1611 1213 1691 1241 abiit.

907 1258 960 1287 Vos
975 1263 1066 1286 autem
1091 1259 1180 1286 adhuc
1195 1259 1270 1286 illam
1291 1259 1423 1294 ignoratis
1443 1259 1541 1294 legem,
1557 1260 1631 1294 quod
1645 1259 1694 1294 qui

904 1305 970 1332 colit
986 1305 1136 1338 daemones,
1152 1304 1195 1332 vel
1210 1305 1360 1339 sacriﬁcat,
1381 1305 1423 1332 vel
1436 1312 1499 1333 cum
1520 1305 1576 1332 illis
1597 1313 1694 1333 mensa

904 1352 1100 1384 communicat,
1116 1350 1169 1378 sub
1183 1351 1342 1378 servitutem
1355 1358 1451 1379 eorum
1470 1351 1610 1385 redactus,
1629 1356 1693 1379 tau-

904 1405 987 1432 quam
1001 1405 1017 1425 a
1032 1397 1111 1425 malis
1125 1397 1245 1426 dominis
1260 1405 1356 1426 omnes
1371 1404 1404 1425 ex
1420 1397 1474 1426 illis
1495 1397 1564 1426 feret
1576 1400 1692 1433 'poanas.

905 1443 938 1472 Et
953 1447 1062 1479 propter
1086 1444 1157 1472 hanc
1179 1444 1374 1479 ignorantiam,
1388 1444 1438 1479 qui
1459 1444 1494 1472 ad
1514 1452 1610 1472 eorum
1629 1453 1693 1473 aras

69 1489 283 1526 προσφθαρέντες
305 1490 353 1516 καὶ
369 1489 458 1516 αὐτῶν
478 1489 702 1525 ὲκπληρωθέντες
725 1490 777 1516 ὑπὸ
802 1490 852 1526 τὴν

907 1490 1057 1526 perniciose
1070 1491 1227 1518 accessistis
1241 1495 1323 1526 atque
1337 1491 1372 1518 iis
1385 1491 1485 1526 expleti
1499 1491 1578 1524 estis,
1599 1491 1693 1519 venis-

69 1535 149 1561 αὐτῶν
171 1536 253 1572 194
271 1534 395 1568 ἐξουσίαν
418 1535 559 1570 γεγόνατε,
587 1536 635 1562 καὶ
658 1536 738 1562 παντὶ
759 1535 852 1571 τρόπῳ

69 1580 232 1616 ὑϐριζόμενοι
254 1581 293 1608 τὰ
309 1579 424 1616 σώματα
446 1582 578 1616 ἀγνοεῖτε.
602 1581 710 1608 Είδὲναι
730 1581 759 1608 δὲ
779 1581 852 1617 ὑμᾶς

67 1629 112 1664 χρὴ
127 1629 167 1655 ὅτι
189 1628 346 1660 οὐδενὺςοοῑ
362 1628 487 1664 δαίμονες
509 1628 616 1663 ἔχουσιν
640 1628 780 1661 ἐξουσίαν.
804 1627 851 1655 ἐὰν

68 1675 100 1710 μὴ
116 1676 246 1712 πρότερόν
263 1684 308 1706 τις
323 1675 414 1707 αὐτοῖς
426 1675 597 1710 ὁμοδίαιτος⁷
614 1674 735 1710 γένηται.
757 1674 851 1701 Ὁπότε

66 1722 118 1749 οὐδὲ
133 1724 147 1749 ὁ
160 1723 251 1750 αὐτῶν
270 1722 363 1758 ἄρχων
380 1721 456 1757 παρὰ
471 1721 516 1747 τὸν
531 1721 584 1748 ὑπὸ
596 1721 643 1747 τοῦ
654 1720 721 1747 Θεοῦ
733 1721 793 1747 κατ’
804 1720 852 1747 αὐ-

66 1767 113 1794 τῶν
127 1768 290 1803 κινούμενον
300 1767 311 1783 ⁸
327 1767 408 1802 νόμον
431 1768 517 1793 ποιεῖν
533 1775 561 1793 τι
581 1765 703 1797 δύναται,
720 1765 760 1792 διὸ
776 1764 852 1797 ἐξου-

66 1813 119 1840 σίαν
134 1815 205 1846 τινος
220 1814 277 1841 οὐκ
297 1813 354 1849 ἔχει
373 1813 409 1849 μὴ
426 1813 664 1848 προσκυνήσαντος
681 1812 770 1839 αὐτόν·
794 1812 852 1838 ἀλλ’

65 1859 118 1886 οὐδὲ
132 1860 225 1887 λαϐεῖν
235 1868 283 1891 τις
298 1859 364 1894 παρ’
376 1858 465 1886 αὐτῶν
481 1858 592 1885 δύναταί
607 1868 633 1886 τι
649 1855 685 1885 ὧν
703 1858 785 1891 Θέλει,
796 1859 852 1886 ἀλλ’

65 1905 117 1932 οὐδὲ
133 1905 269 1942 βλαϐῆναι
291 1905 380 1937 οὐδὲν,
404 1904 443 1936 ὡς
459 1905 564 1932 ἐκεῖθεν
589 1904 724 1932 δυνασθε⁹
745 1905 850 1940 μαθεῖν.

95 1951 162 1980 XXI.
178 1952 225 1988 Τῷ
244 1951 304 1987 γὰρ
320 1952 370 1987 τῆς
392 1950 532 1982 εὐσεϐείας
546 1950 625 1986 ἡμῶν
643 1949 748 1985 βασιλεῖ
768 1959 853 1986 προσ-

64 1998 123 2033 ῆλθέ
146 2008 212 2026 ποτε
233 2000 249 2025 ὁ
277 1998 444 2034 πρόσκαιρος
470 1997 606 2032 βασιλεὺς,
632 1998 710 2024 καὶ¹⁰
733 1997 763 2024 οὐ
793 1997 853 2033 βίαν

64 2045 150 2078 ποιῶν,
163 2046 193 2072 οὐ
207 2045 265 2081 γὰρ
285 2044 360 2080 ἐξῆν,
373 2043 440 2070 ἀλλὰ
454 2044 615 2080 προτρέπων
631 2044 678 2070 καὶ
688 2042 852 2075 ἀναπείθων,

63 2091 99 2118 ὅτι
119 2092 148 2118 τὸ
167 2092 318 2127 πεισθῆναι
341 2091 388 2117 ἐπὶ
407 2091 440 2126 τῇ
452 2090 472 2106 “
487 2090 604 2117 ἑκάστου
628 2091 716 2116 κεῖται
733 2089 851 2125 ἐξουσίᾳ.

64 2137 215 2173 Προσελϐὼν
240 2135 302 2169 οὖν,
326 2137 364 2168 ὡς
381 2136 436 2163 τῶν
460 2136 601 2172 παρόντων
617 2136 654 2162 ὢν
669 2136 691 2151 ¹¹
710 2135 852 2171 βασιλεὺς,

901 1537 937 1565 tis
945 1537 996 1564 sub
1004 1539 1099 1564 eorum
1106 1540 1270 1571 potestatem
1281 1546 1288 1563 :
1300 1541 1394 1564 etcum
1401 1543 1517 1572 corpora
1526 1538 1600 1564 omni
1607 1538 1689 1566 modo

901 1583 1003 1611 fuerint
1012 1583 1184 1610 contumeliae
1195 1583 1312 1618 objecta,
1320 1583 1442 1611 nescitis.
1455 1583 1531 1611 Scire
1543 1588 1634 1611 autem
1643 1592 1692 1612 vos

902 1634 1020 1665 oportet,
1036 1630 1063 1657 in
1075 1630 1179 1657 nullum
1192 1630 1329 1658 daemones
1341 1630 1440 1657 habere
1456 1634 1628 1665 potestatem,
1639 1631 1692 1658 nisi

902 1676 964 1711 quis
971 1676 1045 1710 prius
1051 1676 1164 1704 conviva
1171 1683 1264 1704 eorum
1272 1675 1362 1703 fuerit.
1372 1675 1596 1711 Quanquuidem
1605 1683 1693 1711 neque

902 1722 1143 1756 princepsillorum
1157 1721 1260 1757 aliquid
1269 1726 1358 1757 potest
1367 1721 1456 1749 facere
1467 1726 1564 1750 contra
1578 1722 1663 1756 legem
1676 1729 1692 1748 a

903 1767 959 1796 Deo
974 1769 1002 1796 in
1017 1776 1065 1796 eos
1078 1769 1171 1795 latam.
1185 1767 1276 1801 Quare
1296 1768 1400 1796 nullius
1414 1768 1496 1795 habet
1514 1769 1690 1803 potestatem,

903 1813 950 1848 qui
964 1822 1018 1841 non
1031 1814 1121 1849 ipsum
1135 1813 1300 1841 adoraverit.
1318 1813 1371 1841 Sed
1387 1821 1437 1841 nec
1452 1814 1514 1848 quis
1535 1819 1624 1849 potest
1637 1814 1691 1840 ali-

903 1860 968 1895 quid
992 1868 1098 1892 eorum.
1124 1868 1186 1895 qua;
1200 1860 1284 1895 cupit,
1300 1860 1335 1887 ab
1358 1860 1412 1887 illis
1433 1861 1577 1895 consequi,
1600 1868 1691 1895 neque

903 1907 986 1935 etiam
1004 1906 1066 1934 laedi
1081 1906 1227 1940 ullatenus,
1243 1910 1274 1933 ut
1287 1906 1389 1933 isthinc
1400 1906 1507 1934 discere
1521 1907 1647 1942 potestis.

937 1951 1009 1979 XXI.
1036 1952 1104 1979 Nam
1130 1951 1164 1979 ad
1187 1956 1312 1979 nostrum
1328 1951 1437 1987 pietatis
1458 1960 1548 1987 regem
1573 1953 1692 1980 accessit

904 1998 1052 2034 aliquando
1064 1998 1220 2034 temporalis
1235 2005 1295 2030 rex,
1310 2005 1366 2026 non
1380 1998 1407 2025 vi
1419 1997 1502 2030 facta,
1515 2005 1604 2033 neque
1616 1999 1691 2026 enim

903 2044 1013 2078 licebat,
1027 2044 1074 2072 sed
1090 2044 1205 2072 hortans
1219 2049 1246 2071 et
1263 2044 1393 2075 snadens,
1410 2044 1475 2079 quia
1490 2045 1647 2079 persuaderi
1662 2045 1691 2073 in

904 2090 1124 2126 uniuscujusque
1140 2090 1222 2117 situm
1244 2093 1286 2117 est
1306 2089 1430 2117 arbitrio.
1449 2089 1588 2118 Accedens
1609 2098 1690 2126 ergo,

905 2140 1034 2164 utrerum
1042 2135 1216 2171 praesentium
1227 2143 1286 2168 rex,
1294 2135 1326 2162 ad
1338 2134 1489 2163 futurarum
1500 2136 1672 2170 regem-dixit
1683 2146 1689 2164 :

61 2169 96 2218 τῶ
114 2185 169 2211 τῶν
189 2184 347 2220 μελλόντων
374 2182 479 2217 βασιλεῖ
501 2169 565 2218 ἔφη’
583 2183 672 2210 Πᾶσαι
688 2169 718 2208 ai
732 2182 780 2209 τοῦ
805 2182 852 2208 νῦν

907 2182 1002 2210 Omnia
1018 2169 1160 2217 praesentis
1182 2181 1276 2208 mundi
1296 2188 1379 2216 regna
1398 2181 1465 2208 mihi
1489 2169 1643 2217 subiacent,
1664 2187 1692 2210 et

63 2229 156 2265 κόσμου
180 2230 322 2266 βασιλεῖαι
345 2228 503 2255 ὑπόκεινται
520 2229 592 2265 ἐμοὶ,
620 2229 661 2255 ἐτι
677 2237 707 2255 τε
723 2229 737 2255 ὁ
753 2228 853 2264 χρυσὸς

62 2277 104 2303 καὶ
119 2279 133 2304 ὁ
148 2277 275 2313 ἄργυρος
285 2277 333 2304 καὶ
347 2278 422 2304 πᾶσα
435 2278 451 2313 ὴ
467 2276 557 2312 τρυφὴ
572 2275 619 2303 τοῦ
638 2275 741 2311 κόσμου
756 2275 851 2301 τούτου

63 2323 110 2349 ὑπὸ
132 2325 191 2356 ταῖς
208 2325 293 2359 ὲματς
309 2323 382 2350 ἐστὶν
403 2323 545 2356 ἐξουσίαις·
563 2322 604 2349 διὸ
619 2322 709 2349 πεσὼν
730 2321 852 2358 προσκύ-

62 2370 136 2405 νησόν
153 2370 269 2406 μοι,κα“ι
280 2369 360 2396 δώσω
376 2378 417 2396 σοι
434 2369 522 2396 πάντα
534 2368 631 2396 ταῦτα.
647 2368 740 2395 Ταῦτα
754 2368 782 2394 δὲ
794 2367 853 2394 ἑλε-

62 2424 105 2449 γεν
120 2416 209 2448 εἰδὼς,
226 2417 270 2443 ὅτι
290 2415 359 2451 μετὰ
372 2416 434 2442 τδ¹³
454 2415 641 2452 προσκυνῆσαι
658 2415 704 2441 καὶ
723 2415 772 2449 τὴν
788 2415 849 2441 κατ’

62 2462 138 2489 αὐτοῦ
162 2461 238 2497 εἶχεν
264 2461 406 2494 ἐξουσίαν,
433 2462 480 2488 καὶ
496 2460 567 2487 οὕτω
582 2460 603 2476 ¹⁸
624 2461 674 2496 τῆς
704 2459 854 2495 μελλούσης

62 2507 135 2544 δόξης
150 2509 199 2535 καὶ
216 2507 361 2543 βασιλείας
376 2507 456 2534 αὐτὸν
468 2508 490 2523 ¹⁵
505 2507 614 2542 ἀφῄρει.
633 2507 688 2534 Καὶ
706 2506 795 2534 πάντα
814 2506 853 2532 ει-

62 2554 109 2586 δὼς
125 2555 154 2582 οὐ
171 2555 254 2590 μόνον
272 2554 353 2581 αὑτὸν
366 2553 396 2579 οὐ
414 2553 625 2589 προσεκύνησεν,
645 2553 702 2579 ἀλλ’
719 2553 779 2579 οὐδὲ
797 2551 852 2578 τῶν

904 2235 1033 2264 praetcrea
1073 2234 1170 2255 aurum
1200 2231 1228 2254 et
1258 2231 1401 2262 argentum
1432 2234 1584 2262 omnesque
1609 2228 1691 2256 istius

904 2275 998 2303 mundi
1012 2274 1116 2302 deliciae
1129 2273 1182 2301 sub
1196 2280 1256 2300 mea
1279 2279 1344 2300 sunt
1364 2277 1510 2308 potestate,
1533 2281 1620 2309 quare
1640 2281 1689 2301 ca-

904 2321 972 2349 dens
983 2321 1065 2348 adora
1080 2327 1133 2352 me,
1143 2324 1171 2347 et
1182 2319 1253 2347 dabo
1267 2319 1315 2347 tibi
1324 2326 1355 2346 ea
1365 2318 1467 2346 omnia.
1477 2318 1540 2346 Haec
1552 2327 1634 2354 porro
1647 2319 1690 2346 di-

904 2367 994 2400 cebat,
1018 2366 1082 2401 quia
1107 2369 1231 2398 noverat,
1248 2363 1322 2399 quod
1346 2368 1408 2399 post
1433 2364 1620 2391 adorationem
1636 2364 1688 2391 ha-

907 2413 1012 2441 buisset
1034 2413 1062 2439 in
1089 2411 1164 2438 illum
1182 2414 1354 2445 potestatem,
1371 2410 1466 2445 sicque
1483 2414 1510 2437 et
1531 2409 1624 2436 futuro
1639 2410 1689 2437 ho-

906 2467 974 2487 nore
988 2466 1020 2486 ac
1035 2465 1119 2493 regno
1131 2457 1274 2492 privasset.
1288 2455 1323 2483 At
1335 2456 1382 2490 qui
1398 2455 1488 2483 omnia
1505 2455 1618 2488 sciebat,
1631 2462 1686 2482 non

907 2506 988 2534 modo
1003 2505 1078 2533 illum
1095 2511 1149 2532 non
1163 2503 1296 2536 adoravit,
1323 2502 1369 2530 sed
1386 2509 1435 2529 nec
1451 2501 1599 2536 quidquam
1614 2500 1688 2528 illius

908 2551 1043 2579 donorum
1057 2549 1143 2577 voluit
1154 2548 1287 2583 accipere.
1304 2546 1341 2575 Se
1371 2547 1443 2575 enim
1456 2553 1518 2574 cum
1533 2546 1591 2574 suis
1609 2545 1690 2581 oppi-

715 2619 832 2648 VARl/E
852 2617 1056 2646 LECTIONES.

94 2673 116 2688 θ’
130 2671 175 2696 ὑπ’
189 2668 276 2697 αὑτοῦ
288 2675 316 2703 p.
332 2667 385 2694 ὑπὸ
397 2667 444 2703 τῷ
457 2666 524 2693 Θεοῦ
535 2665 567 2694 0.
584 2666 618 2703 [θο
627 2665 732 2702 νεκρῶν
746 2665 978 2703 p_r:etermiserunt
1050 2662 1121 2695 (edd.
1128 2662 1315 2703 _lﬁ9§,_l72})
1330 2665 1357 2689 et
1410 2659 1530 2703 Subinde
1539 2660 1688 2703 ,γενόμενος

64 2702 86 2731 0
108 2693 167 2733 eisi
377 2702 407 2729 (Σ.
419 2701 488 2739 Tum
502 2693 600 2739 θνήτωξ
617 2709 643 2736 p.
665 2693 770 2739 τμητόῦ
847 2702 855 2716 ⁸
873 2693 1108 2739 ὲμπιμπλώμενος
1125 2697 1160 2739 ςξ
1188 2693 1295 2739 ξςιιπηο
1307 2693 1346 2739 ἐξ.
1366 2696 1385 2723 S
1399 2716 1424 2739 ,-
1434 2693 1688 2739 (pstigngfie_til§itlr

570 2735 658 2768 ἑξαμα
662 2735 770 2768 ρτῶσιν,

64 2739 122 2767 inde
154 2741 196 2766 ὃτι
208 2736 242 2767 ί).
276 2736 293 2754 ’³
309 2737 364 2764 τῶν
375 2745 429 2764 om.
447 2736 478 2764 Ο.
547 2736 555 2752 ⁸
570 2736 618 2768 ἐξα
641 2745 658 2762 α
678 2736 770 2767 τῶσιν,

66 2777 75 2792 ⁷
88 2775 236 2798 éunﬁitutov
250 2772 283 2798 0.
321 2773 332 2788 ⁸
348 2772 472 2798 κείμενον
485 2771 516 2798 0.
534 2771 603 2798 Tum
617 2745 649 2798 gi.”
662 2745 676 2797 ἕ
695 2770 726 2798 C.
765 2774 775 2790 ⁸

66 2777 75 2792 ¹¹
88 2775 236 2807 ὁμοδίαιτον
250 2772 283 2801 Ο.
321 2773 332 2788 ⁸
348 2772 472 2807 κείμενον
485 2771 516 2800 Ο.
534 2771 603 2807 Tum
617 2771 649 2798 δι’

818 2735 1013 2771 μοιχησᾲμενοι
1026 2735 1057 2761 υ.

805 2771 900 2797 ύνασαι
912 2770 943 2797 C.

67 2807 86 2823 "
98 2804 126 2836 ἂν
147 2810 178 2838 Cl
193 2830 202 2843 ,
216 2817 273 2837 non
288 2808 308 2836 C
323 2828 330 2842 ,
343 2812 373 2835 ut
384 2804 453 2836 falso
471 2807 566 2836 scribit
580 2805 609 2834 S.
649 2806 670 2822 ”
684 2805 730 2832 τοῦ
742 2804 774 2833 0.
814 2804 935 2844 305w;
947 2804 978 2832 C.

1107 2738 1118 2754 ι
1129 2733 1172 2765 ἀει
1185 2732 1284 2768 (sic)0.
1323 2735 1337 2768 ξ
1352 2733 1437 2768 ποιεῖν
1450 2730 1550 2768 excidit
1563 2737 1605 2764 ap.

995 2769 1016 2785 ‘°
1030 2768 1077 2796 καί
1091 2763 1248 2802 transcripsi
1267 2775 1298 2794 ex
1319 2765 1351 2802 0:
1404 2766 1425 2782 “
1440 2766 1473 2800 τῇ
1488 2764 1518 2798 S,
1535 2764 1567 2796 0,
1580 2763 1641 2790 ⁷τοῦ
1654 2763 1686 2792 C.

1028 2804 1050 2822 ¹⁸
1067 2803 1104 2831 Ita
1123 2802 1142 2830 S
1157 2823 1165 2835 ,
1184 2800 1279 2829 ὲαῖυτόν
1291 2802 1322 2836 C,
1336 2800 1369 2829 0.
