1942 3100
241 130 299 158 Ἱῧθ

653 131 681 158 S.
700 131 896 159 CLEMENTIS
915 132 924 158 l
945 132 1027 159 ROM.
1049 131 1148 159 PONT.
1162 131 1276 159 OPERA
1294 131 1409 162 DUBIA.

1824 135 1875 162 240

247 192 381 224 gneravtt,
396 188 468 222 quod
482 192 534 219 est.
547 195 600 215 non
614 188 697 215 licere
710 189 825 223 posthac
839 190 987 224 quidquam
999 189 1033 215 ab

1084 188 1131 215 ὑπ’
1145 189 1227 215 αὑτοῦ
1249 188 1433 224 δεδομένων¹⁶
1451 189 1542 217 λαϐεῖν
1564 199 1592 217 τι
1615 191 1758 227 ἠθέλησεν·
1781 191 1877 218 ἑαυτὸν

247 236 307 270 ipso
326 235 487 261 tradilorum
501 234 544 261 vel
557 239 677 268 tangere.
695 234 846 269 Respondit
858 244 924 270 ergo
938 244 944 261 :
963 234 1034 261 Scri-

245 287 319 315 ptum
337 285 387 313 est,
407 279 547 306 Dominum
561 279 645 306 Deum
666 285 741 307 tuum
762 281 928 313 revereberis,
950 285 974 307 et
993 280 1033 307 illi

245 327 296 354 soli
308 327 403 354 servies
419 333 442 354 α.

280 468 363 495 XXII.
383 468 517 495 Cmterum
534 468 679 503 impiorum
699 475 759 500 rex,
775 475 838 494 cum
860 476 950 502 regem
973 468 1033 502 pio-

245 522 306 541 rum
321 515 355 541 ad
372 522 449 542 suam
471 514 605 541 adducere
626 515 791 541 voluntatem
814 514 962 548 plurimum
985 522 1034 541 co-

244 565 327 588 natus
341 564 413 588 esset
432 568 481 587 nec
496 561 640 595 potuisset,
655 561 735 587 tinem
752 559 826 593 fecit,
844 565 871 588 et
885 561 912 587 in
927 560 1032 595 reliqua

244 607 300 632 vita
318 606 393 633 illum
419 606 556 633 nitebatur
573 612 695 641 captare.
715 605 771 633 Vos
792 614 856 633 vero
871 606 1032 640 prmﬁnitam

245 652 404 687 ignorantes
428 652 514 687 legem
541 653 576 679 ob
592 653 664 679 mala
686 659 769 686 opera
794 652 846 679 sub
873 652 946 679 illius
966 652 1033 679 estis

245 701 387 732 potestate.
402 696 537 730 Quocirca
552 705 667 731 corpore
684 702 711 724 et
725 697 817 724 anima
837 697 971 724 maculam
987 705 1032 732 ge-

245 744 306 770 ritis
321 753 326 769 ;
344 748 370 770 et
386 743 412 770 in
430 743 554 778 pnes-cuti
568 743 678 778 quidem
697 751 713 770 a
728 743 832 770 morbis
850 747 882 782 et
899 743 1032 770 daemoni-

244 789 298 817 bus
324 789 481 820 illudimiui.
498 790 524 816 in
548 789 642 817 futuro
655 793 745 816 autem
768 789 914 817 animabus
936 789 1034 824 punic-

245 835 325 863 miui.
349 834 406 862 Hoc
428 843 493 862 vero
514 843 569 861 non
593 843 642 861 vos
653 835 703 862 soli
727 835 762 861 ab
782 834 934 869 ignorantia
959 834 1032 869 passi

1085 235 1139 270 γὰρ
1156 235 1204 261 σὺν
1220 236 1276 266 τοῖς
1293 235 1389 262 ἑαυτοῦ
1402 237 1628 272 κατενεχύραζεν,
1651 238 1720 274 ὅπερ
1738 239 1824 270 ἐστὶν,
1841 239 1878 274 μὴ

1084 279 1184 312 ἐξεῖναι
1206 280 1254 307 τοῦ
1278 281 1371 307 λοιποῦ
1395 281 1450 308 τῶν
1475 281 1581 318 αίῖτῷ1⁷
1598 283 1784 310 ἀποδοθέντων
1811 284 1879 319 μηδὲ

1084 325 1187 360 ψαῦσαι
1215 326 1294 362 195
1322 328 1374 354 ἔτι.
1403 328 1634 365 Ἀποκρινάμενος
1656 328 1702 357 οὖν
1727 330 1790 366 ἒφηο
1822 330 1878 357 Γέ-

1084 379 1220 406 γραπται,
1247 373 1358 407 Κύριον
1381 374 1434 401 τὸν
1460 375 1534 402 Θεόν
1556 383 1614 402 σου
1637 376 1809 411 φοϐηθήσῃ,
1829 375 1881 403 και

1084 418 1164 451 αὐτῷ
1179 420 1355 453 λατρεύσεις
1367 421 1460 454 μόνῳ.

1120 465 1202 493 XXII.
1217 466 1290 501 Πλὴν
1307 467 1321 492 ὁ
1336 465 1390 492 τῶν
1406 466 1511 493 ἀσεϐῶν
1521 467 1543 483 ⁸³
1558 467 1685 502 βασιλεὺς
1699 467 1769 494 κατὰ
1791 467 1881 494 πολλὰ

1083 511 1128 538 τὸν
1134 512 1188 538 τῶν
1198 512 1318 539 εὐσεϐῶν
1326 513 1438 548 βασιλέα
1447 514 1515 549 πρὸς
1524 514 1555 540 τὺ
1566 514 1663 540 ἑαυτοῦ
1672 514 1796 550 βούλημα
1807 523 1881 550 παρ-

1085 558 1161 592 άγειν
1188 558 1358 594 πειρώμενος
1383 561 1430 586 καὶ
1464 561 1501 596 μὴ
1526 560 1652 596 δυνηθεὶς
1668 561 1690 576 ¹⁹
1714 561 1879 591 ἐπαύσατο,

1084 604 1152 640 πρὸς
1168 605 1203 631 τὰ
1218 605 1298 632 λοιπὰ
1312 606 1362 642 τῆς
1379 606 1515 639 πολιτείας
1531 607 1657 643 θηρεύειν
1673 607 1754 634 αὑτὸν
1773 608 1882 642 ἐπιχει-

1085 651 1148 686 ρῶν.
1177 652 1271 687 Ὑμεῖς
1291 652 1318 678 δὲ
1334 653 1379 679 τὸν
1399 653 1594 689 προορισθέντα
1611 654 1692 689 νόμον
1715 653 1882 688 ἀγνοοῦντες

1083 697 1126 723 διὰ
1151 698 1204 724 τῶν
1229 699 1323 725 κακῶν
1344 700 1470 735 πράξεων
1495 700 1546 727 ὑπὸ
1568 701 1617 736 τὴν
1645 700 1769 732 ἐξουσίαν
1792 700 1880 727 αὑτοῦ

1083 743 1220 776 ἐγένεσθε.
1238 744 1283 771 Διὸ
1310 745 1390 781 σῶμα
1414 746 1461 772 καὶ
1477 746 1566 782 ψυχὴν
1591 746 1750 781 ὲμιάνθητε·
1776 747 1825 772 καὶ
1849 747 1881 772 ὲν

1085 789 1190 824 μὲνετῷ
1208 791 1322 826 παρόντι
1338 791 1391 818 ὑπό
1405 801 1434 818 τε
1451 792 1545 819 παθῶν
1561 793 1607 819 καὶ
1623 792 1756 828 δαιμόνων
1768 792 1880 828 ἐνυϐρί-

1084 833 1174 868 ζεσοε,
1188 837 1216 863 ὲν
1230 836 1258 863 δὲ
1273 837 1312 872 τῷ
1330 837 1451 872 μέλλοντι
1461 839 1484 853 ²⁰
1503 837 1553 870 τὰς
1568 838 1657 873 ψυχὰς
1673 838 1881 874 κολασθησομέ-

244 882 322 914 estis,
337 882 384 909 sed
400 887 426 909 et
440 881 563 908 nonnulli
578 888 611 908 ex
627 886 720 908 nostra
736 886 829 916 gente,
845 880 893 915 qui
908 881 935 907 in
952 880 1032 906 malis

1084 889 1132 912 νας
1147 881 1232 914 ἕξετε.
1251 882 1335 909 Τοῦτο
1348 883 1376 910 δὲ
1392 884 1441 919 οὐχ
1455 884 1534 919 ὑμεῖς
1547 883 1622 919 μόνοι
1639 885 1690 911 ὑπὸ
1706 884 1818 918 ἀγνοίας
1832 893 1882 911 πε-

245 927 374 962 operibus
389 935 404 954 a
422 928 532 954 malitizn
547 928 616 955 duce
643 928 779 962 occupati,
801 932 895 961 postea
908 926 982 953 velut
997 926 1030 953 ad

243 981 351 1001 comam
366 981 381 1000 a
394 978 470 1008 patre
483 974 530 1000 ﬁlii
548 974 657 1008 nuptias
672 973 829 1001 celebrante
844 973 962 1006 invitati,
976 981 1031 999 non

244 1019 405 1047 obcdierunt
420 1020 444 1046 δ.
474 1019 502 1046 In
522 1020 611 1047 Iocutn
634 1025 723 1047 autem
735 1027 842 1052 eorum,
858 1020 904 1054 qui
921 1023 1033 1054 propter

243 1066 449 1100 occupationem
474 1066 686 1101 denegaverant,
708 1067 754 1101 qui
777 1066 833 1093 tilio
854 1065 964 1100 nuptias
985 1073 1030 1092 ce-

242 1111 366 1139 lebrabat
382 1117 456 1147 pater
472 1120 519 1146 per
532 1112 655 1139 veritatis
670 1111 834 1147 Propbelam
848 1111 930 1146 jussit
940 1111 1030 1142 nobis,

242 1162 275 1184 ut
289 1158 426 1193 progressi
451 1158 483 1184 ad
499 1158 590 1185 exitus
602 1158 719 1189 viarum,
737 1157 762 1184 id
784 1162 826 1184 est
854 1157 887 1184 ad
909 1165 968 1189 vos,
988 1157 1031 1183 iu-

243 1204 390 1231 llueremus
413 1211 508 1238 puram
530 1209 634 1230 vestem
657 1203 815 1237 nuptialem,
837 1210 898 1236 qua‘.
922 1207 964 1229 est
982 1202 1031 1229 ha-

242 1249 353 1283 ptisma,
366 1249 438 1283 quod
451 1249 477 1274 in
494 1248 682 1275 remissionem
698 1249 726 1275 Iit
738 1253 912 1282 peccatorum
927 1251 1031 1274 vestro-

244 1302 316 1327 rum,
332 1299 359 1321 et
372 1299 402 1320 ut
419 1294 506 1321 bonos
519 1294 545 1320 in
567 1293 614 1321 Dei
631 1301 737 1321 comam
759 1293 870 1320 inducat
883 1300 917 1320 ex
940 1293 1028 1328 pinni-

241 1339 338 1371 tentia,
354 1339 417 1367 licet
431 1339 511 1366 initio
523 1340 558 1366 ab
571 1339 659 1373 epulis
675 1338 824 1366 abfuerint.

1084 927 1209 961 πόνθατε,
1227 928 1295 956 ἀλλὰ
1318 930 1364 956 καί
1380 939 1453 962 τινες
1468 931 1515 957 τοῦ
1532 930 1668 966 ἡμετέρου
1687 931 1790 962 ἔθνους,
1808 931 1879 957 οἵτι-

1083 982 1128 1005 νες
1144 969 1190 1001 ἐπὶ
1206 977 1306 1008 κακαῖς
1322 977 1455 1012 πράξεσιν
1469 977 1522 1004 ὑπὸ
1532 977 1580 1004 τοῦ
1597 978 1646 1013 τῆς
1660 977 1760 1009 κακίας
1774 977 1879 1012 ἠγεμὸ-

1083 1028 1128 1052 νος
1142 1021 1353 1058 προληφθέντες,
1375 1023 1471 1050 ἔπειτα
1491 1024 1586 1060 ὥσπερ
1606 1024 1680 1050 tiri“
1697 1024 1806 1050 δεῖπνον
1823 1022 1880 1049 ὑπὸ

1084 1067 1187 1102 πατρὸς
1202 1067 1252 1103 υἱῷ
1268 1068 1408 1101 τελοῦντος
1424 1069 1528 1104 γάμους
1543 1070 1687 1106 κληθέντες
1702 1069 1752 1104 οὐχ
1762 1070 1784 1084 ¹¹
1802 1069 1878 1103 ὑπή-

1086 1121 1194 1139 κουσαν.
1217 1114 1288 1140 ’Λντὶ
1303 1115 1331 1141 δὲ
1348 1116 1402 1142 τῶν
1416 1116 1624 1152 ἀπειθησάντων
1639 1116 1684 1142 διὰ
1700 1115 1749 1150 τὴν
1767 1114 1879 1150 Πρόλη-

1083 1157 1129 1192 ψιν
1144 1159 1159 1185 ὸ
1170 1160 1233 1192 τοὺς
1248 1160 1354 1196 γάμους
1364 1161 1404 1196 τῷ
1415 1162 1466 1198 υἱῷ
1481 1162 1566 1189 τελῶν
1583 1163 1674 1198 πατὴρ
1687 1161 1732 1188 διὰ
1742 1161 1788 1188 τοῦ
1806 1170 1876 1197 προσ

1085 1204 1170 1239 φήτου
1185 1206 1235 1242 τῆς
1255 1207 1382 1242 ἀληθείας
1399 1209 1542 1235 ἐκέλευσεν
1562 1210 1639 1244 ἡμῖν,
1662 1209 1703 1240 εἰς
1719 1207 1769 1239 τὰς
1786 1207 1877 1240 διεξά-

1084 1249 1145 1282 δους
1161 1251 1214 1278 τῶν
1229 1253 1298 1280 ὁδῶν
1312 1253 1443 1286 ἐλθοῦσιν,
1461 1256 1475 1282 ὃ
1489 1256 1546 1282 ἐστι
1561 1256 1630 1291 προς
1652 1255 1734 1290 ὑμᾶς,
1753 1254 1881 1289 καθαρὴν

1084 1295 1186 1333 ἔνδυμα
1206 1299 1295 1335 γάμου
1319 1301 1484 1337 περιϐαλεῖν,
1505 1302 1573 1337 ὅπερ
1598 1302 1655 1328 ἐστὶ
1681 1301 1835 1336 βάπτισμα,
1861 1301 1877 1326 ὃ

1084 1343 1125 1374 εις
1145 1344 1241 1379 ἄφεσιν
1256 1346 1364 1380 ξγίνεται
1381 1347 1435 1374 τῶν
1461 1348 1661 1383 πεπραγμένων
1681 1348 1744 1383 ὑμῖν
1762 1346 1856 1374 κακῶν
1867 1365 1877 1377 ,

242 1385 291 1412 καὶ
300 1385 323 1400 ’³
341 1386 404 1416 τοὺς
424 1384 543 1419 ἀγαθοὺς
567 1386 607 1416 εις
621 1385 651 1410 τὸ
667 1384 734 1411 Θεοῦ
750 1384 856 1410 δεῖπνον
877 1384 998 1418 εἰσάγειν
1008 1385 1031 1401 ¹⁵
1047 1386 1079 1413 ἐκ
1094 1389 1145 1424 τῆς
1168 1392 1358 1426 μεταμελείας,
1385 1394 1409 1419 ει
1430 1393 1477 1420 καὶ
1495 1393 1544 1429 τὴν
1563 1394 1650 1429 ἀρχὴν
1671 1392 1879 1428 ἀπελείφθησαν

241 1431 292 1466 τῆς
308 1431 432 1466 εὐωχίας.

279 1478 373 1506 XXIII.
394 1478 422 1505 Si
439 1478 522 1505 vultis
539 1478 630 1512 itaque
644 1482 674 1504 ut
689 1477 760 1504 Iiatis
773 1478 966 1504 vestimentum
988 1478 1030 1505 di-

1118 1483 1199 1519 196
1211 1484 1304 1512 XXIII.
1323 1487 1443 1522 Ἕνδυμα
1459 1485 1505 1515 οὖν
1527 1489 1550 1515 εἰ
1569 1487 1694 1524 βούλεσθε
1704 1488 1728 1503 ’⁸
1745 1487 1876 1522 γενέσθαι

242 1525 298 1552 vini
311 1525 433 1559 spiritus,
446 1524 580 1552 enitimini
594 1524 683 1558 primo
697 1531 798 1550 exuere
810 1524 949 1551 sordidam
963 1531 1028 1558 prae-

242 1570 426 1604 sumptionem
440 1574 570 1602 vestram,
585 1577 647 1604 qua:
661 1573 703 1596 est
716 1569 876 1596 immundus
897 1569 1009 1603 spiritus
1019 1589 1026 1601 ,

241 1620 270 1643 et
284 1616 421 1650 impurqu
439 1615 599 1642 amiculum.
616 1614 674 1642 Non
688 1614 803 1650 potestis
818 1619 908 1642 autem
921 1614 974 1642 alia
986 1622 1030 1642 ra-

241 1661 317 1689 tione
327 1661 473 1696 deponere.
490 1660 541 1687 nisi
559 1660 635 1695 prius
651 1660 678 1687 in
695 1660 775 1687 bonis
798 1659 952 1687 actionibus
979 1659 1029 1686 ba—

241 1707 382 1743 ptizcmini
397 1716 404 1734 :
422 1712 504 1742 atque
529 1707 565 1733 ita
582 1706 643 1741 puri
658 1713 773 1740 corpore
784 1710 811 1732 et
831 1705 924 1733 anima
941 1704 1029 1732 eﬂ‘eeti

241 1752 336 1780 futuro
360 1757 492 1787 perpetuo
507 1759 591 1786 regno
607 1750 746 1778 fruemiui.
775 1750 859 1786 Igitur
882 1759 932 1778 nec
950 1750 1029 1777 idolis

242 1797 355 1830 credite,
367 1805 416 1824 nec
428 1805 529 1825 mensae
540 1805 635 1825 eorutn
649 1797 763 1831 impune
773 1795 919 1830 participes
930 1799 1027 1827 estote,

242 1849 297 1868 non
314 1842 441 1876 occidite,
464 1850 518 1870 nou
543 1842 706 1874 adulterate,
729 1849 783 1868 non
809 1840 872 1867 odio
885 1839 1028 1874 prosequi-

241 1888 308 1914 tnini
321 1895 392 1923 quos
407 1896 461 1914 non
475 1888 564 1919 decet,
582 1895 636 1914 non
651 1887 752 1914 furtum
767 1885 857 1919 facile,
871 1893 959 1921 neque
970 1893 1030 1912 om~

241 1933 307 1960 nino
321 1933 457 1968 capessite
474 1933 528 1960 ulla
553 1940 635 1967 prava
651 1932 785 1959 facinora.
803 1931 933 1966 Alioquin
956 1930 1030 1958 futu-

242 1986 336 2006 rorqu
349 1987 397 2014 spe
413 1979 511 2013 privati
524 1979 550 2005 in
565 1978 691 2013 prmseuti
703 1978 814 2012 quidem
831 1977 930 2004 satculo
943 1985 957 2004 a
972 1984 1030 2004 ma-

242 2025 275 2052 lis
288 2026 459 2052 daemonibus
475 2030 503 2052 et
515 2033 529 2052 τι
543 2026 671 2060 gravibus
686 2025 791 2052 morbis
806 2024 985 2057 vexahimini,
1001 2024 1030 2050 in

240 2070 334 2098 futuro
349 2076 438 2098 autem
454 2071 525 2106 ignis
543 2071 637 2098 aeterni
654 2070 748 2098 feretis
771 2070 946 2105 supplicium.
963 2069 1030 2102 Quae

241 2124 306 2152 ergo
331 2117 410 2144 hodie
423 2117 502 2144 vobis
518 2117 591 2144 dicta
606 2121 680 2149 sunt,
701 2116 845 2143 suilieiant.
869 2115 907 2143 De
931 2120 1029 2144 caetero

241 2162 288 2197 qui
301 2168 421 2190 vestrum
435 2163 539 2190 morbis
551 2162 732 2193 atllictatuini.
745 2162 777 2189 ad
792 2162 975 2196 recipiendam
987 2169 1028 2189 sa‘

241 2209 354 2236 nitatem
369 2214 487 2242 manete,
502 2216 536 2236 ex
550 2209 612 2236 aliis
628 2215 704 2241 vero,
718 2208 766 2243 qui
780 2208 874 2240 vultis,
886 2215 948 2236 cum
961 2215 1027 2243 pace
1043 2221 1066 2250 Β

240 2256 322 2283 abite.

275 2374 370 2402 XXIV.
389 2374 451 2402 Ilaec
465 2383 527 2402 cum
543 2375 666 2407 dixisset,
689 2381 784 2401 omnes
799 2378 1025 2409 permanserunt,

239 2422 286 2449 alii
302 2427 330 2449 ut
341 2426 512 2455 curarentur,
526 2421 571 2448 alii
588 2425 617 2447 ut
628 2421 749 2448 viderent
762 2428 808 2448 eos
821 2420 867 2455 qui
880 2421 1024 2448 sanitatem

239 2468 402 2503 reciperent.
426 2466 522 2494 Petrus
543 2471 633 2493 autem
648 2466 782 2493 duntaxat
805 2467 947 2501 imponens
968 2466 1023 2494 illis

239 2523 337 2542 manus
355 2519 382 2541 ct
399 2518 527 2549 precatus
539 2513 644 2540 sanavit
657 2521 663 2538 :
676 2513 754 2546 adeo,
770 2517 799 2540 ut
810 2513 857 2548 qui
872 2513 962 2540 subito
973 2520 1023 2539 cu—

275 2577 289 2592 ι
304 2570 399 2598 Matth.
416 2578 460 2604 Iv;
476 2569 542 2598 Luc.
558 2578 594 2597 Iv.
632 2570 646 2590 δ
661 2569 756 2598 Matth.
773 2578 839 2598 uti.

1081 1530 1151 1557 θείου
1169 1532 1336 1567 Πνεύματος,
1356 1534 1525 1561 σπουδάσατε
1543 1533 1876 1571 πρῶτον-ἐκδύσασθαιτὸ

1082 1577 1204 1612 ῥυπαρὸν
1229 1578 1306 1614 ὑμῶν
1336 1580 1494 1616 πρόλημμα,
1519 1581 1587 1616 ὅπερ
1612 1581 1685 1606 ἐστὶν
1718 1579 1877 1614 ἀκάθαρτον

1081 1623 1199 1659 πνεῦμα,
1215 1626 1261 1652 καὶ
1276 1626 1372 1662 μιαρὸν
1389 1628 1554 1664 περίϐλημα.
1572 1627 1657 1654 Τοῦτο
1674 1627 1702 1654 δὲ
1719 1627 1768 1653 οὐκ
1784 1626 1876 1656 ἄλλως

1080 1670 1266 1699 ἀποδύσασθαι
1289 1674 1413 1706 δύνασθε,
1439 1675 1487 1702 ἐὰν
1510 1676 1547 1710 μὴ
1567 1675 1700 1710 πρότερον
1714 1674 1761 1700 ἐπὶ
1775 1673 1876 1704 καλαῖς

1081 1718 1197 1754 πράξεσι
1209 1720 1385 1756 βαπισθῆτε·
1399 1721 1446 1748 καὶ
1459 1721 1530 1749 οὕτω
1542 1722 1657 1757 καθαροὶ
1670 1720 1775 1756 σώματί
1785 1729 1815 1746 τε
1826 1721 1876 1747 καῖ

1079 1765 1151 1801 ψυχῇ
1168 1766 1308 1802 γενόμενοι
1324 1768 1373 1803 τῆς
1396 1768 1529 1804 ἐσομένης
1543 1769 1628 1795 ἀϊδίου
1643 1767 1782 1803 βασιλείας
1803 1767 1879 1792 ἁπο-

1080 1812 1192 1839 λαύσετε
1204 1813 1237 1838 ²⁴¹.
1260 1813 1335 1848 Μήτε
1351 1811 1398 1840 οὖν
1413 1814 1532 1846 εἰδώλοις
1549 1814 1702 1846 πιστεύετε,
1719 1814 1786 1849 μήτε
1804 1821 1875 1848 τρα-

1081 1859 1166 1894 πέζης
1183 1860 1274 1892 αὐτοῖς
1290 1862 1442 1887 κοινωνεῖτε
1461 1861 1572 1897 μιαρᾶς,
1593 1862 1629 1896 μὴ
1647 1860 1808 1896 φονεῦσητεν
1834 1861 1877 1895 μὴ

1082 1907 1232 1942 μοιχεύετε,
1247 1908 1283 1943 μὴ
1296 1909 1429 1944 μισήσητε
1439 1908 1487 1940 οὓς
1502 1909 1539 1944 μὴ
1549 1908 1663 1939 δίκαιον,
1677 1909 1713 1944 μὴ
1728 1907 1873 1938 κλέπτετε,

1082 1954 1149 1989 μηδὲ
1175 1955 1274 1985 κακαῖς
1285 1954 1307 1970 ²⁷
1332 1955 1403 1981 τισὶν
1430 1955 1498 1986 ὅλως
1523 1954 1655 1990 πράξεσιν
1679 1954 1873 1981 ὲπιϐάλλεσθε.

1088 2001 1163 2028 Ἐπεὶ
1172 2002 1226 2028 τῶν
1243 2001 1379 2036 ἐσομένων
1391 2000 1502 2034 ἀγαθῶν
1517 2000 1694 2036 στερηθέντες
1704 2000 1753 2036 τῆς
1764 2000 1875 2032 ἐλπίδος

1080 2048 1109 2074 ὲν
1126 2047 1175 2083 μὲν
1191 2047 1230 2083 τῷ
1245 2047 1358 2083 παρόντι
1373 2047 1425 2074 ὑπό
1437 2055 1466 2073 τε
1483 2047 1575 2074 κακῶν
1587 2047 1720 2081 δαιμόνων
1737 2047 1784 2072 καὶ
1795 2047 1876 2082 χαλε-

1081 2093 1139 2121 πῶν
1156 2093 1324 2129 παθημάτων
1343 2093 1584 2129 συνελασθήσεσθε,
1602 2094 1630 2119 ἐν
1644 2093 1673 2119 δὲ
1693 2092 1732 2128 τῷ
1749 2094 1876 2128 ἐσομένῳ

1080 2139 1160 2167 αἰῶνι
1173 2140 1250 2175 ἀϊδίῳ
1266 2139 1464 2175 κυλασθήσεσθε
1476 2139 1551 2175 πυρὶ.
1569 2138 1610 2165 Τὰ
1625 2139 1673 2174 μὲν
1687 2137 1733 2165 οὖν
1749 2139 1874 2174 σήμερον

1081 2186 1144 2222 ὑμῖν
1169 2185 1283 2222 ῥηθέντα
1305 2185 1449 2221 αὐτάρκως
1471 2185 1537 2220 ἔχει.
1559 2185 1659 2212 Λοιπὸν
1680 2185 1720 2216 δὲ,
1744 2185 1822 2220 ὑμῶν
1845 2186 1872 2212 οξ

1082 2233 1131 2268 μὲν
1144 2233 1166 2249 ’⁸
1183 2233 1236 2260 ὑπὸ
1259 2233 1428 2268 παθημάτων
1450 2232 1608 2267 ὀχλούμενοι
1632 2231 1700 2266 πρὸς
1722 2231 1773 2267 τὴν
1798 2232 1873 2258 ἴασιν

1082 2279 1278 2316 παραμείνατε,
1296 2279 1349 2307 τῶν
1365 2279 1392 2306 δὲ
1409 2279 1496 2306 ἄλλων
1509 2279 1534 2305 oi
1552 2278 1707 2314 βουλόμενοι
1720 2280 1778 2314 μετ’
1793 2279 1873 2314 εξρή-

1080 2335 1128 2362 νης
1144 2325 1302 2361 πορεύεσθε.

1115 2372 1210 2399 XXIV.
1225 2372 1318 2400 Ταῦτα
1337 2371 1419 2398 αὑτοῦ
1433 2371 1555 2403 εἰπόντος
1570 2371 1595 2398 οἱ
1616 2371 1716 2403 πάντες
1733 2372 1871 2407 παρέμει-

1080 2427 1138 2450 ναν,
1155 2420 1179 2445 oi
1198 2419 1245 2454 μὲν
1261 2417 1308 2445 τοῦ
1322 2417 1520 2454 θεραπευθῆναι
1537 2418 1626 2453 χάριν,
1646 2418 1671 2444 οἱ
1687 2418 1715 2444 δὲ
1732 2419 1779 2444 τοῦ
1799 2419 1871 2444 ἱστο-

1081 2466 1160 2501 ρῆσαι
1186 2466 1249 2497 τοὺς
1272 2465 1322 2500 τῆς
1347 2465 1495 2500 θεραπείας
1521 2465 1760 2499 ἐπιτυγχάνοντας,
1792 2464 1821 2491 ’0
1840 2465 1870 2490 δὲ

1077 2512 1180 2548 Πέτρος
1202 2512 1251 2544 τὰς
1271 2514 1364 2548 χεῖρας
1380 2512 1472 2543 αὐτοῖς
1488 2511 1592 2543 ἐπιθεὶς
1617 2511 1695 2537 ιιόνον
1721 2511 1768 2538 καὶ
1786 2511 1869 2544 εὐξά-

890 2625 1008 2654 VARI/E
1025 2625 1225 2654 LECTIONES.

278 2675 300 2694 ⁸⁸
311 2675 458 2710 δεδομένων
482 2674 509 2700 in
533 2679 600 2701 text.
618 2673 707 2710 recepi
721 2681 745 2700 c.
760 2673 794 2700 0.
833 2673 854 2691 ¹⁷
867 2672 942 2710 αυτῷ
961 2672 1126 2710 uon_l_cgitur
1142 2672 1169 2710 in
1245 2671 1273 2699 S.
1289 2670 1357 2698 Tum
1373 2670 1440 2710 fort.
1457 2671 1509 2710 leg.
1524 2670 1563 2696 ἔτι
1574 2678 1621 2710 τι..
1641 2669 1754 2710 D_ciudc_
1765 2670 1785 2697 Ο
1807 2678 1863 2698 non

238 2716 311 2739 recte
326 2705 406 2737 vertit
427 2710 607 2744 oppignerauit
630 2714 657 2736 et
681 2705 713 2734 lib
743 2705 998 2744 ipsodtmdito'ruut.
1018 2705 1129 2744 Vertere
1153 2707 1291 2744 debebat;
1317 2706 1582 2744 oppignerqvissetet
1611 2705 1861 2744 ipsitmditoriuf.

240 2747 262 2763 ⁸⁸
275 2746 379 2777 ἀσεϐῶς
393 2744 414 2772 0
461 2741 498 2771 'in'
518 2753 604 2778 marg.
626 2752 681 2771 sec.
709 2741 784 2770 man.
805 2742 869 2773 ἴσως
882 2741 1011 2778 εὐσεϐῶν.
1052 2741 1074 2778 ‘f
1087 2742 1135 2768 καὶ
1153 2742 1345 2778 Ῠὴδυνηθεεςᾲϐ.

238 2782 261 2797 τ’
277 2782 324 2816 οὐχ
339 2781 401 2807 add.
425 2788 450 2808 c.
465 2779 500 2807 Ο.
536 2780 558 2795 ¹³
572 2777 664 2816 κακῶν
688 2779 735 2816 κκὶ
802 2811 811 2816 _
830 2777 971 2816 "lfld'i‘fl’i.

238 2852 354 2880 accessit
377 2859 410 2878 ex
435 2851 468 2878 0.

1059 2776 1082 2796 ’ὓ
1099 2778 1121 2796 ci

238 2785 261 2797 τ’
277 2785 324 2816 οὐχ
339 2785 401 2807 add.
425 2788 450 2808 c.
465 2785 500 2807 υ.
536 2785 558 2795 ’³
572 2788 664 2806 κακῶν
688 2785 735 2804 καὶ
762 2785 791 2804 ιι.
831 2785 853 2794 ’⁸
867 2785 971 2810 εισαγει
987 2785 1018 2802 ιι.
1059 2785 1082 2796 -ο
1098 2785 1122 2803 ει
1149 2785 1275 2812 μουλεσυε
1300 2785 1322 2804 υ

238 2817 405 2851 conjectum.
422 2819 510 2842 textus
522 2815 552 2842 Ci
577 2814 728 2841 ἐθούλεσθε.
767 2814 790 2831 ’θ
801 2811 838 2840 Ita
852 2810 873 2838 0
898 2815 924 2840 ct
947 2812 1019 2846 Epit.
1037 2819 1062 2840 c.
1077 2813 1105 2846 4,
1131 2812 1306 2847 ἀπολαὺσητε
1325 2811 1354 2840 C.

1383 2741 1406 2756 '°
1423 2742 1480 2772 τοῖς
1496 2739 1638 2775 μέλλουσιν
1652 2739 1681 2766 C.
1721 2741 1743 2755 "
1759 2740 1814 2766 ὑπό
1828 2740 1860 2767 Ο.

1149 2774 1275 2812 βούλεσθε
1300 2776 1340 2812 07
1355 2781 1382 2804 ct
1407 2774 1569 2812 (secundum
1598 2774 1747 2812 clericum)
1828 2784 1862 2803 ex

1424 2813 1431 2828 ⁷
1447 2811 1486 2846 μὴ
1499 2810 1642 2842 Semoni;
1654 2809 1687 2837 0.
1726 2810 1749 2826 ³⁸
1767 2810 1794 2836 οι
1811 2811 1862 2846 μὲν
