1942 3100
251 163 301 191 £47

644 158 672 185 S.
688 153 881 184 CLEMENTIS
898 153 909 180 1
928 152 1010 180 ROM.
1030 150 1131 178 PONT.
1153 137 1267 177 ΟΡΕΚᾹ
1286 149 1399 179 ΒΗΒῘΑ.

1823 148 1874 176 ω

251 222 402 257 plausibus,
415 226 534 256 quorum
554 217 640 253 gratia
669 215 775 250 decepti
795 215 870 242 stulti
897 211 1032 241 homines.

1091 207 1138 233 κῶν
1153 215 1183 233 τε
1201 207 1248 233 καὶ
1264 207 1376 241 κρότων,
1394 204 1432 234 ὧν
1449 206 1583 242 προφάσει
1599 207 1623 232 οἱ
1640 206 1747 241 ἀνόητοι
1764 205 1875 232 ἀπατώ-

250 270 376 306 quamvis
391 276 475 304 regno
497 274 546 294 suo
567 265 685 297 sublato,
699 271 715 290 a
729 261 956 291 concurrentibus
979 266 1034 285 non

249 305 388 346 desistunt
402 312 660 349 superstitionibus:
678 311 705 338 in
721 313 828 337 tantum
848 305 956 334 veritati
972 313 1036 340 pro-

250 370 312 401 pter
321 364 487 398 voluptatem
503 367 623 388 errorem
653 357 809 393 praeferunt.
839 354 891 388 Qui
919 357 947 381 et
974 356 1037 387 post

250 398 391 447 crapulam
403 409 438 437 ad
449 415 512 436 aras
526 410 695 435 contractam
704 403 834 432 emittunt
849 400 978 432 ululatus,
994 398 1037 425 ni-

251 445 352 486 mirum
369 456 460 484 anima
471 463 504 482 ex
516 452 663 489 profundo,
677 450 752 477 velut
763 449 790 476 in
814 447 929 475 somniis
943 466 950 479 ,
969 445 1036 480 ipsis

251 503 453 540 praenuntiante
460 500 581 528 futuram
589 499 622 527 de
630 497 730 526 talibus
737 494 867 530 operibus
876 492 1035 520 vindictam.

291 595 357 623 Vlll.
372 595 441 622 Cum
454 600 520 628 ergo
534 591 626 619 multae
643 589 670 617 in
691 589 747 615 vita
771 586 952 622 praeterierint
973 585 1038 613 reli-

253 643 359 678 giones,
375 640 508 669 adsumus
522 637 587 665 boni
599 635 783 671 negotiatores
798 631 938 667 religionis
952 639 968 658 a
980 638 1038 657 ma-

252 688 357 717 ioribus
370 685 451 714 nobis
463 684 571 711 traditae
590 686 618 710 et
632 686 755 712 servatae,
768 687 828 707 eam
845 678 924 706 vobis
937 684 1037 712 appor—

253 739 354 767 tantes,
368 732 448 767 quasi
461 730 567 759 semina
581 728 710 763 stirpium
723 725 912 757 ostendentes,
937 731 970 751 ac
987 723 1038 750 sub

253 785 345 807 vestra
357 781 489 813 ponentes
502 781 618 804 censura
642 777 669 800 et
693 775 838 807 potestate.
858 769 938 803 Quod
960 769 1038 797 vobis

253 825 382 862 placebit,
411 823 512 858 eligite.
537 821 566 848 Si
589 828 654 855 ergo
672 824 766 847 nostra
782 816 958 852 dclegeritis,
982 823 1037 843 non

253 875 343 900 solum
357 871 494 898 daemones
506 872 533 895 et
549 867 659 895 morbos
670 866 705 893 ab
717 866 751 892 iis
763 864 902 892 immissos
913 862 1038 898 poteritis
1052 881 1074 910 Β

252 915 380 950 οΠυιζοῐο,
395 913 442 942 sed
455 913 554 950 fugatis
568 913 694 947 utrisque
712 915 739 940 et
755 918 770 940 a
790 909 961 939 daemonibus
975 916 1043 944 sup-

250 961 358 996 pllciter
376 960 465 997 rogati
486 960 569 987 etiam
589 958 690 986 futuris
715 957 795 986 bonis
817 960 948 992 perpetuo
969 954 1045 982 frue-

252 1007 331 1035 mini.

289 1046 334 1073 IX.
348 1045 477 1080 Alioquin
500 1048 595 1072 contra
608 1042 636 1070 in
650 1043 703 1070 hac
715 1042 825 1077 quidem
847 1042 903 1068 vita
921 1048 969 1076 per
981 1041 1037 1068 da:-

253 1099 349 1120 mones
364 1091 502 1119 atrocibus
515 1089 618 1117 morbis
633 1088 798 1121 illudemini;
821 1088 931 1123 quando
947 1091 1038 1114 autem

254 1138 353 1165 animae
375 1140 501 1164 vestraee
525 1142 641 1170 corpore
664 1134 831 1169 migrabunt,
860 1133 887 1160 in
905 1137 1038 1160 aeternum

253 1191 350 1219 poenas
363 1182 480 1215 solvent,
496 1181 619 1216 profecto
630 1187 684 1207 non
696 1180 769 1214 quod
782 1178 853 1206 Deus
866 1178 1037 1210 condemnet,

254 1229 302 1257 sed
318 1229 390 1264 quod
403 1229 474 1256 mala
488 1234 570 1262 opera
581 1227 633 1254 hoc
648 1230 804 1253 mereantur
813 1224 958 1260 judicium.
971 1223 1039 1252 Nam

253 1276 394 1304 daemones
408 1278 542 1309 potestate
555 1280 604 1308 per
618 1272 684 1306 ipsis
700 1271 829 1299 traditum
845 1271 937 1298 cibum
959 1278 1038 1298 acce-

252 1327 311 1358 pta,
327 1321 426 1348 vestris
446 1319 575 1346 manibus
600 1318 629 1344 in
655 1321 744 1344 vestra
764 1316 949 1343 immittuntur
975 1323 1039 1342 cor-

254 1375 332 1402 pora.
365 1365 418 1393 Ubi
445 1365 518 1392 enim
547 1364 687 1390 latuerunt
707 1362 794 1390 multo
809 1366 940 1396 tempore,
956 1361 1038 1388 etiam

255 1421 318 1441 cum
330 1413 421 1440 anima
435 1410 657 1439 commiscenlur.
671 1408 704 1435 Et
722 1413 832 1442 propter
847 1407 1039 1442 negligentiam

254 1466 363 1492 eorum,
380 1458 428 1493 qui
441 1457 494 1484 sibi
507 1455 650 1491 providere
658 1458 766 1481 autnon
779 1453 908 1488 cogitant,
925 1456 972 1479 aut
984 1459 1039 1480 non

254 1505 360 1536 volunt,
372 1502 531 1531 earumdem
543 1501 644 1533 anima,
656 1507 719 1528 cum
730 1507 745 1526 a
758 1505 872 1532 corpore
885 1502 1039 1532 separatur,

253 1551 371 1580 daemonii
386 1550 462 1576 unita
484 1547 639 1576 necessario
654 1546 689 1574 ab
712 1553 744 1573 eo
767 1545 794 1572 in
820 1545 880 1572 loca
899 1552 960 1580 quae
981 1544 1039 1578 ipse
1052 1556 1073 1585 ο

253 1598 314 1626 vult
340 1596 470 1624 defertur.
495 1595 629 1629 Quodque
643 1593 837 1628 gravissimum
861 1596 912 1624 est,
929 1590 1039 1625 quando

254 1644 282 1671 in
293 1643 417 1670 omnium
433 1640 671 1669 consummatione
686 1639 791 1666 daemon
801 1637 890 1672 primo
906 1637 932 1663 in
944 1636 1038 1670 expia-

254 1690 338 1718 tionis
350 1690 439 1724 ignem
459 1687 574 1715 traditus
592 1686 685 1718 fuerit,
698 1692 810 1712 necesse
822 1687 873 1716 est,
892 1688 923 1710 ut
937 1683 962 1710 ei
976 1683 1039 1717 qui-

255 1736 316 1763 dem
333 1734 463 1770 permista
481 1733 571 1760 anima
584 1731 727 1759 infandum
743 1730 770 1757 in
783 1730 895 1757 modum
914 1733 1038 1762 vexetur,

255 1785 361 1812 daemon
375 1790 439 1810 vero
454 1782 578 1817 gaudeat.
591 1780 639 1807 Illa
653 1779 798 1814 siquidem,
813 1786 874 1813 qua:
888 1785 922 1805 ex
936 1778 1040 1806 lumine

255 1835 306 1864 est,
323 1834 480 1857 extraneam
501 1828 571 1863 ignis
587 1827 725 1854 ﬂammam
740 1833 797 1852 non
824 1824 915 1851 ferens
930 1829 1041 1858 torque-

255 1882 317 1910 tur;
334 1876 377 1903 hic
391 1879 493 1907 autem,
508 1873 555 1908 qui
578 1873 606 1900 in
634 1872 743 1907 generis
758 1871 802 1898 sui
815 1875 857 1898 est
874 1869 1038 1902 substantia,

254 1926 333 1954 valde
352 1925 469 1956 laetatur,
483 1931 547 1951 cum
557 1923 655 1949 animae
671 1921 705 1948 ab
716 1921 776 1956 ipso
790 1919 929 1955 deglutitre
941 1919 1040 1946 vincu-

255 1974 311 2000 lum
327 1973 416 1999 factus
443 1971 480 1998 sit
493 1974 576 2004 ruptu
592 1968 793 1996 diﬂicillimum.

288 2071 324 2097 Χ.
341 2069 420 2103 Quod
450 2073 542 2095 autem
565 2067 704 2095 damones
725 2066 845 2101 gestiunt
871 2065 899 2092 in
925 2072 1040 2099 corpora

255 2117 399 2144 hominum
410 2116 523 2147 intrare,
537 2114 594 2141 haec
607 2121 688 2140 causa
702 2117 753 2140 est.
770 2111 838 2139 Cum
853 2111 909 2139 sint
926 2111 1040 2145 spiritus

256 2168 283 2190 et
298 2166 426 2197 appetant
439 2160 515 2188 ethos
527 2164 554 2186 et
565 2163 646 2194 potus
661 2166 692 2186 ac
705 2158 856 2190 libidinem,
874 2165 924 2185 nec
934 2157 1042 2192 possint

256 2216 363 2243 capere,
373 2208 449 2243 quia,
457 2214 520 2234 eum
533 2206 646 2240 spiritus
658 2205 723 2239 sint,
738 2205 861 2239 indigent
871 2211 1039 2239 organorum
1055 2223 1077 2250 Β

256 2253 290 2280 ad
306 2260 385 2280 usum
401 2252 632 2283 necessariorum,
649 2251 676 2277 in
690 2250 832 2277 hominum
847 2249 1039 2284 ingrediuntur

256 2306 372 2333 corpora
386 2317 394 2331 ,
418 2302 449 2325 ut
473 2302 601 2332 tanquam
620 2296 804 2323 ministrantia
822 2295 944 2322 membra
968 2294 1041 2322 nacti

257 2354 318 2381 quae
329 2346 443 2380 cupiunt
454 2344 562 2380 possint
573 2343 706 2376 obtinere,
724 2343 782 2370 sive
803 2343 893 2373 cibos,
911 2349 958 2376 per
973 2341 1039 2368 den-

256 2397 298 2420 tes
325 2391 456 2423 hominis,
481 2390 539 2418 sive
565 2389 716 2422 libidinem,
737 2396 785 2423 per
803 2388 930 2423 genitalia
955 2387 1037 2414 illius.

1088 262 1172 289 μενοι,
1188 253 1277 280 καίτοι
1291 254 1341 288 τῆς
1358 253 1496 288 βασιλείας
1511 253 1601 280 αὐτῶν
1610 253 1815 288 ἀφαιρεθείσης,
1827 254 1876 280 αὐτ

1085 300 1127 326 τοὶ
1139 299 1193 326 τῶν
1211 299 1395 327 συνελθουσῶν
1407 299 1431 315 “
1440 300 1490 336 θρη
1495 300 1592 326 σκειῶν
1602 300 1652 326 οὐκ
1661 299 1856 327 ἀπολείπονται
1867 307 1875 314 ·

1085 347 1132 372 ἐπὶ
1155 346 1282 372 τοσοῦτον
1305 346 1354 382 τῆς
1371 346 1509 382 ἀληθείας,
1527 346 1571 373 διὰ
1593 347 1616 362 ⁵⁸
1631 346 1681 382 τὴν
1698 345 1877 382 ἡδυπάθειαν,

1087 392 1273 428 προετίμησαν
1289 393 1339 428 τὴν
1354 393 1457 428 πλάνην
1473 393 1507 420 ⁵⁸.
1526 393 1556 420 Οἳ
1574 393 1620 419 καὶ
1638 393 1707 428 μετὰ
1724 393 1810 429 μέθην
1823 402 1878 420 πα-

1089 438 1224 474 ραόώμιον
1237 439 1451 472 ὲπολολύζουσιν,
1468 440 1518 476 τῆς
1527 440 1616 476 ψυχῆς
1625 442 1657 467 ὲκ
1668 440 1765 476 βάθους
1781 441 1880 476 ὥσπερ

1085 484 1119 511 δι’
1135 485 1247 520 ὀνείρων
1265 486 1356 517 αὐτοῖς
1371 486 1420 522 τὴν
1439 486 1588 522 μέλλουσαν
1604 487 1650 514 ἐπὶ
1662 488 1723 518 ταῖς
1738 486 1881 518 τοιαύταις

1087 530 1176 557 αὐτῶν
1193 531 1308 566 πράξεσι
1325 533 1564 569 προαγγελλούσης
1579 532 1723 569 τιμωρίαν.

1123 577 1191 605 VIII.
1208 578 1317 605 Πολλῶν
1333 576 1380 605 οὖν
1394 580 1423 605 ὲν
1442 579 1492 614 βίῳ
1508 579 1700 615 παρελθουσῶν
1723 579 1881 615 θρησκειιῖνί

1088 623 1228 659 πάρεσμεν
1245 625 1372 660 φέροντες
1389 626 1462 660 ὑμῖν,
1477 626 1502 652 οἱ
1519 626 1615 660 ἀγαθοὶ
1631 626 1746 661 ἔμποροι
1761 627 1794 653 ὲκ
1810 635 1881 662 προ-

1087 670 1173 704 γόνων
1197 672 1262 706 ἡμῖν
1290 671 1489 707 παραδοθείσης
1514 673 1561 699 καὶ
1600 671 1781 708 φυλαχθείσης
1808 673 1880 708 θρη-

1088 717 1182 748 σκείας
1198 717 1231 750 ⁸⁷,
1249 717 1287 749 ὡς
1302 718 1446 753 σπέρματα
1462 718 1552 753 φυτῶν
1559 718 1714 751 δεικνύντες
1729 719 1776 745 καὶ
1784 719 1833 745 ἐπὶ
1843 720 1880 755 τῇ

1089 762 1209 799 ὑμετέρᾳ
1222 763 1310 799 κρίσει
1325 764 1371 790 καὶ
1382 764 1492 800 ἐξουσίᾳ
1506 764 1634 796 τιθέντες.
1653 765 1691 792 Τὸ
1699 765 1764 800 ὑμῖν
1781 765 1882 792 δοκοῦν

1089 808 1258 841 ὲπιλέξασθε.
1284 809 1346 836 Ἑάν
1364 809 1414 845 μὲν
1425 808 1471 837 οὗν
1488 811 1522 838 τὰ
1546 811 1669 847 ἡμέτερα
1683 812 1706 827 ⁵⁸
1722 811 1831 847 ἕλησθε,
1845 812 1882 838 οὑ

1091 854 1170 889 μόνον
1184 854 1207 870 ⁸⁹
1223 854 1352 890 δαίμονας
1379 856 1424 882 καὶ
1439 856 1474 883 τά
1487 857 1520 883 ἐκ
1535 856 1669 892 δαιμόνων
1693 857 1766 893 πάθη
1781 859 1883 892 φυγεῖν

1088 898 1243 935 δυνήσεσθε,
1271 901 1351 936 202
1367 901 1435 928 ἀλλά
1461 902 1538 929 αὐτοὶ
1551 902 1620 930 αὐτὰ
1635 903 1657 919 ⁶⁰
1668 903 1880 938 φυγαδεύοντες,

1088 945 1135 971 καὶ
1146 945 1331 981 ἱκετευόμενοι
1349 948 1395 974 ὑπ’
1404 948 1504 980 αὐτῶν,
1515 949 1626 976 καὶτῶν
1638 949 1726 976 εἰσαεὶ
1739 949 1882 986 ἐσομένων

1088 991 1198 1026 ἀγαθῶν
1215 992 1391 1020 ἀπολαύσετε.

1123 1036 1168 1064 1X.
1192 1037 1299 1072 Ἑπείγε
1315 1039 1467 1067 τούναντίον
1480 1040 1509 1066 ὲν
1525 1040 1574 1076 μὲν
1584 1040 1623 1076 τῷ
1639 1041 1686 1068 νῦν
1695 1041 1744 1076 βίῳ
1759 1041 1813 1068 ὑπὸ
1822 1041 1882 1068 δαι-

1091 1083 1178 1118 μόνων
1194 1084 1348 1117 ἀλλοκότοις
1365 1085 1480 1113 πάθεσιν
1503 1086 1718 1123 ὲνυϐριζόμενοι,
1735 1088 1782 1114 ἐπὶ
1798 1089 1836 1123 τῇ
1847 1089 1882 1114 ἑκ

1088 1128 1135 1155 τοῦ
1153 1129 1277 1165 σώματος
1300 1131 1443 1168 ἀπαλλαγῇ
1460 1133 1507 1159 καὶ
1522 1132 1571 1165 τὰς
1583 1133 1672 1168 ψυχὰς
1685 1134 1772 1160 εἰσαεὶ
1795 1134 1880 1160 κολα-

1091 1174 1259 1210 σθησομένας
1270 1175 1355 1209 ἕξετε,
1372 1177 1407 1204 τὰ
1419 1177 1506 1213 ἀληθῆ
1524 1178 1580 1215 (22)
1596 1180 1627 1206 οὐ
1643 1178 1711 1206 Θεοῦ
1729 1180 1882 1207 καταδικά-

1089 1220 1190 1254 ζοντος,
1206 1221 1274 1249 ἀλλά
1288 1223 1379 1251 κακῶν
1397 1223 1523 1260 πράξεων
1542 1225 1669 1260 τοιαύτην
1688 1225 1807 1260 ἐχουσῶν
1819 1226 1882 1262 κρί-

1090 1275 1142 1294 σιν.
1155 1269 1186 1294 Ol
1202 1268 1255 1304 γὰρ
1268 1268 1402 1305 δαίμονες,
1413 1270 1457 1297 διὰ
1470 1271 1519 1306 τῆς
1529 1270 1620 1303 αὐτοῖς
1629 1271 1806 1307 ἀποδοθείσης
1817 1280 1881 1307 τρο-

1090 1313 1143 1348 φῆς
1155 1313 1275 1345 ὲξοιισίαν
1292 1315 1408 1350 ἔχοντες,
1426 1317 1479 1343 ὑπὸ
1494 1317 1548 1344 τῶν
1562 1318 1701 1354 ὑμετέρων
1722 1318 1822 1354 χειρῶν
1839 1320 1882 1351 εἰς

1089 1358 1123 1385 τὰ
1140 1359 1259 1396 ὑμέτερα
1275 1361 1454 1397 εἰσ-κρίνονται
1471 1363 1493 1382 ⁸⁸
1510 1351 1632 1399 σώματα.
1648 1351 1881 1401 ”Ενδομυχήσαν-

1089 1412 1134 1435 τες
1149 1404 1203 1439 γὰρ
1212 1406 1300 1442 πολλῷ
1317 1407 1356 1442 τῷ
1366 1408 1454 1444 χρόνῳ
1461 1410 1507 1436 καὶ
1515 1411 1548 1446 τῇ
1558 1410 1632 1447 ψυχῇ
1641 1411 1834 1446 ἀνακίρνανται
1844 1411 1879 1438 ⁸⁸.

1089 1451 1145 1477 Καὶ
1171 1451 1215 1478 διὰ
1238 1453 1288 1488 τὴν
1316 1454 1445 1489 ἀμέλειαν
1467 1456 1522 1482 τῶν
1547 1457 1653 1488 ἑαυτοῖς
1668 1457 1698 1482 ⁸³.
1707 1457 1815 1492 βοηθεῖν
1841 1458 1881 1494 μὴ

1090 1497 1221 1525 νοοὺντων
1237 1498 1253 1534 ἢ
1272 1500 1319 1526 καὶ
1336 1501 1373 1536 μὴ
1391 1501 1569 1538 βουλομένων,
1600 1503 1702 1530 τούτων
1722 1504 1812 1531 αὐτῶν
1833 1505 1881 1531 ἐπὶ

1089 1545 1122 1579 τῇ
1139 1544 1185 1571 τοῦ
1212 1544 1337 1581 σώματος
1357 1547 1432 1574 λύσει
1452 1549 1470 1584 ὴ
1485 1549 1558 1585 ψυχὴ
1574 1549 1613 1585 τῷ
1626 1550 1731 1586 δαίμονι
1751 1550 1882 1586 ἡνωμένη

1091 1590 1213 1626 ἀνάγκην
1229 1592 1286 1627 ἔχει
1311 1594 1442 1630 φέρεσθαι
1461 1595 1506 1622 ὑπ’
1521 1596 1602 1623 αὐτοῦ
1619 1597 1659 1628 είς
1681 1596 1729 1628 οὓς
1754 1597 1880 1632 βούλεται

1090 1636 1197 1669 τόπους.
1214 1637 1251 1664 Τὸ
1265 1638 1293 1664 δὲ
1305 1639 1413 1666 πάντων
1439 1641 1646 1676 χαλεπώτατον,
1665 1642 1733 1669 ὲπάν
1751 1642 1773 1658 ⁸⁵
1795 1643 1825 1669 ὲν
1845 1644 1880 1678 τῇ

1090 1682 1144 1709 τῶν
1163 1683 1232 1710 ὅλων
1255 1685 1395 1722 συντελείᾳ
1410 1687 1424 1713 ὁ
1440 1686 1543 1722 δαίμων
1557 1687 1592 1715 τὰ
1611 1688 1706 1724 πρῶτα
1722 1689 1763 1720 είς
1777 1688 1808 1715 τὺ
1830 1698 1882 1716 κα-

1091 1729 1182 1765 θαῖρον
1199 1730 1255 1766 πῦρ
1265 1731 1393 1768 ἀποδοθῇ,
1409 1733 1425 1769 ἡ
1437 1733 1621 1768 συγκραθεῖσα
1630 1733 1705 1769 αὑτῷ
1713 1734 1785 1770 ψυχὴ
1795 1735 1882 1769 ἀνάγ-

1091 1785 1142 1812 κην
1158 1777 1214 1813 ἔχει
1227 1778 1296 1813 αὑτὴ
1309 1778 1358 1813 μὲν
1373 1779 1538 1815 ἀπορῤήτως
1550 1779 1721 1813 κολάζεσθαι,
1747 1782 1761 1808 ὁ
1776 1781 1805 1807 δὲ
1819 1781 1881 1808 δαί-

1093 1831 1150 1858 μων
1165 1823 1286 1858 ἥδεσθαι.
1311 1825 1342 1851 Ἦ
1357 1825 1411 1861 γὰρ
1428 1826 1459 1852 ἐκ
1474 1826 1562 1860 φωτὸς
1578 1824 1654 1859 οὖσα,
1672 1827 1721 1862 τὴν
1730 1826 1881 1862 ἀλλόφυλον

1090 1867 1137 1895 τοῦ
1153 1869 1239 1904 πυρὸς
1255 1869 1342 1904 φλόγα
1364 1871 1401 1906 μὴ
1418 1871 1537 1906 φέρουσα
1549 1891 1556 1905 ,
1575 1871 1758 1906 βασανίζεται,
1774 1875 1789 1900 ὁ
1803 1873 1833 1900 δὲ
1850 1875 1881 1900 ὲν

1090 1915 1122 1950 τῇ
1141 1914 1188 1941 τοῦ
1205 1915 1300 1949 γένους
1316 1916 1397 1943 αὑτοῦ
1407 1915 1445 1943 ὢν
1459 1917 1547 1953 οὐσίᾳ,
1564 1918 1689 1953 μεγάλως
1717 1919 1822 1955 ἥδεται,
1840 1920 1882 1946 δε-

1092 1963 1160 1998 σμὸς
1173 1963 1323 2000 δύσρηκτος
1333 1964 1477 2000 γενόμενος
1496 1965 1546 2000 τῆς
1566 1965 1610 1991 ὑπ’
1625 1965 1705 1992 αὑτοῦ
1730 1966 1882 2002 συμποθείε

1092 2017 1142 2044 σης
1158 2009 1181 2026 ⁸⁸
1196 2010 1294 2046 ψυχῆς-

1125 2065 1160 2092 Χ.
1175 2066 1211 2093 Τὸ
1227 2066 1255 2092 δὲ
1270 2067 1293 2084 ⁸⁸
1300 2067 1363 2098 τοὺς
1378 2067 1506 2103 δαίμονας
1515 2067 1654 2103 γλίχεσθαι
1673 2069 1713 2100 είς
1722 2067 1757 2094 τὰ
1765 2069 1820 2095 τῶν
1832 2069 1882 2095 ἀν-

1092 2111 1327 2148 θρώπωνείσδύειν
1338 2113 1417 2148 203
1427 2113 1548 2149 σώματα,
1558 2114 1630 2140 αἰτία
1643 2113 1721 2149 αὕτη.
1732 2113 1883 2149 Πνεύματα

1091 2158 1167 2190 ὅντες
1178 2160 1225 2186 καὶ
1238 2159 1287 2194 τὴν
1303 2159 1450 2194 ἐπιθυμίαν
1466 2159 1574 2194 ἔχοντες
1590 2160 1630 2191 εἰς
1641 2159 1732 2195 βρωτά
1748 2161 1795 2186 καὶ
1808 2161 1883 2188 ποτὰ

1092 2205 1137 2230 καὶ
1156 2205 1306 2237 συνουσίαν,
1333 2205 1548 2240 μεταλαμϐάνειν
1564 2205 1592 2231 δὲ
1615 2205 1653 2241 μὴ
1678 2205 1820 2240 δυνάμενοι
1836 2206 1882 2233 διὰ

1090 2250 1121 2276 τὸ
1135 2250 1277 2286 πνεύματα
1293 2249 1362 2278 εἶναι
1376 2252 1423 2278 καὶ
1441 2251 1462 2267 ⁸⁷
1479 2251 1582 2278 δεῖσθαι
1596 2251 1718 2287 ὀργάνων
1737 2251 1792 2278 τῶν
1811 2251 1882 2287 πρὸς

1090 2297 1140 2331 τὴν
1157 2297 1252 2332 χρῆσιν
1282 2297 1451 2332 ἐπιτηδείων,
1482 2297 1522 2329 εἰς
1537 2297 1572 2324 τὰ
1594 2297 1745 2333 ἀνθρώπων
1762 2297 1880 2324 εἰσίασιν

1092 2341 1215 2377 σώματα,
1233 2342 1286 2375 ἵνα,
1304 2342 1398 2378 ὥσπερ
1415 2343 1623 2378 ὑπουργούντων
1645 2343 1768 2379 ὀργάνων
1784 2344 1881 2379 τυχόν-

1089 2396 1145 2421 τες,
1161 2385 1199 2415 ὦν
1217 2388 1338 2416 θέλουσιν
1361 2389 1498 2424 ἐπιτυχεῖν
1514 2389 1620 2417 δυνατοὶ
1632 2386 1708 2423 ὦσιν,
1734 2389 1790 2416 εἴτε
1806 2389 1880 2426 βρω-

907 2454 1024 2482 VARle
1044 2455 1243 2484 LECTIONES.

291 2508 315 2526 ³⁸
326 2506 515 2541 παρελθουσῶν
542 2505 574 2533 O.

257 2543 278 2560 ⁵⁷
300 2536 523 2576 Conjcctaverim_
543 2539 738 2576 παραδοθεῖσαν
752 2573 756 2576 _
768 2537 816 2576 καὶ
838 2536 1183 2576 φυλαχθεῖσανθρηωιείαν,
1196 2539 1231 2565 cl.

871 2574 893 2590 Ιι
909 2571 1031 2610 μόνονο,
1041 2571 1122 2610 ςοοιιί.
1137 2574 1261 2610 etiamiS,
1279 2575 1375 2608 μόνους
1386 2574 1416 2602 C.
1434 2609 1441 2610 ί
1456 2576 1478 2591 ⁸ο
1493 2576 1604 2602 τοιαῦτα
1666 2577 1743 2603 αὐτοὶ
1758 2571 1829 2603 αὗτά
1844 2572 1876 2604 ϐ’,

256 2591 292 2596 ——
313 2571 423 2611 ἐὰν’μὲν
438 2573 483 2602 οὖν
496 2573 532 2601 τὰ
545 2571 667 2611 ὴιέέτερα
677 2574 737 2611 des.
750 2573 777 2599 in

624 2505 647 2521 ³⁵
663 2504 706 2530 διὰ
731 2501 832 2530 excidit
853 2509 869 2529 e
889 2509 993 2528 recens.
1023 2501 1241 2531 Clerico-Schwe
1261 2504 1373 2532 lcriana.

624 2539 738 2565 Βοθεῖσαν
768 2537 816 2564 καὶ
838 2536 1018 2566 φυλαχθεῖσαν
1027 2536 1183 2566 θρησκείαν,
1196 2539 1231 2565 cl.
1243 2512 1308 2566 ᾖξας,
1324 2548 1361 2566 ιν,

1426 2506 1450 2541 ’ᾗ
1462 2505 1549 2541 Fort:
1563 2506 1614 2541 leg.
1635 2507 1684 2541 τῆς
1703 2506 1814 2541 πλάνης.
1846 2506 1876 2535 S.

1270 2516 1373 2532 crlatta.
1426 2516 1449 2523 ¹¹“’
1464 2516 1535 2532 ΠυΓΙ..
1563 2516 1614 2541 leg.
1635 2516 1684 2541 της
1703 2516 1773 2533 πΛαν
1846 2516 1876 2535 δ.

1270 2546 1311 2578 ειςἶ
1324 2548 1361 2572 ιν,
1380 2540 1423 2578 ῌ.
1437 2539 1476 2578 8,,
1507 2540 1692 2578 δδνξώχρίσει
1707 2542 1755 2578 καὶ
1766 2516 1878 2578 ὲτὲουσὶᾳ

258 2612 327 2638 ε¹11τι
341 2611 360 2638 S
398 2605 603 2646 εἰσχρίνεταίά,
619 2605 652 2636 Ο.
689 2609 711 2646 ⁶Α¹
725 2607 917 2646 ἀνακίρνανται
933 2605 965 2639 S,
1012 2627 1020 2639 ,
1035 2605 1202 2646 dvaxtpvata.
1216 2605 1259 2636 Cf
1279 2605 1308 2625 ’⁸³
1318 2605 1413 2646 αυτοῖς
1497 2611 1519 2646 “3
1534 2612 1602 2638 ἐπάν
1627 2605 1658 2644 Β,
1685 2612 1707 2639 Ο
1722 2631 1728 2642 ,
1741 2611 1785 2637 ἐπ’
1799 2611 1833 2638 ἄν
1845 2612 1874 2638 C.

258 2649 281 2665 ⁸⁸
293 2643 477 2681 συμποθείσης
486 2645 517 2681 D,
577 2643 787 2681 [συμπαθείης

259 2716 400 2752 πνεύματα
413 2716 478 2742 ὅντα
491 2715 604 2742 δεῖσθαι.

259 2649 281 2665 ιι
293 2644 477 2681 συμποθείσηξ
486 2645 517 2681 Ι),
540 2644 562 2672 0
577 2665 584 2677 ,
598 2644 787 2679 συμπαθείσης
803 2644 840 2673 υ,
855 2644 902 2681 qui
922 2644 994 2675 conj.
1010 2644 1208 2682 συμπαγείσης.
1249 2648 1271 2664 αθ
1284 2644 1331 2670 τοῦ
1347 2644 1375 2670 δέ
1387 2645 1483 2672 scribit
1499 2644 1710 2673 Sehliemannus
1733 2646 1822 2673 Clem.
1847 2654 1873 2680 p.

259 2681 321 2712 966,
336 2681 398 2708 569.
417 2681 509 2708 Recte.
528 2680 569 2706 Cf.
583 2679 662 2706 Hom.
690 2686 727 2711 ιν,
752 2678 777 2706 9.
792 2676 822 2704 S.
837 2676 904 2704 Dem
921 2676 997 2704 deest
1007 2684 1060 2703 των
1077 2684 1104 2704 in
1116 2677 1147 2705 0.
1187 2679 1209 2695 ⁸⁷
1221 2680 1267 2706 καί
1284 2680 1315 2712 S,
1335 2678 1358 2706 0
1373 2699 1380 2712 ,
1409 2679 1580 2709 desideratur
1593 2688 1638 2712 ap.
1652 2681 1682 2709 (Ξ.
1698 2681 1720 2707 D
1744 2681 1799 2712 legi
1817 2681 1873 2709 vult

1187 2679 1209 2695 "
1221 2680 1267 2706 καί
1284 2680 1315 2714 S,
1335 2678 1358 2706 Ο
1373 2699 1380 2712 ,
1409 2679 1580 2709 desideratur
1593 2688 1638 2716 ap.
1652 2681 1682 2709 (Ξ.
1698 2681 1720 2707 D
1744 2681 1799 2717 legi
1817 2678 1875 2709 vult

904 2777 1086 2807 VARXORUM
1104 2779 1219 2807 NOTzE.

298 2827 354 2861 (€22)
371 2828 522 2866 Cotelcrius
541 2828 602 2866 [nec
616 2827 687 2866 male
701 2827 783 2866 vertit
794 2836 800 2854 :
810 2835 883 2866 "vere
894 2834 946 2852 non
960 2826 1029 2853 quod
1045 2826 1114 2854 Deus
1127 2828 1292 2864 {condcmneL
1318 2829 1418 2858 Eodem
1435 2830 1515 2858 modo
1532 2829 1566 2856 τὰ
1582 2828 1668 2866 ἀληθῆ
1684 2826 1870 2863 (ετὰληθῶς)

260 2868 409 2898 usurpatur
423 2863 496 2891 hom.
514 2871 554 2898 ιι,
573 2863 614 2898 12,
628 2862 683 2898 29;
699 2870 754 2896 xxv,
769 2862 793 2890 7.
809 2862 837 2891 S.
866 2862 993 2890 DRESSEL.
