1932 3100
225 167 278 195 ⁸2ὕέ
649 166 677 194 S.
696 165 888 194 CLEMENTIS
906 167 916 194 Ι
933 165 1013 194 ΙᾉΟΜ.

1064 167 1135 195 )ΝΤ.
1153 167 1267 196 OP'ERA
1286 169 1399 199 DUBLA.
1801 171 1861 199 259»

226 225 288 254 illos
295 224 455 253 adhibeatur
462 223 764 260 diligentia,opportune
771 225 1013 257 antem,occasione

1068 224 1143 257 ὅπως
1159 226 1176 262 ἡ
1190 228 1250 253 κατ’
1267 227 1359 254 αὐτῶν
1370 227 1470 263 σπονδὴ
1484 228 1520 264 μὴ
1536 228 1658 264 γένηται,
1673 228 1809 265 εὐκαίρως
1824 230 1854 257 δὲ

225 271 388 302 iraz,amoris
402 274 449 298 aut
459 270 569 298 alterius
577 270 728 304 cuiuspiam
743 276 904 305 repenteseu
916 271 1014 306 gladio,

225 322 274 342 seu
287 315 392 349 laqueo.
402 322 449 342 seu
472 314 631 350 praecipitio,
657 322 705 342 seu
720 315 774 342 alio
783 316 901 350 quodam
915 321 1014 344 contu—

225 362 335 388 meltam
351 361 473 388 inferunt
493 360 612 395 corpori,
623 363 650 387 et
663 360 689 387 in
707 360 760 388 line
772 362 907 396 punitioni
923 362 1012 397 subji-

225 407 302 434 ciunt
316 409 442 441 deceptas
455 407 489 434 ab
505 406 572 441 ipsis
585 414 680 433 eorum
702 408 818 440 animas,
846 408 1013 443 quibuscum

225 453 302 480 fuere
317 445 451 488 permisti,
478 453 548 480 sicut
562 453 693 487 diximus,
719 455 843 482 abeundo
871 456 898 482 in
922 456 1013 491 ignem

224 499 418 533 expiatorium.
431 498 482 525 Alii
498 506 563 525 vero
579 499 704 527 homines
715 499 793 526 aliter
809 500 922 528 insidias
937 500 1016 535 passi

225 551 280 571 non
295 545 426 572 accedunt
443 545 475 572 ad
491 553 551 579 nos,
567 545 672 580 deeepti
698 545 880 580 malignorum
904 545 1008 572 daemo-

224 597 291 617 num
315 590 543 624 inspirationibus
558 611 566 624 ,
594 595 724 625 tanquam
749 598 764 617 a
788 591 841 617 diis
865 590 932 625 ipsis
959 591 1015 618 ista-

225 639 336 670 propter
350 635 506 670 religionem
521 644 586 671 erga
603 644 652 664 eos
666 637 814 671 patiantur.
830 636 936 670 possint
947 644 1012 664 vero

225 689 273 716 per
293 682 428 710 sacrilieia
445 683 471 709 in
485 682 600 716 gratiam
623 691 684 710 cum
703 683 738 710 iis
763 683 861 714 redire,
880 683 1011 718 quodque

225 734 281 753 non
304 728 420 755 debeam
435 728 514 754 nobis
537 728 677 761 accedere,
691 728 736 756 sed
751 732 846 755 contra
875 728 968 763 fugere
979 737 1011 757 ac

225 776 288 803 odio
315 777 453 811 prosequi.
483 776 583 812 Sicque
599 778 714 805 oderunt
728 785 760 804 ac
787 776 926 810 refugiunt
952 785 1010 811 eos,

226 821 272 854 qui
289 821 395 849 illorum
405 822 495 856 potius
511 823 685 854 miserentur,
694 823 796 858 quique
812 823 874 851 illos
884 824 917 851 ad
928 823 1010 851 bene-

227 865 287 893 licia
304 866 496 901 insequuntur.

261 911 332 939 XIV.
355 897 422 940 Dum
447 913 530 948 igitur
543 922 594 942 nos
619 915 682 942 odio
702 916 802 943 habent
829 920 856 942 et
885 915 1010 950 fugiunt,
1029 897 1051 924 Β

227 958 336 985 insidiis
361 964 538 994 appetuntur,
563 961 649 995 ignari
674 961 745 988 unde
774 962 841 996 ipsis
860 962 1012 997 contingat,

225 1007 257 1030 ut
270 1005 407 1032 contraria
428 1006 508 1033 saluti
527 1014 583 1034 suae
600 1007 729 1034 sentiant.
754 1006 847 1041 Neque
860 1008 932 1034 enim
945 1015 1007 1040 nos,

225 1050 248 1077 si
262 1050 348 1077 nolint
362 1051 395 1078 ad
414 1052 529 1079 salutem
545 1053 724 1087 propendere,
741 1060 838 1088 cogere
850 1061 898 1080 eos
911 1060 1012 1087 possu-

224 1103 297 1127 mus,
312 1095 376 1130 quia
391 1101 493 1124 tantam
515 1105 588 1125 nunc
600 1106 654 1125 non
671 1098 803 1126 habemus
829 1098 855 1125 in
870 1099 944 1133 ipsos
959 1106 1009 1133 po-

226 1144 368 1174 testatem,
390 1149 479 1176 neque
505 1142 555 1177 ipsi
581 1151 596 1170 a
623 1143 720 1177 seipsis
745 1151 856 1178 pravam
880 1143 1012 1171 daemonis

225 1185 432 1220 inspirationem
460 1194 575 1222 possunt
603 1188 754 1223 intelligere
770 1196 776 1213 :
794 1188 920 1215 nesciunt
938 1188 1011 1216 enim

225 1232 298 1259 unde
312 1232 365 1259 sibi
378 1233 511 1260 malorum
536 1238 716 1268 suggerantur
731 1234 920 1266 cogitationes.
943 1233 1012 1261 Sunt

225 1282 316 1304 autem
329 1278 378 1311 illi,
399 1286 469 1312 quos
481 1279 618 1306 dmmones
629 1287 683 1314 qua
698 1279 796 1306 volunt
810 1279 897 1306 forma
926 1287 1011 1314 appa-

226 1327 330 1355 rentes,
348 1327 461 1350 terrent.
499 1324 637 1351 Interdum
660 1331 725 1351 vero
753 1324 863 1359 aegrotis
891 1324 1012 1352 remedia

225 1368 419 1402 praescribunt.
439 1368 529 1402 Atque
543 1369 579 1395 ita
608 1369 642 1395 ab
658 1369 702 1400 iis,
718 1377 788 1404 quos
806 1370 881 1404 prius
902 1370 1020 1404 decepe—

225 1418 300 1447 runt,
321 1413 434 1440 deorum
457 1414 587 1441 honorem
618 1419 767 1449 reportant.
797 1415 832 1442 Et
858 1415 931 1450 quod
955 1415 1011 1443 da:-

226 1466 323 1486 mones
340 1459 414 1492 sint,
438 1459 538 1487 multos
564 1461 645 1493 latet,
671 1468 726 1488 non
755 1465 846 1488 tamen
871 1469 922 1488 nos
937 1483 944 1495 ,
963 1461 1011 1496 qui

225 1512 321 1532 eorum
353 1505 456 1532 scimus
472 1506 642 1540 mysterium,
660 1513 743 1540 quam
766 1506 800 1534 ob
825 1514 938 1534 causam
955 1507 1012 1534 haec

226 1549 338 1582 faciant,
355 1550 421 1577 utin
437 1551 585 1578 somniisse
597 1551 791 1579 transforment
803 1552 935 1580 adversus
949 1553 1010 1580 illos
1022 1563 1046 1594 α

225 1597 272 1631 qui
299 1596 326 1622 in
345 1603 440 1623 e0rum
473 1601 537 1623 sunt
573 1602 715 1632 potestate,
743 1603 770 1625 et
807 1599 875 1626 alios
901 1599 1009 1633 quidem

225 1646 357 1674 terreant,
386 1643 454 1670 alios
473 1650 537 1670 vero
558 1649 689 1670 moneant
717 1645 838 1672 oraculis
859 1649 885 1671 et
899 1649 1013 1679 poscant

226 1687 371 1720 sacriﬁcia,
392 1696 424 1715 ac
447 1696 538 1715 secum
551 1689 623 1716 vesci
638 1689 763 1724 jubeant,
777 1697 831 1724 quo
844 1690 952 1717 illorutn
965 1691 1012 1718 de-

227 1734 342 1769 glutiant
356 1734 473 1762 animas.

261 1781 334 1808 XVJ
346 1781 580 1814 Quemadmodum
611 1782 684 1809 enim
711 1781 772 1808 tetri
797 1787 937 1817 serpentes
961 1790 1012 1810 suo

227 1827 313 1854 halitu
345 1834 471 1861 passeres
497 1827 710 1859 attralulnt,:sic
737 1831 764 1854 et
788 1827 926 1854 daemones
952 1835 1012 1860 eos,

226 1873 272 1908 qui
297 1881 398 1901 mensae
418 1873 528 1900 illorum
555 1873 701 1907 participes
727 1877 802 1905 sunt,
830 1881 877 1907 per
891 1873 968 1900 cibos
983 1878 1011 1901 et

226 1924 307 1954 potus
322 1921 396 1946 cum‘
409 1924 499 1947 mente
516 1927 612 1947 eorum
640 1921 781 1955 temperati
807 1921 840 1948 ad
866 1929 944 1948 suam
957 1925 1014 1948 tra—

227 1965 297 1992 bunt
322 1966 507 1997 voluntatem.
537 1966 770 1994 transicrmantes
800 1975 829 1994 se
859 1966 886 1994 in
909 1966 1014 1994 somnis

227 2010 303 2045 juxta
329 2011 432 2038 formas
461 2011 681 2043 simulacrorum,
700 2015 730 2038 ut
749 2019 870 2039 errorem
887 2016 1013 2047 augeant.

228 2055 295 2083 Nam
320 2057 497 2084 simulacrum
527 2064 614 2091 neque
639 2057 740 2084 animal
767 2062 819 2090 est,
842 2065 930 2092 neque
947 2058 1016 2086 divi~

229 2110 295 2129 num
321 2103 402 2130 habet
428 2102 571 2137 spiritum;
588 2103 635 2137 qui
661 2111 726 2130 vero
751 2104 876 2138 apparuit
896 2104 1014 2138 daemon,

230 2148 321 2182 specie
344 2148 448 2175 abusus
476 2152 528 2175 est.
562 2147 634 2180 Quot
660 2148 786 2176 similiter
813 2149 938 2176 homines
967 2158 1016 2185 per

230 2194 367 2222 somnium
392 2193 427 2220 ab
452 2193 513 2220 aliis
532 2194 583 2220 visi
599 2198 664 2221 sunt
697 2198 723 2220 et
753 2194 823 2221 inter
845 2195 1014 2229 vigilandum

230 2239 304 2266 obvii
327 2237 412 2271 facti,
440 2237 566 2272 factaque
600 2238 806 2272 comparatione
834 2247 896 2265 cum
926 2240 1015 2267 somni

229 2284 302 2318 viso,
324 2291 379 2310 non
400 2285 627 2310 eonsonuerunt?
642 2283 717 2311 Adeo
741 2285 948 2312 utinsomnium
964 2286 1016 2313 hoe

229 2330 285 2365 jam
309 2337 362 2356 non
385 2329 422 2356 sit
447 2329 593 2364 apparitio,
612 2330 658 2357 sed
683 2330 806 2357 accessio
822 2330 865 2357 vel
879 2330 1014 2358 datmonis

231 2375 273 2403 vel
291 2377 389 2402 animat
403 2381 429 2408 ιι,
463 2382 524 2409 quae
548 2383 581 2402 ex
604 2376 784 2410 praesentibus
811 2380 839 2403 et
868 2376 1015 2410 cupiditate

1066 270 1150 306 ὀργῆς
1160 271 1425 308 προφάσει,ἔρωτος,
1437 273 1452 308 ἢ
1464 273 1544 300 ἄλλου
1560 273 1644 306 τινὸς,
1657 274 1719 308 ἦτοι
1733 274 1756 290 ³⁸
1767 274 1851 308 ξίφει,

1065 315 1083 351 ἢ
1099 316 1198 352 βρόχῳ,
1223 318 1239 353 ἢ
1256 319 1380 354 κρημνῷ,
1395 319 1412 354 ἦ
1439 319 1524 354 ἑτέρῳ
1550 319 1604 345 τινὶ
1622 319 1652 345 τὸ
1668 319 1747 354 σῶμα
1760 320 1853 354 αἰφνι-

1063 360 1127 392 δίως
1138 361 1333 398 ἐνυϐρίζουσιν,
1342 364 1389 390 καὶ
1401 364 1440 395 εἰς
1454 363 1528 395 τέλος
1539 363 1773 400 κολασθησομένας
1783 364 1852 391 καθ-

1064 405 1196 432 εστῶσι⁸¹
1231 406 1284 433 τῶν
1318 407 1545 444 ὰναθιεκραμένων
1564 408 1613 439 τὰς
1636 408 1815 444 ἡπατημένας
1828 409 1861 428 ’¹‹

1063 451 1155 482 αὐτοῖς
1169 451 1266 487 ψυχὰς,
1285 453 1323 484 ὡς
1345 453 1459 489 ἔφαμεν,
1489 455 1528 486 εἰς
1543 454 1573 480 τὸ
1589 454 1735 489 καθάρσιον
1758 456 1854 490 χωρή-

1064 505 1159 529 σαντες
1187 497 1251 533 πῦρ.
1286 499 1376 526 Ἄλλοι
1404 500 1432 526 δὲ
1463 500 1549 531 ἄλλως
1580 500 1781 536 ἐνεδρευόμενοι
1816 502 1851 528 οὐ

1063 543 1205 578 προσίασιν
1222 544 1297 579 ἡμῖν,
1319 546 1379 576 ταῖς
1398 545 1451 572 τῶν
1467 545 1628 581 κακούργων
1650 545 1784 580 δαιμόνων
1802 547 1848 573 ὲν-

1063 588 1212 625 θυμήσεσιν
1222 590 1407 626 ἀπατώμενοι,
1419 591 1457 622 ὡς
1473 591 1526 618 ὑπὸ
1543 591 1591 626 μὲν
1607 590 1661 617 τῶν
1677 590 1745 618 θεῶν
1757 591 1852 618 αὐτῶν

1061 633 1151 660 ταῦτα
1179 635 1329 669 πάσχοντες
1357 635 1402 661 διὰ
1417 636 1467 670 τὴν
1490 635 1559 671 πρὸς
1590 636 1689 667 αὐτοὺς
1705 635 1850 670 ἀμέλειαν,

1062 679 1168 712 θυσίαις
1178 679 1206 706 δέ
1220 680 1318 712 αὐτοὺς
1332 680 1501 707 διαλλάσσειν
1512 681 1667 716 δυνάμενοι,
1684 682 1731 708 καὶ
1747 682 1787 708 ὃτι
1810 682 1851 718 μὴ

1062 724 1114 760 χρὴ
1131 725 1229 756 αὐτοὺς
1246 725 1311 760 ἡμῖν
1327 725 1477 761 προσιέναι,
1492 725 1560 752 ἀλλὰ
1573 726 1724 753 τούναντίον
1736 727 1851 762 φεύγειν

1058 768 1106 795 καὶ
1129 769 1229 804 μισεῖν.
1244 768 1299 795 Καὶ
1320 769 1394 805 ὑμῶς
1406 769 1429 785 ⁸³
1444 768 1554 804 μισοῦσι
1569 770 1616 797 καὶ
1638 770 1768 806 φεύγουσι
1782 772 1849 804 τοὺς

1059 814 1159 850 μᾶλλον
1175 813 1316 847 ἐλεοῦντας
1334 814 1358 831 ⁸⁵
1371 815 1420 843 καὶ
1441 815 1486 843 ἐπ’
1505 815 1650 853 εὐεργεσίᾳ
1671 817 1770 850 αὐτοὺς
1785 818 1851 845 διώ-

1059 867 1166 892 κοντας.

1098 913 1168 942 XIV.
1184 915 1336 947 Μισοῦντας
1351 912 1397 942 οὖν
1413 915 1459 942 καὶ
1476 915 1620 950 φεύγοντες
1633 916 1706 951 ἡμᾶς
1725 914 1852 950 ἐνεδρεύ-

1062 969 1148 992 ονται,
1161 961 1212 988 οὐκ
1226 961 1325 992 ειδότες
1342 961 1422 988 πόθεν
1436 961 1526 992 αὐτοῖς
1539 960 1574 988 τὰ
1591 961 1697 987 ἐναντία
1710 962 1743 996 τῇ
1759 961 1851 987 αὐτῶν

1063 1006 1185 1042 σωτηρίᾳ
1210 1008 1316 1042 φρονεῖν
1331 1007 1445 1041 γίνεται·
1471 1005 1532 1033 οὔτε
1562 1005 1616 1042 γὰρ
1643 1007 1723 1042 ἡμεῖς
1751 1007 1852 1038 αὐτοὺς

1064 1051 1101 1086 μὴ
1128 1051 1305 1087 βουλομένους
1325 1052 1393 1087 πρὸς
1423 1051 1558 1087 σωτηρίαν
1580 1051 1674 1078 νεῦσαι
1704 1051 1852 1086 βιάσασθαι

1062 1096 1209 1132 δυνάμεθα,
1225 1097 1285 1124 ἐπεὶ
1304 1097 1340 1132 μὴ
1351 1097 1485 1132 τοσαύτην
1505 1096 1552 1123 νῦν
1568 1098 1627 1123 κατ’
1644 1096 1734 1123 αὐτῶν
1751 1096 1852 1132 ἔχομεν

1062 1141 1195 1175 ἐξουσίαν,
1212 1142 1273 1169 οὔτε
1289 1143 1366 1169 αὐτοὶ
1386 1143 1432 1177 ἀφ’
1444 1142 1547 1169 ἑαυτῶν
1560 1143 1610 1177 τὴν
1623 1142 1711 1178 κακὴν
1726 1142 1773 1168 τοῦ
1792 1142 1852 1168 δαί-

1063 1197 1144 1223 μονος
1162 1188 1308 1224 ἐνθύμησιν
1323 1188 1417 1222 νοῆσαι
1427 1187 1564 1219 δύνανται,
1575 1187 1605 1214 οὐ
1620 1187 1674 1223 γὰρ
1690 1187 1779 1214 ἴσασιν
1789 1188 1852 1214 ὅθεν

1062 1234 1152 1266 αὐτοῖς
1170 1234 1251 1269 206
1261 1234 1289 1260 ai
1301 1233 1356 1260 τῶν
1364 1233 1455 1260 κακῶν
1468 1233 1628 1269 ἐνθυμήσεις
1643 1233 1851 1261 ὑποὸάλλονται.

1062 1280 1137 1306 Εἰσὶν
1151 1279 1179 1305 δέ
1195 1279 1251 1314 (24)
1266 1275 1350 1310 οὗτοι,
1362 1278 1409 1307 οὓς
1424 1279 1449 1304 οἱ
1477 1277 1601 1313 δαίμονες
1620 1277 1680 1304 καθ’
1695 1277 1727 1309 ἃς
1742 1278 1853 1313 βούλον-

1061 1333 1106 1351 ται
1133 1324 1239 1360 μορῳὰς
1268 1323 1475 1357 ἐπιφαινόμενοι
1495 1321 1633 1357 φοϐοῦσιν.
1654 1322 1730 1349 Ἔσϐ⁷
1751 1323 1795 1349 ὅτε
1821 1323 1852 1349 δὲ

1062 1371 1110 1397 καὶ
1124 1372 1180 1402 τοῖς
1197 1369 1304 1396 νοσοῦσι
1320 1368 1468 1405 θεραπείας
1485 1368 1689 1399 συντάσσουσιν,
1705 1368 1752 1394 καὶ
1763 1367 1852 1400 οὓτως

1062 1417 1118 1447 τοῖς
1130 1413 1370 1450 προηπατημένοις
1387 1413 1457 1440 θεῶν
1473 1413 1551 1446 δόξαν
1576 1413 1767 1448 ἀποφέρονται.
1795 1414 1852 1439 Καὶ

1061 1462 1124 1492 τοὺς
1135 1460 1290 1495 δαίμονας⁸⁵
1304 1457 1375 1485 εἶναι
1394 1458 1456 1490 τοὺς
1467 1458 1578 1490 πολλοὺς
1589 1458 1772 1489 λανθάνουσιν,
1782 1458 1854 1485 ἀλλὰ

1062 1508 1110 1542 οὐχ
1116 1508 1132 1542 ἡ
1138 1507 1190 1541 μᾶς
1197 1506 1259 1537 τοὺς
1267 1505 1369 1536 εἰδότας
1379 1504 1467 1532 αὐτῶν
1475 1504 1505 1530 τὸ
1517 1504 1755 1539 μυστήριον,¹τίνος
1768 1503 1854 1531 ἕνεκα

1062 1551 1172 1578 τοιαῦτα
1193 1551 1370 1586 πράττουσιν,
1393 1549 1503 1580 ἑαυτοὺς
1527 1549 1585 1576 κατ’
1605 1548 1669 1583 ὅναρ
1679 1545 1786 1575 καθ’ὦν
1800 1548 1852 1583 τὴν

1062 1597 1184 1631 ἐξουσίαν
1198 1597 1288 1632 ἔχουσι
1298 1594 1647 1632 μεταμορφοῦντες,κα”ιοῦς
1657 1594 1705 1628 μὲν
1713 1593 1854 1628 φοϐοῦσιν,

1062 1641 1102 1676 οἷς
1115 1643 1143 1670 δὲ
1160 1641 1359 1678 χρηματίζουσι
1381 1642 1428 1668 καὶ
1445 1641 1538 1672 θυσίας
1555 1639 1699 1666 ἀπαιτοῦσι
1726 1640 1772 1665 καὶ
1789 1648 1854 1665 συν-

1063 1688 1203 1715 εστιᾶσθαι
1233 1687 1388 1716 κελεύουσιν
1400 1707 1407 1719 ,
1436 1687 1479 1713 ἵνα
1495 1685 1584 1712 αὐτῶν
1603 1684 1652 1716 τὰς
1667 1684 1756 1720 ψυχὰς
1783 1693 1853 1720 συμ-

1063 1736 1177 1763 πίνωσιν
1192 1736 1226 1763 ⁸⁸.

1097 1781 1155 1809 XV.
1179 1782 1222 1813 Ὡς
1237 1781 1292 1816 γὰρ
1305 1782 1329 1806 οἱ
1346 1780 1427 1807 δεινοὶ
1445 1780 1522 1814 ὄφεις
1537 1781 1593 1811 τοῖς
1608 1779 1698 1806 αὐτῶν
1711 1779 1854 1814 πνεύμασι

1063 1829 1126 1859 τοὺς
1158 1827 1303 1863 στρούθους
1331 1826 1511 1858 ἐπισπῶνται,
1530 1826 1600 1852 οὕτω
1616 1825 1662 1852 καὶ
1688 1825 1764 1851 αὐτοὶ
1787 1825 1853 1856 τοὺς

1064 1871 1321 1907 μεταλαμϐάνοντας
1339 1872 1389 1907 τῆς
1410 1872 1500 1900 αὐτῶν
1522 1872 1672 1908 τραπέζης,
1687 1872 1732 1899 διά
1749 1880 1781 1906 γε
1797 1871 1855 1898 τῶν

1061 1916 1173 1952 βρωτῶν
1189 1918 1237 1944 καὶ
1253 1917 1343 1944 ποτῶν
1364 1917 1564 1954 ἀνακραθέντες
1584 1918 1672 1944 αὐτῶν
1690 1917 1729 1952 τῷ
1744 1916 1798 1949 νῷ,
1813 1918 1855 1948 είς

1059 1963 1090 1989 τὸ
1104 1962 1168 1989 ἴδιον
1180 1962 1270 1989 αὐτῶν
1281 1963 1302 1979 ⁸⁷
1317 1963 1486 1990 ἐπισπῶνται
1498 1962 1632 1998 βούλημα,
1647 1962 1855 1997 μεταμορφοῦν-

1059 2016 1104 2041 τες
1117 2009 1230 2040 ἑαυτοὺς
1244 2010 1304 2036 κατ’
1318 2009 1385 2046 ὄναρ
1396 2009 1466 2037 κατὰ
1479 2008 1529 2041 τὰς
1540 2008 1595 2036 τῶν
1609 2008 1710 2041 ξοάνων
1730 2007 1802 2039 ἰδέας
1817 2009 1841 2023 ³⁵

1066 2057 1110 2083 ἴνα
1125 2056 1175 2092 τὴν
1199 2055 1303 2090 πλάνην
1324 2054 1488 2089 αὐξήσωσιν.
1522 2053 1559 2079 Τδ
1584 2052 1639 2088 γὰρ
1670 2052 1764 2084 ξόανον
1791 2051 1856 2078 οὗτε

1066 2101 1134 2134 ζῶόν
1161 2102 1246 2133 ἐστιν⁷
1277 2099 1341 2126 οὔτε
1373 2099 1443 2125 θεῖον
1466 2098 1523 2134 ἔχει
1543 2097 1662 2133 πνεῦμα,
1688 2098 1702 2123 ὁ
1718 2097 1746 2123 δὲ
1760 2097 1858 2131 ὀφθεὶς

1065 2147 1167 2182 δαίμων
1191 2148 1225 2182 τῇ
1252 2146 1341 2181 μορφῇ
1366 2145 1551 2180 ἀπεχρήσατο.
1570 2144 1650 2170 Πόσοι
1662 2143 1684 2159 θ’
1701 2143 1760 2169 κατ’
1788 2142 1857 2176 ὖναρ

1066 2193 1164 2229 ὁμοίως
1192 2193 1280 2224 ἄλλοις
1295 2191 1435 2226 ὤφθησαν,
1452 2191 1498 2217 καὶ
1515 2190 1589 2224 ὕπαρ
1612 2188 1856 2224 συναντήσαντες’⁹

1031 2229 1055 2258 D
1069 2239 1193 2274 ἀλλήλοις
1210 2238 1278 2274 πρὸς
1301 2237 1402 2264 τὸκατ’
1419 2237 1485 2272 ὄναρ
1516 2235 1718 2266 ἀντιϐάλλοντες
1742 2234 1773 2260 οὐ
1791 2242 1856 2260 συν-

1069 2285 1212 2321 εφώνησαν
1222 2293 1228 2317 ;
1238 2284 1308 2311 ὥστε
1324 2284 1373 2310 οὐκ
1389 2282 1514 2318 ἑτι207
1522 2282 1588 2316 ὄναρ
1603 2281 1774 2315 ἐπιφάνεια⁹¹
1784 2281 1856 2306 ἐκεῖ-

1069 2333 1099 2358 νό
1112 2332 1196 2362 ἐστιν,
1213 2330 1269 2356 ἀλλ’
1286 2329 1303 2364 ἢ
1320 2327 1445 2363 δαίμονός
1469 2328 1543 2353 ἐστιν
1559 2327 1575 2361 ἢ
1593 2326 1683 2361 ψυχῆς
1695 2325 1729 2352 τὰ
1745 2326 1768 2341 ⁹²
1792 2326 1856 2351 ἐπι-

1069 2378 1228 2412 γεννήματα
1242 2376 1301 2406 τοῖς
1317 2373 1446 2409 παριοῦσι
1463 2372 1554 2406 φόῆοις
1578 2371 1626 2398 καὶ
1641 2370 1773 2406 ἐπιθυμίᾳ
1788 2370 1857 2396 ἀπο-

268 2438 281 2453 ·
292 2431 492 2468 Congruentius
507 2431 600 2459 Grzeeo
613 2436 764 2460 verteretur
780 2441 786 2458 :
805 2440 863 2467 τμιιιι
878 2433 988 2458 instanti
1001 2433 1090 2459 timori
1106 2433 1144 2460 vel
1162 2430 1303 2466 cupiditati
1320 2430 1420 2464 formas
1434 2428 1568 2456 attribuit.
1584 2427 1664 2454 EDIT.
1679 2426 1800 2454 ΡΑτιιοι.

887 2477 1004 2505 VARle
1024 2477 1223 2506 LEGTIONES.

269 2525 292 2560 ‘7'
304 2525 321 2560 ἦ
332 2532 362 2551 τε
377 2524 398 2552 C
414 2545 421 2557 ,
439 2525 487 2560 ἦτε
500 2524 528 2552 S.
564 2525 586 2542 ⁸⁸
597 2525 760 2552 καθεστᾶσιν
782 2524 803 2551 C
824 2523 1007 2560 ,καθιστᾶσιν
1019 2523 1048 2551 S.
1087 2524 1307 2560 ⁸’λίγιτιιζτημένους
1318 2523 1348 2550 0.
1367 2558 1371 2560 _
1387 2520 1456 2560 "lla
1472 2519 1491 2547 S
1505 2519 1573 2560 1qui.
1588 2518 1674 2550 οὕτως
1685 2518 1859 2560 εοῐιὶιηδμειὶυς

233 2559 302 2591 (1,0.
315 2552 321 2560 ”
343 2560 367 2575 ⁸⁸
377 2552 508 2592 existim;
520 2560 552 2588 C.
580 2560 602 2576 ³¹
615 2561 677 2591 τοὺς
690 2552 889 2594 δαίμοναςίίειίί
901 2567 932 2585 ex
942 2559 1068 2594 eonjeet.,
1077 2552 1258 2594 τοῦδαίμῖἶνος
1327 2558 1374 2592 qui
1386 2555 1518 2594 9091.ᾼωῦ
1529 2552 1710 2594 ξέιῐιξργας,ηιιι
1721 2559 1762 2594 ei!
1773 2554 1800 2594 ξπ
1812 2552 1856 2594 (ζ,

233 2587 264 2622 τδ
274 2595 399 2633 δαίμονες
471 2587 750 2633 θ⁶συμπίνωσιν’-5,ΙΟ
765 2614 774 2627 ,
789 2587 967 2633 σῦμπίνουςὲν
986 2587 1022 2633 (ξε
1038 2587 1076 2633 -⁸’⁷
1091 2594 1124 2633 _6t'
1138 2587 1267 2633 αὐτῶνηῤ.
1283 2587 1349 2633 ἴδιον
1363 2587 1490 2633 aii-.990.
1528 2590 1551 2605 ⁸⁸
1565 2587 1652 2633 εἶδέας
1665 2588 1758 2633 βηγξξ

280 2621 398 2665 conject:
409 2621 435 2657 in
449 2621 644 2663 ntarg.',1:660t;
660 2621 746 2656 id.'in
767 2621 844 2665 textu
854 2648 869 2665 ._
883 2633 914 2665 ut
1000 2629 1023 2644 °°
1038 2628 1076 2665 ita
1091 2629 1117 2665 in
1130 2637 1215 2661 marg.
1227 2621 1248 2655 (ί
1265 2648 1272 2660 ,
1286 2628 1333 2662 qui
1344 2627 1370 2653 in
1381 2630 1455 2665 textu
1469 2625 1763 2665 ὑπερσυναντίπσαντες,
1778 2628 1808 2650 ut
1823 2621 1855 2649 0.

235 2667 255 2682 "
268 2661 410 2701 ἐπιφανείη
430 2666 460 2693 0.
492 2661 556 2692 "ad
566 2665 663 2693 melius
677 2665 795 2692 abesset.
810 2663 839 2690 S.
854 2663 1081 2701 ῡοίηᾴςπαροῦσι
1093 2661 1316 2701 ρᾼεκῆοοηίεοιξ,
1333 2661 1419 2697 παρία
1431 2661 1458 2687 in
1471 2664 1554 2687 textu.

896 2698 1079 2726 VARIORUM
1093 2698 1207 2725 ΝΟΤίΕ.

273 2746 330 2780 (ει)
347 2745 499 2774 Cotelerius
520 2746 546 2773 in
566 2746 691 2774 versione
709 2745 884 2772 vehementer
892 2744 1016 2780 ﬁlabitnr.

236 2779 371 2809 Caeterum
384 2781 477 2808 Graeca
496 2789 605 2816 quoque
619 2781 690 2816 haud
705 2788 770 2816 sana
787 2784 861 2816 sunt.
890 2779 1017 2816 Fortasse

237 2816 319 2842 verba
332 2816 400 2843 εἰσὶν
416 2816 444 2842 δέ
459 2814 588 2844 mutanda
600 2820 664 2844 sunt
679 2815 706 2842 in
719 2814 813 2847 ἄλλους
824 2815 852 2841 δέ
867 2815 911 2842 cui
925 2822 1017 2841 emen-

236 2851 342 2878 dationi
360 2851 439 2878 tidem
452 2850 517 2878 facit
529 2851 742 2886 Recogmtiomtm
757 2850 922 2884 librr,enjus
936 2857 1015 2884 para-

239 2886 346 2921 phrasis
361 2885 417 2913 haec
440 2886 570 2914 est:Aliis
592 2885 671 2913 etiam
697 2887 825 2914 dtrmones
851 2886 948 2913 inrisu
973 2893 1018 2920 per

1074 2745 1191 2772 diversas
1211 2745 1338 2779 imagines
1357 2746 1512 2779 apparentes
1546 2740 1678 2779 interdum
1701 2738 1789 2779 minus
1802 2738 1857 2779 ju-

1072 2781 1181 2807 tendunt
1195 2801 1202 2812 ,
1219 2772 1351 2807 ἰηιὲνάιιηι
1374 2772 1523 2813 ’δρηίιαιοσρ
1541 2775 1700 2810 pollicentur
1719 2774 1769 2813 (ιν,
1789 2772 1856 2813 λθ).

1071 2815 1127 2842 Cir.
1151 2808 1222 2842 inira
1234 2823 1258 2842 c.
1286 2814 1330 2840 14.
1361 2813 1390 2840 S.
1407 2812 1473 2839 Post
1496 2808 1568 2838 οὗτοι
1580 2814 1716 2838 commate
1731 2808 1858 2841 distinzi,

1073 2850 1264 2892 assuntpsique
1277 2848 1323 2880 οὓς
1334 2856 1365 2876 ex
1380 2847 1413 2876 Ο.
1434 2846 1564 2874 DussstzL.
