1932 3100
77 174 125 203 ‘53

610 173 839 202 CLEMENTINA.
859 188 894 195 -
911 172 1052 200 HOMILIA
1070 171 1116 200 I.\'.

1647 174 1699 202 254

76 230 198 269 διδούσης
212 241 263 266 τας
277 233 354 267 ιδίας
368 235 405 262 ’³.
432 236 449 271 ἡ
467 234 522 271 γὰρ
536 254 544 266 ,
562 234 636 270 φόϐῳ
652 235 697 261 τὸν
714 234 777 261 νοῦν
797 233 865 268 πλη-

919 232 1020 260 formas
1047 239 1094 259 seu
1129 231 1204 259 ideas
1241 231 1369 266 exprimit
1393 240 1400 257 :
1425 231 1470 258 illa
1497 232 1569 259 enim
1603 232 1700 259 timore

77 281 164 314 γεῖσα,
192 279 227 306 δι’
242 280 266 296 ⁸⁸
293 280 411 316 ὀνείρων
439 280 489 312 τὰς
513 280 585 312 ἰδέας
597 279 771 306 ἀποκυΐσκει.
786 279 818 305 Εἰ
837 278 865 304 δὲ

75 325 110 352 τὰ
125 325 209 357 ξόανα
223 325 310 352 οἴεσθε
324 325 365 357 ὡς
381 325 487 362 ἔμπνοα
515 325 671 361 ὑπάρχοντα
692 324 727 351 τὰ
754 323 866 351 τοιαῦτα

74 371 197 407 ἐνεργεῖν
227 370 373 402 δύνασθαι,
395 371 442 398 ἐπὶ
464 370 547 406 ζυγοῦ
571 371 768 406 ἐπιστήσαντες
786 369 865 400 αὐτὰ,

75 416 134 443 ῐσου
149 416 228 448 ὄντος
240 416 287 443 τοῦ
298 416 420 448 κανόνος.
431 417 462 443 τὺ
477 416 638 452 ἀντίρροπον
648 416 694 442 ἐπὶ
709 415 758 450 τῆς
771 415 867 450 ἑτέρας

75 462 246 497 πλάστιγγος
266 462 359 494 θέντες
370 482 378 495 ,
395 462 530 495 ἀξιώσατε
553 461 624 488 αὐτὰ
639 461 656 497 ἢ
673 461 805 497 ὀλκότερα
821 469 867 495 γε-

74 508 170 536 νέσθαι
187 509 205 544 ἢ
221 509 383 544 κουφότερα,
400 509 447 535 καὶ
463 507 549 539 οὕτως
565 507 612 534 ὲὰν
623 507 746 543 γένηται,
761 505 868 542 ἔμπνοά

72 555 161 582 ἑστιν,-
183 555 242 582 ἀλλ¹
256 555 287 581 οὐ
295 554 408 589 γίνεται·
426 554 451 580 ει
469 553 497 580 δὲ
512 553 602 585 ἔσται,
615 552 691 579 οὔπω
708 552 739 579 τὸ
762 551 867 578 τοιοῦτο

72 599 136 632 θέός
152 601 239 627 ἐστιν.
256 600 311 627 Καὶ
321 599 375 635 γὰρ
386 599 509 635 δακτύλῳ
518 599 644 634 δαίμονος
652 597 731 625 τοῦτο
741 597 867 632 γενέσθαι

71 646 200 673 δύναται.
208 645 263 672 Καὶ
271 645 409 681 σκώληκες
416 645 564 676 κινοῦνται,
580 643 626 670 καὶ
633 643 688 670 θεοὶ
693 643 724 669 οὐ
730 643 864 677 λέγονται.

117 691 192 719 XVI.
213 692 275 718 ὀτι
290 691 319 718 δὲ
333 691 402 727 πρὸς
417 690 467 723 τὰς
484 689 633 726 προλήψεις
647 689 666 724 ἡ
683 688 798 716 ἑκάστου
817 687 867 723 ψυ-

71 736 109 772 χὴ
122 735 198 767 ἰδέας
208 736 233 752 ⁹³
247 735 383 771 δαιμόνων
400 734 577 767 ἀπεικονιζει,
593 734 640 760 καὶ
651 734 701 768 οὐχ
711 733 736 760 οι
748 732 863 768 λεγόμε-

71 789 114 808 νοι
133 780 192 807 θεοὶ
209 780 408 815 ἐπιφαίνονται,
424 780 510 815 σαφές
525 780 600 806 ἐστιν
619 780 652 806 ὲκ
665 778 713 806 τοῦ
729 779 866 810 Ἰουδαίοις

72 827 110 862 μὴ
128 826 334 861 ἐπιφαίνεσθαι.
359 825 429 852 Ἀλλ’
455 826 514 861 ἐρεῖ
528 833 571 857 τις
583 833 591 840 ⁸
610 824 674 856 Πῶς
689 822 736 853 οὖν
755 833 865 860 χρημα-

69 872 179 904 τίζουσι
206 871 242 898 τὰ
271 872 404 907 μέλλοντα
435 871 686 907 προσημαίνοντες;
712 870 761 898 καὶ
787 870 866 897 τοῦτο

69 901 171 952 ψεξδός
186 901 278 945 ἐστιν..
289 917 410 944 Δεδόσθω
424 901 595 953 δὲῑάλήθειαν
605 917 629 933 ’⁸
640 901 721 950 είναι,
737 916 814 943 οὔπω
837 916 868 943 τὸ
882 901 904 928 Β

69 963 178 990 τοιοῦτο
192 963 255 996 θεός
271 964 355 990 ἐστιν·
371 963 403 990 οὐ
415 962 469 998 γὰρ
482 962 509 989 εῐ
521 971 549 989 τι
565 963 587 978 ⁸⁷
609 961 780 998 μαντεύεται,
805 961 867 993 θεός

70 1010 160 1036 ἐστιν·
178 1010 224 1036 ὅτι
239 1010 288 1036 καὶ
304 1008 428 1040 πύθωνες
451 1008 640 1044 μαντεύονται,
657 1007 715 1035 ἀλλ’
732 1008 776 1042 ὑφ*
788 1007 867 1043 ἡμῶν

70 1045 108 1086 ὧς
123 1054 254 1090 δαίμονες
267 1054 456 1090 ὲκριζούμενοι
478 1053 684 1088 φυγαδεύονται.
722 1052 792 1079 Ἀλλ’
810 1053 868 1087 ὲρετ

68 1108 112 1132 τις
122 1109 129 1116 ·
149 1101 250 1132 Ἐνίοις
261 1099 408 1136 θεραπείας
419 1099 645 1136 προστάσσουσιν.
662 1098 767 1130 Ψεῦδος
776 1099 864 1124 εστιν⁸

69 1147 188 1173 δεδόσθω
200 1146 230 1173 δὲ
247 1146 335 1178 οὓτως
349 1145 431 1181 ἔχειν,
446 1145 522 1172 οὔπω
537 1145 568 1172 τὸ
581 1141 686 1172 τοιοῦτο
699 1144 760 1176 θεός
776 1145 864 1170 ἐστιν·

70 1192 116 1218 καὶ
146 1191 204 1227 γὰρ
231 1191 320 1226 ἰατροὶ
335 1190 429 1217 ἰῶνται
445 1190 568 1222 πολλοὺς,
586 1190 634 1216 καὶ
649 1190 706 1216 θεοὶ
721 1190 772 1216 οὐκ
786 1189 864 1215 εἰσιν.

77 1236 161 1263 Ἀλλά
190 1245 293 1272 φησιν·
326 1236 413 1272 ἰατροὶ
433 1236 464 1262 οὺ
481 1235 590 1267 πάντως
620 1235 712 1263 ἰῶνται
735 1235 865 1267 ἐκείνους,

71 1279 109 1308 ὦν
125 1281 178 1316 τὴν
196 1281 325 1316 πρόνοιαν
346 1280 500 1312 ποιοῦνται,
523 1277 597 1307 οὗτοι
611 1279 641 1306 δὲ
657 1280 705 1307 καὶ
731 1279 867 1316 χρηματι-

71 1335 170 1358 σαντες
184 1326 269 1362 208
282 1326 384 1354 ἰῶνται.
409 1325 476 1352 Ἀλλ’
489 1326 578 1353 ἴσασιν
593 1326 617 1352 οἱ
627 1325 753 1361 δαίμονες
768 1325 803 1352 τὰ
823 1326 867 1352 ὀνο

72 1380 125 1404 τως
148 1372 218 1408 πρὸς
232 1372 349 1399 ἕκαστον
377 1371 463 1404 πάθος
479 1371 716 1408 προσοικειωμένα
728 1371 751 1387 ’⁸
767 1371 864 1407 βοηθή-

74 1425 156 1454 ματα·
174 1417 217 1444 διὸ
234 1418 322 1453 ἰατροὶ
341 1417 522 1454 ἐπιστήμονες
536 1417 628 1444 ἰᾶσθαι
646 1417 800 1452 δυνάμενοι,
819 1418 867 1443 καὶ

72 1462 159 1489 ταῦτα
175 1463 211 1489 τὰ
227 1463 250 1479 ⁹¹
266 1463 318 1490 ὑπὸ
331 1462 482 1499 ἀνθρώπων
508 1463 613 1499 [σθῆναι
629 1463 776 1498 δυνάμενα,
798 1462 867 1489 ἀλλὰ

74 1509 119 1535 καὶ
137 1507 258 1543 μαντικὰ
273 1509 338 1536 ὄντα
358 1509 406 1535 καὶ
426 1508 514 1535 εἰδότα
530 1508 595 1535 πότε
611 1507 726 1535 ἕκαστον
740 1508 769 1542 ἐξ
785 1508 866 1535 αύτο-

916 284 1034 307 mentem
1055 277 1176 313 perculsa
1198 285 1246 313 per
1261 277 1379 313 quietem
1405 278 1480 305 ideas
1504 278 1585 312 parit.
1609 279 1637 306 Si
1651 287 1701 307 au-

917 331 972 354 tem
999 325 1162 353 existimatis
1176 329 1291 357 statuas,
1305 329 1398 359 utpote
1414 325 1490 352 vivas
1510 331 1537 352 et
1552 325 1699 359 spirantes,

917 373 970 400 ista
984 378 1066 406 posse
1093 369 1208 403 efﬁcere,
1235 370 1263 397 in
1277 370 1411 405 :equilibri
1438 375 1540 398 statera
1566 371 1698 405 imponite

916 426 963 446 eas
987 422 1015 444 et
1038 417 1065 444 in
1082 417 1165 444 altera
1181 417 1258 444 lance
1273 424 1322 451 par
1344 417 1451 451 pondus
1465 417 1607 449 eollocate,
1624 421 1701 443 tune-

916 472 970 500 que
990 468 1083 498 rogate
1107 463 1168 491 illas
1193 467 1223 490 ut
1247 467 1294 490 aut
1313 463 1452 497 graviores
1478 462 1543 489 ﬁant
1556 467 1603 489 aut
1615 463 1700 489 levio-

917 517 973 543 res,
1001 513 1084 543 atque
1108 508 1131 535 si
1155 508 1193 535 ita
1209 507 1338 540 evenerit,
1354 509 1472 534 vivunt:
1492 508 1539 535 sed
1567 515 1620 534 non
1639 515 1702 535 eve-

916 555 994 582 niet:
1017 554 1090 590 quod
1115 554 1167 581 etsi
1196 553 1283 584 ﬁeret,
1318 553 1440 581 nondum
1468 554 1626 587 hujusmodi
1658 561 1702 582 res

916 605 988 628 esset
1005 607 1117 627 numen.
1140 598 1245 626 Etenim
1267 599 1398 626 daemonis
1415 599 1540 634 digitc'jd
1561 599 1629 626 effici
1650 607 1702 634 po—

918 649 980 673 test.
995 645 1140 672 Etvermes
1157 649 1312 676 moventur,
1334 652 1386 672 nec
1401 650 1491 672 tamen
1509 645 1637 672 dicuntur
1652 645 1702 672 dii.

951 690 1024 718 XVI.
1037 690 1114 723 Quod
1126 694 1216 717 autem
1238 698 1269 718 ex
1287 690 1483 725 anticipatione
1498 691 1589 717 anima
1607 691 1703 718 unius-

917 733 1052 772 cujusque
1065 736 1143 765 ideas
1166 736 1320 764 dazmonum
1335 736 1461 771 efﬁngat,
1484 744 1538 763 non
1563 744 1627 764 vere
1655 737 1703 771 qui

916 782 1044 810 dicuntur
1067 783 1104 810 dii
1132 787 1290 818 appareant,
1311 782 1415 809 clarum
1445 787 1487 809 est
1511 789 1546 809 ex
1568 789 1601 809 eo
1629 781 1701 816 quod

916 835 933 856 a
961 827 1065 856 Judmis
1088 835 1142 855 non
1169 833 1330 855 cernuntur.
1359 827 1411 855 Sed
1437 827 1548 862 objiciet
1581 827 1702 862 aliquis:

917 872 978 907 Quo
993 873 1076 900 modo
1088 873 1170 908 igitur
1181 880 1313 907 responsa
1328 873 1404 904 dant.
1413 872 1504 899 futura
1518 873 1705 907 praenuntian-

918 919 985 947 tes?
1009 918 1043 946 Et
1066 919 1119 946 hoc
1145 917 1244 945 falsum
1271 923 1334 951 est;
1351 918 1398 946 sed
1425 925 1519 945 verum
1551 925 1612 945 esse
1638 925 1705 945 con«

917 964 1040 996 cedatur,
1065 964 1186 991 nondum
1203 964 1230 991 id
1245 964 1316 991 deus
1339 968 1389 992 est.
1415 962 1475 991 Non
1493 963 1579 996 enim,
1601 963 1704 998 siquid

917 1010 1093 1042 vaticinatur,
1108 1010 1176 1037 deus
1189 1015 1241 1038 est.
1257 1009 1326 1038 Nam
1337 1014 1364 1038 et
1375 1009 1512 1046 Pythones
1525 1009 1702 1044 prmsagiunt,

918 1064 1012 1084 verum
1029 1063 1044 1083 a
1063 1055 1154 1088 nobis,
1181 1060 1211 1083 ut
1223 1056 1380 1087 dmmones,
1408 1055 1538 1082 eradicati
1563 1055 1703 1090 fugantur.

917 1101 952 1128 At
974 1101 1046 1129 dicet
1065 1100 1200 1135 quispiam
1219 1110 1225 1127 :
1242 1100 1386 1128 Nonnullis
1405 1100 1527 1127 remedia
1555 1099 1691 1126 tribuunt.

917 1146 1031 1174 Falsum
1064 1150 1125 1178 est;
1153 1145 1200 1174 sed
1227 1146 1264 1173 ita
1290 1146 1390 1173 habere
1415 1145 1600 1177 concedatur,
1630 1152 1702 1171 non-

917 1191 982 1219 dum
998 1192 1026 1219 id
1042 1195 1084 1220 est
1103 1192 1182 1219 deus.
1210 1190 1316 1219 Etenim
1346 1191 1444 1218 medici
1466 1190 1566 1218 mulms
1593 1194 1701 1221 curant,

917 1245 968 1266 nec
993 1237 1032 1264 dii
1055 1242 1130 1265 sunt.
1166 1237 1239 1270 Sed,
1270 1237 1369 1272 inquit,
1394 1236 1493 1264 medici
1523 1243 1577 1263 non
1604 1243 1702 1262 omnes

917 1282 979 1310 illos
994 1287 1104 1316 sanant,
1117 1290 1233 1318 quorum
1257 1290 1352 1310 curam
1373 1282 1538 1316 suscipiunt,
1554 1281 1581 1308 bi
1597 1288 1659 1308 vero
1675 1284 1704 1307 et

917 1336 966 1363 per
985 1329 1096 1356 oracula
1112 1332 1220 1356 sanant.
1234 1328 1269 1355 At
1283 1329 1375 1355 sciunt
1387 1328 1525 1355 daemones
1537 1349 1544 1360 ,
1564 1335 1625 1362 qua:
1639 1333 1702 1353 vere

918 1374 952 1401 ad
979 1382 1203 1409 unumquemque
1228 1374 1353 1401 morbum
1380 1378 1443 1408 apta
1471 1378 1536 1400 sunt
1569 1373 1700 1400 remedia.

918 1420 1008 1453 Quare
1032 1428 1094 1447 eum
1128 1419 1183 1447 sint
1199 1420 1276 1454 periti
1301 1419 1414 1451 medici,
1439 1418 1541 1446 mederi
1570 1418 1702 1449 valentes,

917 1465 1000 1500 idque
1011 1465 1124 1498 morbis,
1138 1465 1184 1500 qui
1197 1468 1232 1492 ab
1245 1465 1401 1491 hominibus
1415 1469 1531 1498 possunt
1544 1463 1671 1498 cognosci
1680 1469 1705 1495 ι,

917 1518 1035 1545 cumque
1052 1515 1126 1537 vates
1139 1510 1203 1542 sint,
1217 1509 1359 1544 sciantque
1374 1509 1484 1543 quando
1498 1508 1615 1542 quisque
1629 1515 1704 1534 mor-

75 1554 160 1588 μάτον
176 1553 440 1589 θεραπεύεται,τότε
455 1554 635 1580 συντάσσουσι
645 1553 695 1586 τὰς
706 1553 866 1590 θεραπείας,

920 1557 972 1584 bus
986 1564 1019 1583 ex
1036 1563 1065 1583 se
1081 1556 1141 1590 ipso
1153 1560 1274 1588 curetur,
1287 1555 1324 1582 ita
1345 1555 1412 1581 dant
1427 1553 1546 1581 remedia
1560 1573 1569 1586 ,
1598 1557 1628 1580 ut
1653 1553 1706 1580 sibi

73 1599 115 1630 [va
130 1600 246 1631 ἑαυτοὺς
259 1600 461 1636 ὲπιγράφωσιν.

105 1643 191 1670 XVII.
216 1644 293 1670 Ἐπεὶ
309 1643 353 1671 διὰ
368 1644 395 1670 τί
411 1644 446 1660 ¹⁰⁶
462 1643 531 1679 μετὰ
548 1644 633 1670 πολὺν
647 1644 744 1680 χρόνον
759 1653 868 1680 χρημα-

73 1688 177 1721 τίζουσι
205 1690 256 1722 τὰς
275 1690 380 1723 Macte;
405 1689 448 1716 διὰ
463 1689 550 1722 τίδὲ,
567 1691 592 1717 εἰ
613 1690 702 1717 πάντα
729 1689 868 1722 δύνανται,

71 1735 138 1765 ἀνευ
163 1735 214 1762 τοῦ
243 1735 410 1771 προσφέρειν
430 1743 457 1761 τι
469 1735 478 1751 ¹
494 1735 543 1770 τὴν
571 1735 643 1762 ἴασιν
659 1736 690 1762 οὐ
707 1735 867 1768 ποιοῦνται;

71 1781 142 1813 τίνος
157 1781 188 1808 δὲ
205 1781 296 1816 ἕνεκα,
309 1782 364 1808 τισὶ
385 1781 434 1816 μὲν
450 1781 608 1817 εὐξαμένοις
620 1781 767 1818 θεραπείας
783 1791 868 1818 προσ-

71 1828 228 1860 τάσσουσιν,
246 1827 328 1859 ὲνίοις
340 1827 368 1854 δὲ
381 1826 436 1854 ἐσθ’
447 1828 491 1854 ὅτε
503 1828 549 1854 καὶ
564 1828 740 1863 οἰκειοτέροις
750 1825 825 1855 οὖσιν
836 1828 866 1855 οὺ

918 1606 1045 1629 eventum
1066 1601 1227 1628 attribuant.

954 1646 1036 1674 XVII.
1062 1646 1191 1681 Alioquin
1201 1653 1250 1673 cur
1265 1650 1326 1681 post
1351 1646 1467 1672 multum
1494 1645 1625 1679 temporis
1642 1652 1708 1679 pro-

918 1694 1031 1720 mittunt
1045 1692 1228 1720 curationes?
1242 1691 1299 1719 Cur
1327 1699 1391 1718 vero
1416 1691 1438 1718 si
1456 1695 1553 1718 cuneta
1581 1695 1706 1731 possunt.

918 1739 1021 1773 absque
1047 1739 1086 1765 rei
1111 1738 1228 1773 alicujus
1249 1737 1405 1764 admotione
1421 1744 1474 1763 non
1497 1737 1615 1764 reddunt
1635 1736 1707 1763 sani-

919 1788 1000 1812 tatem
1015 1784 1027 1810 Ἰ
1051 1783 1140 1816 Quam
1161 1784 1242 1810 etiam
1263 1783 1298 1810 ob
1311 1790 1422 1809 causam
1439 1782 1579 1809 nonnullis
1594 1781 1705 1816 quidem

918 1829 1093 1864 precantibus
1109 1829 1229 1856 remedia
1254 1829 1408 1862 imperant,
1432 1828 1596 1862 quibusdam
1627 1835 1704 1859 vero,

72 1872 304 1909 χρηματίζουσιν;
315 1871 403 1904 οὕτως
412 1873 511 1899 ὁπόταν
522 1873 551 1906 ἐξ
565 1873 718 1908 αὐτομάτου
731 1873 866 1911 θεραπεία

919 1873 1106 1908 interdumque
1120 1872 1207 1908 magis
1222 1871 1416 1903 familiaribus,
1439 1879 1492 1899 non
1508 1872 1575 1899 dant
1591 1878 1707 1906 respon-

76 1918 157 1954 μέλλῃ
170 1918 307 1952 γίνεσθαι,
325 1917 534 1952 ἐπαγγέλλονται
544 1937 551 1950 ,
568 1918 611 1945 ἵνα
625 1918 739 1950 ἑαυτοὺς
755 1919 866 1955 ἐπιγράι

919 1920 963 1946 sa?
977 1919 1088 1947 Scilicet
1101 1918 1211 1954 quando
1232 1919 1336 1946 sanitas
1355 1918 1427 1946 ultro
1446 1918 1632 1952 recuperanda
1653 1921 1707 1951 est,

73 1962 168 1997 ψωσιν.
184 1963 278 1989 Ἄλλοι
294 1962 323 1989 δὲ
338 1964 501 1998 νοσήσαντες
518 1963 566 1990 καὶ
582 1962 727 1999 εὐξάμενοι
745 1963 774 1996 ἐξ
787 1964 868 1991 αὺτο-

77 2009 159 2043 μάτου
188 2009 366 2043 ὑγιάναντες,
383 2008 430 2040 οὓς
453 2009 667 2040 ἐπεκαλέσαντο,
687 2009 866 2045 ἐπέγραψαν,

909 1965 1085 1997 pollicentur,
1107 1970 1137 1992 ut
1150 1965 1201 1992 sibi
1224 1965 1394 1992 sanationem
1408 1964 1554 1992 vindicent.
1574 1965 1627 1992 Alii
1642 1972 1708 1992 vero

916 2011 1022 2048 aegroti,
1037 2014 1100 2046 post
1124 2017 1219 2043 preces
1230 2017 1296 2038 casu
1321 2015 1430 2045 recepta
1445 2009 1572 2042 sanitate,
1590 2009 1622 2036 iis
1636 2016 1707 2044 quos

76 2055 121 2081 καὶ
135 2054 302 2090 ἀναθήματα
326 2053 467 2089 ἐποίησαν.
486 2054 518 2080 Οἱ
546 2054 639 2090 μέντοι
655 2062 688 2088 γε
707 2055 765 2089 μετ’
783 2053 866 2090 εὐχὴν

919 2057 1112 2083 invocaverant
1143 2054 1350 2089 adscripserunt
1379 2059 1407 2082 et
1430 2054 1544 2082 donaria
1569 2055 1706 2089 appende-

75 2100 297 2136 διαφωνήσαντες
311 2099 362 2132 τὰς
389 2100 539 2135 ἀποτυχίας
560 2099 700 2126 ἀναθεῖναι
724 2099 755 2126 οὐ
769 2099 866 2126 δύναν-

919 2106 992 2130 runt.
1026 2101 1078 2135 Qui
1105 2105 1195 2128 autem
1212 2105 1274 2136 post
1285 2105 1380 2128 votum
1393 2101 1499 2136 decepti
1520 2101 1706 2136 exspirarunt,

76 2154 127 2178 ται.
153 2146 229 2182 Πλὴν
250 2146 275 2172 εί
292 2146 317 2172 οί
348 2146 489 2180 συγγενεῖς
517 2144 572 2171 τῶν
601 2144 756 2172 τεθνεώτων
775 2144 791 2180 ἢ
809 2145 819 2160 ⁸
837 2144 866 2177 ἐξ

920 2148 1071 2177 infortunia
1093 2155 1147 2174 non
1162 2152 1278 2182 possunt
1288 2147 1424 2175 dedicare.
1445 2147 1522 2180 Quod
1537 2148 1558 2175 si
1584 2152 1707 2175 mortuo-

77 2192 162 2218 αΰτῶν
184 2200 259 2223 τινες
272 2190 443 2227 ἁνεζήτησαν
457 2191 468 2206 ³
484 2190 534 2222 τὰς
556 2190 722 2225 ἀποτυχίας,
740 2190 866 2222 πλείονας

919 2201 979 2221 rum
994 2193 1088 2222 afﬁnes
1101 2194 1144 2221 vel
1157 2201 1253 2220 eorum
1274 2193 1370 2228 aliqui,
1388 2194 1498 2228 quoties
1506 2194 1561 2221 voti
1574 2195 1616 2221 sui
1631 2202 1707 2221 com-

77 2235 107 2262 ἆν
123 2237 269 2272 εὑρήκειτε
297 2235 348 2266 τὰς
366 2235 517 2270 ἀποτυχίας
540 2234 595 2261 τῶν
611 2234 622 2250 ’⁵
646 2233 864 2268 ἐπιτευγμάτων.

919 2243 999 2274 potes
1013 2239 1078 2266 facti
1094 2247 1148 2266 non
1157 2238 1267 2271 fuerint,
1281 2238 1451 2273 indagarent,
1462 2239 1707 2274 plurainveniretis

84 2281 149 2312 Ἀλλ’
165 2282 255 2313 οὐδεὶς
271 2280 491 2316 προειλημμένος
511 2279 602 2311 αὐτοῖς
623 2279 669 2305 τὸν
693 2279 752 2305 κατ’
777 2278 866 2304 αὐτῶν

919 2285 1033 2313 adversa
1053 2292 1135 2319 quam
1159 2292 1299 2319 prospera.
1324 2283 1378 2311 Sed
1400 2285 1493 2311 nullus
1509 2285 1543 2312 iis
1565 2293 1708 2319 prmoccu-

37 2358 40 2364 ,
80 2327 187 2362 ἔλεγχον
214 2327 333 2360 ὲκφάναι
355 2325 447 2358 θέλει,
477 2325 634 2360 αἰδούμενος
652 2324 668 2359 ἢ
686 2323 867 2359 φοὸούμενος,

79 2373 143 2403 ἀλλὰ
157 2372 324 2404 τούναντίον,
339 2370 374 2398 τὰ
390 2371 476 2397 πιστὰ
497 2370 587 2398 αὐτῶν
611 2369 776 2405 ἀτοπήματα
802 2377 868 2403 συγ-

80 2417 232 2452 κρύὸουσιν.

111 2474 192 2514 209
208 2472 303 2500 XVIII.
324 2472 406 2499 Πόσοι
421 2471 450 2498 δὲ
465 2471 512 2498 καὶ
527 2471 740 2506 καταψεύδονται
756 2478 865 2506 χρημα-

919 2335 998 2366 palus
1011 2338 1104 2358 eorum
1118 2330 1337 2365 redargutionem
1350 2329 1409 2356 vult
1434 2329 1527 2363 eloqui
1543 2350 1550 2363 ,
1575 2330 1708 2356 reveritus

919 2380 967 2403 aut
983 2380 1118 2410 metuens,
1129 2376 1186 2403 imo
1201 2379 1307 2408 contra,
1317 2375 1457 2410 explorata
1468 2375 1578 2402 illorum
1590 2375 1708 2402 crimina

921 2421 1071 2450 occultant.

956 2467 1051 2495 XVIII.
1072 2467 1158 2500 Quam
1173 2466 1251 2494 multi
1266 2474 1330 2494 vero
1345 2470 1371 2494 et
1389 2466 1499 2493 oracula
1521 2466 1709 2493 ementiuntur

111 2552 122 2566 ⁸
134 2550 236 2588 Legere
249 2548 359 2576 mallem
375 2555 437 2576 cum
448 2547 583 2576 Cotelerio
599 2546 700 2578 curari,
718 2551 745 2574 et
760 2545 787 2573 in
799 2545 893 2573 Graeco
907 2545 1026 2578 ἰαθῆναι.
1041 2544 1120 2572 Emr.
1134 2544 1255 2572 Panos.

729 2624 847 2653 VARIA‘I
867 2622 1069 2651 LECTIONES.

108 2709 225 2741 ’τειδέας
235 2708 268 2736 C.
307 2708 333 2724 ”
343 2707 389 2735 διά
403 2706 433 2734 C.
472 2707 495 2723 "
508 2706 596 2738 είδέας
611 2706 643 2734 C.
669 2706 692 2722 "
703 2705 742 2733 lla
757 2706 893 2741 scriptura
906 2705 966 2734 cod.
985 2705 1074 2733 Ottoh.
1092 2703 1324 2741 explicandaesse
1336 2701 1452 2741 videtur.
1461 2697 1629 2741 Accusatiyo
1642 2705 1711 2741 opus

77 2733 294 2779 esseIIiain'vidit
308 2733 467 2779 εξὰλήθεια
476 2742 568 2779 vulgo.
586 2733 624 2758 ’³⁷⁷
635 2741 709 2779 Fort.
724 2733 830 2779 legitimi;
846 2741 875 2768 S.
912 2733 1181 2779 δίπροσῳξιειώιέενα
1255 2739 1277 2754 ³⁹
1288 2738 1322 2764 τά
1334 2737 1405 2779 delet
1419 2736 1447 2763 S.
1461 2733 1710 2779 'liumjfflﬁyft‘go

78 2768 208 2814 ῐάἆόἧῖιῐ
219 2768 602 2814 (Ξίῖ-ίιέιῖιίιιιίδεῂνσεκῖειύε
618 2768 690 2811 quod
713 2768 906 2814 adulecti'onem
925 2768 1063 2814 Qotclerii.
1079 2768 1225 2801 —'Deinde
1240 2771 1357 2814 μαντικὰ
1369 2771 1433 2814 ὄντα
1443 2768 1646 2814 καὶίεῑδόταηξιιικ

75 2803 426 2848 οἶουὲέ-ἶεῐξέεῆυιῇξεςι,
440 2803 482 2839 Vde
496 2803 599 2846 q'iiibus
615 2803 696 2845 saepe,
733 2811 791 2838 uasi
812 2810 846 2837 τὰ
865 2810 989 2846 δαιμόνια
1027 2814 1186 2840 meet-ssent,
1210 2803 1306 2836 neutro
1317 2814 1412 2842 genere
1424 2807 1448 2833 lo
1470 2806 1542 2832 uitur
1554 2807 1646 2845 auctor
1660 2803 1711 2829 ho-

76 2850 212 2873 miliarnm
237 2848 332 2873 Suora
347 2855 372 2873 c.
389 2846 432 2873 10.
450 2851 477 2873 et
489 2846 559 2873 infra
572 2853 597 2873 c.
613 2846 657 2873 I9.
672 2818 749 2872 20%.
788 2845 822 2861 '°°
833 2845 958 2872 δύνανται
971 2854 997 2873 o.
1008 2818 1053 2872 ἕιὰ
1067 2845 1094 2870 τί
1109 2845 1140 2870 0.
1155 2843 1224 2871 Tum
1243 2844 1311 2870 idem
1326 2842 1408 2868 πολὺν
1419 2815 1513 2873 χρίύνον
1532 2847 1626 2873 χρονον
1643 2846 1697 2873 χρη

649 2865 657 2878 ,
673 2865 749 2872 ...μω
833 2865 958 2872 ..-ηπ-..υ
972 2865 997 2878 γ.

75 2850 212 2877 miliarum
237 2848 332 2883 Supra
342 2846 372 2883 Ac.
386 2846 432 2883 710,
450 2846 597 2883 etAinfracr.

74 2884 226 2919 ματίζουσι.
280 2880 289 2883 ”
303 2881 367 2919 ίτις-
378 2882 418 2919 0._
447 2881 489 2919 ζῆ
503 2881 607 2919 addidit
621 2880 653 2908 D.

788 2845 822 2861 '°°
833 2845 958 2872 δύνανται

1027 2845 1053 2871 ιὰ
1067 2845 1094 2870 τί
1109 2845 1140 2870 0.
1155 2843 1224 2871 Tum
1243 2844 1311 2870 idem
1318 2839 1408 2868 ’πολὺν
1419 2839 1513 2877 χρόνον
1525 2839 1626 2879 ’χρόνον
1643 2846 1697 2873 χρη

707 2881 718 2896 ³
729 2879 911 2916 συνεζήτησαν
927 2881 957 2916 (1.
970 2876 1036 2907 I’ost
1051 2878 1199 2915 ἀποτυχίας
1209 2886 1299 2915 perper
1307 2886 1349 2906 am
1367 2876 1467 2913 puncto
1479 2876 1574 2911 majori
1583 2876 1701 2902 dislnnc

73 2914 121 2948 'rat.
140 2914 243 2948 Verum
257 2917 381 2950 restituit
392 2915 432 2955 .D.
447 2914 516 2944 Tum
532 2916 672 2954 εὑρήκειτε
687 2914 717 2952 8,
729 2915 761 2950 0,
775 2914 909 2953 abpﬁiqte
923 2915 956 2945 ο.
992 2915 1058 2954 δ’τήν
1070 2916 1098 2942 Ο.
