1932 3100
239 175 293 204 935

677 176 705 204 S.
725 176 918 204 CLEMENTIS
934 177 944 203 Ι
964 175 1046 204 ROM.
1064 176 1165 205 PONT.
1184 177 1298 205 ()PERA
1316 177 1430 206 DUBIA.

1820 179 1872 208 256

239 233 452 268 curationesque
476 241 509 260 ex
535 234 630 261 iisdem
655 233 759 266 l‘actas,
781 241 850 268 quas
867 233 1028 268 iuramentis

1082 234 1196 269 τισμοὺς
1222 234 1268 260 καὶ
1293 234 1440 270 θεραπείας
1462 234 1492 266 ἐξ
1515 234 1604 261 αὐτῶν
1626 222 1870 267 ἁποτελεσθιίέας,

239 287 349 314 quoque
364 280 550 307 conlirmant?
568 279 644 313 Quot
664 286 754 308 autem
770 279 894 306 mercede
912 279 984 314 ipsos
999 286 1029 306 se

240 325 423 356 tradiderunt,
450 326 497 359 qui
522 327 686 353 commentis
708 325 874 360 quibusdam
897 324 1028 352 nonnulla

238 375 336 404 sponte
361 371 435 405 passi
455 377 537 406 atque
553 372 591 399 ita
614 372 792 406 praadicantes
806 399 809 402 ,
823 379 886 398 cum
901 379 916 398 e
931 371 1027 398 morbo

238 424 287 450 per
316 417 468 444 remedium
493 417 698 450 convaluerint,
726 417 838 445 oraculo
863 418 1026 452 promissam

239 461 325 489 fuisse
339 463 483 490 sanitatem
507 468 644 495 asserunt,
660 468 691 491 ut
705 464 833 491 stolidum
849 464 952 490 cultum
968 467 1026 491 sta-

239 506 354 534 biliant?
368 507 455 540 Quam
478 508 562 535 multa
589 516 670 543 porro
693 516 727 535 ex
749 508 803 535 illis
820 508 954 543 principio
977 515 1026 543 per

237 554 372 588 magicam
394 559 480 581 artem
505 559 615 589 peracta
641 559 721 590 sunt,
748 559 779 582 ut
796 563 845 590 per
868 555 974 582 somnia
999 559 1027 582 et

236 601 349 627 oracula
381 601 614 635 praedicerentur?
640 606 758 628 attamen
795 601 876 636 longo
903 606 1025 636 tempore

235 646 294 673 haec
307 654 418 682 quoque
433 647 509 674 fraus
529 648 621 674 desiit.
641 646 713 680 Quot
729 652 819 673 autem
839 647 895 682 jam
914 647 965 675 ista
979 647 1026 674 tir-

235 700 312 720 mare
336 694 478 728 cupientes
501 694 647 729 praestigiis
673 694 807 720 utuntur?
834 694 970 720 Czeterum
1001 694 1025 721 si

234 738 301 774 quid
318 739 483 766 vaticinatur
495 740 535 766 vel
551 743 639 771 curat,
655 747 709 766 non
732 740 759 767 id
775 740 866 767 statim
887 740 956 767 deus
970 745 1022 767 est.

269 783 341 811 XIX.
361 783 429 810 Nam
446 784 517 812 Deus
528 785 620 812 omnia
636 789 734 820 potest.
753 785 777 812 ls
792 786 864 812 enim
879 790 921 813 est
934 786 1024 813 bonus

234 836 267 856 ac
283 829 390 863 justus,
407 838 480 857 nunc
495 831 522 857 in
538 835 652 858 cunctos
675 831 790 866 patiens,
814 835 843 858 ut
861 831 906 866 qui
930 831 1023 858 volue-

1081 280 1130 306 καὶ
1145 280 1246 312 ταύτας
1269 280 1441 316 βεϐαιοῦνται
1467 281 1537 316 μετὰ
1556 281 1662 317 ὄρκων;
1685 281 1765 308 πόσοι
1781 281 1809 307 δὲ
1825 281 1872 308 ἐπὶ

1081 325 1169 360 μισθῷ
1186 327 1298 358 ἑαυτοὺς
1313 326 1458 358 ἐξέδωκαν,
1475 327 1508 352 δι’
1519 327 1597 353 ὲνίων
1612 327 1738 354 ἐπινοιῶν
1755 327 1872 362 πάσχειν

1078 371 1140 398 τινὰ
1157 371 1359 407 ἀναδεξάμενοι,
1376 373 1423 400 καὶ
1439 372 1524 404 οὕτως
1540 372 1716 408 κηρύξαντες,
1733 373 1824 400 αὐτῶν
1840 372 1874 400 τὸ

1078 417 1164 449 πάθος
1181 418 1342 454 ἁντιπαθείᾳ
1358 419 1638 450 ἀποκατασταθέντες,
1650 419 1872 455 κεχρηματίσθαι

1077 463 1088 479 ⁸
1105 464 1155 499 τὴν
1172 463 1321 499 θεραπείαν
1345 464 1485 499 λέγουσιν,
1503 465 1547 492 ἴνα
1570 465 1601 492 τὺ
1624 464 1786 499 ἀναίσθητον
1809 465 1872 491 ἑπι-

1076 509 1204 544 γράψωσι
1222 509 1363 545 σέϐασμα;
1380 510 1451 537 πόσα
1465 510 1495 537 δὲ
1504 509 1594 537 αὐτῶν
1610 511 1643 537 ὲκ
1657 510 1799 546 καταρχῆς
1817 519 1872 546 μα-

1076 556 1140 590 γικῇ
1165 555 1247 591 τέχνῃ
1269 555 1412 590 ἐτελέσθη,
1442 555 1485 582 ἵνα
1507 555 1664 592 όνειροπολῇ
1686 556 1735 582 καὶ
1759 564 1872 592 χρημα-

1075 600 1154 636 τίζῃ;
1174 601 1220 627 καὶ
1236 601 1313 636 ὅμως
1336 600 1434 637 μακρῷ
1451 601 1538 637 χρόνῳ
1560 602 1607 628 καὶ
1629 600 1715 628 ταῦτα
1735 600 1872 636 διεφώνη-

1077 655 1131 673 σεν.
1149 647 1230 674 Πόσοι
1247 647 1277 673 δὲ
1298 647 1345 674 νῦν
1362 647 1373 662 θ
1386 647 1423 673 τὰ
1443 647 1556 674 τοιαῦτα
1577 647 1720 683 κρατύνειν
1743 647 1871 680 θέλοντες

1075 692 1266 728 γοητεύουσιν;
1285 693 1358 730 Πλὴν
1375 693 1425 720 οὐκ
1436 693 1463 719 εῐ
1476 702 1504 720 τι
1520 694 1529 710 ⁷
1549 694 1678 729 μαντικόν
1694 694 1768 720 ἐστιν
1783 694 1802 729 ἦ
1820 694 1869 720 θε-

1077 739 1251 774 ραπευτικὸν,
1268 739 1347 766 τοῦτο
1363 739 1424 771 θεός
1437 740 1520 766 ἐστιν.

1110 785 1179 812 XIX.
1207 787 1237 812 Ὀ
1253 786 1307 822 γὰρ
1329 786 1395 817 Θεὸς
1418 785 1507 812 πάντα
1526 786 1646 813 δύναται.
1671 786 1788 817 Ἐκεῖνος
1811 785 1870 822 γάρ

1072 832 1146 859 ἐστιν
1163 833 1264 866 ἀγαθὸς
1280 833 1326 859 καὶ
1341 832 1454 864 δίκαιος,
1467 832 1515 858 νῦν
1531 833 1598 859 πᾶσι
1616 833 1809 868 μακροθυμῶν,
1821 832 1870 863 ἵνα

233 875 299 908 rint,
315 876 474 910 paenitentia
490 876 524 904 de
545 877 625 904 malis
650 885 665 905 a
683 885 712 905 sc
734 878 889 905 commissis
912 883 972 905 acta
994 882 1021 905 et

1072 878 1097 904 οί
1114 877 1268 913 βουλόμενοι
1283 874 1374 912 ὲφ⁷οἵς
1388 877 1509 913 ἔπραξαν
1525 879 1619 909 κακοῖς
1633 877 1871 913 μεταμεληθέντες

233 923 287 948 vita
301 921 344 955 pie
355 925 504 955 transacta,
519 930 550 949 co
562 923 605 950 die
619 930 674 958 quo
687 923 814 950 universa
825 923 1022 958 judicabuntur

1073 911 1120 949 xui.
1141 911 1231 954 καλῶς
1247 922 1259 939 ⁸
1272 911 1494 958 πολιτευσάμενοι
1507 942 1514 954 ,
1531 923 1561 949 ὲν
1582 911 1675 958 ἡμέρᾳ
1724 911 1869 949 τὰνπάντα

231 973 282 1000 pro
301 967 400 993 merito
415 967 578 1002 percipiant.
605 968 776 1003 Quapropter
798 977 871 996 nunc
898 969 1020 1004 incipite,

231 1016 341 1046 propter
365 1013 464 1040 bonam
484 1014 680 1048 cognitionem,
695 1015 818 1049 persuasi
836 1023 851 1042 a
868 1015 933 1047 Deo,
952 1016 1021 1043 resi-

230 1062 303 1084 stere
316 1058 414 1085 vestris
435 1059 527 1093 pravis
545 1059 740 1094 cupiditatibus
754 1065 781 1087 et
797 1060 1020 1095 cogitationibus,

229 1111 286 1138 quo
309 1105 420 1139 possitis
435 1105 563 1139 primani,
588 1113 649 1139 qua:
673 1105 794 1133 humano
814 1107 903 1141 generi
921 1107 1021 1134 tradita

228 1149 291 1182 fuit,
316 1150 462 1177 salutarem
487 1151 687 1178 observantiam
712 1159 849 1179 revocare.
880 1153 926 1180 Sic
947 1154 1019 1180 enim

228 1196 307 1223 vobis
331 1197 465 1223 continuo
490 1197 615 1224 orientur
631 1198 713 1230 bona,
726 1199 826 1232 quibus
848 1199 967 1234 acet-ptis
987 1200 1021 1227 ab

228 1243 398 1276 experientia
427 1244 562 1270 malorum
589 1244 718 1279 deinceps
747 1245 900 1272 cessabitis.
922 1245 975 1272 Sed
995 1246 1020 1274 ei

227 1289 276 1323 qui
304 1289 379 1315 dedit
402 1289 474 1324 agite
500 1290 612 1324 gratias,
626 1297 688 1316 cum
709 1291 784 1325 pacis
805 1299 868 1326 rege
888 1297 1019 1326 perpetuo

227 1334 408 1361 ineifabilium
438 1335 572 1362 bonorum
599 1343 711 1370 regnum
736 1336 867 1364 habituri.
895 1336 923 1364 In
949 1345 1019 1372 prae-

226 1380 298 1406 senti
325 1387 401 1412 vero,
424 1381 535 1414 perenni
563 1380 674 1408 ﬂumine
693 1381 735 1409 vel
763 1382 838 1410 fonte
863 1387 910 1410 aut
936 1384 1018 1410 etiam

226 1426 297 1453 mari
312 1426 359 1453 loti
375 1427 403 1453 in
421 1432 462 1454 ter
485 1427 560 1454 beata
577 1427 750 1455 invocatione
773 1435 827 1455 n0n
853 1429 941 1457 solum
957 1430 1018 1457 lati-

227 1475 316 1498 tantes
332 1471 359 1498 in
374 1471 452 1499 vobis
472 1472 584 1506 spiritus
607 1473 728 1507 poteritis
744 1473 888 1507 expellere,
904 1474 950 1500 sed
965 1474 1016 1508 ipsi

226 1525 283 1544 non
299 1518 417 1552 amplius
432 1518 615 1553 delinquendo
628 1523 653 1546 et
669 1518 723 1546 Deo
738 1519 889 1547 indubitate
904 1521 1017 1548 creden-

1079 970 1200 1005 κρίνεται
1214 968 1267 995 τῶν
1283 969 1295 984 ⁹
1310 968 1458 1001 κατ’ἀξίαν
1473 969 1672 996 ἀπολαύσωσιν.
1689 969 1735 995 Διὸ
1750 968 1798 995 νῦν
1813 969 1869 1004 ἄρ-

1074 1014 1165 1047 ξασθε,
1180 1014 1286 1050 ἀγαθῆς
1302 1014 1429 1048 γνώσεως
1445 1014 1520 1050 αίτίᾳ
1535 1014 1595 1050 θεῷ
1609 1014 1775 1050 πειθόμενοι,
1790 1015 1868 1042 ἀντι-

1072 1060 1161 1094 λέγειν
1177 1061 1252 1096 ὐμῶν
1268 1062 1328 1092 ταῖς
1340 1062 1440 1092 κακαῖς
1455 1060 1614 1096 ἐπιθυμίαις
1623 1060 1670 1087 καὶ
1683 1061 1808 1094 ἐννοίαις,
1820 1061 1867 1087 ἴνα

1072 1106 1202 1142 δυνηθῆτε
1221 1106 1440 1133 ἀνακαλέσασθαι
1455 1107 1505 1142 τὴν
1526 1106 1638 1142 πρώτην
1662 1108 1695 1142 τῇ
1720 1106 1866 1142 ἀνθρωπό-

1071 1161 1131 1188 τητι
1156 1153 1354 1188 παραδοθεῖσαν
1381 1153 1402 1168 ¹⁰
1434 1153 1568 1189 σωτήριον
1597 1153 1754 1188 θρησκείαν.
1783 1152 1867 1179 Οὕτω

1071 1199 1126 1235 γὰρ
1143 1200 1207 1234 ὑμῖν
1224 1199 1339 1235 ἐξαυτῆς
1357 1199 1377 1215 ¹¹
1393 1199 1519 1227 ἀνατελεῖ
1532 1200 1566 1226 τὰ
1581 1199 1686 1234 ἀγαθὰ,
1705 1199 1723 1226 ὃ.
1738 1207 1799 1226 τινα
1816 1199 1867 1226 λα-

1071 1245 1164 1277 ϐόντες
1180 1247 1278 1281 πεῖραν
1298 1245 1352 1272 τῶν
1370 1245 1463 1272 κακῶν
1484 1245 1531 1272 τοῦ
1554 1245 1648 1272 λοιποῦ
1672 1245 1863 1280 καταλείψετε.

1078 1291 1156 1318 Ἀλλὰ
1176 1291 1215 1327 τῷ
1234 1291 1360 1318 δεδωκότι
1474 1291 1695 1327 εὐχαριστήσατε,
1721 1291 1790 1327 μετὰ
1813 1291 1866 1317 τοῦ

1070 1337 1119 1372 τῆς
1135 1337 1248 1372 είρήνης
1265 1336 1397 1371 βασιλέως
1418 1337 1506 1362 εἰσαεὶ
1526 1337 1580 1362 τῶν
1604 1337 1768 1372 ἀπορρήτων
1785 1336 1866 1371 βασι-

1069 1381 1193 1413 λεύοντες
1211 1382 1232 1397 ¹¹
1251 1381 1369 1416 ἀγαθῶν.
1398 1382 1441 1408 Ἐν
1461 1381 1489 1408 δὲ
1506 1381 1544 1417 τῷ
1565 1381 1690 1417 παρόντι,
1708 1382 1814 1417 ἀεννάῳ
1839 1382 1865 1397 ¹³

1069 1428 1184 1463 ποταμῷ
1199 1428 1216 1464 ἢ
1230 1428 1305 1463 πηγῇ
1320 1428 1380 1454 ὲπεί
1397 1436 1428 1462 γε
1441 1427 1492 1454 κᾶν
1509 1427 1629 1464 θαλάσσῃ
1645 1428 1865 1463 ἀπολουσάμενοι

1069 1473 1115 1499 ἐπὶ
1131 1475 1163 1509 τῇ
1181 1473 1369 1509 τρισμακαρίᾳ.
1394 1474 1562 1510 ὲπονομασίᾳ
1583 1475 1613 1500 ού
1632 1474 1712 1509 μόνον
1735 1474 1769 1500 τὰ
1789 1474 1865 1501 ἐνδο-

1070 1520 1205 1555 μυχοῦντα
1221 1520 1285 1555 ὑμῖν
1302 1519 1445 1555 πνεύματα
1466 1519 1602 1546 ἀπελάσαι
1626 1519 1786 1554 δυνήσεσθε,
1803 1519 1864 1546 ἀλλ’

225 1568 268 1592 tes
282 1564 398 1591 aliorum
415 1564 503 1591 malos
518 1565 630 1599 spiritus
645 1573 677 1592 ac
697 1565 866 1593 truculentos
877 1566 1015 1594 daemones

1072 1565 1144 1591 ιὺτοὶ
1175 1565 1272 1600 μηκέτι
1290 1564 1492 1600 ἁμαρτάνοντες
1515 1566 1561 1592 καὶ
1584 1565 1643 1600 Θεῷ
1666 1565 1865 1597 ἀνενόοιάστως

225 1617 379 1645 gravesque
393 1610 503 1637 morbos
522 1611 646 1646 abigetis.
663 1610 696 1638 Et
709 1611 846 1638 interdum
863 1611 909 1639 ubi
924 1612 1014 1640 solum

226 1656 400 1690 iuspexeritis
418 1664 482 1688 vos,
504 1656 618 1690 fugient.
639 1655 798 1690 Agnoscunt
811 1657 884 1684 enim
905 1665 952 1685 eos
967 1659 1015 1693 qui

226 1709 256 1728 se
273 1700 434 1728 tradiderint
449 1701 514 1729 Deo.
531 1702 621 1734 Quare
637 1702 804 1729 honorantes
816 1710 864 1730 eos
882 1710 914 1730 ac
936 1702 1018 1730 veriti

226 1747 346 1782 fugiunt,
360 1747 432 1774 sicut
449 1747 506 1774 heri
523 1747 639 1780 vidistis,
656 1755 712 1782 quo
727 1747 809 1774 modo
832 1756 894 1775 cum
909 1748 1021 1783 egodis-

225 1793 347 1819 tulissem
379 1796 440 1826 post
455 1792 649 1819 allocutionem
665 1799 745 1819 orare
760 1800 810 1826 pro
824 1793 857 1820 iis
880 1793 927 1828 qui
941 1801 1016 1819 mor-

224 1837 268 1864 bis
283 1837 493 1870 amictabantur,
512 1838 650 1865 da'mones
672 1843 783 1872 propter
797 1838 930 1866 honorem
953 1839 1016 1866 reli-

224 1882 312 1918 gionis
328 1882 518 1910 exclamarunt
540 1887 568 1910 et
594 1891 628 1910 ne
652 1891 736 1918 parvo
758 1884 867 1918 quidem
894 1889 1016 1920 tempore

223 1932 372 1962 potuerunt
382 1928 528 1956 sustinere.

259 2015 318 2042 XX.
339 2015 426 2043 Nolite
449 2023 515 2051 ergo
532 2016 671 2048 arbitrari,
691 2024 741 2044 nos
761 2017 874 2044 alterius
888 2025 948 2045 esse
963 2026 1014 2045 na-

224 2065 301 2094 turae,
316 2061 432 2096 ideoque
453 2062 592 2089 daemonas
614 2070 670 2088 non
697 2062 801 2089 timere.
830 2062 918 2090 Unius
940 2064 1014 2091 enim

222 2106 402 2141 ejusdemque
417 2107 560 2134 vobiscum
583 2115 679 2135 sumus
705 2112 825 2140 naturze,
839 2114 866 2136 at
882 2117 935 2136 non
951 2111 1015 2138 reli»

222 2151 320 2186 gionis.
334 2151 425 2184 Quare
441 2152 520 2178 vobis
542 2159 596 2178 non
615 2153 749 2185 multum,
765 2154 812 2180 sed
826 2155 938 2182 omnino
954 2164 1012 2183 me-

222 2197 306 2224 liorcs
319 2204 368 2224 vos
383 2205 493 2232 quoque
507 2197 566 2224 ﬁeri
582 2198 686 2225 similes
708 2206 761 2225 non
781 2199 944 2233 invidemus,
959 2201 1014 2229 imo

1067 1609 1240 1641 πιστεύοντες
1260 1609 1295 1636 τὰ
1311 1609 1398 1636 ἄλλων
1414 1609 1488 1636 κακὰ
1505 1610 1649 1646 πνεύματα
1665 1611 1712 1637 καὶ
1734 1611 1864 1646 δαιμόνια

1066 1655 1173 1690 χαλεπὰ
1195 1655 1243 1682 σὺν
1259 1656 1316 1686 τοῖς
1331 1655 1428 1686 δεινοῖς
1444 1655 1558 1683 πάθεσιν
1573 1656 1734 1683 ὰπελάσετε.
1759 1657 1863 1683 Ἐνίοτε

1066 1700 1094 1727 δὲ
1121 1701 1201 1736 μόνον
1223 1701 1363 1728 ὲνιδόντων
1380 1701 1401 1717 ίδ
1417 1701 1494 1737 ὑμῶν
1518 1702 1670 1737 φεύξονται.
1695 1704 1782 1729 Ἱσασι
1806 1703 1863 1739 γὰρ

1066 1747 1128 1779 τοὺς
1151 1748 1354 1780 ἁποδεδωκότας
1376 1749 1490 1780 ἑαυτοὺς
1511 1748 1551 1784 τῷ
1572 1749 1640 1784 Θεῷ.
1659 1749 1704 1776 Διὸ
1726 1749 1863 1785 τιμῶντες

1066 1793 1164 1824 αὐτοὺς
1180 1793 1366 1828 πεφοϐημένοι
1388 1793 1548 1828 φεύγουσιν,
1569 1794 1663 1830 ὥσπερ
1681 1794 1758 1829 ἐχθὲς
1776 1795 1798 1810 ⁸⁸
1811 1795 1863 1821 ἑω-

1067 1838 1180 1874 ράκατε,
1198 1838 1256 1870 πῶς
1273 1838 1339 1874 ἐμοῦ
1353 1839 1517 1874 ἁναθεμένου
1531 1839 1599 1875 μετὰ
1612 1840 1662 1875 τὴν
1679 1841 1862 1876 προσομιλίαν

1066 1883 1195 1917 εὔξασθαι
1213 1885 1283 1920 ὑπὲρ
1305 1884 1360 1911 τῶν
1384 1885 1543 1920 πασχόντων
1567 1885 1637 1912 αὐτὰ
1660 1885 1694 1912 τὰ
1719 1886 1805 1921 πάθη,
1826 1888 1861 1922 τῇ

1065 1929 1134 1966 πρὸς
1149 1930 1200 1966 τὴν
1214 1929 1362 1965 θρησκείαν
1379 1932 1445 1966 τιμῇ
1461 1930 1624 1966 ἀνέκραγεν,
1643 1931 1772 1967 βραχεῖαν
1785 1932 1862 1969 ὥραν

1066 1974 1157 2007 στέξαι
1173 1974 1210 2010 μὴ
1224 1975 1379 2010 δυνηθέντα.

1100 2012 1159 2046 XX.
1185 2020 1230 2055 Μὴ
1255 2018 1301 2046 οὖν
1324 2020 1452 2056 νομίσητε
1477 2021 1518 2048 ὅτι
1541 2022 1621 2057 ἡμεῖς
1643 2022 1726 2058 ἄλλης
1751 2023 1862 2058 φύσεως

1065 2065 1144 2097 ὄντες
1157 2066 1228 2092 κατά
1243 2066 1322 2093 τοῦτο
1343 2067 1472 2102 δαίμονας
1487 2068 1518 2094 οὐ
1543 2068 1709 2104 φοϐούμεθα.
1727 2069 1785 2105 Τῆς
1805 2071 1861 2106 γὰρ

1065 2112 1150 2147 αὐτῆς
1175 2113 1239 2147 ὑμῖν
1263 2113 1348 2149 ἐσμεν
1368 2113 1485 2148 φύσεως,
1512 2114 1608 2140 ἀλλὀὐ
1631 2114 1788 2150 θρησκείας.
1815 2117 1862 2143 Διὸ

1066 2158 1142 2193 ὑμῶν
1167 2159 1196 2184 ού
1222 2159 1305 2191 πολὺ,
1331 2160 1398 2186 ἀλλὰ
1422 2160 1452 2186 τὸ
1475 2161 1529 2187 πᾶν
1545 2161 1699 2196 κρείττονες
1718 2162 1797 2194 ὄντες
1813 2164 1862 2190 καὶ

1067 2204 1138 2239 ὑμᾶς
1153 2204 1175 2220 ¹⁸
1190 2205 1327 2237 τοιούτους
1342 2205 1470 2240 γενέσθαι
1485 2206 1516 2232 ού
1533 2205 1694 2242 φθονοῦμεν,
1709 2207 1778 2234 ἀλλὰ
1794 2209 1860 2234 τοὺ-

222 2247 318 2269 contra
333 2243 479 2270 consilium
499 2243 612 2275 damus,
628 2244 706 2278 gnari
719 2245 790 2279 quod
805 2245 831 2272 hi
851 2254 946 2274 omnes
964 2256 1011 2276 eos

1072 2249 1167 2276 ραντίον
1191 2250 1409 2286 συμϐουλεύομεν
1419 2271 1426 2283 ,
1448 2251 1547 2283 είδότες
1566 2252 1606 2278 ὅτι
1621 2252 1684 2284 τοὺς
1699 2252 1760 2288 Θεῴ
1775 2263 1861 2289 7:903—

222 2288 269 2322 qui
286 2287 341 2314 Deo
357 2288 497 2323 conjuncti
513 2293 586 2322 sunt,
602 2290 724 2325 ignotum
742 2291 897 2327 mirumque
911 2293 939 2320 in
952 2301 1013 2321 mo-

222 2334 288 2362 dum
301 2334 439 2362 honorant
455 2342 486 2362 ac
500 2340 636 2362 metuunt.

258 2379 330 2408 XXI.
352 2380 429 2408 Sicut
445 2382 518 2409 enim
535 2381 652 2410 Cmsaris
665 2383 774 2412 tribuno
787 2385 901 2420 subjecti
914 2387 1014 2415 milites

222 2431 334 2462 propter
346 2435 421 2460 eum,
437 2428 484 2462 qui
500 2433 660 2462 potestatem
682 2430 772 2465 dedit,
785 2430 814 2458 ei
832 2432 879 2466 qui
894 2437 1014 2467 potesta-

223 2477 276 2499 tem
294 2473 407 2507 accepit,
430 2474 561 2501 honorem
579 2474 716 2509 deferunt,
738 2476 766 2503 in
785 2481 902 2510 tantum,
921 2478 1014 2512 utqui

222 2519 361 2553 pnepositi
385 2524 449 2546 sunt.
471 2520 563 2547 dicant
579 2521 657 2552 huic,
682 2523 755 2555 veni,
773 2527 800 2549 ct
814 2523 919 2556 veniat,
935 2528 963 2550 et
975 2523 1015 2550 al-

224 2565 284 2598 teri,
300 2565 379 2598 vade,
409 2569 436 2593 et
448 2566 530 2594 vadat
543 2574 554 2587 ιι
571 2575 578 2593 :
595 2567 635 2595 sic
655 2572 682 2594 et
696 2569 743 2602 qui
761 2577 790 2596 se
804 2568 859 2596 Deo
872 2569 1015 2597 tradiderit

258 2628 270 2642 α
287 2621 382 2650 Matth.
396 2630 456 2656 vin,
473 2622 500 2651 9.

1065 2295 1253 2328 οικειωθέντας
1275 2295 1360 2322 ταῦτα
1383 2296 1472 2323 πάντα
1494 2296 1640 2331 ἀγνώστως
1669 2299 1791 2334 προτιμᾷ
1812 2299 1860 2325 καὶ

1067 2341 1201 2376 φοϐεῖται.

1101 2386 1171 2414 XXI.
1191 2388 1294 2423 Ὄνπερ
1319 2388 1372 2424 γὰρ
1397 2388 1498 2424 τρόπον
1518 2390 1657 2426 Καίσαρος
1679 2389 1812 2426 χιλιάρχῳ
1832 2392 1858 2417 οἱ

1065 2433 1239 2468 ὑποκείμεναι
1257 2434 1419 2470 στρατιῶται
1432 2434 1476 2461 διὰ
1489 2435 1539 2470 τὴν
1555 2435 1603 2461 τοῦ
1620 2435 1767 2468 δεδωκότος
1781 2436 1858 2468 ἐξου-

1066 2479 1126 2506 σίαν
1157 2480 1203 2506 τὸν
1228 2480 1357 2516 είληφότα
1381 2480 1467 2507 οἴδασι
1496 2481 1597 2516 τιμᾷν,
1624 2480 1750 2507 τοσοῦτον
1774 2482 1855 2518 211

1065 2525 1129 2552 ὥστ’
1140 2526 1173 2552 ἂν
1190 2527 1252 2558 τοὺς
1268 2526 1422 2561 ἐφεστῶτας
1438 2527 1528 2561 λέγειν
1543 2527 1645 2562 τούτῳ,
1660 2527 1732 2559 ἐλθὲ,
1750 2528 1797 2554 καὶ
1811 2528 1856 2563 ἐρ-

1066 2581 1142 2607 χεται
1159 2573 1191 2605 ¹⁷,
1202 2573 1250 2599 καὶ
1261 2573 1342 2608 ἄλλῳ,
1357 2573 1484 2604 πσοεύου,
1502 2573 1548 2600 καὶ
1564 2573 1709 2608 πορεύεται
1722 2574 1754 2589 ¹⁸”
1768 2573 1855 2605 οὕτως

879 2670 996 2698 νΑῐίΙίΕ
1016 2671 1216 2699 LECTIONES.

248 2717 258 2756 ξ
273 2716 310 2745 lla
362 2726 392 2756 c_.
407 2718 436 2745 S.
452 2717 686 2756 κεχρηματείσθαι
700 2717 731 2746 C.
770 2718 781 2733 °
792 2718 839 2756 νῖίν
853 2718 1014 2756 transcripsi
1027 2727 1065 2756 es
1077 2718 1110 2747 0.
1148 2721 1159 2737 ⁷
1174 2720 1224 2747 οὑκ
1243 2720 1271 2747 εἴ
1282 2729 1308 2748 τι
1322 2721 1344 2748 0
1357 2729 1381 2747 e.
1400 2721 1430 2752 D.
1447 2721 1507 2756 ούχί
1526 2731 1551 2748 τι
1566 2721 1597 2750 C.
1636 2723 1647 2739 ⁸
1662 2722 1765 2755 καλῶς.
1783 2724 1859 2756 quod

212 2754 275 2780 exh.
298 2754 359 2781 cod.
376 2753 441 2788 Reg.
463 2752 622 2783 Rutfdeest
642 2754 668 2780 in
684 2758 800 2788 utroque
819 2752 898 2780 llom.
919 2752 1023 2782 codice.
1037 2755 1167 2790 Μεταμελ
1189 2755 1279 2788 θέντες
1295 2757 1424 2784 καὶκατὰ
1437 2757 1468 2783 τὸ
1480 2752 1602 2792 ’ἀρέσκον
1616 2759 1690 2785 αύτῶ
1726 2752 1857 2791 ιῶσαντες

215 2789 295 2815 habet
312 2787 384 2820 Epit.
401 2797 425 2815 c.
438 2789 483 2816 66.
522 2789 533 2804 ⁹
544 2789 598 2815 τῶν
612 2788 763 2820 adjnngunt
775 2789 834 2815 eod.
852 2788 916 2820 Reg.
931 2788 984 2815 804
998 2794 1026 2817 et
1039 2789 1112 2820 Epit.
1127 2798 1151 2818 (ξ.
1169 2765 1212 2818 36.
1253 2791 1275 2807 ¹⁰
1289 2792 1488 2820 παραδοθεῖσαν
1506 2793 1615 2820 ἐντολῆν
1630 2786 1691 2820 cod.
1706 2759 1774 2820 Elea.
1791 2794 1854 2820 804.

215 2789 295 2824 habet
312 2787 384 2824 Epit.
401 2787 427 2815 cI
438 2789 483 2816 66.
522 2789 533 2804 ⁹
544 2789 598 2815 τῶν
612 2788 763 2822 adjnngunt
775 2789 834 2824 eod.
852 2788 984 2824 [103804
998 2794 1026 2817 et
1039 2787 1151 2824 Epitfc.

1187 2792 1212 2818 6.
1253 2786 1276 2829 ’ξ
1289 2792 1488 2829 παραδοθεῖσαν
1506 2786 1615 2828 ἓντολὴν
1630 2786 1691 2821 cod.
1706 2786 1774 2829 Reg.
1791 2786 1854 2822 80-4:

214 2823 237 2862 ’.ξ
250 2822 279 2862 εξ
293 2823 378 2862 αὐτῆς
436 2823 500 2862 Dein
514 2824 753 2862 mimi/thiam;
765 2823 802 2862 C,_
812 2823 841 2850 υ.
862 2860 868 2862 _
881 2823 953 2862 ”_lta
964 2823 986 2851 0
999 2829 1025 2852 et
1037 2822 1102 2862 C'cx
1115 2826 1243 2860 conject"
1258 2822 1464 2861 βασιλευοῦντες
1478 2827 1514 2854 id.
1530 2828 1555 2854 in
1571 2822 1656 2860 tc'xtu,
1671 2822 1855 2862 ἀπολαύοντες

215 2857 284 2891 Epit.
302 2858 320 2884 l.
336 2857 361 2885 c.

214 2887 311 2927 ιδ’χθές
325 2895 355 2920 0.
373 2893 442 2920 Tum
456 2887 571 2922 fortasse
588 2895 637 2929 h-g.
653 2887 864 2929 ἐπιθεμένουξδ,
906 2895 926 2910 1°
942 2895 1013 2930 ὑμᾶς
1029 2895 1057 2930 S,
1072 2887 1104 2929 0,
1120 2896 1199 2931 ὑμεῖς
1215 2887 1245 2925 C'.

402 2859 423 2874 ¹²
437 2859 527 2906 ἀενάῳ
542 2859 573 2886 C.
588 2895 593 2906 l
614 2859 635 2874 ”
655 2858 781 2906 ~l“orntasse
797 2859 853 2906 leg;
861 2859 997 2906 strix“:va
1006 2860 1062 2906 socla
1073 2858 1415 2906 Κνιιξεεὴξίαμμίοηςίίιιηιιις
1432 2858 1699 2906 νέιηῑιιιιιηΙέιιωςιῂἰιλ
1710 2864 1804 2906 tv,n32.
1823 2858 1849 2893 SI

1287 2898 1306 2913 ¹⁷
1320 2897 1446 2933 ἔρχεσθαι
1460 2897 1490 2925 0.
1532 2899 1553 2914 ¹⁸
1568 2897 1731 2934 πορεύεσθαι
1746 2900 1778 2928 Ο.
