  <div class='ocr_page' id='page_1' title='image "/cluster/home/n/w/nwhite01/storage/ocr_20150623/2/njp.32101077772349/192.png"; bbox 0 0 1932 3100; ppageno 0'>
   <div class='ocr_carea' id='block_1_1' title="bbox 64 143 111 171">
    <p class='ocr_par' dir='ltr' id='par_1_1' title="bbox 64 143 111 171">
     <span class='ocr_line' id='line_1_1' title="bbox 64 143 111 171; baseline -0.043 0"><span class='ocrx_word' id='word_1_1' title='bbox 64 143 111 171; x_wconf 70' lang='grc'><strong>257</strong></span> 
     </span>
    </p>
   </div>
   <div class='ocr_carea' id='block_1_2' title="bbox 612 134 1120 167">
    <p class='ocr_par' dir='ltr' id='par_1_2' title="bbox 612 134 1120 167">
     <span class='ocr_line' id='line_1_2' title="bbox 612 134 1120 167; baseline -0.006 0"><span class='ocrx_word' id='word_1_2' title='bbox 612 135 843 167; x_wconf 80' lang='lat' dir='ltr'><strong>CLEMENTINA.</strong></span> <span class='ocrx_word' id='word_1_3' title='bbox 863 151 898 157; x_wconf 92' lang='lat'>—</span> <span class='ocrx_word' id='word_1_4' title='bbox 916 136 1056 164; x_wconf 78' lang='lat' dir='ltr'><strong>IIOMILIA</strong></span> <span class='ocrx_word' id='word_1_5' title='bbox 1075 134 1120 164; x_wconf 76' lang='lat' dir='ltr'><strong>IX.</strong></span> 
     </span>
    </p>
   </div>
   <div class='ocr_carea' id='block_1_3' title="bbox 1636 139 1689 168">
    <p class='ocr_par' dir='ltr' id='par_1_3' title="bbox 1636 139 1689 168">
     <span class='ocr_line' id='line_1_3' title="bbox 1636 139 1689 168; baseline 0.038 -2"><span class='ocrx_word' id='word_1_6' title='bbox 1636 139 1689 168; x_wconf 73' lang='grc'><strong>258</strong></span> 
     </span>
    </p>
   </div>
   <div class='ocr_carea' id='block_1_4' title="bbox 64 191 846 233">
    <p class='ocr_par' dir='ltr' id='par_1_4' title="bbox 64 194 846 233">
     <span class='ocr_line' id='line_1_4' title="bbox 64 194 846 233; baseline -0.009 -7"><span class='ocrx_word' id='word_1_7' title='bbox 64 201 107 227; x_wconf 71' lang='grc' dir='ltr'>καὶ</span> <span class='ocrx_word' id='word_1_8' title='bbox 128 200 142 225; x_wconf 88' lang='grc' dir='ltr'><strong><em>ὁ</em></strong></span> <span class='ocrx_word' id='word_1_9' title='bbox 165 197 226 233; x_wconf 84' lang='grc' dir='ltr'><strong>Θεῷ</strong></span> <span class='ocrx_word' id='word_1_10' title='bbox 252 196 349 224; x_wconf 76' lang='grc' dir='ltr'>ἑαυτὸν</span> <span class='ocrx_word' id='word_1_11' title='bbox 373 194 499 229; x_wconf 82' lang='grc' dir='ltr'>ἀποδοὺς,</span> <span class='ocrx_word' id='word_1_12' title='bbox 527 195 622 226; x_wconf 80' lang='grc' dir='ltr'>πιστὸς</span> <span class='ocrx_word' id='word_1_13' title='bbox 637 194 810 230; x_wconf 80' lang='grc' dir='ltr'>ὣν,δαίμοσί</span> <span class='ocrx_word' id='word_1_14' title='bbox 826 201 846 219; x_wconf 81' lang='grc' dir='ltr'><strong>τι</strong></span> 
     </span>
    </p>
   </div>
   <div class='ocr_carea' id='block_1_5' title="bbox 898 191 1690 233">
    <p class='ocr_par' dir='ltr' id='par_1_5' title="bbox 907 191 1690 227">
     <span class='ocr_line' id='line_1_5' title="bbox 907 191 1690 227; baseline 0.003 -8"><span class='ocrx_word' id='word_1_15' title='bbox 907 196 1003 227; x_wconf 92' lang='lat' dir='ltr'><strong>estque</strong></span> <span class='ocrx_word' id='word_1_16' title='bbox 1017 192 1114 222; x_wconf 82' lang='lat' dir='ltr'><strong>ﬁdelis.</strong></span> <span class='ocrx_word' id='word_1_17' title='bbox 1136 191 1306 220; x_wconf 67' lang='lat' dir='ltr'><strong>daemonibus</strong></span> <span class='ocrx_word' id='word_1_18' title='bbox 1322 199 1355 221; x_wconf 87' lang='lat' dir='ltr'><strong>ac</strong></span> <span class='ocrx_word' id='word_1_19' title='bbox 1376 192 1478 220; x_wconf 82' lang='lat' dir='ltr'><strong>morbis</strong></span> <span class='ocrx_word' id='word_1_20' title='bbox 1498 193 1630 221; x_wconf 76' lang='lat' dir='ltr'><strong>duntaxat</strong></span> <span class='ocrx_word' id='word_1_21' title='bbox 1648 195 1690 222; x_wconf 89' lang='lat' dir='ltr'><strong>lo-</strong></span> 
     </span>
    </p>
   </div>
   <div class='ocr_carea' id='block_1_6' title="bbox 64 239 851 280">
    <p class='ocr_par' dir='ltr' id='par_1_6' title="bbox 64 239 851 280">
     <span class='ocr_line' id='line_1_6' title="bbox 64 239 851 280; baseline -0.009 -8"><span class='ocrx_word' id='word_1_22' title='bbox 64 248 105 273; x_wconf 71' lang='grc' dir='ltr'><strong>καὶ</strong></span> <span class='ocrx_word' id='word_1_23' title='bbox 121 245 219 272; x_wconf 73' lang='grc' dir='ltr'>πάθεσι</span> <span class='ocrx_word' id='word_1_24' title='bbox 238 244 318 280; x_wconf 85' lang='grc' dir='ltr'>μόνον</span> <span class='ocrx_word' id='word_1_25' title='bbox 342 243 430 277; x_wconf 83' lang='grc' dir='ltr'>λέγων</span> <span class='ocrx_word' id='word_1_26' title='bbox 453 240 598 273; x_wconf 80' lang='grc' dir='ltr'>ἀκούεται,</span> <span class='ocrx_word' id='word_1_27' title='bbox 616 241 663 267; x_wconf 76' lang='grc' dir='ltr'>καὶ</span> <span class='ocrx_word' id='word_1_28' title='bbox 679 239 851 275; x_wconf 79' lang='grc' dir='ltr'>ὒποχωροῦσι</span> 
     </span>
    </p>
   </div>
   <div class='ocr_carea' id='block_1_7' title="bbox 63 285 849 327">
    <p class='ocr_par' dir='ltr' id='par_1_7' title="bbox 63 285 849 327">
     <span class='ocr_line' id='line_1_7' title="bbox 63 285 849 327; baseline -0.01 -8"><span class='ocrx_word' id='word_1_29' title='bbox 63 293 191 327; x_wconf 73' lang='grc' dir='ltr'>δαίμονες,</span> <span class='ocrx_word' id='word_1_30' title='bbox 215 291 285 317; x_wconf 77' lang='grc' dir='ltr'>πολὺ</span> <span class='ocrx_word' id='word_1_31' title='bbox 309 289 481 325; x_wconf 77' lang='grc' dir='ltr'><strong>ἰσχυρότεροι</strong></span> <span class='ocrx_word' id='word_1_32' title='bbox 500 287 577 319; x_wconf 78' lang='grc' dir='ltr'>ὗντες</span> <span class='ocrx_word' id='word_1_33' title='bbox 599 287 654 313; x_wconf 85' lang='grc' dir='ltr'>τῶν</span> <span class='ocrx_word' id='word_1_34' title='bbox 675 285 849 313; x_wconf 86' lang='grc' dir='ltr'>κελευόντων.</span> 
     </span>
    </p>
   </div>
   <div class='ocr_carea' id='block_1_8' title="bbox 69 331 852 372">
    <p class='ocr_par' dir='ltr' id='par_1_8' title="bbox 69 331 852 372">
     <span class='ocr_line' id='line_1_8' title="bbox 69 331 852 372; baseline -0.009 -8"><span class='ocrx_word' id='word_1_35' title='bbox 69 337 205 372; x_wconf 75' lang='grc' dir='ltr'>Ἀφράστῳ</span> <span class='ocrx_word' id='word_1_36' title='bbox 235 335 292 372; x_wconf 84' lang='grc' dir='ltr'>γὰρ</span> <span class='ocrx_word' id='word_1_37' title='bbox 317 335 430 370; x_wconf 79' lang='grc' dir='ltr'><strong>δυνάμει</strong></span> <span class='ocrx_word' id='word_1_38' title='bbox 454 333 499 360; x_wconf 76' lang='grc' dir='ltr'>τὸν</span> <span class='ocrx_word' id='word_1_39' title='bbox 525 332 640 359; x_wconf 79' lang='grc' dir='ltr'><strong>ἑκάστου</strong></span> <span class='ocrx_word' id='word_1_40' title='bbox 667 331 729 358; x_wconf 82' lang='grc' dir='ltr'>νοῦν</span> <span class='ocrx_word' id='word_1_41' title='bbox 754 332 768 358; x_wconf 86' lang='grc' dir='ltr'><strong>ό</strong></span> <span class='ocrx_word' id='word_1_42' title='bbox 785 331 852 362; x_wconf 82' lang='grc' dir='ltr'>Θεὸς</span> 
     </span>
    </p>
   </div>
   <div class='ocr_carea' id='block_1_9' title="bbox 63 377 852 416">
    <p class='ocr_par' dir='ltr' id='par_1_9' title="bbox 63 377 852 416">
     <span class='ocr_line' id='line_1_9' title="bbox 63 377 852 416; baseline -0.008 -7"><span class='ocrx_word' id='word_1_43' title='bbox 63 382 203 410; x_wconf 77' lang='grc' dir='ltr'>ὖποτὰσσει</span> <span class='ocrx_word' id='word_1_44' title='bbox 221 378 245 415; x_wconf 84' lang='grc' dir='ltr'>ᾧ</span> <span class='ocrx_word' id='word_1_45' title='bbox 265 380 399 416; x_wconf 86' lang='grc' dir='ltr'>βούλεται.</span> <span class='ocrx_word' id='word_1_46' title='bbox 423 380 467 411; x_wconf 83' lang='grc' dir='ltr'>Ὠς</span> <span class='ocrx_word' id='word_1_47' title='bbox 486 378 542 415; x_wconf 82' lang='grc' dir='ltr'><strong>γὰρ</strong></span> <span class='ocrx_word' id='word_1_48' title='bbox 557 378 603 405; x_wconf 77' lang='grc' dir='ltr'><strong>τὸν</strong></span> <span class='ocrx_word' id='word_1_49' title='bbox 623 377 752 413; x_wconf 83' lang='grc' dir='ltr'>Καίσαρα</span> <span class='ocrx_word' id='word_1_50' title='bbox 768 377 852 411; x_wconf 80' lang='grc' dir='ltr'>πεφό-</span> 
     </span>
    </p>
   </div>
   <div class='ocr_carea' id='block_1_10' title="bbox 62 423 851 462">
    <p class='ocr_par' dir='ltr' id='par_1_10' title="bbox 62 423 851 462">
     <span class='ocr_line' id='line_1_10' title="bbox 62 423 851 462; baseline -0.006 -8"><span class='ocrx_word' id='word_1_51' title='bbox 62 429 150 462; x_wconf 75' lang='grc' dir='ltr'>ϐηνται</span> <span class='ocrx_word' id='word_1_52' title='bbox 165 427 233 454; x_wconf 74' lang='grc' dir='ltr'>ὂντα</span> <span class='ocrx_word' id='word_1_53' title='bbox 253 426 398 462; x_wconf 81' lang='grc' dir='ltr'>ἄνθρωπον</span> <span class='ocrx_word' id='word_1_54' title='bbox 411 425 503 452; x_wconf 81' lang='grc' dir='ltr'>πολλοὶ</span> <span class='ocrx_word' id='word_1_55' title='bbox 519 423 653 460; x_wconf 77' lang='grc' dir='ltr'><strong>ἡγεμόνες</strong></span> <span class='ocrx_word' id='word_1_56' title='bbox 670 423 740 459; x_wconf 86' lang='grc' dir='ltr'>μετὰ</span> <span class='ocrx_word' id='word_1_57' title='bbox 756 423 851 457; x_wconf 85' lang='grc' dir='ltr'>πασῷν</span> 
     </span>
    </p>
   </div>
   <div class='ocr_carea' id='block_1_11' title="bbox 61 468 850 507">
    <p class='ocr_par' dir='ltr' id='par_1_11' title="bbox 61 468 850 507">
     <span class='ocr_line' id='line_1_11' title="bbox 61 468 850 507; baseline -0.006 -8"><span class='ocrx_word' id='word_1_58' title='bbox 61 473 109 500; x_wconf 78' lang='grc' dir='ltr'>τῶν</span> <span class='ocrx_word' id='word_1_59' title='bbox 124 471 309 507; x_wconf 77' lang='grc' dir='ltr'>παρεμΰολῶν</span> <span class='ocrx_word' id='word_1_60' title='bbox 325 472 372 498; x_wconf 67' lang='grc' dir='ltr'><strong>καὶ</strong></span> <span class='ocrx_word' id='word_1_61' title='bbox 388 471 501 502; x_wconf 80' lang='grc' dir='ltr'>πόλεων,</span> <span class='ocrx_word' id='word_1_62' title='bbox 509 470 559 505; x_wconf 81' lang='grc' dir='ltr'>τῆς</span> <span class='ocrx_word' id='word_1_63' title='bbox 571 469 687 496; x_wconf 78' lang='grc' dir='ltr'><strong>ἑκάστου</strong></span> <span class='ocrx_word' id='word_1_64' title='bbox 704 468 819 503; x_wconf 80' lang='grc' dir='ltr'><strong>καρδίας</strong></span> <span class='ocrx_word' id='word_1_65' title='bbox 829 468 850 484; x_wconf 84' lang='grc'><strong>²⁹</strong></span> 
     </span>
    </p>
   </div>
   <div class='ocr_carea' id='block_1_12' title="bbox 60 513 851 553">
    <p class='ocr_par' dir='ltr' id='par_1_12' title="bbox 60 513 851 553">
     <span class='ocr_line' id='line_1_12' title="bbox 60 513 851 553; baseline -0.006 -8"><span class='ocrx_word' id='word_1_66' title='bbox 60 519 108 545; x_wconf 83' lang='grc' dir='ltr'><strong>τῶν</strong></span> <span class='ocrx_word' id='word_1_67' title='bbox 133 518 201 545; x_wconf 80' lang='grc' dir='ltr'>ὅλων</span> <span class='ocrx_word' id='word_1_68' title='bbox 224 518 320 544; x_wconf 72' lang='grc' dir='ltr'>εἰκόνα</span> <span class='ocrx_word' id='word_1_69' title='bbox 344 517 480 553; x_wconf 85' lang='grc' dir='ltr'>προτιμᾷν</span> <span class='ocrx_word' id='word_1_70' title='bbox 502 515 678 551; x_wconf 82' lang='grc' dir='ltr'>σπευδούσης·</span> <span class='ocrx_word' id='word_1_71' title='bbox 702 514 771 541; x_wconf 85' lang='grc' dir='ltr'><strong>Θεοῦ</strong></span> <span class='ocrx_word' id='word_1_72' title='bbox 795 513 851 550; x_wconf 85' lang='grc' dir='ltr'><strong>γὰρ</strong></span> 
     </span>
    </p>
   </div>
   <div class='ocr_carea' id='block_1_13' title="bbox 61 560 850 600">
    <p class='ocr_par' dir='ltr' id='par_1_13' title="bbox 61 560 850 600">
     <span class='ocr_line' id='line_1_13' title="bbox 61 560 850 600; baseline -0.006 -9"><span class='ocrx_word' id='word_1_73' title='bbox 61 564 135 600; x_wconf 77' lang='grc' dir='ltr'>βουλῇ</span> <span class='ocrx_word' id='word_1_74' title='bbox 151 564 186 590; x_wconf 82' lang='grc' dir='ltr'>τὰ</span> <span class='ocrx_word' id='word_1_75' title='bbox 202 563 296 591; x_wconf 86' lang='grc' dir='ltr'>πάντα</span> <span class='ocrx_word' id='word_1_76' title='bbox 318 562 501 598; x_wconf 79' lang='grc' dir='ltr'>δεδουλωμένα</span> <span class='ocrx_word' id='word_1_77' title='bbox 524 561 598 596; x_wconf 77' lang='grc' dir='ltr'>φόϐῳ</span> <span class='ocrx_word' id='word_1_78' title='bbox 614 561 664 597; x_wconf 78' lang='grc' dir='ltr'>τὴν</span> <span class='ocrx_word' id='word_1_79' title='bbox 687 560 776 587; x_wconf 72' lang='grc' dir='ltr'>αἰτίαν</span> <span class='ocrx_word' id='word_1_80' title='bbox 800 561 850 587; x_wconf 86' lang='grc' dir='ltr'>οὐκ</span> 
     </span>
    </p>
   </div>
   <div class='ocr_carea' id='block_1_14' title="bbox 59 606 849 644">
    <p class='ocr_par' dir='ltr' id='par_1_14' title="bbox 59 606 849 644">
     <span class='ocr_line' id='line_1_14' title="bbox 59 606 849 644; baseline -0.005 -8"><span class='ocrx_word' id='word_1_81' title='bbox 59 608 132 636; x_wconf 81' lang='grc' dir='ltr'>οἶδεν·</span> <span class='ocrx_word' id='word_1_82' title='bbox 157 609 231 636; x_wconf 78' lang='grc' dir='ltr'>οὕτω</span> <span class='ocrx_word' id='word_1_83' title='bbox 248 610 296 636; x_wconf 74' lang='grc' dir='ltr'>καὶ</span> <span class='ocrx_word' id='word_1_84' title='bbox 312 610 358 636; x_wconf 79' lang='grc' dir='ltr'>τὸν</span> <span class='ocrx_word' id='word_1_85' title='bbox 379 608 439 644; x_wconf 82' lang='grc' dir='ltr'><strong>Θεῷ</strong></span> <span class='ocrx_word' id='word_1_86' title='bbox 455 607 661 644; x_wconf 81' lang='grc' dir='ltr'>προσφεύγοντα</span> <span class='ocrx_word' id='word_1_87' title='bbox 677 607 725 633; x_wconf 78' lang='grc' dir='ltr'>καὶ</span> <span class='ocrx_word' id='word_1_88' title='bbox 744 606 793 642; x_wconf 86' lang='grc' dir='ltr'>τὴν</span> <span class='ocrx_word' id='word_1_89' title='bbox 809 606 849 633; x_wconf 88' lang='grc' dir='ltr'>δι-</span> 
     </span>
    </p>
   </div>
   <div class='ocr_carea' id='block_1_15' title="bbox 60 652 849 690">
    <p class='ocr_par' dir='ltr' id='par_1_15' title="bbox 60 652 849 690">
     <span class='ocr_line' id='line_1_15' title="bbox 60 652 849 690; baseline -0.004 -8"><span class='ocrx_word' id='word_1_90' title='bbox 60 657 133 682; x_wconf 75' lang='grc' dir='ltr'>καίαν</span> <span class='ocrx_word' id='word_1_91' title='bbox 149 655 243 682; x_wconf 77' lang='grc' dir='ltr'>πίστιν</span> <span class='ocrx_word' id='word_1_92' title='bbox 262 655 357 690; x_wconf 84' lang='grc' dir='ltr'>ὥσπερ</span> <span class='ocrx_word' id='word_1_93' title='bbox 381 654 473 681; x_wconf 76' lang='grc' dir='ltr'>εἰκόνα</span> <span class='ocrx_word' id='word_1_94' title='bbox 493 653 575 680; x_wconf 83' lang='grc' dir='ltr'>αὑτοῦ</span> <span class='ocrx_word' id='word_1_95' title='bbox 592 653 621 679; x_wconf 88' lang='grc' dir='ltr'>ὲν</span> <span class='ocrx_word' id='word_1_96' title='bbox 637 653 670 688; x_wconf 82' lang='grc' dir='ltr'>τῇ</span> <span class='ocrx_word' id='word_1_97' title='bbox 692 652 776 680; x_wconf 80' lang='grc' dir='ltr'>αὑτοῦ</span> <span class='ocrx_word' id='word_1_98' title='bbox 799 652 849 688; x_wconf 83' lang='grc' dir='ltr'><strong>βα-</strong></span> 
     </span>
    </p>
   </div>
   <div class='ocr_carea' id='block_1_16' title="bbox 61 697 850 735">
    <p class='ocr_par' dir='ltr' id='par_1_16' title="bbox 61 697 850 735">
     <span class='ocr_line' id='line_1_16' title="bbox 61 697 850 735; baseline -0.003 -10"><span class='ocrx_word' id='word_1_99' title='bbox 61 699 183 731; x_wconf 71' lang='grc' dir='ltr'>στάζοντα</span> <span class='ocrx_word' id='word_1_100' title='bbox 199 699 303 735; x_wconf 76' lang='grc' dir='ltr'>καρδία</span> <span class='ocrx_word' id='word_1_101' title='bbox 320 699 409 725; x_wconf 80' lang='grc' dir='ltr'>πάντα</span> <span class='ocrx_word' id='word_1_102' title='bbox 424 698 459 725; x_wconf 83' lang='grc' dir='ltr'><strong>τὰ</strong></span> <span class='ocrx_word' id='word_1_103' title='bbox 475 697 612 725; x_wconf 84' lang='grc' dir='ltr'>παθοποιὰ</span> <span class='ocrx_word' id='word_1_104' title='bbox 630 697 771 733; x_wconf 87' lang='grc' dir='ltr'>πνεύματα</span> <span class='ocrx_word' id='word_1_105' title='bbox 782 698 850 733; x_wconf 79' lang='grc' dir='ltr'>τιμᾷ</span> 
     </span>
    </p>
   </div>
   <div class='ocr_carea' id='block_1_17' title="bbox 59 743 684 780">
    <p class='ocr_par' dir='ltr' id='par_1_17' title="bbox 59 743 684 780">
     <span class='ocr_line' id='line_1_17' title="bbox 59 743 684 780; baseline -0.002 -9"><span class='ocrx_word' id='word_1_106' title='bbox 59 745 101 771; x_wconf 75' lang='grc' dir='ltr'>καὶ</span> <span class='ocrx_word' id='word_1_107' title='bbox 116 745 221 779; x_wconf 78' lang='grc' dir='ltr'>φεύγει,</span> <span class='ocrx_word' id='word_1_108' title='bbox 241 746 346 780; x_wconf 80' lang='grc' dir='ltr'><strong>φυσικῇ</strong></span> <span class='ocrx_word' id='word_1_109' title='bbox 363 744 416 770; x_wconf 83' lang='grc' dir='ltr'>τινὶ</span> <span class='ocrx_word' id='word_1_110' title='bbox 431 744 483 779; x_wconf 84' lang='grc' dir='ltr'><strong>ὁδῷ</strong></span> <span class='ocrx_word' id='word_1_111' title='bbox 496 743 684 778; x_wconf 75' lang='grc' dir='ltr'>πεφυσημένα.</span> 
     </span>
    </p>
   </div>
   <div class='ocr_carea' id='block_1_18' title="bbox 90 787 850 825">
    <p class='ocr_par' dir='ltr' id='par_1_18' title="bbox 90 787 850 825">
     <span class='ocr_line' id='line_1_18' title="bbox 90 787 850 825; baseline -0.003 -8"><span class='ocrx_word' id='word_1_112' title='bbox 90 790 167 817; x_wconf 75' lang='lat' dir='ltr'><strong>XXII.</strong></span> <span class='ocrx_word' id='word_1_113' title='bbox 194 790 268 817; x_wconf 78' lang='grc' dir='ltr'>Ἀλλ’</span> <span class='ocrx_word' id='word_1_114' title='bbox 278 791 354 825; x_wconf 82' lang='grc' dir='ltr'>ὅμως</span> <span class='ocrx_word' id='word_1_115' title='bbox 379 789 432 816; x_wconf 76' lang='grc' dir='ltr'>κᾶν</span> <span class='ocrx_word' id='word_1_116' title='bbox 457 790 480 805; x_wconf 82' lang='grc'><strong>²⁰</strong></span> <span class='ocrx_word' id='word_1_117' title='bbox 505 789 606 821; x_wconf 79' lang='grc' dir='ltr'>πάντες</span> <span class='ocrx_word' id='word_1_118' title='bbox 628 789 755 824; x_wconf 87' lang='grc' dir='ltr'>δαίμονες</span> <span class='ocrx_word' id='word_1_119' title='bbox 780 787 850 824; x_wconf 81' lang='grc' dir='ltr'>μετὰ</span> 
     </span>
    </p>
   </div>
   <div class='ocr_carea' id='block_1_19' title="bbox 61 835 848 872">
    <p class='ocr_par' dir='ltr' id='par_1_19' title="bbox 61 835 848 872">
     <span class='ocr_line' id='line_1_19' title="bbox 61 835 848 872; baseline -0.003 -8"><span class='ocrx_word' id='word_1_120' title='bbox 61 837 159 864; x_wconf 80' lang='grc' dir='ltr'>πάντων</span> <span class='ocrx_word' id='word_1_121' title='bbox 174 837 231 864; x_wconf 87' lang='grc' dir='ltr'><strong>τῶν</strong></span> <span class='ocrx_word' id='word_1_122' title='bbox 249 837 345 864; x_wconf 81' lang='grc' dir='ltr'>παθῶν</span> <span class='ocrx_word' id='word_1_123' title='bbox 372 837 444 872; x_wconf 82' lang='grc' dir='ltr'>ὑμᾶς</span> <span class='ocrx_word' id='word_1_124' title='bbox 469 835 624 872; x_wconf 83' lang='grc' dir='ltr'><strong>φεύγωσιν,</strong></span> <span class='ocrx_word' id='word_1_125' title='bbox 650 837 700 863; x_wconf 83' lang='grc' dir='ltr'>οὐκ</span> <span class='ocrx_word' id='word_1_126' title='bbox 723 836 797 862; x_wconf 72' lang='grc' dir='ltr'>ἐστιν</span> <span class='ocrx_word' id='word_1_127' title='bbox 819 837 848 862; x_wconf 85' lang='grc' dir='ltr'>ὲν</span> 
     </span>
    </p>
   </div>
   <div class='ocr_carea' id='block_1_20' title="bbox 901 237 1690 274">
    <p class='ocr_par' dir='ltr' id='par_1_20' title="bbox 901 237 1690 274">
     <span class='ocr_line' id='line_1_20' title="bbox 901 237 1690 274; baseline 0.004 -10"><span class='ocrx_word' id='word_1_128' title='bbox 901 244 989 272; x_wconf 82' lang='lat' dir='ltr'><strong>quens</strong></span> <span class='ocrx_word' id='word_1_129' title='bbox 1010 237 1131 271; x_wconf 77' lang='lat' dir='ltr'><strong>auditur,</strong></span> <span class='ocrx_word' id='word_1_130' title='bbox 1158 242 1184 264; x_wconf 89' lang='lat' dir='ltr'><strong>et</strong></span> <span class='ocrx_word' id='word_1_131' title='bbox 1208 238 1340 265; x_wconf 90' lang='lat' dir='ltr'><strong>recedunt</strong></span> <span class='ocrx_word' id='word_1_132' title='bbox 1363 238 1511 270; x_wconf 67' lang='lat' dir='ltr'><strong>daemones,</strong></span> <span class='ocrx_word' id='word_1_133' title='bbox 1538 240 1584 274; x_wconf 91' lang='lat' dir='ltr'><strong>qui</strong></span> <span class='ocrx_word' id='word_1_134' title='bbox 1603 240 1690 268; x_wconf 89' lang='lat' dir='ltr'><strong>multo</strong></span> 
     </span>
    </p>
   </div>
   <div class='ocr_carea' id='block_1_21' title="bbox 901 282 1690 319">
    <p class='ocr_par' dir='ltr' id='par_1_21' title="bbox 901 282 1690 319">
     <span class='ocr_line' id='line_1_21' title="bbox 901 282 1690 319; baseline 0.005 -10"><span class='ocrx_word' id='word_1_135' title='bbox 901 282 1030 310; x_wconf 89' lang='lat' dir='ltr'><strong>fortiores</strong></span> <span class='ocrx_word' id='word_1_136' title='bbox 1047 288 1112 310; x_wconf 87' lang='lat' dir='ltr'><strong>sunt</strong></span> <span class='ocrx_word' id='word_1_137' title='bbox 1124 283 1293 318; x_wconf 89' lang='lat' dir='ltr'><strong>jubentibus.</strong></span> <span class='ocrx_word' id='word_1_138' title='bbox 1317 283 1449 311; x_wconf 80' lang='lat' dir='ltr'><strong>lneffahili</strong></span> <span class='ocrx_word' id='word_1_139' title='bbox 1463 284 1562 319; x_wconf 81' lang='lat' dir='ltr'><strong>quippe</strong></span> <span class='ocrx_word' id='word_1_140' title='bbox 1578 285 1605 312; x_wconf 93' lang='lat' dir='ltr'><strong>vi</strong></span> <span class='ocrx_word' id='word_1_141' title='bbox 1617 285 1690 314; x_wconf 75' lang='lat' dir='ltr'><strong>Deus</strong></span> 
     </span>
    </p>
   </div>
   <div class='ocr_carea' id='block_1_22' title="bbox 901 328 1690 365">
    <p class='ocr_par' dir='ltr' id='par_1_22' title="bbox 901 328 1690 365">
     <span class='ocr_line' id='line_1_22' title="bbox 901 328 1690 365; baseline 0.004 -10"><span class='ocrx_word' id='word_1_142' title='bbox 901 333 1019 356; x_wconf 88' lang='lat' dir='ltr'><strong>mentem</strong></span> <span class='ocrx_word' id='word_1_143' title='bbox 1033 328 1202 365; x_wconf 81' lang='lat' dir='ltr'><strong>singulorum</strong></span> <span class='ocrx_word' id='word_1_144' title='bbox 1218 329 1311 357; x_wconf 82' lang='lat' dir='ltr'><strong>subdit</strong></span> <span class='ocrx_word' id='word_1_145' title='bbox 1326 330 1372 357; x_wconf 90' lang='lat' dir='ltr'><strong>cui</strong></span> <span class='ocrx_word' id='word_1_146' title='bbox 1383 330 1450 357; x_wconf 86' lang='lat' dir='ltr'><strong>vult.</strong></span> <span class='ocrx_word' id='word_1_147' title='bbox 1471 329 1540 357; x_wconf 87' lang='lat' dir='ltr'><strong>Nam</strong></span> <span class='ocrx_word' id='word_1_148' title='bbox 1557 331 1690 365; x_wconf 87' lang='lat' dir='ltr'><strong>quemad-</strong></span> 
     </span>
    </p>
   </div>
   <div class='ocr_carea' id='block_1_23' title="bbox 901 374 1689 410">
    <p class='ocr_par' dir='ltr' id='par_1_23' title="bbox 901 374 1689 410">
     <span class='ocr_line' id='line_1_23' title="bbox 901 374 1689 410; baseline 0.003 -9"><span class='ocrx_word' id='word_1_149' title='bbox 901 374 1012 401; x_wconf 91' lang='lat' dir='ltr'><strong>modum</strong></span> <span class='ocrx_word' id='word_1_150' title='bbox 1038 374 1183 408; x_wconf 77' lang='lat' dir='ltr'><strong>Caesarem,</strong></span> <span class='ocrx_word' id='word_1_151' title='bbox 1204 375 1250 410; x_wconf 86' lang='lat' dir='ltr'><strong>qui</strong></span> <span class='ocrx_word' id='word_1_152' title='bbox 1273 374 1357 402; x_wconf 88' lang='lat' dir='ltr'><strong>homo</strong></span> <span class='ocrx_word' id='word_1_153' title='bbox 1377 379 1430 407; x_wconf 87' lang='lat' dir='ltr'><strong>est,</strong></span> <span class='ocrx_word' id='word_1_154' title='bbox 1455 380 1582 402; x_wconf 72' lang='lat' dir='ltr'><strong>metuunt</strong></span> <span class='ocrx_word' id='word_1_155' title='bbox 1605 375 1689 403; x_wconf 78' lang='lat' dir='ltr'><strong>duces</strong></span> 
     </span>
    </p>
   </div>
   <div class='ocr_carea' id='block_1_24' title="bbox 901 419 1690 456">
    <p class='ocr_par' dir='ltr' id='par_1_24' title="bbox 901 419 1690 456">
     <span class='ocr_line' id='line_1_24' title="bbox 901 419 1690 456; baseline 0.003 -10"><span class='ocrx_word' id='word_1_156' title='bbox 901 419 1012 454; x_wconf 82' lang='lat' dir='ltr'><strong>plurimi</strong></span> <span class='ocrx_word' id='word_1_157' title='bbox 1034 426 1097 446; x_wconf 91' lang='lat' dir='ltr'><strong>cum</strong></span> <span class='ocrx_word' id='word_1_158' title='bbox 1112 419 1241 447; x_wconf 83' lang='lat' dir='ltr'><strong>omnibus</strong></span> <span class='ocrx_word' id='word_1_159' title='bbox 1256 420 1354 448; x_wconf 83' lang='lat' dir='ltr'><strong>castris</strong></span> <span class='ocrx_word' id='word_1_160' title='bbox 1370 425 1397 448; x_wconf 91' lang='lat' dir='ltr'><strong>et</strong></span> <span class='ocrx_word' id='word_1_161' title='bbox 1417 420 1543 454; x_wconf 85' lang='lat' dir='ltr'><strong>urbibus,</strong></span> <span class='ocrx_word' id='word_1_162' title='bbox 1565 421 1690 456; x_wconf 55' lang='lat' dir='ltr'><strong>singulos</strong></span> 
     </span>
    </p>
   </div>
   <div class='ocr_carea' id='block_1_25' title="bbox 901 465 1690 500">
    <p class='ocr_par' dir='ltr' id='par_1_25' title="bbox 901 465 1690 500">
     <span class='ocr_line' id='line_1_25' title="bbox 901 465 1690 500; baseline 0.003 -8"><span class='ocrx_word' id='word_1_163' title='bbox 901 473 963 492; x_wconf 88' lang='lat' dir='ltr'><strong>rum</strong></span> <span class='ocrx_word' id='word_1_164' title='bbox 978 465 1060 492; x_wconf 87' lang='lat' dir='ltr'><strong>corde</strong></span> <span class='ocrx_word' id='word_1_165' title='bbox 1081 465 1227 500; x_wconf 84' lang='lat' dir='ltr'><strong>imaginem</strong></span> <span class='ocrx_word' id='word_1_166' title='bbox 1255 465 1364 493; x_wconf 81' lang='lat' dir='ltr'><strong>Domini</strong></span> <span class='ocrx_word' id='word_1_167' title='bbox 1386 471 1549 493; x_wconf 85' lang='lat' dir='ltr'><strong>cunctorum</strong></span> <span class='ocrx_word' id='word_1_168' title='bbox 1564 467 1690 494; x_wconf 85' lang='lat' dir='ltr'><strong>venerari</strong></span> 
     </span>
    </p>
   </div>
   <div class='ocr_carea' id='block_1_26' title="bbox 900 511 1690 547">
    <p class='ocr_par' dir='ltr' id='par_1_26' title="bbox 900 511 1690 547">
     <span class='ocr_line' id='line_1_26' title="bbox 900 511 1690 547; baseline 0.003 -10"><span class='ocrx_word' id='word_1_169' title='bbox 900 517 1065 546; x_wconf 81' lang='lat' dir='ltr'><strong>properante</strong></span> <span class='ocrx_word' id='word_1_170' title='bbox 1078 519 1085 538; x_wconf 88' lang='lat'><strong>:</strong></span> <span class='ocrx_word' id='word_1_171' title='bbox 1100 511 1147 539; x_wconf 90' lang='lat' dir='ltr'><strong>Dei</strong></span> <span class='ocrx_word' id='word_1_172' title='bbox 1162 512 1296 547; x_wconf 89' lang='lat' dir='ltr'><strong>siquidem</strong></span> <span class='ocrx_word' id='word_1_173' title='bbox 1309 512 1449 540; x_wconf 87' lang='lat' dir='ltr'><strong>voluntate</strong></span> <span class='ocrx_word' id='word_1_174' title='bbox 1469 512 1561 539; x_wconf 85' lang='lat' dir='ltr'><strong>omnia</strong></span> <span class='ocrx_word' id='word_1_175' title='bbox 1587 512 1690 540; x_wconf 90' lang='lat' dir='ltr'><strong>timore</strong></span> 
     </span>
    </p>
   </div>
   <div class='ocr_carea' id='block_1_27' title="bbox 900 556 1689 585">
    <p class='ocr_par' dir='ltr' id='par_1_27' title="bbox 900 556 1689 585">
     <span class='ocr_line' id='line_1_27' title="bbox 900 556 1689 585; baseline 0.003 -3"><span class='ocrx_word' id='word_1_176' title='bbox 900 556 928 582; x_wconf 88' lang='lat' dir='ltr'><strong>in</strong></span> <span class='ocrx_word' id='word_1_177' title='bbox 944 557 1100 584; x_wconf 76' lang='lat' dir='ltr'><strong>servitutem</strong></span> <span class='ocrx_word' id='word_1_178' title='bbox 1113 557 1222 584; x_wconf 86' lang='lat' dir='ltr'><strong>redacta</strong></span> <span class='ocrx_word' id='word_1_179' title='bbox 1239 564 1351 585; x_wconf 80' lang='lat' dir='ltr'><strong>causam</strong></span> <span class='ocrx_word' id='word_1_180' title='bbox 1370 557 1516 584; x_wconf 83' lang='lat' dir='ltr'><strong>nesciunt:</strong></span> <span class='ocrx_word' id='word_1_181' title='bbox 1534 557 1570 584; x_wconf 91' lang='lat' dir='ltr'><strong>ita</strong></span> <span class='ocrx_word' id='word_1_182' title='bbox 1584 561 1611 584; x_wconf 89' lang='lat' dir='ltr'><strong>et</strong></span> <span class='ocrx_word' id='word_1_183' title='bbox 1625 564 1689 584; x_wconf 90' lang='lat' dir='ltr'><strong>eum</strong></span> 
     </span>
    </p>
   </div>
   <div class='ocr_carea' id='block_1_28' title="bbox 900 600 1690 636">
    <p class='ocr_par' dir='ltr' id='par_1_28' title="bbox 900 600 1690 636">
     <span class='ocr_line' id='line_1_28' title="bbox 900 600 1690 636; baseline 0.003 -8"><span class='ocrx_word' id='word_1_184' title='bbox 900 601 948 635; x_wconf 84' lang='lat' dir='ltr'><strong>qui</strong></span> <span class='ocrx_word' id='word_1_185' title='bbox 962 601 995 628; x_wconf 90' lang='lat' dir='ltr'><strong>ad</strong></span> <span class='ocrx_word' id='word_1_186' title='bbox 1006 600 1091 628; x_wconf 89' lang='lat' dir='ltr'><strong>Deum</strong></span> <span class='ocrx_word' id='word_1_187' title='bbox 1107 601 1239 636; x_wconf 87' lang='lat' dir='ltr'><strong>confugit,</strong></span> <span class='ocrx_word' id='word_1_188' title='bbox 1255 606 1283 628; x_wconf 90' lang='lat' dir='ltr'><strong>et</strong></span> <span class='ocrx_word' id='word_1_189' title='bbox 1303 601 1383 628; x_wconf 79' lang='lat' dir='ltr'><strong>fidem</strong></span> <span class='ocrx_word' id='word_1_190' title='bbox 1396 601 1509 636; x_wconf 84' lang='lat' dir='ltr'><strong>justam,</strong></span> <span class='ocrx_word' id='word_1_191' title='bbox 1525 602 1598 628; x_wconf 90' lang='lat' dir='ltr'><strong>velut</strong></span> <span class='ocrx_word' id='word_1_192' title='bbox 1615 601 1690 630; x_wconf 78' lang='lat' dir='ltr'><strong>illius</strong></span> 
     </span>
    </p>
   </div>
   <div class='ocr_carea' id='block_1_29' title="bbox 899 646 1690 682">
    <p class='ocr_par' dir='ltr' id='par_1_29' title="bbox 899 646 1690 682">
     <span class='ocr_line' id='line_1_29' title="bbox 899 646 1690 682; baseline 0.003 -9"><span class='ocrx_word' id='word_1_193' title='bbox 899 646 1057 682; x_wconf 79' lang='lat' dir='ltr'><strong>imaginem,</strong></span> <span class='ocrx_word' id='word_1_194' title='bbox 1073 647 1100 674; x_wconf 93' lang='lat' dir='ltr'><strong>in</strong></span> <span class='ocrx_word' id='word_1_195' title='bbox 1123 647 1204 674; x_wconf 87' lang='lat' dir='ltr'><strong>corde</strong></span> <span class='ocrx_word' id='word_1_196' title='bbox 1225 652 1332 682; x_wconf 85' lang='lat' dir='ltr'><strong>portat,</strong></span> <span class='ocrx_word' id='word_1_197' title='bbox 1347 648 1438 675; x_wconf 86' lang='lat' dir='ltr'><strong>cuncti</strong></span> <span class='ocrx_word' id='word_1_198' title='bbox 1462 648 1620 675; x_wconf 87' lang='lat' dir='ltr'><strong>morborum</strong></span> <span class='ocrx_word' id='word_1_199' title='bbox 1640 655 1690 676; x_wconf 85' lang='lat' dir='ltr'><strong>an-</strong></span> 
     </span>
    </p>
   </div>
   <div class='ocr_carea' id='block_1_30' title="bbox 899 691 1690 728">
    <p class='ocr_par' dir='ltr' id='par_1_30' title="bbox 899 691 1690 728">
     <span class='ocr_line' id='line_1_30' title="bbox 899 691 1690 728; baseline 0.001 -9"><span class='ocrx_word' id='word_1_200' title='bbox 899 696 988 719; x_wconf 89' lang='lat' dir='ltr'><strong>ctores</strong></span> <span class='ocrx_word' id='word_1_201' title='bbox 1003 691 1116 727; x_wconf 89' lang='lat' dir='ltr'><strong>spiritus</strong></span> <span class='ocrx_word' id='word_1_202' title='bbox 1128 692 1264 720; x_wconf 82' lang='lat' dir='ltr'><strong>honorant</strong></span> <span class='ocrx_word' id='word_1_203' title='bbox 1274 697 1301 720; x_wconf 89' lang='lat' dir='ltr'><strong>et</strong></span> <span class='ocrx_word' id='word_1_204' title='bbox 1312 692 1430 728; x_wconf 86' lang='lat' dir='ltr'><strong>fugiunt,</strong></span> <span class='ocrx_word' id='word_1_205' title='bbox 1442 693 1560 720; x_wconf 82' lang='lat' dir='ltr'><strong>naturali</strong></span> <span class='ocrx_word' id='word_1_206' title='bbox 1570 693 1690 728; x_wconf 83' lang='lat' dir='ltr'><strong>quadam</strong></span> 
     </span>
    </p>
   </div>
   <div class='ocr_carea' id='block_1_31' title="bbox 899 737 1166 772">
    <p class='ocr_par' dir='ltr' id='par_1_31' title="bbox 899 737 1166 772">
     <span class='ocr_line' id='line_1_31' title="bbox 899 737 1166 772; baseline 0 -8"><span class='ocrx_word' id='word_1_207' title='bbox 899 737 1004 764; x_wconf 83' lang='lat' dir='ltr'><strong>ratione</strong></span> <span class='ocrx_word' id='word_1_208' title='bbox 1020 737 1166 772; x_wconf 84' lang='lat' dir='ltr'><strong>perterriti.</strong></span> 
     </span>
    </p>
   </div>
   <div class='ocr_carea' id='block_1_32' title="bbox 933 781 1688 811">
    <p class='ocr_par' dir='ltr' id='par_1_32' title="bbox 933 781 1688 811">
     <span class='ocr_line' id='line_1_32' title="bbox 933 781 1688 811; baseline 0.004 -4"><span class='ocrx_word' id='word_1_209' title='bbox 933 781 1016 808; x_wconf 78' lang='lat' dir='ltr'><strong>XXII.</strong></span> <span class='ocrx_word' id='word_1_210' title='bbox 1033 781 1158 809; x_wconf 76' lang='lat' dir='ltr'><strong>Attamen</strong></span> <span class='ocrx_word' id='word_1_211' title='bbox 1173 782 1236 810; x_wconf 87' lang='lat' dir='ltr'><strong>licet</strong></span> <span class='ocrx_word' id='word_1_212' title='bbox 1254 782 1346 811; x_wconf 87' lang='lat' dir='ltr'><strong>cuncti</strong></span> <span class='ocrx_word' id='word_1_213' title='bbox 1366 783 1504 811; x_wconf 74' lang='lat' dir='ltr'><strong>daemones</strong></span> <span class='ocrx_word' id='word_1_214' title='bbox 1517 790 1580 811; x_wconf 88' lang='lat' dir='ltr'><strong>eum</strong></span> <span class='ocrx_word' id='word_1_215' title='bbox 1595 783 1688 811; x_wconf 90' lang='lat' dir='ltr'><strong>omni-</strong></span> 
     </span>
    </p>
   </div>
   <div class='ocr_carea' id='block_1_33' title="bbox 899 827 1689 864">
    <p class='ocr_par' dir='ltr' id='par_1_33' title="bbox 899 827 1689 864">
     <span class='ocr_line' id='line_1_33' title="bbox 899 827 1689 864; baseline 0.003 -10"><span class='ocrx_word' id='word_1_216' title='bbox 899 827 951 854; x_wconf 90' lang='lat' dir='ltr'><strong>bus</strong></span> <span class='ocrx_word' id='word_1_217' title='bbox 965 827 1069 855; x_wconf 85' lang='lat' dir='ltr'><strong>morbis</strong></span> <span class='ocrx_word' id='word_1_218' title='bbox 1087 835 1137 855; x_wconf 92' lang='lat' dir='ltr'><strong>vos</strong></span> <span class='ocrx_word' id='word_1_219' title='bbox 1152 827 1266 863; x_wconf 84' lang='lat' dir='ltr'><strong>fugiant,</strong></span> <span class='ocrx_word' id='word_1_220' title='bbox 1281 829 1308 856; x_wconf 88' lang='lat' dir='ltr'><strong>in</strong></span> <span class='ocrx_word' id='word_1_221' title='bbox 1322 836 1354 857; x_wconf 91' lang='lat' dir='ltr'><strong>eo</strong></span> <span class='ocrx_word' id='word_1_222' title='bbox 1369 829 1426 856; x_wconf 93' lang='lat' dir='ltr'><strong>solo</strong></span> <span class='ocrx_word' id='word_1_223' title='bbox 1441 836 1496 855; x_wconf 94' lang='lat' dir='ltr'><strong>non</strong></span> <span class='ocrx_word' id='word_1_224' title='bbox 1511 833 1553 856; x_wconf 89' lang='lat' dir='ltr'><strong>est</strong></span> <span class='ocrx_word' id='word_1_225' title='bbox 1568 829 1689 864; x_wconf 83' lang='lat' dir='ltr'><strong>gauden-</strong></span> 
     </span>
    </p>
   </div>
   <div class='ocr_carea' id='block_1_34' title="bbox 61 871 1688 919">
    <p class='ocr_par' dir='ltr' id='par_1_34' title="bbox 61 871 1688 919">
     <span class='ocr_line' id='line_1_34' title="bbox 61 871 1688 919; baseline -0.001 -9"><span class='ocrx_word' id='word_1_226' title='bbox 61 883 137 918; x_wconf 80' lang='grc' dir='ltr'>τούτῳ</span> <span class='ocrx_word' id='word_1_227' title='bbox 151 883 224 918; x_wconf 83' lang='grc' dir='ltr'>μόνῳ</span> <span class='ocrx_word' id='word_1_228' title='bbox 243 883 265 899; x_wconf 83' lang='grc'><strong>²¹</strong></span> <span class='ocrx_word' id='word_1_229' title='bbox 283 871 401 919; x_wconf 64' lang='grc' dir='ltr'>χαίρειν,</span> <span class='ocrx_word' id='word_1_230' title='bbox 417 882 473 909; x_wconf 84' lang='grc' dir='ltr'>ἀλλ’</span> <span class='ocrx_word' id='word_1_231' title='bbox 484 884 512 908; x_wconf 78' lang='grc' dir='ltr'>ὲν</span> <span class='ocrx_word' id='word_1_232' title='bbox 527 882 566 918; x_wconf 81' lang='grc' dir='ltr'>τῷ</span> <span class='ocrx_word' id='word_1_233' title='bbox 582 882 616 908; x_wconf 82' lang='grc' dir='ltr'>δι’</span> <span class='ocrx_word' id='word_1_234' title='bbox 630 881 790 917; x_wconf 77' lang='grc' dir='ltr'>εὐαρεστίαν</span> <span class='ocrx_word' id='word_1_235' title='bbox 814 881 849 908; x_wconf 82' lang='grc' dir='ltr'><strong>τὰ</strong></span> <span class='ocrx_word' id='word_1_236' title='bbox 863 871 884 899; x_wconf 73' lang='grc' dir='ltr'><strong>Β</strong></span> <span class='ocrx_word' id='word_1_237' title='bbox 899 874 975 906; x_wconf 59' lang='lat' dir='ltr'><strong>dum,</strong></span> <span class='ocrx_word' id='word_1_238' title='bbox 987 873 1034 919; x_wconf 58' lang='grc' dir='ltr'><strong>εξθά</strong></span> <span class='ocrx_word' id='word_1_239' title='bbox 1053 873 1130 919; x_wconf 45' lang='lat' dir='ltr'><strong>ideo</strong></span> <span class='ocrx_word' id='word_1_240' title='bbox 1141 873 1213 908; x_wconf 73' lang='grc' dir='ltr'>(ιυοά</span> <span class='ocrx_word' id='word_1_241' title='bbox 1233 878 1344 908; x_wconf 73' lang='grc' dir='ltr'>ιποριετ</span> <span class='ocrx_word' id='word_1_242' title='bbox 1361 873 1562 908; x_wconf 63' lang='grc' dir='ltr'><strong>δεηθριίίοίῑυιη</strong></span> <span class='ocrx_word' id='word_1_243' title='bbox 1575 874 1688 901; x_wconf 64' lang='lat' dir='ltr'><strong>&quot;omina</strong></span> 
     </span>
    </p>
   </div>
   <div class='ocr_carea' id='block_1_35' title="bbox 61 927 848 964">
    <p class='ocr_par' dir='ltr' id='par_1_35' title="bbox 61 927 848 964">
     <span class='ocr_line' id='line_1_35' title="bbox 61 927 848 964; baseline -0.001 -9"><span class='ocrx_word' id='word_1_244' title='bbox 61 929 167 964; x_wconf 79' lang='grc' dir='ltr'>ὀνόματα</span> <span class='ocrx_word' id='word_1_245' title='bbox 182 928 264 964; x_wconf 79' lang='grc' dir='ltr'>ὑμῶν</span> <span class='ocrx_word' id='word_1_246' title='bbox 287 929 317 955; x_wconf 78' lang='grc' dir='ltr'><strong>εν</strong></span> <span class='ocrx_word' id='word_1_247' title='bbox 339 928 445 964; x_wconf 76' lang='grc' dir='ltr'>οὐρανῷ</span> <span class='ocrx_word' id='word_1_248' title='bbox 468 928 505 960; x_wconf 81' lang='grc' dir='ltr'>ὡς</span> <span class='ocrx_word' id='word_1_249' title='bbox 528 928 571 954; x_wconf 75' lang='grc' dir='ltr'><strong>ἀεὶ</strong></span> <span class='ocrx_word' id='word_1_250' title='bbox 594 927 702 960; x_wconf 82' lang='grc' dir='ltr'><strong>ζώντων</strong></span> <span class='ocrx_word' id='word_1_251' title='bbox 728 928 848 963; x_wconf 83' lang='grc' dir='ltr'>ἀναγρα-</span> 
     </span>
    </p>
   </div>
   <div class='ocr_carea' id='block_1_36' title="bbox 62 973 848 1010">
    <p class='ocr_par' dir='ltr' id='par_1_36' title="bbox 62 973 848 1010">
     <span class='ocr_line' id='line_1_36' title="bbox 62 973 848 1010; baseline -0.003 -9"><span class='ocrx_word' id='word_1_252' title='bbox 62 976 143 1010; x_wconf 64' lang='grc' dir='ltr'>φῆναι.</span> <span class='ocrx_word' id='word_1_253' title='bbox 161 974 244 1001; x_wconf 77' lang='grc' dir='ltr'>Οὕτω</span> <span class='ocrx_word' id='word_1_254' title='bbox 264 974 315 1000; x_wconf 71' lang='grc' dir='ltr'>καὶ</span> <span class='ocrx_word' id='word_1_255' title='bbox 336 973 367 1000; x_wconf 83' lang='grc' dir='ltr'>τὸ</span> <span class='ocrx_word' id='word_1_256' title='bbox 382 974 453 1000; x_wconf 87' lang='grc' dir='ltr'>οεῖον</span> <span class='ocrx_word' id='word_1_257' title='bbox 468 974 545 1008; x_wconf 72' lang='grc' dir='ltr'>ἅγιον</span> <span class='ocrx_word' id='word_1_258' title='bbox 561 973 673 1008; x_wconf 82' lang='grc' dir='ltr'>Πνεῦμα</span> <span class='ocrx_word' id='word_1_259' title='bbox 689 973 789 1008; x_wconf 78' lang='grc' dir='ltr'>χαίρει,</span> <span class='ocrx_word' id='word_1_260' title='bbox 807 973 848 999; x_wconf 84' lang='grc' dir='ltr'>ὃτι</span> 
     </span>
    </p>
   </div>
   <div class='ocr_carea' id='block_1_37' title="bbox 61 1019 848 1056">
    <p class='ocr_par' dir='ltr' id='par_1_37' title="bbox 61 1019 848 1056">
     <span class='ocr_line' id='line_1_37' title="bbox 61 1019 848 1056; baseline -0.001 -10"><span class='ocrx_word' id='word_1_261' title='bbox 61 1020 99 1046; x_wconf 73' lang='grc' dir='ltr'>τὸν</span> <span class='ocrx_word' id='word_1_262' title='bbox 114 1021 225 1047; x_wconf 79' lang='grc' dir='ltr'>θάνατον</span> <span class='ocrx_word' id='word_1_263' title='bbox 242 1020 389 1056; x_wconf 70' lang='grc' dir='ltr'>νενίκηκεν</span> <span class='ocrx_word' id='word_1_264' title='bbox 406 1020 557 1056; x_wconf 78' lang='grc' dir='ltr'>ἄνθρωπος·</span> <span class='ocrx_word' id='word_1_265' title='bbox 574 1019 605 1046; x_wconf 87' lang='grc' dir='ltr'><strong>τδ</strong></span> <span class='ocrx_word' id='word_1_266' title='bbox 621 1019 676 1055; x_wconf 81' lang='grc' dir='ltr'><strong>γὰρ</strong></span> <span class='ocrx_word' id='word_1_267' title='bbox 686 1020 709 1035; x_wconf 82' lang='grc'><strong>¹¹</strong></span> <span class='ocrx_word' id='word_1_268' title='bbox 720 1019 848 1054; x_wconf 82' lang='grc' dir='ltr'>δαίμονας</span> 
     </span>
    </p>
   </div>
   <div class='ocr_carea' id='block_1_38' title="bbox 62 1063 848 1103">
    <p class='ocr_par' dir='ltr' id='par_1_38' title="bbox 62 1063 848 1103">
     <span class='ocr_line' id='line_1_38' title="bbox 62 1063 848 1103; baseline -0.003 -11"><span class='ocrx_word' id='word_1_269' title='bbox 62 1066 210 1100; x_wconf 73' lang='grc' dir='ltr'>φυγαδεύειν</span> <span class='ocrx_word' id='word_1_270' title='bbox 236 1067 280 1097; x_wconf 84' lang='grc' dir='ltr'>εἱς</span> <span class='ocrx_word' id='word_1_271' title='bbox 301 1066 352 1101; x_wconf 85' lang='grc' dir='ltr'>τὴν</span> <span class='ocrx_word' id='word_1_272' title='bbox 375 1065 454 1092; x_wconf 76' lang='grc' dir='ltr'>ἄλλου</span> <span class='ocrx_word' id='word_1_273' title='bbox 477 1064 548 1092; x_wconf 83' lang='grc' dir='ltr'>ῐασιν</span> <span class='ocrx_word' id='word_1_274' title='bbox 568 1064 681 1103; x_wconf 79' lang='grc' dir='ltr'>γίνεται.</span> <span class='ocrx_word' id='word_1_275' title='bbox 705 1063 797 1090; x_wconf 78' lang='grc' dir='ltr'>Ταῦτα</span> <span class='ocrx_word' id='word_1_276' title='bbox 820 1063 848 1090; x_wconf 79' lang='grc' dir='ltr'>δὲ</span> 
     </span>
    </p>
   </div>
   <div class='ocr_carea' id='block_1_39' title="bbox 61 1109 847 1149">
    <p class='ocr_par' dir='ltr' id='par_1_39' title="bbox 61 1109 847 1149">
     <span class='ocr_line' id='line_1_39' title="bbox 61 1109 847 1149; baseline -0.003 -11"><span class='ocrx_word' id='word_1_277' title='bbox 61 1112 173 1148; x_wconf 80' lang='grc' dir='ltr'>λέγομεν,</span> <span class='ocrx_word' id='word_1_278' title='bbox 189 1113 241 1147; x_wconf 78' lang='grc' dir='ltr'><strong>οὐχ</strong></span> <span class='ocrx_word' id='word_1_279' title='bbox 257 1112 299 1143; x_wconf 85' lang='grc' dir='ltr'>ὼς</span> <span class='ocrx_word' id='word_1_280' title='bbox 315 1111 475 1147; x_wconf 79' lang='grc' dir='ltr'>ἀρνούμενοι</span> <span class='ocrx_word' id='word_1_281' title='bbox 490 1110 521 1138; x_wconf 80' lang='grc' dir='ltr'><strong>τὸ</strong></span> <span class='ocrx_word' id='word_1_282' title='bbox 539 1111 577 1149; x_wconf 87' lang='grc' dir='ltr'>μὴ</span> <span class='ocrx_word' id='word_1_283' title='bbox 598 1111 653 1141; x_wconf 83' lang='grc' dir='ltr'>δεῖν</span> <span class='ocrx_word' id='word_1_284' title='bbox 675 1110 764 1141; x_wconf 78' lang='grc' dir='ltr'>ἄλλοις</span> <span class='ocrx_word' id='word_1_285' title='bbox 783 1109 847 1145; x_wconf 82' lang='grc' dir='ltr'>βοη-</span> 
     </span>
    </p>
   </div>
   <div class='ocr_carea' id='block_1_40' title="bbox 63 1156 847 1193">
    <p class='ocr_par' dir='ltr' id='par_1_40' title="bbox 63 1156 847 1193">
     <span class='ocr_line' id='line_1_40' title="bbox 63 1156 847 1193; baseline -0.003 -9"><span class='ocrx_word' id='word_1_286' title='bbox 63 1158 118 1191; x_wconf 82' lang='grc' dir='ltr'>θεῖν,</span> <span class='ocrx_word' id='word_1_287' title='bbox 135 1159 242 1185; x_wconf 80' lang='grc' dir='ltr'>ἀ).λ“ὅτι</span> <span class='ocrx_word' id='word_1_288' title='bbox 261 1158 301 1193; x_wconf 77' lang='grc' dir='ltr'>μὴ</span> <span class='ocrx_word' id='word_1_289' title='bbox 318 1158 371 1193; x_wconf 81' lang='grc' dir='ltr'>χρὴ</span> <span class='ocrx_word' id='word_1_290' title='bbox 388 1158 434 1184; x_wconf 77' lang='grc' dir='ltr'><strong>ἐπὶ</strong></span> <span class='ocrx_word' id='word_1_291' title='bbox 443 1158 529 1192; x_wconf 82' lang='grc' dir='ltr'>τούτῳ</span> <span class='ocrx_word' id='word_1_292' title='bbox 548 1157 723 1192; x_wconf 81' lang='grc' dir='ltr'>τυφωθὲντας</span> <span class='ocrx_word' id='word_1_293' title='bbox 744 1156 847 1183; x_wconf 78' lang='grc' dir='ltr'><strong>ἑαυτῶν</strong></span> 
     </span>
    </p>
   </div>
   <div class='ocr_carea' id='block_1_41' title="bbox 61 1203 847 1240">
    <p class='ocr_par' dir='ltr' id='par_1_41' title="bbox 61 1203 847 1240">
     <span class='ocr_line' id='line_1_41' title="bbox 61 1203 847 1240; baseline -0.003 -10"><span class='ocrx_word' id='word_1_294' title='bbox 61 1205 168 1240; x_wconf 80' lang='grc' dir='ltr'>ἀμελεῖν.</span> <span class='ocrx_word' id='word_1_295' title='bbox 194 1205 331 1232; x_wconf 77' lang='grc' dir='ltr'>Ἐσθ’ὂτε</span> <span class='ocrx_word' id='word_1_296' title='bbox 349 1204 378 1231; x_wconf 78' lang='grc' dir='ltr'>δέ</span> <span class='ocrx_word' id='word_1_297' title='bbox 392 1204 414 1220; x_wconf 79' lang='grc'>³³</span> <span class='ocrx_word' id='word_1_298' title='bbox 425 1212 499 1235; x_wconf 83' lang='grc' dir='ltr'>τινας</span> <span class='ocrx_word' id='word_1_299' title='bbox 522 1204 637 1238; x_wconf 83' lang='grc' dir='ltr'>ἀνόμους</span> <span class='ocrx_word' id='word_1_300' title='bbox 652 1203 752 1238; x_wconf 78' lang='grc' dir='ltr'>ἄνδρας</span> <span class='ocrx_word' id='word_1_301' title='bbox 766 1203 847 1237; x_wconf 73' lang='grc'><strong>212</strong></span> 
     </span>
    </p>
   </div>
   <div class='ocr_carea' id='block_1_42' title="bbox 61 1248 846 1286">
    <p class='ocr_par' dir='ltr' id='par_1_42' title="bbox 61 1248 846 1286">
     <span class='ocr_line' id='line_1_42' title="bbox 61 1248 846 1286; baseline -0.004 -9"><span class='ocrx_word' id='word_1_302' title='bbox 61 1251 174 1286; x_wconf 77' lang='grc' dir='ltr'>δαίμονες</span> <span class='ocrx_word' id='word_1_303' title='bbox 189 1250 326 1285; x_wconf 77' lang='grc' dir='ltr'>φεύγουσι</span> <span class='ocrx_word' id='word_1_304' title='bbox 338 1250 370 1276; x_wconf 81' lang='grc' dir='ltr'>δι’</span> <span class='ocrx_word' id='word_1_305' title='bbox 387 1249 471 1284; x_wconf 70' lang='grc' dir='ltr'>ὄνομα</span> <span class='ocrx_word' id='word_1_306' title='bbox 486 1249 585 1284; x_wconf 84' lang='grc' dir='ltr'>τίμιον·</span> <span class='ocrx_word' id='word_1_307' title='bbox 603 1249 650 1275; x_wconf 81' lang='grc' dir='ltr'><strong>καὶ</strong></span> <span class='ocrx_word' id='word_1_308' title='bbox 664 1248 846 1284; x_wconf 84' lang='grc' dir='ltr'>ὲνεδρεύονται</span> 
     </span>
    </p>
   </div>
   <div class='ocr_carea' id='block_1_43' title="bbox 40 1293 848 1331">
    <p class='ocr_par' dir='ltr' id='par_1_43' title="bbox 40 1293 848 1331">
     <span class='ocr_line' id='line_1_43' title="bbox 40 1293 848 1331; baseline -0.001 -10"><span class='ocrx_word' id='word_1_309' title='bbox 40 1311 43 1314; x_wconf 57' lang='grc' dir='ltr'><strong><em>ι</em></strong></span> <span class='ocrx_word' id='word_1_310' title='bbox 61 1296 73 1321; x_wconf 84' lang='grc' dir='ltr'><strong><em>ὃ</em></strong></span> <span class='ocrx_word' id='word_1_311' title='bbox 87 1305 113 1322; x_wconf 80' lang='grc' dir='ltr'><strong>τε</strong></span> <span class='ocrx_word' id='word_1_312' title='bbox 128 1297 269 1328; x_wconf 79' lang='grc' dir='ltr'><strong>ἀπελάσας</strong></span> <span class='ocrx_word' id='word_1_313' title='bbox 285 1296 333 1323; x_wconf 76' lang='grc' dir='ltr'>καὶ</span> <span class='ocrx_word' id='word_1_314' title='bbox 343 1296 520 1331; x_wconf 79' lang='grc' dir='ltr'>όὶστορήσας.</span> <span class='ocrx_word' id='word_1_315' title='bbox 535 1295 564 1321; x_wconf 89' lang='lat'>&#39;0</span> <span class='ocrx_word' id='word_1_316' title='bbox 580 1295 628 1330; x_wconf 81' lang='grc' dir='ltr'>μὲν</span> <span class='ocrx_word' id='word_1_317' title='bbox 643 1294 792 1326; x_wconf 81' lang='grc' dir='ltr'>ἀπελάσας,</span> <span class='ocrx_word' id='word_1_318' title='bbox 809 1293 848 1325; x_wconf 82' lang='grc' dir='ltr'>ὼς</span> 
     </span>
    </p>
   </div>
   <div class='ocr_carea' id='block_1_44' title="bbox 61 1339 847 1377">
    <p class='ocr_par' dir='ltr' id='par_1_44' title="bbox 61 1339 847 1377">
     <span class='ocr_line' id='line_1_44' title="bbox 61 1339 847 1377; baseline -0.004 -8"><span class='ocrx_word' id='word_1_319' title='bbox 61 1342 98 1368; x_wconf 76' lang='grc' dir='ltr'><strong>διὰ</strong></span> <span class='ocrx_word' id='word_1_320' title='bbox 110 1342 284 1377; x_wconf 78' lang='grc' dir='ltr'>δικαιοσύνην</span> <span class='ocrx_word' id='word_1_321' title='bbox 299 1341 486 1377; x_wconf 74' lang='grc' dir='ltr'>προτιμηθεὶς,</span> <span class='ocrx_word' id='word_1_322' title='bbox 504 1341 554 1367; x_wconf 78' lang='grc' dir='ltr'>οὐκ</span> <span class='ocrx_word' id='word_1_323' title='bbox 570 1340 647 1372; x_wconf 81' lang='grc' dir='ltr'>εἰδὼς</span> <span class='ocrx_word' id='word_1_324' title='bbox 663 1339 710 1366; x_wconf 84' lang='grc' dir='ltr'><strong>τοῦ</strong></span> <span class='ocrx_word' id='word_1_325' title='bbox 721 1339 847 1375; x_wconf 80' lang='grc' dir='ltr'>δαίμονος</span> 
     </span>
    </p>
   </div>
   <div class='ocr_carea' id='block_1_45' title="bbox 61 1385 847 1425">
    <p class='ocr_par' dir='ltr' id='par_1_45' title="bbox 61 1385 847 1425">
     <span class='ocr_line' id='line_1_45' title="bbox 61 1385 847 1425; baseline -0.003 -11"><span class='ocrx_word' id='word_1_326' title='bbox 61 1388 86 1414; x_wconf 77' lang='grc' dir='ltr'>τὸ</span> <span class='ocrx_word' id='word_1_327' title='bbox 94 1390 256 1425; x_wconf 76' lang='grc' dir='ltr'>κακοῦργον·</span> <span class='ocrx_word' id='word_1_328' title='bbox 276 1389 338 1424; x_wconf 77' lang='grc' dir='ltr'>ἅμα</span> <span class='ocrx_word' id='word_1_329' title='bbox 353 1397 383 1414; x_wconf 90' lang='grc' dir='ltr'><strong>τε</strong></span> <span class='ocrx_word' id='word_1_330' title='bbox 406 1388 460 1424; x_wconf 81' lang='grc' dir='ltr'><strong>γὰρ</strong></span> <span class='ocrx_word' id='word_1_331' title='bbox 475 1388 505 1414; x_wconf 84' lang='grc' dir='ltr'>τὸ</span> <span class='ocrx_word' id='word_1_332' title='bbox 521 1387 606 1422; x_wconf 79' lang='grc' dir='ltr'>όνομα</span> <span class='ocrx_word' id='word_1_333' title='bbox 620 1387 779 1422; x_wconf 80' lang='grc' dir='ltr'>τετίμηκεν,</span> <span class='ocrx_word' id='word_1_334' title='bbox 800 1385 847 1413; x_wconf 76' lang='grc' dir='ltr'>καὶ</span> 
     </span>
    </p>
   </div>
   <div class='ocr_carea' id='block_1_46' title="bbox 60 1430 846 1470">
    <p class='ocr_par' dir='ltr' id='par_1_46' title="bbox 60 1430 846 1470">
     <span class='ocr_line' id='line_1_46' title="bbox 60 1430 846 1470; baseline -0.003 -11"><span class='ocrx_word' id='word_1_335' title='bbox 60 1437 88 1469; x_wconf 78' lang='grc' dir='ltr'><strong>τῇ</strong></span> <span class='ocrx_word' id='word_1_336' title='bbox 99 1436 164 1470; x_wconf 80' lang='grc' dir='ltr'>φυγῇ</span> <span class='ocrx_word' id='word_1_337' title='bbox 180 1434 226 1461; x_wconf 86' lang='grc' dir='ltr'><strong>τὺν</strong></span> <span class='ocrx_word' id='word_1_338' title='bbox 243 1434 333 1470; x_wconf 73' lang='grc' dir='ltr'>ἀσεϐῆ</span> <span class='ocrx_word' id='word_1_339' title='bbox 347 1435 388 1465; x_wconf 79' lang='grc' dir='ltr'>εἰς</span> <span class='ocrx_word' id='word_1_340' title='bbox 401 1433 488 1468; x_wconf 77' lang='grc' dir='ltr'>οἴησιν</span> <span class='ocrx_word' id='word_1_341' title='bbox 502 1433 675 1467; x_wconf 79' lang='grc' dir='ltr'>δικαιοσύνης</span> <span class='ocrx_word' id='word_1_342' title='bbox 691 1430 846 1467; x_wconf 74' lang='grc' dir='ltr'>περιϐαλὼν</span> 
     </span>
    </p>
   </div>
   <div class='ocr_carea' id='block_1_47' title="bbox 60 1476 846 1516">
    <p class='ocr_par' dir='ltr' id='par_1_47' title="bbox 60 1476 846 1516">
     <span class='ocr_line' id='line_1_47' title="bbox 60 1476 846 1516; baseline -0.001 -11"><span class='ocrx_word' id='word_1_343' title='bbox 60 1480 100 1506; x_wconf 78' lang='grc' dir='ltr'>τοῦ</span> <span class='ocrx_word' id='word_1_344' title='bbox 121 1481 155 1515; x_wconf 85' lang='grc' dir='ltr'>μὴ</span> <span class='ocrx_word' id='word_1_345' title='bbox 179 1481 324 1516; x_wconf 78' lang='grc' dir='ltr'>μετανοεῖν</span> <span class='ocrx_word' id='word_1_346' title='bbox 347 1479 495 1514; x_wconf 76' lang='grc' dir='ltr'>ἠπάτησεν.</span> <span class='ocrx_word' id='word_1_347' title='bbox 523 1479 552 1505; x_wconf 92' lang='grc' dir='ltr'>Ὁ</span> <span class='ocrx_word' id='word_1_348' title='bbox 575 1478 603 1505; x_wconf 87' lang='grc' dir='ltr'>δὲ</span> <span class='ocrx_word' id='word_1_349' title='bbox 629 1479 784 1513; x_wconf 81' lang='grc' dir='ltr'>ἱστορήσας,</span> <span class='ocrx_word' id='word_1_350' title='bbox 808 1476 846 1509; x_wconf 82' lang='grc' dir='ltr'><strong>ὡς</strong></span> 
     </span>
    </p>
   </div>
   <div class='ocr_carea' id='block_1_48' title="bbox 61 1523 846 1562">
    <p class='ocr_par' dir='ltr' id='par_1_48' title="bbox 61 1523 846 1562">
     <span class='ocr_line' id='line_1_48' title="bbox 61 1523 846 1562; baseline -0.001 -12"><span class='ocrx_word' id='word_1_351' title='bbox 61 1526 156 1552; x_wconf 74' lang='grc' dir='ltr'>εὐσεϐεῖ</span> <span class='ocrx_word' id='word_1_352' title='bbox 180 1526 411 1562; x_wconf 82' lang='grc' dir='ltr'>συγχρησάμενος</span> <span class='ocrx_word' id='word_1_353' title='bbox 432 1524 471 1560; x_wconf 84' lang='grc' dir='ltr'><strong>τῷ</strong></span> <span class='ocrx_word' id='word_1_354' title='bbox 497 1525 679 1555; x_wconf 79' lang='grc' dir='ltr'>ἀπελάσαντι,</span> <span class='ocrx_word' id='word_1_355' title='bbox 705 1523 774 1558; x_wconf 82' lang='grc' dir='ltr'>πρὸς</span> <span class='ocrx_word' id='word_1_356' title='bbox 797 1523 846 1558; x_wconf 84' lang='grc' dir='ltr'>τὴν</span> 
     </span>
    </p>
   </div>
   <div class='ocr_carea' id='block_1_49' title="bbox 61 1569 846 1606">
    <p class='ocr_par' dir='ltr' id='par_1_49' title="bbox 61 1569 846 1606">
     <span class='ocr_line' id='line_1_49' title="bbox 61 1569 846 1606; baseline -0.001 -10"><span class='ocrx_word' id='word_1_357' title='bbox 61 1571 144 1606; x_wconf 58' lang='grc' dir='ltr'>ἀμίαν</span> <span class='ocrx_word' id='word_1_358' title='bbox 164 1572 305 1598; x_wconf 76' lang='grc' dir='ltr'>πολιτείαν</span> <span class='ocrx_word' id='word_1_359' title='bbox 323 1571 443 1603; x_wconf 83' lang='grc' dir='ltr'>σπεύσας</span> <span class='ocrx_word' id='word_1_360' title='bbox 458 1571 611 1597; x_wconf 83' lang='grc' dir='ltr'>ἀπόλλυται.</span> <span class='ocrx_word' id='word_1_361' title='bbox 639 1570 738 1596; x_wconf 85' lang='grc' dir='ltr'>Ἐνίοτε</span> <span class='ocrx_word' id='word_1_362' title='bbox 755 1569 783 1595; x_wconf 81' lang='grc' dir='ltr'>δὲ</span> <span class='ocrx_word' id='word_1_363' title='bbox 799 1569 846 1595; x_wconf 71' lang='grc' dir='ltr'>καὶ</span> 
     </span>
    </p>
   </div>
   <div class='ocr_carea' id='block_1_50' title="bbox 61 1614 845 1653">
    <p class='ocr_par' dir='ltr' id='par_1_50' title="bbox 61 1614 845 1653">
     <span class='ocr_line' id='line_1_50' title="bbox 61 1614 845 1653; baseline -0.003 -11"><span class='ocrx_word' id='word_1_364' title='bbox 61 1617 114 1648; x_wconf 69' lang='grc' dir='ltr'>τοὺς</span> <span class='ocrx_word' id='word_1_365' title='bbox 131 1618 165 1653; x_wconf 82' lang='grc' dir='ltr'>μὴ</span> <span class='ocrx_word' id='word_1_366' title='bbox 182 1618 242 1653; x_wconf 86' lang='grc' dir='ltr'><strong>Θεῷ</strong></span> <span class='ocrx_word' id='word_1_367' title='bbox 258 1617 476 1653; x_wconf 79' lang='grc' dir='ltr'>προσκειμένους</span> <span class='ocrx_word' id='word_1_368' title='bbox 489 1617 588 1652; x_wconf 80' lang='grc' dir='ltr'>ὅρκους</span> <span class='ocrx_word' id='word_1_369' title='bbox 604 1616 714 1650; x_wconf 77' lang='grc' dir='ltr'>φεύγειν</span> <span class='ocrx_word' id='word_1_370' title='bbox 731 1614 845 1650; x_wconf 78' lang='grc' dir='ltr'>ὑποκρί-</span> 
     </span>
    </p>
   </div>
   <div class='ocr_carea' id='block_1_51' title="bbox 61 1659 845 1698">
    <p class='ocr_par' dir='ltr' id='par_1_51' title="bbox 61 1659 845 1698">
     <span class='ocr_line' id='line_1_51' title="bbox 61 1659 845 1698; baseline 0 -12"><span class='ocrx_word' id='word_1_371' title='bbox 61 1670 149 1693; x_wconf 71' lang='grc' dir='ltr'>νονται,</span> <span class='ocrx_word' id='word_1_372' title='bbox 169 1663 213 1690; x_wconf 78' lang='grc' dir='ltr'>ἵνα</span> <span class='ocrx_word' id='word_1_373' title='bbox 228 1663 423 1698; x_wconf 82' lang='grc' dir='ltr'>ἁπατήσαντες</span> <span class='ocrx_word' id='word_1_374' title='bbox 437 1662 544 1695; x_wconf 83' lang='grc' dir='ltr'>αὐτοὺς,</span> <span class='ocrx_word' id='word_1_375' title='bbox 565 1663 609 1689; x_wconf 81' lang='grc' dir='ltr'>ὅτε</span> <span class='ocrx_word' id='word_1_376' title='bbox 627 1662 758 1693; x_wconf 79' lang='grc' dir='ltr'>θέλουσιν,</span> <span class='ocrx_word' id='word_1_377' title='bbox 783 1659 845 1687; x_wconf 76' lang='grc' dir='ltr'><strong>ἀνέ-</strong></span> 
     </span>
    </p>
   </div>
   <div class='ocr_carea' id='block_1_52' title="bbox 62 1705 180 1735">
    <p class='ocr_par' dir='ltr' id='par_1_52' title="bbox 62 1705 180 1735">
     <span class='ocr_line' id='line_1_52' title="bbox 62 1705 180 1735; baseline 0.017 -2"><span class='ocrx_word' id='word_1_378' title='bbox 62 1705 134 1734; x_wconf 68' lang='grc' dir='ltr'>λωσιν</span> <span class='ocrx_word' id='word_1_379' title='bbox 149 1708 180 1735; x_wconf 68' lang='grc'><strong>³⁸.</strong></span> 
     </span>
    </p>
   </div>
   <div class='ocr_carea' id='block_1_53' title="bbox 92 1826 844 1863">
    <p class='ocr_par' dir='ltr' id='par_1_53' title="bbox 92 1826 844 1863">
     <span class='ocr_line' id='line_1_53' title="bbox 92 1826 844 1863; baseline -0.001 -9"><span class='ocrx_word' id='word_1_380' title='bbox 92 1828 179 1856; x_wconf 67' lang='lat' dir='ltr'><strong>XXIII.</strong></span> <span class='ocrx_word' id='word_1_381' title='bbox 199 1829 255 1856; x_wconf 67' lang='grc' dir='ltr'>Καὶ</span> <span class='ocrx_word' id='word_1_382' title='bbox 269 1828 352 1854; x_wconf 78' lang='grc' dir='ltr'>τοῦτο</span> <span class='ocrx_word' id='word_1_383' title='bbox 367 1826 414 1855; x_wconf 83' lang='grc' dir='ltr'>οὖν</span> <span class='ocrx_word' id='word_1_384' title='bbox 428 1828 499 1863; x_wconf 81' lang='grc' dir='ltr'>ὑμᾶς</span> <span class='ocrx_word' id='word_1_385' title='bbox 512 1827 611 1854; x_wconf 80' lang='grc' dir='ltr'>εἰδέναι</span> <span class='ocrx_word' id='word_1_386' title='bbox 627 1826 787 1862; x_wconf 83' lang='grc' dir='ltr'>βουλόμεθα,</span> <span class='ocrx_word' id='word_1_387' title='bbox 803 1827 844 1853; x_wconf 80' lang='grc' dir='ltr'><strong>ὅτι</strong></span> 
     </span>
    </p>
   </div>
   <div class='ocr_carea' id='block_1_54' title="bbox 64 1872 845 1910">
    <p class='ocr_par' dir='ltr' id='par_1_54' title="bbox 64 1872 845 1910">
     <span class='ocr_line' id='line_1_54' title="bbox 64 1872 845 1910; baseline 0 -12"><span class='ocrx_word' id='word_1_388' title='bbox 64 1873 103 1899; x_wconf 74' lang='grc' dir='ltr'>ὲὶιν</span> <span class='ocrx_word' id='word_1_389' title='bbox 120 1875 153 1910; x_wconf 86' lang='grc' dir='ltr'>μή</span> <span class='ocrx_word' id='word_1_390' title='bbox 165 1883 206 1906; x_wconf 84' lang='grc' dir='ltr'><strong>τις</strong></span> <span class='ocrx_word' id='word_1_391' title='bbox 223 1874 324 1901; x_wconf 70' lang='grc' dir='ltr'>ἑαυτὸν</span> <span class='ocrx_word' id='word_1_392' title='bbox 341 1873 411 1901; x_wconf 83' lang='grc' dir='ltr'>ἑκὼν</span> <span class='ocrx_word' id='word_1_393' title='bbox 432 1874 455 1890; x_wconf 73' lang='grc'><strong>’⁸</strong></span> <span class='ocrx_word' id='word_1_394' title='bbox 469 1873 578 1908; x_wconf 86' lang='grc' dir='ltr'>δαίμοσι</span> <span class='ocrx_word' id='word_1_395' title='bbox 597 1873 689 1899; x_wconf 83' lang='grc' dir='ltr'>δοῦλον</span> <span class='ocrx_word' id='word_1_396' title='bbox 706 1872 791 1908; x_wconf 75' lang='grc' dir='ltr'>ἐκδῷ,</span> <span class='ocrx_word' id='word_1_397' title='bbox 807 1873 845 1904; x_wconf 88' lang='grc' dir='ltr'>ὼς</span> 
     </span>
    </p>
   </div>
   <div class='ocr_carea' id='block_1_55' title="bbox 64 1917 844 1955">
    <p class='ocr_par' dir='ltr' id='par_1_55' title="bbox 64 1917 844 1955">
     <span class='ocr_line' id='line_1_55' title="bbox 64 1917 844 1955; baseline 0.001 -13"><span class='ocrx_word' id='word_1_398' title='bbox 64 1918 143 1952; x_wconf 75' lang='grc' dir='ltr'>τάχιον</span> <span class='ocrx_word' id='word_1_399' title='bbox 160 1919 248 1951; x_wconf 85' lang='grc' dir='ltr'>εἶπον,</span> <span class='ocrx_word' id='word_1_400' title='bbox 261 1921 277 1946; x_wconf 91' lang='grc' dir='ltr'>ὁ</span> <span class='ocrx_word' id='word_1_401' title='bbox 289 1919 394 1955; x_wconf 86' lang='grc' dir='ltr'>δαίμων</span> <span class='ocrx_word' id='word_1_402' title='bbox 410 1919 460 1954; x_wconf 80' lang='grc' dir='ltr'>τὴν</span> <span class='ocrx_word' id='word_1_403' title='bbox 479 1919 538 1944; x_wconf 86' lang='grc' dir='ltr'>κατ’</span> <span class='ocrx_word' id='word_1_404' title='bbox 549 1917 631 1945; x_wconf 81' lang='grc' dir='ltr'>αὐτοῦ</span> <span class='ocrx_word' id='word_1_405' title='bbox 654 1918 778 1950; x_wconf 73' lang='grc' dir='ltr'>ἐξουσίαν</span> <span class='ocrx_word' id='word_1_406' title='bbox 794 1917 844 1944; x_wconf 80' lang='grc' dir='ltr'>οὐκ</span> 
     </span>
    </p>
   </div>
   <div class='ocr_carea' id='block_1_56' title="bbox 64 1962 844 1999">
    <p class='ocr_par' dir='ltr' id='par_1_56' title="bbox 64 1962 844 1999">
     <span class='ocr_line' id='line_1_56' title="bbox 64 1962 844 1999; baseline 0.001 -10"><span class='ocrx_word' id='word_1_407' title='bbox 64 1962 120 1998; x_wconf 75' lang='grc' dir='ltr'>ἔχει.</span> <span class='ocrx_word' id='word_1_408' title='bbox 138 1965 202 1992; x_wconf 83' lang='grc' dir='ltr'>Ἕνα</span> <span class='ocrx_word' id='word_1_409' title='bbox 222 1964 271 1993; x_wconf 76' lang='grc' dir='ltr'>οὖν</span> <span class='ocrx_word' id='word_1_410' title='bbox 297 1966 364 1991; x_wconf 80' lang='grc' dir='ltr'>Θεὸν</span> <span class='ocrx_word' id='word_1_411' title='bbox 389 1964 476 1991; x_wconf 80' lang='grc' dir='ltr'>σέϐειν</span> <span class='ocrx_word' id='word_1_412' title='bbox 498 1963 617 1999; x_wconf 81' lang='grc' dir='ltr'>ἑλόμενοι</span> <span class='ocrx_word' id='word_1_413' title='bbox 641 1964 688 1990; x_wconf 71' lang='grc' dir='ltr'>καὶ</span> <span class='ocrx_word' id='word_1_414' title='bbox 705 1963 844 1999; x_wconf 82' lang='grc' dir='ltr'>τραπέζης</span> 
     </span>
    </p>
   </div>
   <div class='ocr_carea' id='block_1_57' title="bbox 64 2008 844 2046">
    <p class='ocr_par' dir='ltr' id='par_1_57' title="bbox 64 2008 844 2046">
     <span class='ocr_line' id='line_1_57' title="bbox 64 2008 844 2046; baseline 0 -11"><span class='ocrx_word' id='word_1_415' title='bbox 64 2008 181 2044; x_wconf 75' lang='grc' dir='ltr'>δαιμόνων</span> <span class='ocrx_word' id='word_1_416' title='bbox 194 2011 383 2046; x_wconf 77' lang='grc' dir='ltr'>ἀποσχόμενοι</span> <span class='ocrx_word' id='word_1_417' title='bbox 400 2011 447 2037; x_wconf 78' lang='grc' dir='ltr'>καὶ</span> <span class='ocrx_word' id='word_1_418' title='bbox 469 2010 646 2045; x_wconf 86' lang='grc' dir='ltr'>σωφροσύνην</span> <span class='ocrx_word' id='word_1_419' title='bbox 662 2009 732 2045; x_wconf 80' lang='grc' dir='ltr'>μετὰ</span> <span class='ocrx_word' id='word_1_420' title='bbox 751 2009 844 2044; x_wconf 86' lang='grc' dir='ltr'>φιλαν-</span> 
     </span>
    </p>
   </div>
   <div class='ocr_carea' id='block_1_58' title="bbox 65 2053 845 2092">
    <p class='ocr_par' dir='ltr' id='par_1_58' title="bbox 65 2053 845 2092">
     <span class='ocr_line' id='line_1_58' title="bbox 65 2053 845 2092; baseline 0 -10"><span class='ocrx_word' id='word_1_421' title='bbox 65 2053 171 2089; x_wconf 69' lang='grc' dir='ltr'>θρωπίας</span> <span class='ocrx_word' id='word_1_422' title='bbox 195 2059 242 2084; x_wconf 71' lang='grc' dir='ltr'>καὶ</span> <span class='ocrx_word' id='word_1_423' title='bbox 258 2057 434 2092; x_wconf 83' lang='grc' dir='ltr'>δικαιοσύνης</span> <span class='ocrx_word' id='word_1_424' title='bbox 455 2056 646 2092; x_wconf 76' lang='grc' dir='ltr'>ἀναδεξάμενοι</span> <span class='ocrx_word' id='word_1_425' title='bbox 662 2057 709 2083; x_wconf 72' lang='grc' dir='ltr'>καὶ</span> <span class='ocrx_word' id='word_1_426' title='bbox 729 2064 845 2091; x_wconf 81' lang='grc' dir='ltr'>τρισμα-</span> 
     </span>
    </p>
   </div>
   <div class='ocr_carea' id='block_1_59' title="bbox 65 2100 844 2137">
    <p class='ocr_par' dir='ltr' id='par_1_59' title="bbox 65 2100 844 2137">
     <span class='ocr_line' id='line_1_59' title="bbox 65 2100 844 2137; baseline 0 -11"><span class='ocrx_word' id='word_1_427' title='bbox 65 2101 136 2136; x_wconf 68' lang='grc' dir='ltr'>καρίᾳ</span> <span class='ocrx_word' id='word_1_428' title='bbox 150 2102 321 2137; x_wconf 74' lang='grc' dir='ltr'>ὲπονομασίᾳ.</span> <span class='ocrx_word' id='word_1_429' title='bbox 344 2103 384 2133; x_wconf 77' lang='grc' dir='ltr'>εἰς</span> <span class='ocrx_word' id='word_1_430' title='bbox 398 2102 494 2136; x_wconf 76' lang='grc' dir='ltr'>ἄφεσιν</span> <span class='ocrx_word' id='word_1_431' title='bbox 511 2101 652 2137; x_wconf 81' lang='grc' dir='ltr'>ἁμαρτιῶν</span> <span class='ocrx_word' id='word_1_432' title='bbox 677 2100 844 2136; x_wconf 83' lang='grc' dir='ltr'>βαπτισάμε-</span> 
     </span>
    </p>
   </div>
   <div class='ocr_carea' id='block_1_60' title="bbox 65 2146 844 2181">
    <p class='ocr_par' dir='ltr' id='par_1_60' title="bbox 65 2146 844 2181">
     <span class='ocr_line' id='line_1_60' title="bbox 65 2146 844 2181; baseline 0.003 -11"><span class='ocrx_word' id='word_1_433' title='bbox 65 2153 107 2176; x_wconf 77' lang='grc' dir='ltr'>νοι,</span> <span class='ocrx_word' id='word_1_434' title='bbox 121 2147 156 2181; x_wconf 78' lang='grc' dir='ltr'>τῷ</span> <span class='ocrx_word' id='word_1_435' title='bbox 170 2148 192 2163; x_wconf 82' lang='grc'><strong>²⁶</strong></span> <span class='ocrx_word' id='word_1_436' title='bbox 205 2149 269 2174; x_wconf 77' lang='grc' dir='ltr'>ὅσον</span> <span class='ocrx_word' id='word_1_437' title='bbox 291 2147 405 2174; x_wconf 84' lang='grc' dir='ltr'>δύνασθε</span> <span class='ocrx_word' id='word_1_438' title='bbox 425 2147 471 2173; x_wconf 77' lang='grc' dir='ltr'>ἐπὶ</span> <span class='ocrx_word' id='word_1_439' title='bbox 492 2147 523 2173; x_wconf 80' lang='grc' dir='ltr'>τὸ</span> <span class='ocrx_word' id='word_1_440' title='bbox 546 2147 647 2173; x_wconf 77' lang='grc' dir='ltr'>τέλειον</span> <span class='ocrx_word' id='word_1_441' title='bbox 664 2146 713 2181; x_wconf 84' lang='grc' dir='ltr'>τῆς</span> <span class='ocrx_word' id='word_1_442' title='bbox 734 2146 844 2180; x_wconf 81' lang='grc' dir='ltr'>ἁγνείας</span> 
     </span>
    </p>
   </div>
   <div class='ocr_carea' id='block_1_61' title="bbox 66 2191 842 2227">
    <p class='ocr_par' dir='ltr' id='par_1_61' title="bbox 66 2191 842 2227">
     <span class='ocr_line' id='line_1_61' title="bbox 66 2191 842 2227; baseline 0.003 -12"><span class='ocrx_word' id='word_1_443' title='bbox 66 2191 165 2224; x_wconf 71' lang='grc' dir='ltr'>ἑαυτοὺς</span> <span class='ocrx_word' id='word_1_444' title='bbox 180 2194 332 2220; x_wconf 80' lang='grc' dir='ltr'>ἐπιδιδόναι</span> <span class='ocrx_word' id='word_1_445' title='bbox 352 2193 386 2224; x_wconf 72' lang='grc'><strong>⁸⁷,</strong></span> <span class='ocrx_word' id='word_1_446' title='bbox 404 2192 518 2219; x_wconf 83' lang='grc' dir='ltr'>δύνασθε</span> <span class='ocrx_word' id='word_1_447' title='bbox 534 2192 671 2223; x_wconf 81' lang='grc' dir='ltr'>κολάσεως</span> <span class='ocrx_word' id='word_1_448' title='bbox 688 2191 772 2218; x_wconf 85' lang='grc' dir='ltr'>ἀϊδίου</span> <span class='ocrx_word' id='word_1_449' title='bbox 794 2193 842 2227; x_wconf 81' lang='grc' dir='ltr'><strong>ῥυ·-</strong></span> 
     </span>
    </p>
   </div>
   <div class='ocr_carea' id='block_1_62' title="bbox 67 2236 840 2273">
    <p class='ocr_par' dir='ltr' id='par_1_62' title="bbox 67 2236 840 2273">
     <span class='ocr_line' id='line_1_62' title="bbox 67 2236 840 2273; baseline 0.001 -12"><span class='ocrx_word' id='word_1_450' title='bbox 67 2236 161 2268; x_wconf 80' lang='grc' dir='ltr'>σθέντες</span> <span class='ocrx_word' id='word_1_451' title='bbox 188 2239 309 2264; x_wconf 78' lang='grc' dir='ltr'>αἰωνίων</span> <span class='ocrx_word' id='word_1_452' title='bbox 343 2238 453 2272; x_wconf 82' lang='grc' dir='ltr'>ἀγαθῶν</span> <span class='ocrx_word' id='word_1_453' title='bbox 480 2237 642 2273; x_wconf 84' lang='grc' dir='ltr'>κληρονόμοι</span> <span class='ocrx_word' id='word_1_454' title='bbox 663 2237 840 2271; x_wconf 84' lang='grc' dir='ltr'>καταστῆναι.</span> 
     </span>
    </p>
   </div>
   <div class='ocr_carea' id='block_1_63' title="bbox 67 2279 843 2317">
    <p class='ocr_par' dir='ltr' id='par_1_63' title="bbox 67 2279 843 2317">
     <span class='ocr_line' id='line_1_63' title="bbox 67 2279 843 2317; baseline 0.001 -11"><span class='ocrx_word' id='word_1_455' title='bbox 67 2279 145 2308; x_wconf 66' lang='grc' dir='ltr'>Ταῦτα</span> <span class='ocrx_word' id='word_1_456' title='bbox 158 2282 241 2309; x_wconf 80' lang='grc' dir='ltr'>εἰπὼν</span> <span class='ocrx_word' id='word_1_457' title='bbox 255 2284 314 2314; x_wconf 88' lang='grc' dir='ltr'>τοῖς</span> <span class='ocrx_word' id='word_1_458' title='bbox 331 2284 382 2310; x_wconf 79' lang='grc' dir='ltr'>ὑπὸ</span> <span class='ocrx_word' id='word_1_459' title='bbox 403 2282 496 2309; x_wconf 84' lang='grc' dir='ltr'>παθῶν</span> <span class='ocrx_word' id='word_1_460' title='bbox 512 2282 683 2317; x_wconf 81' lang='grc' dir='ltr'>ὁχλουμένοις</span> <span class='ocrx_word' id='word_1_461' title='bbox 703 2281 843 2317; x_wconf 69' lang='grc' dir='ltr'>προσιέναι</span> 
     </span>
    </p>
   </div>
   <div class='ocr_carea' id='block_1_64' title="bbox 67 2325 842 2364">
    <p class='ocr_par' dir='ltr' id='par_1_64' title="bbox 67 2325 842 2364">
     <span class='ocr_line' id='line_1_64' title="bbox 67 2325 842 2364; baseline 0.003 -13"><span class='ocrx_word' id='word_1_462' title='bbox 67 2325 206 2359; x_wconf 75' lang='grc' dir='ltr'>ἐκέλευσεν,</span> <span class='ocrx_word' id='word_1_463' title='bbox 218 2328 266 2354; x_wconf 77' lang='grc' dir='ltr'>καὶ</span> <span class='ocrx_word' id='word_1_464' title='bbox 284 2327 369 2359; x_wconf 76' lang='grc' dir='ltr'>οὕτως</span> <span class='ocrx_word' id='word_1_465' title='bbox 386 2328 477 2354; x_wconf 74' lang='grc' dir='ltr'>πολλοὶ</span> <span class='ocrx_word' id='word_1_466' title='bbox 495 2328 578 2364; x_wconf 67' lang='grc' dir='ltr'>πείρᾳ</span> <span class='ocrx_word' id='word_1_467' title='bbox 598 2327 652 2354; x_wconf 85' lang='grc' dir='ltr'>τῶν</span> <span class='ocrx_word' id='word_1_468' title='bbox 668 2327 745 2362; x_wconf 76' lang='grc' dir='ltr'>ἐχθὲς</span> <span class='ocrx_word' id='word_1_469' title='bbox 761 2327 783 2343; x_wconf 84' lang='grc'><strong>’⁸</strong></span> <span class='ocrx_word' id='word_1_470' title='bbox 797 2327 842 2353; x_wconf 90' lang='grc' dir='ltr'>θε-</span> 
     </span>
    </p>
   </div>
   <div class='ocr_carea' id='block_1_65' title="bbox 70 2372 843 2410">
    <p class='ocr_par' dir='ltr' id='par_1_65' title="bbox 70 2372 843 2410">
     <span class='ocr_line' id='line_1_65' title="bbox 70 2372 843 2410; baseline 0 -12"><span class='ocrx_word' id='word_1_471' title='bbox 70 2373 240 2406; x_wconf 70' lang='grc' dir='ltr'>ραπευθέντων</span> <span class='ocrx_word' id='word_1_472' title='bbox 265 2374 474 2410; x_wconf 83' lang='grc' dir='ltr'>συνεληλυθότες</span> <span class='ocrx_word' id='word_1_473' title='bbox 495 2373 648 2410; x_wconf 80' lang='grc' dir='ltr'>προσῄεσαν</span> <span class='ocrx_word' id='word_1_474' title='bbox 661 2374 693 2402; x_wconf 83' lang='grc'><strong>¹⁰,</strong></span> <span class='ocrx_word' id='word_1_475' title='bbox 706 2373 734 2399; x_wconf 90' lang='lat'><strong>&#39;0</strong></span> <span class='ocrx_word' id='word_1_476' title='bbox 749 2372 777 2398; x_wconf 81' lang='grc' dir='ltr'>δὲ</span> <span class='ocrx_word' id='word_1_477' title='bbox 793 2372 843 2404; x_wconf 81' lang='grc' dir='ltr'>τὰς</span> 
     </span>
    </p>
   </div>
   <div class='ocr_carea' id='block_1_66' title="bbox 68 2418 842 2455">
    <p class='ocr_par' dir='ltr' id='par_1_66' title="bbox 68 2418 842 2455">
     <span class='ocr_line' id='line_1_66' title="bbox 68 2418 842 2455; baseline -0.003 -9"><span class='ocrx_word' id='word_1_478' title='bbox 68 2419 148 2452; x_wconf 71' lang='grc' dir='ltr'>χεῖρας</span> <span class='ocrx_word' id='word_1_479' title='bbox 163 2421 253 2452; x_wconf 81' lang='grc' dir='ltr'>αὐτοῖς</span> <span class='ocrx_word' id='word_1_480' title='bbox 271 2420 376 2451; x_wconf 76' lang='grc' dir='ltr'>ἐπιοεὶς</span> <span class='ocrx_word' id='word_1_481' title='bbox 392 2420 439 2446; x_wconf 63' lang='grc' dir='ltr'>καὶ.</span> <span class='ocrx_word' id='word_1_482' title='bbox 464 2419 611 2455; x_wconf 80' lang='grc' dir='ltr'>εὐξάμενος</span> <span class='ocrx_word' id='word_1_483' title='bbox 633 2419 748 2454; x_wconf 74' lang='grc' dir='ltr'>ἐξαυτῆς</span> <span class='ocrx_word' id='word_1_484' title='bbox 765 2418 842 2445; x_wconf 84' lang='grc' dir='ltr'>ίασά-</span> 
     </span>
    </p>
   </div>
   <div class='ocr_carea' id='block_1_67' title="bbox 71 2466 842 2503">
    <p class='ocr_par' dir='ltr' id='par_1_67' title="bbox 71 2466 842 2503">
     <span class='ocr_line' id='line_1_67' title="bbox 71 2466 842 2503; baseline -0.005 -7"><span class='ocrx_word' id='word_1_485' title='bbox 71 2473 148 2498; x_wconf 74' lang='grc' dir='ltr'>μενος,</span> <span class='ocrx_word' id='word_1_486' title='bbox 171 2468 360 2503; x_wconf 72' lang='grc' dir='ltr'>ἐντειλάμενος</span> <span class='ocrx_word' id='word_1_487' title='bbox 384 2467 463 2502; x_wconf 76' lang='lat'><strong>213</strong></span> <span class='ocrx_word' id='word_1_488' title='bbox 487 2468 578 2499; x_wconf 75' lang='grc' dir='ltr'>αὐτοῖς</span> <span class='ocrx_word' id='word_1_489' title='bbox 601 2467 647 2493; x_wconf 80' lang='grc' dir='ltr'>καὶ</span> <span class='ocrx_word' id='word_1_490' title='bbox 670 2469 727 2498; x_wconf 77' lang='grc' dir='ltr'>τοῖς</span> <span class='ocrx_word' id='word_1_491' title='bbox 753 2466 842 2497; x_wconf 81' lang='grc' dir='ltr'>ἄλλοις</span> 
     </span>
    </p>
   </div>
   <div class='ocr_carea' id='block_1_68' title="bbox 70 2504 872 2548">
    <p class='ocr_par' dir='ltr' id='par_1_68' title="bbox 70 2504 872 2548">
     <span class='ocr_line' id='line_1_68' title="bbox 70 2504 872 2548; baseline 0.002 -12"><span class='ocrx_word' id='word_1_492' title='bbox 70 2510 212 2548; x_wconf 63' lang='grc' dir='ltr'>ἀρθρίτερον</span> <span class='ocrx_word' id='word_1_493' title='bbox 236 2514 259 2530; x_wconf 74' lang='grc'><strong>³⁵</strong></span> <span class='ocrx_word' id='word_1_494' title='bbox 289 2513 474 2548; x_wconf 84' lang='grc' dir='ltr'>συνεδρεύειν,</span> <span class='ocrx_word' id='word_1_495' title='bbox 503 2513 583 2545; x_wconf 76' lang='grc' dir='ltr'>αὐτὸς</span> <span class='ocrx_word' id='word_1_496' title='bbox 612 2513 775 2547; x_wconf 87' lang='grc' dir='ltr'>λουσάμενος</span> <span class='ocrx_word' id='word_1_497' title='bbox 798 2511 845 2538; x_wconf 82' lang='grc' dir='ltr'>καὶ</span> <span class='ocrx_word' id='word_1_498' title='bbox 867 2504 872 2508; x_wconf 27' lang='grc' dir='ltr'><strong>Ἴ</strong></span> 
     </span>
    </p>
   </div>
   <div class='ocr_carea' id='block_1_69' title="bbox 71 2557 494 2594">
    <p class='ocr_par' dir='ltr' id='par_1_69' title="bbox 71 2557 494 2594">
     <span class='ocr_line' id='line_1_69' title="bbox 71 2557 494 2594; baseline 0 -9"><span class='ocrx_word' id='word_1_499' title='bbox 71 2557 160 2592; x_wconf 68' lang='grc' dir='ltr'>τροφῆς</span> <span class='ocrx_word' id='word_1_500' title='bbox 177 2558 346 2594; x_wconf 74' lang='grc' dir='ltr'>μεταλαϐὼν,</span> <span class='ocrx_word' id='word_1_501' title='bbox 363 2558 494 2585; x_wconf 75' lang='grc' dir='ltr'>ὕπνωσεν.</span> 
     </span>
    </p>
   </div>
   <div class='ocr_carea' id='block_1_70' title="bbox 898 917 1688 954">
    <p class='ocr_par' dir='ltr' id='par_1_70' title="bbox 898 917 1688 954">
     <span class='ocr_line' id='line_1_70' title="bbox 898 917 1688 954; baseline 0.005 -11"><span class='ocrx_word' id='word_1_502' title='bbox 898 921 990 944; x_wconf 88' lang='lat' dir='ltr'><strong>vestra</strong></span> <span class='ocrx_word' id='word_1_503' title='bbox 1001 917 1029 944; x_wconf 94' lang='lat' dir='ltr'><strong>in</strong></span> <span class='ocrx_word' id='word_1_504' title='bbox 1043 917 1123 951; x_wconf 67' lang='lat' dir='ltr'><strong>caelo,</strong></span> <span class='ocrx_word' id='word_1_505' title='bbox 1141 922 1271 953; x_wconf 83' lang='lat' dir='ltr'><strong>tanquam</strong></span> <span class='ocrx_word' id='word_1_506' title='bbox 1287 926 1395 954; x_wconf 81' lang='lat' dir='ltr'><strong>semper</strong></span> <span class='ocrx_word' id='word_1_507' title='bbox 1407 919 1568 950; x_wconf 81' lang='lat' dir='ltr'><strong>viventium,</strong></span> <span class='ocrx_word' id='word_1_508' title='bbox 1582 919 1688 947; x_wconf 87' lang='lat' dir='ltr'><strong>descri-</strong></span> 
     </span>
    </p>
   </div>
   <div class='ocr_carea' id='block_1_71' title="bbox 898 963 1686 1000">
    <p class='ocr_par' dir='ltr' id='par_1_71' title="bbox 898 963 1686 1000">
     <span class='ocr_line' id='line_1_71' title="bbox 898 963 1686 1000; baseline 0.003 -11"><span class='ocrx_word' id='word_1_509' title='bbox 898 967 945 997; x_wconf 90' lang='lat' dir='ltr'><strong>pta</strong></span> <span class='ocrx_word' id='word_1_510' title='bbox 967 967 1040 991; x_wconf 88' lang='lat' dir='ltr'><strong>sunt.</strong></span> <span class='ocrx_word' id='word_1_511' title='bbox 1063 963 1110 991; x_wconf 91' lang='lat' dir='ltr'><strong>Sic</strong></span> <span class='ocrx_word' id='word_1_512' title='bbox 1131 964 1213 992; x_wconf 88' lang='lat' dir='ltr'><strong>etiam</strong></span> <span class='ocrx_word' id='word_1_513' title='bbox 1239 969 1350 992; x_wconf 81' lang='lat' dir='ltr'><strong>sanctus</strong></span> <span class='ocrx_word' id='word_1_514' title='bbox 1370 964 1418 992; x_wconf 86' lang='lat' dir='ltr'><strong>Dei</strong></span> <span class='ocrx_word' id='word_1_515' title='bbox 1441 965 1558 999; x_wconf 85' lang='lat' dir='ltr'><strong>Spiritus</strong></span> <span class='ocrx_word' id='word_1_516' title='bbox 1576 965 1686 1000; x_wconf 90' lang='lat' dir='ltr'><strong>gaudet,</strong></span> 
     </span>
    </p>
   </div>
   <div class='ocr_carea' id='block_1_72' title="bbox 899 1009 1688 1046">
    <p class='ocr_par' dir='ltr' id='par_1_72' title="bbox 899 1009 1688 1046">
     <span class='ocr_line' id='line_1_72' title="bbox 899 1009 1688 1046; baseline 0.005 -11"><span class='ocrx_word' id='word_1_517' title='bbox 899 1009 972 1043; x_wconf 77' lang='lat' dir='ltr'><strong>quod</strong></span> <span class='ocrx_word' id='word_1_518' title='bbox 998 1011 1081 1037; x_wconf 91' lang='lat' dir='ltr'><strong>homo</strong></span> <span class='ocrx_word' id='word_1_519' title='bbox 1103 1014 1219 1037; x_wconf 87' lang='lat' dir='ltr'><strong>mortem</strong></span> <span class='ocrx_word' id='word_1_520' title='bbox 1242 1011 1356 1045; x_wconf 78' lang='lat' dir='ltr'><strong>vicerit;</strong></span> <span class='ocrx_word' id='word_1_521' title='bbox 1377 1019 1441 1038; x_wconf 91' lang='lat' dir='ltr'><strong>nam</strong></span> <span class='ocrx_word' id='word_1_522' title='bbox 1459 1011 1534 1046; x_wconf 90' lang='lat' dir='ltr'><strong>quod</strong></span> <span class='ocrx_word' id='word_1_523' title='bbox 1550 1011 1688 1039; x_wconf 68' lang='lat' dir='ltr'><strong>daemones</strong></span> 
     </span>
    </p>
   </div>
   <div class='ocr_carea' id='block_1_73' title="bbox 898 1054 1688 1090">
    <p class='ocr_par' dir='ltr' id='par_1_73' title="bbox 898 1054 1688 1090">
     <span class='ocr_line' id='line_1_73' title="bbox 898 1054 1688 1090; baseline 0.004 -9"><span class='ocrx_word' id='word_1_524' title='bbox 898 1054 1038 1090; x_wconf 75' lang='lat' dir='ltr'><strong>fugantur,</strong></span> <span class='ocrx_word' id='word_1_525' title='bbox 1058 1056 1085 1082; x_wconf 93' lang='lat' dir='ltr'><strong>in</strong></span> <span class='ocrx_word' id='word_1_526' title='bbox 1101 1056 1214 1084; x_wconf 89' lang='lat' dir='ltr'><strong>alterius</strong></span> <span class='ocrx_word' id='word_1_527' title='bbox 1236 1056 1380 1084; x_wconf 81' lang='lat' dir='ltr'><strong>sanitatem</strong></span> <span class='ocrx_word' id='word_1_528' title='bbox 1397 1057 1436 1084; x_wconf 87' lang='lat' dir='ltr'><strong>ﬁt.</strong></span> <span class='ocrx_word' id='word_1_529' title='bbox 1455 1056 1519 1084; x_wconf 65' lang='lat' dir='ltr'><strong>Haec</strong></span> <span class='ocrx_word' id='word_1_530' title='bbox 1538 1064 1604 1084; x_wconf 85' lang='lat' dir='ltr'><strong>vero</strong></span> <span class='ocrx_word' id='word_1_531' title='bbox 1618 1057 1688 1084; x_wconf 86' lang='lat' dir='ltr'><strong>diei-</strong></span> 
     </span>
    </p>
   </div>
   <div class='ocr_carea' id='block_1_74' title="bbox 899 1101 1685 1136">
    <p class='ocr_par' dir='ltr' id='par_1_74' title="bbox 899 1101 1685 1136">
     <span class='ocr_line' id='line_1_74' title="bbox 899 1101 1685 1136; baseline 0.001 -9"><span class='ocrx_word' id='word_1_532' title='bbox 899 1108 972 1132; x_wconf 90' lang='lat' dir='ltr'><strong>mus,</strong></span> <span class='ocrx_word' id='word_1_533' title='bbox 987 1108 1041 1128; x_wconf 89' lang='lat' dir='ltr'><strong>non</strong></span> <span class='ocrx_word' id='word_1_534' title='bbox 1056 1101 1136 1136; x_wconf 84' lang='lat' dir='ltr'><strong>quasi</strong></span> <span class='ocrx_word' id='word_1_535' title='bbox 1149 1109 1282 1136; x_wconf 78' lang='lat' dir='ltr'><strong>negemus</strong></span> <span class='ocrx_word' id='word_1_536' title='bbox 1296 1102 1358 1129; x_wconf 89' lang='lat' dir='ltr'><strong>aliis</strong></span> <span class='ocrx_word' id='word_1_537' title='bbox 1373 1109 1435 1130; x_wconf 89' lang='lat' dir='ltr'><strong>esse</strong></span> <span class='ocrx_word' id='word_1_538' title='bbox 1457 1101 1685 1135; x_wconf 86' lang='lat' dir='ltr'><strong>succurrendum,</strong></span> 
     </span>
    </p>
   </div>
   <div class='ocr_carea' id='block_1_75' title="bbox 899 1146 1685 1183">
    <p class='ocr_par' dir='ltr' id='par_1_75' title="bbox 899 1146 1685 1183">
     <span class='ocr_line' id='line_1_75' title="bbox 899 1146 1685 1183; baseline 0.001 -10"><span class='ocrx_word' id='word_1_539' title='bbox 899 1146 945 1173; x_wconf 90' lang='lat' dir='ltr'><strong>sed</strong></span> <span class='ocrx_word' id='word_1_540' title='bbox 961 1147 1023 1181; x_wconf 84' lang='lat' dir='ltr'><strong>quia</strong></span> <span class='ocrx_word' id='word_1_541' title='bbox 1040 1155 1094 1174; x_wconf 93' lang='lat' dir='ltr'><strong>non</strong></span> <span class='ocrx_word' id='word_1_542' title='bbox 1108 1152 1226 1182; x_wconf 87' lang='lat' dir='ltr'><strong>oportet,</strong></span> <span class='ocrx_word' id='word_1_543' title='bbox 1241 1151 1272 1175; x_wconf 91' lang='lat' dir='ltr'><strong>ut</strong></span> <span class='ocrx_word' id='word_1_544' title='bbox 1284 1154 1345 1175; x_wconf 88' lang='lat' dir='ltr'><strong>eam</strong></span> <span class='ocrx_word' id='word_1_545' title='bbox 1358 1147 1393 1175; x_wconf 90' lang='lat' dir='ltr'><strong>ob</strong></span> <span class='ocrx_word' id='word_1_546' title='bbox 1405 1155 1464 1174; x_wconf 83' lang='lat' dir='ltr'><strong>rem</strong></span> <span class='ocrx_word' id='word_1_547' title='bbox 1479 1148 1543 1175; x_wconf 90' lang='lat' dir='ltr'><strong>elati</strong></span> <span class='ocrx_word' id='word_1_548' title='bbox 1563 1147 1685 1183; x_wconf 81' lang='lat' dir='ltr'><strong>negliga-</strong></span> 
     </span>
    </p>
   </div>
   <div class='ocr_carea' id='block_1_76' title="bbox 898 1192 1686 1229">
    <p class='ocr_par' dir='ltr' id='par_1_76' title="bbox 898 1192 1686 1229">
     <span class='ocr_line' id='line_1_76' title="bbox 898 1192 1686 1229; baseline 0.004 -11"><span class='ocrx_word' id='word_1_549' title='bbox 898 1199 960 1218; x_wconf 86' lang='lat' dir='ltr'><strong>mus</strong></span> <span class='ocrx_word' id='word_1_550' title='bbox 979 1199 1038 1219; x_wconf 90' lang='lat' dir='ltr'><strong>nos.</strong></span> <span class='ocrx_word' id='word_1_551' title='bbox 1059 1192 1199 1228; x_wconf 83' lang='lat' dir='ltr'><strong>Contingit</strong></span> <span class='ocrx_word' id='word_1_552' title='bbox 1218 1198 1310 1221; x_wconf 88' lang='lat' dir='ltr'><strong>autem</strong></span> <span class='ocrx_word' id='word_1_553' title='bbox 1324 1193 1480 1229; x_wconf 90' lang='lat' dir='ltr'><strong>aliquando,</strong></span> <span class='ocrx_word' id='word_1_554' title='bbox 1503 1197 1534 1221; x_wconf 88' lang='lat' dir='ltr'><strong>ut</strong></span> <span class='ocrx_word' id='word_1_555' title='bbox 1547 1193 1686 1221; x_wconf 64' lang='lat' dir='ltr'><strong>daemones</strong></span> 
     </span>
    </p>
   </div>
   <div class='ocr_carea' id='block_1_77' title="bbox 897 1237 1685 1275">
    <p class='ocr_par' dir='ltr' id='par_1_77' title="bbox 897 1237 1685 1275">
     <span class='ocr_line' id='line_1_77' title="bbox 897 1237 1685 1275; baseline 0.004 -11"><span class='ocrx_word' id='word_1_556' title='bbox 897 1237 974 1265; x_wconf 76' lang='lat' dir='ltr'><strong>viros</strong></span> <span class='ocrx_word' id='word_1_557' title='bbox 988 1238 1122 1273; x_wconf 89' lang='lat' dir='ltr'><strong>quosdam</strong></span> <span class='ocrx_word' id='word_1_558' title='bbox 1136 1239 1234 1273; x_wconf 88' lang='lat' dir='ltr'><strong>impios</strong></span> <span class='ocrx_word' id='word_1_559' title='bbox 1250 1239 1356 1275; x_wconf 79' lang='lat' dir='ltr'><strong>fugiant</strong></span> <span class='ocrx_word' id='word_1_560' title='bbox 1373 1245 1483 1275; x_wconf 87' lang='lat' dir='ltr'><strong>propter</strong></span> <span class='ocrx_word' id='word_1_561' title='bbox 1499 1240 1685 1267; x_wconf 90' lang='lat' dir='ltr'><strong>venerandum</strong></span> 
     </span>
    </p>
   </div>
   <div class='ocr_carea' id='block_1_78' title="bbox 898 1286 1685 1322">
    <p class='ocr_par' dir='ltr' id='par_1_78' title="bbox 898 1286 1685 1322">
     <span class='ocr_line' id='line_1_78' title="bbox 898 1286 1685 1322; baseline 0.004 -11"><span class='ocrx_word' id='word_1_562' title='bbox 898 1292 1008 1318; x_wconf 82' lang='lat' dir='ltr'><strong>nomen,</strong></span> <span class='ocrx_word' id='word_1_563' title='bbox 1027 1289 1145 1320; x_wconf 89' lang='lat' dir='ltr'><strong>tuncque</strong></span> <span class='ocrx_word' id='word_1_564' title='bbox 1158 1286 1264 1313; x_wconf 85' lang='lat' dir='ltr'><strong>insidiis</strong></span> <span class='ocrx_word' id='word_1_565' title='bbox 1285 1292 1449 1321; x_wconf 85' lang='lat' dir='ltr'><strong>appetuntur</strong></span> <span class='ocrx_word' id='word_1_566' title='bbox 1462 1291 1489 1314; x_wconf 89' lang='lat' dir='ltr'><strong>et</strong></span> <span class='ocrx_word' id='word_1_567' title='bbox 1508 1287 1555 1322; x_wconf 87' lang='lat' dir='ltr'><strong>qui</strong></span> <span class='ocrx_word' id='word_1_568' title='bbox 1575 1287 1685 1321; x_wconf 77' lang='lat' dir='ltr'><strong>expellit</strong></span> 
     </span>
    </p>
   </div>
   <div class='ocr_carea' id='block_1_79' title="bbox 897 1330 1685 1367">
    <p class='ocr_par' dir='ltr' id='par_1_79' title="bbox 897 1330 1685 1367">
     <span class='ocr_line' id='line_1_79' title="bbox 897 1330 1685 1367; baseline 0.001 -10"><span class='ocrx_word' id='word_1_569' title='bbox 897 1335 924 1357; x_wconf 89' lang='lat' dir='ltr'><strong>et</strong></span> <span class='ocrx_word' id='word_1_570' title='bbox 935 1330 982 1365; x_wconf 88' lang='lat' dir='ltr'><strong>qui</strong></span> <span class='ocrx_word' id='word_1_571' title='bbox 998 1331 1085 1358; x_wconf 92' lang='lat' dir='ltr'><strong>cernit</strong></span> <span class='ocrx_word' id='word_1_572' title='bbox 1101 1340 1108 1358; x_wconf 91' lang='lat'>:</span> <span class='ocrx_word' id='word_1_573' title='bbox 1128 1331 1175 1366; x_wconf 90' lang='lat' dir='ltr'><strong>qui</strong></span> <span class='ocrx_word' id='word_1_574' title='bbox 1197 1332 1315 1366; x_wconf 77' lang='lat' dir='ltr'><strong>expellit,</strong></span> <span class='ocrx_word' id='word_1_575' title='bbox 1328 1333 1407 1367; x_wconf 87' lang='lat' dir='ltr'><strong>quasi</strong></span> <span class='ocrx_word' id='word_1_576' title='bbox 1429 1338 1539 1367; x_wconf 86' lang='lat' dir='ltr'><strong>propter</strong></span> <span class='ocrx_word' id='word_1_577' title='bbox 1550 1332 1685 1367; x_wconf 86' lang='lat' dir='ltr'><strong>justitiam</strong></span> 
     </span>
    </p>
   </div>
   <div class='ocr_carea' id='block_1_80' title="bbox 898 1374 1686 1410">
    <p class='ocr_par' dir='ltr' id='par_1_80' title="bbox 898 1374 1686 1410">
     <span class='ocr_line' id='line_1_80' title="bbox 898 1374 1686 1410; baseline 0.004 -9"><span class='ocrx_word' id='word_1_578' title='bbox 898 1374 980 1402; x_wconf 89' lang='lat' dir='ltr'><strong>fuerit</strong></span> <span class='ocrx_word' id='word_1_579' title='bbox 994 1375 1156 1409; x_wconf 88' lang='lat' dir='ltr'><strong>honoratus,</strong></span> <span class='ocrx_word' id='word_1_580' title='bbox 1172 1378 1298 1405; x_wconf 83' lang='lat' dir='ltr'><strong>nesciens</strong></span> <span class='ocrx_word' id='word_1_581' title='bbox 1321 1378 1453 1405; x_wconf 65' lang='lat' dir='ltr'><strong>daemonis</strong></span> <span class='ocrx_word' id='word_1_582' title='bbox 1475 1377 1624 1410; x_wconf 88' lang='lat' dir='ltr'><strong>malitiam;</strong></span> <span class='ocrx_word' id='word_1_583' title='bbox 1647 1378 1686 1405; x_wconf 88' lang='lat' dir='ltr'><strong>si-</strong></span> 
     </span>
    </p>
   </div>
   <div class='ocr_carea' id='block_1_81' title="bbox 898 1420 1685 1458">
    <p class='ocr_par' dir='ltr' id='par_1_81' title="bbox 898 1420 1685 1458">
     <span class='ocr_line' id='line_1_81' title="bbox 898 1420 1685 1458; baseline 0.004 -12"><span class='ocrx_word' id='word_1_584' title='bbox 898 1420 954 1446; x_wconf 92' lang='lat' dir='ltr'><strong>mul</strong></span> <span class='ocrx_word' id='word_1_585' title='bbox 969 1421 1041 1448; x_wconf 82' lang='lat' dir='ltr'><strong>enim</strong></span> <span class='ocrx_word' id='word_1_586' title='bbox 1059 1429 1090 1448; x_wconf 89' lang='lat' dir='ltr'><strong>ac</strong></span> <span class='ocrx_word' id='word_1_587' title='bbox 1105 1429 1202 1449; x_wconf 90' lang='lat' dir='ltr'><strong>nomen</strong></span> <span class='ocrx_word' id='word_1_588' title='bbox 1219 1423 1323 1450; x_wconf 86' lang='lat' dir='ltr'><strong>honore</strong></span> <span class='ocrx_word' id='word_1_589' title='bbox 1336 1428 1497 1458; x_wconf 84' lang='lat' dir='ltr'><strong>prosecutus</strong></span> <span class='ocrx_word' id='word_1_590' title='bbox 1511 1428 1562 1455; x_wconf 85' lang='lat' dir='ltr'><strong>est,</strong></span> <span class='ocrx_word' id='word_1_591' title='bbox 1581 1427 1609 1451; x_wconf 91' lang='lat' dir='ltr'><strong>et</strong></span> <span class='ocrx_word' id='word_1_592' title='bbox 1622 1423 1685 1455; x_wconf 68' lang='lat' dir='ltr'><strong>fuga</strong></span> 
     </span>
    </p>
   </div>
   <div class='ocr_carea' id='block_1_82' title="bbox 898 1467 1685 1504">
    <p class='ocr_par' dir='ltr' id='par_1_82' title="bbox 898 1467 1685 1504">
     <span class='ocr_line' id='line_1_82' title="bbox 898 1467 1685 1504; baseline 0.005 -12"><span class='ocrx_word' id='word_1_593' title='bbox 898 1473 947 1493; x_wconf 81' lang='lat' dir='ltr'><strong>sua</strong></span> <span class='ocrx_word' id='word_1_594' title='bbox 965 1467 1078 1501; x_wconf 90' lang='lat' dir='ltr'><strong>impium</strong></span> <span class='ocrx_word' id='word_1_595' title='bbox 1102 1467 1131 1494; x_wconf 91' lang='lat' dir='ltr'><strong>in</strong></span> <span class='ocrx_word' id='word_1_596' title='bbox 1157 1469 1313 1502; x_wconf 87' lang='lat' dir='ltr'><strong>opinionem</strong></span> <span class='ocrx_word' id='word_1_597' title='bbox 1336 1469 1449 1504; x_wconf 71' lang='lat' dir='ltr'><strong>justitiat</strong></span> <span class='ocrx_word' id='word_1_598' title='bbox 1475 1469 1577 1503; x_wconf 89' lang='lat' dir='ltr'><strong>injecit,</strong></span> <span class='ocrx_word' id='word_1_599' title='bbox 1603 1474 1685 1503; x_wconf 91' lang='lat' dir='ltr'><strong>atque</strong></span> 
     </span>
    </p>
   </div>
   <div class='ocr_carea' id='block_1_83' title="bbox 898 1512 1683 1549">
    <p class='ocr_par' dir='ltr' id='par_1_83' title="bbox 898 1512 1683 1549">
     <span class='ocr_line' id='line_1_83' title="bbox 898 1512 1683 1549; baseline 0.003 -9"><span class='ocrx_word' id='word_1_600' title='bbox 898 1512 934 1540; x_wconf 85' lang='lat' dir='ltr'><strong>ita</strong></span> <span class='ocrx_word' id='word_1_601' title='bbox 950 1513 984 1540; x_wconf 88' lang='lat' dir='ltr'><strong>ad</strong></span> <span class='ocrx_word' id='word_1_602' title='bbox 1005 1513 1193 1547; x_wconf 69' lang='lat' dir='ltr'><strong>pmnitentiam</strong></span> <span class='ocrx_word' id='word_1_603' title='bbox 1218 1522 1274 1541; x_wconf 91' lang='lat' dir='ltr'><strong>non</strong></span> <span class='ocrx_word' id='word_1_604' title='bbox 1296 1515 1428 1549; x_wconf 81' lang='lat' dir='ltr'><strong>agendam</strong></span> <span class='ocrx_word' id='word_1_605' title='bbox 1451 1514 1548 1542; x_wconf 78' lang='lat' dir='ltr'><strong>fraude</strong></span> <span class='ocrx_word' id='word_1_606' title='bbox 1564 1515 1683 1542; x_wconf 81' lang='lat' dir='ltr'><strong>induxit.</strong></span> 
     </span>
    </p>
   </div>
   <div class='ocr_carea' id='block_1_84' title="bbox 898 1558 1684 1592">
    <p class='ocr_par' dir='ltr' id='par_1_84' title="bbox 898 1558 1684 1592">
     <span class='ocr_line' id='line_1_84' title="bbox 898 1558 1684 1592; baseline 0.004 -7"><span class='ocrx_word' id='word_1_607' title='bbox 898 1558 950 1591; x_wconf 82' lang='lat' dir='ltr'><strong>Qui</strong></span> <span class='ocrx_word' id='word_1_608' title='bbox 969 1566 1032 1586; x_wconf 88' lang='lat' dir='ltr'><strong>vero</strong></span> <span class='ocrx_word' id='word_1_609' title='bbox 1046 1559 1143 1592; x_wconf 90' lang='lat' dir='ltr'><strong>cernit,</strong></span> <span class='ocrx_word' id='word_1_610' title='bbox 1161 1559 1225 1586; x_wconf 91' lang='lat' dir='ltr'><strong>dum</strong></span> <span class='ocrx_word' id='word_1_611' title='bbox 1246 1561 1439 1588; x_wconf 83' lang='lat' dir='ltr'><strong>commercium</strong></span> <span class='ocrx_word' id='word_1_612' title='bbox 1455 1561 1537 1588; x_wconf 84' lang='lat' dir='ltr'><strong>habet</strong></span> <span class='ocrx_word' id='word_1_613' title='bbox 1557 1569 1618 1589; x_wconf 91' lang='lat' dir='ltr'><strong>cum</strong></span> <span class='ocrx_word' id='word_1_614' title='bbox 1634 1569 1684 1588; x_wconf 80' lang='lat' dir='ltr'><strong>ex—</strong></span> 
     </span>
    </p>
   </div>
   <div class='ocr_carea' id='block_1_85' title="bbox 897 1604 1684 1640">
    <p class='ocr_par' dir='ltr' id='par_1_85' title="bbox 897 1604 1684 1640">
     <span class='ocr_line' id='line_1_85' title="bbox 897 1604 1684 1640; baseline 0.004 -9"><span class='ocrx_word' id='word_1_615' title='bbox 897 1604 1014 1639; x_wconf 86' lang='lat' dir='ltr'><strong>pellente</strong></span> <span class='ocrx_word' id='word_1_616' title='bbox 1027 1608 1156 1640; x_wconf 88' lang='lat' dir='ltr'><strong>tanquam</strong></span> <span class='ocrx_word' id='word_1_617' title='bbox 1172 1613 1234 1632; x_wconf 89' lang='lat' dir='ltr'><strong>cum</strong></span> <span class='ocrx_word' id='word_1_618' title='bbox 1255 1606 1367 1633; x_wconf 83' lang='lat' dir='ltr'><strong>homine</strong></span> <span class='ocrx_word' id='word_1_619' title='bbox 1386 1607 1442 1640; x_wconf 86' lang='lat' dir='ltr'><strong>pio,</strong></span> <span class='ocrx_word' id='word_1_620' title='bbox 1456 1607 1489 1634; x_wconf 89' lang='lat' dir='ltr'><strong>ad</strong></span> <span class='ocrx_word' id='word_1_621' title='bbox 1506 1607 1624 1634; x_wconf 87' lang='lat' dir='ltr'><strong>similem</strong></span> <span class='ocrx_word' id='word_1_622' title='bbox 1643 1607 1684 1634; x_wconf 87' lang='lat' dir='ltr'><strong>vi—</strong></span> 
     </span>
    </p>
   </div>
   <div class='ocr_carea' id='block_1_86' title="bbox 897 1650 1685 1685">
    <p class='ocr_par' dir='ltr' id='par_1_86' title="bbox 897 1650 1685 1685">
     <span class='ocr_line' id='line_1_86' title="bbox 897 1650 1685 1685; baseline 0.005 -9"><span class='ocrx_word' id='word_1_623' title='bbox 897 1650 977 1676; x_wconf 85' lang='lat' dir='ltr'><strong>vendi</strong></span> <span class='ocrx_word' id='word_1_624' title='bbox 1000 1650 1132 1677; x_wconf 85' lang='lat' dir='ltr'><strong>rationem</strong></span> <span class='ocrx_word' id='word_1_625' title='bbox 1159 1650 1291 1678; x_wconf 85' lang='lat' dir='ltr'><strong>festinans</strong></span> <span class='ocrx_word' id='word_1_626' title='bbox 1315 1651 1395 1685; x_wconf 88' lang='lat' dir='ltr'><strong>perit.</strong></span> <span class='ocrx_word' id='word_1_627' title='bbox 1412 1652 1549 1679; x_wconf 87' lang='lat' dir='ltr'><strong>Interdum</strong></span> <span class='ocrx_word' id='word_1_628' title='bbox 1571 1661 1636 1680; x_wconf 89' lang='lat' dir='ltr'><strong>vero</strong></span> <span class='ocrx_word' id='word_1_629' title='bbox 1657 1657 1685 1680; x_wconf 78' lang='lat' dir='ltr'><strong>et</strong></span> 
     </span>
    </p>
   </div>
   <div class='ocr_carea' id='block_1_87' title="bbox 896 1695 1685 1732">
    <p class='ocr_par' dir='ltr' id='par_1_87' title="bbox 896 1695 1685 1732">
     <span class='ocr_line' id='line_1_87' title="bbox 896 1695 1685 1732; baseline 0.006 -11"><span class='ocrx_word' id='word_1_630' title='bbox 896 1702 955 1726; x_wconf 82' lang='lat' dir='ltr'><strong>eos,</strong></span> <span class='ocrx_word' id='word_1_631' title='bbox 978 1695 1023 1730; x_wconf 90' lang='lat' dir='ltr'><strong>qui</strong></span> <span class='ocrx_word' id='word_1_632' title='bbox 1046 1696 1080 1722; x_wconf 89' lang='lat' dir='ltr'><strong>ad</strong></span> <span class='ocrx_word' id='word_1_633' title='bbox 1105 1696 1189 1723; x_wconf 89' lang='lat' dir='ltr'><strong>Deum</strong></span> <span class='ocrx_word' id='word_1_634' title='bbox 1209 1704 1262 1723; x_wconf 90' lang='lat' dir='ltr'><strong>non</strong></span> <span class='ocrx_word' id='word_1_635' title='bbox 1285 1696 1407 1724; x_wconf 87' lang='lat' dir='ltr'><strong>referunt</strong></span> <span class='ocrx_word' id='word_1_636' title='bbox 1429 1697 1624 1732; x_wconf 85' lang='lat' dir='ltr'><strong>adjurationes,</strong></span> <span class='ocrx_word' id='word_1_637' title='bbox 1640 1698 1685 1725; x_wconf 84' lang='lat' dir='ltr'><strong>fu-</strong></span> 
     </span>
    </p>
   </div>
   <div class='ocr_carea' id='block_1_88' title="bbox 896 1742 1683 1777">
    <p class='ocr_par' dir='ltr' id='par_1_88' title="bbox 896 1742 1683 1777">
     <span class='ocr_line' id='line_1_88' title="bbox 896 1742 1683 1777; baseline 0.004 -9"><span class='ocrx_word' id='word_1_638' title='bbox 896 1749 958 1775; x_wconf 82' lang='lat' dir='ltr'><strong>gere</strong></span> <span class='ocrx_word' id='word_1_639' title='bbox 983 1742 1126 1775; x_wconf 88' lang='lat' dir='ltr'><strong>simulant,</strong></span> <span class='ocrx_word' id='word_1_640' title='bbox 1153 1746 1183 1769; x_wconf 89' lang='lat' dir='ltr'><strong>ut</strong></span> <span class='ocrx_word' id='word_1_641' title='bbox 1206 1742 1352 1776; x_wconf 81' lang='lat' dir='ltr'><strong>deceptos,</strong></span> <span class='ocrx_word' id='word_1_642' title='bbox 1378 1750 1441 1771; x_wconf 91' lang='lat' dir='ltr'><strong>cum</strong></span> <span class='ocrx_word' id='word_1_643' title='bbox 1463 1744 1563 1777; x_wconf 86' lang='lat' dir='ltr'><strong>velint,</strong></span> <span class='ocrx_word' id='word_1_644' title='bbox 1586 1744 1683 1772; x_wconf 90' lang='lat' dir='ltr'><strong>interi-</strong></span> 
     </span>
    </p>
   </div>
   <div class='ocr_carea' id='block_1_89' title="bbox 895 1790 981 1813">
    <p class='ocr_par' dir='ltr' id='par_1_89' title="bbox 895 1790 981 1813">
     <span class='ocr_line' id='line_1_89' title="bbox 895 1790 981 1813; baseline -0.012 0"><span class='ocrx_word' id='word_1_645' title='bbox 895 1790 981 1813; x_wconf 83' lang='lat' dir='ltr'><strong>mant.</strong></span> 
     </span>
    </p>
   </div>
   <div class='ocr_carea' id='block_1_90' title="bbox 930 1832 1683 1868">
    <p class='ocr_par' dir='ltr' id='par_1_90' title="bbox 930 1832 1683 1868">
     <span class='ocr_line' id='line_1_90' title="bbox 930 1832 1683 1868; baseline 0.004 -10"><span class='ocrx_word' id='word_1_646' title='bbox 930 1832 1022 1858; x_wconf 76' lang='lat' dir='ltr'><strong>XXIII.</strong></span> <span class='ocrx_word' id='word_1_647' title='bbox 1046 1832 1078 1859; x_wconf 88' lang='lat' dir='ltr'><strong>Et</strong></span> <span class='ocrx_word' id='word_1_648' title='bbox 1103 1832 1156 1860; x_wconf 90' lang='lat' dir='ltr'><strong>hoc</strong></span> <span class='ocrx_word' id='word_1_649' title='bbox 1178 1833 1260 1868; x_wconf 79' lang='lat' dir='ltr'><strong>igitur</strong></span> <span class='ocrx_word' id='word_1_650' title='bbox 1282 1840 1331 1860; x_wconf 84' lang='lat' dir='ltr'><strong>vos</strong></span> <span class='ocrx_word' id='word_1_651' title='bbox 1352 1833 1422 1860; x_wconf 86' lang='lat' dir='ltr'><strong>scire</strong></span> <span class='ocrx_word' id='word_1_652' title='bbox 1447 1834 1589 1866; x_wconf 87' lang='lat' dir='ltr'><strong>volumus,</strong></span> <span class='ocrx_word' id='word_1_653' title='bbox 1609 1834 1683 1868; x_wconf 86' lang='lat' dir='ltr'><strong>quod</strong></span> 
     </span>
    </p>
   </div>
   <div class='ocr_carea' id='block_1_91' title="bbox 895 1877 1682 1912">
    <p class='ocr_par' dir='ltr' id='par_1_91' title="bbox 895 1877 1682 1912">
     <span class='ocr_line' id='line_1_91' title="bbox 895 1877 1682 1912; baseline 0.004 -9"><span class='ocrx_word' id='word_1_654' title='bbox 895 1877 947 1904; x_wconf 84' lang='lat' dir='ltr'><strong>nisi</strong></span> <span class='ocrx_word' id='word_1_655' title='bbox 963 1879 1025 1912; x_wconf 83' lang='lat' dir='ltr'><strong>quis</strong></span> <span class='ocrx_word' id='word_1_656' title='bbox 1039 1882 1136 1912; x_wconf 88' lang='lat' dir='ltr'><strong>sponte</strong></span> <span class='ocrx_word' id='word_1_657' title='bbox 1157 1886 1186 1905; x_wconf 85' lang='lat' dir='ltr'><strong>se</strong></span> <span class='ocrx_word' id='word_1_658' title='bbox 1207 1878 1296 1912; x_wconf 88' lang='lat' dir='ltr'><strong>ipsum</strong></span> <span class='ocrx_word' id='word_1_659' title='bbox 1311 1878 1481 1906; x_wconf 58' lang='lat' dir='ltr'><strong>daemonibus</strong></span> <span class='ocrx_word' id='word_1_660' title='bbox 1501 1886 1610 1906; x_wconf 85' lang='lat' dir='ltr'><strong>servum</strong></span> <span class='ocrx_word' id='word_1_661' title='bbox 1626 1883 1682 1906; x_wconf 87' lang='lat' dir='ltr'><strong>tra-</strong></span> 
     </span>
    </p>
   </div>
   <div class='ocr_carea' id='block_1_92' title="bbox 894 1922 1683 1957">
    <p class='ocr_par' dir='ltr' id='par_1_92' title="bbox 894 1922 1683 1957">
     <span class='ocr_line' id='line_1_92' title="bbox 894 1922 1683 1957; baseline 0.003 -8"><span class='ocrx_word' id='word_1_662' title='bbox 894 1922 951 1955; x_wconf 80' lang='lat' dir='ltr'><strong>dat,</strong></span> <span class='ocrx_word' id='word_1_663' title='bbox 965 1923 1194 1957; x_wconf 85' lang='lat' dir='ltr'><strong>quemadmodum</strong></span> <span class='ocrx_word' id='word_1_664' title='bbox 1211 1923 1267 1950; x_wconf 79' lang='lat' dir='ltr'><strong>dixi</strong></span> <span class='ocrx_word' id='word_1_665' title='bbox 1293 1923 1382 1956; x_wconf 90' lang='lat' dir='ltr'><strong>modo,</strong></span> <span class='ocrx_word' id='word_1_666' title='bbox 1399 1924 1505 1950; x_wconf 67' lang='lat' dir='ltr'><strong>dmmon</strong></span> <span class='ocrx_word' id='word_1_667' title='bbox 1521 1931 1577 1951; x_wconf 88' lang='lat' dir='ltr'><strong>non</strong></span> <span class='ocrx_word' id='word_1_668' title='bbox 1600 1924 1683 1951; x_wconf 89' lang='lat' dir='ltr'><strong>habet</strong></span> 
     </span>
    </p>
   </div>
   <div class='ocr_carea' id='block_1_93' title="bbox 893 1969 1683 2005">
    <p class='ocr_par' dir='ltr' id='par_1_93' title="bbox 893 1969 1683 2005">
     <span class='ocr_line' id='line_1_93' title="bbox 893 1969 1683 2005; baseline 0.003 -11"><span class='ocrx_word' id='word_1_669' title='bbox 893 1972 1055 2003; x_wconf 75' lang='lat' dir='ltr'><strong>potestatem</strong></span> <span class='ocrx_word' id='word_1_670' title='bbox 1074 1969 1101 1996; x_wconf 91' lang='lat' dir='ltr'><strong>in</strong></span> <span class='ocrx_word' id='word_1_671' title='bbox 1118 1977 1191 1996; x_wconf 88' lang='lat' dir='ltr'><strong>eum.</strong></span> <span class='ocrx_word' id='word_1_672' title='bbox 1209 1969 1303 2005; x_wconf 86' lang='lat' dir='ltr'><strong>Itaque</strong></span> <span class='ocrx_word' id='word_1_673' title='bbox 1322 1970 1404 1998; x_wconf 91' lang='lat' dir='ltr'><strong>unius</strong></span> <span class='ocrx_word' id='word_1_674' title='bbox 1424 1969 1471 1996; x_wconf 88' lang='lat' dir='ltr'><strong>Dei</strong></span> <span class='ocrx_word' id='word_1_675' title='bbox 1491 1970 1594 1997; x_wconf 92' lang='lat' dir='ltr'><strong>cultum</strong></span> <span class='ocrx_word' id='word_1_676' title='bbox 1622 1977 1683 1996; x_wconf 90' lang='lat' dir='ltr'><strong>am-</strong></span> 
     </span>
    </p>
   </div>
   <div class='ocr_carea' id='block_1_94' title="bbox 894 2014 1681 2050">
    <p class='ocr_par' dir='ltr' id='par_1_94' title="bbox 894 2014 1681 2050">
     <span class='ocr_line' id='line_1_94' title="bbox 894 2014 1681 2050; baseline 0.001 -9"><span class='ocrx_word' id='word_1_677' title='bbox 894 2014 976 2049; x_wconf 87' lang='lat' dir='ltr'><strong>plexi,</strong></span> <span class='ocrx_word' id='word_1_678' title='bbox 996 2015 1150 2042; x_wconf 67' lang='lat' dir='ltr'><strong>daemonum</strong></span> <span class='ocrx_word' id='word_1_679' title='bbox 1171 2023 1264 2042; x_wconf 88' lang='lat' dir='ltr'><strong>mensa</strong></span> <span class='ocrx_word' id='word_1_680' title='bbox 1283 2016 1460 2048; x_wconf 85' lang='lat' dir='ltr'><strong>abstinentes,</strong></span> <span class='ocrx_word' id='word_1_681' title='bbox 1474 2015 1681 2050; x_wconf 85' lang='lat' dir='ltr'><strong>temperantiam</strong></span> 
     </span>
    </p>
   </div>
   <div class='ocr_carea' id='block_1_95' title="bbox 894 2059 1682 2094">
    <p class='ocr_par' dir='ltr' id='par_1_95' title="bbox 894 2059 1682 2094">
     <span class='ocr_line' id='line_1_95' title="bbox 894 2059 1682 2094; baseline 0 -8"><span class='ocrx_word' id='word_1_682' title='bbox 894 2067 957 2086; x_wconf 84' lang='lat' dir='ltr'><strong>eum</strong></span> <span class='ocrx_word' id='word_1_683' title='bbox 971 2060 1140 2086; x_wconf 83' lang='lat' dir='ltr'><strong>humanitate</strong></span> <span class='ocrx_word' id='word_1_684' title='bbox 1163 2067 1195 2087; x_wconf 90' lang='lat' dir='ltr'><strong>ac</strong></span> <span class='ocrx_word' id='word_1_685' title='bbox 1209 2059 1316 2094; x_wconf 76' lang='lat' dir='ltr'><strong>iustitia</strong></span> <span class='ocrx_word' id='word_1_686' title='bbox 1334 2059 1483 2087; x_wconf 86' lang='lat' dir='ltr'><strong>consectati</strong></span> <span class='ocrx_word' id='word_1_687' title='bbox 1497 2065 1523 2086; x_wconf 86' lang='lat' dir='ltr'><strong>et</strong></span> <span class='ocrx_word' id='word_1_688' title='bbox 1547 2063 1588 2086; x_wconf 90' lang='lat' dir='ltr'><strong>ter</strong></span> <span class='ocrx_word' id='word_1_689' title='bbox 1602 2060 1682 2086; x_wconf 83' lang='lat' dir='ltr'><strong>beata</strong></span> 
     </span>
    </p>
   </div>
   <div class='ocr_carea' id='block_1_96' title="bbox 894 2104 1681 2139">
    <p class='ocr_par' dir='ltr' id='par_1_96' title="bbox 894 2104 1681 2139">
     <span class='ocr_line' id='line_1_96' title="bbox 894 2104 1681 2139; baseline -0.003 -7"><span class='ocrx_word' id='word_1_690' title='bbox 894 2105 1067 2132; x_wconf 79' lang='lat' dir='ltr'><strong>invocatione</strong></span> <span class='ocrx_word' id='word_1_691' title='bbox 1086 2105 1114 2131; x_wconf 91' lang='lat' dir='ltr'><strong>in</strong></span> <span class='ocrx_word' id='word_1_692' title='bbox 1137 2105 1326 2132; x_wconf 89' lang='lat' dir='ltr'><strong>remissionem</strong></span> <span class='ocrx_word' id='word_1_693' title='bbox 1347 2109 1523 2139; x_wconf 79' lang='lat' dir='ltr'><strong>peccatorum</strong></span> <span class='ocrx_word' id='word_1_694' title='bbox 1539 2104 1681 2139; x_wconf 78' lang='lat' dir='ltr'><strong>baptizati,</strong></span> 
     </span>
    </p>
   </div>
   <div class='ocr_carea' id='block_1_97' title="bbox 893 2150 1680 2186">
    <p class='ocr_par' dir='ltr' id='par_1_97' title="bbox 893 2150 1680 2186">
     <span class='ocr_line' id='line_1_97' title="bbox 893 2150 1680 2186; baseline -0.001 -9"><span class='ocrx_word' id='word_1_695' title='bbox 893 2159 943 2186; x_wconf 90' lang='lat' dir='ltr'><strong>pro</strong></span> <span class='ocrx_word' id='word_1_696' title='bbox 959 2150 1063 2177; x_wconf 88' lang='lat' dir='ltr'><strong>viribus</strong></span> <span class='ocrx_word' id='word_1_697' title='bbox 1077 2150 1108 2177; x_wconf 91' lang='lat' dir='ltr'><strong>ad</strong></span> <span class='ocrx_word' id='word_1_698' title='bbox 1120 2151 1247 2184; x_wconf 83' lang='lat' dir='ltr'><strong>puritatis</strong></span> <span class='ocrx_word' id='word_1_699' title='bbox 1266 2150 1458 2185; x_wconf 79' lang='lat' dir='ltr'><strong>perfectionem</strong></span> <span class='ocrx_word' id='word_1_700' title='bbox 1472 2158 1520 2177; x_wconf 85' lang='lat' dir='ltr'><strong>vos</strong></span> <span class='ocrx_word' id='word_1_701' title='bbox 1538 2150 1680 2182; x_wconf 84' lang='lat' dir='ltr'><strong>tradendo,</strong></span> 
     </span>
    </p>
   </div>
   <div class='ocr_carea' id='block_1_98' title="bbox 856 2194 1681 2240">
    <p class='ocr_par' dir='ltr' id='par_1_98' title="bbox 856 2194 1681 2240">
     <span class='ocr_line' id='line_1_98' title="bbox 856 2194 1681 2240; baseline -0.004 -17"><span class='ocrx_word' id='word_1_702' title='bbox 856 2210 881 2240; x_wconf 68' lang='grc' dir='ltr'><strong>ι)</strong></span> <span class='ocrx_word' id='word_1_703' title='bbox 893 2196 1006 2230; x_wconf 83' lang='lat' dir='ltr'><strong>potestis</strong></span> <span class='ocrx_word' id='word_1_704' title='bbox 1031 2195 1065 2222; x_wconf 89' lang='lat' dir='ltr'><strong>ab</strong></span> <span class='ocrx_word' id='word_1_705' title='bbox 1081 2199 1181 2222; x_wconf 64' lang='lat' dir='ltr'><strong>aeterna</strong></span> <span class='ocrx_word' id='word_1_706' title='bbox 1202 2195 1269 2230; x_wconf 88' lang='lat' dir='ltr'><strong>eripi</strong></span> <span class='ocrx_word' id='word_1_707' title='bbox 1293 2195 1467 2222; x_wconf 84' lang='lat' dir='ltr'><strong>damnatione</strong></span> <span class='ocrx_word' id='word_1_708' title='bbox 1479 2215 1486 2227; x_wconf 88' lang='lat'><strong>,</strong></span> <span class='ocrx_word' id='word_1_709' title='bbox 1504 2199 1531 2221; x_wconf 92' lang='lat' dir='ltr'><strong>et</strong></span> <span class='ocrx_word' id='word_1_710' title='bbox 1546 2194 1681 2221; x_wconf 90' lang='lat' dir='ltr'><strong>bonorum</strong></span> 
     </span>
    </p>
   </div>
   <div class='ocr_carea' id='block_1_99' title="bbox 896 2239 1682 2274">
    <p class='ocr_par' dir='ltr' id='par_1_99' title="bbox 896 2239 1682 2274">
     <span class='ocr_line' id='line_1_99' title="bbox 896 2239 1682 2274; baseline -0.003 -6"><span class='ocrx_word' id='word_1_711' title='bbox 896 2245 1058 2268; x_wconf 59' lang='lat' dir='ltr'><strong>atternorum</strong></span> <span class='ocrx_word' id='word_1_712' title='bbox 1089 2241 1217 2268; x_wconf 86' lang='lat' dir='ltr'><strong>constitui</strong></span> <span class='ocrx_word' id='word_1_713' title='bbox 1237 2240 1366 2267; x_wconf 73' lang='lat' dir='ltr'><strong>lueredes.</strong></span> <span class='ocrx_word' id='word_1_714' title='bbox 1387 2239 1452 2272; x_wconf 79' lang='lat' dir='ltr'><strong>Quae</strong></span> <span class='ocrx_word' id='word_1_715' title='bbox 1477 2243 1619 2274; x_wconf 85' lang='lat' dir='ltr'><strong>postquam</strong></span> <span class='ocrx_word' id='word_1_716' title='bbox 1640 2239 1682 2266; x_wconf 81' lang='lat' dir='ltr'><strong>di-</strong></span> 
     </span>
    </p>
   </div>
   <div class='ocr_carea' id='block_1_100' title="bbox 896 2284 1681 2321">
    <p class='ocr_par' dir='ltr' id='par_1_100' title="bbox 896 2284 1681 2321">
     <span class='ocr_line' id='line_1_100' title="bbox 896 2284 1681 2321; baseline -0.004 -8"><span class='ocrx_word' id='word_1_717' title='bbox 896 2287 990 2319; x_wconf 81' lang='lat' dir='ltr'><strong>xisset,</strong></span> <span class='ocrx_word' id='word_1_718' title='bbox 1008 2294 1054 2313; x_wconf 90' lang='lat' dir='ltr'><strong>eos</strong></span> <span class='ocrx_word' id='word_1_719' title='bbox 1067 2286 1113 2321; x_wconf 90' lang='lat' dir='ltr'><strong>qui</strong></span> <span class='ocrx_word' id='word_1_720' title='bbox 1132 2286 1338 2321; x_wconf 71' lang='lat' dir='ltr'><strong>agritudinibus</strong></span> <span class='ocrx_word' id='word_1_721' title='bbox 1359 2284 1618 2319; x_wconf 68' lang='lat' dir='ltr'><strong>vexabanturjuszsit</strong></span> <span class='ocrx_word' id='word_1_722' title='bbox 1635 2291 1681 2310; x_wconf 89' lang='lat' dir='ltr'><strong>ac-</strong></span> 
     </span>
    </p>
   </div>
   <div class='ocr_carea' id='block_1_101' title="bbox 896 2328 1680 2365">
    <p class='ocr_par' dir='ltr' id='par_1_101' title="bbox 896 2328 1680 2365">
     <span class='ocr_line' id='line_1_101' title="bbox 896 2328 1680 2365; baseline -0.005 -7"><span class='ocrx_word' id='word_1_723' title='bbox 896 2331 1002 2363; x_wconf 82' lang='lat' dir='ltr'><strong>cedere,</strong></span> <span class='ocrx_word' id='word_1_724' title='bbox 1017 2336 1043 2358; x_wconf 89' lang='lat' dir='ltr'><strong>et</strong></span> <span class='ocrx_word' id='word_1_725' title='bbox 1055 2331 1091 2357; x_wconf 91' lang='lat' dir='ltr'><strong>ita</strong></span> <span class='ocrx_word' id='word_1_726' title='bbox 1111 2331 1188 2357; x_wconf 91' lang='lat' dir='ltr'><strong>multi</strong></span> <span class='ocrx_word' id='word_1_727' title='bbox 1204 2335 1313 2365; x_wconf 89' lang='lat' dir='ltr'><strong>propter</strong></span> <span class='ocrx_word' id='word_1_728' title='bbox 1333 2337 1390 2362; x_wconf 87' lang='lat' dir='ltr'><strong>eos,</strong></span> <span class='ocrx_word' id='word_1_729' title='bbox 1405 2337 1475 2364; x_wconf 84' lang='lat' dir='ltr'><strong>quos</strong></span> <span class='ocrx_word' id='word_1_730' title='bbox 1491 2329 1617 2356; x_wconf 84' lang='lat' dir='ltr'><strong>hesterno</strong></span> <span class='ocrx_word' id='word_1_731' title='bbox 1636 2328 1680 2355; x_wconf 89' lang='lat' dir='ltr'><strong>die</strong></span> 
     </span>
    </p>
   </div>
   <div class='ocr_carea' id='block_1_102' title="bbox 896 2375 1680 2410">
    <p class='ocr_par' dir='ltr' id='par_1_102' title="bbox 896 2375 1680 2410">
     <span class='ocr_line' id='line_1_102' title="bbox 896 2375 1680 2410; baseline -0.004 -7"><span class='ocrx_word' id='word_1_732' title='bbox 896 2381 1006 2403; x_wconf 80' lang='lat' dir='ltr'><strong>curatos</strong></span> <span class='ocrx_word' id='word_1_733' title='bbox 1022 2377 1155 2409; x_wconf 84' lang='lat' dir='ltr'><strong>viderant,</strong></span> <span class='ocrx_word' id='word_1_734' title='bbox 1173 2376 1328 2410; x_wconf 81' lang='lat' dir='ltr'><strong>congregati</strong></span> <span class='ocrx_word' id='word_1_735' title='bbox 1350 2379 1534 2402; x_wconf 87' lang='lat' dir='ltr'><strong>accesserunt.</strong></span> <span class='ocrx_word' id='word_1_736' title='bbox 1551 2375 1597 2401; x_wconf 91' lang='lat' dir='ltr'><strong>Ille</strong></span> <span class='ocrx_word' id='word_1_737' title='bbox 1616 2381 1680 2400; x_wconf 78' lang='lat' dir='ltr'><strong>vero</strong></span> 
     </span>
    </p>
   </div>
   <div class='ocr_carea' id='block_1_103' title="bbox 896 2419 1679 2456">
    <p class='ocr_par' dir='ltr' id='par_1_103' title="bbox 896 2419 1679 2456">
     <span class='ocr_line' id='line_1_103' title="bbox 896 2419 1679 2456; baseline -0.004 -8"><span class='ocrx_word' id='word_1_738' title='bbox 896 2422 1031 2456; x_wconf 86' lang='lat' dir='ltr'><strong>impositis</strong></span> <span class='ocrx_word' id='word_1_739' title='bbox 1047 2430 1127 2456; x_wconf 84' lang='lat' dir='ltr'><strong>super</strong></span> <span class='ocrx_word' id='word_1_740' title='bbox 1142 2429 1190 2449; x_wconf 90' lang='lat' dir='ltr'><strong>eos</strong></span> <span class='ocrx_word' id='word_1_741' title='bbox 1212 2421 1339 2448; x_wconf 83' lang='lat' dir='ltr'><strong>manibus</strong></span> <span class='ocrx_word' id='word_1_742' title='bbox 1352 2425 1378 2448; x_wconf 92' lang='lat' dir='ltr'><strong>et</strong></span> <span class='ocrx_word' id='word_1_743' title='bbox 1393 2424 1520 2455; x_wconf 84' lang='lat' dir='ltr'><strong>precatus</strong></span> <span class='ocrx_word' id='word_1_744' title='bbox 1534 2419 1679 2447; x_wconf 84' lang='lat' dir='ltr'><strong>confestim</strong></span> 
     </span>
    </p>
   </div>
   <div class='ocr_carea' id='block_1_104' title="bbox 895 2464 1678 2502">
    <p class='ocr_par' dir='ltr' id='par_1_104' title="bbox 895 2464 1678 2502">
     <span class='ocr_line' id='line_1_104' title="bbox 895 2464 1678 2502; baseline -0.005 -7"><span class='ocrx_word' id='word_1_745' title='bbox 895 2468 1013 2500; x_wconf 81' lang='lat' dir='ltr'><strong>sanavit,</strong></span> <span class='ocrx_word' id='word_1_746' title='bbox 1029 2468 1211 2502; x_wconf 67' lang='lat' dir='ltr'><strong>praecepitque</strong></span> <span class='ocrx_word' id='word_1_747' title='bbox 1228 2475 1290 2494; x_wconf 89' lang='lat' dir='ltr'><strong>cum</strong></span> <span class='ocrx_word' id='word_1_748' title='bbox 1307 2468 1357 2500; x_wconf 91' lang='lat' dir='ltr'><strong>iis,</strong></span> <span class='ocrx_word' id='word_1_749' title='bbox 1372 2472 1428 2494; x_wconf 92' lang='lat' dir='ltr'><strong>tum</strong></span> <span class='ocrx_word' id='word_1_750' title='bbox 1445 2466 1519 2496; x_wconf 84' lang='lat' dir='ltr'><strong>aliis,</strong></span> <span class='ocrx_word' id='word_1_751' title='bbox 1531 2470 1561 2492; x_wconf 92' lang='lat' dir='ltr'><strong>ut</strong></span> <span class='ocrx_word' id='word_1_752' title='bbox 1579 2464 1678 2499; x_wconf 77' lang='lat' dir='ltr'><strong>majori</strong></span> 
     </span>
    </p>
   </div>
   <div class='ocr_carea' id='block_1_105' title="bbox 893 2512 1677 2548">
    <p class='ocr_par' dir='ltr' id='par_1_105' title="bbox 893 2512 1677 2548">
     <span class='ocr_line' id='line_1_105' title="bbox 893 2512 1677 2548; baseline -0.005 -8"><span class='ocrx_word' id='word_1_753' title='bbox 893 2521 974 2540; x_wconf 87' lang='lat' dir='ltr'><strong>mane</strong></span> <span class='ocrx_word' id='word_1_754' title='bbox 996 2514 1194 2540; x_wconf 81' lang='lat' dir='ltr'><strong>convenirent:</strong></span> <span class='ocrx_word' id='word_1_755' title='bbox 1214 2518 1295 2548; x_wconf 85' lang='lat' dir='ltr'><strong>atque</strong></span> <span class='ocrx_word' id='word_1_756' title='bbox 1313 2513 1395 2547; x_wconf 86' lang='lat' dir='ltr'><strong>lotus,</strong></span> <span class='ocrx_word' id='word_1_757' title='bbox 1422 2512 1538 2547; x_wconf 84' lang='lat' dir='ltr'><strong>ciboque</strong></span> <span class='ocrx_word' id='word_1_758' title='bbox 1557 2514 1677 2544; x_wconf 88' lang='lat' dir='ltr'><strong>sumpto,</strong></span> 
     </span>
    </p>
   </div>
   <div class='ocr_carea' id='block_1_106' title="bbox 893 2559 1168 2586">
    <p class='ocr_par' dir='ltr' id='par_1_106' title="bbox 893 2559 1168 2586">
     <span class='ocr_line' id='line_1_106' title="bbox 893 2559 1168 2586; baseline -0.004 0"><span class='ocrx_word' id='word_1_759' title='bbox 893 2566 989 2586; x_wconf 90' lang='lat' dir='ltr'><strong>somno</strong></span> <span class='ocrx_word' id='word_1_760' title='bbox 1007 2567 1036 2586; x_wconf 83' lang='lat' dir='ltr'><strong>se</strong></span> <span class='ocrx_word' id='word_1_761' title='bbox 1049 2559 1168 2586; x_wconf 87' lang='lat' dir='ltr'><strong>tradidit.</strong></span> 
     </span>
    </p>
   </div>
   <div class='ocr_carea' id='block_1_107' title="bbox 712 2625 1051 2654">
    <p class='ocr_par' dir='ltr' id='par_1_107' title="bbox 712 2625 1051 2654">
     <span class='ocr_line' id='line_1_107' title="bbox 712 2625 1051 2654; baseline 0.003 -1"><span class='ocrx_word' id='word_1_762' title='bbox 712 2625 831 2653; x_wconf 72' lang='lat' dir='ltr'><strong>VARIE</strong></span> <span class='ocrx_word' id='word_1_763' title='bbox 850 2625 1051 2654; x_wconf 86' lang='lat' dir='ltr'><strong>LECTIONES.</strong></span> 
     </span>
    </p>
   </div>
   <div class='ocr_carea' id='block_1_108' title="bbox 103 2669 953 2733">
    <p class='ocr_par' dir='ltr' id='par_1_108' title="bbox 103 2669 953 2733">
     <span class='ocr_line' id='line_1_108' title="bbox 103 2669 953 2706; baseline 0 -9"><span class='ocrx_word' id='word_1_764' title='bbox 103 2669 122 2685; x_wconf 59' lang='lat'><strong>&#39;9</strong></span> <span class='ocrx_word' id='word_1_765' title='bbox 131 2669 191 2698; x_wconf 87' lang='lat' dir='ltr'><strong>Post</strong></span> <span class='ocrx_word' id='word_1_766' title='bbox 202 2681 236 2698; x_wconf 80' lang='grc' dir='ltr'><strong>κα</strong></span> <span class='ocrx_word' id='word_1_767' title='bbox 257 2673 316 2699; x_wconf 66' lang='lat' dir='ltr'><strong>“tot:</strong></span> <span class='ocrx_word' id='word_1_768' title='bbox 327 2671 347 2698; x_wconf 90' lang='lat' dir='ltr'>C</span> <span class='ocrx_word' id='word_1_769' title='bbox 374 2671 546 2700; x_wconf 84' lang='lat' dir='ltr'><strong>inserendum</strong></span> <span class='ocrx_word' id='word_1_770' title='bbox 565 2675 640 2706; x_wconf 84' lang='lat' dir='ltr'><strong>putat</strong></span> <span class='ocrx_word' id='word_1_771' title='bbox 650 2671 698 2698; x_wconf 81' lang='grc' dir='ltr'>τοῦ</span> <span class='ocrx_word' id='word_1_772' title='bbox 712 2672 753 2698; x_wconf 88' lang='lat' dir='ltr'><strong>vel</strong></span> <span class='ocrx_word' id='word_1_773' title='bbox 765 2670 842 2697; x_wconf 78' lang='grc' dir='ltr'>θεοῦ.</span> <span class='ocrx_word' id='word_1_774' title='bbox 857 2670 914 2697; x_wconf 84' lang='lat' dir='ltr'><strong>Ci‘r.</strong></span> <span class='ocrx_word' id='word_1_775' title='bbox 929 2679 953 2698; x_wconf 86' lang='lat' dir='ltr'><strong>e.</strong></span> 
     </span>
     <span class='ocr_line' id='line_1_109' title="bbox 107 2680 935 2733; baseline 0.004 -3"><span class='ocrx_word' id='word_1_776' title='bbox 107 2705 146 2731; x_wconf 74' lang='grc' dir='ltr'><strong>τὸν</strong></span> <span class='ocrx_word' id='word_1_777' title='bbox 158 2706 221 2732; x_wconf 82' lang='grc' dir='ltr'>Θεοῦ</span> <span class='ocrx_word' id='word_1_778' title='bbox 303 2707 328 2722; x_wconf 83' lang='grc'><strong>²⁰</strong></span> <span class='ocrx_word' id='word_1_779' title='bbox 341 2706 379 2733; x_wconf 87' lang='lat' dir='ltr'><strong>Ita</strong></span> <span class='ocrx_word' id='word_1_780' title='bbox 396 2706 418 2733; x_wconf 91' lang='grc' dir='ltr'><strong>Ο</strong></span> <span class='ocrx_word' id='word_1_781' title='bbox 440 2715 464 2733; x_wconf 92' lang='lat' dir='ltr'><strong>c.</strong></span> <span class='ocrx_word' id='word_1_782' title='bbox 480 2715 565 2733; x_wconf 64' lang='lat' dir='ltr'><strong>mare.</strong></span> <span class='ocrx_word' id='word_1_783' title='bbox 584 2706 614 2732; x_wconf 91' lang='lat' dir='ltr'><strong>Ci</strong></span> <span class='ocrx_word' id='word_1_784' title='bbox 629 2727 636 2733; x_wconf 93' lang='lat'><strong>.</strong></span> <span class='ocrx_word' id='word_1_785' title='bbox 655 2706 682 2732; x_wconf 91' lang='lat' dir='ltr'><strong>in</strong></span> <span class='ocrx_word' id='word_1_786' title='bbox 695 2706 774 2733; x_wconf 88' lang='lat' dir='ltr'><strong>cuius</strong></span> <span class='ocrx_word' id='word_1_787' title='bbox 791 2710 863 2732; x_wconf 81' lang='lat' dir='ltr'><strong>textu</strong></span> <span class='ocrx_word' id='word_1_788' title='bbox 880 2706 935 2733; x_wconf 83' lang='grc' dir='ltr'>καί.</span> 
     </span>
    </p>
   </div>
   <div class='ocr_carea' id='block_1_109' title="bbox 258 2706 1678 2742">
    <p class='ocr_par' dir='ltr' id='par_1_109' title="bbox 258 2706 1678 2742">
     <span class='ocr_line' id='line_1_110' title="bbox 258 2706 1678 2742; baseline -0.001 -10"><span class='ocrx_word' id='word_1_789' title='bbox 258 2726 266 2733; x_wconf 91' lang='grc'><em>.</em></span> <span class='ocrx_word' id='word_1_790' title='bbox 284 2707 328 2742; x_wconf 23' lang='lat' dir='ltr'><strong>ﬂ&quot;</strong></span> <span class='ocrx_word' id='word_1_791' title='bbox 341 2706 379 2734; x_wconf 86' lang='lat' dir='ltr'><strong>Ita</strong></span> <span class='ocrx_word' id='word_1_792' title='bbox 396 2706 418 2733; x_wconf 91' lang='grc' dir='ltr'><strong>Ο</strong></span> <span class='ocrx_word' id='word_1_793' title='bbox 440 2715 464 2734; x_wconf 91' lang='lat' dir='ltr'><strong>c.</strong></span> <span class='ocrx_word' id='word_1_794' title='bbox 480 2715 565 2742; x_wconf 77' lang='lat' dir='ltr'><strong>marg.</strong></span> <span class='ocrx_word' id='word_1_795' title='bbox 584 2706 636 2742; x_wconf 17' lang='lat' dir='ltr'><strong>VCir,</strong></span> <span class='ocrx_word' id='word_1_796' title='bbox 655 2706 682 2732; x_wconf 91' lang='lat' dir='ltr'><strong>in</strong></span> <span class='ocrx_word' id='word_1_797' title='bbox 695 2706 774 2740; x_wconf 83' lang='lat' dir='ltr'><strong>cujus</strong></span> <span class='ocrx_word' id='word_1_798' title='bbox 791 2710 863 2742; x_wconf 72' lang='lat' dir='ltr'><strong>textu</strong></span> <span class='ocrx_word' id='word_1_799' title='bbox 880 2706 935 2733; x_wconf 83' lang='grc' dir='ltr'>καί.</span> <span class='ocrx_word' id='word_1_800' title='bbox 962 2708 983 2722; x_wconf 84' lang='grc'>¹¹</span> <span class='ocrx_word' id='word_1_801' title='bbox 995 2707 1072 2742; x_wconf 84' lang='grc' dir='ltr'>μόνον</span> <span class='ocrx_word' id='word_1_802' title='bbox 1081 2708 1112 2735; x_wconf 89' lang='grc' dir='ltr'><strong>Ο.</strong></span> <span class='ocrx_word' id='word_1_803' title='bbox 1137 2709 1160 2724; x_wconf 78' lang='grc'><strong>¹¹</strong></span> <span class='ocrx_word' id='word_1_804' title='bbox 1172 2709 1209 2735; x_wconf 86' lang='lat' dir='ltr'><strong>Ita</strong></span> <span class='ocrx_word' id='word_1_805' title='bbox 1225 2708 1312 2735; x_wconf 86' lang='lat' dir='ltr'><strong>locum</strong></span> <span class='ocrx_word' id='word_1_806' title='bbox 1325 2713 1481 2740; x_wconf 74' lang='lat' dir='ltr'><strong>corruptum</strong></span> <span class='ocrx_word' id='word_1_807' title='bbox 1500 2711 1582 2740; x_wconf 90' lang='lat' dir='ltr'><strong>atque</strong></span> <span class='ocrx_word' id='word_1_808' title='bbox 1601 2713 1678 2732; x_wconf 87' lang='lat' dir='ltr'><strong>ruan—</strong></span> 
     </span>
    </p>
   </div>
   <div class='ocr_carea' id='block_1_110' title="bbox 74 2703 221 2732">
    <p class='ocr_par' dir='ltr' id='par_1_110' title="bbox 74 2703 221 2732">
     <span class='ocr_line' id='line_1_111' title="bbox 74 2703 221 2732; baseline 0.027 -4"><span class='ocrx_word' id='word_1_809' title='bbox 74 2703 96 2729; x_wconf 88' lang='lat' dir='ltr'><strong>in</strong></span> <span class='ocrx_word' id='word_1_810' title='bbox 107 2705 146 2731; x_wconf 72' lang='grc' dir='ltr'><strong>τὸν</strong></span> <span class='ocrx_word' id='word_1_811' title='bbox 158 2706 221 2732; x_wconf 83' lang='grc' dir='ltr'>Θεοῦ</span> 
     </span>
    </p>
   </div>
   <div class='ocr_carea' id='block_1_111' title="bbox 973 2670 1677 2706">
    <p class='ocr_par' dir='ltr' id='par_1_111' title="bbox 973 2670 1677 2706">
     <span class='ocr_line' id='line_1_112' title="bbox 973 2670 1677 2706; baseline -0.003 -8"><span class='ocrx_word' id='word_1_812' title='bbox 973 2680 998 2706; x_wconf 80' lang='lat' dir='ltr'><strong>g.</strong></span> <span class='ocrx_word' id='word_1_813' title='bbox 1014 2673 1088 2699; x_wconf 88' lang='lat' dir='ltr'><strong>hom.</strong></span> <span class='ocrx_word' id='word_1_814' title='bbox 1108 2681 1146 2705; x_wconf 71' lang='grc' dir='ltr'>χι,</span> <span class='ocrx_word' id='word_1_815' title='bbox 1161 2673 1207 2699; x_wconf 64' lang='lat'><strong>‘24.</strong></span> <span class='ocrx_word' id='word_1_816' title='bbox 1222 2672 1349 2699; x_wconf 83' lang='lat' dir='ltr'><strong>Fortasse</strong></span> <span class='ocrx_word' id='word_1_817' title='bbox 1360 2671 1414 2697; x_wconf 82' lang='grc' dir='ltr'>τῶν</span> <span class='ocrx_word' id='word_1_818' title='bbox 1428 2671 1494 2698; x_wconf 81' lang='grc' dir='ltr'>ὅλων</span> <span class='ocrx_word' id='word_1_819' title='bbox 1513 2670 1677 2697; x_wconf 86' lang='lat' dir='ltr'><strong>mutandum</strong></span> 
     </span>
    </p>
   </div>
   <div class='ocr_carea' id='block_1_112' title="bbox 75 2740 1674 2779">
    <p class='ocr_par' dir='ltr' id='par_1_112' title="bbox 75 2740 1674 2779">
     <span class='ocr_line' id='line_1_113' title="bbox 75 2740 1674 2779; baseline 0 -13"><span class='ocrx_word' id='word_1_820' title='bbox 75 2746 125 2779; x_wconf 61' lang='lat' dir='ltr'><strong>tituli</strong></span> <span class='ocrx_word' id='word_1_821' title='bbox 138 2742 226 2779; x_wconf 86' lang='lat' dir='ltr'><strong>sanavi</strong></span> <span class='ocrx_word' id='word_1_822' title='bbox 238 2749 263 2768; x_wconf 86' lang='lat' dir='ltr'><strong>c.</strong></span> <span class='ocrx_word' id='word_1_823' title='bbox 278 2741 312 2779; x_wconf 63' lang='lat'><strong>0.</strong></span> <span class='ocrx_word' id='word_1_824' title='bbox 325 2742 374 2779; x_wconf 68' lang='lat' dir='ltr'><strong>Ap.</strong></span> <span class='ocrx_word' id='word_1_825' title='bbox 387 2742 406 2768; x_wconf 83' lang='lat' dir='ltr'><strong>C</strong></span> <span class='ocrx_word' id='word_1_826' title='bbox 429 2747 473 2779; x_wconf 68' lang='lat' dir='ltr'><strong>est</strong></span> <span class='ocrx_word' id='word_1_827' title='bbox 484 2741 554 2779; x_wconf 73' lang='grc' dir='ltr'>οὕτω</span> <span class='ocrx_word' id='word_1_828' title='bbox 570 2741 599 2767; x_wconf 76' lang='grc' dir='ltr'>τὸ</span> <span class='ocrx_word' id='word_1_829' title='bbox 615 2741 685 2779; x_wconf 60' lang='grc' dir='ltr'>θεῖον</span> <span class='ocrx_word' id='word_1_830' title='bbox 705 2740 832 2779; x_wconf 55' lang='grc' dir='ltr'>ξιγιονᾼιο</span> <span class='ocrx_word' id='word_1_831' title='bbox 845 2741 957 2779; x_wconf 58' lang='lat' dir='ltr'><strong>conject:</strong></span> <span class='ocrx_word' id='word_1_832' title='bbox 974 2740 1040 2779; x_wconf 69' lang='grc' dir='ltr'><strong>ξ)εοῦ</strong></span> <span class='ocrx_word' id='word_1_833' title='bbox 1054 2744 1140 2779; x_wconf 22' lang='grc' dir='ltr'>Ῠᾶγιον</span> <span class='ocrx_word' id='word_1_834' title='bbox 1155 2743 1196 2779; x_wconf 78' lang='lat' dir='ltr'><strong>vel</strong></span> <span class='ocrx_word' id='word_1_835' title='bbox 1216 2742 1415 2779; x_wconf 19' lang='grc' dir='ltr'>Θεούνόνόματα</span> <span class='ocrx_word' id='word_1_836' title='bbox 1445 2748 1497 2779; x_wconf 80' lang='lat' dir='ltr'><strong>non</strong></span> <span class='ocrx_word' id='word_1_837' title='bbox 1512 2749 1606 2779; x_wconf 73' lang='lat' dir='ltr'><strong>_opu§_</strong></span> <span class='ocrx_word' id='word_1_838' title='bbox 1623 2745 1674 2779; x_wconf 56' lang='lat' dir='ltr'><strong>est.</strong></span> 
     </span>
    </p>
   </div>
   <div class='ocr_carea' id='block_1_113' title="bbox 75 2773 1676 2810">
    <p class='ocr_par' dir='ltr' id='par_1_113' title="bbox 75 2773 1676 2810">
     <span class='ocr_line' id='line_1_114' title="bbox 75 2773 1676 2810; baseline 0.001 -10"><span class='ocrx_word' id='word_1_839' title='bbox 75 2773 293 2810; x_wconf 16' lang='lat' dir='ltr'><strong>f‘§é‘subnotalur</strong></span> <span class='ocrx_word' id='word_1_840' title='bbox 306 2777 333 2803; x_wconf 91' lang='lat' dir='ltr'><strong>in</strong></span> <span class='ocrx_word' id='word_1_841' title='bbox 348 2773 370 2803; x_wconf 86' lang='lat'><strong>0</strong></span> <span class='ocrx_word' id='word_1_842' title='bbox 385 2798 392 2810; x_wconf 91' lang='lat'><strong>,</strong></span> <span class='ocrx_word' id='word_1_843' title='bbox 404 2777 436 2804; x_wconf 88' lang='lat' dir='ltr'><strong>ad</strong></span> <span class='ocrx_word' id='word_1_844' title='bbox 454 2777 508 2809; x_wconf 87' lang='lat' dir='ltr'><strong>cui.</strong></span> <span class='ocrx_word' id='word_1_845' title='bbox 522 2784 597 2803; x_wconf 91' lang='lat' dir='ltr'><strong>oram</strong></span> <span class='ocrx_word' id='word_1_846' title='bbox 614 2776 667 2802; x_wconf 81' lang='grc' dir='ltr'>δια.</span> <span class='ocrx_word' id='word_1_847' title='bbox 705 2773 886 2810; x_wconf 26' lang='grc' dir='ltr'>’δνθελήσωσιν</span> <span class='ocrx_word' id='word_1_848' title='bbox 902 2776 1031 2804; x_wconf 79' lang='grc' dir='ltr'>άνελῶσιν</span> <span class='ocrx_word' id='word_1_849' title='bbox 1048 2773 1093 2805; x_wconf 60' lang='grc' dir='ltr'><strong>(λ’</strong></span> <span class='ocrx_word' id='word_1_850' title='bbox 1117 2777 1217 2804; x_wconf 68' lang='grc' dir='ltr'><strong>’πὲκὼν</strong></span> <span class='ocrx_word' id='word_1_851' title='bbox 1234 2777 1323 2804; x_wconf 86' lang='lat' dir='ltr'><strong>addidi</strong></span> <span class='ocrx_word' id='word_1_852' title='bbox 1340 2773 1364 2803; x_wconf 66' lang='grc' dir='ltr'>ὲ.</span> <span class='ocrx_word' id='word_1_853' title='bbox 1380 2776 1534 2809; x_wconf 84' lang='lat' dir='ltr'><strong>0,subimle</strong></span> <span class='ocrx_word' id='word_1_854' title='bbox 1547 2773 1616 2810; x_wconf 68' lang='grc' dir='ltr'><strong>ἐκδῴ</strong></span> <span class='ocrx_word' id='word_1_855' title='bbox 1634 2775 1653 2801; x_wconf 90' lang='lat' dir='ltr'>S</span> <span class='ocrx_word' id='word_1_856' title='bbox 1666 2794 1676 2806; x_wconf 66' lang='grc' dir='ltr'><strong><em>ν</em></strong></span> 
     </span>
    </p>
   </div>
   <div class='ocr_carea' id='block_1_114' title="bbox 75 2807 999 2846">
    <p class='ocr_par' dir='ltr' id='par_1_114' title="bbox 75 2807 999 2846">
     <span class='ocr_line' id='line_1_115' title="bbox 75 2807 999 2846; baseline 0.001 -9"><span class='ocrx_word' id='word_1_857' title='bbox 75 2807 150 2846; x_wconf 60' lang='grc' dir='ltr'><strong>ἐνκδόξῃ</strong></span> <span class='ocrx_word' id='word_1_858' title='bbox 161 2809 189 2842; x_wconf 89' lang='lat' dir='ltr'><strong>C,</strong></span> <span class='ocrx_word' id='word_1_859' title='bbox 203 2810 234 2837; x_wconf 90' lang='grc' dir='ltr'>Ο.</span> <span class='ocrx_word' id='word_1_860' title='bbox 273 2812 295 2827; x_wconf 79' lang='grc'><strong>’⁵</strong></span> <span class='ocrx_word' id='word_1_861' title='bbox 303 2811 341 2838; x_wconf 90' lang='lat' dir='ltr'><strong>Ita</strong></span> <span class='ocrx_word' id='word_1_862' title='bbox 356 2811 375 2838; x_wconf 93' lang='lat' dir='ltr'><strong>S</strong></span> <span class='ocrx_word' id='word_1_863' title='bbox 386 2807 398 2842; x_wconf 75' lang='grc'>’,</span> <span class='ocrx_word' id='word_1_864' title='bbox 419 2812 449 2846; x_wconf 78' lang='grc' dir='ltr'><strong>τό</strong></span> <span class='ocrx_word' id='word_1_865' title='bbox 468 2807 497 2845; x_wconf 68' lang='lat'><strong>(2,</strong></span> <span class='ocrx_word' id='word_1_866' title='bbox 512 2811 544 2838; x_wconf 89' lang='grc' dir='ltr'><strong>Ο.</strong></span> <span class='ocrx_word' id='word_1_867' title='bbox 583 2811 605 2826; x_wconf 77' lang='grc'><strong>³⁷</strong></span> <span class='ocrx_word' id='word_1_868' title='bbox 615 2811 778 2841; x_wconf 78' lang='grc' dir='ltr'>ἐπιδιδόντες</span> <span class='ocrx_word' id='word_1_869' title='bbox 794 2807 823 2836; x_wconf 85' lang='lat'><strong>0.</strong></span> <span class='ocrx_word' id='word_1_870' title='bbox 863 2811 885 2825; x_wconf 81' lang='grc'><strong>³⁸</strong></span> <span class='ocrx_word' id='word_1_871' title='bbox 894 2811 955 2846; x_wconf 77' lang='grc' dir='ltr'>χθές</span> <span class='ocrx_word' id='word_1_872' title='bbox 969 2814 999 2840; x_wconf 93' lang='grc' dir='ltr'><strong>Ο.</strong></span> 
     </span>
    </p>
   </div>
   <div class='ocr_carea' id='block_1_115' title="bbox 77 2844 831 2885">
    <p class='ocr_par' dir='ltr' id='par_1_115' title="bbox 77 2844 831 2885">
     <span class='ocr_line' id='line_1_116' title="bbox 77 2844 831 2885; baseline 0.004 -17"><span class='ocrx_word' id='word_1_873' title='bbox 77 2850 114 2869; x_wconf 74' lang='grc' dir='ltr'><strong>ρον</strong></span> <span class='ocrx_word' id='word_1_874' title='bbox 125 2844 153 2871; x_wconf 79' lang='lat' dir='ltr'><strong>Cl</strong></span> <span class='ocrx_word' id='word_1_875' title='bbox 174 2851 200 2873; x_wconf 83' lang='lat' dir='ltr'><strong>et</strong></span> <span class='ocrx_word' id='word_1_876' title='bbox 212 2846 230 2874; x_wconf 84' lang='lat' dir='ltr'><strong>S</strong></span> <span class='ocrx_word' id='word_1_877' title='bbox 245 2867 253 2879; x_wconf 96' lang='lat'><strong>,</strong></span> <span class='ocrx_word' id='word_1_878' title='bbox 269 2847 316 2881; x_wconf 87' lang='lat' dir='ltr'><strong>qui</strong></span> <span class='ocrx_word' id='word_1_879' title='bbox 329 2847 372 2874; x_wconf 88' lang='lat' dir='ltr'><strong>hic</strong></span> <span class='ocrx_word' id='word_1_880' title='bbox 386 2850 413 2875; x_wconf 90' lang='lat' dir='ltr'><strong>et</strong></span> <span class='ocrx_word' id='word_1_881' title='bbox 427 2844 498 2874; x_wconf 81' lang='lat' dir='ltr'><strong>infra</strong></span> <span class='ocrx_word' id='word_1_882' title='bbox 511 2846 615 2874; x_wconf 77' lang='lat' dir='ltr'><strong>mavult</strong></span> <span class='ocrx_word' id='word_1_883' title='bbox 634 2846 831 2885; x_wconf 73' lang='grc' dir='ltr'>ὀρθριαίτερον.</span> 
     </span>
    </p>
   </div>
   <div class='ocr_carea' id='block_1_116' title="bbox 1034 2810 1677 2848">
    <p class='ocr_par' dir='ltr' id='par_1_116' title="bbox 1034 2810 1677 2848">
     <span class='ocr_line' id='line_1_117' title="bbox 1034 2810 1677 2848; baseline -0.008 -7"><span class='ocrx_word' id='word_1_884' title='bbox 1034 2814 1055 2830; x_wconf 80' lang='grc'><strong>²⁹</strong></span> <span class='ocrx_word' id='word_1_885' title='bbox 1067 2813 1104 2840; x_wconf 86' lang='lat' dir='ltr'><strong>Ita</strong></span> <span class='ocrx_word' id='word_1_886' title='bbox 1117 2812 1139 2840; x_wconf 91' lang='grc' dir='ltr'><strong>Ο</strong></span> <span class='ocrx_word' id='word_1_887' title='bbox 1164 2821 1188 2841; x_wconf 87' lang='lat' dir='ltr'><strong>c.</strong></span> <span class='ocrx_word' id='word_1_888' title='bbox 1203 2812 1222 2840; x_wconf 72' lang='grc' dir='ltr'>Β</span> <span class='ocrx_word' id='word_1_889' title='bbox 1236 2833 1243 2846; x_wconf 88' lang='grc'><strong>,</strong></span> <span class='ocrx_word' id='word_1_890' title='bbox 1262 2811 1407 2848; x_wconf 74' lang='grc' dir='ltr'>προσίεσαν</span> <span class='ocrx_word' id='word_1_891' title='bbox 1424 2812 1454 2839; x_wconf 65' lang='grc' dir='ltr'><strong>(ὲ.</strong></span> <span class='ocrx_word' id='word_1_892' title='bbox 1495 2812 1515 2827; x_wconf 79' lang='grc'>³⁸³</span> <span class='ocrx_word' id='word_1_893' title='bbox 1528 2810 1677 2847; x_wconf 70' lang='grc' dir='ltr'>ὀρθριιὺτεσ</span> 
     </span>
    </p>
   </div>
  </div>
