1932 3100
255 128 304 156 259
693 127 723 156 S.
741 127 932 156 CLEMENTIS
949 127 959 155 l
978 127 1059 158 ‘BOM.
1076 126 1175 155 PONT.
1197 126 1310 155 OPERA
1331 126 1445 156 DUBlA.
1829 131 1884 159 ιω

543 183 686 212 HOMILIA
702 183 736 212 X.
1053 187 1078 216 Α

1053 187 1078 216 Α
1376 185 1502 212 ὈΜΙΛῙΔ
1515 182 1534 212 ι’
1555 185 1583 209 ³¹.

289 229 308 256 Ι.
326 228 419 256 Tertio
440 228 531 263 itaque
555 229 626 264 apud
642 228 774 263 Tripolim
791 227 836 256 die
856 227 993 256 maturius
1022 235 1038 255 e

1123 229 1195 265 Ι.Τῇ
1215 230 1265 265 μὲν
1279 225 1326 257 οὖν
1346 230 1375 257 ὲν
1389 231 1525 266 ίΤριπόλει
1547 231 1627 268 τρίτῃ
1648 232 1740 268 ἡμέρᾳ
1764 232 1884 268 όρθρίτο-

253 282 350 302 somno
369 274 517 302 suscitatus
533 274 630 302 Petrus
644 274 795 309 ingreditur
813 274 840 300 in
856 274 976 306 hortum,
991 272 1016 300 ul

1121 285 1135 302 v
1151 276 1173 292 ³¹
1196 276 1225 309 te
1246 276 1331 303 ὕπνου
1355 277 1478 312 ἐγερθεὶς
1496 278 1511 303 6
1532 278 1634 314 Πέτρος
1659 279 1699 309 εἰς
1724 279 1772 305 τὸν
1794 280 1883 314 κῆπον

254 319 349 355 ingens
369 324 428 346 erat
451 327 528 354 aqua:
544 320 756 354 receptaculum,
776 319 803 346 in
819 319 891 354 quod
911 319 1017 347 continu

1122 321 1175 357 τῄει
1192 322 1224 354 ³³,
1245 322 1308 349 ἔνθα
1322 320 1356 358 ἦν
1379 322 1529 358 ὑδροχοεῖον
1551 323 1632 358 μέγα,
1657 324 1698 355 εἰς
1713 323 1727 350 ὃ
1749 318 1885 360 διηνεκῶς

254 365 371 399 plurima
384 364 483 391 ﬂuebat
498 365 580 391 unda.
597 364 636 391 Ibi
654 364 726 392 lotus
744 365 839 398 sicque
860 369 954 399 postea
974 372 1017 399 pre

1121 367 1214 394 ,ούσιον
1232 367 1326 403 ἐρῥεεν
1343 367 1424 404 ὓδωρ.
1449 369 1522 395 Ἐκεῖ
1537 369 1715 405 λουσάμενος,
1733 369 1783 397 εἷθ’
1796 370 1884 402 οὕτως

253 416 332 437 catus
353 409 478 438 consedit
500 419 506 437 :
535 418 585 438 nos
606 417 672 437 vero
698 410 929 437 circumsedentes
955 417 988 437 ac
1011 409 1016 436 i

1122 411 1236 447 ξάμενος
1251 411 1395 447 meum,
1412 413 1486 447 ἡμᾶς
1508 413 1537 439 δὲ
1553 414 1819 449 περικαθεζομένους
1836 415 1885 441 καὶ

253 464 316 483 eum
332 456 519 490 respicientes,
532 457 611 490 quasi
626 455 673 490 qui
697 455 800 490 aliquid
821 455 1016 483 desideraremt

1122 465 1129 488 ;
1145 456 1226 484 αὑτὸν
1243 456 1413 489 ἀτενίζοντας
1427 457 1521 493 ὥσπερ
1536 459 1651 486 ἀκοῦσαί
1666 468 1692 486 τι
1703 459 1885 495 βουλομένους

254 500 360 533 audire,
375 500 594 527 animadvertens
608 500 678 527 dixit
695 508 703 527 :

503 505 594 527 ertcns
608 500 678 527 dixit
695 508 703 527 :
1089 502 1191 534 συνεὶς,
1202 501 1265 537 ἔφη·

287 546 321 574 ll.
337 545 421 573 Multa
433 546 500 572 mihi
514 546 623 573 videtur
637 553 698 573 esse
714 545 865 573 diﬁcrentia
878 545 948 572 inter
962 545 1039 580 igna-

1124 545 1156 572 ll.
1175 547 1262 582 Πολλή
1276 555 1320 582 μοι
1336 547 1411 574 δοκεῖ
1427 545 1495 574 εἶναι
1512 548 1630 585 διαφορὰ
1644 549 1698 576 τῶν
1711 549 1884 584 ἀγνοούντων

253 600 301 620 ros
315 596 342 620 et
365 596 497 619 errantes.
523 591 575 625 Qui
598 591 671 619 enim
687 592 815 628 'ignorat,
839 592 947 619 videtur
971 591 1016 618 mil

1121 591 1157 623 ιὺς
1181 593 1245 624 τοὺς
1264 592 1498 628 πεπλανημένους.
1526 595 1555 621 Ὀ
1572 595 1625 630 γάρ
1641 596 1745 630 ἀγνοῶν
1763 595 1884 622 ἐοικέναι

253 638 353 666 similis
367 646 429 666 esse
443 638 549 665 homini
559 638 594 665 ad
607 637 765 673 praeclaram
780 638 917 665 civitatem
928 645 1016 672 perget

1121 647 1135 664 η
1150 638 1222 664 δοκεί
1238 638 1314 674 ἀνδρὶ
1329 638 1373 665 ἐπ’
1389 639 1589 676 εὐθηνουμένην
1605 641 1680 667 πόλιν
1698 642 1735 676 μὴ
1751 641 1844 677 ὁρμᾷν
1862 643 1884 658 ³⁵

255 684 370 718 nolenti,
387 684 496 711 inscitia
513 683 648 710 bonorum
663 683 699 710 ibi
714 683 888 717 positorum;
914 683 961 718 qui
974 689 1018 709 ver

1123 683 1257 718 υληθέντι,
1279 684 1322 710 διὰ
1343 684 1374 710 τὸ
1398 684 1504 718 ἀγνοεῖν
1520 685 1553 711 τὰ
1569 686 1628 712 ἐκεῖ
1646 685 1726 718 καλά,
1750 687 1764 712 6
1787 686 1818 713 δὲ
1834 695 1884 714 πο-

254 735 339 762 errat,
362 728 468 756 homini
490 728 587 756 scienti
612 727 722 762 quidem
746 728 865 755 civitatis
880 728 968 760 bona,
992 734 1017 755 se

1119 729 1260 764 tavqpévo;
1277 729 1388 765 μαθόντι
1407 729 1501 765 μὲντά
1520 731 1591 757 κατά
1608 731 1657 767 τὴν
1677 731 1752 758 πόλιν
1778 732 1882 766 ἀγαθὰ,

254 775 301 810 qui
314 775 341 802 in
357 775 453 802 itinere
469 778 596 808 suscepto
611 773 737 801 semitam
757 773 906 800 mutaverit
925 773 1017 807 ideoqu

1135 775 1164 801 δὲ
1180 775 1219 810 τῷ
1235 775 1323 811 ὁρμᾷν
1340 775 1411 802 κατὰ
1426 776 1474 811 τὴν
1496 776 1554 802 ὁδὸν
1571 776 1662 811 τρίϐον
1679 777 1884 812 παραλλάξαντι

254 820 398 848 aberrarit.
422 819 463 847 Ad
488 827 550 847 eum
578 819 660 854 igitur
684 819 794 846 modum
818 823 885 854 puto
912 826 1017 853 magnai

1122 821 1137 847 Li.
1150 820 1194 847 διὰ
1208 820 1287 847 τοῦτο
1301 820 1478 856 πλανωμένῳ.
1492 821 1586 854 Οὕτως
1601 820 1648 848 οὖν
1666 831 1711 857 μοι
1724 822 1798 850 δοκεί
1817 824 1885 849 πολ-

254 873 314 893 esse
328 865 506 893 diﬂ‘erentiam
522 865 592 892 inter
608 865 743 892 idolorum
757 865 876 892 cultores
889 869 916 892 et
927 872 976 892 eos
991 872 1017 899 qI

1124 874 1138 892 ν
1161 865 1291 902 διαφορὰν
1314 864 1383 892 εἶναι
1396 866 1450 893 τῶν
1471 867 1568 894 εἴδωλα
1588 868 1718 894 σεόόντων
1737 868 1806 902 πρὸς
1819 869 1885 901 τοὺς

254 912 281 940 ill
301 919 365 938 vera
386 911 514 946 religione
530 915 654 946 peccant.
675 909 743 937 Nam
763 910 897 938 idolorum
919 910 1017 938 cultort

1134 910 1274 946 θεοσεϐείᾳ
1287 910 1453 945 ἀλωμένους.
1472 911 1506 937 Οἵ
1519 919 1549 937 τε
1562 911 1617 946 γὰρ
1636 911 1733 938 εἴδωλα
1756 911 1885 943 σέὸοντες

253 957 336 984 vitam
349 961 478 984 azternain
495 957 632 989 nesciunt,
649 963 732 991 quam
745 956 807 984 ideo
821 963 872 984 nec
888 960 1016 991 appetunt

1122 955 1214 983 vocis:
1226 956 1275 991 τὴν
1285 956 1392 983 αἰώνιον
1404 956 1485 991 ζωὴν,
1503 953 1533 983 οὗ
1543 954 1645 985 εῖιεκεν
1663 956 1723 983 οὐδὲ
1739 957 1885 992 ὀρέγονται

252 1002 327 1037 quod
351 1003 423 1030 enim
452 1002 590 1037 ignorant,
618 1010 674 1030 non
701 1006 819 1037 possunt
845 1001 969 1037 diligere.
986 1001 1015 1035 Ql

1121 1004 1184 1039 ιτῆς·
1206 1003 1220 1030 ὃ
1236 1003 1290 1038 γάρ
1308 1004 1345 1038 μὴ
1360 1003 1459 1035 ἴσασιν,
1475 1003 1584 1038 ἀγαπᾷν
1600 1003 1630 1029 οὺ
1650 1003 1784 1030 δύνανται.
1806 1004 1840 1029 Οἱ
1855 1003 1884 1030 δὲ

253 1053 343 1076 autem
366 1055 452 1075 unum
478 1047 562 1075 Deum
586 1047 679 1075 colere
701 1048 753 1075 sibi
774 1052 1016 1083 proposuerunt“

1122 1057 1134 1075 ν
1150 1048 1232 1084 214
1246 1047 1294 1074 ἕνα
1309 1047 1374 1074 Θεὸν
1390 1047 1478 1074 σέϐειν
1495 1047 1615 1083 ἑλόμενοι
1627 1048 1675 1074 καὶ
1688 1047 1796 1075 αἰώνιον
1809 1048 1885 1083 ζωὴν

252 1099 380 1121 aeternam
412 1093 494 1121 vitam
516 1093 596 1120 bonis
618 1093 709 1120 datam
728 1093 816 1121 edocti
839 1097 913 1127 sunt,
936 1093 959 1121 si
974 1093 1015 1128 qui

1122 1095 1145 1126 ῖς
1162 1094 1273 1128 ἀγαθοῖς
1284 1093 1428 1129 δεδομένην
1438 1093 1637 1129 μεμαθηκότες,
1654 1094 1700 1120 ὲάν
1713 1103 1740 1121 τι
1756 1094 1833 1130 παρά
1848 1094 1885 1121 τὰ

252 1144 346 1167 contra
367 1140 534 1167 voluntatem
548 1140 595 1167 Dei
608 1144 656 1167 aut
668 1139 837 1167 crediderint
852 1144 899 1167 aut
914 1138 1014 1167 fecerin

1121 1139 1219 1166 κοῦντα
1231 1138 1270 1174 τῷ
1281 1138 1341 1174 Θεῷ
1354 1139 1370 1174 ἢ
1383 1138 1562 1165 πιστεύσωσιν
1574 1136 1590 1174 ἢ
1603 1138 1762 1174 ποιήσωσιν,
1774 1140 1884 1166 ἐοίκασι

252 1185 440 1212 assimilantur
451 1185 485 1212 iis
497 1185 544 1220 qui
557 1192 591 1212 ex
605 1184 730 1219 supplicii
747 1184 855 1212 civitate
876 1192 1012 1218 eruperun

1121 1187 1144 1217 ῖς
1158 1185 1207 1220 τὴν
1217 1185 1239 1200 ³⁸
1250 1185 1299 1220 μὲν
1308 1184 1383 1211 ¹πόλιν
1391 1185 1440 1220 τῆς
1451 1185 1584 1221 τιμωρίας
1594 1184 1781 1220 ἐκϐεϐηκόσιν,
1794 1186 1884 1213 ἐλθεῖν

252 1235 283 1258 ιιι
294 1231 419 1259 venirent
439 1231 485 1262 ad,
499 1231 596 1259 urbem
622 1231 772 1264 felicitatis,
795 1235 878 1265 atque
902 1230 1000 1258 itinere

1132 1231 1172 1263 είς
1187 1231 1236 1266 τὴν
1259 1226 1460 1266 εὑθηνουμένην
1476 1231 1498 1246 ³³
1508 1230 1723 1266 [έπιθυμοῠσιν],
1738 1232 1786 1258 καὶ
1800 1232 1830 1257 ὲν
1848 1234 1881 1267 τῇ

251 1281 326 1304 recta
341 1277 386 1304 via
401 1277 573 1304 aberrarunt.

1087 1277 1139 1312 ὁδῷ
1151 1276 1202 1312 τῆς
1213 1276 1320 1308 εὐθείας
1336 1276 1518 1312 πλανηθεῖσιν.

286 1320 330 1348 IlI.
347 1320 410 1348 llaec
421 1329 484 1349 cum
505 1322 584 1350 nobis
597 1322 777 1355 edissereret,
793 1321 933 1357 ingressus
956 1325 997 1349 est
1015 1321 1038 1350 is

1123 1322 1166 1350 lll.
1184 1322 1277 1349 Ταῦτα
1288 1322 1370 1349 αὑτοῦ
1382 1322 1573 1358 διαλεγομένου
1586 1322 1650 1358 ἡμῖν
1665 1322 1750 1358 εἰσῄει
1766 1331 1810 1354 τις
1826 1323 1882 1350 τῶν

252 1365 301 1400 qui
324 1365 360 1393 ad
385 1366 544 1401 bujusmodi
576 1367 718 1395 referenda
742 1366 894 1394 destinatus
919 1371 978 1393 erat
1004 1374 1015 1393 ε

1118 1368 1230 1404 κτέρων
1244 1370 1258 1395 6
1281 1369 1327 1395 ἐπὶ
1346 1368 1384 1404 τῷ
1405 1367 1587 1402 ἀπαγγέλλειν
1609 1367 1682 1403 αὑτῷ
1705 1368 1741 1395 τὰ
1768 1369 1881 1395 τοιαῦτα

253 1411 368 1442 nostris,
384 1415 414 1438 ut
429 1411 566 1439 nuntiaret
581 1411 620 1439 illi
638 1421 645 1439 :
662 1419 761 1447 magna
781 1412 924 1439 hominum
946 1411 1014 1438 mult

1116 1414 1265 1451 ιθεστηκὼς
1276 1415 1362 1449 λέγων
1372 1415 1406 1430 ³⁷-
1419 1414 1511 1441 πολλοὶ
1520 1414 1602 1450 ὄχλοι,
1621 1414 1699 1449 κύριέ
1711 1423 1762 1449 μου
1778 1415 1879 1450 Πέτρε,

253 1456 330 1490 tudo,
341 1456 450 1484 domine
465 1457 503 1484 mi
518 1457 607 1491 Petre,
624 1465 673 1493 pro
686 1457 792 1485 foribus
806 1461 870 1485 stat.
893 1456 960 1492 Ejus
973 1465 1016 1492 erg

1116 1461 1142 1496 οδ
1153 1460 1207 1487 τῶν
1224 1460 1313 1496 θυρῶν
1331 1460 1487 1495 ἑστήκασιν.
1508 1459 1716 1495 Ἐπιτρέψαντος
1732 1457 1778 1485 οὖν
1794 1459 1879 1486 αὑτοῦ

253 1503 386 1538 permissu
404 1503 514 1530 intravit
533 1511 630 1538 magna
646 1504 788 1533 hominum
809 1503 972 1538 frequentia.
992 1503 1016 1530 lli

1116 1507 1172 1538 ιλὺς
1181 1506 1339 1541 ἐπεισῆλθεν
1349 1506 1434 1541 ὃχλος.
1454 1507 1482 1532 '0
1490 1505 1518 1532 δὲ
1529 1505 1651 1541 ἐγερθεὶς
1662 1506 1708 1532 καὶ
1718 1507 1752 1541 τῇ
1765 1506 1844 1541 ἐχθὲς
1857 1506 1879 1521 ³⁸

251 1555 317 1575 vero
332 1555 447 1583 surgens
462 1553 489 1576 et
503 1549 530 1575 in
543 1548 603 1576 basi
621 1548 748 1576 hesterna
762 1549 878 1583 positus,
894 1556 956 1576 cum
973 1548 1014 1575 rel?

1118 1560 1166 1578 ισει
1182 1551 1304 1582 ἐπιστὰς,
1321 1550 1361 1585 τῷ
1376 1551 1425 1585 τῆς
1441 1550 1595 1582 θεοσεϐείας
1615 1550 1669 1577 ἔθει
1691 1551 1881 1586 προσαγορεύ-

252 1593 342 1629 gionis
357 1593 412 1620 ritu
426 1594 580 1626 salutasset,
605 1593 674 1621 dixit
691 1602 698 1621 :
717 1593 776 1627 Dei,
791 1594 922 1621 creatoris
935 1594 996 1621 ρωιὶ
1010 1603 1015 1619 ι

1117 1605 1147 1629 ις,
1165 1596 1228 1631 ἔφη·
1252 1595 1319 1622 Θεοῦ
1334 1595 1381 1622 τοῦ
1403 1595 1448 1622 τὸν
1463 1596 1576 1632 οὐρανὸν
1599 1596 1739 1628 κτίσαντος
1760 1598 1807 1623 καὶ
1828 1599 1880 1633 τὴν

253 1644 333 1666 terrae
357 1640 535 1674 omniumque
558 1639 592 1667 iis
614 1643 806 1667 contentorum
831 1639 872 1674 (ut
890 1647 971 1666 verus
987 1647 1016 1666 nc

1116 1643 1138 1676 iv
1157 1642 1204 1668 καὶ
1217 1641 1305 1667 πάντα
1321 1640 1355 1667 τά
1365 1641 1393 1666 ὲν
1409 1641 1499 1672 αὐτοῖς
1517 1641 1704 1676 πεποιηκότος,
1721 1641 1760 1672 ὡς
1777 1642 1793 1667 ὁ
1810 1643 1879 1677 ἀλη-

251 1684 344 1712 docuit
358 1685 501 1719 propheta)
517 1685 550 1712 ad
572 1685 720 1720 imaginem
731 1689 758 1713 et
777 1685 810 1712 ad
831 1677 1014 1712 similitudine:

1115 1694 1136 1721 λς
1149 1687 1215 1721 ἡμῖν
1232 1685 1326 1721 εἴρηκε
1334 1685 1357 1700 δθ
1371 1686 1520 1721 προφήτης,
1532 1685 1693 1721 ὁάνθρωπος
1710 1686 1769 1712 κατ’
1785 1687 1878 1713 εἰκόνα

251 1729 335 1757 homo
352 1729 451 1762 factus,
462 1730 628 1758 constitutus
642 1735 684 1758 est
696 1735 726 1757 ut
741 1730 888 1765 imperaret
905 1738 937 1758 ac
948 1730 1010 1758 dom

1116 1731 1134 1757 ιὶ
1151 1731 1211 1757 καθ’
1225 1731 1353 1765 ὁμοίωσιν
1370 1729 1489 1764 γεγονὼς
1506 1730 1600 1766 ἄρχειν
1622 1739 1651 1757 τε
1669 1731 1716 1757 καὶ
1738 1730 1879 1766 κυριεύειν

251 1780 374 1809 naretur,
389 1776 450 1803 dico
465 1780 557 1803 autem
579 1775 607 1802 in
626 1783 658 1803 ea
674 1783 735 1811 quae
755 1781 820 1804 sunt
832 1776 860 1803 in
877 1784 950 1809 aere,
963 1781 1014 1804 terr

1114 1775 1249 1811 ιτεστάθη,
1270 1775 1341 1810 λέγω
1363 1774 1391 1802 δὲ
1407 1775 1460 1801 τῶν
1473 1775 1501 1801 ὲν
1512 1776 1571 1811 ἀέρι
1591 1776 1637 1802 καὶ
1652 1777 1687 1811 γῇ
1704 1778 1751 1803 καὶ
1771 1777 1877 1809 ὕδασιν,

249 1824 278 1847 et
291 1821 386 1856 aquis,
404 1821 634 1856 quemadmodum
661 1829 695 1849 ex
721 1821 780 1856 ipsa
796 1828 826 1849 re
849 1828 961 1849 cernere
983 1829 1012 1849 es

1113 1829 1123 1852 ;
1138 1821 1160 1837 ⁸⁰
1172 1821 1201 1854 ἐξ
1225 1821 1306 1847 αὑτοῦ
1329 1821 1376 1847 τοῦ
1392 1822 1553 1857 πράγματος
1568 1821 1624 1847 ἔστι
1644 1822 1767 1854 συνιδεῖν,
1785 1823 1826 1848 ὅτι
1843 1825 1876 1858 τῇ

249 1865 318 1893 Nam
342 1866 475 1894 industria
495 1874 543 1894 sua
557 1874 619 1902 quae
639 1866 668 1893 in
687 1874 751 1894 acre
770 1873 916 1895 versantur
930 1867 1010 1902 dejici

1113 1866 1181 1893 ιυτοῦ
1208 1866 1314 1893 συνέσει
1336 1866 1372 1893 τά
1393 1867 1443 1902 μὲν
1459 1868 1488 1893 ἐν
1508 1867 1569 1902 ἀέρι
1589 1866 1666 1902 φέρει
1679 1867 1764 1899 κάτω,
1790 1868 1826 1894 τὰ
1848 1869 1876 1895 ὲν

249 1919 310 1947 quae
324 1912 351 1939 in
365 1912 501 1947 profundo
512 1913 615 1948 degunt
629 1913 744 1946 extollit,
759 1920 820 1947 quae
844 1917 944 1940 terram
960 1914 1012 1941 inct

1112 1911 1159 1947 ›θῷ
1172 1911 1268 1946 ἀνάγει
1283 1911 1350 1944 ἀνω,
1366 1911 1401 1938 τὰ
1415 1913 1443 1938 ὲν
1457 1913 1491 1947 γῇ
1507 1911 1629 1947 ἀγρεύει,
1647 1912 1693 1938 καί
1709 1913 1749 1939 τοί
1765 1921 1797 1947 γε
1814 1915 1875 1940 κατ’

249 1958 310 1985 lunt
323 1963 449 1991 venatur,
463 1959 590 1993 quamvis
611 1959 711 1986 robore
728 1959 845 1986 multum
857 1966 890 1987 eo
903 1964 1012 1994 praesta!

1113 1958 1170 1994 .xhv
1187 1958 1269 1985 αὐτοῦ
1292 1957 1383 1993 πολλῷ
1407 1957 1517 1993 μείζονα
1533 1957 1608 1989 ὄντα,
1630 1957 1701 1992 λέγω
1716 1958 1746 1984 δὲ
1761 1958 1876 1993 ἐλέφαν-

250 2003 330 2036 tiora,
342 2003 501 2037 elephantos
522 2003 634 2038 inquam
647 2007 676 2030 et
697 2003 791 2032 leones
805 2011 838 2032 ac
858 2004 901 2032 his
922 2005 1013 2032 simili:

1025 2025 1031 2032 .
1083 2012 1134 2036 τας
1150 2004 1197 2031 καὶ
1211 2004 1321 2035 λέοντας
1332 2004 1379 2030 καὶ
1394 2003 1429 2030 τὰ
1438 2003 1544 2034 τούτοις
1561 2003 1737 2039 παραπλήσια
1753 2004 1784 2031 δι.

285 2048 330 2075 1V.
343 2048 469 2082 Quandiu
484 2056 549 2084 ergo
563 2049 654 2084 justus
671 2050 792 2082 exstitit,
811 2050 938 2077 omnibus
955 2050 1033 2078 malis

1119 2048 1164 2076 IV.
1184 2049 1247 2076 Ὅτε
1263 2049 1312 2084 μέν
1326 2057 1367 2075 τοι
1387 2048 1490 2080 δίκαιος
1512 2048 1669 2083 ἐτύγχανεν,
1694 2049 1741 2075 καὶ
1764 2049 1875 2086 πάντων

250 2094 375 2129 superior
387 2094 449 2127 fuit,
466 2103 498 2122 ac
513 2095 587 2122 velut
605 2095 632 2122 in
653 2102 767 2130 corpore
784 2095 932 2123 immortali
952 2103 1013 2130 expt

1110 2094 1252 2130 ιθημάτων
1268 2093 1404 2125 ἀνώτατος
1419 2093 1499 2128 215
1511 2090 1554 2129 ἦν,
1571 2093 1608 2124 ὡς
1623 2093 1748 2129 ἀθανάτῳ
1765 2093 1873 2129 σώματι

249 2141 396 2168 rimentum
414 2140 518 2168 doloris
539 2148 637 2175 capere
660 2149 714 2168 non
737 2144 852 2176 poterat.
873 2140 924 2169 Ubi
941 2146 1012 2169 aute:

1111 2140 1130 2167 ›ὖ
1146 2140 1237 2175 ἀλγεῖν
1247 2141 1345 2175 πεῖραν
1360 2139 1451 2166 λαϐεῖν
1463 2140 1500 2174 μὴ
1513 2139 1669 2174 δυνάμενος,
1684 2140 1727 2166 ὅτε
1743 2140 1771 2166 δὲ
1781 2141 1874 2176 ἦμαρ-

249 2186 382 2221 peccavit,
398 2186 470 2213 sicut
494 2186 538 2213 die
561 2186 690 2214 hesterno
712 2191 740 2214 et
766 2187 843 2214 illum
865 2188 1012 2222 prtecedenl

1110 2195 1138 2219 :v,
1160 2186 1198 2218 ὡς
1211 2185 1289 2221 ἐχθὲς
1311 2185 1334 2201 δ’
1356 2186 1403 2212 καὶ
1422 2186 1455 2220 τῇ
1478 2184 1530 2219 πρὸ
1552 2184 1637 2220 αὐτῆς
1659 2185 1811 2220 ἐδείξαμεν,
1833 2186 1873 2217 ὠς

249 2231 430 2264 ostendimus,
446 2236 574 2266 tanquam
590 2231 676 2260 factus
699 2240 794 2260 servus
808 2234 911 2268 peccati
926 2235 1012 2262 cuncti

1109 2232 1174 2263 ιῦλος
1196 2231 1316 2266 γεγονὼς
1335 2232 1386 2266 τῆς
1405 2231 1543 2267 ἁμαρτίας
1567 2233 1648 2258 πᾶσιν
1671 2232 1791 2257 ὑπέπεσε
1814 2234 1872 2264 τοῖς

249 2276 473 2311 perpessionibus
498 2277 635 2311 subjacuit
658 2282 685 2305 et
707 2278 837 2306 omnibus
860 2278 940 2306 bonis
957 2279 1012 2313 just

1107 2278 1250 2313 αθήμασιν,
1271 2277 1379 2303 πάντων
1396 2276 1486 2303 καλῶν
1502 2277 1594 2312 δικαίᾳ
1613 2276 1700 2312 κρίσει
1718 2276 1870 2312 στερηθείς.

247 2322 352 2357 judicio
366 2322 487 2356 privatus
501 2327 552 2350 est.
568 2322 646 2350 Haud
663 2324 736 2350 enim
752 2331 861 2358 aequum
877 2323 984 2357 fuisset,
1001 2332 1010 2351 l

1108 2323 1119 2348 3
1135 2322 1189 2357 γὰρ
1206 2321 1315 2356 εὖλογον
1324 2319 1368 2356 ἦν,
1386 2321 1432 2347 τοῦ
1447 2321 1591 2352 δεδωκότος
1611 2320 1871 2354 ἐγκαταλειφθέντος

249 2368 344 2395 relicto
358 2368 453 2395 dature
475 2368 538 2395 data
557 2368 629 2403 apud
648 2369 769 2404 ingratos
787 2373 937 2396 manerent.
954 2368 1012 2397 Und

1107 2372 1115 2394 ι
1142 2367 1252 2394 δοθέντα
1280 2366 1446 2402 παραμένειν
1472 2367 1528 2397 τοῖς
1550 2366 1715 2401 ἀγνώμοσιν.
1736 2365 1817 2392 Ὅθεν
1840 2366 1870 2399 ἐξ

247 2419 297 2447 per
323 2417 531 2447 exsuperantem
554 2414 786 2446 misericordiam,
801 2422 865 2449 .quo
889 2422 942 2442 una
966 2422 1010 2442 cur

1107 2412 1303 2449 τερϐαλλούσης
1318 2411 1399 2438 αὑτοῦ
1415 2411 1615 2447 εὐσπλαγχνίας
1631 2412 1698 2447 πρὸς
1717 2411 1748 2438 τὸ
1764 2411 1870 2437 ἀπολα-

248 2457 385 2492 prioribus
397 2457 489 2485 futura
500 2465 610 2494 quoque
620 2464 720 2487 aeterna
732 2459 934 2495 pereiperemus
945 2461 1011 2488 bona

1106 2460 1138 2485 εῖν
1149 2459 1171 2474 ⁵³
1181 2458 1255 2493 ἡμᾶς
1270 2457 1328 2493 ἅμα
1340 2458 1395 2488 τοῖς
1405 2456 1521 2492 πρώτοις
1537 2457 1583 2484 καὶ
1593 2457 1626 2484 τά
1641 2457 1756 2492 ἐσόμενα
1770 2456 1869 2483 αἰώνια

898 2549 1016 2577 ἾΑΒΙΛΕ
1034 2547 1234 2578 LECTIONES.

286 2606 306 2647 ³]
313 2606 412 2642 δεκάτη
424 2606 456 2634 Ο.
490 2607 695 2647 ⁸ξόρθριιῖιτερον
706 2607 738 2647 C_l
749 2611 787 2634 ~el.
799 2606 828 2634 S.
861 2607 883 2622 “
892 2606 977 2647 εἰσῄει
1067 2627 1074 2640 ,
1086 2607 1166 2647 eiciet
1177 2605 1449 2647 TplqﬁBpoXoeiov
1465 2605 1484 2633 S
1498 2625 1506 2637 ,
1520 2606 1659 2647 66poxéiov
1671 2604 1741 2646 C.O._
1766 2605 1788 2647 ξι
1798 2606 1868 2647 ἠρᾷν

286 2614 412 2642 ⁵¹θεκατη
424 2614 456 2634 υ.
490 2614 695 2644 ⁸¹ορυριωτερον
706 2614 738 2635 ω
749 2614 787 2634 ~et
799 2614 828 2634 δ.
861 2614 977 2642 ··εισῃει
994 2614 1052 2640 δ,υ
1067 2627 1074 2640 ,
1086 2614 1164 2634 εισιει
1177 2614 1208 2633 ιι.
1227 2614 1291 2633 ium
1300 2614 1330 2632 uo
1349 2614 1363 2632 ο
1381 2614 1449 2632 οειον
1465 2614 1484 2633 δ
1498 2625 1506 2637 ,
1520 2614 1655 2647 υοροχοιον
1671 2614 1737 2636 ιηυ.
1766 2614 1788 2621 ··
1798 2614 1868 2640 ηρᾳν

247 2636 268 2680 9
286 2642 322 2680 in
340 2647 424 2680 textu,
441 2642 513 2680 quod
523 2643 554 2680 _i_n
569 2651 654 2680 marg.
673 2643 830 2680 ead._man.
843 2643 970 2680 correxit
988 2644 1022 2680 _in
1040 2643 1133 2680 όρμᾷν.
1150 2614 1439 2680 Subindenpouinéévu
1455 2648 1488 2668 ex
1501 2646 1619 2680 conlect2
1629 2640 1660 2667 Ci
1676 2661 1685 2680 ι
1698 2641 1757 2680 cuj;
1773 2645 1868 2680 textus

247 2675 399 2712 βούλεσθαι,
413 2675 486 2712 uti).
520 2677 600 2712 f'tﬁv
617 2675 672 2704 om.
684 2677 714 2704 0.
736 2676 806 2704 Tum
824 2677 896 2712 idem
918 2675 1105 2712 ἐκϐεϐηκόσιν,
1123 2681 1153 2704 ιιι
1178 2675 1250 2710 conj.
1263 2675 1284 2712 ζ)
1299 2675 1422 2712 ηἰιιευί.
1442 2680 1516 2712 textu
1533 2675 1724 2712 _éx§e§oqxéat.
1741 2675 1867 2712 Subinde

247 2683 399 2710 ρουλεσυαι,
413 2683 442 2703 ιιι
454 2683 486 2703 υ.
522 2683 600 2711 ⁸’την
617 2686 672 2704 om.
684 2683 714 2704 υ.
736 2683 806 2704 ἰἰιῐῐὶ
824 2683 896 2704 idem
918 2683 1105 2712 εκοεοηκοσιν,
1123 2683 1153 2704 ιιι
1178 2684 1250 2710 con].
1263 2683 1284 2702 ιι
1299 2694 1307 2707 ,
1325 2683 1352 2702 In
1367 2683 1422 2736 ευό.
1442 2683 1516 2703 textu
1539 2683 1724 2736 εκυεοοιὲριοσι.
1742 2683 1866 2702 bumnue

247 2711 388 2752 inseruinaé
402 2719 433 2752 ο..
446 2710 477 2738 Ο.
495 2711 745 2752 η’θιεὺθιξνουμένηην
757 2713 789 2752 O,_
804 2711 859 2752 cuj._
878 2712 982 2752 lacunae
1003 2712 1178 2752 subsequent}
1194 2710 1319 2752 inscripsi
1337 2710 1399 2752 .[én‘r
1418 2709 1551 2750 υμοιξσιν]
1572 2710 1638 2752 ρεὶη
1660 2711 1739 2752 eff};
1754 2709 1866 2752 εὐθείας

246 2745 283 2771 id.
305 2754 329 2772 c.
350 2746 370 2772 Ι)
385 2766 392 2778 ,
409 2746 457 2796 τὴν
477 2746 582 2773 εὐθείαν
601 2747 633 2774 C.
663 2743 691 2762 ’³⁷
703 2743 757 2773 τῶν
777 2743 917 2782 ἡμετέρων
933 2746 979 2773 ἐπὶ
999 2747 1038 2796 ei?
1057 2743 1218 2780 ἀπαγγελεῖν
1231 2743 1314 2780 αὐτῷ,
1333 2743 1353 2771 6⁷
1366 2745 1401 2771 τά
1415 2743 1527 2772 τοιαῦτα
1535 2743 1820 2779 καθεστηκὼξλέγειν
1831 2743 1864 2772 C.

247 2779 337 2796 ,Βνῆέρ
354 2782 374 2796 Π
421 2781 431 2796 ι
453 2781 490 2796 ,Ἰι-
504 2781 605 2796 ιιῚ-ΩᾹ.-
620 2781 729 2796 ρνΑμηιριι
750 2782 816 2796 εἰη-2..
832 2781 851 2796 f‘
902 2782 924 2796 Ml
936 2781 994 2796 νιιιι.
1036 2781 1117 2796 tt--."
1130 2782 1167 2796 .L—
1182 2781 1223 2796 hic
1240 2785 1348 2796 Δνιιιιιιιη
1367 2784 1430 2796 nun!
1459 2780 1485 2796 ἔτι
1503 2779 1525 2796 Π
1574 2780 1595 2795 ιι
1605 2779 1639 2796 IIII
1654 2779 1676 2796 (ι
1702 2787 1716 2796 n
1741 2779 1770 2796 ΓΙ
1808 2779 1864 2796 οἶμα

247 2756 283 2771 lu.
305 2756 329 2772 Β.
350 2756 370 2772 υ
385 2766 392 2778 ,
409 2756 457 2796 171V
477 2756 582 2773 ευυειαν
601 2756 633 2774 ι...
671 2756 689 2762 ’³
703 2756 757 2773 των
777 2756 917 2782 ημετερων
933 2756 979 2773 επι
999 2756 1041 2808 τ(ἱ
1057 2756 1218 2780 απαγγελειν
1231 2756 1314 2780 αυτῳ,
1333 2756 1347 2771 ο
1366 2756 1401 2771 τα
1415 2756 1527 2772 τοιαυτσ.
1539 2756 1714 2779 καυεπηκως
1730 2756 1820 2778 Λεγειν
1830 2756 1864 2785 ξι-

247 2779 337 2820 ³⁸χθές
354 2782 383 2807 0.
421 2781 431 2796 ³
453 2781 490 2812 ὼς
503 2781 605 2845 ἀληθὲς
620 2781 729 2817 εἴρηκεν
750 2782 816 2817 ἡμῖν
832 2781 863 2808 C.
902 2782 924 2797 “'
936 2781 1005 2808 Vbb.
1043 2781 1117 2824 δασιν
1130 2782 1167 2825 Lb;
1182 2781 1225 2808 bis
1240 2785 1349 2820 exarata
1367 2784 1433 2808 sunt
1459 2780 1492 2820 in
1503 2779 1535 2807 0.
1574 2779 1641 2821 "Illa
1654 2779 1682 2819 ()_
1702 2779 1772 2821 c._Cl
1789 2800 1795 2809 .
1808 2787 1865 2806 τω

247 2821 350 2845 Ioc-.0“:
359 2815 555 2845 παραπλησίων
592 2835 600 2844 .
637 2818 659 2833 δ’
666 2816 729 2845 χθές
745 2818 775 2844 Ο.
813 2816 835 2834 ⁵⁸
845 2816 914 2845 πρὸς
926 2817 956 2844 τὸ
971 2817 1116 2845 ἀπολαυειν
1128 2817 1148 2844 (Δ
1178 2823 1212 2845 ex
1226 2819 1355 2845 coniectu
1375 2815 1442 2845 πρὸς
1459 2823 1497 2845 τῳ
1514 2814 1659 2842 ἀπηλανειν
1676 2814 1714 2842 id.
1729 2823 1757 2842 In
1775 2820 1862 2842 texui.

245 2814 350 2845 τούτοις
359 2814 555 2852 παραπλησίων
568 2814 600 2845 C.
637 2814 659 2833 "
666 2814 729 2852 χθές
745 2814 777 2844 σ;
813 2816 835 2834 ⁵⁸
845 2816 914 2852 πρὸς
926 2817 956 2844 τὸ
971 2816 1116 2845 ἀπολαύειν
1128 2816 1148 2844 C
1178 2823 1212 2845 ex
1226 2815 1355 2850 conject.,
1375 2815 1442 2851 πρὸς
1459 2814 1497 2850 τῷ
1514 2814 1659 2842 ἀπολαύειν
1676 2814 1714 2842 id.
1729 2815 1757 2842 in
1775 2820 1862 2842 tcxul.
