1932 3100
236 138 288 167 271

667 137 696 164 S.
715 134 908 164 CLEMENTIS
925 134 936 161 ι
957 127 1038 162 ΒΟΜζ
1059 132 1160 160 PONT.
1179 131 1294 160 OPERA
1307 131 1421 160 DUBIA;

1797 130 1854 158 272

240 205 311 229 esse,
331 200 360 224 ut
374 196 496 224 omnium
514 200 676 227 creatorem,
696 194 732 221 ita
750 198 777 221 et
797 193 941 228 optimum.
967 192 1019 219 Po-

1072 191 1117 217 καὶ
1133 191 1283 226 κρείττονα.
1300 189 1430 226 Κρεῖττόν
1446 189 1504 215 ἐστι
1519 188 1630 224 δυνάμει
1645 188 1696 223 μὲν
1710 187 1741 214 τδ
1759 187 1856 215 ποιοῦν

240 244 343 271 tentius
354 243 457 278 quippe
472 246 514 270 est
528 242 600 277 quod
617 241 682 268 facit
699 247 744 273 eo,
759 240 831 275 quod
852 239 898 273 fit;
915 238 1020 273 magni-

239 290 343 324 tudine,
359 289 433 324 quod
455 288 591 315 infinitum
606 291 658 319 est,
677 286 777 319 ﬁnitis;
793 285 882 320 specie
895 284 1020 320 pulcher-

240 337 341 363 rimum
355 344 363 368 ;
380 334 509 362 felicitate
526 333 732 365 beatissimum;
754 335 844 359 mente
855 329 1020 365 perfectissi-

240 389 327 410 mum.
344 380 474 408 Similiter
492 384 582 407 autem
596 383 624 407 et
639 379 666 406 in
689 378 749 405 aliis
767 378 826 412 ipse
847 377 1019 410 incomparao

239 427 331 455 blliter
344 427 455 454 eminet.
474 426 542 454 Cum
556 431 638 460 ergo,
662 425 735 451 sicut
752 422 827 456 dixi,
840 421 887 449 Dei
905 421 941 449 sit
953 427 1018 455 pro-

239 474 342 509 prium,
352 473 459 501 cunctis
469 480 530 500 esse
544 471 696 503 meliorem,
712 471 746 497 ab
758 470 817 505 ipso
829 474 919 496 autem
932 467 1020 494 factus

240 519 294 552 sit,
309 518 356 553 qui
375 517 467 545 omnia
483 516 672 552 complectitur
692 514 822 547 mundus,
838 514 946 548 penitus
970 519 1018 538 ne-

237 563 362 592 cessario
377 563 431 590 diei
449 562 539 594 debet,
552 561 655 588 nullam
668 567 760 587 rerum
775 559 809 586 ab
821 565 855 585 eo
866 562 1018 585 creatarum

240 616 323 645 posse
336 616 398 636 cum
415 608 474 643 ipso
489 606 608 635 conferri
622 610 648 634 et
661 604 808 640 exaequari.

275 654 335 682 XX.
355 654 440 681 Porro
455 653 584 686 mundus,
603 651 650 687 qui
667 658 721 678 non
738 655 780 678 est
799 648 1018 684 incomparabilis

240 707 268 729 et
292 701 410 729 eximius
434 704 516 735 atque
540 699 615 727 omni
639 706 672 725 ex
690 702 766 733 parte
786 697 860 724 nullo
884 696 1017 730 indigens,

241 748 314 776 Deus
329 755 390 775 esse
402 747 507 781 nequit.
525 745 572 773 Sin
584 752 648 773 vero
666 749 739 772 totus
750 743 880 776 mundus,
892 743 919 769 in
932 749 1020 777 quan-

242 799 299 821 tum
314 793 440 820 conditus
452 791 514 825 fuit,
530 791 602 818 Deus
622 798 684 818 esse
700 789 802 824 nequit,
813 792 916 824 quanto
933 788 1019 823 magis

241 839 314 868 illius
329 842 419 874 partes
431 846 485 866 non
501 842 571 865 recte
586 837 634 864 Dei
652 843 750 863 nomen
762 834 910 869 accipient?
924 833 1018 861 Partes

238 889 331 912 autem
347 883 418 916 dico,
437 890 506 918 quos
521 882 625 910 vocatis
639 882 715 914 deos,
740 880 868 907 nimirum
886 887 921 906 ex
938 885 1016 911 auro,
1033 867 1054 894 Β

240 935 363 965 argento,
378 937 443 963 rere,
467 928 566 963 lapide,
587 927 629 955 vel
651 926 704 954 alia
724 931 887 960 quacunque
904 924 1019 951 materia

240 977 339 1010 factos,
366 975 530 1010 insuperque
551 973 673 1001 mortalis
692 979 788 999 manus
805 970 923 1006 opitieia.
940 971 1018 997 Atta-

241 1030 303 1050 men
325 1021 464 1049 videamus
478 1024 619 1055 praeterea,
645 1017 761 1053 qualiter
782 1024 831 1052 per
852 1024 884 1044 os
901 1015 1019 1043 hominis

240 1069 413 1103 importunus
427 1072 539 1101 serpens
551 1065 677 1108 deceptos
691 1060 893 1091 inductionibus
906 1060 1018 1088 inliciat.

275 1145 345 1174 XXI.
371 1145 470 1173 Dicunt
479 1145 552 1172 enim
572 1143 650 1171 multi
667 1152 673 1169 :
694 1141 724 1169 In
740 1141 841 1168 nostris
862 1139 1020 1167 numinibus

240 1201 295 1221 non
309 1198 406 1219 aurum
429 1197 517 1225 neque
534 1193 676 1224 argentum
694 1194 744 1215 nec
761 1188 864 1222 lignum
885 1191 932 1214 aut
951 1186 1020 1220 lapi-

239 1238 300 1266 dem
315 1237 483 1265 adoramus:
499 1235 600 1263 scimus
624 1241 741 1268 namque
769 1238 797 1260 et
815 1240 865 1260 nos
885 1233 936 1260 ista
951 1231 1018 1259 nihil

239 1291 311 1316 esse,
326 1287 423 1318 praeter
434 1281 582 1308 iuanimam
596 1279 735 1307 materiem
750 1283 777 1306 et
791 1279 914 1306 mortalis
933 1278 1020 1305 homi-

241 1330 284 1358 nis
309 1328 453 1356 artiﬁcium
467 1347 475 1360 ,
503 1326 549 1354 sed
573 1325 698 1361 spiritum
720 1325 766 1360 qui
792 1325 819 1352 in
836 1324 888 1352 illis
910 1324 1019 1358 residet,

240 1376 321 1403 deum
338 1373 497 1402 asserimus.
519 1372 586 1399 Vide
606 1371 658 1400 ista
680 1370 874 1406 proferentium
896 1370 1020 1406 maligni-

240 1425 324 1449 tatem
339 1430 346 1448 :
360 1428 422 1447 nam
436 1420 511 1454 quia,
524 1417 595 1453 quod
610 1422 730 1453 apparet.
746 1417 869 1444 convinci
881 1415 958 1444 facile
969 1423 1019 1451 po-

241 1470 304 1500 test,
326 1465 398 1501 quod
420 1465 487 1492 nihil
503 1464 547 1497 sit,
565 1463 598 1491 ad
615 1463 641 1490 id
653 1462 724 1498 quod
739 1470 792 1490 non
805 1462 911 1489 videtur
924 1462 1020 1489 coniu-

240 1513 330 1548 gium,
344 1510 423 1547 quasi
441 1511 468 1538 in
485 1517 514 1537 re
532 1510 632 1536 incerta
652 1513 787 1543 nequeant
807 1507 951 1536 confutari.
965 1506 1019 1535 No-

242 1559 347 1586 biscum
362 1561 452 1584 tamen
466 1563 499 1583 ex
513 1560 589 1590 parte
601 1554 646 1582 isti
661 1555 833 1587 confitentur,
846 1553 918 1589 quod
937 1553 1012 1581 dimi-

242 1604 317 1632 dium
328 1603 536 1631 simulacrorum
546 1608 657 1629 suorum
673 1600 740 1627 deus
752 1607 805 1627 nou
821 1600 866 1633 sit,
880 1599 926 1628 sed
937 1607 1020 1627 sensu

242 1657 339 1679 carens
353 1648 477 1677 materia.
505 1646 635 1683 Superest
660 1646 752 1682 igitur,
779 1649 809 1673 ut
831 1646 954 1681 probent.
966 1653 1020 1680 qua

242 1696 348 1724 ratione
361 1695 504 1724 credamus
521 1694 548 1721 in
564 1693 618 1721 illis
629 1693 732 1720 versari
744 1692 864 1719 divinum
883 1692 1018 1727 spiritum.

243 1741 343 1770 Verum
357 1741 384 1768 id
396 1741 432 1768 ita
442 1747 503 1768 esse
512 1739 589 1766 nobis
602 1738 943 1773 nequeuntdemonstrare,
957 1737 1020 1772 quia

242 1796 298 1816 non
316 1792 366 1816 est.
395 1785 428 1813 Et
450 1785 517 1821 ipsis
536 1784 693 1820 apparuisse
716 1791 772 1811 non
796 1783 942 1811 credimus.
966 1781 1022 1810 Nos

243 1833 297 1860 illis
325 1839 357 1859 ea
379 1831 501 1859 divinum
525 1829 650 1865 spiritum
676 1836 728 1856 non
748 1828 848 1856 habere
872 1835 920 1863 per
940 1835 1021 1862 argu-

242 1882 333 1906 menta
357 1876 551 1913 probabimus,
580 1879 611 1902 ut
631 1874 753 1902 veritatis
782 1873 907 1905 studiosi,
929 1872 1021 1900 audita

240 1921 428 1952 confutatione
444 1919 581 1956 opinionis
599 1927 631 1947 ea
649 1919 745 1954 spiritu
760 1917 873 1953 praedita
884 1915 1021 1944 afﬁrman-

242 1972 288 2004 tis,
301 1976 316 1996 ο
332 1967 441 1995 rabioso
451 1973 544 1994 errore
555 1973 584 1994 se
595 1968 727 1992 avertant.

276 2027 360 2056 XXII.
379 2025 471 2054 Primo
485 2022 594 2058 quidem
613 2021 636 2049 si
651 2028 682 2048 ea
696 2020 769 2048 velut
780 2019 905 2054 spiritum
919 2017 1021 2046 haben-

242 2076 282 2104 tia
305 2073 409 2105 colitis,
434 2071 516 2098 etiam
538 2068 712 2102 antiquorum
733 2066 874 2093 hominum
897 2064 1021 2099 sepulcra

242 2119 376 2152 adoratis,
386 2124 455 2153 quos
468 2116 496 2143 in
508 2113 634 2143 confesso
641 2117 682 2141 est
693 2112 814 2140 divinum
826 2118 880 2138 non
893 2111 1022 2138 habuisse

243 2168 381 2204 spiritum.
395 2164 434 2191 Ita
449 2169 537 2198 neque
558 2161 586 2188 in
606 2160 658 2188 hoc
676 2166 740 2187 vera
760 2157 912 2194 loquimini.
937 2157 1021 2185 Porro

242 2215 269 2244 si
285 2220 348 2241 vere
367 2211 502 2246 spirarent
524 2211 614 2235 vestra
632 2205 754 2238 numina.
769 2211 817 2239 per
835 2211 865 2232 se
879 2211 1019 2231 movet-enm
1035 2208 1057 2237 ι)

242 2266 299 2293 tur,
321 2264 415 2286 vocem
430 2255 592 2285 emitterent,
608 2258 722 2279 araneas
741 2250 888 2278 insidentes
910 2249 1018 2284 ablega-

242 2309 315 2338 rent,
334 2303 505 2332 insidiatores
518 2307 583 2328 suos
599 2303 626 2326 et
642 2298 715 2325 fures
730 2297 878 2332 abigerent,
893 2296 1020 2324 denario—

243 2358 305 2379 rum
319 2348 460 2384 praedones
482 2345 560 2373 facile
583 2343 852 2379 comprehenderent.
877 2341 936 2369 Jam
957 2348 1021 2368 vero

242 2395 313 2424 nihil
333 2394 431 2422 horum
446 2391 550 2419 faciunt
569 2389 617 2422 dii,
637 2388 682 2417 sed
698 2388 784 2415 instar
802 2394 910 2414 reorum
926 2389 1020 2413 custo-

244 2443 367 2473 diuntur,
380 2437 530 2475 praesertim
548 2435 596 2472 qui
610 2438 674 2463 sunt
688 2434 768 2469 pretii
790 2433 913 2468 majoris,
925 2438 1020 2466 quem-

241 2487 392 2516 admodum
414 2482 548 2520 prineipio
574 2481 703 2510 diximus.
731 2479 803 2513 Quid
820 2479 904 2512 enim,
928 2484 1019 2504 nonne

1032 1541 1053 1569 Β

1068 236 1115 262 τοῦ
1132 236 1291 272 ποιουμένου
1300 236 1333 268 ιδ,
1349 235 1418 271 πρὸς
1435 234 1549 271 μέγεθος
1564 234 1596 260 τὺ
1607 234 1721 270 ἄπειρον
1735 233 1784 260 τοῦ
1802 241 1847 259 πε-

1069 282 1251 318 περασμένουδ
1270 282 1337 318 πρὸς
1352 279 1421 312 εἶδος
1437 280 1468 306 τὸ
1483 280 1693 315 εὐμορφότατον,
1717 278 1787 314 πρὸς
1801 279 1850 310 ,εὑ-

1068 327 1207 363 δαιμονῑαν
1221 327 1251 353 τὸ
1269 326 1484 363 μακαριώτατον,
1498 325 1578 360 225
1594 324 1662 360 πρὸς
1684 323 1746 350 νοῦν
1761 323 1793 349 τὸ
1810 331 1849 349 τε·

1069 371 1203 397 λειότατον
1214 371 1246 398 ".
1271 370 1386 406 Ὁμοίως
1401 370 1429 396 δὲ
1450 370 1497 396 καὶ
1513 370 1542 396 ὲν
1559 370 1615 400 τοῖς
1634 368 1723 400 ἄλλοις
1738 368 1821 400 αὐτὸς
1834 367 1855 383 ¹⁴

1068 415 1267 452 άπαραὸλήτως
1275 416 1325 451 τὴν
1336 415 1471 451 ὑπεροχὴν
1482 415 1548 450 ἔχει.
1566 414 1641 441 Ἐπεὶ
1654 411 1712 446 οὖν,
1727 414 1766 446 ὡς
1772 414 1856 449 ἔφην,

1070 462 1134 489 ῐδιον
1151 461 1218 489 Θεοῦ
1239 461 1270 488 τὸ
1291 461 1373 488 αὑτὸν
1391 460 1462 487 εἶναι
1477 461 1530 488 τῶν
1550 460 1618 487 ὅλων
1635 460 1788 495 κρείττονα,
1806 459 1856 486 ὑπ’

1068 509 1150 535 αὑτοῦ
1164 509 1192 534 δὲ
1208 509 1223 534 ὁ
1242 508 1330 534 πάντα
1348 507 1481 543 περιέχων
1496 507 1591 541 γέγονε
1611 506 1722 541 κόσμος,
1746 505 1856 539 ἀνάγκη

1069 555 1143 581 πᾶσα
1160 554 1267 587 λέγειν,
1293 553 1374 587 μηδὲν
1384 553 1404 568 ’⁷
1429 551 1474 578 ὑπ’
1504 551 1585 578 αὺτοῦ
1609 551 1758 586 γεγονότων
1779 550 1856 585 αὐτῷ

1067 599 1196 626 δύνασθαι
1209 598 1258 633 τὴν
1275 597 1335 632 ἴσην
1351 597 1423 623 ἔχειν
1437 597 1588 632 σύγκρισιν.

1103 645 1162 672 XX.
1189 645 1217 671 '0
1233 645 1261 671 δὲ
1278 644 1315 679 μὴ
1329 643 1397 678 ἔχων
1415 643 1446 669 τὸ
1461 642 1650 677 ἁπαράῧλητον
1666 642 1712 668 καὶ
1732 641 1855 678 ἀνυπέρ-

1068 691 1164 726 ϐλητον
1181 690 1228 717 καὶ
1249 690 1335 725 πάντη
1351 688 1480 715 πάντοθεν
1501 687 1621 720 ἀνενδεὲς
1639 687 1721 719 αὐτὸς
1735 686 1804 714 εἶναι
1822 689 1854 714 οὐ

1068 737 1185 764 δύναται.
1205 737 1236 762 Et
1249 735 1277 762 δὲ
1292 737 1306 762 ὁ
1319 736 1373 766 πᾶς
1383 734 1484 769 κόσμος
1497 734 1574 760 τοῦτο
1587 731 1655 759 εἶναι
1675 733 1705 759 οὺ
1731 733 1856 765 δύναται,

1069 783 1135 810 καθὸ
1143 782 1296 816 γεγένηται,
1305 781 1380 816 πόσῳ
1391 781 1450 814 ’θίγε
1461 780 1559 815 μᾶλλον
1572 779 1607 805 τὰ
1620 779 1700 814 μόρια
1708 778 1791 805 αὐτοῦ
1803 779 1858 805 οὐκ

1069 828 1102 855 ἂν
1123 828 1239 862 εὐλόγως
1259 826 1370 862 κληθείη
1386 825 1468 857 Θεός;
1486 825 1576 860 Μόρια
1590 825 1619 851 δὲ
1638 825 1709 858 λέγω
1726 825 1791 856 τοὺς
1807 825 1858 858 ὑφ’

1069 874 1144 908 ὑμῶν
1165 873 1324 908 λεγομένους
1341 872 1427 903 θεοὺς,
1451 873 1483 899 ὲκ
1505 871 1526 886 ¹⁹
1543 869 1643 906 χρυσοῦ
1661 870 1707 897 καὶ
1719 870 1856 906 ἀργύρου,

1068 919 1167 955 χαλκοῦ
1179 927 1208 946 τε
1222 920 1269 946 καὶ
1284 918 1382 953 λίθουῆ
1395 918 1441 944 καὶ
1450 917 1479 950 ἐξ
1492 916 1573 952 ἄλλης
1585 916 1649 951 ὕλης
1663 916 1820 951 ἡστινοσοῦν
1833 917 1857 932 ⁸⁰

1068 966 1206 1000 γεγονότα,
1220 965 1267 991 καὶ
1279 963 1365 990 ταῦτα
1381 963 1432 989 ὑπὸ
1444 962 1543 998 θνητῆς
1559 962 1649 997 χειρὸς
1659 961 1858 997 δεδημιουργη-

1071 1012 1146 1046 μένα.
1166 1011 1260 1045 Ὅμως
1281 1009 1309 1036 δὲ
1331 1009 1399 1044 πρὸς
1410 1008 1494 1035 ταῦτα
1517 1007 1615 1043 ἴδωμεν
1632 1008 1664 1039 ²¹,
1680 1005 1724 1034 οἶα
1749 1007 1783 1034 δι’
1805 1008 1856 1034 ἅν-

1069 1056 1177 1092 Θρὼπου
1193 1055 1325 1091 στόματος
1337 1055 1351 1080 ὁ
1363 1054 1448 1085 δεινὸς
1461 1053 1522 1088 ὄφις
1534 1053 1687 1088 φαρμάσσει
1703 1054 1759 1085 τοῖς
1778 1053 1856 1080 ἐπει-

1068 1104 1149 1138 γμοῖς
1164 1103 1187 1118 ”
1203 1102 1264 1134 τοὺς
1279 1100 1516 1136 ἐξαπατωμένους.

1105 1147 1175 1175 XXI.
1195 1147 1310 1182 Λέγουσι
1337 1146 1391 1182 γὰρ
1412 1147 1437 1172 οἱ
1460 1145 1559 1172 πολλοί
1587 1145 1647 1172 Τῶν
1675 1145 1856 1180 σεϐασμάτων

1069 1194 1147 1230 ἡμῶν
1168 1193 1281 1228 σέϐομεν
1303 1192 1334 1219 οὐ
1353 1192 1398 1219 τὸν
1415 1192 1514 1228 χρυσὸν
1527 1191 1587 1218 οὐδὲ
1602 1191 1648 1217 τὸν
1661 1191 1780 1226 ἄργυρον
1792 1191 1855 1218 οὐδὲ

1070 1239 1147 1273 ξύλον
1163 1237 1180 1272 ἢ
1194 1239 1277 1266 λίϐον·
1297 1239 1374 1274 ἴσμεν
1392 1239 1445 1273 γὰρ
1463 1238 1510 1264 καὶ
1526 1238 1605 1273 ἡμεῖς
1621 1237 1662 1264 ὃτι
1677 1236 1761 1263 ταῦτα
1775 1237 1856 1264 οὐδέν

1069 1286 1142 1312 ἔστιν
1167 1285 1184 1320 ἢ
1207 1285 1308 1320 ἄψυχος
1330 1284 1379 1320 ὕλη
1408 1284 1454 1311 καὶ
1481 1283 1623 1319 ἀνθρώπου
1647 1281 1742 1317 θνητοῦ
1757 1281 1854 1317 τέχνη·

1069 1331 1137 1358 ἀλλὰ
1155 1331 1185 1357 τὸ
1206 1330 1348 1358 κατοικοῦν
1364 1331 1392 1357 ὲν
1409 1329 1499 1360 αὐτοῖς
1512 1328 1629 1363 πνεῦμα,
1640 1327 1719 1354 τοῦτο
1733 1326 1794 1354 θεὸν
1809 1326 1856 1353 λέο

1069 1385 1162 1412 γομεν.
1182 1377 1252 1412 Ὂρι
1274 1377 1327 1403 τῶν
1348 1375 1433 1402 ταῦτα
1459 1374 1590 1408 λεγόντων
1609 1373 1657 1408 τὴν
1677 1371 1853 1407 κακοήθειαν.

1076 1425 1152 1451 Ἐπεὶ
1169 1424 1221 1459 γὰρ
1232 1423 1262 1449 τὸ
1277 1423 1437 1457 φαινόμενον
1455 1419 1609 1454 εὐέλεγκτόν
1626 1420 1711 1450 ἐστιν,
1724 1418 1764 1444 ὅτι
1777 1418 1855 1444 οὐδέν

1070 1471 1153 1506 226
1163 1471 1247 1501 ἐστιν,
1261 1468 1412 1503 κατέφυγον
1424 1467 1469 1493 ἐπὶ
1481 1465 1511 1492 τὸ
1524 1466 1648 1501 ἀόρατον,
1661 1464 1699 1496 ὡς
1709 1464 1752 1491 ἐπ’
1763 1463 1856 1499 ἀδήλῳ

1069 1516 1121 1542 τινὶ
1131 1513 1295 1549 ’ἐλεγχθῆναι
1317 1512 1353 1548 μὴ
1370 1511 1520 1546 δυνάμενοι.
1540 1510 1612 1545 Πλὴν
1631 1509 1855 1544 συνομολογοῦσιν

1070 1560 1134 1596 ἡμῖν
1155 1559 1180 1586 οἱ
1196 1559 1308 1585 τοιοῦτοι
1327 1557 1373 1583 ἐπὶ
1387 1557 1494 1592 μέρους,
1506 1556 1546 1581 ὅτι
1562 1554 1592 1580 τὸ
1605 1554 1689 1589 ἥμισυ
1709 1553 1762 1580 τῶν
1787 1553 1855 1588 παρ’

1069 1608 1160 1638 αὐτοῖς
1184 1605 1334 1642 ἱδρυμάτων
1353 1604 1411 1635 θεὸς
1433 1603 1482 1629 οὐκ
1504 1601 1592 1633 ἐστιν,
1616 1599 1672 1627 ἀλλ’
1692 1599 1856 1635 ἀναίσθητος

1071 1654 1129 1690 ὕλη.
1154 1652 1253 1680 Λοιπὸν
1275 1652 1303 1678 δὲ
1320 1650 1503 1686 περιλείπεται
1528 1649 1610 1681 δεῖξαι
1631 1647 1728 1679 αὐτοὺς
1745 1647 1778 1679 ’³,
1795 1646 1856 1678 πῶς

1070 1698 1231 1733 πιστεύομεν
1244 1697 1284 1724 ὅτι
1304 1695 1373 1722 θεῖον
1392 1695 1448 1730 ἔχει
1468 1693 1584 1728 πνεῦμα.
1604 1692 1671 1719 Ἀλλ’
1688 1691 1818 1724 ἐπιδεῖξαι
1831 1691 1856 1706 ’δ

1069 1746 1135 1781 ἡμῖν
1151 1745 1181 1771 οὐ
1200 1743 1324 1770 δύνανται
1343 1742 1384 1768 ὅτι
1401 1741 1483 1772 ἐστὶν,
1501 1739 1562 1766 ἐπεὶ
1576 1739 1612 1774 μή
1633 1739 1714 1764 ἐστιν.
1737 1737 1793 1764 Καὶ
1804 1736 1855 1763 αὺ-

1070 1792 1126 1822 τοῖς
1153 1788 1301 1824 ἑωρακέναι
1326 1787 1357 1813 οὺ
1380 1785 1552 1820 πιστεύομεν.
1581 1785 1676 1819 Ἡμεῖς
1700 1783 1792 1813 αὐτοῖς
1812 1781 1856 1808 ὃτι

1071 1836 1140 1863 θεῖον
1156 1835 1206 1862 οὐκ
1229 1835 1284 1869 ἔχει
1297 1833 1405 1868 πνεῦμα
1415 1832 1449 1865 ’⁸,
1468 1831 1516 1863 τὰς
1529 1830 1676 1862 ἀποδείξεις
1688 1828 1854 1864 παρέξομεν,

1070 1883 1144 1913 ὅπως
1161 1881 1208 1908 τοῦ
1224 1881 1311 1907 δοκεῖν
1329 1878 1398 1906 αὐτὰ
1414 1877 1518 1913 ἔμπνοα
1529 1874 1598 1903 εἷναι
1618 1875 1642 1902 οι
1663 1873 1820 1909 φιλαλήθεις
1831 1873 1856 1889 ¹⁶

1070 1928 1114 1954 τὸν
1133 1927 1241 1962 ἔλεγχον
1256 1925 1420 1955 ἀκούσαντες
1440 1923 1489 1957 τῆς
1509 1921 1660 1952 λυσσώδους
1686 1918 1812 1950 ὑπονοίας
1831 1918 1855 1934 ’⁷

1069 1971 1289 2008 ἀππραπῶνται.

1105 2017 1186 2046 XXII.
1205 2017 1241 2044 Τὸ
1259 2016 1308 2052 μὲν
1323 2015 1356 2051 δὴ
1372 2015 1487 2051 πρῶτον,
1503 2014 1528 2040 εί
1550 2013 1587 2045 ὡς
1605 2012 1710 2048 ἔμπνοα
1725 2010 1789 2038 ὅντα
1811 2011 1857 2038 σέ-

1071 2063 1150 2090 σεσθε
1166 2061 1245 2093 αὐτὰ,
1267 2061 1314 2087 καὶ
1327 2060 1349 2076 ’⁸
1369 2059 1483 2086 αἰωνίων
1506 2058 1624 2094 ἀρχαίων
1647 2056 1749 2091 τάφους
1770 2064 1857 2092 προσ-

1071 2109 1191 2139 κυνεῖτε,
1207 2107 1260 2134 τῶν
1287 2104 1509 2141 ὁμολογουμένως
1531 2103 1606 2130 οὐδὲν
1622 2103 1644 2119 ⁸⁸
1661 2101 1770 2137 πνεῦμα
1783 2101 1856 2128 θεῖον

1071 2154 1234 2190 ἐσχηκότων.
1248 2151 1339 2183 Οὕτως
1354 2151 1414 2177 οὐδὲ
1430 2149 1499 2177 κατὰ
1516 2149 1593 2176 τοῦτο
1613 2147 1768 2183 ἀληθεύετε.
1780 2147 1858 2183 Πλὴν

1071 2200 1190 2230 εἰόντως
1203 2199 1307 2233 ἔμπνοα
1322 2194 1355 2232 ἦν
1370 2195 1406 2223 τὰ
1431 2195 1587 2231 σεϐάσματα
1608 2193 1695 2229 ὑμῶν,
1721 2193 1768 2226 ἀφ’
1789 2193 1857 2219 ἑαυ-

1070 2247 1123 2272 τῶν
1150 2245 1182 2272 ἂν
1201 2245 1324 2275 ἐκινεῖτο,
1350 2243 1439 2278 φωνὴν
1465 2242 1498 2269 ἂν
1525 2239 1607 2276 εἶχεν,
1631 2241 1680 2276 τὴν
1697 2239 1740 2266 ἐπ’
1763 2240 1859 2271 αὐτοῖς

1072 2290 1191 2326 ἀράχνην
1207 2289 1355 2320 άπεσείετο,
1374 2288 1436 2319 τοὺς
1455 2287 1544 2318 αὐτοῖς
1559 2284 1746 2312 ἐπιϐουλεῦσαι
1764 2283 1858 2310 θέλον-

1072 2344 1122 2367 τας
1143 2335 1190 2361 καὶ
1206 2334 1368 2364 κλέπτοντας
1384 2331 1530 2359 ἀπεωθεῖτο
1554 2331 1597 2363 ἂν,
1620 2331 1682 2362 τοὺς
1702 2329 1736 2356 τὰ
1759 2330 1858 2365 ἀναθή-

1073 2390 1145 2417 ματα
1161 2379 1350 2410 ἀπσυλῶντας
1372 2377 1568 2413 συνελάμϐανεν
1581 2377 1613 2404 ἃν
1633 2376 1738 2412 ῥᾳδίως.
1752 2376 1811 2403 Νῦν
1826 2377 1857 2402 δὲ

1070 2426 1172 2453 τούτων
1193 2425 1267 2452 οὐδὲν
1290 2422 1419 2455 ποιοῦσιν,
1446 2422 1501 2449 ἀλλ’
1529 2422 1552 2438 ⁸ο
1579 2422 1617 2453 ὠς
1634 2421 1784 2453 κατάδικοι,
1808 2421 1856 2447 καὶ

1072 2472 1187 2508 μάλιστα
1207 2470 1391 2507 οἰτιμιώτεροι
1412 2468 1510 2501 αὐτῶν,
1537 2467 1724 2504 φρουροῦνται,
1750 2467 1790 2500 ὡς
1809 2469 1857 2495 καὶ

869 2543 987 2572 VARle
1006 2541 1205 2570 LECTIONES.

285 2619 439 2656 “xpelrcmv
450 2618 524 2656 ἐστιν
536 2617 568 2652 μὲ

245 2648 367 2692 κρεῖττόν
379 2656 436 2692 tofm.
447 2648 559 2688 δυνάμὲι
573 2651 622 2687 μὲν
638 2648 671 2692 τὶξ
682 2650 774 2692 ποιοῦν
782 2649 829 2675 τοῦ
843 2648 982 2692 ποιοῦντος
989 2650 1016 2692 (ς)
1032 2669 1038 2680 ,
1049 2656 1065 2682 q

245 2678 462 2727 mrpatvacttévou
474 2696 500 2727 lt.
513 2678 719 2727 πεπὲ-ρασμὲνρυ
732 2685 752 2712 C
767 2704 774 2716 ,
786 2678 1102 2727 neeatvopévou‘svc.-CL
1142 2681 1345 2727 :“l'relettb'ca'rov
1357 2680 1387 2721 (ἔτ
1422 2680 1448 2727 λθ
1457 2680 1521 2727 αὺτιὲ
1593 2679 1616 2727 ζ’

244 2713 544 2784 δξῗπέὶριέᾖίων
557 2713 651 2756 γέγονὲ
665 2713 774 2763 κόσμοςξ
793 2713 983 2760 άνάγκη’πᾶσα
992 2718 1089 2752 λέγειν,
1104 2717 1186 2757 μηδτεν
1198 2724 1251 2743 non
1257 2719 1364 2743 exstant
1382 2716 1409 2742 in
1422 2716 1452 2741 0.
1499 2715 1520 2730 ιε
1530 2713 1651 2744 ἀνενδεὲς

245 2758 434 2784 δύναται.καθ’
470 2757 613 2784 γεγένηται
628 2756 738 2784 πόσωίι.
770 2754 792 2770 ¹⁹
800 2761 832 2780 εκ
847 2754 941 2780 om.0.
979 2753 1001 2768 ¹⁰
1015 2753 1053 2780 ita
1071 2753 1167 2784 scripsi
1185 2752 1362 2782 duceOttob.,
1374 2751 1419 2784 qui
1436 2748 1648 2777 ὴιιιιοιτινοσοῦν

245 2760 366 2791 δύναται,
374 2758 434 2785 καθ’
445 2753 458 2784 ὃ
470 2753 702 2792 γέγένηταιΑπόσω
708 2753 741 2792 C1:
770 2754 792 2770 ¹⁹
800 2754 901 2792 ἑκ-οω.
979 2753 1053 2792 “tha

246 2793 302 2822 οὖν.
322 2787 452 2821 Nostrum
462 2787 518 2827 jam
535 2787 602 2827 vidit
616 2790 655 2827 S.‘
684 2787 817 2827 “tantm!
828 2789 855 2827 0Δ
874 2797 899 2827 _e.
950 2808 958 2820 ,
976 2788 1074 2827 ςξδωμε

570 2627 584 2644 ν
594 2616 706 2651 δυνάμει
721 2614 767 2651 τοῦ
780 2615 865 2651 ποιεῖν
877 2613 924 2651 τοῦ
935 2613 1027 2651 λοιποῦ
1040 2612 1060 2640 C
1075 2632 1082 2645 ,
1092 2611 1213 2651 aparcde
1226 2611 1282 2638 ἐστι
1297 2611 1345 2646 μὲν
1358 2610 1469 2645 δυνάμει
1482 2609 1512 2636 τὸ
1525 2607 1616 2650 ποιοῦν
1629 2606 1675 2634 τοῦ
1688 2606 1805 2651 ποιητοῦ
1811 2605 1832 2632 D
1848 2626 1854 2638 ,

1069 2641 1130 2675 nam
1149 2647 1273 2673 ultimam
1293 2641 1388 2673 vocem
1410 2641 1532 2673 converti
1548 2645 1575 2671 in
1596 2642 1767 2677 ποιουμένου.
1783 2641 1855 2677 Tum

1631 2676 1696 2704 Vbi).
1710 2676 1756 2703 ὑπ’
1771 2676 1854 2702 αὐτου

1662 2712 1727 2743 Θεὸς
1740 2709 1810 2738 εἷναι
1823 2711 1854 2737 οὐ

1071 2745 1167 2786 scripsi
1185 2752 1254 2779 duce
1261 2752 1362 2782 0ttob.,
1374 2751 1419 2786 qui
1436 2748 1658 2786 ὴςῲοιτινοσοῦν.
1734 2747 1756 2774 C
1770 2745 1855 2786 5536;

1077 2796 1090 2813 ν
1110 2780 1141 2814 ϐ’.
1181 2787 1203 2802 ’ί
1222 2780 1364 2820 ὑπειγμοῖς
1384 2780 1415 2812 C.
1455 2785 1477 2800 ²³
1492 2785 1584 2815 αὐτοῖς
1603 2784 1634 2810 Ο.
1658 2780 1854 2820 ξ”ίξπξιδείξαι

247 2814 302 2857 δίη
678 2861 684 2863 ⁵
701 2814 901 2863 feminast;
976 2823 997 2839 ’⁷
1008 2814 1137 2863 ἀπονοίας
1153 2821 1278 2863 ﬁgnjzb.
1291 2814 1418 2863 'Subinde
1430 2814 1645 2863 ςέιτιοττράιτιέξῆιαεαιη
1653 2818 1697 2863 (Ξζῆ
1708 2816 1812 2863 :‘lieg.
1827 2816 1854 2843 τί

245 2851 295 2892 ἇὰι
306 2851 660 2899 (cdi'éiﬁﬁaﬁ‘él'siibidde
672 2851 822 2895 ἀνθρώπων
875 2851 990 2886 αἰωνίων
1003 2857 1063 2893 conj
1078 2851 1175 2902 μ’]
1184 2851 1405 2893 ὁμολογουμένως
1425 2855 1463 2886 ὡς
1480 2851 1540 2881 οὗδέ
1552 2852 1583 2882 C.
1604 2853 1645 2897 ὶθ
1655 2851 1722 2880 ἀλλά
1735 2852 1768 2880 0.
