1932 3100
68 167 115 195 τε
628 169 855 198 CLEMENTINA.

923 170 1061 198 IIOMIIJA
1081 170 1113 197 Χ.
1637 171 1691 198 274

73 227 114 262 τὴν
124 226 208 263 ἀρχὴν
225 228 396 265 εἰρήκαμεν.
412 229 444 256 Τί
456 229 485 256 δὲ
497 229 528 256 οὺ
542 229 640 265 φόρους
656 230 702 257 καὶ
717 230 780 264 τέλη
793 230 858 265 ὑπὲρ

915 230 1050 264 principes
1065 238 1081 257 a
1103 230 1181 258 vobis
1205 230 1305 257 tributa
1323 234 1350 257 et
1364 230 1504 265 vectigalia
1523 238 1573 264 pro
1585 230 1618 258 iis
1632 231 1691 258 exi-

77 271 153 299 αὒτῶν
166 273 334 301 ἀπαιτοῦσιν
347 275 420 310 ὑμᾶς
434 275 459 301 οἱ
469 274 604 306 δυνάσται,
617 275 655 306 ὡς
672 274 755 301 πολλὰ
767 283 858 310 διαρπι⁴

912 281 995 311 gunt,
1021 278 1095 310 quiod
1129 278 1246 305 multum
1275 276 1337 304 inde
1369 277 1544 304 emolumenti
1579 277 1693 312 capitis?

77 317 194 352 ζομένους
206 319 262 345 τῶν
274 321 350 353 btet;
363 320 389 346 τί
401 321 428 346 δὲ
439 321 470 347 οὐ
485 321 614 352 πολλάκις
626 320 679 347 ὑπὸ
694 319 828 355 πολεμίων
839 320 858 336 ³¹

912 320 1007 349 Nonne
1021 330 1092 357 saepe
1112 323 1147 350 ab
1166 322 1291 350 hostibus
1305 322 1375 357 rapti
1389 327 1463 353 sunt.
1474 327 1501 350 et
1516 327 1577 357 post
1592 322 1698 351 fractu-

75 363 258 400 διηρπάγησαν
274 365 357 400 227
373 366 421 393 καὶ
442 366 629 402 συντριὸέντες
643 365 858 401 διενεμήθησαν;

912 374 969 394 ram
983 367 1142 395 distributi?
1159 367 1255 395 Nonne
1269 368 1330 402 plus
1343 375 1424 402 quam
1440 369 1568 401 cultores,
1583 368 1630 403 qui
1648 377 1698 396 ειη

74 410 134 446 Οὐχὶ
147 411 194 437 καὶ
219 411 274 438 τῶν
287 411 342 444 ἔξω
361 412 565 448 Θρησκευόντων
584 412 662 440 αὐτοὶ
679 411 759 438 πλέον
777 411 802 437 ol
823 411 858 437 ia-

912 417 952 440 tra
967 418 1041 446 sunt,
1067 413 1118 448 ipsi
1133 413 1294 449 plerumque
1307 413 1472 446 sacerdotes,
1494 421 1524 441 se
1546 414 1580 441 de
1604 413 1698 442 inutili

76 458 136 491 ρεῖς.
155 457 204 483 ἐπὶ
227 459 263 493 τῇ
288 458 419 494 ἀχρήστῳ
443 458 576 494 θρησκείᾳ
593 458 697 486 ἑαυτῶν
723 466 858 492 κατεγνω-

912 458 987 486 cultu
1002 460 1176 492 damnantes,
1191 459 1349 494 subripiunt
1358 459 1443 487 multa
1455 459 1587 487 donaria?

74 502 156 534 κάιες,
172 503 231 530 τῶν
247 503 429 539 ἀναθημάτων
445 503 530 531 πολλὰ
544 503 737 540 ὑφαιροῦνταις

105 547 198 576 XXIII.
217 549 283 581 Nai,
310 549 400 584 φησὶν,
425 549 491 577 ἀλλὰ
513 549 625 585 προνοίᾳ
642 549 732 577 αὐτῶν
751 549 858 584 ἐφωρά-

944 554 1038 583 XXlll.
1058 554 1097 584 lta
1116 560 1168 589 est,
1191 556 1263 584 dicet
1280 556 1390 592 aliquis,
1410 557 1456 585 sed
1474 557 1587 585 deorum
1603 555 1686 592 provi

73 591 163 638 θησαν.
188 594 294 626 Ψεῦδος
317 595 399 622 ἐστιν.
424 595 505 622 Πόσοι
531 595 585 630 γὰρ
605 595 654 622 οὐκ
679 595 858 630 ἐφωράθησαν

912 599 1000 628 tientia
1023 601 1069 628 isti
1093 601 1219 630 homines
1240 591 1401 638 deprehensi
1423 606 1497 630 sunt.
1510 591 1619 629 Falsum
1639 606 1693 631 est.

73 637 175 670 αὺτῶνς
194 639 226 664 Εἰ
239 638 268 665 δὲ
280 639 326 666 διὰ
340 640 370 666 τὸ
386 640 472 672 ένίους
489 640 664 676 συνειλῆφθαι
680 641 792 676 δύναμιν
810 641 858 668 αὺ-

912 645 980 679 Quot
999 645 1072 674 enim
1097 653 1192 674 eorum
1216 654 1271 674 non
1293 651 1358 674 sunt
1373 647 1552 682 deprehensi?
1568 647 1647 680 Quod
1669 648 1694 675 si

72 683 131 714 τοὺς
143 683 166 698 ³³
179 683 252 718 ἔχειν
271 684 406 717 λέγουσιν,
431 685 624 720 πεπλάνηνται,
647 685 703 712 Καὶ
729 685 783 721 γὰρ
804 684 858 711 τῶν

912 699 942 719 ex
963 691 1145 726 quorumdam
1168 691 1412 726 comprehensione
1434 691 1501 719 deos
1532 695 1693 726 potestatem

71 727 258 763 τνμόωρύχων
269 729 342 760 τινὲς
360 729 410 765 μὲν
428 730 609 765 εὑρίσκονται,
629 731 700 762 τινὲς
715 730 744 757 δὲ
765 730 858 758 λανθά-

912 736 1009 764 habere
1019 736 1196 770 concludunt,
1214 741 1316 764 errant.
1334 737 1439 764 Etenim
1456 744 1488 764 es
1506 737 1694 771 sepulcrorum

71 783 169 805 νουσιν,
184 776 231 801 καὶ
241 775 272 801 οὺ
285 775 371 811 δήπου
387 784 418 810 γε
434 778 466 812 τῇ
484 776 538 804 τῶν
550 777 653 812 νεκρῶν
666 777 778 812 δυνάμει
791 777 813 793 ³³
832 777 858 804 οε

912 782 1088 810 messoribus
1111 782 1236 810 nonnulli
1263 782 1440 810 inveniuntur
1461 786 1489 810 et
1512 782 1635 809 nonnulli
1657 781 1695 809 la-

73 819 266 854 ουλληφθέντες
290 821 477 856 ἐφωράθησαν.
511 821 636 849 Τοιοῦτόν
657 831 683 849 τι
722 823 769 849 καὶ
793 823 858 858 περὶ

912 832 976 862 tcnt,
993 828 1152 863 neutiquam
1179 833 1270 855 tamen
1289 832 1462 855 mortuorum
1482 827 1627 862 potestatis
1640 831 1693 860 est,

71 865 130 896 ⁴τοὺς
158 865 359 901 κλεπτομένους
393 867 440 893 καὶ
472 867 642 902 συλωμένους
671 867 749 899 θεοὺς
784 867 857 895 ἐστιν

912 875 981 910 quod
993 874 1031 902 illi
1045 875 1198 909 capiantur.
1214 873 1277 901 Pari
1300 874 1382 901 modo
1403 874 1437 902 de
1454 873 1561 902 furibus
1579 874 1695 901 deorum

71 910 132 945 ἡμῖν
159 911 240 938 νοεῖν.
276 911 364 943 Ἀλλὰ,
391 912 490 947 φησὶν,
513 913 544 939 οὐ
569 913 776 948 πεφροντίκασιν
803 913 857 939 τῶν

912 921 1038 950 debemus
1055 928 1176 949 censere.
1199 920 1262 952 Sed.
1281 921 1396 953 dicetur,
1408 928 1502 948 curam
1525 928 1580 948 non
1596 923 1696 955 gerunt

70 954 168 987 ξοάνων
195 955 287 982 αὐτῶν
307 957 332 983 ol
349 958 378 984 ἐν
394 957 485 989 αὐτοῖς
501 957 576 989 ὄντες
597 957 661 985 θεοί,
679 958 711 985 Τί
727 956 774 985 οὖν
788 958 858 985 αὐτὰ

912 968 1119 996 simulacrorum
1136 974 1261 1000 suorum,
1275 967 1322 1002 qui
1344 967 1370 993 in
1390 966 1430 994 eis
1446 966 1566 994 resident
1579 966 1626 993 dii.
1639 966 1695 993 Cur

71 1001 145 1036 ὑμεῖς
161 1002 307 1037 τημελεῖτε
322 1003 470 1038 σμήχοντες
486 1004 532 1030 καὶ
548 1003 693 1035 πλύνοντες
706 1005 752 1031 καὶ
764 1003 858 1031 καθαί-

912 1021 973 1048 ergo
988 1021 1037 1041 vos
1060 1020 1092 1041 ea
1117 1013 1230 1045 curatis,
1253 1013 1449 1047 abstergentes,
1475 1011 1608 1044 lavantes,
1630 1019 1695 1046 pur-

72 1054 166 1081 ροντες,
181 1048 386 1082 στεφανοῦντες,
412 1047 586 1081 ὲπιθύοντεςς
613 1048 713 1083 Διόπερ
735 1048 858 1076 ἐντεῦθεν

912 1047 1013 1093 gentes,
1026 1063 1191 1086 coronantes
1204 1063 1232 1086 et
1242 1057 1385 1086 sacriﬁciis
1398 1058 1518 1086 colentes
1530 1058 1542 1084 ξ
1559 1057 1694 1090 Quocirca

71 1092 231 1127 συννοήσατε
258 1092 340 1127 μηδὲν
357 1093 379 1108 ³⁵
399 1092 471 1128 ὀρθῷ
491 1093 613 1128 λογισμῷ
636 1093 785 1125 ποιοῦντες.
815 1094 858 1126 Ὠς

912 1092 971 1130 inde
985 1107 1119 1138 reputate,
1144 1111 1194 1131 vos
1212 1109 1286 1131 recta
1300 1103 1405 1130 ratione
1424 1110 1478 1130 non
1492 1110 1581 1138 agere.
1593 1101 1694 1136 Quem-

70 1136 118 1172 γὰρ
126 1138 183 1168 τοῖς
195 1138 302 1172 νεκροῖς
314 1137 478 1170 ὲπικλαίετε,
490 1137 560 1165 οὕτω
568 1138 678 1171 καὶτοῖς
694 1138 766 1170 θεοῖς
781 1138 857 1174 ὑμῶν

912 1136 1056 1177 admodum
1074 1150 1147 1178 enim
1168 1154 1292 1177 mortuos
1321 1148 1441 1183 delictis,
1469 1136 1556 1177 ita'et
1583 1149 1636 1177 diis
1646 1156 1693 1177 ve-

70 1181 192 1209 ὲπιθὺετε
210 1183 260 1210 καὶ
276 1183 412 1210 σπένδετε.

912 1195 973 1223 stris
988 1195 1147 1222 sacrillcatis
1161 1199 1189 1222 et
1199 1194 1300 1222 libatis.

942 1248 1037 1276 XXIV.
1059 1248 1191 1284 Equidem
1211 1256 1264 1276 non
1284 1249 1401 1285 amplius
1412 1249 1478 1276 illud
1493 1249 1618 1277 convenit
1630 1256 1694 1277 cum

908 1295 1032 1330 exemplo
1051 1294 1168 1323 Ctesaris
1183 1299 1210 1322 et
1221 1299 1384 1330 potestatum
1400 1295 1451 1323 sub
1467 1295 1513 1323 illo
1531 1295 1695 1330 positarum,

101 1248 197 1276 XXIV.
219 1250 317 1276 Οὐκέτι
336 1250 385 1285 μέν
405 1259 446 1277 τοι
461 1251 540 1278 τοῦτο
560 1251 620 1278 οὐδὲ
640 1252 680 1289 τῷ
692 1252 740 1279 τοῦ
755 1253 858 1280 Καίσα-

70 1302 112 1329 ρος
127 1295 174 1322 καὶ
197 1294 253 1321 τῶν
276 1295 321 1322 ὑπ’
337 1296 418 1323 αὑτὸν
431 1296 559 1328 ἐξουσιῶν
577 1301 716 1334 συμφωνεῖ
731 1299 858 1335 παραδεί-

69 1349 159 1375 γματι,
177 1341 318 1376 διοικητὰς
334 1342 434 1374 αὐτοὺς
450 1342 548 1376 λέγειν,
571 1343 651 1370 ὁπότε
672 1345 751 1379 ὑμεῖς
770 1344 858 1371 αὐτῶν

912 1341 974 1369 deos
1000 1341 1091 1368 dicere
1116 1341 1372 1375 administratores,
1406 1340 1631 1376 quandoquidem
1660 1341 1693 1369 iis

67 1386 114 1420 τὴν
137 1387 231 1414 πᾶσαν
259 1387 378 1414 ποιεῖσθε
399 1387 536 1423 πρόνοιαν,
562 1389 600 1421 ὡς
619 1391 758 1425 προεῖπον,
788 1390 858 1419 κατὰ

912 1395 1018 1415 omnem
1042 1394 1135 1414 curam
1159 1387 1324 1422 impenditis,
1349 1387 1420 1415 sicut
1438 1387 1495 1423 jam
1518 1386 1586 1420 dixi,
1598 1387 1624 1414 in
1634 1394 1691 1414 om-

68 1432 155 1459 πάντα
172 1432 356 1467 τημελοῦντες
371 1433 434 1469 ὑμῖν
458 1433 480 1449 ³⁸
502 1434 537 1460 τὰ
560 1435 701 1471 ἱδρύματα.
716 1436 789 1462 Αὑτὰ
804 1437 858 1472 γὰρ

912 1434 991 1461 nibus
1006 1433 1084 1460 vobis
1099 1433 1221 1460 foventes
1240 1433 1396 1460 simulacra.
1411 1432 1470 1468 Ipsa
1482 1432 1555 1460 enim
1570 1439 1632 1463 cum
1652 1431 1681 1458 ni

68 1477 140 1504 οὺᾶν
157 1477 298 1513 δυνάμενα
318 1478 394 1505 οὐδὲν
411 1481 492 1506 ποιεῖ.
522 1481 598 1507 Ἐπεὶ
620 1481 714 1508 εἴπατε
732 1483 809 1517 ἡμῖν,
832 1483 858 1509 τί

68 1523 225 1556 διοικοῦσιν,
236 1524 264 1550 τί
279 1524 386 1551 ποιοῦσι
397 1525 526 1558 τοιοῦτον,
541 1527 633 1554 ὁποῖόν
648 1536 674 1554 τι
688 1529 713 1554 oi
731 1527 800 1554 κατὰ
815 1529 859 1555 τόο

67 1577 115 1595 mu
130 1569 301 1605 ἡγούμενοις
323 1570 349 1596 τί
372 1570 400 1597 δὲ
427 1572 568 1608 ἐνεργοῦσι
583 1573 711 1606 τοιοῦτον,
734 1575 824 1601 ὁποῖον
835 1569 860 1601 δί
873 1583 895 1612 ο

66 1615 110 1642 τοῦ
127 1615 199 1642 Θεοῦ
219 1616 351 1651 άστέρες;
369 1618 393 1644 εί
416 1619 453 1653 μή
476 1619 558 1654 228
577 1629 603 1646 τι
625 1620 774 1654 φαίνουσιν,
791 1621 830 1653 ὡς
847 1622 861 1648 δ

65 1661 152 1695 ἧλιος,
175 1658 219 1692 οἷς
239 1660 354 1697 λύχνους
377 1662 456 1696 ὑμεῖς
472 1663 569 1690 ἆπτετε
581 1672 588 1696 ;
602 1665 647 1700 Μὴ
665 1665 697 1697 ³⁸,
716 1665 810 1701 ὥσπερ
825 1665 861 1692 τὰ

64 1705 131 1740 νέφη
138 1705 237 1737 ὑετοὺς
247 1706 336 1741 φέρει,
350 1707 398 1733 καὶ
407 1707 483 1734 αὐτοὶ
493 1708 585 1744 φέρειν
594 1709 713 1745 δμὸρους
724 1710 859 1745 δύνανται,

63 1752 85 1777 οἱ
103 1751 175 1786 μηδὲ
192 1752 306 1783 ἑαυτοὺς
322 1754 405 1778 κινεῖν
423 1752 579 1788 δυνάμενοι,
596 1755 642 1781 ἐὰν
666 1756 702 1791 μὴ
723 1755 859 1791 ἄνθρωποι

62 1797 264 1830 ἐπιλάεωντακ
292 1798 328 1825 Ἣ
348 1799 472 1834 καρποὺς
497 1800 661 1835 παρέχονται
680 1802 743 1833 τοὺς
762 1803 861 1834 αὐτοὺς

61 1844 94 1878 τῇ
107 1845 212 1878 γῇτοῖς
220 1843 310 1874 πόνοις
323 1844 410 1879 ὑμῶν,
423 1841 463 1876 οἷς
474 1844 569 1877 θυσίας
579 1846 600 1862 ³⁷
612 1847 860 1882 χορηγεῖτε;οὖτως

61 1887 139 1915 οὐδὲν
150 1885 289 1915 δύνανται.

96 1945 185 1972 XXV.
207 1946 239 1972 Ei
260 1946 288 1972 δὲ
306 1946 353 1973 καὶ
373 1948 460 1974 ποιεῖν
482 1956 508 1974 τι
530 1947 665 1981 ἐδύναντο,
693 1949 742 1976 οὐκ
760 1949 792 1976 ἂν
812 1951 861 1977 αὖε

60 1992 126 2024 τοὺς
138 1991 230 2028 ὀρθῶς
256 1992 333 2024 θεοὺς
358 1992 475 2026 ἐλέγετε,
499 1993 579 2020 ὁπότε
600 1994 660 2020 οὐδὲ
680 1995 714 2020 τὰ
742 1997 860 2030 στοιχεῖα

60 2037 210 2072 ὀνομάζειν
223 2037 311 2071 ἔξεστι
325 2037 412 2071 θεοὺς,
428 2038 461 2065 δι’
478 2036 515 2065 ὢν
535 2039 569 2065 τά
587 2040 678 2073 ἀγαθὰ
693 2043 858 2076 χορηγεῖ-ται.

67 2083 152 2110 Ἀλλὰ
171 2084 218 2110 τὸν
237 2083 316 2119 μόνον
338 2083 456 2116 τάξαντα
474 2083 552 2117 αὐτὰ,
574 2085 642 2120 πρὸς
659 2086 707 2121 τὴν
724 2086 860 2122 ἡμετέραν

59 2130 163 2165 χρῆσιν
183 2129 304 2157 ἐκτελεῖν
323 2129 357 2157 τὰ
376 2130 474 2162 πάντα,
484 2131 531 2158 καὶ
547 2131 710 2158 κελεύσαντα
725 2132 859 2168 ἀνθρώπῳ

60 2177 229 2211 ὑπηρετεῖν,
248 2176 328 2211 μόνον
345 2176 417 2211 ὀρθῷ
430 2176 500 2212 λόγῳ
512 2177 578 2203 Θεὸν
589 2177 764 2213 ὀνομάζομεν.
784 2175 821 2206 Οὔ
835 2179 858 2194 ³⁸

58 2221 112 2256 τῆς
127 2219 291 2256 εὐεργεσίας
308 2223 386 2257 ὑμεῖς
400 2222 437 2258 μὴ
450 2222 637 2258 αἰσθανόμενοι
652 2223 686 2249 τὰ
702 2224 764 2258 ὑμῖν
777 2223 857 2251 δοῦλα

909 1478 948 1505 hil
971 1478 1085 1513 possint,
1112 1477 1179 1504 nihil
1204 1476 1317 1505 faciunt.
1341 1477 1469 1512 Alioquin
1493 1475 1574 1503 dicite
1601 1474 1692 1506 nobis,

909 1524 1038 1559 quidnam
1049 1523 1251 1556 administrent,
1263 1523 1327 1558 quid
1342 1522 1497 1558 hujusmodl
1508 1525 1600 1557 agant,
1614 1520 1694 1556 quale

911 1573 995 1605 agunt
1015 1569 1138 1597 locorum
1161 1569 1300 1604 praefecti?
1312 1568 1382 1602 Quid
1396 1575 1461 1595 vero
1471 1568 1525 1595 tale
1536 1570 1693 1602 operentur,

910 1615 990 1650 quale
1004 1613 1050 1641 Dei
1066 1614 1156 1640 astra?
1173 1613 1215 1650 An
1231 1613 1321 1640 lucent
1334 1613 1405 1640 sicut
1420 1612 1470 1645 sol.
1485 1612 1585 1647 quibus
1604 1611 1691 1638 lucer-

910 1656 1135 1687 nas‘accenditis?
1152 1658 1306 1686 Possumne
1324 1662 1353 1685 ut
1372 1657 1458 1684 nubes
1477 1657 1590 1684 imbrem
1603 1655 1693 1683 ferunt

911 1705 947 1732 ita
962 1709 989 1732 et
1006 1705 1058 1739 ipsi
1085 1703 1202 1738 pluviam
1223 1702 1298 1737 dare,
1321 1703 1367 1737 qui
1391 1709 1424 1730 ne
1450 1702 1522 1737 ipsos
1537 1701 1647 1737 quidem
1661 1708 1692 1728 se

911 1758 1020 1778 movere
1040 1750 1141 1782 valent,
1163 1748 1214 1776 nisi
1233 1749 1266 1776 ab
1293 1748 1451 1775 hominibus
1473 1746 1692 1782 prehendanlur!

910 1798 980 1824 Num
1000 1802 1080 1825 terrae
1093 1803 1141 1830 pro
1151 1795 1292 1822 laboribus
1309 1794 1408 1821 vestris
1418 1801 1466 1821 eos
1481 1794 1555 1828 ipsos
1572 1793 1691 1827 praebent

910 1845 1025 1877 fructus,
1049 1842 1148 1878 quibus
1172 1840 1198 1868 ei
1226 1840 1359 1868 sacriﬁcia
1381 1839 1531 1867 eshibctis'!
1556 1837 1602 1865 Sic
1625 1837 1692 1864 nihil

909 1893 1032 1926 possunt.

944 1945 1028 1972 XXV.
1049 1944 1101 1972 Sed
1116 1944 1167 1971 etsi
1182 1943 1302 1970 valerent
1316 1940 1418 1976 aliquid
1434 1939 1534 1972 facere,
1549 1945 1604 1966 non
1620 1941 1690 1968 recte

909 2001 957 2021 cos
979 1993 1105 2021 diceretis
1126 1992 1211 2024 deos,
1238 1990 1367 2026 quoniam
1396 1996 1446 2016 nec
1472 1989 1533 2016 licet
1557 1989 1691 2015 elementa

909 2039 975 2066 deos
987 2037 1131 2072 appellare,
1152 2044 1199 2072 per
1225 2043 1285 2070 qum
1306 2034 1515 2069 suppeditantur
1534 2033 1614 2060 bona.
1638 2032 1690 2060 Sed

909 2092 972 2112 eum
988 2083 1075 2111 solum
1106 2087 1180 2110 recta
1203 2081 1307 2109 ratione
1328 2080 1412 2107 Deum
1434 2079 1622 2111 nominamus,
1645 2078 1691 2114 qui

909 2138 979 2158 unus
992 2130 1124 2157 elementa
1144 2127 1288 2158 ordinavit,
1305 2130 1333 2153 ut
1345 2126 1378 2153 ad
1388 2129 1511 2153 nostrum
1532 2132 1611 2152 usum
1625 2131 1686 2151 cun-

908 2181 951 2204 cta
971 2175 1140 2211 perlicerent,
1159 2174 1261 2208 quique
1276 2172 1403 2208 praecepit
1423 2171 1554 2199 inservire
1576 2169 1690 2198 homini.

908 2223 994 2257 Cujus
1012 2229 1061 2248 vos
1089 2220 1250 2248 beneﬁcium
1278 2225 1332 2245 non
1357 2217 1514 2251 sentientes,
1538 2223 1599 2251 quze
1613 2215 1691 2243 vobis

59 2267 279 2302 ἁπονεμηθέντα
293 2256 412 2303 στοιχεῖα
428 2256 488 2294 καθ’
503 2256 591 2295 αὐτῶν
603 2256 742 2301 δεσπόζειν
758 2270 857 2305 ἀνηγο-

912 2256 986 2296 serva
1007 2266 1106 2292 tributa
1132 2268 1196 2292 sunt
1212 2264 1355 2295 elementa,
1379 2261 1505 2289 dominos
1519 2265 1624 2289 vestros
1647 2267 1691 2287 re-

61 2313 195 2348 ρεύσιτε.
213 2313 268 2340 Καὶ
286 2314 312 2340 τί
332 2314 396 2349 περὶ
414 2314 550 2349 στοιχείων
569 2315 609 2341 δεῖ
628 2315 734 2349 λέγειν;
764 2316 857 2343 Ὁπότε

59 2360 111 2386 καὶ
127 2359 222 2394 ἀψυχα
239 2360 384 2395 ἀγάλματα
400 2360 577 2395 πεποιηκότες
594 2362 625 2388 οὐ
645 2362 724 2397 μόνον
741 2371 859 2398 προσκυ-

59 2407 147 2436 νεῖτε,
163 2405 222 2432 ἀλλ’
236 2405 273 2438 ὡς
283 2406 371 2433 δοῦλοι
384 2407 456 2434 κατὰ
469 2408 557 2434 πάντα
570 2408 661 2439 αὐτοῖς
677 2409 858 2444 ὑποτετάχθαι

59 2450 186 2483 ἀξιοῦτε.
201 2450 250 2477 Διὰ
266 2451 354 2483 τοῦτο,
375 2449 461 2479 δι”ὦν
479 2454 699 2488 παρεφρονήσατε
714 2453 746 2485 ³³,
763 2454 856 2489 δαίμο-

62 2504 107 2522 σιν
125 2497 278 2532 ὑποχείριοι
291 2497 432 2531 γεγόνατε.
452 2498 524 2533 Πλὴν
542 2497 585 2525 διὰ
603 2499 653 2534 τῆς
667 2499 706 2530 εῐς
718 2499 797 2526 αὑτὸν
813 2499 858 2526 τὸν

62 2540 131 2568 Θεὸν
148 2541 325 2576 ἐπιγνώσεως
347 2543 381 2569 ὲκ
401 2542 455 2569 τῶν
482 2542 572 2570 καλῶν
594 2543 718 2580 πράξεων
743 2543 855 2572 δύνασθε

909 2312 1065 2342 nuntiastis.
1083 2310 1117 2337 Et
1132 2309 1198 2345 quid
1215 2310 1247 2337 dc
1265 2309 1409 2337 elementis
1422 2308 1539 2344 loquor?
1553 2308 1621 2335 Cum
1637 2307 1691 2334 ina-

910 2359 983 2386 nima
1009 2364 1117 2392 quoque
1139 2356 1227 2390 signa,
1251 2362 1312 2390 qum
1340 2354 1506 2386 fabricastis,
1529 2361 1583 2381 non
1609 2354 1691 2381 modo

909 2404 1036 2436 adoretis,
1057 2403 1105 2431 sed
1125 2407 1152 2430 et
1165 2402 1237 2428 velut
1251 2401 1321 2428 servi
1334 2401 1446 2428 omnino
1463 2400 1517 2428 illis
1532 2399 1630 2433 subjici
1643 2407 1691 2426 cu-

911 2450 1002 2486 piatis.
1018 2450 1078 2477 Ideo
1093 2457 1140 2484 per
1152 2448 1316 2476 dementiam
1331 2453 1447 2475 vestram
1463 2446 1562 2474 redacti
1578 2445 1644 2473 estis
1663 2445 1690 2472 in

911 2499 1063 2526 daemonum
1077 2501 1246 2532 potestatem.
1263 2495 1362 2523 Verum
1387 2502 1434 2530 per
1456 2494 1620 2529 agnitionem
1642 2492 1689 2520 Dei

910 2548 937 2572 et
953 2545 1024 2572 bona
1037 2551 1119 2578 opera
1139 2541 1251 2577 potestis
1269 2541 1368 2568 iterum
1390 2539 1447 2568 heri
1462 2538 1686 2574 ellici,etdacmo-

707 2621 822 2650 VARUE
828 2664 834 2668 _
842 2620 1041 2649 LECTIONES.

97 2699 195 2736 "ltaC
215 2700 242 2728 in
251 2699 484 2736 πῖθι-κηπολέμων
498 2700 526 2728 in
542 2704 626 2733 textu.
642 2705 672 2728 ut
682 2703 711 2728 0.
745 2702 767 2718 ²²
778 2702 874 2734 αὐτούς
888 2702 907 2729 8
929 2703 950 2729 0
964 2723 972 2735 ,
989 2702 1138 2734 ὲαυτούςϐ.
1173 2702 1195 2717 ³’
1205 2700 1363 2736 δύναμινγογ
1374 2699 1518 2736 mendose._
1540 2698 1563 2736 ’ξ
1575 2698 1643 2735 μηδέ
1658 2698 1689 2726 C.

70 2733 179 2776 ⁸ξῠμῶν
193 2735 223 2763 C.
259 2733 359 2778 ‘1Lj:g.
378 2735 395 2770 ἥ
474 2735 495 2751 ³⁷
507 2736 683 2778 παρέχονταις
696 2736 741 2778 τὸν
751 2737 832 2777 αὐτὸν
845 2733 950 2778 πρόπρν
964 2733 1013 2773 τῆς
1026 2738 1077 2778 γῆς
1088 2733 1143 2778 τοῖς
1158 2737 1247 2778 πόνοις
1260 2733 1337 2770 ὑμεῖς
1353 2735 1448 2778 θτυσίας
1459 2733 1617 2778 (Ξοῐιίςρίῐ-θί
1629 2741 1690 2775 vet-

71 2769 146 2807 sionc
158 2771 294 2807 expressit
310 2769 356 2807 (ζ,
371 2769 595 2807 παρέχονται,’ῥν
611 2771 715 2807 τρόπον
728 2771 744 2807 ἡ
762 2772 813 2806 γῆ;
825 2769 881 2804 τοτξ
892 2769 1083 2804 πόνοις,’κ.τ.λ.
1099 2772 1120 2799 Ι)

1160 2767 1336 2809 παρέχοντα-ι,
1345 2767 1491 2809 οῖς-αὺτοῖς
1502 2768 1690 2809 τῆς-γῆςποὺς

72 2804 249 2865 rein/4:06;),
264 2804 348 2832 κ.τ.λ.
368 2804 541 2840 propesuerit
556 2805 586 2832 S.
614 2804 672 2833 ³⁸οὗ
686 2804 746 2833 add}
764 2804 831 2834 e.'0.
855 2807 930 2834 ⁸’διάι
939 2807 1019 2834 τοῦτο
1032 2807 1145 2838 ἑαυτοὺς
1159 2807 1191 2833 δι’
1202 2804 1279 2833 dixit.
1298 2805 1329 2832 C.
1345 2804 1373 2832 Si
1390 2804 1503 2836 ἑαυτούς
1515 2804 1626 2831 retineri
1644 2810 1689 2830 ve-

84 2839 114 2865 is.
128 2840 269 2865 lcmlmlmn
283 2848 346 2865 esse
359 2840 467 2865 videtur
481 2845 592 2865 auctore
607 2840 635 2865 S.
655 2849 661 2865 ε
675 2841 845 2865 summa“:
857 2846 1035 2865 πεποιήκατε.
1051 2847 1080 2865 ιιι
1093 2842 1265 2865 annnsntivns
1276 2840 1390 2865 ἑαυτούς
1407 2839 1516 2865 habeat.
1535 2839 1608 2865 unde
1621 2845 1688 2865 nen~

84 2839 114 2879 is,
128 2839 269 2879 legendum
283 2839 592 2879 esse_v_i_detur‘auctore
607 2840 661 2879 S._:
675 2841 845 2878 ὑποχειρίους
857 2846 1036 2878 πεποιήκατε,
1051 2847 1080 2870 ut
1093 2840 1390 2878 accusativusﬁauvoﬁc
1400 2839 1516 2879 habeat,
1535 2839 1608 2868 unde
1620 2845 1688 2874 pen~

74 2873 143 2911 deat,
154 2873 294 2905 autetiam
309 2875 375 2914 xuii:
382 2874 492 2908 ἑαυτούς
504 2876 706 2912 corrigtndutu.
