1932 3100
227 174 281 202 9.75

652 176 682 204 S.
707 176 902 204 CLEMENTIS
920 176 931 203 Ῑ
950 175 1034 204 ΒυΜ.
1053 175 1152 204 ΡΟΝΤ.
1173 175 1289 203 OPERA
1307 174 1420 204 DUBIA.

1806 176 1859 204 276

227 234 311 262 nibus
323 234 397 263 velut
416 235 503 264 servis
521 235 672 270 imperare,
688 243 721 263 ac
737 237 809 264 sicut
827 236 875 263 lilii
889 235 937 264 Dei
952 243 1018 264 con-
1033 261 1036 265 .

1081 235 1198 262 ἱεσπόται
1213 234 1347 270 ἶγενέσθαι
1369 234 1460 266 πάλιν,
1484 235 1530 261 καὶ
1549 234 1671 270 δαίμοσιν
1692 235 1730 267 ὡς
1753 234 1861 267 δούλοις

229 279 307 307 stitui
322 280 415 308 aeterni
429 281 505 316 regni
520 281 652 309 haeredes.

267 368 364 397 XXVI.
386 369 434 397 His
458 370 552 403 dictis,
572 371 657 405 jussit
677 370 860 399 dazmoniacos
871 375 898 398 et
914 370 1022 398 morbis.

234 418 382 451 occupatos
395 416 428 443 ad
449 423 478 443 se
499 416 608 448 adduci,
624 416 724 452 quibus
743 416 842 445 oblatis
855 425 952 444 manus
968 417 1018 444 im—

233 467 340 495 ponens
357 468 390 488 ac
407 465 535 495 precatus
550 461 703 490 incolumes
720 469 767 490 eos
789 462 908 494 dimisit,
924 462 1020 490 admov

234 515 303 534 nens
318 507 380 534 illos
393 507 581 542 reliquamque
598 508 718 541 turbam,
732 512 763 536 ut
774 508 827 536 hoc
843 508 871 535 in
896 508 958 535 loco
973 515 1019 535 as-

236 553 308 580 sidui
321 557 421 586 essent,
438 561 486 589 per
497 553 555 581 dies
569 554 669 590 quibus
684 554 851 582 immoratus.
862 554 1020 581 dissereret.

234 598 383 634 Postquam
397 607 462 633 ergo
479 600 525 627 alii
543 600 711 632 abscessere,
726 600 823 628 Petrus
839 600 885 628 ubi
900 600 926 627 in
941 600 1021 633 aquis

235 652 297 679 quae
314 645 352 672 ibi
372 645 494 673 ﬂuebant
512 653 613 680 corpus
631 645 769 679 diluisset,
787 653 841 674 una
853 654 915 674 cum
929 646 1021 673 volen-

235 686 310 719 tibus
328 692 404 719 humi
424 692 509 719 sterni
524 692 608 727 jussit
621 692 672 720 sub
686 692 815 720 arborum
826 692 910 720 densa
927 691 1021 719 fronde

236 741 346 771 propter
359 737 495 771 umbram,
513 743 540 765 et
559 745 779 772 unumquemque
793 738 887 767 ordine
904 737 1021 765 fecitre-

237 783 366 811 cumbere
383 793 390 810 :
419 789 500 819 atque
518 783 554 812 ita
570 785 660 811 cibum
680 784 858 819 sumpsimus.
875 783 943 811 Cum
957 790 1022 818 ergo

234 828 314 864 juxta
339 828 514 857 Hebrazorum
542 830 650 858 solitam
673 829 752 857 ﬁdem
783 829 968 857 benedixisset
996 834 1023 856 et

237 874 341 909 gratias
357 874 458 909 egisset
481 873 537 901 Deo
558 882 607 909 pro
629 878 737 909 sumpta
757 874 936 907 recreatione,
958 873 1022 909 quia

237 919 354 946 multum
379 919 468 947 adhuc
489 920 541 947 diei
558 924 710 955 supererat,
728 920 883 955 percontari
906 919 940 947 de
961 919 1021 954 qui-
1038 911 1059 939 Β

237 964 290 992 bus
314 964 444 994 vellemus
466 965 599 1000 permisit.
623 965 656 993 Et
669 973 734 994 vero
749 971 884 999 nostrum,
910 965 957 1000 qui
979 965 1021 992 vi-

238 1009 305 1045 ginti
324 1017 445 1042 eramus,
460 1010 607 1046 unicuique
628 1010 769 1046 speciatim
785 1011 962 1046 interroganti
975 1011 1023 1038 de-

237 1056 279 1084 dit
289 1055 461 1083 solutionem.
477 1055 592 1091 Vespere
608 1061 697 1084 autem
708 1056 765 1092 jam
778 1055 863 1089 facto,
879 1056 906 1083 in
918 1056 1023 1084 latissi-

238 1109 310 1129 mam
326 1102 437 1137 hospitii
451 1101 536 1129 aadem
550 1102 669 1137 ingressi
680 1109 743 1130 cum
766 1101 826 1137 ipso
853 1101 910 1131 illic
929 1109 1024 1129 omnes

237 1147 426 1175 dormivimus.

527 1237 670 1265 HOMlLlA
687 1239 733 1267 XI.

276 1295 297 1323 Ι.
317 1294 411 1330 Itaque
425 1299 526 1329 quarto
549 1294 621 1330 apud
643 1295 774 1330 Tripolim
793 1295 838 1323 die.
852 1295 949 1323 Petrus
965 1303 1026 1323 sur-

241 1349 307 1376 gens
333 1347 439 1376 nosque
464 1340 607 1368 inveniens
624 1341 779 1375 vigilantes,
802 1341 849 1369 ubi
870 1341 1025 1374 salutasset,

241 1386 310 1414 abiit
323 1386 357 1414 ad
370 1393 448 1421 aqua
465 1385 575 1413 ﬂuentis
590 1386 691 1420 locum,
710 1391 740 1414 ut
753 1386 825 1414 lotus
839 1391 938 1414 oraret.
953 1387 1027 1415 ldem

240 1439 292 1460 nos
308 1439 417 1467 quoque
431 1436 627 1467 consequenter
644 1431 770 1460 fecimus.
786 1432 852 1460 Post
866 1439 1027 1461 communes

240 1484 306 1504 vero
331 1484 436 1512 preces,
453 1484 515 1504 cum
531 1477 709 1510 sedissemus,
733 1477 766 1505 de
787 1478 913 1506 castitate
938 1478 1028 1506 disse-

241 1523 309 1551 ruit.
326 1522 360 1549 Et
375 1528 519 1558 postquam
535 1523 594 1551 dies
609 1524 707 1557 illuxit,
722 1524 792 1559 plebi
805 1524 958 1559 ingressum
970 1532 1028 1559 per-

1067 281 1205 314 ὲπιτάξαι,
1224 281 1269 308 καὶ
1287 281 1324 312 ὡς
1338 280 1390 307 υἱοὶ
1408 279 1475 306 Θεοῦ
1486 280 1594 308 αἰωνίου
1607 280 1745 315 βασιλείας
1756 280 1810 316 κλη
1816 288 1860 315 ρο-

1067 326 1142 361 νόμοι
1156 326 1335 360 καταστῆναι.
1789 326 1791 328 ’

1102 371 1201 399 XXVI.
1225 371 1317 398 Ταῦτα
1341 370 1426 398 εἰπὼν
1444 370 1570 398 ἐκέλευσε
1589 371 1652 403 τοὺς
1672 370 1864 407 δαιμονῶντας

1068 419 1115 445 καὶ
1138 418 1226 449 νόσοις
1248 417 1513 453 ὲγκατειλημμένους
1533 417 1615 452 229
1637 417 1711 453 αὐτῷ
1736 416 1864 453 προσφέα
1891 434 1894 437 λ

1070 463 1176 499 ρεσθαι,
1204 462 1410 498 προσενεχθεῖσι
1436 462 1465 489 δὲ
1486 463 1536 494 τὰς
1558 464 1654 498 χεῖρας
1679 462 1789 494 ἐπιθεὶς
1815 462 1864 488 xui:
1893 464 1900 491 ,”

1069 508 1288 544 προσευξάμενος
1310 507 1443 535 ἀπέλυσεν
1467 508 1565 540 αὐτοὺς
1584 509 1765 543 ὑγιαίνοντας,
1794 508 1863 534 ὕπο·
1891 511 1895 539 j-

1072 553 1231 589 μιμνήσκων
1248 553 1347 585 αὐτοὺς
1366 553 1413 579 καὶ
1425 554 1487 585 τοὺς
1508 552 1617 585 λοιποὺς
1636 553 1731 588 ὄχλους
1742 551 1865 579 ἐνταῦθα

1071 598 1258 634 παρεδρεύειν,
1270 599 1339 625 ὅσων
1350 599 1382 626 ἂν
1391 599 1502 634 ἡμερῶν
1509 599 1588 634 man
1592 599 1649 634 μῶν
1661 598 1821 632 διαλέγηται
1830 598 1864 624 ιθ.

1071 646 1130 673 Τῶν
1150 644 1196 673 οὖν
1212 645 1298 672 ἄλλων
1313 645 1545 681 ἀναχωρησάντων
1561 646 1575 672 ὁ
1586 645 1688 680 Πέτρος
1703 645 1732 670 ἐν
1748 643 1789 679 τῷ
1807 643 1868 670 ἐκεῖ

1071 691 1214 726 ὺδροχοείῳ
1227 691 1248 706 ⁸¹
1276 690 1442 726 λουσάμενος
1468 690 1515 716 σὺν
1537 691 1592 721 τοῖς
1618 689 1756 724 θελήσασι,
1775 688 1867 723 χαμαὶ

1073 736 1224 772 στρωθῆναι
1247 735 1378 767 κελεύσας
1399 735 1451 761 ὑπό
1472 743 1533 761 τινα
1552 735 1656 770 πυκνὴν
1672 734 1725 760 τῶν
1745 733 1868 768 δένδρων

1073 781 1160 817 κόμην
1173 781 1216 808 διὰ
1225 781 1274 817 τὴν
1288 781 1378 813 σκιὰν,
1389 781 1449 808 κατ’
1463 781 1540 814 ἀξίαν
1558 780 1672 807 ἕκαστον
1692 778 1867 813 κατακλιθῆ-

1073 835 1116 854 ναι
1129 827 1267 862 ὲποίησεν-
1282 827 1329 854 mi.
1347 826 1432 858 οὕτως
1447 826 1550 862 τροφῆς
1567 825 1758 862 μετελάϐομεν.
1781 825 1869 851 Εὐλο-

1073 873 1160 908 γήσας
1184 870 1229 899 οὖν
1246 873 1292 899 καὶ
1307 872 1542 907 ἐπευχαριστήσας
1563 871 1601 906 τῷ
1622 870 1681 905 Θεῷ
1701 870 1746 896 ἐπὶ
1761 869 1803 904 τῷ
1820 869 1870 895 εὐ-

1073 918 1224 954 φρανθῆναι
1240 918 1310 945 κατὰ
1323 918 1372 954 τὴν
1394 917 1526 952 Ἐϐραίων
1551 916 1649 952 συνήθη
1671 915 1761 942 πίστιν
1779 916 1814 946 “,
1827 914 1867 941 ἐτι

1073 963 1174 999 πολλῆς
1193 963 1277 999 οὔσης
1299 963 1373 1000 ὥρας
1389 962 1572 990 πυνθάνεσθαι
1591 963 1664 997 ἡμᾶς
1685 962 1749 998 περὶ
1765 959 1805 988 ὧν
1826 961 1869 987 θέ-

1072 1010 1154 1046 λομεν
1170 1010 1328 1046 ὲπέτρεψεν.
1350 1009 1406 1036 Καὶ
1428 1009 1501 1044 ὅμως
1525 1007 1628 1035 εἴκοσιν
1657 1007 1680 1024 ⁸⁸
1704 1005 1780 1033 οὖσιν

1073 1057 1102 1083 ὲν
1119 1056 1196 1092 μέρει
1209 1056 1315 1091 ἑκάστῳ
1327 1055 1470 1091 πυθομένῳ
1483 1054 1622 1081 ἐπέλυσεν.
1631 1054 1700 1089 Ἤδη
1707 1053 1735 1080 δὲ
1746 1053 1867 1089 ἑσπέρας

1074 1100 1325 1136 ἐπικαταλαϐούσης
1343 1100 1383 1131 εἰς
1401 1099 1447 1126 τὸν
1464 1098 1610 1134 εὐρύτατον
1624 1098 1673 1134 τῆς
1689 1098 1778 1131 ξενίας
1793 1094 1867 1124 οἷκον

1075 1146 1238 1178 εἰσελθόντες
1262 1146 1321 1181 ἅμα
1344 1144 1418 1180 αὐτῷ
1442 1145 1500 1171 ἐκεῖ
1518 1144 1542 1170 οἱ
1569 1144 1669 1175 πάντες
1689 1142 1866 1178 ὑπνώσαμεν.

1368 1237 1498 1267 ὈΜΙΛΙΑ
1513 1237 1564 1263 IA'.

1112 1296 1132 1323 1.
1151 1296 1190 1331 Τῇ
1209 1296 1259 1331 μὲν
1276 1293 1323 1322 οὗν
1349 1294 1466 1330 τετάρτῃ
1489 1294 1518 1321 ἐν
1535 1293 1662 1329 Τριπόλει
1675 1292 1768 1328 ἡμέρᾳ
1783 1292 1798 1318 ὀ
1814 1291 1868 1318 Πέ-

1076 1350 1139 1378 τρος
1165 1341 1285 1377 ἐγερθεὶς
1298 1340 1344 1367 κα1⁸
1359 1339 1543 1375 ἐγρηγορότας
1558 1339 1631 1374 ἡμᾶς
1639 1337 1661 1354 ’⁸⁸
1674 1337 1772 1373 εὑρὼν,
1780 1345 1868 1372 προσ-

1077 1387 1229 1424 αγορεύσας
1263 1386 1334 1422 ἐξῄει
1359 1386 1399 1417 είς
1422 1385 1452 1411 τὺ
1483 1384 1645 1420 ὑδροχοεῖον,
1672 1383 1749 1414 ὅπως
1772 1382 1871 1409 λουσά-

1079 1442 1158 1470 μενος
1178 1433 1298 1468 εῠξηται.
1331 1432 1446 1468 Ὁμοίως
1469 1440 1499 1459 τε
1523 1431 1570 1457 καὶ
1604 1431 1684 1466 ἡμεῖς
1712 1428 1870 1460 ἀκολούθως

1078 1481 1254 1516 ἐποιήσαμεν.
1284 1477 1496 1514 Συνευξαμένοις
1519 1475 1565 1504 οὖν
1590 1476 1637 1504 καὶ
1659 1475 1871 1511 προκαθεσθεῖσι

1078 1527 1124 1555 τὸν
1139 1526 1202 1562 περ)⁸
1209 1525 1255 1552 τοῦ
1264 1525 1318 1552 δεῖν
1331 1524 1454 1559 ἁγνεύειν
1476 1524 1593 1550 ἐποιεῖτο
1613 1521 1694 1557 230
1709 1521 1800 1555 λόγον.
1814 1519 1871 1546 Καὶ

242 1569 328 1596 misit.
345 1569 392 1602 At,
405 1569 579 1597 multitudine
592 1570 713 1605 ingressa
735 1574 816 1605 atque
830 1577 880 1605 pro
894 1577 969 1597 more
980 1578 1024 1597 sa-

1081 1573 1172 1609 ἐπειδὴ
1185 1572 1278 1599 λοιπὸν
1294 1571 1384 1607 ἡμέρα
1401 1570 1530 1605 ἐγεγόνει,
1547 1570 1604 1600 τοῖς
1627 1567 1716 1613 ὔχλοις
1723 1565 1869 1613 ᾂείσελθεῖν

242 1615 342 1648 lutata,
356 1615 440 1649 coepit
447 1614 537 1642 dicere
551 1626 556 1643 :

281 1702 313 1731 ll.
329 1702 554 1739 Quandoquidem
580 1704 669 1733 multa
683 1705 829 1733 adversum
853 1713 933 1733 vos.a
952 1706 1029 1734 vobis

245 1748 366 1784 profecta
385 1749 491 1777 incuria
506 1757 583 1778 mens
603 1750 737 1785 plurimas
750 1755 776 1778 et
788 1751 885 1778 noxias
896 1751 1030 1786 supersti-

245 1795 351 1822 tionum
367 1795 510 1830 opiniones
536 1795 709 1831 germinavit,
731 1800 760 1823 et
779 1795 843 1823 facti
864 1796 929 1824 estis
957 1796 1031 1823 velut

245 1844 321 1868 terra
336 1840 440 1868 defectu
457 1841 584 1876 agricolae
598 1841 757 1873 silvescens,
774 1841 860 1869 multo
878 1843 911 1870 ad
928 1850 1030 1878 purga-

245 1886 347 1914 tionem
363 1886 490 1922 indigetis
504 1891 635 1922 tempore,
648 1892 679 1915 ut
690 1887 817 1915 traditum
831 1889 908 1916 vobis
925 1896 1030 1916 sermo-

246 1938 308 1958 nem
323 1938 417 1958 verum
439 1935 568 1966 tanquam
593 1933 752 1966 praeclaram
778 1937 926 1961 sementem
953 1940 1031 1960 mens

246 1976 400 2011 suscipiens
414 1977 506 2011 pravis
521 1977 752 2005 sollicitudinibus
769 1985 823 2005 non
840 1978 964 2011 suﬂ‘ocet,
981 1987 1032 2006 nec

247 2023 282 2050 ad
308 2022 448 2051 salutifera
474 2031 556 2058 opera
583 2024 678 2051 reddat
707 2023 919 2052 infructuosum.
942 2024 1033 2057 Quare

248 2072 367 2103 oportet,
383 2073 414 2096 ut
425 2068 471 2104 qui
485 2068 581 2096 salutis
594 2076 651 2096 sua:
671 2076 764 2096 curam
791 2070 954 2104 suscipiunt,
979 2069 1034 2097 fre-

247 2114 427 2149 quentissimc
443 2113 556 2141 audiant
567 2121 621 2148 quo
635 2119 745 2149 peccata
768 2121 801 2141 ex
812 2115 898 2142 multo
914 2119 1034 2150 tempore

249 2165 329 2188 aucta
344 2160 418 2188 brevi
431 2160 504 2195 quod
520 2164 604 2187 restat
617 2164 739 2194 tempore
756 2167 804 2194 per
818 2161 976 2191 continuam
992 2161 1034 2188 di-

248 2206 388 2241 ligentiam
405 2206 438 2233 ad
452 2206 633 2240 expiationem
644 2206 749 2241 possint
765 2206 869 2233 referri.
887 2205 955 2233 Cum
969 2215 1034 2241 ergo

1080 1618 1236 1655 ἐπέτρεψεν.
1248 1617 1420 1648 Εἰσελθόντος
1433 1616 1461 1642 δὲ
1476 1615 1524 1642 τοῦ
1543 1614 1621 1650 ὄχλου
1640 1611 1738 1639 πολλοῦ
1754 1611 1789 1644 ⁸⁸,
1805 1619 1868 1637 συν-

1080 1665 1153 1701 ήθως
1164 1663 1386 1700 προσαγορεύσας
1402 1662 1491 1696 λέγειν
1507 1659 1617 1696 ἠρξατο·

1115 1710 1147 1737 ll.
1174 1709 1282 1745 Ἐπειδὴ
1299 1708 1382 1743 πολλῇ
1400 1708 1433 1743 τῇ
1457 1706 1518 1734 καθ’
1539 1705 1620 1741 ὑμῶν.
1635 1704 1679 1738 ὑφ’
1696 1701 1775 1738 ὑμῶν
1791 1710 1867 1736 γενο-

1083 1757 1151 1793 μένῃ
1167 1754 1374 1791 ἀμελείᾳὸνοῦς
1389 1753 1439 1785 τὰς
1462 1751 1563 1783 πολλὰς
1588 1751 1635 1778 καὶ
1663 1748 1800 1785 βλαϐερὰς
1814 1747 1870 1773 τῶν

1082 1802 1233 1839 θρησκειῶν
1253 1801 1379 1832 ὑπονοίας
1406 1799 1545 1833 ἐξέφυσεν,
1571 1797 1618 1824 καὶ
1634 1795 1763 1839 γεγόνατε
1777 1794 1871 1839 ᾥσπερ

1081 1837 1116 1884 γῆ
1128 1837 1156 1864 V“
1172 1846 1273 1882 ἀπορία
1287 1843 1410 1881 γεωργοῦ
1426 1842 1607 1878 χερσεύσασα,
1625 1838 1723 1866 πολλοῦ
1739 1838 1815 1884 πρὸς,
1825 1837 1872 1863 κά-

1082 1883 1177 1929 θαρσιν
1193 1891 1280 1919 δεῖσθε
1301 1890 1408 1926 χρόνου,
1430 1889 1472 1915 ’ίνα
1488 1887 1533 1914 τὸν
1551 1884 1756 1923 μεταδιδόμενον
1770 1884 1792 1899 ⁸⁷
1806 1883 1871 1918 ὑμῖν

1083 1927 1161 1973 λόγον
1184 1937 1271 1972 ἀληθῆ
1294 1936 1386 1970 ὥσπερ
1405 1933 1487 1961 καλὸν
1505 1932 1604 1967 σπόρον
1619 1931 1633 1958 ὁ
1649 1929 1712 1961 νοῦς
1727 1928 1818 1955 λαϐὼν
1834 1927 1872 1963 μὴ

1083 1985 1182 2015 κακαῖς
1206 1981 1328 2018 φροντίσι
1354 1978 1506 2015 συμπνίξας
1530 1978 1652 2013 ἄκαρπον
1675 1974 1836 2010 καταστήσῃ
1850 1973 1872 1988 ⁸·

1083 2030 1152 2067 πρὸς
1173 2028 1208 2055 τὰ
1235 2027 1330 2060 σώζειν
1355 2025 1490 2060 δυνάμενα
1506 2023 1583 2060 ἔργα.
1601 2022 1646 2048 Διὸ
1663 2020 1716 2057 χρὴ
1738 2021 1803 2067 τους
1821 2028 1873 2046 πε-

1084 2065 1260 2111 φροντικότας
1297 2072 1346 2108 τῆς
1380 2069 1484 2097 ἑαυτῶν
1519 2067 1654 2103 σωτηρίας
1680 2065 1874 2100 συνεχέστερον

1084 2119 1239 2150 ἐπακούειν,
1265 2119 1338 2150 ὅπως
1361 2117 1395 2143 τὰ
1411 2116 1434 2131 δ’
1451 2116 1482 2142 ὲκ
1507 2113 1618 2150 μακρῶν
1643 2112 1746 2148 χρόνων
1769 2111 1875 2146 ἀτοπὴ-

1086 2174 1158 2202 ματα
1181 2164 1365 2200 πληθυνθέντα
1387 2160 1533 2198 βραχεῖτῷ
1555 2157 1772 2202 περιλειπομένῳ
1786 2155 1876 2202 χρύνω

1086 2199 1191 2246 συνεχεῖ
1206 2199 1308 2244 σπουδῇ
1327 2208 1395 2243 πρὸς
1416 2206 1547 2242 κάθαρσιν
1571 2203 1735 2238 ἀναλογῆσαι
1760 2199 1874 2236 δυνηθῇ.

249 2252 398 2287 unicuique
408 2251 528 2279 incertus
544 2252 579 2279 sit
591 2260 646 2279 sua:
668 2252 731 2279 vitae
747 2252 890 2285 terminus,
908 2252 1033 2280 festinate

1093 2256 1201 2291 Ἐπειδὴ
1218 2255 1240 2270 ⁵⁸³
1256 2252 1302 2281 οὖν
1315 2253 1429 2284 ἕκαστος
1444 2251 1539 2286 ἄδηλον
1555 2249 1611 2285 ἔχει
1627 2248 1674 2275 τοῦ
1693 2247 1760 2274 ἰδίου
1776 2246 1874 2282 χρόνου

250 2298 351 2325 multas
366 2305 383 2325 e
402 2298 531 2325 cordibus
554 2298 653 2326 vestris
679 2297 822 2325 extrahere
851 2299 954 2333 spinas,
980 2305 1034 2325 non

250 2351 316 2371 vero
329 2343 471 2379 paulatim,
487 2351 576 2378 neque
586 2343 658 2371 enim
673 2344 813 2379 repurgari
826 2345 960 2378 poteritis,
971 2345 1034 2380 quia

248 2389 316 2417 estis
332 2397 395 2425 ager
407 2389 493 2425 spinis
508 2389 632 2416 horrens.

285 2434 330 2463 Ill.
351 2434 410 2462 Non
427 2435 506 2461 aliter
531 2442 594 2462 vero
616 2434 731 2462 multum
757 2434 878 2463 studium
896 2436 1035 2470 suscipere

248 2483 288 2511 ad
312 2483 499 2518 purgationem
525 2487 644 2509 vestram
669 2482 853 2515 sustinebitis,
875 2483 929 2510 nisi
956 2483 1037 2510 vobis

250 2530 317 2558 irati
330 2529 476 2564 increpetis
489 2536 538 2556 vos
552 2528 587 2556 ob
601 2536 634 2556 ea
655 2529 682 2555 in
701 2529 810 2564 quibus.
825 2529 899 2556 velut
923 2529 1035 2556 inutiles

249 2575 333 2608 servi,
348 2575 455 2604 insidiis
479 2574 555 2609 petiti
573 2574 640 2602 estis
650 2579 677 2602 et
691 2575 772 2603 malis
786 2575 885 2603 vestris
902 2575 1035 2610 cupidita-

251 2627 324 2655 tibus
346 2625 537 2658 consensistis,
553 2629 581 2652 at
593 2625 696 2660 justam
726 2625 898 2653 iracundiam
912 2626 939 2653 in
956 2633 1035 2653 men-

1088 2303 1117 2329 τὺ
1132 2302 1218 2333 τέλος,
1244 2299 1377 2326 σπεύσατε
1393 2298 1442 2330 τὰς
1466 2295 1567 2327 πολλὰς
1592 2294 1646 2321 τῶν
1662 2292 1780 2328 καρδιῶν
1797 2291 1876 2327 ὑμῶν

1087 2348 1185 2381 ἐξελεῖν
1210 2346 1346 2376 ἀκάνθας·
1375 2345 1412 2380 μὴ
1437 2343 1496 2370 κατ’
1513 2341 1616 2375 ὀλίγον·
1634 2339 1664 2366 οὺ
1685 2338 1739 2373 γὰρ
1763 2338 1876 2372 δυνήσε-

1089 2394 1135 2421 σθε
1150 2393 1328 2430 καθαρθῆναι,
1346 2391 1391 2417 ἐπὶ
1407 2389 1473 2415 πολὺ
1488 2387 1542 2423 γὰρ
1558 2384 1746 2430 ὲχερσεύσατε.

1122 2439 1166 2468 111.
1187 2427 1243 2466 Οὐκ
1259 2427 1345 2468 άλλως
1361 2436 1388 2463 δὲ
1407 2435 1438 2462 τὸ
1452 2434 1518 2461 πολὺ
1540 2432 1589 2468 τῆς
1606 2429 1725 2464 σπουδῆς
1741 2428 1811 2464 πρὸς
1826 2427 1876 2454 κά-

1087 2487 1182 2523 θαρσιν
1199 2485 1275 2521 ὑμῶν
1300 2481 1477 2515 ἀναδέξασθαι
1500 2476 1706 2523 ὑπομενεῖτεξί,
1721 2475 1825 2523 μή
1840 2483 1876 2523 γε

1087 2519 1177 2565 αὐτοῖς
1198 2519 1367 2566 ὀργισθέντες
1392 2526 1558 2562 ὲπιπλήξητε
1583 2524 1646 2560 περὶ
1663 2519 1700 2549 ὧν
1717 2521 1755 2553 ὡς
1770 2521 1876 2556 ἀχρεῖοι

1086 2579 1174 2606 δοῦλοι
1189 2578 1210 2593 ⁸¹
1228 2575 1406 2612 ὲνηδρεύθητε
1431 2572 1587 2608 συνθέμενοι
1606 2570 1667 2601 ταῖς
1682 2567 1781 2598 κακαῖς
1798 2566 1876 2601 ὑμῶν

1088 2625 1255 2660 ἐπιθυμίαις,
1285 2624 1328 2650 ἵνα
1349 2622 1400 2657 τὴν
1421 2619 1528 2647 δικαίαν
1540 2618 1563 2634 ⁸³
1581 2615 1657 2652 ὑμῶν
1679 2613 1763 2650 ὀργὴν
1781 2612 1821 2648 τῷ
1837 2612 1874 2648 νῷ

886 2682 1002 2710 VARl/E
1021 2679 1222 2710 LECTlONES.

287 2734 309 2749 ”
320 2732 472 2767 διαλέγεθαι
491 2732 522 2767 0,
550 2730 584 2767 _“
595 2730 672 2767 lta'O.
693 2738 718 2758 c.
737 2731 756 2758 S
770 2751 777 2762 ,
792 2730 921 2767 ὑδροχοῖῳ
1001 2730 1027 2767 ⁴ξ
1033 2730 1121 2767 πίστιν
1134 2736 1193 2767 οιιιἒ
1205 2727 1274 2767 0.3“
1286 2726 1372 2767 εἴκο-σι
1666 2716 1872 2767 RKl-555mg;

252 2751 536 2806 ξξιεῖἓῶἷῖᾱὲιῖλ
550 2751 996 2806 θρίῖἶῖῡὲβῶὲοὲδχΪέῗὲξὲἷνχὲἒον
1008 2751 1266 2806 ο.’ἰ’ἶδῐδέέηὶὲἓέὲοέ,ὀ-
1289 2751 1297 2752 ί
1310 2751 1653 2806 “Et?2:31:535214“:
1663 2751 1829 2806 9:32.511?
1839 2751 1871 2806 Ε·

512 2792 538 2828 VS
630 2792 746 2829 lcc'tionne
772 2800 814 2828 Ci.
841 2792 914 2827 ’⁸⁷Ιῇ
925 2792 956 2827 “0
997 2792 1074 2834 prius
1102 2792 1160 2826 enat
1178 2798 1314 2854 5t66‘stavov
1330 2804 1357 2830 p.
1376 2792 1590 2830 μεταδιδόμενον.

252 2838 276 2854 u
289 2832 323 2854 -Ζ-
338 2845 382 2854 nm
414 2837 435 2854 n
492 2836 584 2854 ιοέησιεί
599 2835 619 2854 l".
667 2836 688 2852 ll
698 2835 735 2854 lln
755 2840 780 2854 ne
797 2835 816 2854 Ω
842 2836 885 2854 Inc
914 2839 1006 2854 (ωηερε
1052 2841 1207 2854 nun-mnam
1248 2833 1304 2854 ριΙιΙ.
1320 2830 1469 2854 ὑπομένετε
1486 2835 1511 2854 C.

253 2838 276 2854 "
289 2835 394 2865 sli-om.
414 2837 446 2864 0.
492 2837 514 2852 '°
523 2836 584 2862 ἐπεί
599 2835 631 2863 C.
667 2835 742 2865 “Ita.
755 2840 783 2864 ct
797 2835 894 2877 S'leg.
914 2839 1023 2876 censet,
1052 2841 1208 2896 quaméuam

253 2881 333 2901 sensu
360 2872 422 2908 add.
453 2880 478 2900 c.
508 2874 539 2898 υ.
554 2871 597 2908 -⁸³
609 2871 708 2898 κακίαν
735 2873 765 2899 0.
787 2871 921 2905 Deme-aps
937 2870 1028 2905 ξοργήν
1045 2868 1107 2896 add.
1178 2875 1208 2896 ex

254 2908 375 2942 σευούσῃ
386 2907 421 2935 8..

1630 2788 1653 2804 ⁵⁸
1663 2788 1827 2822 καταστήσει
1839 2787 1872 2816 C.

1320 2821 1469 2864 ornoitévese
1486 2821 1511 2854 cl.
1525 2826 1556 2853 C.
1597 2825 1620 2841 ἠ
1631 2822 1718 2864 δούλοι
1731 2821 1870 2864 flagitante

1178 2857 1211 2896 é'i
1227 2857 1334 2902 conject
1360 2857 1400 2893 Ci.
1426 2864 1495 2892 Tum
1527 2857 1717 2899 χερσευσούσῃ
1736 2857 1758 2885 C
1774 2877 1782 2891 ,
1807 2866 1874 2898 lar.
