1932 3100
261 128 309 156 271

689 129 716 157 S.
736 129 930 158 CLEMENTIS
947 129 956 156 l
979 124 1059 157 ROM.
1081 129 1181 158 PONT.
1201 130 1315 159 OPERA
1328 131 1442 160 DUBIA;

1818 136 1871 164 γη

260 193 331 218 esse,
351 189 381 213 ut
394 185 516 214 omnium
535 191 696 220 creatorem,
717 187 752 214 ita
770 193 798 215 et
817 187 961 222 optimum.
987 188 1035 215 Po-

1091 189 1138 214 tui
1154 189 1303 224 κρείττονα.
1321 190 1450 227 Κρεῖττόν
1467 190 1524 217 ἔστι
1539 191 1651 227 δυνάμει
1667 192 1716 227 μὲν
1731 192 1762 219 τὺ
1780 193 1874 220 ποιοῦν

260 233 363 260 lentius
374 233 477 268 quippe
492 237 534 260 est
549 234 621 268 quod
637 233 702 260 facit
719 241 764 267 eo,
778 234 851 268 quod
871 234 918 268 ﬁt;
934 234 1040 269 magni-

259 279 362 312 tudine,
378 279 452 313 quod
475 278 611 306 inﬁnitum
625 283 677 312 est,
697 279 796 313 ﬁnitis;
813 279 902 314 specie
914 280 1040 315 pulcher-

259 325 382 357 rimum;
399 323 527 352 felicitate
545 325 751 358 beatissimum;
773 329 864 353 mente
873 325 1039 360 perfectissi-

259 378 346 398 mum.
363 369 492 398 Similiter
510 375 600 398 autem
615 375 642 399 et
658 371 685 398 in
707 371 768 399 aliis
786 371 844 406 ipse
864 371 1037 406 incompara—

257 415 349 443 blliter
362 416 474 444 eminet.
492 416 560 444 Cum
574 423 639 452 ergo
649 437 656 449 ,
680 418 754 444 sicut
770 416 846 450 dixi,
858 416 905 444 Dei
923 417 958 444 sit
971 423 1036 451 pro-

257 462 359 497 prium,
369 463 476 491 cunctis
486 471 547 491 esse
562 463 713 496 meliorem,
729 464 764 491 ab
775 463 834 499 ipso
847 469 936 491 autem
949 462 1037 491 factus

257 507 311 540 sit,
327 507 374 542 qui
391 507 483 535 omnia
500 508 689 543 complectitur
709 507 839 541 mundus,
855 509 962 542 penitus
986 515 1034 534 ne-

255 553 379 580 cessario
393 553 447 580 dici
465 552 555 586 debet,
568 553 671 580 nullam
685 560 776 580 rerum
791 553 825 580 ab
838 559 871 580 eo
882 558 1034 580 creatarum

256 605 339 632 posse
351 605 414 625 cum
431 598 490 633 ipso
505 597 623 626 conferri
637 603 665 625 et
677 598 825 633 exaequari.

290 642 350 670 XX.
370 643 456 671 Porro
470 644 599 678 mundus,
619 644 666 679 qui
683 651 737 671 non
753 648 795 671 est
815 644 1034 679 incomparabilis

255 695 283 717 et
307 690 425 718 eximius
449 694 531 725 atque
555 691 629 718 omni
653 698 686 718 ex
705 695 782 726 parte
801 691 874 718 nullo
898 691 1031 726 indigens,

255 735 328 764 Deus
343 743 405 764 esse
417 737 522 771 nequit.
539 736 587 764 Sin
598 744 663 765 vero
680 741 753 765 totus
764 737 894 770 mundus,
906 737 933 764 in
946 745 1034 772 quan-

256 787 313 809 tum
328 782 454 810 conditus
467 781 528 815 fuit,
543 782 615 810 Deus
636 790 697 811 esse
714 783 816 818 nequit,
827 787 930 818 quanto
947 784 1033 819 magis

254 828 328 856 illius
342 832 432 862 partes
444 835 498 855 non
514 833 585 856 recte
600 828 648 856 Dei
666 835 763 856 nomen
775 829 924 863 accipient?
937 828 1031 858 Partes

252 878 343 900 autem
359 873 431 905 dico,
451 880 519 908 quos
534 874 639 901 vocatis
652 874 728 907 deos,
753 874 881 901 nimirum
899 882 934 901 ex
951 881 1028 907 auro,
1046 863 1067 891 Β

252 923 376 954 argento,
391 927 455 953 sere,
479 919 579 954 lapide,
599 919 641 946 vel
663 919 716 946 alia
737 926 900 954 quacunque
916 920 1031 947 materia

252 964 351 998 factos,
377 965 542 1000 insuperque
563 965 685 993 mortalis
704 972 800 992 manus
817 965 935 1000 opiﬁcia.
952 966 1030 993 Atta-

252 1018 314 1038 men
336 1010 476 1038 viuleamus
490 1015 630 1045 praeterea,
656 1011 773 1045 qualiter
794 1018 842 1045 per
863 1018 895 1039 os
912 1011 1031 1040 hominis

251 1056 423 1091 importunus
438 1063 550 1091 serpens
562 1056 689 1100 deceptos
702 1055 903 1084 inductionibus
917 1056 1028 1084 inliciat.

285 1134 355 1162 XXI.
381 1134 562 1162 Dicuntenim
582 1135 660 1162 multi
677 1144 683 1162 :
705 1134 734 1162 In
750 1135 851 1162 nostris
872 1134 1029 1163 numinibus

249 1189 304 1208 non
318 1188 416 1208 aurum
438 1187 526 1215 neque
544 1185 685 1215 argentum
704 1187 754 1208 nec
770 1181 873 1216 lignum
895 1186 942 1210 aut
961 1182 1029 1216 lapi-

248 1226 309 1253 dem
324 1226 492 1253 adoramus:
507 1226 609 1254 scimus
634 1233 751 1260 namque
779 1232 806 1254 et
824 1235 874 1254 nos
894 1228 945 1255 ista
960 1228 1027 1255 nihil

247 1279 320 1305 esse,
335 1276 431 1307 praeter
443 1270 591 1298 iuanimam
605 1271 743 1299 materiem
759 1276 786 1300 et
800 1273 923 1301 mortalis
941 1274 1029 1301 homi-

249 1317 292 1345 nis
317 1317 461 1345 artiﬁcium
475 1338 483 1351 ,
511 1317 557 1345 scd
581 1317 706 1352 spiritum
727 1318 775 1353 qui
800 1318 827 1346 in
844 1318 896 1347 illis
918 1320 1026 1354 residet,

248 1363 328 1391 deum
345 1363 504 1392 asserimus.
526 1362 593 1390 Vide
613 1363 665 1391 ista
687 1363 882 1398 proferentium
904 1366 1028 1402 maligni-

247 1413 330 1437 tatem
345 1418 352 1436 ι
367 1417 429 1437 nam
442 1409 518 1444 quia,
531 1409 602 1444 quod
617 1414 738 1445 apparet,
753 1411 876 1438 convinci
888 1410 965 1439 facile
976 1419 1026 1447 po-

247 1458 310 1488 test,
332 1454 404 1490 quod
426 1454 494 1482 nihil
510 1455 554 1487 sit,
571 1455 604 1482 ad
622 1455 648 1482 id
660 1455 731 1490 quod
745 1463 799 1483 non
811 1456 918 1484 videtur
930 1458 1026 1484 conlu-

247 1500 336 1535 giunt,
350 1499 428 1536 quasi
447 1500 474 1528 in
491 1508 520 1528 re
538 1500 638 1528 incerta
658 1506 793 1536 nequeant
813 1502 957 1530 confutari.
971 1502 1025 1531 No-

247 1547 353 1574 biscum
367 1550 457 1574 tamen
471 1554 504 1574 ex
518 1551 594 1581 parte
607 1546 651 1574 isti
666 1548 838 1581 conﬁtentur,
852 1548 923 1583 quod
942 1549 1018 1576 dimi-

247 1592 322 1620 dium
333 1592 541 1620 simulacrorum
551 1599 662 1620 suorum
678 1592 745 1621 deus
756 1600 810 1621 non
826 1594 870 1627 sit,
885 1594 931 1622 sed
942 1603 1024 1623 sensu

246 1645 344 1667 carens
358 1638 482 1666 materia.
510 1637 639 1674 Superest
664 1639 757 1674 igitur,
783 1643 814 1666 ut
835 1640 958 1675 probent,
971 1649 1024 1676 qua

247 1685 352 1713 ratione
365 1685 508 1713 credamus
525 1684 552 1711 in
568 1685 622 1712 illis
633 1685 736 1712 versari
748 1685 868 1713 divinum
886 1687 1022 1722 spiritum.

246 1729 346 1758 Verum
360 1729 388 1758 id
400 1730 436 1757 ita
446 1737 506 1758 esse
515 1730 592 1758 nobis
606 1730 946 1766 nequeuntdemonstrare,
960 1732 1023 1768 quia

245 1783 301 1804 non
319 1781 369 1804 est.
398 1775 431 1803 Et
453 1776 520 1811 ipsis
539 1776 696 1811 apparuisse
719 1783 775 1804 non
799 1777 945 1806 credimus.
968 1777 1024 1807 Nos

245 1821 300 1849 illis
328 1828 360 1848 ea
382 1820 503 1848 divinum
527 1821 653 1856 spiritum
678 1829 730 1849 non
751 1821 851 1850 habere
874 1830 923 1858 per
943 1831 1023 1858 argu-

244 1870 336 1894 menta
359 1866 553 1902 probabimus,
582 1871 613 1894 ut
633 1866 756 1894 veritatis
783 1867 908 1900 studiosi,
931 1868 1022 1896 audita

242 1911 429 1940 confutatione
445 1911 582 1946 opinionis
600 1918 632 1939 ea
650 1911 746 1946 spiritu
761 1911 874 1946 praedita
885 1911 1022 1940 afﬁrman-

244 1959 288 1991 tis,
301 1964 317 1984 a
333 1957 442 1984 rabioso
453 1964 544 1984 errore
556 1964 584 1984 se
595 1961 727 1985 avertant.

277 2016 360 2044 XXII.
379 2015 472 2043 Primo
485 2013 595 2049 quidem
613 2013 636 2041 si
651 2020 682 2041 ea
696 2013 770 2041 velut
780 2013 906 2049 spiritum
919 2013 1022 2041 haben-

243 2063 281 2092 tia
304 2062 408 2094 colitis,
434 2061 515 2088 etiam
537 2059 712 2094 antiquorum
733 2060 874 2087 hominum
897 2060 1021 2094 sepulcra

241 2107 375 2141 adoratis,
385 2114 454 2142 quos
467 2106 495 2133 in
507 2104 633 2133 confesso
640 2109 682 2133 est
692 2105 813 2132 divinum
825 2112 880 2132 non
893 2105 1021 2134 habuisse

242 2155 380 2192 spiritum.
394 2153 433 2181 Ita
448 2160 535 2188 neque
557 2152 585 2179 in
604 2151 657 2180 hoc
675 2159 740 2179 vera
759 2151 911 2187 loquimini.
936 2151 1020 2181 Porro

240 2203 267 2231 si
283 2208 346 2230 vere
365 2200 500 2235 spirarent
522 2202 613 2226 vestra
631 2198 753 2231 numina,
767 2205 815 2232 per
834 2205 863 2226 se
878 2205 1017 2226 moverem
1032 2205 1055 2233 Ι)

239 2253 296 2282 tur,
319 2252 413 2274 vocem
427 2245 590 2276 emitterent,
605 2251 720 2271 araneas
739 2243 886 2272 insidentes
907 2244 1016 2280 ablega-

239 2297 312 2327 rent,
331 2292 503 2320 iusidiatores
516 2298 581 2318 suos
596 2294 623 2318 et
640 2289 713 2317 fures
727 2290 875 2325 abigerent,
890 2291 1018 2318 denario-

240 2346 301 2366 rum
316 2336 457 2373 praedones
479 2334 558 2363 facile
580 2335 848 2370 comprehenderent.
873 2335 933 2363 1am
952 2344 1017 2364 vero

237 2383 309 2412 nihil
329 2383 427 2410 horum
442 2380 547 2408 faciunt
566 2379 614 2413 dii,
633 2380 678 2408 sed
694 2381 780 2408 instar
798 2389 906 2408 reorum
922 2385 1015 2408 custo-

240 2430 362 2462 diuntur,
376 2427 526 2463 praesertim
544 2426 592 2462 qui
606 2429 670 2454 sunt
684 2427 763 2461 pretii
786 2427 908 2462 majoris,
920 2434 1016 2462 quem-

237 2475 388 2504 admodum
411 2472 544 2509 principio
570 2472 698 2501 diximus.
727 2471 798 2506 Quid
815 2473 898 2507 enim,
922 2480 1014 2500 nonne

1088 234 1135 260 τοῦ
1152 235 1311 270 ποιουμένου
1321 236 1353 268 ⁸⁸,
1369 236 1438 272 πρὸς
1455 236 1569 272 μέγεθος
1585 236 1616 263 τὺ
1627 237 1741 273 ἀπειρον
1755 238 1804 264 τοῦ
1823 247 1865 265 πε-

1089 280 1270 315 περασμένον·
1290 281 1357 317 πρὸς
1372 279 1440 313 εἶδος
1456 281 1488 308 τὸ
1503 282 1713 318 εὐμορφότατον,
1736 283 1807 319 πρδζ
1820 284 1868 314 εὐ·

1087 325 1227 360 δαιμονίαν
1240 326 1270 352 τὸ
1288 326 1503 362 μακαριώτατον,
1517 327 1597 362 225
1613 327 1681 363 πρὸς
1703 328 1765 354 νοῦν
1780 328 1812 354 τὺ
1830 337 1867 354 τε-

1087 368 1222 395 λειότατον
1232 370 1265 396 ⁸⁸.
1290 370 1405 406 Ὁμοίως
1419 371 1448 397 δὲ
1468 371 1516 398 καὶ
1532 372 1561 398 ἐν
1578 373 1634 403 τοῖς
1653 372 1742 404 ἄλλοις
1757 373 1840 405 αὐτὸς
1852 373 1873 389 ¹⁸

1086 413 1286 450 άπαραϐλήτως
1293 416 1343 450 τὴν
1354 415 1489 452 ὑπεροχὴν
1500 416 1566 452 ἔχει.
1584 417 1659 444 Ἐπεὶ
1672 415 1730 450 οὖν,
1745 418 1784 450 ὡς
1791 419 1873 454 ἔφην,

1087 459 1152 486 ῐδιον
1169 459 1236 487 Θεοῦ
1257 460 1288 487 τὸ
1309 461 1390 488 αὐτὸν
1409 461 1479 489 εἶναι
1495 463 1548 489 τῶν
1568 463 1636 490 ὅλων
1653 464 1805 499 κρείττονα,
1825 465 1873 491 ὑπ’

1085 506 1167 533 αὑτοῦ
1181 507 1210 533 δὲ
1225 507 1240 533 ὁ
1259 507 1347 534 πάντα
1365 508 1498 544 πριέχων
1514 509 1608 543 γέγονε
1629 510 1739 545 κόσμος,
1763 510 1873 545 ἀνάγκη

1086 552 1160 578 πᾶσα
1177 552 1283 586 λέγειν,
1309 552 1391 587 μηδὲν
1400 553 1420 568 ¹⁷
1446 552 1491 579 ὑπ’
1521 554 1602 581 αὐτοῦ
1625 555 1775 588 γεγονότων
1796 555 1873 590 αὐτῷ

1083 597 1212 623 δύνασθαι
1226 597 1274 632 τὴν
1292 596 1351 632 ῐσην
1367 597 1439 624 ἔχειν
1454 598 1604 634 σύγκρισιν.

1119 642 1177 670 XX.
1204 643 1233 669 '0
1248 644 1276 670 δὲ
1293 643 1330 679 μὴ
1344 643 1413 678 ἔχων
1431 644 1462 670 τὸ
1477 644 1665 680 ἀπαράσλητον
1682 646 1728 672 καὶ
1747 646 1871 683 ἀνυπέρ-

1083 688 1179 724 ϐλητον
1196 689 1242 715 καὶ
1263 689 1350 725 πάντη
1366 689 1496 716 πάντοθεν
1516 690 1637 722 ἀνενδεὲς
1655 691 1736 723 αὐτὸς
1750 690 1821 719 εἶναι
1839 694 1870 720 οὐ

1082 735 1200 761 δύναται.
1219 735 1250 761 Ei
1263 735 1291 761 δὲ
1307 735 1321 761 ὁ
1334 736 1388 766 πᾶς
1398 735 1499 770 κόσμος
1511 735 1589 762 τοῦτο
1602 734 1669 762 εἶναι
1689 737 1720 763 οὐ
1745 737 1869 770 δύναται,

1082 780 1149 807 καθὸ
1157 780 1310 815 γεγένηται,
1319 781 1394 816 πόσῳ
1405 781 1464 815 ¹³γε
1475 781 1573 816 μᾶλλον
1587 781 1621 808 τά
1633 783 1714 817 μόρια
1722 783 1806 809 αὐτοῦ
1819 784 1870 810 οὐκ

1082 825 1115 852 ἂν
1136 826 1252 860 εὐλόγως
1272 826 1383 861 κληθείη
1400 827 1481 858 Θεὸς;
1499 828 1590 862 Μὸρια
1604 827 1633 854 δὲ
1652 828 1723 862 λέγω
1740 830 1806 860 τοὺς
1822 831 1870 864 ὑφ’

1082 871 1157 906 ὑμῶν
1178 871 1337 907 λεγομένους
1353 872 1440 903 θεοὺς,
1464 874 1496 900 ὲκ
1518 873 1539 888 ¹⁹
1557 873 1657 908 χρυσοῦ
1674 875 1720 900 καὶ
1732 875 1867 910 ἀργύρου,

1080 917 1180 952 χαλκοῦ
1191 926 1221 944 τε
1235 919 1281 944 καὶ
1297 918 1394 954 λίθουῆ
1407 918 1453 945 καὶ
1463 918 1491 951 ἐξ
1505 918 1586 954 άλλης
1597 919 1662 954 ὖλης
1675 920 1834 955 ἡστινοσοῦν
1846 923 1868 937 ⁸⁸

1080 964 1218 997 γεγονότα,
1232 963 1279 990 καὶ
1291 963 1376 990 ταῦτα
1392 964 1444 990 ὑπὸ
1456 963 1555 999 Θνητῆς
1571 965 1661 1000 χειρὸς
1671 965 1868 1003 δεδημιουργη-

1082 1009 1158 1044 μένα.
1177 1009 1271 1044 Ὅμως
1292 1009 1320 1036 δὲ
1342 1009 1411 1044 πρὸς
1421 1009 1506 1036 ταῦτα
1529 1009 1627 1045 ἴδωμεν
1644 1012 1676 1042 ¹¹,
1691 1009 1735 1038 οἷα
1760 1012 1795 1039 δι’
1818 1013 1865 1040 ἀν-

1080 1054 1188 1090 ορὼπου
1204 1055 1336 1090 στόματος
1347 1056 1361 1081 ὁ
1373 1055 1459 1086 δεινὸς
1472 1055 1533 1089 δφις
1546 1056 1698 1091 φαρμάσσει
1714 1058 1770 1089 τοίς
1790 1058 1866 1085 ὲπειο

1079 1102 1159 1135 γμοῖς
1175 1101 1197 1116 ²¹
1214 1101 1275 1132 τοὺς
1290 1101 1526 1137 ἐξαπατωμένους.

1115 1145 1185 1173 XXI.
1205 1146 1320 1181 Λέγουσι
1347 1147 1401 1183 γὰρ
1422 1148 1446 1174 οἱ
1470 1147 1570 1174 πολλοί·
1597 1148 1657 1175 Τῶν
1685 1149 1865 1185 σεϐασμάτων

1079 1192 1156 1227 ἡμῶν
1177 1192 1290 1227 σέϐομεν
1312 1193 1343 1218 οὺ
1363 1193 1408 1220 τὸν
1424 1193 1523 1228 χρυσὸν
1536 1194 1596 1220 οὐδὲ
1612 1195 1657 1221 τὸν
1670 1195 1790 1230 ἄργυρον
1802 1197 1863 1223 οὐδὲ

1079 1236 1156 1270 ξύλον
1171 1235 1189 1271 ἢ
1203 1237 1286 1265 λίθονδ
1307 1238 1383 1274 ταμεν
1401 1239 1454 1274 γὰρ
1472 1240 1518 1266 καὶ
1535 1241 1614 1275 ἡμεῖς
1630 1240 1670 1267 ὃτι
1686 1240 1771 1268 ταῦτα
1786 1242 1864 1269 οὐδέν

1078 1283 1150 1310 ἐστιν
1176 1283 1192 1319 ἢ
1216 1283 1316 1320 ἄψυχος
1339 1284 1388 1320 ῦλη
1415 1285 1462 1312 καὶ
1489 1285 1632 1321 ἀνθρώπου
1656 1286 1751 1321 θνητοῦ
1767 1287 1862 1323 τέχνη·

1077 1328 1144 1355 ἀλλὰ
1163 1329 1193 1355 τὸ
1214 1330 1356 1357 κατοικοῦν
1371 1331 1399 1357 ὲν
1417 1331 1507 1362 αὐτοῖς
1520 1330 1637 1366 πνεῦμα,
1649 1331 1726 1358 τοῦτο
1741 1331 1803 1359 θεὸν
1819 1332 1863 1358 λέ-

1076 1382 1169 1409 γομεν.
1189 1375 1259 1410 "Op:
1280 1377 1334 1402 τῶν
1355 1376 1440 1402 ταῦτα
1467 1376 1598 1410 λεγόντων
1616 1376 1664 1412 τὴν
1684 1376 1859 1412 κακοήθειαν.

1083 1421 1158 1448 Ἐπεὶ
1175 1422 1228 1457 γὰρ
1239 1422 1269 1448 τὸ
1284 1422 1444 1457 φαινόμενον
1461 1422 1616 1456 εὐέλεγκτον
1633 1423 1718 1454 ἐστιν,
1730 1423 1772 1449 ὃτι
1785 1423 1861 1450 οὐδέν

1077 1468 1160 1504 228
1170 1469 1253 1499 ἐστιν,
1267 1468 1418 1502 κατέφυγον
1430 1468 1475 1494 ἐπὶ
1487 1467 1517 1494 τὸ
1530 1468 1654 1503 ἀόρατον,
1667 1468 1705 1500 ὡς
1716 1468 1760 1495 ἐπ’
1771 1468 1861 1504 ἀδήλῳ

1074 1513 1127 1539 τινὶ
1137 1511 1301 1547 ’ἐλεγχθῆναι
1322 1512 1359 1548 μὴ
1376 1512 1526 1547 δυνάμενοι.
1546 1512 1618 1548 Πλὴν
1637 1513 1860 1548 συνομολογοῦσιν

1076 1557 1139 1593 ἡμῖν
1161 1557 1185 1583 οἱ
1201 1558 1314 1584 τοιοῦτοι
1332 1557 1378 1583 ἐπὶ
1392 1557 1499 1592 μέρους,
1511 1557 1551 1583 ὅτι
1567 1557 1598 1583 τὸ
1610 1557 1695 1592 ἥμισυ
1715 1557 1768 1584 τῶν
1793 1558 1859 1593 παρ’

1074 1605 1164 1636 αὐτοῖς
1189 1604 1340 1640 ἱδρυμάτων
1357 1604 1416 1635 Θεὸς
1438 1604 1487 1630 οὐκ
1509 1603 1596 1635 ἐστιν,
1620 1603 1677 1630 ἀλλ’
1697 1603 1859 1640 ἀναίσθητος

1075 1651 1133 1687 ῦλη.
1158 1651 1257 1678 Λοιπὸν
1280 1651 1308 1678 δὲ
1325 1651 1508 1686 περιλείπεται
1532 1651 1614 1683 δεῖξαι
1635 1651 1732 1683 αὐτοὺς
1749 1652 1782 1683 ’³,
1800 1651 1858 1683 πῶς

1073 1696 1235 1732 πιστεύομεν
1248 1696 1288 1722 ὅτι
1308 1695 1377 1722 θεῖον
1396 1695 1451 1730 ἔχει
1472 1695 1588 1730 πνεῦμα.
1607 1695 1675 1722 Ἀλλ’
1691 1696 1822 1729 ἐπιδεῖξαι
1835 1696 1858 1712 ’⁸

1073 1743 1138 1778 ἡμῖν
1154 1742 1184 1768 οὺ
1203 1742 1327 1769 δύνανται
1346 1741 1387 1768 δτι
1404 1742 1486 1774 ἐστὶν,
1504 1742 1565 1768 ἐπεὶ
1580 1742 1615 1777 μή
1637 1743 1718 1769 ἐστιν.
1740 1741 1796 1769 Καὶ
1807 1742 1857 1768 αὑ-

1072 1789 1128 1819 τοῖς
1156 1787 1304 1822 ἑωρακέναι
1329 1787 1359 1813 οὐ
1383 1786 1554 1822 πιστεύομεν.
1584 1787 1679 1822 Ἡμεῖς
1702 1787 1794 1818 αὐτοῖς
1815 1787 1857 1814 ὅτι

1073 1833 1142 1861 θεῖον
1158 1833 1208 1860 οὐκ
1231 1833 1286 1868 ἔχει
1299 1833 1408 1868 πνεῦμα
1418 1833 1451 1865 ’⁸,
1470 1832 1518 1864 τὰς
1531 1832 1679 1866 ἀποδείξεις
1690 1832 1855 1868 παρέξομεν,

1071 1880 1146 1911 ὅπως
1163 1879 1210 1906 τοῦ
1226 1879 1313 1906 δοκεῖν
1331 1878 1399 1906 αὐτὰ
1415 1878 1519 1914 ἔμπνοα
1532 1876 1600 1905 εἶναι
1619 1879 1644 1905 oi
1665 1877 1822 1913 φιλαλήθεις
1832 1879 1856 1894 ⁸⁸

1071 1925 1116 1951 τὸν
1134 1925 1242 1960 ἔλεγχον
1258 1925 1421 1956 ἀκούσαντες
1441 1924 1491 1959 τῆς
1511 1923 1661 1956 λυσσώδους
1687 1923 1813 1955 ὑπονοίας
1832 1923 1854 1940 "

1070 1969 1289 2005 ἁπονραπῶνται.

1105 2015 1186 2043 XXII.
1205 2015 1241 2042 Τὸ
1259 2015 1308 2051 μὲν
1324 2015 1355 2051 δὴ
1372 2016 1487 2052 πρῶτον,
1504 2016 1528 2042 εί
1550 2015 1587 2047 ὡς
1605 2015 1710 2051 ἔμπνοα
1725 2014 1789 2042 ὄντα
1811 2016 1856 2043 σέ-

1071 2060 1150 2087 6εσοε
1165 2059 1244 2092 αὐτὰ,
1266 2060 1313 2087 καὶ
1326 2060 1348 2076 ’⁸
1368 2060 1483 2087 αἰωνίων
1505 2060 1624 2096 ἀρχαίων
1647 2060 1749 2095 τάφους
1769 2069 1855 2096 προσ-

1070 2107 1173 2132 κυνεῖτε
1183 2125 1189 2137 ,
1206 2105 1259 2132 τῶν
1285 2105 1508 2141 ὁμολογουμένως
1530 2106 1605 2132 οὐδὲν
1621 2107 1643 2122 “
1660 2105 1768 2141 πνεῦμα
1781 2106 1854 2133 Θεῖον

1069 2151 1232 2187 ἐσχηκότων.
1246 2151 1337 2183 Οὕτως
1353 2151 1412 2178 οὐδὲ
1428 2151 1497 2178 κατὰ
1514 2151 1591 2178 τοῦτο
1611 2151 1766 2186 ἀληθεύετε.
1778 2152 1854 2188 Πλὴν

1069 2197 1093 2223 εί
1106 2197 1188 2228 ὄντως
1201 2197 1304 2232 ἔμπνοα
1319 2194 1353 2232 ἦν
1368 2196 1404 2224 τὰ
1429 2197 1585 2233 σεϐάσματα
1607 2197 1693 2232 ὑμῶν,
1719 2197 1765 2231 ἀφ’
1787 2198 1853 2224 ἑαυ-

1067 2243 1121 2269 τῶν
1147 2243 1180 2270 ἂν
1198 2244 1321 2275 ἐκινεῖτο,
1347 2243 1436 2278 φωνὴν
1463 2244 1495 2270 ἂν
1523 2241 1605 2278 εἶχεν,
1629 2244 1677 2279 τὴν
1695 2244 1737 2270 ἐπ’
1760 2245 1854 2276 αὐτοῖς

1069 2288 1189 2324 ἀράχνην
1204 2288 1352 2321 ἀπεσείετο,
1371 2288 1433 2320 τοὺς
1452 2288 1541 2320 αὐτοῖς
1555 2288 1743 2315 ἐπιϐουλεῦσαι
1761 2288 1852 2316 θέλον-

1068 2341 1118 2364 τας
1140 2333 1187 2359 καὶ
1203 2333 1365 2364 κλέπτοντας
1380 2333 1527 2360 ἀπεωθεῖτο
1551 2334 1593 2366 ἂν,
1617 2335 1679 2366 τοὺς
1699 2333 1733 2360 τὰ
1755 2335 1852 2370 ἀναθή-

1069 2387 1142 2414 ματα
1157 2378 1346 2410 ἀποωλῶντας
1368 2379 1564 2415 συνελάμϐανεν
1577 2379 1609 2406 ἂν
1629 2380 1734 2416 ῥᾳδίως.
1748 2381 1807 2408 Νῦν
1822 2382 1851 2408 δὲ

1066 2423 1167 2450 τούτων
1188 2424 1263 2450 οὐδὲν
1285 2423 1414 2456 ποιοῦσιν,
1441 2424 1497 2450 ἀλλ’
1525 2424 1548 2440 ³⁸
1574 2424 1612 2456 ὡς
1629 2424 1778 2457 κατάδικοι,
1804 2426 1850 2452 καὶ

1067 2469 1182 2504 μάλιστα
1202 2469 1386 2506 οἰτιμιὼτεροι
1406 2469 1505 2502 αὐτῶν,
1532 2471 1720 2506 φρουροῦνται,
1745 2471 1784 2504 ὡς
1803 2474 1850 2500 καὶ

864 2539 981 2567 VARUE
1000 2538 1199 2567 LECTlONES.

279 2607 433 2646 Ιξκρείττων
443 2607 518 2646 εστίν
529 2608 577 2643 μὲν
587 2608 698 2646 δυνάμει
714 2607 760 2646 τοῦ
773 2609 858 2646 ποιεῖν
870 2608 917 2646 τοῦ
929 2608 1021 2636 λοιποῦ
1033 2609 1053 2636 C
1069 2628 1076 2642 ,
1085 2609 1207 2646 κρεῖττόν
1219 2609 1275 2637 ἐστι
1290 2610 1339 2646 μὲν
1351 2610 1462 2646 δυνάμει
1475 2611 1505 2637 τὸ
1518 2610 1610 2638 ποιοῦν
1622 2609 1669 2637 τοῦ
1681 2610 1796 2646 ποιητοῦ
1804 2610 1825 2637 D
1840 2631 1846 2643 ,

239 2643 361 2679 κρεῖττόν
372 2644 429 2681 ἐστι
440 2643 552 2678 δυνάμει
566 2643 615 2678 μὲν
631 2644 664 2681 το
674 2643 767 2681 ποιοῦν
774 2644 822 2670 τοῦ
836 2644 975 2681 ποιοῦντος
983 2646 1009 2681 ρ
1025 2665 1032 2676 ,
1042 2643 1123 2681 quam
1137 2645 1265 2681 ultimam
1287 2643 1380 2673 vocem
1403 2643 1525 2674 converti
1541 2647 1568 2673 in
1589 2643 1760 2681 ποιουμένου.
1776 2645 1847 2673 Tulit

238 2678 273 2705 πε
313 2678 455 2713 ινασμένου
467 2686 492 2712 ι).
506 2678 712 2714 πεπερασμένου
723 2679 744 2706 C
759 2698 766 2711 ,
778 2678 927 2713 περαινομέ

237 2714 266 2740 δὲ
275 2687 310 2740 ἔα
301 2713 388 2740 πάντα
403 2713 536 2740 πεοιέγων
549 2714 643 2740 γέγονε
657 2713 766 2740 κόσμος.
784 2714 888 2740 ἀνάγκη
902 2721 927 2739 π‹

301 2713 388 2740 πάντα
402 2713 536 2756 ,περιέχων
549 2713 889 2756 γέγονεικόσμοςζηάνάγκη
902 2714 1081 2756 πᾶσαιλέγειν,
1096 2715 1242 2756 μηδέν-11011
1250 2719 1356 2756 exstant
1374 2716 1444 2756 inD.

237 2748 357 2783 δέναται,
365 2748 425 2775 καθ’
436 2748 450 2774 ὃ
462 2748 729 2783 γεγένηταιγπόσῳρ.
761 2748 783 2763 ¹⁹
791 2748 824 2774 ἐκ
839 2755 893 2775 om.
903 2749 933 2783 Ο.
971 2749 993 2764 ²⁰
1007 2748 1044 2776 Ita

237 2781 293 2810 οὖν.
313 2783 442 2811 Nostrum
453 2781 509 2817 iam
526 2781 593 2810 vidit
607 2782 636 2810 S.

237 2819 269 2845 Ο.
302 2818 438 2853 ³¹πνεῦμα
456 2817 660 2853 ascripsiexro.
699 2817 723 2853 3'

735 2826 764 2860 φι

929 2678 1000 2706 vouS
1019 2687 1044 2706 c.
1055 2679 1094 2706 Cl.
1135 2680 1155 2695 ”‘
1165 2679 1337 2707 τελειώτατον
1349 2681 1378 2707 C.
1419 2681 1441 2697 “
1449 2680 1549 2708 αὺτόδ.

675 2783 696 2798 ’ί
711 2782 840 2843 ἴδωμενο
867 2791 891 2810 c.
909 2782 927 2810 S
942 2803 949 2816 ,
968 2783 1082 2819 εἴδωμεν
1101 2782 1132 2812 (Ϊ.

699 2817 723 2833 ’⁸
735 2826 764 2843 ωι
782 2817 890 2843 αληθεῖε
903 2818 933 2843 C.
967 2819 989 2834 ⁸⁷
999 2819 1128 2843 ἀπονοίας

782 2817 892 2857 αληθείς
903 2818 942 2857 0.Δ
967 2819 989 2834 ⁸⁷
999 2817 1128 2857 ἀπονοίας
1145 2819 1268 2857 ροηῇηῐ).
1283 2817 1409 2857 Subinde
1421 2817 1632 2857 ᾁποτράτιρνταιν
1643 2821 1684 2857 0._
1702 2821 1726 2857 _"
1737 2817 1844 2857 Legati

1589 2682 1608 2697 "
1624 2680 1689 2708 Vbb.
1702 2681 1748 2707 ὑπ’
1763 2681 1845 2707 αὐτου

1491 2717 1512 2732 ⁸⁸
1522 2715 1643 2747 ἀνενδεὲς
1655 2715 1720 2748 Θεὸς
1731 2713 1802 2742 εἶναι
1815 2716 1845 2742 οὐ

1063 2750 1159 2785 scripsi
1177 2750 1245 2777 duce
1252 2751 1353 2783 Ottol)..
1366 2751 1411 2785 qui
1428 2751 1649 2778 Ιηιιιοιτινοσοῦν.
1663 2751 1714 2785 Ap.
1725 2751 1747 2778 C
1770 2751 1845 2783 τινὸς

1172 2786 1195 2800 ¹¹
1214 2786 1356 2819 ὐπειγμοῖς
1376 2786 1406 2812 C.
1446 2786 1468 2801 "
1484 2787 1575 2818 αὐτοῖς
1594 2788 1625 2813 Ο.
1662 2786 1683 2801 ³⁸
1696 2785 1844 2819 ἑπειδεῖξαι

235 2852 285 2880 καί
296 2852 355 2888 (cur
369 2851 473 2888 etiam).
487 2851 515 2879 S.
531 2851 651 2881 Subinde
663 2851 812 2888 ἀνθρώπων
825 2851 850 2888 p.
866 2853 980 2882 αἰωνίων
993 2853 1054 2890 conj
1069 2851 1395 2899 ,ρ.⁷;⁹ὸμολογουμὲεμως
1415 2856 1453 2887 ὡς
1471 2851 1530 2883 οῦδέ
1542 2855 1573 2884 C.
1592 2856 1636 2900 λθ
1645 2855 1712 2884 ἀλλά
1726 2857 1757 2885 0.
