1932 3100
216 174 270 202 275

642 177 671 205 S.
695 177 891 205 CLEMENTIS
909 177 920 204 l
939 176 1023 206 30M.
1042 176 1141 205 PONT.
1162 176 1278 204 OPERA
1296 175 1408 205 DUBIA.

1791 177 1847 206 276

216 235 300 262 nibus
313 235 386 263 velut
405 236 492 264 servis
510 236 661 272 imperare,
677 244 710 264 ac
726 237 798 265 sicut
816 237 863 264 lilii
878 236 926 265 Dei
941 244 1007 265 con-
1022 262 1024 267 .

1069 236 1186 263 ἰεσπόται
1202 235 1335 271 [γενέσθαι
1358 235 1449 268 πάλιν,
1473 236 1519 263 καὶ
1538 235 1660 272 δαίμοσιν
1680 236 1719 268 ὡς
1740 235 1849 268 δούλοις

217 279 296 307 stitui
311 281 404 308 aeterni
418 282 494 317 regni
509 281 640 310 haeredes.

256 369 353 398 Χῖινι.
375 369 423 398 His
447 371 541 404 dictis,
561 371 646 406 jussit
666 371 848 400 demoniacos
859 376 886 400 et
903 371 1006 399 morbis

222 419 371 452 occupatos
384 416 417 443 ad
437 424 467 444 se
487 417 597 448 adduci.
612 417 713 452 quibus
731 417 830 446 oblatis
844 426 941 445 manus
957 418 1008 445 im-

222 468 328 496 ponens
346 469 379 488 ac
396 466 524 496 precatus
539 462 692 491 incolumes
709 470 756 491 eos
778 463 897 495 dimisit,
913 463 1008 490 admo—

223 515 293 535 nens
307 507 368 535 illos
382 508 570 544 reliquamque
587 508 707 541 turbam,
721 513 752 536 ut
763 509 815 536 hoc
831 509 859 536 in
885 509 947 536 loco
961 516 1008 536 as-

225 554 297 581 sidui
310 558 410 586 essent,
427 561 474 589 per
485 553 544 582 dies
558 555 658 591 quibus
672 555 838 582 immoratus.
851 555 1008 582 dissereret.

223 599 371 634 Postquam
385 607 451 634 ergo
467 600 514 628 alii
532 601 700 633 abscessere,
714 601 812 629 Petrus
827 601 874 629 ubi
888 601 915 628 in
929 601 1010 634 aquis

223 653 285 679 quae
303 645 341 673 ibi
361 645 482 673 ﬂuebant
501 654 601 681 corpus
619 646 757 679 diluisset,
775 654 829 674 una
841 654 904 675 cum
917 647 1010 674 volen-

225 687 299 719 tibus
316 692 393 720 humi
412 692 497 720 sterni
513 693 596 727 jussit
609 693 660 720 sub
674 693 803 720 arborum
815 693 899 721 densa
915 692 1010 720 fronde

224 742 335 772 propter
347 738 484 771 umbram,
501 744 528 766 et
547 745 767 773 unumquemque
781 739 876 768 ordine
893 737 957 766 fecit
966 746 1010 765 re-

225 783 355 811 cumbere
371 793 378 810 :
407 789 488 819 atque
506 784 542 812 ita
559 785 649 812 cibum
669 785 847 819 sumpsimus.
862 784 931 812 Cum
945 791 1011 819 ergo

223 829 303 864 juxta
327 828 502 857 Hebraeorum
531 830 638 858 solitam
662 830 741 857 fidem
771 829 956 858 benedixisset
984 835 1012 857 et

226 874 330 909 gratias
346 874 447 909 egisset
469 874 525 902 Deo
546 882 595 909 pro
617 879 725 909 sumpta
746 875 924 908 recreatione,
946 874 1010 910 quia

225 920 343 947 multum
367 920 456 947 adhuc
477 920 529 948 diei
547 924 698 955 supererat,
717 921 872 956 percontari
895 921 929 948 de
949 920 1010 956 qui-
1026 912 1048 940 Β

225 965 278 992 bus
302 965 432 994 vellemus
454 966 588 1000 permisit.
611 965 645 994 Et
658 974 722 994 vero
737 971 873 1000 nostrum,
898 966 945 1002 qui
967 966 1010 993 vi-

226 1011 294 1046 ginti
312 1018 433 1042 eramus.
449 1011 596 1046 unicuique
616 1011 757 1046 speciatim
773 1011 950 1047 interroganti
964 1011 1012 1039 de-

225 1057 267 1084 dit
277 1056 450 1084 solutionem.
466 1056 581 1092 Vespere
596 1062 685 1085 autem
696 1057 753 1092 jam
767 1056 851 1090 facto,
867 1057 894 1084 in
907 1057 1011 1085 latissi-

226 1109 299 1129 mam
314 1102 426 1137 hospitii
439 1101 524 1130 aadem
538 1103 656 1138 ingressi
669 1110 732 1130 cum
754 1102 814 1138 ipso
840 1102 898 1131 illic
917 1110 1012 1130 omnes

226 1147 415 1176 dormivimus.

516 1238 658 1266 llOMlLIA
676 1239 721 1268 XL

263 1295 286 1324 Ι.
305 1295 399 1330 Itaque
413 1300 514 1330 quarto
537 1295 609 1331 apud
631 1295 762 1330 Tripolim
781 1296 826 1324 die
840 1295 938 1324 Petrus
952 1304 1014 1324 sur-

229 1349 296 1376 gens
321 1348 427 1376 nosque
453 1341 595 1369 inveniens
612 1341 767 1376 vigilantes,
791 1342 837 1370 ubi
858 1342 1013 1375 salutasset,

229 1387 298 1414 abiit
311 1386 346 1414 ad
357 1393 436 1422 aqua
453 1386 563 1414 ﬂuentis
578 1387 680 1420 locum,
698 1392 728 1414 ut
741 1387 813 1416 lotus
826 1392 927 1415 oraret.
941 1388 1016 1415 Idem

229 1439 280 1460 nos
296 1439 406 1467 quoque
419 1436 616 1467 consequenter
632 1432 758 1461 fecimus.
773 1433 840 1462 Post
853 1441 1015 1462 communes

228 1484 294 1505 vero
319 1485 424 1512 preces,
441 1485 503 1505 cum
519 1478 697 1511 sedissemus,
722 1478 755 1506 de
775 1479 901 1507 castitate
926 1479 1016 1507 disse-

229 1523 297 1552 ruit.
314 1522 348 1550 Et
363 1528 507 1558 postquam
524 1524 582 1552 dies
597 1525 695 1558 illuxit,
710 1525 780 1560 plebi
794 1525 946 1560 ingressum
958 1533 1016 1560 per-

1056 282 1194 315 ἐπιτάεαι,
1213 283 1258 309 καὶ
1275 282 1314 313 ὡς
1327 282 1379 308 υἱοὶ
1397 281 1464 308 Θεοῦ
1475 281 1583 309 αῑωνίου
1596 281 1733 316 βασιλείας
1744 282 1848 317 κληρο-

1056 327 1132 362 νόμοι
1145 326 1324 362 καταστῆναι.
1774 328 1777 330 “

1091 372 1189 400 XXVI.
1214 372 1306 399 Ταῦτα
1330 371 1414 399 εἰπὼν
1433 371 1558 399 ἐκέλευσε
1578 372 1640 405 τοὺς
1661 372 1850 408 δαιμονῶντας

1057 420 1103 446 καὶ
1127 419 1214 450 νόσοις
1237 418 1502 454 ἐγκατειλημμένους
1522 419 1603 454 229
1625 419 1700 454 αὐτῷ
1724 418 1851 455 πφσφέο
1882 435 1886 438 ι

1059 464 1164 500 ρεσθαι,
1193 463 1399 499 προσενεχθεῖσι
1425 463 1454 490 δέ
1475 465 1525 495 τὰς
1547 465 1642 500 χεῖρας
1669 464 1774 496 ἐπιθεὶς
1799 463 1851 490 καὶ
1883 466 1893 492 .’

1058 509 1277 545 προσευξάμενος
1298 508 1431 536 ἀπέλυσεν
1455 510 1554 541 αὐτοὺς
1573 510 1752 544 ὑγιαίνοντας,
1779 509 1851 536 ὑπο-
1882 512 1887 540 ζ

1060 555 1220 590 μιμνήσκων
1236 554 1336 586 αὐτοὺς
1354 554 1476 586 καὶτοὺς
1497 553 1606 586 λοιποὺς
1624 555 1719 590 ὄχλους
1731 553 1852 580 ἐνταῦθα

1060 599 1247 636 παρεδρεύειν,
1258 601 1328 626 ὅσων
1338 600 1371 627 ἂν
1380 600 1491 636 ἡμερῶν
1498 600 1638 636 ἐπιδημῶν
1650 599 1805 634 διαλέγηται
1814 599 1851 626 ⁸ο.

1059 647 1119 674 Τῶν
1139 645 1184 674 οὖν
1200 646 1287 674 ἄλλων
1301 647 1534 682 ἀναχωρησάντων
1549 647 1563 673 ό
1575 646 1676 682 Πέτρος
1692 647 1720 672 ἐν
1735 645 1774 680 τῷ
1791 645 1855 671 ἐκεῖ

1060 692 1203 728 ὑδροχοείῳ
1216 692 1237 707 ⁸¹
1265 691 1430 727 λουσάμενος
1456 692 1504 718 σὺν
1525 692 1581 723 τοῖς
1606 690 1743 726 θελήσασι,
1761 689 1854 725 χαμαὶ

1062 737 1212 773 στρωθῆναι
1235 736 1366 768 κελεύσας
1388 736 1440 763 ὑπό
1461 745 1521 763 τινα
1541 736 1644 771 πυκνὴν
1660 735 1714 762 τῶν
1733 735 1856 770 δένδρων

1061 783 1148 818 κόμην
1161 782 1205 809 διὰ
1214 782 1263 818 τὴν
1277 782 1366 814 σκιὰν,
1377 783 1438 809 κατ’
1451 783 1529 816 ἀξίαν
1546 781 1660 809 ἕκαστον
1680 780 1856 815 κατακλιθῆ-

1061 837 1105 856 ναι
1118 828 1256 864 ἐποίησεν“
1271 828 1318 855 καὶ
1335 827 1421 860 οὕτως
1435 828 1539 863 τροφῆς
1556 827 1745 863 μετελάϐομεν.
1766 826 1858 852 Εὐλο-

1062 874 1149 909 γήσας
1172 872 1218 900 οὖν
1235 874 1280 900 καὶ
1296 873 1530 908 ἐπευχαριστήσας
1552 872 1590 908 τῷ
1610 871 1669 907 θεῷ
1689 872 1733 898 ἐπὶ
1749 871 1789 906 τῷ
1805 871 1858 897 εῦ-

1061 919 1213 955 φρανθῆναι
1228 919 1299 946 κατὰ
1311 920 1360 956 τὴν
1383 918 1514 954 Ἐϐραίων
1538 917 1637 953 συνήθη
1660 917 1749 944 πίστιν
1765 917 1799 948 “,
1812 915 1857 943 ἔτι

1061 964 1162 1000 πολλῆς
1182 964 1266 1000 οὔσης
1287 965 1362 1001 ὥρας
1378 964 1560 991 πυνθάνεσθαι
1579 964 1652 999 ἡμᾶς
1673 963 1736 999 περὶ
1752 960 1791 990 ὦν
1812 962 1860 989 θέο

1061 1011 1142 1047 λομεν
1159 1011 1316 1047 ἐπέτρεψεν.
1339 1010 1394 1037 Καὶ
1416 1010 1490 1046 ὅμως
1514 1009 1616 1036 εἴκοσιν
1645 1009 1668 1025 ⁸³
1692 1006 1766 1035 οὖσιν
1786 1008 1859 1043 ἡμῖν

1062 1058 1090 1084 ἐν
1107 1057 1184 1093 μέρει
1197 1057 1304 1092 ἑκάστῳ
1315 1056 1458 1092 πυθομένῳ
1471 1055 1610 1083 ἐπέλυσεν.
1619 1055 1688 1091 Ἤδη
1695 1055 1723 1082 δὲ
1733 1054 1857 1090 ἑσπέρας

1062 1101 1313 1137 ἐπικαταλαὸούσης
1331 1101 1371 1132 είς
1389 1100 1436 1127 τὸν
1452 1100 1599 1136 εὐρύτατον
1612 1100 1661 1135 τῆς
1676 1099 1765 1133 ξενίας
1779 1096 1859 1125 οἷκον

1063 1147 1226 1179 εἰσελθόντες
1251 1147 1309 1182 ἃμα
1332 1146 1406 1182 αὐτῷ
1430 1146 1488 1173 ἐκεῖ
1506 1146 1531 1172 οἱ
1557 1145 1657 1176 πάντες
1677 1143 1858 1180 ὑπνώσαμεν.

1356 1238 1485 1269 ὈΜΙΛΙΔ
1501 1238 1553 1264 IA’.

1100 1296 1120 1324 I.
1139 1297 1179 1332 Τῇ
1197 1297 1247 1333 μὲν
1264 1294 1311 1323 οὖν
1337 1295 1455 1331 τετάρτῃ
1478 1295 1506 1322 ἐν
1523 1294 1650 1330 Τριπόλει
1663 1293 1754 1329 ἡμέρᾳ
1769 1293 1784 1320 ό
1800 1291 1858 1319 Πέ-

1064 1351 1127 1380 τρος
1152 1342 1273 1378 ἐγερθεὶς
1286 1342 1332 1368 καὶ
1347 1340 1531 1376 ἐγρηγορότας
1547 1340 1620 1376 ἡμᾶς
1627 1339 1650 1355 ⁸⁸
1663 1338 1858 1374 εὑρὼν,προσ-

1065 1388 1217 1425 αγορεύσας
1251 1387 1322 1423 ἐξῄει
1347 1387 1387 1418 εἰς
1410 1385 1440 1412 τὸ
1471 1385 1632 1421 ὐδροχοεῖον,
1661 1385 1736 1416 ὅπως
1758 1383 1860 1411 λουσά-

1068 1444 1146 1470 μενος
1166 1434 1287 1470 εὖξηται.
1319 1433 1434 1469 Ὁμοίως
1457 1441 1487 1460 τε
1511 1432 1558 1459 καὶ
1592 1432 1672 1467 ἡμεῖς
1700 1429 1859 1462 ἀκολούθως

1066 1482 1242 1517 ἐποιήσαμεν.
1272 1479 1484 1515 Συνευξαμένοις
1507 1476 1554 1505 οὖν
1578 1478 1625 1505 καὶ
1647 1476 1860 1512 προκαθεσθεῖσι

1066 1528 1112 1556 τὸν
1127 1527 1243 1564 περὶτοῦ
1252 1527 1306 1553 δεῖν
1319 1525 1441 1561 ἁγνεύειν
1464 1525 1581 1552 ἐποιεῖτο
1601 1523 1681 1558 230
1697 1522 1785 1556 λόγον.
1800 1521 1860 1548 Καὶ

230 1569 316 1597 misit.
333 1570 380 1602 At,
393 1569 567 1598 multitudine
580 1571 707 1606 ingressa.
723 1575 804 1605 atque
818 1579 868 1606 pro
882 1578 957 1598 more
968 1579 1012 1598 sa-

1069 1574 1160 1610 ἐπειδὴ
1173 1573 1266 1600 λοιπὸν
1282 1572 1372 1608 ἡμέρα
1388 1571 1517 1606 ἐγεγόνει,
1535 1571 1592 1602 τοῖς
1615 1569 1704 1604 δχλοις
1712 1566 1859 1614 γείσελθεῖν

230 1616 329 1648 lutata,
344 1615 427 1650 cepit
435 1615 525 1643 dicere
539 1626 544 1644 ε

268 1702 301 1731 Il.
317 1703 542 1740 Quanquuidem
568 1705 657 1733 multa
671 1705 817 1734 adversum
841 1714 920 1734 vosta
940 1707 1017 1736 vobis

234 1749 354 1785 profecta
373 1750 478 1778 incuria
494 1758 572 1778 mens
591 1751 725 1786 plurimas
738 1756 765 1779 et
777 1751 873 1779 noxias
884 1752 1017 1786 supersti-

233 1795 339 1822 tionum
355 1795 498 1830 opiniones
524 1796 697 1831 germinavit,
720 1801 748 1824 et
767 1796 831 1824 facti
852 1797 917 1824 estis
945 1797 1018 1824 velut

233 1844 308 1868 terra
323 1841 428 1869 deiectu
445 1841 572 1877 agricolae
586 1842 745 1873 silvescens.
762 1842 848 1870 multo
866 1843 899 1870 ad
915 1851 1017 1879 purga-

233 1887 335 1915 tionem
351 1887 478 1923 indigetis
492 1892 624 1923 tempore,
636 1893 667 1916 ut
678 1888 806 1916 traditum
819 1889 896 1917 vobis
913 1897 1018 1917 sermo-

234 1939 296 1958 nem
311 1939 405 1959 verum
427 1936 556 1967 tanquam
581 1933 739 1967 praeclaram
766 1937 914 1961 sementem
941 1941 1019 1962 mens

234 1977 388 2011 suscipiens
402 1977 494 2012 pravis
508 1977 740 2006 sollicitudinibus
757 1986 811 2005 non
827 1979 951 2011 suil‘ocet,
969 1988 1020 2008 nec

235 2023 271 2050 ad
296 2023 435 2051 salutifera
461 2031 544 2059 opera
571 2024 666 2052 reddat
696 2024 907 2052 infructuosum.
929 2025 1020 2058 Quare

236 2072 355 2104 oportet,
371 2073 402 2096 ut
413 2069 459 2104 qui
473 2069 569 2096 salutis
582 2077 639 2097 sua:
659 2077 752 2096 curam
779 2071 941 2105 suscipiunt,
966 2071 1022 2098 fre-

235 2114 415 2149 quentissime
431 2114 544 2141 audiant
555 2122 609 2149 quo
622 2119 733 2149 peccata
756 2122 788 2142 ex
800 2116 885 2143 multo
902 2121 1021 2151 tempore

237 2166 317 2189 aucta
332 2160 406 2188 brevi
419 2160 491 2195 quod
508 2165 592 2187 restat
605 2164 726 2195 tempore
743 2168 792 2195 per
806 2162 964 2193 continuam
979 2162 1020 2190 di-

235 2207 375 2242 ligentiam
392 2206 426 2234 ad
440 2206 621 2241 expiationem
632 2207 737 2241 possint
752 2207 856 2234 referri.
875 2207 942 2235 Cum
956 2216 1021 2243 ergo

1068 1619 1224 1656 ἐπέτρεψεν.
1236 1619 1407 1650 Εἰσελθόντος
1421 1617 1449 1643 δέ
1464 1616 1512 1643 τοῦ
1531 1616 1609 1651 ὄχλου
1628 1613 1725 1641 πολλσῦ
1741 1613 1774 1645 ⁸⁵,
1791 1621 1857 1639 ουν-

1067 1666 1141 1702 ήθως
1152 1664 1374 1701 προσαγορεύσας
1389 1663 1479 1698 λέγειν
1495 1661 1605 1697 ἤρξατοι

1103 1711 1136 1738 ΙΙ.
1161 1711 1269 1747 Ἐπειδὴ
1287 1710 1369 1745 πολλῇ
1387 1710 1420 1744 τῇ
1445 1707 1506 1735 καθ’
1527 1707 1603 1742 ὑμῶν
1623 1706 1667 1740 ὑφ’
1684 1703 1760 1740 ὑμῶν
1776 1711 1856 1738 γενο-

1071 1758 1139 1795 μένῃ
1155 1756 1362 1793 ἀμελείᾳὸνοῦς
1377 1755 1427 1787 τὰς
1450 1753 1550 1785 πολλὰς
1576 1752 1623 1779 καὶ
1650 1749 1785 1786 βλαϐερὰς
1800 1748 1860 1775 τῶν

1070 1804 1221 1840 θρησκειῶν
1241 1802 1367 1834 ὑπονοίας
1394 1800 1532 1835 ἐξέφυσεν,
1559 1799 1606 1826 καὶ
1621 1797 1749 1833 γεγόνατε

1069 1838 1104 1885 γῆ
1116 1838 1144 1865 V"
1160 1848 1261 1883 ἀπορίᾳ
1275 1845 1397 1883 γεωργοῦ
1414 1843 1594 1880 χερσεύσασα,
1613 1840 1711 1868 πολλοῦ
1726 1839 1796 1875 πρὸς
1811 1838 1862 1865 κάο

1070 1895 1165 1930 θαρσιν
1181 1892 1268 1920 δεῖσθε
1289 1892 1395 1927 χρόνου,
1417 1890 1460 1916 ῖνα
1475 1889 1520 1916 τὸν
1538 1886 1743 1924 μεταδιὸὸμενον
1756 1885 1779 1900 ⁵⁷
1792 1885 1861 1930 ὑμῖν

1071 1929 1149 1974 λόγον
1172 1939 1258 1974 ἀληθῆ
1282 1937 1374 1972 ὥσπερ
1393 1935 1475 1963 καλὸν
1493 1934 1591 1969 σπόρον
1606 1933 1620 1959 ό
1637 1931 1699 1963 νοῦς
1715 1930 1805 1957 λαϐὼν
1820 1929 1861 1965 μὴ

1071 1986 1170 2017 κακαῖς
1194 1983 1316 2020 φροντίσι
1342 1980 1494 2017 συμπνίξας
1518 1979 1639 2014 ἄκαρπον
1663 1976 1823 2011 καταστήσῃ
1837 1974 1862 1990 ⁸⁵

1071 2031 1140 2068 πρὸς
1161 2030 1196 2056 τὰ
1223 2029 1318 2061 σώζειν
1343 2027 1478 2062 δυνάμενα
1493 2026 1571 2062 ἔργα.
1589 2024 1634 2050 Διὺ
1650 2023 1703 2059 χρὴ
1725 2022 1790 2068 τούς
1808 2030 1861 2047 πε-

1071 2066 1248 2112 φροντικότας
1284 2074 1334 2109 τῆς
1368 2071 1472 2099 ἐαυτῶν
1506 2068 1641 2105 σωτηρίας
1667 2066 1862 2102 συνεχέστερον

1071 2121 1226 2152 ἐπακούειν,
1252 2120 1326 2151 ὅπως
1348 2118 1382 2144 τὰ
1399 2117 1422 2132 ⁵⁸
1438 2117 1470 2143 ἐκ
1494 2115 1605 2151 μακρῶν
1631 2114 1732 2149 χρόνων
1756 2112 1863 2147 ἁτοπή-

1074 2176 1146 2203 ματα
1168 2165 1352 2201 πληθυνθέντα
1375 2161 1521 2199 βραχεῖτῴ
1542 2158 1758 2196 περιλειπομένῳ
1771 2157 1864 2203 χρόνῳ

1073 2200 1179 2247 συνεχεῖ
1193 2200 1295 2245 σπουδῇ
1314 2209 1382 2245 πρὸς
1403 2207 1535 2244 κάθαρσιν
1559 2204 1723 2239 ἀναλογῆσαι
1746 2200 1862 2237 δυνηθῇ.

236 2252 385 2287 unicuique
396 2252 516 2280 incertus
532 2253 567 2280 sit
578 2260 634 2280 sua:
656 2253 718 2280 vita:
735 2254 877 2286 terminus,
895 2253 1020 2282 festinate

1080 2257 1188 2292 Ἐπειδὴ
1205 2256 1228 2272 ⁵⁸
1243 2253 1290 2282 οὖν
1303 2254 1417 2285 ἕκαστος
1431 2252 1526 2288 ἄδηλον
1543 2251 1598 2286 Εχει
1615 2249 1662 2276 τοῦ
1680 2249 1746 2276 ἰδίου
1762 2248 1863 2284 χρόνου

237 2298 339 2326 multas
354 2306 370 2325 e
389 2299 519 2326 cordibus
542 2299 641 2326 vestris
667 2299 809 2327 extrahere
837 2301 940 2334 spinas,
967 2307 1020 2327 non

237 2351 303 2372 vero
317 2343 459 2379 paulatim,
475 2352 563 2379 neque
574 2345 645 2372 enim
660 2345 800 2380 repurgari
812 2346 947 2380 poteritis,
957 2346 1021 2381 quia

235 2390 304 2418 estis
319 2397 383 2425 ager
395 2390 481 2425 spinis
496 2390 619 2418 horrens.

273 2435 317 2463 lli.
338 2435 398 2463 Non
414 2435 494 2462 aliter
519 2443 582 2462 vero
603 2436 718 2464 multum
744 2436 865 2465 studium
883 2437 1022 2472 suscipere

236 2484 275 2512 ad
299 2484 487 2519 purgationem
513 2488 631 2511 vestram
656 2484 839 2517 sustinebitis,
862 2484 916 2512 nisi
944 2484 1024 2511 vobis

237 2531 304 2559 irati
317 2530 463 2565 increpetis
477 2537 525 2557 vos
539 2529 574 2557 ob
588 2538 621 2557 ea
641 2530 669 2557 in
688 2530 797 2565 quibus,
813 2531 887 2558 velut
910 2530 1022 2557 inutiles

237 2576 321 2609 servi,
335 2576 443 2604 insidiis
466 2576 542 2611 petiti
561 2576 627 2603 estis
637 2581 664 2603 et
678 2576 759 2604 malis
774 2576 873 2604 vestris
889 2576 1022 2611 cupidita-

239 2628 311 2656 tibus
333 2627 524 2660 consensistis,
541 2631 568 2653 at
580 2627 683 2661 justam
714 2627 885 2654 iracundiam
900 2627 927 2653 in
944 2634 1022 2654 men-

1075 2304 1105 2330 τὺ
1119 2303 1205 2335 τέλος,
1231 2301 1365 2328 σπεύσατε
1380 2299 1430 2331 τὰς
1453 2296 1554 2328 πολλὰς
1579 2295 1634 2322 τῶν
1649 2293 1767 2330 καρδιῶν
1783 2293 1864 2328 ὑμῶν

1074 2349 1173 2382 ἐξελεῖν
1197 2348 1334 2378 ἀκάνθαςσ
1362 2346 1399 2382 μὴ
1424 2345 1483 2371 κατ’
1500 2343 1603 2377 ὀλίγον·
1621 2341 1652 2367 οὐ
1672 2340 1726 2376 γὰρ
1749 2339 1865 2374 δυνήσε-

1076 2395 1123 2422 σθε
1138 2394 1316 2431 καθαρθῆναι,
1333 2393 1378 2418 ἐπὶ
1394 2390 1460 2417 πολὺ
1476 2389 1529 2425 γὰρ
1545 2386 1732 2423 ὲχερσεύσατε.

1110 2441 1153 2469 lli.
1174 2429 1230 2467 oo'x
1247 2439 1333 2470 ἄλλως
1348 2438 1376 2464 δὲ
1394 2437 1425 2463 τὸ
1439 2435 1506 2462 πολὺ
1527 2434 1577 2470 τῆς
1594 2431 1712 2466 σπουδῆς
1728 2430 1798 2466 πρὸς
1813 2429 1865 2456 κά-

1074 2489 1170 2524 θαρσιν
1186 2487 1262 2522 ὑμῶν
1287 2483 1464 2517 ἀναδέξασθαι
1487 2480 1646 2517 ὑπομενεῖτε
1655 2478 1693 2524 _",
1709 2477 1812 2524 ἐὰνμὴ
1828 2485 1864 2524 γε

1074 2521 1165 2566 αὐτοῖς
1185 2521 1354 2568 ὀργισθέντες
1380 2528 1546 2564 ἐπιπλήξητε
1570 2525 1633 2562 περὶ
1651 2521 1688 2551 ὧν
1704 2523 1742 2555 ὡς
1756 2523 1865 2568 ἀχρεῖοι

1073 2580 1161 2607 δοῦλοι
1176 2567 1393 2614 ⁵¹γένηδρεύθητε
1418 2574 1575 2610 συνθέμενοι
1594 2572 1654 2602 ταῖς
1669 2569 1768 2600 κακαῖς
1785 2567 1864 2614 ὑμῶν

1075 2626 1242 2662 ἐπιθυμίαις,
1271 2613 1316 2651 ἵνα
1337 2624 1387 2659 τὴν
1408 2622 1515 2649 δικαίαν
1527 2619 1550 2635 ⁵⁸
1569 2616 1645 2654 ὑμῶν
1666 2615 1750 2652 ὀργὴν
1768 2614 1809 2650 τῷ
1825 2613 1863 2649 νῷ

873 2683 990 2711 νΑῐὶιᾸῦ
1008 2681 1209 2711 LECTIONES.

274 2734 297 2773 τ’
307 2733 460 2773 δειλὲγερειξ
477 2733 511 2773 0.-
537 2731 660 2773 :‘lmiq
680 2739 704 2759 ο·
724 2731 764 2773 ξ’
779 2731 909 2773 timet?
921 2730 952 2773 0.:

239 2769 312 2804 ἐξῄει
325 2768 360 2800 8,
367 2765 398 2795 0.
412 2769 478 2801 ἐξίει
491 2767 523 2794 C.
537 2766 604 2794 Dein
625 2767 776 2802 ύδροχοεῖον
794 2765 834 2799 δ’,
846 2765 983 2801 ὖδροχὸῖον
995 2765 1038 2805 C_,
1057 2766 1209 2801 ὑδρηχοεῖον
1222 2765 1253 2791 0.
1297 2765 1365 2789 “Ita
1376 2765 1396 2788 0
1412 2782 1419 2792 ,
1437 2765 1470 2803 et
1474 2767 1507 2786 ex
1521 2766 1577 2792 con;

239 2805 306 2829 ⁸⁸νῆ
324 2803 366 2829 Cl.
383 2811 389 2829 :
405 2807 479 2829 errat
505 2802 525 2829 S
560 2802 594 2829 de
617 2801 734 2829 lectione
759 2801 800 2829 Ci.
843 2802 864 2817 ⁸⁷
874 2801 901 2828 1η
923 2802 944 2828 0
985 2808 1061 2829 unus
1089 2805 1147 2828 erat
1166 2799 1301 2829 διδόμενον
1317 2806 1344 2829 p.
1363 2794 1577 2829 μεταδιοόμενον.

240 2805 366 2843 "moi.
383 2811 389 2829 :
405 2807 479 2831 errat
505 2805 525 2829 S
560 2805 594 2829 de
617 2805 734 2830 lectione
759 2805 800 2829 Ui.
843 2805 863 2817 ’⁷
874 2805 901 2828 In
923 2805 944 2828 0
984 2808 1061 2835 prius
1089 2805 1147 2828 erat
1166 2805 1344 2861 eteorvev'p.
1363 2805 1382 2832 μ

240 2839 264 2854 δ’
276 2847 312 2865 τα
326 2846 381 2865 om.
401 2839 433 2865 0.
479 2838 501 2853 ⁸ο
510 2837 571 2864 ἐπεί
586 2836 618 2864 C.
654 2836 729 2866 "Ita
742 2841 770 2865 et
784 2837 803 2864 S
830 2836 881 2871 leg.
901 2840 1010 2868 censet,
1039 2843 1195 2871 quanquam
1235 2835 1291 2871 edit
1307 2841 1382 2871 υπομ

239 2801 366 2843 ξξγῇᾭὶ.
383 2802 525 2843 ξεῖναι-,ξ
560 2801 734 2843 ᾀεηιοᾳξρηθ

241 2881 321 2901 sensu
348 2873 410 2899 add.
441 2881 465 2901 c.
495 2875 526 2899 0.
541 2872 584 2908 _"
596 2871 696 2899 κακίαν
722 2874 752 2900 0.
774 2870 908 2906 Deinceps
924 2871 1015 2907 ξόργήν
1032 2870 1094 2898 add.

241 2908 361 2943 deuouet,
373 2907 409 2936 S..

989 2731 1012 2746 ⁸³
1020 2731 1109 2757 πίστιν
1121 2737 1177 2756 om.
1192 2731 1224 2755 0.
1239 2729 1261 2744 "
1273 2728 1359 2754 εἴκοσι
1373 2725 1404 2753 C.
1437 2724 1541 2759 ιδήμᾶς
1555 2721 1586 2759 S,
1598 2721 1618 2747 0
1633 2740 1639 2751 ι
1653 2718 1725 2759 ἐμᾶς
1789 2717 1862 2759 Turn

1297 2753 1365 2789 “ita
1376 2763 1396 2788 0
1412 2782 1419 2792 ,
1437 2764 1464 2787 et
1474 2753 1507 2786 é'x
1521 2753 1636 2792 conject.
1652 2753 1680 2781 D.
1700 2753 1818 2785 πολλούς
1828 2753 1860 2781 c.

1297 2808 1301 2822 ι
1317 2806 1344 2824 n.
1363 2794 1577 2824 μεταδιδόμενον.
1617 2791 1640 2806 ⁸⁸
1650 2789 1816 2824 καταστήσει
1827 2788 1860 2817 (Σ,

1235 2823 1296 2862 edit
1307 2823 1456 2866 ῡττέοὶιένετε
1473 2823 1498 2856 c'.
1512 2828 1543 2855 c.
1584 2827 1607 2842 σε
1619 2824 1705 2866 δοῇλοι
1718 2823 1859 2866 ίιειςίωηιε

1347 2859 1388 2895 Ci.
1413 2866 1482 2894 Tum
1515 2859 1704 2902 xegseusot'aon
1723 2859 1744 2887 C
1760 2879 1768 2892 ,
1794 2867 1863 2900 χερς
