1932 3100
293 152 344 180 287

709 152 738 180 S.
758 151 952 181 CLEMENTIS
969 152 979 180 l
995 151 1058 181 ROll

1110 151 1202 180 PONT.
1220 152 1335 180 OPERA
1349 153 1463 182 DUBLA.
1861 154 1907 183 288

292 208 393 243 injuste
415 209 513 237 ablatis
536 208 650 244 expleti.
667 209 745 244 Apud
762 214 875 237 vocatos
890 214 981 237 autem
1005 210 1056 238 deo

1122 217 1165 235 νον
1193 210 1363 246 κορεσθῆναι.
1388 211 1467 247 Παρὰ
1490 211 1520 238 δὲ
1541 213 1596 243 τοῖς
1613 210 1770 246 λεγομένοις
1786 211 1858 244 θεοῖς
1875 212 1906 240 τὰ

290 254 430 282 contraria
442 259 618 290 peraguntur.
629 255 662 282 Et
675 256 806 283 nomiulla
823 256 850 283 in
865 255 1073 283 admirationem

290 300 402 335 iustitiae
426 300 610 335 denuntiatis,
625 310 687 337 quae
699 303 762 330 licet
777 303 867 330 omnia
882 306 1012 337 praecepta
1026 310 1074 329 ex-

290 346 483 380 sequeremini,
499 355 553 374 una
568 347 615 374 Dei
637 348 774 383 ignoratio
789 348 887 376 suﬂicit
901 348 935 375 ad
952 349 1072 383 punitio-

289 401 351 421 nem
367 399 496 422 vestram.
524 396 658 423 Caeterum
677 398 868 425 convenientes
883 398 916 425 ad
937 398 997 426 loca
1011 406 1073 433 qua:

288 445 337 465 vos
353 438 386 465 iis
401 439 557 473 assignatis,
573 441 700 469 alacriter
712 442 894 477 inebriamini,
908 448 935 471 et
949 451 1010 472 aras
1024 452 1070 471 ae-

288 483 403 511 cenditis
416 505 424 517 ,
447 493 563 520 quarum
590 487 670 514 nidor
686 493 799 522 vagatus
816 496 903 518 caecos
919 490 1071 525 surdosquc

287 529 400 563 spiritus
419 530 445 557 vi
469 539 518 558 sua
543 532 577 559 ad
602 533 734 561 odoratus
757 534 847 562 locum
862 535 947 563 ducit.
971 535 1070 571 Sicque

286 573 324 601 ibi
342 575 388 602 alii
411 575 537 604 fanaticis
551 577 691 611 furoribus
703 600 710 612 ,
725 580 770 607 alii
794 581 921 608 absurdis
936 581 1004 609 cibis
1024 590 1068 609 re-

285 620 405 654 plentur,
418 622 451 649 ad
464 623 604 651 libidinem
621 630 766 652 vertuntur
778 626 835 659 alii,
848 626 882 654 ad
898 627 969 655 furta
985 628 1030 654 alii
1042 632 1068 656 et

285 666 430 694 adulteria.
450 667 518 694 Nam
545 667 599 696 fusi
617 669 672 697 illic
697 671 837 705 sanguinis
860 679 943 706 vapor
963 677 990 699 ct
1011 672 1067 699 vini

285 710 380 739 libatio
392 712 473 740 etiam
492 715 574 742 satiat
587 715 708 750 impuros
723 716 846 750 spiritus,
859 717 906 752 qui
927 718 997 745 intra
1017 726 1067 746 vos

283 759 412 786 occultati
439 761 531 788 omnia
558 762 615 789 haec
637 762 753 790 reddunt
781 764 893 798 suavia,
917 770 998 801 atque
1020 774 1067 800 per

283 804 388 830 somnia
402 812 450 832 vos
468 804 544 833 falsis
565 807 678 842 spectris
700 807 844 841 irretiunt,
860 809 1066 845 innumerisque

282 849 504 883 perpessionibus
519 852 646 886 puniunt.
663 853 729 881 Nam
747 855 891 883 occasione
913 863 1063 890 sacrarum,

282 896 312 919 ut
325 898 434 928 vocant,
453 895 604 923 hostiarum
628 899 722 932 repleti
747 899 814 926 estis
831 900 994 928 truculentis
1009 901 1064 928 dae-

280 938 407 967 monibus
419 960 426 972 ,
444 941 491 974 qui
505 946 584 970 caute
599 951 648 971 vos
664 943 767 972 inscios
783 945 939 980 perimunt,
964 950 994 973 ut
1009 954 1063 973 non

279 985 404 1013 sentiatis
422 985 511 1014 factas
530 988 654 1016 insidias.
671 989 804 1017 Prmtextu
819 991 954 1025 siquidem
971 992 1064 1026 cujus-

278 1030 351 1064 piam
371 1031 479 1066 injuriae
492 1034 533 1061 vel
550 1035 731 1068 calamitatis,
749 1038 850 1065 amoris
861 1059 868 1069 ,
886 1037 943 1071 im,
959 1039 1064 1066 mmsti—

278 1075 333 1107 tize,
349 1081 396 1104 aut
408 1077 505 1112 laqueo
518 1084 566 1106 aut
582 1087 652 1115 aqua
665 1081 809 1115 suﬂ‘ocant,
823 1089 838 1109 e
855 1083 915 1110 loco
927 1083 1061 1118 pt'mcipiti

277 1121 427 1156 dejiciunt,
445 1124 593 1152 homicidio
608 1126 670 1158 sui,
686 1131 732 1154 aut
756 1128 918 1163 apoplexia,
944 1134 991 1156 aut
1008 1129 1062 1156 alio

276 1168 373 1196 morbo
387 1176 402 1196 e
416 1170 470 1198 vita
482 1176 584 1206 cogunt
598 1172 729 1208 migrare.

311 1298 380 1327 XVI.
411 1300 449 1328 Ex
469 1303 551 1331 nobis
576 1308 667 1331 autem
689 1305 781 1333 nullus
806 1306 859 1333 tale
881 1307 945 1341 quid
971 1312 1059 1342 potest

275 1345 329 1380 pati
343 1367 349 1378 ,
367 1346 414 1373 sed
441 1355 456 1374 a
481 1348 560 1376 nobis
584 1349 724 1378 d:emones
739 1355 915 1386 torquentur,
932 1354 1057 1387 quando-

274 1391 385 1425 quidem
401 1391 427 1418 in
439 1393 558 1428 aliquem
575 1394 703 1429 ingressi,
715 1400 744 1423 ut
757 1396 861 1424 tardius
873 1398 1056 1432 egrediantur,

274 1441 372 1471 rogant
396 1445 455 1465 nos.
474 1438 525 1466 Sed
540 1439 610 1467 dicet
624 1440 723 1475 aliquis
737 1451 743 1468 :
760 1441 788 1468 ln
804 1443 853 1469 has
869 1444 1058 1477 perpessiones

273 1483 397 1511 incidunt
419 1484 554 1512 interdum
568 1487 649 1514 etiam
668 1488 783 1522 quidam
801 1487 846 1515 Dei
861 1489 989 1517 cultores.
1006 1491 1057 1518 Aio

271 1528 299 1555 id
316 1528 374 1556 ﬁeri
391 1538 445 1557 non
460 1539 551 1565 posse.
568 1531 615 1559 ille
628 1533 711 1565 enim,
726 1534 759 1567 de
774 1541 829 1569 quo
842 1534 951 1570 loquor,
968 1537 1057 1563 cultor

273 1574 320 1602 Dei
336 1581 377 1603 est
391 1597 398 1609 ,
421 1577 467 1612 qui
483 1586 547 1606 vere
562 1583 603 1606 est
617 1579 663 1606 Dei
678 1580 777 1614 cultor,
796 1589 849 1608 non
865 1582 910 1616 qui
924 1583 1056 1611 duntaxat

272 1620 384 1649 dicitur.
407 1622 459 1656 Qui
475 1628 565 1651 autem
580 1632 641 1652 vere
654 1629 705 1659 est,
722 1627 830 1654 tradita:
845 1627 896 1655 sibi
913 1628 981 1663 legis
994 1636 1055 1664 per-

270 1665 327 1693 ﬁcit
347 1674 439 1701 opera.
468 1668 497 1695 Si
522 1669 584 1704 quis
610 1669 691 1704 impie
714 1671 816 1705 egerit,
839 1672 900 1706 pius
927 1681 980 1700 non
1001 1679 1052 1701 est.

270 1710 505 1744 Quemadmodum
523 1715 546 1742 si
564 1715 714 1750 alienigena
731 1716 816 1750 legem
832 1722 932 1750 servet,
943 1718 1053 1748 Judmus

269 1762 310 1785 est
322 1767 329 1791 ;
345 1759 391 1794 qui
404 1767 466 1787 vero
481 1768 534 1787 non
548 1766 647 1795 servat,
659 1767 701 1790 est
713 1763 830 1797 gentilis.
843 1763 954 1792 Iudaeus
968 1766 1052 1797 enim.

269 1802 324 1831 Deo
339 1805 463 1837 credens,
480 1806 566 1841 legem
584 1807 692 1843 implet,
709 1816 757 1843 per
772 1817 854 1844 quam
873 1810 952 1838 [idem
970 1812 1052 1839 etiam

268 1849 318 1878 alia
345 1851 414 1879 mala
440 1853 578 1881 montibus
597 1854 698 1882 similia
719 1859 746 1882 et
767 1856 930 1890 gravissima
958 1861 1051 1885 trans-

268 1894 322 1923 fert
344 1903 369 1924 α.
393 1897 445 1930 Qui
469 1906 534 1925 vero
555 1907 611 1927 non
638 1896 800 1936 Exseqnitur
828 1902 930 1936 legem,
946 1903 1051 1931 clarum

266 1945 323 1974 est,
348 1944 421 1977 quod
447 1953 501 1972 non
522 1946 658 1974 credendo
685 1949 711 1974 in
732 1947 816 1976 Deum
843 1949 872 1976 ﬁt
898 1950 1049 1985 transfuga.

266 1987 381 2023 ideoque
397 1995 522 2024 peccator
541 1992 614 2019 velut
632 2001 804 2028 nequaquam
820 1994 928 2023 Judaeus
943 2002 1052 2031 propter

266 2038 407 2066 peccatum
431 2043 446 2062 a
470 2037 672 2065 calamitatibus
694 2039 847 2074 subigitur,
862 2049 922 2076 qua:
945 2042 978 2068 ad
998 2051 1050 2077 pu—

266 2077 380 2106 niendos
403 2085 559 2114 peccatores
582 2084 739 2112 constitutae
761 2090 836 2113 sunt.
853 2085 919 2114 Nam
934 2089 1049 2116 consilio

267 2122 330 2155 Dei,
348 2126 420 2159 quod
443 2127 478 2154 ab
501 2128 580 2156 initio
599 2130 734 2157 sancitum
752 2130 817 2163 fuit,
843 2132 915 2160 illius
930 2134 1049 2162 cultores

263 2169 336 2203 juste
347 2176 457 2206 propter
468 2173 564 2201 delicta
573 2182 652 2209 ptena
666 2177 851 2211 consequitur.
864 2177 941 2211 Quod
955 2181 993 2212 tit,
1006 2184 1046 2214 ut,

265 2219 407 2250 postquam
423 2225 503 2252 ptena
525 2219 558 2246 de
572 2226 684 2254 peccato
699 2222 773 2250 velut
787 2223 877 2251 debito
901 2233 948 2258 per
963 2233 1045 2253 vexa—
1063 2232 1083 2258 ι)

264 2261 364 2288 tionem
389 2265 521 2292 rationem
539 2267 692 2301 repetierit,
708 2276 854 2298 conversos
870 2271 994 2300 homines
1018 2273 1045 2300 in

263 2312 423 2336 cunctorum
444 2311 548 2345 judicio
564 2320 647 2348 puros
673 2321 858 2349 repraesentet.
875 2316 952 2344 Sicut
971 2319 1044 2345 enim

263 2353 394 2388 improbis
409 2364 554 2390 pra-sentes
576 2359 678 2387 deliciae
692 2361 719 2388 in
744 2361 874 2390 damnant
890 2363 1042 2392 futurorum

262 2399 396 2428 honorum
412 2404 524 2436 cedunt,
548 2405 584 2433 ita
609 2407 741 2441 supplicia
758 2407 841 2443 lapsis
860 2409 886 2436 in
903 2415 1043 2444 peccatum

261 2445 363 2475 Iudaeis
383 2450 529 2477 mittuntur
553 2452 586 2479 ad
601 2452 789 2486 exactionem,
817 2460 846 2481 ut
869 2460 976 2490 recepta
1000 2457 1044 2484 hic

260 2491 352 2520 delicti
368 2502 447 2529 pwna
470 2504 485 2523 a
502 2497 593 2526 futura
616 2499 672 2527 illic
687 2504 789 2528 aeterna
812 2501 988 2530 damnatione
1011 2502 1043 2529 li—

259 2539 397 2569 herentur.

295 2605 309 2620 ·
324 2600 419 2629 Matth.
434 2610 499 2634 xvn,
517 2604 560 2632 l9.

1123 255 1231 282 ὲναντία
1241 256 1353 290 γίνεται.
1364 257 1418 284 Καὶ
1428 257 1486 285 ἔνια
1500 259 1539 290 εἰς
1554 258 1721 294 κατάπληξιν
1735 258 1906 294 δικαιοσύνης

1123 302 1322 338 παραγγέλλετε
1333 303 1364 335 “,
1379 303 1452 339 ἅπερ
1466 305 1490 331 εί
1505 305 1552 332 καὶ
1565 304 1654 331 πάντα
1667 306 1768 331 ποιεῖτε
1789 305 1825 332 τὰ
1841 313 1907 341 παρ-

1121 348 1290 383 αγγέλματα,
1312 350 1360 384 μία
1375 351 1390 385 ή
1406 349 1474 386 πρὸς
1487 350 1552 377 Θεὸν
1566 350 1661 385 ἄγνοια
1677 351 1756 387 ἱκανὴ
1780 351 1905 386 τυγχάνει

1122 395 1190 430 πρὸς
1211 395 1261 431 τὴν
1282 395 1343 423 καθ’
1360 396 1435 432 ὑμῶν
1452 397 1595 432 τιμωρίαν.
1623 398 1696 432 Πλὴν
1716 398 1906 433 συνερχόμενοι

1121 441 1160 472 είς
1172 441 1236 473 τοὺς
1255 442 1299 476 ὑφ’
1315 442 1391 477 ὑμῶν
1404 443 1496 474 αὐτοῖς
1506 443 1632 475 δοθέντας
1644 443 1744 475 τόπους
1757 443 1846 479 ἡδέως
1861 452 1906 478 με-

1121 486 1251 514 θύσκεσθε
1262 488 1308 515 καὶ
1324 488 1433 524 βωμοὺς
1448 490 1593 522 ἀνάπτετε,
1609 486 1646 517 ὧν
1659 491 1675 526 ὴ
1691 489 1790 517 κνίσσα
1805 489 1905 526 ῥεμϐο-

1121 533 1188 569 μένη
1211 534 1258 561 καὶ
1280 535 1314 561 τὰ
1340 535 1427 569 τυφλὰ
1452 536 1499 563 καὶ
1520 536 1601 571 κωφὰ
1622 536 1764 571 πνεύματα
1789 536 1834 563 διά
1857 537 1906 571 τῆς

1119 579 1241 613 ἐξουσίας
1255 581 1315 615 ἄγει
1329 583 1370 613 εις
1386 582 1433 609 τὸν
1451 583 1501 618 τῆς
1522 583 1680 619 ὀσφρήσεως
1702 583 1791 610 αὐτῶν
1810 583 1903 610 τόπον.

1118 625 1172 652 Καὶ
1188 626 1274 658 οὕτως
1291 627 1345 654 τῶν
1367 628 1424 654 ἐκεῖ
1443 629 1468 654 οἱ
1491 629 1540 664 μὲν
1559 628 1802 664 ὲνθουσιασμῶν¹⁵,
1829 629 1854 654 οἱ
1876 629 1904 655 δὲ

1118 671 1229 706 βρωτῶν
1247 672 1397 700 ἀλλοκότων
1410 674 1627 710 ἐμπίμπλανται,
1642 675 1666 700 ol
1680 675 1708 701 δὲ
1721 675 1767 701 ἐπὶ
1778 675 1808 701 τὸ
1824 674 1902 700 ἀσελ-

1117 718 1219 751 γαίνειν
1233 719 1376 754 τρέπονται
1389 739 1396 751 ,
1419 721 1444 746 οἱ
1458 720 1487 747 δὲ
1506 720 1551 746 ἐπὶ
1564 719 1666 752 κλοπὰς
1683 721 1729 747 καὶ
1744 720 1853 755 φόνους.
1871 721 1902 747 ’Π

1116 763 1169 799 γὰρ
1184 764 1230 790 τοῦ
1248 766 1306 791 ἐκεῖ
1320 766 1435 800 αἵματος
1457 766 1636 801 ἀναθυμίασις
1652 767 1698 793 καὶ
1713 768 1730 802 ή
1746 766 1802 793 τῶν
1822 767 1901 793 οῐνων

1118 810 1216 846 σπονδὴ
1231 812 1278 837 κα)⁸
1293 811 1362 838 αὐτὰ
1374 811 1396 826 ¹⁶
1412 813 1487 847 κορεῖ
1500 812 1534 838 τὰ
1548 812 1691 848 ἀκάθαρτα
1713 812 1868 847 πνεύματα,
1884 813 1901 840 ἆ

1115 865 1176 883 τινα
1199 856 1426 892 ἐνδομυχοῦντα¹⁷
1449 858 1489 889 είς
1513 858 1584 893 ὑμᾶς
1605 858 1751 894 φιληδόνως
1776 858 1850 894 ἔχειν
1867 859 1900 886 τὰ

1115 902 1173 928 ἐκεῖ
1187 901 1308 929 ποιοῦσιν
1321 922 1327 934 ,
1342 904 1388 929 καὶ
1401 903 1435 930 δι’
1451 903 1560 939 ὀνείρων
1575 904 1646 939 ὑμᾶς
1661 905 1821 938 φαντασίαις
1834 904 1898 940 ψευ-

1114 947 1169 974 δέσι
1187 949 1402 985 περιϐάλλουσιν,
1418 950 1465 976 καὶ
1487 950 1594 986 μυρίοις
1609 950 1751 986 παθήμασι
1764 951 1899 986 τιμωροῦ-

1115 1003 1166 1021 σιν.
1189 996 1325 1030 Προφάσει
1342 995 1396 1032 γὰρ
1413 996 1467 1023 τῶν
1487 996 1638 1032 λεγομένων
1660 996 1805 1032 ἱεροθύτων
1818 997 1897 1032 χαλε-

1114 1040 1172 1067 πῶν
1185 1041 1317 1077 δαιμόνων
1336 1037 1507 1077 ἐμπίπλασθε
1519 1062 1526 1074 ,
1554 1043 1579 1069 οἶ
1598 1043 1645 1069 καὶ
1665 1043 1804 1078 φρονίμως
1827 1044 1898 1078 ὑμᾶς

1113 1086 1286 1120 λανθάνοντες
1308 1088 1483 1124 ἀναιροῦσιν,
1499 1089 1542 1115 ἵνα
1563 1089 1600 1125 μὴ
1623 1089 1720 1125 συνῆτε
1743 1089 1822 1125 ὑμῶν
1848 1091 1896 1126 τὴν

1112 1133 1264 1169 ἐπιῦουλήν.
1281 1134 1420 1170 Προφάσει
1436 1134 1489 1170 γάρ
1498 1143 1570 1166 τινος
1589 1135 1719 1170 ἐπηρείας
1732 1135 1749 1171 ἢ
1765 1135 1866 1171 ἔρωτος
1879 1136 1895 1171 ἦ

1112 1179 1195 1215 ὀργῆς
1213 1180 1229 1216 ἢ
1246 1180 1332 1216 λύπης
1354 1181 1370 1216 ἢ
1393 1181 1492 1217 ἀγχόνῃ
1516 1182 1532 1217 ἢ
1553 1181 1628 1208 ὕδατι
1646 1182 1789 1215 πνίξαντες
1806 1183 1823 1218 ἦ
1844 1182 1897 1208 ἀπὸ

1111 1225 1234 1261 κρημνοῦ
1251 1226 1377 1262 ῥίψαντες
1391 1227 1406 1263 ἢ
1419 1227 1574 1264 αὐτοχειρίᾳ
1585 1227 1601 1263 ἢ
1616 1228 1770 1264 ἀποπληξίᾳ
1783 1228 1800 1264 ἢ
1811 1228 1895 1263 ἑτέρῳ

1110 1271 1162 1298 τινὶ
1177 1271 1257 1299 πάθει
1267 1273 1313 1299 τοῦ
1330 1273 1378 1308 ζῇν
1397 1273 1561 1309 μεθιστᾶσιν.

1145 1316 1214 1345 XVI.
1235 1318 1266 1345 Ἦ
1270 1318 1327 1354 μῶν
1341 1319 1369 1345 δὲ
1383 1319 1471 1352 οὐδεὶς
1484 1320 1603 1347 τοιοῦτόν
1619 1328 1644 1347 τι
1664 1320 1758 1346 παθεῖν
1771 1319 1891 1350 δύναται,

1110 1363 1167 1390 ἀλλ’
1181 1364 1258 1390 αὐτοὶ
1273 1365 1316 1399 ὑφ’
1326 1366 1342 1400 ἡ
1348 1365 1405 1400 μῶν
1418 1365 1584 1398 κολάζονται,
1599 1366 1698 1393 ὁπόταν
1713 1367 1752 1398 εἷς
1765 1374 1826 1392 τινα
1840 1367 1893 1392 εἰσ-

1112 1410 1195 1441 ιόντες
1211 1409 1329 1446 βραδέως
1349 1411 1447 1443 ἐξιέναι
1465 1413 1539 1447 ἡμᾶς
1565 1411 1758 1447 παρακαλῶσιν
1766 1412 1797 1438 ¹⁸.
1812 1411 1889 1448 24],

1116 1455 1184 1482 Ἀλλ’
1200 1457 1256 1492 ἐρεῖ
1268 1465 1323 1489 τις·
1341 1458 1420 1489 Ἴσως
1433 1458 1563 1490 τοιούτοις
1573 1458 1688 1485 πάθεσιν
1699 1459 1746 1484 καὶ
1760 1458 1892 1485 θεοσεῦὦν

1107 1511 1178 1535 τινες
1188 1503 1394 1531 ὑποπίπτουσιν.
1410 1505 1484 1540 Φημὶ
1497 1505 1537 1531 ὅτι
1551 1504 1629 1532 τοῦτο
1641 1505 1780 1532 ἀδύνατον.
1797 1505 1891 1531 Θεοπ-

1069 1558 1090 1587 C
1108 1549 1157 1585 ϐὴς
1171 1549 1224 1585 γὰρ
1240 1547 1316 1582 οὗτός
1330 1551 1413 1582 ἐστιν,
1426 1550 1455 1577 ὃν
1468 1551 1489 1566 ¹⁹
1504 1550 1558 1585 ἐγώ
1572 1560 1656 1586 φημι,
1671 1550 1686 1576 ὁ
1700 1550 1787 1582 ὅντως
1802 1550 1889 1576 θεοσε-

1107 1595 1167 1631 ϐὴς,
1184 1596 1232 1631 οὐχ
1247 1596 1276 1628 ὅς
1289 1596 1322 1623 ἂν
1338 1597 1417 1632 μόνον
1432 1596 1554 1631 λέγηται,
1567 1598 1581 1623 ό
1597 1597 1625 1624 δὲ
1636 1597 1721 1629 ὅντως
1734 1596 1772 1623 ὣν
1786 1596 1832 1623 τοῦ
1850 1596 1889 1622 δο-

1106 1641 1197 1674 θέντος
1219 1642 1293 1677 αὑτῷ
1315 1643 1397 1678 νόμου
1416 1643 1521 1669 ὲκτελεῖ
1539 1643 1590 1675 τὰς
1610 1643 1734 1679 πράξεις.
1765 1643 1828 1669 Ἐάν
1848 1650 1889 1674 τις

1105 1688 1227 1725 ἀσεϐήσῃ
1239 1709 1246 1721 ,
1263 1689 1378 1724 εὐσεϐὴς
1398 1690 1447 1716 οὐκ
1469 1689 1552 1716 ἔστιν.
1569 1690 1671 1725 Ὄνπερ
1694 1689 1796 1725 τρόπον
1809 1688 1857 1715 ἐὰν
1875 1689 1890 1714 ὁ

1104 1734 1249 1769 ἀλλόφυλος
1269 1735 1314 1762 τὸν
1337 1735 1418 1771 νόμον
1439 1736 1548 1772 πράξῃ,
1579 1735 1703 1767 Ἰουδαῖός
1724 1735 1818 1761 ἐστιν·
1852 1735 1888 1769 μὴ

1104 1780 1208 1816 πράξας
1234 1781 1272 1813 δὲ,
1295 1781 1404 1817 Ἕλλην.
1421 1781 1449 1808 '0
1459 1781 1512 1817 γὰρ
1541 1782 1663 1813 Ἰουδαῖος
1677 1781 1812 1807 πιστεύων
1830 1780 1889 1815 θεῷ

1103 1827 1174 1853 ποιεῖ
1182 1826 1227 1854 τὸν
1241 1827 1320 1862 νόμον
1332 1828 1365 1860 ¹⁰,
1376 1827 1409 1854 δι’
1416 1824 1449 1862 ἧς
1459 1828 1576 1860 πίστεως
1587 1828 1633 1854 καὶ
1642 1827 1676 1854 τά
1681 1827 1748 1855 ἄλλα
1754 1827 1788 1854 τά
1797 1828 1887 1863 ὄρεσιν

1102 1872 1208 1899 ἐοικότα
1231 1873 1277 1899 καὶ
1299 1872 1433 1909 βαροῦντα
1463 1874 1604 1909 μεθίστησι
1632 1873 1716 1908 πάθη.
1744 1874 1772 1900 '0
1797 1873 1826 1900 δὲ
1850 1873 1885 1908 μὴ

1102 1918 1186 1945 ποιῶν
1201 1918 1246 1946 τὸν
1262 1918 1341 1955 νόμον
1354 1919 1474 1954 δηλονότι
1484 1920 1504 1935 ¹¹
1519 1921 1550 1946 ὲκ
1559 1919 1605 1946 τοῦ
1622 1919 1658 1955 μὴ
1678 1919 1815 1946 πιστεύειν
1829 1919 1886 1954 Θεῴ

1101 1964 1266 1996 λιποτακτεῖ,
1278 1965 1324 1991 καὶ
1334 1965 1420 1997 οὕτως
1434 1966 1472 1997 ὡς
1483 1966 1542 2000 οὐχὶ
1552 1966 1573 1981 ¹¹
1591 1966 1716 1997 Ἰουδαῖος
1727 1966 1885 2002 ἁμαρτωλὸς

1100 2009 1143 2036 διὰ
1157 2010 1206 2045 τὴν
1220 2011 1356 2046 ἁμαρτίαν
1368 2010 1555 2046 ἐπικρατεῖται
1570 2011 1621 2038 ὑπὸ
1633 2011 1687 2038 τῶν
1701 2012 1741 2043 εἰς
1756 2012 1787 2038 τὸ
1802 2020 1885 2047 τιμω-

1101 2057 1157 2090 ρεῖν
1174 2056 1236 2088 τοὺς
1256 2056 1462 2092 ἁμαρτάνοντας
1481 2057 1657 2084 καθεστώτων
1679 2057 1784 2084 παθῶν.
1800 2058 1884 2093 Βουλῇ

1099 2101 1166 2128 Θεοῦ
1187 2104 1220 2138 τῇ
1240 2103 1368 2139 ἀπαρχῆς
1386 2103 1524 2140 ὀρισθείσῃ
1547 2103 1660 2135 δικαίως
1681 2105 1738 2136 τοῖς
1760 2103 1885 2131 σέϐουσιν

1099 2148 1180 2176 αὑτὸν
1203 2150 1433 2184 παραπτωμάτων
1455 2150 1534 2185 χάριν
1559 2151 1576 2186 ή
1594 2149 1720 2185 ’τιμωρία
1737 2149 1835 2176 ἕπεται
1847 2171 1853 2183 ,
1871 2150 1885 2176 ὂ

1099 2195 1212 2229 γίνεται,
1225 2195 1268 2222 ἵνα
1278 2195 1315 2227 ὡς
1324 2195 1458 2231 ὀφείλημα
1468 2196 1511 2223 διὰ
1521 2196 1569 2231 τῆς
1579 2196 1694 2231 βασάνου
1707 2196 1884 2231 ἀπαιτήσασα

1098 2242 1147 2276 τὴν
1170 2241 1305 2278 ἁμαρτίαν
1328 2243 1391 2274 τοὺς
1411 2242 1626 2277 ἐπιστρέψαντας
1648 2240 1786 2277 καθαροὺς
1809 2242 1838 2268 ὲν
1852 2244 1882 2277 τῇ

1096 2287 1151 2314 τῶν
1165 2287 1232 2314 ὅλων
1247 2288 1408 2324 παραστήσῃ
1416 2288 1438 2304 ’⁸
1452 2288 1550 2324 κρίσει.
1569 2288 1612 2319 Ὦς
1626 2287 1680 2323 γὰρ
1691 2289 1749 2320 τοῖς
1762 2289 1881 2322 κακοῖςή

1097 2334 1211 2360 ἐνταῦθα
1225 2334 1315 2370 τρυφὴ
1330 2335 1370 2365 εἰς
1394 2333 1494 2369 ζημίαν
1510 2333 1625 2361 αἰωνίων
1644 2333 1754 2367 ἀγαθῶν
1768 2334 1880 2367 γίνεται,

1095 2380 1182 2412 οὕτως
1210 2381 1237 2407 αἱ
1265 2381 1394 2416 τιμωρίαι
1422 2382 1477 2412 τοῖς
1505 2379 1723 2416 παραπίπτουσιν
1747 2380 1882 2411 Ἰουδαίοις

1096 2426 1247 2461 πέμπονται
1260 2428 1299 2458 εἰς
1312 2425 1456 2462 ἔκπραξιν,
1472 2427 1515 2453 ἵνα
1538 2426 1653 2454 ἐνταῦθα
1668 2425 1881 2457 ἀπολαύοντες“

1094 2472 1124 2498 τὸ
1146 2473 1321 2509 παράπτωμα
1334 2473 1384 2508 τῆς
1397 2474 1455 2500 ἐκεῖ
1468 2472 1660 2507 ἀπαλλαγῶσιν
1674 2471 1788 2503 αἰωνίας
1803 2471 1879 2498 χολα-

1094 2525 1171 2549 σεως.

891 2651 1008 2678 VARLE
1029 2650 1226 2679 LECTIONES.

293 2692 316 2708 “
327 2694 543 2728 παραγγέλλεται
556 2696 586 2722 0.
620 2696 640 2712 ’⁸
656 2696 842 2732 ὲνθουσιασμῷ
852 2696 872 2724 C
888 2716 895 2727 ,
909 2697 1102 2732 ἐνθουσιασμοῦ
1118 2697 1147 2724 1).
1180 2697 1275 2724 ιθαὺττι
1289 2697 1319 2724 C.
1337 2697 1490 2726 Lcelionem
1501 2697 1672 2740 Ottoboniani
1684 2698 1837 2740 prwsagivit

296 2727 499 2759 ὲνδομοχιοῦντα
515 2731 546 2758 0,
574 2731 596 2746 ¹⁸
608 2731 808 2759 παρακαλοῦσιν
825 2732 856 2758 C.
894 2733 914 2749 ¹⁹
931 2733 960 2758 ὃν
976 2733 1146 2759 υιιιιιρῐ-ιιιίδὶι
1167 2732 1185 2759 S
1211 2742 1235 2759 c.
1248 2717 1288 2759 Cl.
1328 2733 1350 2750 ¹⁰
1363 2733 1431 2759 Sede
1449 2734 1571 2759 vocabuli
1588 2738 1689 2759 mutata
1710 2733 1771 2759 leno
1789 2743 1795 2759 :
1824 2734 1874 2759 Ezv

262 2726 284 2742 "
296 2726 499 2767 ἐριβομοχιοῦντα
515 2731 546 2758 0,
574 2731 596 2746 ¹⁸
608 2726 808 2766 παρακαλοῦσιν
825 2726 856 2758 C.
889 2726 914 2749 ν¹⁹
931 2733 960 2758 ὃν
976 2726 1146 2767 υιιιιιέῐ-ιιιίδὶι
1167 2732 1185 2759 S
1211 2742 1235 2759 c.
1248 2733 1267 2759 C

1282 2755 1288 2759 .
1328 2733 1350 2750 ¹⁰
1363 2733 1431 2759 Sede
1449 2734 1571 2761 vocabuli
1588 2738 1689 2760 mutata
1710 2733 1771 2761 leno
1789 2743 1795 2760 :
1817 2733 1876 2759 Ἐὰν

259 2762 344 2804 οῑάλλ.
358 2762 429 2790 τίν.
449 2773 495 2804 πρΞ
507 2766 544 2804 ιΊ.
563 2766 618 2792 ἐστ.
684 2766 789 2804 πράξας
801 2762 985 2804 δὲ-ΔΊουᾷαῖοςξ
1000 2767 1107 2804 ’Ὶῇλλῌψ
1172 2767 1226 2802 γὰρ
1238 2767 1371 2804 πιστεύων
1388 2768 1446 2804 Θεῷ
1463 2771 1534 2795 ποιεῖ
1546 2769 1590 2795 τὸν
1612 2769 1703 2804 νόμον.
1726 2762 1784 2804 [loc
1797 2769 1875 2796 modo

261 2796 370 2845 ele‘gans
383 2799 458 2826 nasci
471 2796 576 2827 videtur
598 2796 755 2845 an'tit'lli‘e'sis.‘
767 2796 797 2827 D.
834 2802 855 2817 ²¹
867 2802 944 2836 δῆλον
960 2796 1000 2828 ὅτι
1016 2801 1046 2829 (ἶ.
1060 2796 1127 2829 Tum
1146 2796 1316 2829 λειποτακτεῖ
1327 2803 1356 2829 0.
1397 2796 1474 2845 edo;
1488 2806 1518 2845 (ξ.
1552 2804 1574 2819 ⁸³
1586 2804 1626 2845 [ta
1639 2796 1660 2830 ὸ
1686 2811 1712 2843 ρ.
1728 2802 1748 2830 S
1763 2823 1770 2832 .
1786 2811 1873 2838 παρα-

264 2838 294 2845 ..
317 2840 353 2845 --.
372 2833 392 2845 1‘
438 2835 460 2845 Ιι
480 2835 538 2845 ὶνκγη
571 2835 576 2842 ν
739 2844 744 2845 γ
773 2836 779 2842 ⁶
804 2837 809 2842 '
1030 2838 1044 2845 ι’
1195 2838 1200 2845 1
1247 2838 1263 2845 ι.

263 2831 356 2866 στήσει
372 2833 402 2860 C.
438 2835 460 2849 “
476 2835 656 2867 ἀπολαύοντες
670 2835 711 2868 D.,
734 2836 781 2870 qui
804 2831 914 2872 insuper
930 2838 1062 2872 exemplis
1079 2838 1276 2872 comprobavit.
1296 2845 1387 2878 vocem
1404 2838 1550 2880 ἀπολαύειν
1565 2837 1694 2880 conjungi
1713 2846 1796 2874 posse
1816 2831 1873 2866 eum

263 2873 326 2882 me"
345 2869 499 2882 λη’-ηιεηιέειρ-
530 2874 608 2882 ..ιι-..Α
626 2871 677 2882 ιλ..
690 2871 696 2882 Ι
712 2879 772 2882 --.ΔΑ
790 2872 855 2882 μηρνέ
875 2871 898 2882 ἵη
925 2880 946 2882 η.
970 2873 990 2882 In
1014 2880 1019 2882 .
1046 2877 1143 2882 AA,._,,_
1176 2873 1192 2882 ο
1225 2873 1284 2882 ικγκ
1311 2873 1337 2882 ιιΔ
1360 2881 1402 2882 7,,
1426 2874 1433 2882 Δ
1476 2875 1494 2882 ιι
1645 2876 1654 2882 ξ

261 2873 328 2894 casu
345 2869 511 2903 accusativo,
530 2874 609 2906 atque
626 2871 698 2899 haud
712 2869 774 2900 rai'o
786 2872 858 2900 sumi
868 2869 901 2900 'in
924 2869 1022 2900 malam
1045 2869 1157 2909 pancui.
1176 2873 1204 2901 S.
1221 2872 1403 2904 ἀπολαϐόντες
1425 2873 1455 2908 C,
1473 2875 1504 2901 0.
