1932 3100
242 143 291 171 271

671 140 698 167 S.
718 137 911 167 CLEMENTIS
928 136 938 163 l
959 130 1041 164 ηοΜζ
1063 134 1162 163 PONT.
1182 133 1297 163 OPERA
1310 133 1424 162 DUBIA;

1799 132 1855 160 2η

243 208 314 232 esse.
334 203 363 227 ut
377 199 499 227 omnium
517 203 679 230 creatorem,
699 197 734 224 ita
753 201 780 224 et
799 196 944 231 optimum.
969 194 1022 221 Po-

1075 193 1120 220 καὶ
1137 193 1286 228 κρείττονα.
1303 191 1432 229 Κρεῖττύν
1449 191 1507 218 ἐστι
1522 191 1633 226 δυνάμει
1648 190 1698 225 μὲν
1712 189 1743 217 τὺ
1761 189 1857 217 ποιοῦν

243 247 347 275 tentius
357 246 460 281 quippe
475 249 517 273 est
531 245 604 280 quod
619 243 685 271 facit
702 250 747 276 eo,
762 243 834 278 quod
854 242 900 275 fit;
917 241 1023 276 magni-

243 293 346 327 tudine,
362 291 436 327 quod
458 291 594 318 inlinitum
609 294 661 322 est,
680 289 780 322 ﬁnitis;
796 287 885 322 specie
898 287 1023 322 pulcher-

243 339 344 366 rimum
359 347 366 371 ;
383 337 512 364 felicitate
529 336 735 368 beatissimum;
757 338 847 362 mente
857 332 1023 368 perfectissi-

243 392 331 413 mum.
347 383 478 411 Similiter
495 387 585 410 autem
599 386 627 410 et
643 382 669 409 in
691 381 753 408 aliis
771 380 828 415 ipse
849 379 1022 412 incompara-

242 431 334 458 biliter
348 430 458 457 eminet.
477 429 545 456 Cum
560 434 641 463 ergo,
665 428 739 454 sicut
754 425 830 459 dixi,
843 424 890 452 Dei
908 424 943 451 sit
956 430 1022 458 pro—

243 477 345 512 prium,
355 476 462 505 cunctis
472 483 533 503 esse
547 475 699 506 meliorem,
715 473 749 500 ab
760 473 820 508 ipso
832 477 922 499 autem
935 469 1023 497 factus

243 523 298 555 sit,
313 521 360 556 qui
378 521 470 548 omnia
486 519 675 555 complectitur
695 517 825 550 mundus,
841 517 948 550 penitus
973 521 1021 540 ne-

240 566 366 595 cessario
380 566 434 593 dici
452 565 542 598 debet,
555 564 658 592 nullam
672 570 763 590 rerum
778 561 812 588 ab
824 567 858 588 eo
869 565 1021 588 creatarum

244 620 326 648 posse
339 619 401 639 eum
418 612 478 646 ipso
492 609 611 638 conferri
625 613 652 636 et
665 607 811 643 exaequari.

278 657 338 684 XX.
358 657 444 684 Porro
459 655 587 689 mundus,
606 654 654 690 qui
670 661 724 681 non
741 657 783 681 est
802 651 1022 687 incomparabilis

243 711 272 732 et
295 704 414 732 eximius
438 707 520 738 atque
543 702 618 730 omni
642 709 675 729 ex
693 704 770 736 parte
789 699 863 727 nullo
887 699 1020 733 indigens,

245 751 317 778 Deus
333 757 394 778 esse
406 750 511 784 nequit.
528 748 576 776 Sin
587 755 652 776 vero
669 751 742 775 totus
753 746 883 778 mundus,
895 745 922 772 in
935 752 1023 779 quan-

245 803 303 824 tum
318 795 443 823 conditus
456 794 518 828 fuit,
533 794 605 821 Deus
625 801 687 821 esse
703 792 805 827 nequit,
817 795 919 826 quanto
936 790 1022 825 magis

244 843 317 870 illius
332 846 423 877 partes
434 848 488 868 non
503 845 575 868 recte
590 840 638 867 Dei
655 846 753 866 nomen
765 836 913 872 accipient?
927 836 1021 864 Partes

242 893 334 915 autem
350 887 422 918 dico,
441 893 510 921 quos
525 885 629 912 vocatis
643 885 719 916 deos,
744 882 872 910 nimirum
890 889 924 909 ex
941 888 1019 914 auro,
1036 869 1057 897 Β

244 938 367 969 argento,
382 940 446 966 aere,
470 931 570 966 lapide,
590 930 632 958 vel
654 929 707 956 alia
727 934 891 963 quacunque
908 927 1022 954 materia

244 980 343 1013 factos,
370 979 533 1013 insuperque
554 975 676 1004 mortalis
696 981 792 1002 manus
809 973 926 1008 opificia.
944 973 1021 1000 Atta-

244 1033 307 1053 men
328 1024 468 1052 videamus
482 1027 622 1058 praeterea,
648 1020 765 1056 qualiter
786 1027 834 1054 per
856 1026 888 1046 os
904 1017 1023 1046 hominis

244 1071 417 1106 importunus
431 1075 542 1104 serpens
554 1067 681 1111 deceptos
695 1063 896 1094 inductionibus
909 1063 1021 1090 inliciat.

279 1148 349 1177 XXI.
375 1148 474 1176 Dicunt
483 1147 555 1175 enim
576 1146 653 1174 multi
671 1155 677 1172 :
699 1144 728 1172 ln
744 1143 845 1171 nostris
865 1141 1023 1170 numinibus

243 1204 298 1224 nou
313 1201 410 1222 aurum
433 1200 520 1228 neque
538 1196 679 1226 argentum
698 1197 748 1218 nec
765 1191 868 1225 lignum
889 1193 936 1217 aut
955 1189 1024 1222 lapi-

243 1241 304 1269 dem
319 1240 486 1268 adoramus:
502 1238 604 1266 scimus
628 1243 745 1271 namque
774 1241 801 1263 et
819 1243 869 1263 nos
889 1235 939 1263 ista
955 1234 1021 1262 nihil

243 1294 315 1319 esse,
330 1290 427 1322 prater
438 1284 586 1311 inanimam
600 1282 739 1310 materiem
754 1285 781 1309 et
795 1281 918 1308 mortalis
937 1281 1024 1308 homi-

245 1333 288 1360 nis
313 1331 457 1360 artiﬁcium
471 1350 479 1363 ,
507 1329 553 1357 sed
577 1329 702 1364 spiritum
724 1328 770 1362 qui
795 1327 822 1354 in
840 1327 892 1355 illis
914 1327 1022 1360 residet,

245 1379 325 1407 deum
342 1376 500 1405 asserimus.
523 1375 590 1402 Vide
609 1375 661 1402 ista
684 1373 878 1409 proferentium
900 1373 1024 1408 maligni-

244 1429 328 1452 tatem
343 1433 350 1451 :
364 1431 426 1450 nam
440 1423 515 1457 quia,
528 1420 599 1456 quod
614 1425 734 1456 apparet,
750 1419 873 1447 convinci
885 1418 962 1446 facile
973 1426 1023 1453 po-

245 1473 308 1504 test,
330 1468 402 1504 quod
424 1467 492 1495 nihil
507 1467 551 1500 sit,
569 1466 602 1494 ad
619 1466 645 1493 id
657 1465 729 1501 quod
743 1472 796 1492 non
809 1464 915 1492 videtur
928 1465 1024 1492 conlu-

245 1516 334 1550 giunt,
348 1513 427 1550 quasi
445 1513 472 1541 in
489 1520 518 1540 re
536 1512 636 1539 incerta
656 1515 791 1546 nequeant
811 1510 955 1538 confutari.
969 1509 1023 1537 No-

246 1562 352 1590 biscum
366 1565 456 1587 tamen
470 1566 502 1586 ex
517 1563 593 1593 parte
605 1557 650 1585 isti
665 1557 836 1590 confitentur,
850 1555 922 1591 quod
941 1555 1016 1584 dimi-

247 1607 321 1635 dium
332 1606 540 1634 simulacrorum
550 1611 662 1633 suorum
677 1603 744 1630 deus
756 1609 809 1630 non
825 1603 870 1635 sit,
885 1601 930 1630 sed
941 1609 1023 1629 sensu

246 1660 344 1682 carens
358 1651 481 1680 materia.
509 1649 639 1685 Superest
664 1649 756 1684 igitur,
783 1652 813 1675 ut
835 1648 958 1683 probent.
970 1655 1024 1683 qua

247 1699 353 1727 ratione
366 1698 508 1726 credamus
525 1697 552 1723 in
568 1696 622 1724 illis
633 1695 736 1723 versari
748 1694 869 1722 divinum
887 1694 1022 1730 spiritum.

247 1745 347 1774 Verum
361 1743 389 1771 id
401 1744 437 1771 ita
447 1750 507 1770 esse
516 1741 593 1769 nobis
606 1740 947 1776 nequeuntdemonstrare,
961 1739 1024 1774 quia

247 1799 302 1819 non
320 1795 371 1819 est.
400 1788 433 1816 Et
454 1788 521 1823 ipsis
541 1786 698 1823 apparuisse
720 1793 777 1813 non
800 1785 946 1813 credimus.
970 1784 1025 1813 Nos

247 1836 302 1863 illis
330 1842 362 1862 ea
383 1833 505 1862 divinum
530 1832 655 1867 spiritum
681 1839 732 1859 non
753 1830 853 1859 habere
876 1838 924 1865 per
944 1838 1025 1865 argu-

247 1885 338 1909 menta
362 1879 556 1915 probabimus,
584 1882 616 1905 ut
635 1876 758 1904 veritatis
786 1875 911 1908 studiosi.
934 1875 1025 1903 audita

245 1924 432 1955 confutatione
449 1922 586 1959 opinionis
603 1929 635 1950 ea
653 1921 749 1956 spiritu
765 1920 877 1955 praedita
888 1918 1024 1946 affirman-

247 1975 292 2006 us,
305 1979 321 1998 a
336 1970 445 1998 rabioso
456 1976 548 1997 errore
559 1975 588 1996 se
599 1970 731 1995 avertant.

281 2030 365 2059 XXII.
383 2028 476 2056 Primo
490 2025 599 2062 quidem
617 2023 641 2052 si
656 2031 687 2051 ea
700 2023 774 2050 velut
784 2021 909 2057 spiritum
922 2020 1026 2048 haben-

247 2079 286 2107 tia
309 2076 413 2108 colitis,
439 2073 520 2101 etiam
542 2070 716 2105 antiquorum
737 2069 878 2096 hominum
902 2067 1025 2102 sepulcra

247 2122 381 2155 adoratis,
390 2127 460 2156 quos
473 2119 500 2145 in
513 2115 638 2145 confesso
645 2120 687 2143 est
697 2114 818 2142 divinum
830 2121 885 2141 non
897 2113 1025 2140 habuisse

248 2170 386 2207 spiritum.
400 2167 439 2194 ιω
454 2172 542 2200 neque
563 2164 591 2190 in
610 2163 663 2190 hoc
681 2169 745 2189 vera
765 2160 917 2196 loquimini.
941 2159 1026 2188 Porro

1036 1543 1057 1571 C

1071 239 1118 265 τοῦ
1135 238 1294 274 ποιουμένου
1303 238 1336 271 ’⁸,
1352 238 1421 273 πρὸς
1438 236 1552 273 μέγεθος
1567 236 1599 262 τὺ
1610 236 1724 272 ἄπειρον
1738 235 1786 262 τοῦ
1803 244 1849 261 πε-

1073 284 1254 320 περασμένου·
1273 284 1340 320 πρὸς
1355 281 1423 314 εῐδος
1440 283 1471 308 τὸ
1486 282 1696 317 εὺμορφότατην,
1719 281 1789 316 πρὸς
1803 281 1852 312 ,εὺι

1071 329 1210 365 δαιμονίαν
1224 329 1254 356 τὸ
1272 328 1487 365 μακαριώτατον,
1501 327 1581 362 225
1598 326 1664 362 πρὸς
1688 325 1748 352 νοῦν
1764 325 1795 351 τὺ
1813 333 1851 351 τει

1071 373 1206 400 λειότατον
1217 373 1249 400 ¹⁸.
1274 373 1389 408 Ὁμοίως
1404 372 1432 398 δὲ
1453 372 1500 398 καὶ
1516 372 1545 398 ἐν
1562 372 1618 403 τοῖς
1637 370 1726 402 ἄλλοις
1740 370 1823 402 αὐτὸς
1836 369 1857 385 ι’

1071 418 1271 454 ἀπαραὸλὴτως
1278 418 1328 453 τὴν
1339 418 1474 453 ὑπεροχὴν
1485 417 1551 452 ἔχει.
1569 416 1644 443 Ἐπεὶ
1657 413 1714 448 οὖν,
1730 416 1768 447 ὡς
1775 416 1857 451 ἔφην,

1073 465 1138 491 ῐδιον
1155 463 1221 491 Θεοῦ
1243 463 1273 490 τὸ
1294 463 1376 490 αὑτὸν
1394 462 1464 490 εἶναι
1480 463 1534 490 τῶν
1553 462 1622 489 ὅλων
1639 462 1790 497 κρείττονα,
1809 461 1857 487 ὑπ’

1071 511 1153 538 αὐτοῦ
1167 511 1195 537 δὲ
1211 511 1226 537 ὁ
1245 510 1333 537 πάντα
1351 509 1484 546 περιέχων
1499 509 1594 543 γέγονε
1614 508 1725 543 κόσμος,
1749 507 1857 541 ἀνάγκη

1073 557 1147 583 πᾶσα
1164 556 1270 590 λέγειν,
1296 554 1377 590 μηδὲν
1387 555 1406 570 "
1432 553 1477 580 ὑπ’
1507 553 1588 580 αὑτοῦ
1612 553 1761 588 γεγονότων
1781 551 1857 586 αὺτῷ

1071 602 1200 629 δύνασθαι
1213 601 1261 636 τὴν
1279 599 1338 634 ἴσην
1355 599 1426 626 ἔχειν
1440 599 1591 634 σύγκρισιν.

1107 647 1165 675 XX.
1192 647 1220 673 '0
1236 647 1264 673 δὲ
1282 646 1318 681 μὴ
1332 645 1400 681 ἔχων
1419 645 1449 671 τὸ
1464 644 1653 679 ἅπαράὸλητον
1669 644 1715 670 καὶ
1735 643 1856 680 ἀνυπὲρ·

1071 694 1167 729 ὄλητον
1184 693 1231 719 καὶ
1252 693 1339 727 πάντη
1354 690 1483 718 πάντοθεν
1504 689 1624 721 ἀνενδεὲς
1643 690 1724 721 αὐτὸς
1737 687 1806 716 εἶναι
1824 691 1855 716 οὐ

1071 740 1189 766 δύναται.
1208 739 1239 765 El
1252 738 1280 764 δὲ
1295 739 1310 764 ὁ
1323 738 1376 768 πᾶς
1387 737 1487 772 κόσμος
1499 735 1577 762 τοῦτο
1590 733 1658 761 εἶναι
1678 735 1708 761 οὐ
1733 735 1855 766 δύναται,

1072 785 1139 812 καθὸ
1146 784 1299 819 γεγένηται,
1308 783 1383 818 πόσῳ
1394 783 1414 798 ⁸⁸
1423 791 1454 817 γε
1464 782 1562 817 μᾶλλον
1575 781 1610 807 τὰ
1623 781 1703 816 μόρια
1711 780 1793 807 αὐτοῦ
1805 781 1857 806 οὐχ

1072 831 1105 857 ἂν
1127 830 1242 864 εὐλόγως
1262 828 1373 864 κληθείη
1389 828 1471 860 Θεός;
1489 828 1579 863 Μόρια
1594 827 1623 853 δὲ
1642 827 1712 860 λέγω
1729 827 1793 857 τοὺς
1810 827 1856 860 ὑφ’

1072 876 1148 911 ὑμῶν
1168 875 1327 911 λεγομένους
1344 874 1430 905 θεοὺς,
1454 876 1486 901 ὲκ
1508 873 1529 888 ¹⁹
1547 871 1646 908 χρυσοῦ
1664 873 1710 899 καὶ
1721 872 1855 907 ἀργύρου,

1071 921 1171 958 χαλκοῦ
1182 930 1212 948 τε
1226 922 1272 948 καὶ
1287 920 1385 955 λίθουῆ
1397 920 1444 946 καὶ
1454 919 1482 952 ἐξ
1495 919 1576 954 ἄλλης
1588 918 1653 954 ὕλης
1666 918 1822 953 ἡστινοσοῦν
1833 919 1856 933 ’⁸

1071 968 1210 1002 γεγονότα,
1223 967 1270 993 καὶ
1282 966 1368 993 ταῦτα
1384 965 1436 991 ὑπὸ
1447 964 1546 1000 θνητῆς
1562 964 1652 999 χειρὸς
1663 964 1856 1000 δεδημιουργη-

1074 1014 1150 1049 μένα.
1169 1013 1263 1048 Ὅμως
1284 1012 1312 1038 δὲ
1335 1011 1402 1046 πρὸς
1414 1010 1498 1037 ταῦτα
1520 1010 1618 1044 ἴδωμεν
1635 1011 1668 1041 ¹¹,
1684 1007 1727 1036 οἵα
1752 1009 1786 1036 δι’
1807 1010 1854 1036 ἁν-

1073 1059 1181 1095 θρώπου
1196 1058 1328 1094 στόματος
1340 1058 1354 1083 ὁ
1366 1056 1451 1088 δεινὸς
1465 1055 1525 1090 ὕφις
1538 1055 1690 1090 φαρμάσσει
1706 1056 1762 1087 τοῖς
1781 1055 1855 1082 ἐπει-

1072 1106 1152 1140 γμοῖς
1167 1105 1190 1120 ²¹
1207 1105 1267 1136 τοὺς
1283 1102 1519 1138 ἐξαπατωμένους.

1109 1150 1179 1178 XXI.
1199 1150 1314 1184 Λέγουσι
1340 1149 1395 1184 γὰρ
1415 1149 1440 1175 οἱ
1464 1147 1563 1174 πολλοί·
1590 1147 1651 1174 Τῶν
1678 1146 1856 1182 σεϐασμάτων

1073 1197 1151 1232 ἡμῶν
1171 1196 1284 1231 σέϐομεν
1306 1195 1337 1221 οὺ
1357 1194 1402 1221 τὸν
1418 1193 1517 1230 χρυσὸν
1530 1193 1590 1220 οὐδὲ
1606 1193 1651 1220 τὸν
1664 1193 1783 1228 ἄργυρον
1795 1193 1855 1220 οὐδὲ

1074 1241 1150 1276 ξύλον
1166 1239 1183 1275 ἢ
1197 1241 1280 1268 λίθον·
1301 1241 1378 1276 ἴσμεν
1395 1241 1448 1276 γὰρ
1466 1240 1513 1267 καὶ
1529 1241 1608 1275 ἡμεῖς
1624 1239 1665 1265 ὃτι
1680 1238 1766 1265 ταῦτα
1780 1239 1856 1266 οὐδέν

1073 1289 1145 1315 ἐστιν
1171 1288 1187 1323 ἢ
1211 1288 1311 1323 ἄψυχος
1334 1287 1383 1322 ὖλη
1411 1286 1457 1313 καὶ
1485 1285 1627 1321 ἀνθρώπου
1651 1284 1746 1319 θνητοῦ
1761 1284 1855 1319 τέχνη·

1073 1333 1140 1361 ἀλλὰ
1159 1333 1189 1360 τὸ
1210 1333 1351 1360 κατοιχοῦν
1368 1333 1396 1359 ὲν
1413 1332 1503 1362 αὐτοῖς
1516 1330 1632 1365 πνεῦμα,
1645 1329 1722 1356 τοῦτο
1737 1328 1798 1356 θεὸν
1813 1328 1857 1355 λέ-

1072 1387 1165 1414 γομεν.
1185 1379 1256 1414 Ὅρα
1277 1379 1331 1405 τῶν
1352 1377 1437 1404 ταῦτα
1463 1376 1594 1410 λεγόντων
1612 1375 1660 1411 τὴν
1681 1373 1854 1409 κακοήθειαν.

1079 1427 1155 1454 Ἐπεὶ
1172 1426 1225 1461 γὰρ
1236 1425 1266 1452 τὸ
1281 1425 1441 1459 φαινόμενον
1458 1421 1613 1456 εὐέλεγκτον
1630 1422 1714 1452 ἐστιν,
1728 1421 1769 1446 ὃτι
1782 1419 1857 1446 οὐδέν

1074 1473 1157 1508 226
1167 1473 1250 1503 ἐστιν,
1264 1470 1416 1505 κατέφυγον
1428 1469 1473 1495 ἐπὶ
1484 1467 1515 1494 τὸ
1527 1468 1651 1503 ἀόρατον,
1665 1466 1702 1498 ὡς
1713 1466 1756 1492 ἐπ’
1768 1465 1857 1501 ἀδήλῳ

1072 1518 1125 1544 τινὶ
1135 1516 1299 1551 ’ἐλεγχθῆναι
1321 1515 1356 1550 μὴ
1374 1514 1524 1548 δυνάμενοι.
1544 1512 1616 1547 Πλὴν
1635 1510 1856 1546 συνομολογοῦσιν

1074 1563 1138 1598 ἡμῖν
1159 1562 1183 1587 οἱ
1199 1561 1312 1587 τοιοῦτοι
1331 1559 1377 1585 ἐπὶ
1391 1559 1498 1594 μέρους,
1510 1558 1549 1583 ὅτι
1566 1556 1596 1582 τὸ
1608 1556 1693 1591 ἥμισυ
1713 1555 1767 1581 τῶν
1791 1554 1856 1590 παρ’

1073 1610 1163 1640 αὐτοῖς
1188 1607 1339 1644 ἱδρυμάτων
1357 1606 1416 1637 θεὸς
1429 1605 1486 1631 -οὑκ
1508 1603 1595 1635 ἐστιν,
1619 1601 1675 1629 ἀλλ’
1696 1601 1857 1636 ἀναίσθητος

1075 1656 1133 1692 ὕλη.
1157 1655 1257 1683 Λοιπὸν
1279 1654 1308 1680 δὲ
1324 1652 1507 1688 περιλείπεται
1532 1650 1614 1683 δεῖξαι
1635 1649 1732 1681 αὐτοὺς
1749 1649 1782 1681 ’³,
1799 1648 1857 1679 πῶς

1074 1700 1235 1735 πιστεύομεν
1248 1699 1288 1726 ὅτι
1308 1698 1377 1725 θεῖον
1396 1697 1452 1732 ἔχει
1472 1695 1588 1730 πνεῦμα.
1608 1694 1675 1721 Ἀλλ’
1691 1693 1821 1726 ἐπιδεῖξαι
1834 1692 1858 1707 ’δ

1073 1749 1139 1784 ἡμῖν
1155 1747 1185 1773 οὺ
1204 1746 1328 1772 δύνανται
1347 1744 1388 1770 ὅτι
1405 1743 1487 1775 ἐστὶν,
1505 1741 1566 1768 ἐπεὶ
1580 1742 1616 1776 μή
1637 1741 1717 1767 ἐστιν.
1740 1739 1796 1766 Καὶ
1807 1738 1857 1765 αὺ-

1074 1794 1129 1825 τοῖς
1157 1790 1305 1827 ἑωρακέναι
1330 1789 1360 1816 οὐ
1385 1787 1556 1822 πιστεύομεν.
1585 1787 1679 1821 Ἡμεῖς
1703 1784 1795 1815 αὐτοῖς
1815 1783 1857 1810 ὅτι

1074 1839 1144 1866 θεῖον
1160 1838 1210 1865 οὐκ
1233 1837 1288 1872 ἔχει
1302 1835 1409 1870 πνεῦμα
1420 1835 1453 1866 ’⁵,
1472 1833 1520 1865 τὰς
1533 1831 1680 1864 ἀποδείξεις
1692 1829 1856 1865 παρέξομεν,

1074 1886 1148 1916 ὅπως
1165 1883 1213 1911 τοῦ
1229 1883 1315 1909 δοκεῖν
1333 1880 1402 1909 αὐτὰ
1417 1879 1522 1915 ἔμπνοα
1534 1876 1602 1905 εἶναι
1622 1878 1647 1904 οἱ
1667 1875 1824 1911 φιλαλήθεις
1834 1875 1857 1890 ⁸⁸

1074 1931 1119 1957 τὸν
1137 1929 1245 1964 ἔλεγχον
1261 1927 1424 1957 ἀκούσαντες
1444 1925 1494 1960 τῆς
1513 1923 1664 1954 λυσσώδους
1689 1920 1814 1952 ὑπονοίας
1834 1920 1855 1936 ¹¹¹

1074 1973 1293 2010 ἀποτραπῶνται.

1110 2020 1190 2048 XXII.
1209 2019 1246 2046 Τὸ
1263 2019 1312 2054 μὲν
1328 2018 1360 2053 δὴ
1376 2017 1491 2054 πρῶτον,
1507 2016 1532 2043 εἰ
1554 2015 1591 2047 ὡς
1609 2014 1714 2050 ἔμπνοα
1729 2012 1792 2040 ὄντα
1813 2012 1858 2039 σέ-

1075 2065 1154 2092 ϐεσθε
1170 2063 1249 2095 αὐτὰ,
1271 2063 1318 2090 καὶ
1331 2063 1353 2078 ’⁸
1373 2061 1487 2088 αἰωνίων
1509 2060 1628 2096 ἀρχαίων
1651 2058 1753 2093 τάφους
1774 2065 1858 2093 προσ-

1075 2111 1178 2138 κυνεῖτε
1188 2129 1195 2141 ,
1211 2109 1264 2136 τῶν
1291 2106 1513 2144 ὁμολογουμένως
1535 2105 1610 2132 οὐδὲν
1626 2105 1648 2121 ’⁵
1665 2103 1773 2139 πνεῦμα
1786 2102 1856 2129 θεῖον

1075 2156 1238 2192 ἐσχηκότων.
1252 2154 1342 2185 Οὕτως
1358 2153 1417 2179 οὐδὲ
1434 2151 1503 2179 κατὰ
1520 2151 1597 2178 τοῦτο
1617 2149 1772 2185 ἀληθεύετε.
1783 2148 1857 2184 Πλὴν

246 2194 280 2246 air
289 2223 353 2244 vere
371 2214 506 2249 spirarent
528 2213 619 2238 vestra
637 2208 759 2240 numina,
773 2215 821 2242 per
839 2214 869 2234 se
883 2213 1024 2233 movet-env-

1075 2203 1100 2228 εί
1113 2202 1194 2233 ὅντως
1207 2201 1311 2235 ἔμπνοα
1326 2197 1359 2234 ἦν
1375 2197 1410 2225 τὰ
1435 2197 1591 2233 σεϐάσματα
1613 2195 1699 2231 ὑμῶν,
1725 2194 1772 2228 ἀφ’
1792 2194 1857 2221 ἑαυ-

247 2268 304 2296 tur,
326 2266 420 2289 vocem
435 2257 597 2288 emitterent,
612 2261 726 2282 araneas
745 2253 893 2281 insidentes
914 2252 1023 2287 ablega-

247 2312 320 2341 rent,
339 2305 510 2334 insidiatores
523 2309 588 2330 suos
603 2305 630 2329 et
647 2300 720 2328 fures
734 2299 883 2335 abigerent,
898 2299 1025 2326 donario-

248 2361 310 2382 rum
324 2351 465 2387 praedones
486 2347 566 2375 facile
588 2345 857 2381 comprehenderent.
881 2343 941 2371 Jam
961 2350 1026 2371 vero

246 2398 318 2427 nihil
338 2397 436 2424 horum
450 2393 555 2422 faciunt
574 2391 622 2425 dii,
641 2391 687 2419 sed
702 2391 789 2418 instar
807 2396 915 2417 reorum
931 2391 1024 2415 custo-

249 2445 371 2476 diuntur,
385 2439 535 2477 praesertim
553 2438 601 2474 qui
615 2440 679 2466 sunt
693 2436 773 2472 pretii
795 2435 918 2470 majoris,
929 2441 1024 2469 quem-

246 2490 397 2519 admodum
419 2484 553 2523 principio
579 2484 708 2512 diximus.
736 2481 808 2515 Quid
825 2481 909 2514 enim,
933 2486 1024 2507 nonne

1074 2249 1128 2274 τῶν
1154 2247 1186 2274 ἂν
1205 2247 1328 2278 ἐκινεῖτο,
1353 2245 1443 2280 φωνὴν
1469 2244 1502 2271 ἂν
1530 2241 1611 2278 εἶχεν,
1635 2243 1684 2278 τὴν
1701 2241 1744 2267 ἐπ’
1766 2241 1857 2272 αὐτοῖς

1077 2292 1196 2329 ἀράχνην
1211 2291 1360 2323 ἀπεσείετο,
1378 2290 1440 2321 τοὺς
1459 2289 1548 2320 αὐτοῖς
1563 2286 1751 2314 ἐπιϐουλεῦσαι
1767 2285 1857 2312 θέλον·-

1077 2346 1126 2369 τας
1148 2337 1195 2364 καὶ
1211 2336 1373 2366 κλέπτοντας
1388 2333 1535 2361 ἀπεωθεῖτο
1558 2333 1601 2365 ἂν,
1624 2333 1686 2364 τοὺς
1706 2331 1741 2358 τὰ
1763 2331 1857 2366 ἀναθή-

1078 2392 1150 2419 ματα
1166 2381 1355 2412 ἀποσυλῶντας
1376 2379 1572 2415 συνελάμϐανεν
1585 2379 1617 2405 ἂν
1637 2378 1742 2414 ῥᾳδίως.
1756 2377 1813 2404 Νῦν
1828 2377 1857 2404 δὲ

1075 2429 1176 2456 τούτων
1198 2427 1272 2454 οὐδὲν
1294 2425 1424 2457 ποιοῦσιν,
1450 2424 1505 2451 ἀλλ’
1533 2424 1556 2440 ¹⁰
1583 2423 1621 2455 ὠς
1637 2422 1787 2454 κατάδικοι,
1811 2422 1856 2448 καὶ

1077 2475 1192 2510 μάλιστα
1212 2471 1396 2509 οἱτιμιώτεροι
1416 2470 1514 2503 αὐτῶν,
1541 2469 1728 2506 φρουροῦνται,
1754 2469 1793 2501 ὡς
1811 2470 1857 2495 καὶ

875 2545 992 2574 VARle
1011 2543 1210 2573 LECTIONES.

290 2622 444 2659 ¹⁸κρείττων
455 2621 529 2659 ἐστιν
541 2619 573 2655 μὲ

575 2629 589 2646 ν
599 2619 711 2653 δυνάμει
726 2617 772 2653 τοῦ
785 2617 870 2653 ποιεῖν
882 2615 929 2653 τοῦ
941 2615 1032 2653 λοιποῦ
1045 2615 1064 2642 C
1080 2635 1087 2647 ,
1097 2614 1218 2653 κρεῖττον
1230 2613 1287 2640 ἐστι
1302 2613 1350 2649 μὲν
1362 2611 1474 2647 δυνάμει
1486 2611 1516 2638 τὸ
1530 2610 1621 2652 ποιοῦν
1633 2607 1679 2636 τοῦ
1691 2606 1834 2653 ποιητοΞο
1849 2626 1855 2638 ,

251 2642 372 2695 κρεῖττον
384 2658 441 2695 ἐστι
452 2642 564 2691 away;
578 2654 627 2689 μὲν
643 2642 679 2695 τέ
687 2652 779 2695 ποιοῦν
787 2652 834 2678 τοῦ
849 2651 987 2695 ποιοῦντος
994 2652 1021 2695 ρ
1037 2671 1043 2682 ,
1054 2642 1135 2695 ιιιιξρή]
1147 2649 1278 2695 Ιιέιῐίξηειξη
1299 2642 1392 2695 {locelm
1414 2642 1579 2695 epanverltiein
1600 2642 1771 2695 ἷξομζυμὲνου.
1787 2642 1855 2670 Tum

961 2694 965 2695 ν
1036 2693 1044 2695 Α
1179 2693 1205 2695 -4
1226 2693 1255 2695 -..
1272 2692 1349 2695 -..--..
1374 2683 1380 2691 ‘
1463 2690 1511 2695 -ιι-
1649 2679 1653 2683 Ι
1668 2688 1673 2695 ι
1685 2688 1691 2695 ι
1714 2679 1751 2695 1¹ιμΡ
1775 2678 1855 2695 ΠΙίσΡΛΙι

250 2685 467 2730 περαινασμένου
479 2699 505 2730 p.
519 2685 724 2730 itané'paapéveu
737 2687 757 2714 C
772 2706 779 2719 ,
791 2685 940 2730 περαινομέ

248 2722 302 2766 ξξό
314 2722 402 2754 πάντα
417 2722 549 2766 περιέχων
563 2722 902 2766 τέ’γονεικόσμοςιῦτξναγῖη

250 2755 371 2794 δύναται,
379 2761 439 2788 καθ’
450 2755 464 2787 ὃ
475 2755 707 2794 γεγένηταιῗπόσῳ
713 2755 745 2794 C_._
775 2757 796 2772 ¹⁹
805 2755 907 2794 ὲκᾼοωζ
984 2755 1058 2794 “tha

251 2796 308 2825 οὖν.
327 2790 457 2824 Nostrum
467 2790 523 2829 sini
540 2790 607 2821 vi'dit
620 2793 659 2829 Sa
689 2790 821 2829 “Enipei:
833 2791 860 2829 0Δ
879 2799 905 2829 c.
920 2790 941 2829 ξ
955 2810 963 2823 ,
982 2790 1079 2829 gemes

714 2816 904 2861 ιῖᾧίᾆὰλτξθεὲς
917 2816 947 2852 (Ξ.
957 2816 963 2823 ’
982 2826 1002 2841 ³⁷
1013 2816 1142 2861 ἀπονοίας
1161 2823 1283 2861 conj._D.
1297 2816 1423 2861 Subinde
1435 2816 1649 2861 ᾀποτράπιονταιλ
1715 2817 1815 2861 ξθξιοε.
1831 2816 1856 2844 τί

252 2833 284 2859 0.
317 2831 411 2858 ¹⁸πνεῦ

941 2678 1013 2712 νοῦὸ
1032 2678 1107 2713 «$501.
1147 2685 1168 2700 η
1178 2683 1349 2710 τελειώτατον
1361 2683 1391 2710 C.
1431 2681 1561 2708 "ams.
1600 2681 1621 2696 ¹⁷
1635 2678 1701 2706 Vbii.
1714 2678 1855 2713 tirﬁm‘rmo

916 2710 988 2747 πᾶσα
995 2710 1190 2755 ἱέῆέιρζμηδέν
1203 2727 1256 2746 non
1262 2722 1369 2755 exstant
1387 2718 1456 2755 in_0_.
1478 2752 1483 2755 _
1504 2717 1524 2732 ¹⁸
1535 2715 1655 2755 ἀνενδεές
1667 2713 1731 2755 ῆεὸς
1740 2710 1813 2755 ἐἶναι
1826 2713 1855 2755 οὺ

1076 2747 1172 2789 scripsi
1190 2755 1258 2781 duce
1266 2754 1366 2785 οιιοι).,
1379 2753 1424 2814 Ἑιί
1441 2749 1662 2779 ὴίιὶὶειιτινοσοῦν.
1676 2749 1726 2782 Ap.
1738 2749 1759 2776 c
1783 2747 1855 2778 τινὸς

1076 2798 1095 2814 :v
1115 2789 1146 2814 (ἶ.
1186 2790 1208 2804 ¹¹
1227 2789 1369 2814 ὑπειγμοίς
1414 2807 1420 2814 .
1459 2787 1482 2802 ’³
1497 2787 1588 2814 αὐτοῖς
1607 2786 1638 2811 0.
1674 2785 1696 2799 ’δ
1709 2781 1855 2814 ὲπειδεῖξαι

1081 2781 1146 2830 νβ’.
1186 2781 1369 2830 ηηὺτξειγμοῖς
1440 2822 1446 2828 _
1459 2787 1482 2802 "
1497 2787 1588 2830 αὐτοῖς
1607 2786 1638 2811 0.
1657 2781 1855 2830 ἐδέξζεξιδεῖξαξ

251 2853 300 2894 ἰαί
312 2853 665 2902 (cii'éiﬁinﬁ'él'siibiﬁde
677 2853 827 2898 ἀνθρώπων
880 2853 995 2889 αἰωνίων
1008 2859 1068 2896 conj
1083 2853 1410 2904 Δ(ὶδόξθὁμολογουμένως
1430 2857 1468 2888 ὡς
1485 2853 1544 2883 οὗδέ
1556 2855 1587 2884 C.
1659 2853 1726 2882 ἀλλά
1740 2854 1771 2882 0.
