1932 3100
222 175 276 204 275
648 178 677 205 S.
701 177 897 206 CLEMENTIS
916 178 926 205 l
945 177 1018 206 BOM

1076 177 1147 206 JNT.
1167 176 1284 205 OPEHA
1301 176 1414 205 DUBIA.

221 236 306 264 nibus
318 236 392 264 velut
411 237 497 265 servis
516 237 666 272 imperare,
683 245 715 265 ac
732 238 804 266 sicut
822 238 870 265 lilii
884 237 931 265 Dei
947 245 1013 266 con-

1076 236 1192 263 ῐεσπόται
1208 235 1341 271 ἷγενέσθαι
1364 235 1455 268 πάλιν,
1479 236 1525 263 καὶ
1543 235 1665 272 δαίμοσιν
1686 236 1725 268 ὡς
1747 235 1851 268 δούλοις

1799 177 1850 206 276

223 280 301 308 stitui
317 282 410 310 aeterni
424 283 499 318 regni
515 283 646 320 haaredes.

262 370 358 399 XXVI.
381 370 429 399 llis
453 372 546 405 dictis,
566 372 651 407 jussit
672 372 855 400 daemoniacos
865 377 892 400 et
909 372 1012 400 morbis

228 420 377 453 occupatos
389 417 423 444 ad
443 425 473 444 se
493 418 603 450 adduci.
618 418 718 453 quibus
737 418 836 447 oblatis
850 427 947 446 manus
963 419 1013 445 im-

228 470 334 497 ponens
353 470 384 489 ac
402 467 530 497 precatus
545 463 697 492 incolumes
714 471 762 492 eos
784 463 899 496 dimisit,
919 463 1014 491 admo—

229 516 298 536 nens
313 509 374 536 illos
388 509 576 544 reliquamque
593 509 713 542 turbam,
727 514 758 537 ut
769 509 821 537 hoc
837 509 865 536 in
891 509 953 537 loco
967 516 1014 537 as-

230 555 303 582 sidui
316 559 416 587 essent,
433 563 480 590 per
492 555 550 583 dies
564 555 664 591 quibus
679 555 845 583 immoratus.
857 556 1014 583 dissereret.

229 600 377 636 Postquam
391 609 457 635 ergo
474 601 520 628 alii
539 602 706 634 abscessere,
720 601 817 629 Petrus
833 601 880 629 ubi
894 602 920 629 in
936 601 1015 634 aquis

229 654 291 680 quae
309 647 346 674 ibi
367 646 489 674 ﬂuebant
507 655 608 682 corpus
626 647 763 681 diluisset,
781 655 835 675 una
848 655 909 675 cum
923 647 1016 674 volen—

230 688 305 720 tibus
323 693 399 720 humi
419 693 503 721 sterni
519 694 602 728 jussit
615 694 667 721 sub
680 694 809 721 arborum
821 693 905 721 densa
922 693 1016 721 fronde

231 743 341 773 propter
354 739 490 772 umbram,
507 744 534 767 et
553 746 773 774 unumquemque
787 739 882 768 ordine
898 739 1016 766 fecitre-

232 785 362 812 cumbere
378 795 384 812 :
413 790 495 820 atque
513 785 549 813 ita
565 786 655 813 cibum
675 785 853 820 sumpsimus.
869 784 937 812 Cum
952 791 1016 820 ergo

230 830 309 865 juxta
334 829 509 858 Hebraeorum
537 831 644 859 solitam
668 831 747 859 ﬁdem
777 831 963 858 benedixisset
990 836 1018 858 et

232 875 336 910 gratias
353 875 453 910 egisset
475 875 531 902 Deo
552 883 602 910 pro
623 880 732 910 sumpta
752 875 931 909 recreatione,
953 875 1016 910 quia

232 921 349 948 multum
374 921 463 948 adhuc
483 921 536 949 diei
553 926 704 956 supererat,
724 922 878 957 percontari
901 921 935 949 de
955 921 1016 956 qui-
1033 913 1054 940 Β

232 966 285 994 bus
309 966 439 996 vellemus
461 967 594 1001 permisit.
617 967 651 995 Et
664 975 728 995 vero
744 972 879 1001 nostrum,
905 967 951 1002 qui
973 967 1016 994 vi-

234 1011 300 1047 ginti
319 1019 440 1043 eramus.
456 1012 602 1048 unicuique
623 1012 764 1047 speciatim
780 1012 956 1047 interroganti
970 1012 1018 1039 de-

232 1057 274 1085 dit
284 1057 456 1085 solutionem.
473 1057 588 1093 Vespere
603 1063 692 1086 autem
703 1058 760 1094 jam
774 1057 858 1091 facto,
874 1058 901 1085 in
913 1057 1017 1086 latissi-

233 1111 306 1131 mam
321 1103 531 1138 bospitiiaadem
545 1103 665 1139 ingressi
675 1111 739 1131 eum
761 1103 821 1138 ipso
848 1103 904 1132 illic
924 1111 1018 1131 omnes

233 1149 422 1177 dormivimus.

523 1239 665 1267 llOMlLlA
683 1240 728 1269 ΧΙ.

271 1296 292 1325 Ι.
312 1296 406 1332 Itaque
420 1301 521 1331 quarto
544 1296 616 1331 apud
638 1296 769 1332 Tripolim
788 1296 833 1325 die
847 1296 944 1325 Petrus
959 1305 1021 1325 sur-

236 1350 303 1377 gens
328 1349 434 1378 nosque
459 1341 602 1370 inveniens
619 1342 774 1377 vigilantes,
797 1343 844 1370 ubi
865 1343 1020 1376 salutasset,

236 1388 305 1416 abiit
318 1387 352 1415 ad
365 1395 443 1423 aqua
460 1387 570 1415 ﬂuentis
585 1387 686 1421 locum,
705 1393 735 1415 ut
748 1388 820 1416 lotus
833 1392 933 1416 oraret.
948 1389 1023 1416 Idem

236 1440 287 1461 nos
303 1441 412 1468 quoque
426 1437 623 1468 consequenter
639 1433 765 1462 fecimus.
780 1433 847 1462 Post
861 1441 1022 1462 communes

235 1486 301 1506 vero
326 1486 431 1513 preces,
447 1486 510 1506 cum
527 1479 704 1512 sedissemus,
729 1479 762 1507 de
783 1480 909 1507 castitate
933 1479 1023 1507 disse-

236 1524 304 1552 ruit.
321 1523 355 1551 Et
371 1529 514 1559 postquam
531 1525 589 1553 dies
604 1525 702 1559 illuxit,
717 1525 788 1560 plebi
801 1526 953 1561 ingressum
965 1533 1023 1560 per-

1062 282 1200 315 ὲπιτάξαι,
1218 283 1264 309 καὶ
1281 282 1319 314 ὡς
1332 282 1385 309 υἱοὶ
1402 281 1469 308 Θεοῦ
1481 282 1589 309 αἰωνίου
1602 281 1739 317 βασιλείας
1751 281 1850 317 κληρο-

1062 327 1137 363 νόμοι
1151 327 1330 362 καταστῆναι.
1781 327 1784 330 ’

1097 373 1196 401 XXVI.
1219 373 1311 400 Ταῦτα
1337 371 1420 400 εἰπὼν
1438 371 1564 399 ἐκέλευσε
1583 372 1646 404 τοὺς
1667 372 1852 408 δαιμονῶντας

1063 420 1110 447 καὶ
1133 419 1220 451 νόσοις
1243 419 1507 454 ὲγκατειλημμένους
1528 419 1610 454 229
1631 419 1706 454 αὐτῷ
1730 417 1853 454 προσφέ-
1882 436 1886 457 ί

1065 465 1170 501 ρεσθαι,
1199 463 1405 499 προσενεχθεῖσι
1430 464 1459 490 δὲ
1481 464 1531 496 τὰς
1553 465 1648 499 χεῖρας
1674 464 1781 495 ἐπιθεὶς
1805 463 1853 489 καὶ
1883 466 1892 492 .’

1064 509 1283 546 προσευξάμενος
1305 509 1437 536 ἀπέλυσεν
1461 510 1560 542 αὐτοὺς
1579 510 1758 544 ὑγιαίνοντας,
1785 509 1853 535 ὑπο-
1882 512 1886 540 ζ

1066 555 1226 590 μιμνήσκων
1242 554 1342 586 αὐτοὺς
1360 554 1482 586 καὶτοὺς
1503 554 1611 586 λοιποὺς
1630 554 1725 590 ὄχλους
1737 553 1854 580 ἐνταῦθα

1066 600 1253 636 παρεδρεύειν,
1265 601 1333 627 ὅσων
1343 600 1377 627 ἂν
1386 600 1497 636 ἡμερῶν
1504 600 1643 636 ἐπιδημῶν
1655 600 1811 634 διαλέγηται
1820 599 1853 626 ⁸⁸.

1066 647 1125 674 Τῶν
1145 645 1190 674 οὖν
1206 647 1293 674 ἄλλων
1308 647 1540 682 ἀναχωρησάντων
1555 648 1570 673 ὁ
1581 646 1682 682 Πέτρος
1698 647 1726 672 ὲν
1741 645 1781 680 τῷ
1797 645 1858 671 ἐκεῖ

1066 693 1208 728 ὺδροχοείῳ
1221 692 1243 708 ⁸¹
1271 692 1436 727 λουσάμενος
1463 691 1510 718 σὺν
1531 692 1587 723 τοῖς
1612 690 1749 726 θελήσασι,
1767 689 1857 725 χαμαὶ

1067 737 1218 773 στρωθῆναι
1241 737 1373 768 κελεύσας
1394 737 1446 763 ὑπό
1466 744 1528 762 τινα
1547 736 1650 771 πυκνὴν
1666 735 1720 762 τῶν
1739 735 1858 770 δένδρων

1067 783 1154 819 κόμην
1167 783 1211 809 διὰ
1220 782 1269 819 τὴν
1283 782 1372 815 σκιὰν,
1384 783 1444 809 κατ’
1457 782 1535 816 ἀξίαν
1553 781 1667 809 ἕκαστον
1687 780 1858 814 κατακλιθῆ-

1067 837 1111 856 ναι
1124 828 1262 864 ὲποίησενι
1276 828 1323 855 καὶ
1341 827 1427 860 οὕτως
1441 828 1545 864 τροφῆς
1562 827 1751 863 μετελάϐομεν.
1774 826 1860 852 Εὐλο-

1068 875 1155 910 γήσας
1178 872 1224 901 οὖν
1241 875 1286 901 καὶ
1302 873 1536 908 ὲπευχαριστήσας
1558 872 1596 907 τῷ
1617 871 1676 907 Θεῷ
1695 872 1740 898 ἐπὶ
1755 870 1795 906 τῷ
1810 870 1860 896 εὑ-

1067 919 1219 955 φρανθῆναι
1235 919 1305 947 κατὰ
1317 920 1367 956 τὴν
1389 919 1520 954 Ἑϐραίων
1545 917 1644 954 συνήθη
1666 917 1755 944 πίστιν
1771 917 1805 948 δ’,
1818 916 1859 943 ἔτι

1067 965 1168 1001 πολλῆς
1188 965 1272 1001 οὔσης
1294 965 1368 1001 ὥρας
1384 963 1566 991 πυνθάνεσθαι
1586 964 1659 999 ἡμᾶς
1679 963 1743 999 περὶ
1758 960 1796 989 ὧν
1817 962 1862 989 θέ-

1067 1011 1148 1048 λομεν
1165 1011 1323 1047 ἐπέτρεψεν.
1345 1011 1400 1038 Καὶ
1423 1011 1496 1046 ὅμως
1520 1009 1622 1036 εῐκοσιν
1652 1009 1674 1025 ⁸³
1699 1007 1773 1035 οὖσιν
1792 1008 1861 1043 ἡμῖν

1068 1058 1096 1084 ὲν
1113 1057 1190 1093 μέρει
1203 1058 1310 1092 ἑκάστῳ
1321 1056 1465 1092 πυθομένῳ
1477 1055 1616 1082 ὲπέλυσεν.
1625 1055 1695 1091 Ἤδη
1702 1055 1729 1081 δὲ
1739 1054 1860 1090 ἑσπέρας

1068 1102 1319 1137 ὲπικαταλαὸούσης
1337 1102 1377 1133 εἰς
1396 1100 1442 1128 τὸν
1459 1100 1605 1136 εὐρύτατον
1618 1100 1668 1135 τῆς
1683 1099 1771 1132 ξενίας
1785 1096 1860 1125 οἷκον

1069 1147 1233 1180 εἰσελθόντες
1257 1147 1316 1183 ἅμα
1339 1146 1413 1182 αὺτῷ
1437 1147 1495 1173 ἐκεῖ
1513 1146 1537 1172 οἱ
1564 1145 1663 1177 πάντες
1684 1143 1861 1179 ὑπνώσαμεν.

1363 1239 1492 1269 'OMIAlA
1507 1238 1559 1264 IA'.

1106 1297 1126 1324 Ι.
1146 1298 1186 1333 Τῇ
1203 1297 1253 1334 μὲν
1270 1294 1317 1323 οὖν
1343 1296 1461 1331 τετάρτῃ
1484 1295 1513 1322 ἐν
1530 1294 1657 1330 Τριπόλει
1670 1293 1762 1329 ἡμέρᾳ
1776 1294 1791 1320 ὁ
1806 1292 1860 1319 Πὲ-

1071 1352 1134 1380 τρος
1159 1343 1279 1379 ἐγερθεὶς
1292 1343 1339 1369 καὶ
1354 1340 1537 1377 ἐγρηγορότας
1553 1341 1626 1376 ἡμᾶς
1634 1339 1656 1355 ⁸⁸
1670 1338 1861 1375 εὑρὼν,προσ-

1072 1388 1223 1426 αγορεύσας
1257 1387 1329 1424 ἐξῄει
1354 1388 1394 1419 εἰς
1416 1386 1446 1413 τὸ
1477 1386 1639 1422 ὐδροχοεῶν,
1667 1385 1743 1415 ὅπως
1765 1383 1868 1410 λουσὼτ

1075 1444 1153 1471 μενος
1173 1434 1293 1470 εὔξηται.
1325 1433 1441 1469 Ὁμοίως
1463 1441 1494 1460 τε
1517 1432 1564 1459 καὶ
1599 1432 1678 1467 ἡμεῖς
1707 1429 1863 1461 ἀκολούθως

1073 1482 1249 1518 ἐποιήσαμεν.
1279 1479 1490 1515 Συνευξαμένοις
1514 1476 1560 1506 οὖν
1585 1478 1632 1505 καὶ
1654 1476 1863 1513 προκαθεσθεῖσι

1073 1529 1118 1556 τὸν
1133 1527 1250 1564 περὶτοῦ
1259 1527 1313 1554 δεῖν
1325 1525 1448 1561 ἁγνεύειν
1471 1526 1588 1551 ἐποιεῖτο
1608 1523 1689 1558 230
1704 1522 1793 1557 λόγον.
1807 1521 1864 1548 Καὶ

237 1570 323 1598 misit.
340 1571 387 1603 At,
400 1570 574 1599 multitudine
587 1571 708 1606 ingressa
730 1575 811 1606 atque
825 1579 874 1606 pro
889 1579 964 1599 more
975 1579 1019 1599 sa-

1076 1575 1167 1610 ὲπειδὴ
1180 1573 1273 1601 λοιπὸν
1289 1573 1379 1609 ἡμέρα
1395 1571 1524 1606 ἐγεγόνει,
1541 1571 1598 1602 τοῖς
1622 1569 1711 1605 όχλθις
1719 1567 1869 1614 γείσελθεῖν.

237 1617 336 1649 lutata,
351 1616 435 1651 coepit
443 1616 532 1644 dicere
546 1627 552 1644 :

276 1703 308 1732 ll.
324 1704 549 1741 Quandoquidem
576 1706 664 1734 multa
679 1706 824 1734 adversum
848 1715 928 1735 vosa
947 1708 1024 1736 vobis

241 1749 361 1786 profecta
381 1751 486 1779 incuria
501 1759 579 1779 mens
599 1751 732 1786 plurimas
746 1756 772 1780 et
784 1752 880 1780 noxias
891 1753 1025 1787 supersti-

240 1797 347 1824 tionum
363 1796 506 1831 opiniones
531 1797 704 1832 germinavit,
727 1801 755 1824 et
774 1796 838 1824 facti
859 1798 924 1825 estis
952 1798 1025 1825 velut

240 1845 316 1869 terra
331 1841 436 1870 defectu
452 1843 580 1878 agricolae
594 1843 752 1874 silvescens,
769 1843 856 1871 multo
874 1844 906 1871 ad
923 1852 1024 1879 purga-

241 1887 343 1916 tionem
359 1888 485 1924 indigetis
500 1893 631 1923 tempore,
644 1893 674 1916 ut
685 1889 814 1917 traditum
826 1889 903 1918 vobis
921 1898 1025 1918 sermo-

241 1940 304 1959 nem
319 1940 413 1960 verum
434 1937 564 1968 tanquam
589 1934 747 1968 praeclaram
774 1938 921 1962 sementem
949 1942 1026 1962 mens

242 1977 396 2012 suscipiens
409 1978 502 2013 pravis
516 1978 748 2007 sollicitudinibus
765 1987 819 2006 non
835 1980 959 2012 snti'ocet,
977 1988 1027 2008 nec

243 2024 278 2052 ad
303 2023 443 2052 salutifera
470 2032 552 2060 opera
579 2025 673 2052 reddat
703 2025 915 2053 infructuosum.
937 2026 1027 2059 Quare

244 2074 363 2105 oportet,
378 2070 466 2105 utqui
480 2070 576 2097 salutis
590 2078 647 2098 sua:
666 2078 760 2097 curam
786 2071 949 2106 suscipiunt,
974 2071 1029 2098 fre-

243 2115 423 2151 quentissime
439 2115 552 2142 audiant
562 2123 617 2150 quo
630 2120 740 2151 peccata
763 2124 796 2143 ex
807 2117 892 2143 multo
909 2121 1029 2152 tempore

245 2167 325 2190 aucta
340 2162 414 2189 brevi
427 2161 499 2197 quod
516 2165 599 2189 restat
612 2166 734 2196 tempore
750 2169 799 2197 per
813 2163 971 2193 continuam
987 2163 1028 2190 di-

243 2208 383 2243 ligentiam
400 2208 434 2235 ad
448 2207 628 2242 expiationem
639 2208 744 2243 possint
759 2208 864 2236 referri.
882 2207 950 2236 Cum
964 2217 1029 2243 ergo

1075 1620 1231 1656 ἐπέτρεψεν.
1242 1619 1414 1650 Εἰσελθόντος
1427 1617 1455 1644 δὲ
1471 1616 1518 1643 τοῦ
1538 1616 1616 1651 ὄχλου
1635 1613 1732 1641 πολλοῦ
1748 1613 1783 1645 ⁸⁸,
1799 1621 1862 1638 συν-

1075 1667 1147 1702 ήθως
1159 1664 1381 1701 προσαγορεύσας
1396 1663 1486 1698 λέγειν
1502 1661 1611 1698 ήρξατο·

1110 1711 1142 1739 ll.
1169 1711 1276 1747 Ἐπειδὴ
1293 1710 1377 1745 πολλῇ
1394 1710 1428 1744 τῇ
1452 1707 1513 1735 καθ’
1534 1706 1610 1742 ὑμῶν
1629 1706 1673 1740 ὑφ’
1691 1703 1768 1740 ὑμῶν
1784 1711 1860 1737 γενο-

1079 1759 1146 1795 μένῃ
1162 1756 1369 1793 ὰμελείᾳὸνοῦς
1384 1755 1434 1786 τὰς
1457 1753 1557 1785 πολλὰς
1583 1752 1630 1779 καὶ
1657 1749 1794 1786 βλαϐερὰς
1808 1748 1864 1775 τῶν

1077 1804 1228 1841 θρησκειῶν
1248 1802 1374 1834 ὑπονοίας
1401 1800 1540 1835 ἐξέφυσεν,
1566 1799 1613 1826 καὶ
1628 1797 1757 1841 γεγόνατε
1771 1795 1864 1841 ι’ὒσπερ

1077 1838 1111 1885 γῆ
1123 1838 1151 1866 ’⁵⁸
1167 1848 1268 1883 ἀπορίᾳ
1282 1845 1405 1883 γεωργοῦ
1421 1843 1602 1880 χερσεύσασα,
1620 1840 1718 1868 πολλοῦ
1734 1839 1803 1875 πρὸς
1819 1838 1865 1865 κά-

1078 1895 1172 1930 θαρσιν
1188 1893 1275 1920 δεῖσθε
1296 1892 1402 1928 χρόνου⁷
1424 1891 1467 1916 ἵνα
1483 1889 1527 1916 τὸν
1546 1886 1751 1924 μεταδιδὸμενον
1764 1885 1787 1900 ⁵⁷
1800 1885 1864 1920 ὑμῖν

1078 1928 1156 1975 λόγον
1179 1938 1266 1974 ἀληθῆ
1288 1937 1381 1973 ὥσπερ
1400 1935 1482 1962 καλὸν
1500 1934 1599 1969 σπόρον
1614 1933 1628 1959 ό
1643 1931 1706 1962 νοῦς
1722 1930 1812 1956 λαόὼν

1078 1987 1177 2016 κακαῖς
1201 1983 1323 2020 φροντίσι
1349 1980 1501 2017 συμπνίξας
1525 1979 1647 2014 ἄκαρπον
1670 1975 1830 2011 καταστήσῃ
1843 1974 1864 1990 ⁸⁵

1078 2031 1147 2068 πρὸς
1168 2030 1203 2057 τὰ
1230 2029 1325 2062 σώζειν
1350 2027 1485 2062 δυνάμενα
1501 2025 1578 2062 ἔργα.
1596 2024 1641 2050 Διὸ
1658 2022 1711 2059 χρὴ
1733 2022 1797 2068 τους
1815 2029 1864 2047 πε-

1079 2066 1254 2113 φροντικότας
1291 2074 1341 2109 τῆς
1375 2071 1479 2099 ἑαυτῶν
1513 2069 1648 2105 σωτηρίας
1675 2066 1864 2113 συνεχέστερον

1079 2111 1234 2152 ἐτιακούειν,
1260 2121 1333 2151 ὅπως
1356 2118 1390 2145 τὰ
1406 2117 1429 2133 "
1445 2117 1478 2144 ἐκ
1502 2115 1613 2151 μακρῶν
1638 2113 1740 2150 χρόνων
1764 2111 1865 2146 ἀτοπή-

1082 2176 1154 2203 ματα
1176 2165 1359 2202 πληθυνθέντα
1382 2161 1528 2200 βραχεῖτῷ
1550 2158 1766 2196 περιλειπομένῳ
1779 2157 1867 2203 χρόνω

1081 2200 1186 2248 συνεχεῖ
1201 2200 1303 2246 σιτουδῇ
1322 2209 1390 2245 πρὸς
1410 2208 1542 2244 κάθαρσιν
1566 2204 1730 2240 ἀναλογῆσαι
1754 2200 1865 2236 δυνηθῇ.

244 2254 393 2289 unicuique
403 2253 523 2281 incertus
539 2254 574 2281 sit
585 2262 641 2282 sua:
664 2255 725 2282 vitae
741 2255 885 2288 terminus,
903 2255 1022 2282 festinatc

1088 2247 1196 2293 Ἐπειδὴ
1213 2257 1235 2272 ⁵⁸
1251 2254 1297 2282 οὖν
1310 2254 1424 2285 ἕκαστος
1438 2253 1533 2288 ἄδηλον
1550 2251 1605 2286 ἔχει
1622 2249 1669 2277 τοῦ
1688 2249 1754 2276 [δίου
1770 2247 1866 2283 χρόνου

245 2300 347 2327 multas
362 2307 378 2327 e
397 2300 526 2328 cordibus
549 2301 648 2328 vestris
674 2300 817 2328 extrahere
846 2301 948 2334 spinas,
975 2307 1028 2327 non

245 2353 311 2373 vero
324 2345 466 2380 paulatim,
482 2353 570 2381 neque
581 2346 653 2374 enim
667 2346 808 2382 repurgari
821 2347 955 2381 poteritis,
965 2346 1029 2382 quia

244 2391 312 2419 estis
327 2399 390 2427 ager
402 2392 488 2427 spinis
503 2392 627 2419 horrens.

281 2436 326 2464 Ill.
346 2436 405 2465 Non
422 2437 501 2464 aliter
526 2445 589 2464 vero
610 2437 726 2464 multum
752 2437 873 2465 studium
891 2438 1030 2472 suscipere

244 2485 283 2513 ad
307 2485 494 2520 purgationem
519 2489 639 2512 vestram
664 2484 846 2518 sustinebitis,
870 2484 923 2512 nisi
952 2485 1033 2511 vobis

246 2532 313 2560 irati
325 2531 471 2566 increpatis
484 2539 533 2558 vos
547 2531 582 2558 ob
596 2539 629 2558 ea
650 2531 677 2558 in
696 2531 806 2566 quibus,
821 2531 895 2558 velut
918 2530 1030 2558 inutiles

245 2577 329 2610 servi,
343 2577 450 2606 insidiis
475 2577 550 2611 petiti
568 2577 635 2604 estis
645 2580 673 2604 et
686 2577 767 2605 malis
782 2577 880 2604 vestris
897 2577 1030 2611 cupidita-

247 2629 319 2657 tibus
341 2628 533 2661 consensistis,
549 2631 576 2654 at
589 2627 692 2661 justam
721 2627 893 2655 iracundiam
908 2627 935 2654 in
951 2635 1030 2654 men—

1083 2304 1113 2330 τὸ
1127 2292 1212 2335 τέλος,
1239 2301 1372 2328 σπεύσατε
1387 2299 1437 2331 τὰς
1460 2297 1561 2329 πολλὰς
1587 2296 1641 2322 τῶν
1657 2293 1774 2330 καρδιῶν
1791 2292 1867 2328 ὑμῶν

1083 2349 1180 2382 ἐξελεῖν
1205 2348 1341 2378 ἀκάνθας·
1369 2346 1406 2382 μὴ
1431 2345 1490 2371 κατ’
1507 2343 1611 2377 ὀλίγον·
1628 2341 1658 2368 οὺ
1680 2340 1734 2376 γὰρ
1757 2339 1868 2374 δυνήσει

1084 2396 1130 2422 σθε
1146 2394 1323 2431 καθαρθῆναι,
1341 2393 1386 2418 ἐπὶ
1401 2390 1467 2417 πολὺ
1483 2388 1537 2424 γὰρ
1553 2386 1740 2423 ὲχερσεύσατε.

1118 2441 1161 2469 Ill.
1182 2428 1238 2467 οςὶκ
1255 2428 1340 2470 άλλως
1356 2438 1383 2465 δὲ
1402 2437 1432 2464 τδ
1447 2435 1513 2462 πολὺ
1534 2434 1584 2470 τῆς
1601 2431 1719 2466 σπουδῆς
1736 2430 1805 2466 πρὸς
1819 2428 1868 2455 κά-

1082 2489 1177 2524 θαρσιν
1194 2487 1270 2523 ὑμῶν
1295 2483 1472 2516 ἀναδέξασθαι
1495 2480 1653 2517 ὑπομενεῖτε
1662 2478 1701 2524 _“,
1716 2476 1818 2524 ‘edtvryﬁ
1834 2484 1868 2524 γε

1082 2521 1173 2565 αὐτοῖς
1193 2521 1362 2568 ὀργισθέντες
1387 2528 1554 2564 ἐπιπλήξητε
1578 2526 1641 2562 περὶ
1658 2521 1695 2551 ὧν
1711 2523 1750 2555 ὼς
1764 2523 1868 2568 ἀχρεῖοι

1081 2580 1169 2607 δοῦλοι
1184 2567 1401 2614 θ’θὲνηδρεύθητε
1426 2574 1582 2609 συνθέμενοι
1602 2571 1661 2602 ταῖς
1676 2569 1775 2599 κακαῖς
1791 2567 1868 2614 ὑμῶν

1083 2627 1250 2662 ἐπιθυμίαις,
1280 2613 1324 2651 ἵνα
1345 2624 1395 2659 τὴν
1416 2621 1523 2649 δικαίαν
1534 2620 1558 2635 ⁸³
1577 2616 1652 2654 ὑμῶν
1674 2615 1757 2652 ὀργὴν
1775 2613 1814 2649 τῷ
1830 2613 1867 2648 νῷ

881 2683 997 2712 VARl/E
1016 2682 1217 2712 LECTIONES.

282 2734 468 2769 ιοδιαλέγεθαι
486 2734 518 2769 ος
546 2731 668 2769 .⁸¹γ¹ιτιὮ-
689 2739 713 2759 c-
732 2730 960 2769 δτὺξροχιξῖῳίέο
997 2725 1412 2769 ’Ξπίεῖινοιηίο-.⁵³εῖῆο.τξιίέ·
1445 2717 1865 2769 ῗῖίὶξξδέἕξη9.’ἓμῗὲλξξλ.ἷῖ“ἑ“

247 2752 532 2807 εξῄεῖἕξὸἷῖᾶἒῖἀλ
1004 2752 1261 2807 είῗῖδέὲηᾶἓὲὲὲοἰδ-
1283 2752 1822 2807 iussisse-ista9:321:21?
1833 2752 1864 2807 ευ

247 2800 374 2845 η’ἧῇᾯί.
391 2813 398 2830 :
413 2800 488 2831 errat
515 2802 534 2829 S
568 2803 602 2830 de
626 2800 742 2831 lectione
767 2802 809 2829 Ci.
851 2800 909 2828 "In
931 2802 952 2828 0
992 2802 1069 2836 prius
1097 2800 1155 2829 erat
1174 2800 1228 2827 διδό

248 2841 272 2856 η
284 2849 318 2856 -.-
334 2847 378 2856 nm
409 2839 431 2856 n
487 2839 509 2854 eo
519 2837 579 2856 ξας-ει
595 2837 615 2856 [ἶ
663 2836 730 2856 “In
751 2841 775 2856 οι
792 2837 811 2856 ς
838 2837 880 2856 In"
909 2841 1001 2856 bonum
1048 2843 1202 2856 nllnnmmm
1224 2844 1228 2856 ι

248 2841 272 2856 ⁶⁹
284 2836 390 2867 τὶὶόιη.
409 2839 442 2866 0.
487 2839 509 2854 ⁸⁸
519 2837 579 2864 ἐπεί
595 2837 626 2864 C.
663 2836 737 2867 “Ita
751 2841 778 2866 et
792 2837 889 2878 S_leg.
909 2841 1018 2869 censet,
1048 2843 1203 2899 qllaniuam

248 2883 329 2903 sensu
356 2874 418 2909 add.
449 2882 474 2902 c.
504 2876 534 2900 0.
549 2873 592 2909 _"
604 2872 704 2900 κακίαν
730 2875 760 2900 Ο.
782 2873 916 2907 Deinceps
932 2872 1023 2908 ;ὸργήν
1041 2871 1102 2899 add.
1174 2877 1203 2898 ex

249 2909 370 2944 αευούστ·ι
382 2908 417 2937 S..

1251 2788 1309 2826 ενον
1363 2788 1614 2832 νμεταδιδόμεχονῖη
1625 2791 1648 2832 :5
1658 2788 1864 2832 EETGETﬂEstig.

1243 2823 1304 2862 edit
1315 2823 1465 2866 ὐττιομένετε
1481 2823 1506 2856 c'.
1520 2828 1551 2855 C.
1592 2827 1614 2842 "
1627 2824 1713 2866 δουλοι
1726 2823 1862 2866 ίξέιςίωηιε

1223 2859 1329 2904 conject
1355 2859 1396 2895 Ci.
1421 2866 1490 2894 Tum
1523 2859 1712 2901 χερσευσούσῃ.
1731 2859 1752 2887 C
1767 2879 1775 2893 ,
1801 2867 1868 2900 χερη
