1932 3100
274 153 326 182 εει-ι

690 150 720 178 S.
739 148 934 178 CLEMENTIS
951 148 960 176 l
977 146 1063 176 ROM.
1084 145 1184 174 PONT.
1202 145 1317 174 OPERA
1331 145 1444 174 DUBIA.

1846 142 1902 171 288

275 209 375 244 injuste
397 209 495 238 ablatis
519 208 632 244 expleri.
649 207 728 243 Apud
745 211 858 235 vocatos
872 210 964 234 autem
988 205 1053 233 deos

1104 211 1148 230 νον
1174 203 1346 239 κορεσθῆναι,
1370 203 1449 238 Παρὰ
1473 203 1502 230 δὲ
1523 203 1578 234 τοῖς
1596 200 1751 236 λεγομένοις
1767 200 1844 233 θεοῖς
1863 199 1902 227 τὰ

273 255 413 284 contraria
425 259 601 290 peraguntur.
611 253 644 282 Et
658 254 789 281 nonnulla
805 253 833 280 in
848 251 1056 280 admirationem

273 301 386 337 iustitiae
409 301 594 334 denuntiatis,
609 309 670 336 quae
682 301 746 328 licet
760 300 851 328 omnia
865 302 995 333 praecepta
1009 305 1057 324 ex-

273 347 467 382 sequeremini,
482 355 537 374 una
552 347 598 374 Dei
621 346 758 382 ignoratio
772 345 871 373 sulIicit
884 345 918 372 ad
935 344 1056 379 punitio-

274 403 336 423 nem
351 400 480 423 vestram.
508 395 642 423 Creterum
662 395 852 423 convenientes
868 395 900 422 ad
921 395 981 422 loca
995 401 1057 428 qua:

273 447 322 467 vos
337 439 371 466 iis
385 440 542 474 assignatis,
558 440 685 468 alacriter
697 440 879 473 inebriamini,
893 445 920 467 et
933 447 995 468 aras
1008 447 1055 467 ac-

273 485 388 512 ccnditis
401 506 408 518 ,
432 493 549 520 quarum
574 486 655 513 nidor
671 491 784 521 vagatus
801 494 888 514 cecos
903 486 1056 520 surdosque

273 530 386 565 spiritus
404 531 430 558 vi
454 539 504 558 sua
529 531 562 558 ad
588 531 720 559 odoratus
743 532 832 560 locum
848 532 932 559 ducit.
957 532 1055 566 Sicque

272 575 310 602 ibi
327 576 374 603 alii
396 576 522 604 funaticis
537 577 677 610 furoribus
689 598 696 610 ,
712 578 757 605 alii
780 577 907 605 absurdis
921 577 990 606 cibis
1009 586 1054 605 re-

271 622 392 656 plentur.
405 623 437 650 ad
451 623 590 650 libidinem
607 628 752 651 vertuntur
764 624 822 657 alii,
835 623 868 651 ad
884 623 955 651 furta
972 623 1017 650 alii
1028 627 1054 651 et

271 667 417 694 adulteria.
437 667 504 695 Nam
531 667 585 695 fusi
604 669 659 695 illic
683 668 824 703 sanguinis
846 676 930 703 vapor
950 673 976 696 et
997 667 1054 695 vini

272 712 367 740 libatio
379 714 460 741 etiam
479 714 561 741 satiat
573 715 695 749 impuros
711 714 833 749 spiritus,
846 714 893 749 qui
914 714 984 741 intra
1004 722 1053 742 vos

271 760 399 787 occultati
426 761 518 788 omnia
545 761 602 788 haec
625 761 740 788 reddunt
769 761 881 794 suavia,
904 765 985 797 atque
1007 769 1054 796 per

271 805 376 831 somnia
389 813 437 833 vos
455 804 532 833 falsis
552 806 666 841 spectris
688 806 832 838 irretiunt,
848 805 1054 840 innumerisque

270 851 492 885 perpessionihus
507 852 634 886 puniunt.
650 851 716 879 Nam
735 853 879 880 occasione
900 860 1051 885 sacrarum,

270 898 301 920 ut
314 899 423 928 vocant,
441 895 593 923 hostiarum
617 897 711 931 repleti
735 897 802 924 estis
819 897 982 924 truculentis
997 896 1053 923 da:-

269 940 396 968 monibus
408 961 415 973 ,
432 941 480 975 qui
494 946 572 969 caute
587 949 637 970 vos
653 943 755 970 inscios
771 942 928 977 perimunt,
952 946 983 969 ut
998 949 1053 968 non

269 986 392 1014 sentiatis
411 986 500 1014 factas
519 987 643 1015 insidias.
659 987 793 1015 Przetextu
809 988 943 1022 siquidem
960 987 1053 1022 cujus-

267 1032 341 1066 piam
361 1032 468 1067 injuriae
481 1034 522 1061 vel
540 1034 720 1066 calamitatis,
738 1035 858 1066 amoris,
876 1034 933 1067 irze,
949 1034 1054 1061 maesti-

268 1077 323 1109 tia},
339 1082 386 1104 aut
398 1079 495 1113 laqueo
508 1084 556 1106 aut
572 1087 642 1114 aqua
655 1079 798 1112 sull’ocant,
813 1087 828 1106 e
844 1080 905 1106 loco
917 1079 1052 1114 przecipili

267 1122 399 1157 dejiciunt
410 1144 417 1157 ,
435 1125 583 1152 homicidio
599 1125 660 1157 sui,
676 1130 723 1152 aut
747 1125 890 1160 apoplexia
901 1145 908 1158 ,
934 1130 982 1152 aut
998 1124 1052 1152 alio

267 1169 363 1197 morbo
378 1177 393 1197 e
407 1170 460 1198 vita
473 1175 575 1206 cogunt
589 1171 719 1206 migrare.

303 1300 371 1329 XVI.
403 1301 441 1329 Ex
460 1303 543 1330 nobis
568 1307 659 1330 autem
681 1303 772 1330 nullus
798 1303 851 1330 tale
873 1303 937 1338 quid
963 1307 1051 1338 potest

266 1347 321 1382 pati
335 1369 341 1379 ,
359 1347 406 1375 sed
433 1355 448 1375 a
473 1348 552 1376 nobis
576 1349 716 1376 daemones
732 1353 908 1383 torquentur,
925 1349 1050 1384 quando-

267 1393 378 1427 quidem
394 1393 420 1420 in
432 1393 551 1428 aliquem
567 1394 696 1428 ingressi,
707 1398 737 1421 ut
750 1394 854 1422 tardius
866 1394 1049 1429 egrediantur,

267 1442 364 1473 rogant
390 1446 449 1466 nos.
467 1439 518 1466 Sed
532 1439 603 1466 dicet
618 1439 716 1474 aliquis
731 1449 736 1466 :
753 1439 781 1466 ln
796 1441 846 1466 has
863 1440 1050 1474 perpessioncs

267 1485 390 1512 incidunt
412 1485 547 1512 interdum
562 1486 643 1513 etiam
662 1486 777 1520 quidam
794 1485 840 1512 Dei
855 1486 983 1513 cultores.
1000 1486 1050 1513 Aio

265 1530 293 1557 id
310 1530 368 1558 fieri
385 1538 438 1558 non
454 1539 545 1566 posse.
563 1531 609 1558 llle
622 1531 705 1563 enim,
720 1532 753 1565 de
768 1539 822 1566 quo
836 1531 946 1566 loquor,
962 1532 1051 1559 cultor

268 1575 315 1604 Dei
331 1582 372 1604 est
385 1598 393 1610 ,
415 1578 462 1612 qui
478 1586 541 1606 vere
556 1583 597 1606 est
611 1578 657 1605 Dei
672 1578 771 1612 cultor,
791 1586 843 1605 non
859 1579 904 1613 qui
919 1579 1051 1606 duntaxat

267 1622 378 1650 dicitur.
402 1623 454 1656 Qui
470 1628 560 1651 autem
574 1631 636 1651 vere
649 1628 699 1657 est,
717 1624 824 1651 tradita:
839 1625 892 1652 sibi
908 1625 975 1660 legis
989 1632 1050 1660 per-

266 1667 323 1695 licit
343 1675 434 1702 opera.
463 1667 492 1696 Si
517 1669 580 1704 quis
605 1669 686 1703 impie
709 1669 811 1703 egerit,
834 1669 895 1704 pius
922 1677 975 1696 non
996 1674 1047 1697 est.

266 1712 501 1745 Quemadmodum
519 1715 542 1741 si
559 1714 710 1749 alienigena
727 1714 812 1748 legem
827 1718 927 1747 servet,
938 1714 1049 1743 Juda'us

265 1764 306 1786 est
318 1769 325 1793 ;
341 1760 387 1794 qui
400 1768 462 1788 vero
477 1768 529 1787 non
544 1765 644 1793 servat,
655 1765 697 1788 est
709 1761 826 1795 gentilis.
839 1760 950 1788 Judaeus
963 1761 1048 1793 enim.

266 1804 320 1832 Deo
335 1806 459 1837 credens,
477 1806 563 1841 legem
580 1807 688 1841 implet,
706 1814 753 1841 per
769 1814 850 1841 quam
868 1807 948 1834 {idem
966 1808 1048 1835 etiam

264 1851 315 1879 alia
341 1852 411 1880 mala
437 1853 575 1880 montibus
594 1853 695 1880 similia
716 1857 743 1880 et
764 1853 928 1887 gravissima
955 1858 1048 1881 trans-

265 1896 319 1925 l'crt
341 1904 366 1925 α.
390 1898 442 1931 Qui
466 1906 531 1925 vero
553 1906 608 1926 non
635 1895 796 1933 'éxsequitur
824 1899 927 1933 legem,
943 1899 1048 1927 clarum

263 1947 321 1976 est,
346 1945 419 1978 quod
444 1953 499 1972 non
520 1945 656 1972 credendo
682 1947 709 1972 in
729 1945 814 1973 Deum
841 1945 870 1972 ﬁt
895 1945 1046 1981 transfuga,

264 1989 379 2024 ideoque
394 1995 520 2024 peccator
539 1991 612 2018 velut
631 1999 802 2026 nequaquam
817 1991 927 2020 Judaaus
941 1997 1049 2027 propter

264 2039 405 2068 peccatum
429 2043 444 2062 a
468 2036 670 2064 calamitatibus
693 2037 845 2072 subigitur,
860 2046 921 2072 qua:
943 2038 976 2064 ad
996 2046 1048 2072 pu-

265 2080 378 2107 niendos
402 2085 558 2115 peceatores
581 2083 738 2110 constitutae
760 2087 834 2110 sunt.
852 2082 917 2111 Nam
933 2085 1048 2111 consilio

265 2125 329 2158 Dei,
347 2127 420 2160 quod
443 2127 476 2154 ab
500 2128 579 2155 initio
598 2129 733 2156 sancitum
751 2129 815 2162 fuit,
842 2129 914 2156 illius
929 2130 1048 2157 cultores

262 2171 336 2206 juste
347 2177 456 2207 propter
467 2173 563 2201 delicta
572 2182 651 2209 poena
665 2175 850 2209 consequitur.
863 2174 940 2208 Quod
955 2176 993 2208 lit,
1006 2180 1046 2208 ut,

1106 249 1214 276 ὲναντία
1224 249 1336 284 γίνεται.
1347 250 1401 276 Καὶ
1411 249 1469 276 ἐνια
1483 250 1521 281 εἰς
1536 248 1703 283 κατάπληξιν
1717 246 1902 282 δικαιοσύνης

1106 296 1305 332 παραγγέλλετε
1316 296 1348 328 ”,
1362 296 1435 331 ἅπερ
1449 296 1473 323 εί
1488 296 1536 322 καὶ
1548 295 1637 322 πάντα
1650 295 1751 321 ποιεῖτε
1771 294 1808 321 τὰ
1825 301 1903 329 παρ-

1105 342 1274 377 αγγέλματα,
1296 342 1344 377 μία
1358 343 1374 377 ἠ
1390 341 1457 378 πρὸς
1471 341 1536 368 Θεὸν
1549 341 1645 376 ἄγνοια
1661 340 1739 376 ἱκανὴ
1763 339 1901 374 τυγχάνει

1106 389 1174 424 πρὸς
1196 389 1245 425 τὴν
1266 388 1326 416 καθ’
1343 388 1419 425 ὑμῶν
1436 387 1579 424 τιμωρίαν.
1607 387 1680 422 Πλὴν
1700 386 1902 422 συνερχόμενοι

1105 436 1144 466 είς
1157 435 1220 466 τοὺς
1239 435 1284 469 ὑφ’
1299 434 1376 470 ὑμῶν
1389 435 1480 466 αὐτοῖς
1491 433 1616 465 δοθέντας
1628 433 1727 464 τόπους
1740 432 1832 467 ἡδέως
1849 439 1901 466 με-

1106 480 1236 508 θύσκεσθε
1247 481 1294 508 καὶ
1310 481 1418 517 βωμοὺς
1433 481 1578 512 ἀνάπτετε,
1594 476 1630 507 ὧν
1644 480 1660 515 ὴ
1676 479 1773 506 κνίσσα
1789 477 1900 514 ῥεμϐο-

1106 527 1173 563 μένη
1196 528 1243 554 καὶ
1265 528 1300 554 τὰ
1325 527 1413 562 τυφλὰ
1437 528 1484 554 καὶ¹
1505 526 1586 561 κωφὰ
1607 526 1748 561 πνεύματα
1773 525 1820 552 διὰ
1845 525 1901 559 τῆς

1104 574 1227 607 ἐξουσίας
1241 575 1301 609 ἄγει
1315 575 1355 606 είς
1372 574 1418 601 τὸν
1436 574 1486 610 τῆς
1508 574 1666 609 ὀσφρήσεως
1687 571 1776 600 αὐτῶν
1794 571 1898 598 τόπον.

1104 620 1159 646 Καὶ
1174 619 1260 652 οὓτως
1277 620 1331 646 τῶν
1353 621 1410 646 ἐκεῖ
1429 620 1454 646 οἱ
1477 620 1526 655 μὲν
1545 618 1788 654 ἐνθουσιασμῶνίι,
1815 617 1843 643 οἱ
1867 617 1900 642 δὲ

1105 665 1215 701 βρωτῶν
1234 665 1384 693 ἀλλοκότων
1397 665 1613 701 ἐμπίμπλανται,
1629 665 1653 690 οἱ
1666 664 1695 690 δὲ
1707 664 1753 690 ἐπὶ
1763 663 1794 690 τὺ
1811 662 1898 689 ἀσελ-

1104 712 1206 746 γαίνειν
1220 712 1363 748 τρέπονται
1376 731 1382 744 ,
1406 712 1431 738 οἱ
1445 711 1474 738 δὲ
1493 712 1539 737 ἐπὶ
1551 710 1653 742 κλοπὰς
1669 710 1716 736 καὶ
1730 709 1841 744 φόνους.
1861 708 1898 735 Ἠ

1103 758 1157 793 γὰρ
1171 758 1217 784 τοῦ
1236 759 1294 784 ἐκεῖ
1307 758 1422 793 αἵματος
1444 757 1623 792 ἀναθυμίασις
1640 757 1686 782 καὶ
1701 757 1717 791 ἡ
1733 755 1788 782 τῶν
1810 755 1897 781 οἴνων

1106 804 1204 840 σπονδὴ
1219 805 1265 831 καὶ
1280 803 1350 831 αὐτὰ
1362 803 1384 819 ¹⁵
1399 804 1475 839 κορεῖ
1487 802 1522 829 τὰ
1536 802 1678 838 ἀκάθαρτα
1701 801 1858 836 πνεύματα,
1877 800 1898 828 ἅ.

1103 859 1164 877 τινα
1187 849 1414 885 ὲνδομυχοῦντα¹⁷
1437 850 1477 880 είς
1501 849 1572 883 ὑμᾶς
1592 848 1739 883 φιληδόνως
1764 847 1840 882 ἔχειν
1857 847 1896 874 τὰ

1104 897 1161 922 ἐκεῖ
1175 895 1296 922 ποιοῦσιν
1309 916 1316 927 ,
1330 896 1376 922 καὶ
1389 895 1423 922 δι’
1439 895 1549 930 ὀνείρων
1563 894 1635 930 ὑμᾶς
1650 893 1808 928 φαντασίαις
1822 893 1894 928 ψευ-

1103 942 1158 969 δέσι
1176 942 1392 978 περιϐάλλουσιν,
1407 942 1454 968 καὶ
1476 942 1583 978 μυρίοις
1598 940 1740 976 παθήμασι
1753 939 1895 975 τιμωροῦ-

1104 997 1155 1016 σιν.
1178 989 1314 1024 Προφάσει
1331 987 1385 1024 γὰρ
1402 987 1456 1014 τῶν
1476 987 1627 1023 λεγομένων
1649 985 1793 1021 ἱεροθύτων
1807 985 1893 1020 χαλε-

1103 1034 1161 1061 πῶν
1174 1035 1307 1070 δαιμόνων
1325 1029 1515 1070 ἐμπίπλασθε,
1543 1033 1568 1060 οἶ
1588 1032 1634 1060 καὶ
1654 1031 1793 1068 φρονίμως
1817 1032 1894 1066 ὑμᾶς

1103 1081 1276 1113 λανθάνοντες
1298 1079 1473 1116 ἀναιροῦσιν,
1488 1080 1532 1106 ἴνα
1553 1080 1590 1115 μὴ
1613 1079 1709 1115 συνῆτε
1733 1078 1812 1114 ὑμῶν
1839 1079 1893 1113 τὴν

1102 1127 1255 1162 ἐπιϐουλήν.
1271 1126 1410 1163 Προφάσει
1426 1126 1479 1162 γάρ
1489 1134 1561 1157 τινος
1579 1124 1709 1160 ἐπηρείας
1723 1124 1740 1160 ἢ
1754 1124 1858 1160 ἔρωτος
1874 1123 1892 1159 ἥ

1103 1174 1186 1210 ὀργῆς
1204 1174 1220 1209 ἢ
1236 1173 1323 1209 λύπης
1344 1174 1361 1209 ἢ
1383 1173 1483 1209 ἀγχόνῃ
1507 1173 1523 1208 ἦ
1543 1172 1618 1199 ὕδατι
1637 1171 1779 1204 πνίξαντες
1796 1171 1814 1206 ἣ
1835 1170 1894 1197 ἀπὺ

1102 1219 1225 1255 κρημνοῦ
1242 1219 1368 1256 ῥίψαντες
1382 1219 1398 1255 ἦ
1410 1218 1592 1254 αὐτοχειρίᾳῆ
1607 1217 1761 1254 ἀποπληξίᾳ
1775 1217 1892 1252 ῆὲτέρῳ

1101 1266 1153 1292 τινὶ
1168 1266 1248 1292 πάθει
1258 1265 1305 1292 τοῦ
1321 1266 1370 1301 ζῇν
1388 1265 1552 1301 μεθιστᾶσιν.

1137 1311 1206 1339 XVI.
1227 1312 1319 1347 Ἦμῶν
1333 1312 1361 1338 δὲ
1375 1311 1463 1343 οὐδεὶς
1476 1310 1595 1337 τοιοῦτόν
1610 1319 1636 1337 τι
1656 1309 1750 1336 παθεῖν
1763 1308 1889 1338 δύναται,

1102 1358 1159 1385 ἀλλ’
1174 1358 1251 1384 αὐτοὶ
1265 1359 1308 1392 ὑφ’
1319 1357 1397 1393 ἡμῶν
1410 1357 1577 1390 κολάζονται,
1591 1356 1690 1382 ὁπόταν
1705 1356 1744 1387 είς
1757 1363 1818 1381 τινα
1832 1355 1891 1380 εἰσ-

1104 1405 1188 1436 ιόντες
1204 1403 1322 1439 βραδέως
1341 1403 1439 1435 ἐξιέναι
1457 1404 1532 1438 ἡμᾶς
1557 1401 1750 1438 παρακαλῶσιν
1758 1401 1789 1427 ¹⁸.
1804 1399 1887 1436 241

1109 1450 1177 1477 Ἀλλ’
1192 1451 1249 1486 ὲρεί
1261 1458 1316 1482 τις·
1334 1450 1413 1481 Ἴσως
1427 1449 1556 1481 τοιούτοις
1566 1449 1682 1475 πάθεσιν
1691 1448 1738 1474 καὶ
1752 1446 1890 1474 Θεοσεῦὦν

1101 1506 1172 1529 τινες
1181 1498 1388 1523 ὑποπίπτουσιν.
1403 1497 1442 1531 Φη
1448 1497 1478 1531 μὶ
1491 1497 1531 1522 ὅτι
1545 1495 1622 1522 τοῦτο
1635 1495 1773 1522 ἀδύνατον.
1789 1493 1889 1519 Θεσσε-

1064 1553 1084 1581 C
1102 1543 1151 1579 6ης
1165 1543 1219 1579 γὰρ
1234 1540 1310 1574 οὗτός
1324 1543 1407 1574 ἐστιν,
1420 1542 1449 1568 ὃν
1462 1542 1483 1558 ¹⁹
1498 1541 1552 1576 ὲγώ
1566 1550 1651 1576 φημι,
1665 1540 1679 1565 ό
1694 1540 1779 1571 ὅντως
1794 1539 1887 1565 Θεσσε-

1101 1590 1161 1625 ϐὴς,
1179 1590 1227 1624 οὐχ
1241 1590 1270 1621 ὃς
1284 1589 1316 1616 ἂν
1332 1589 1411 1624 μόνον
1426 1588 1549 1623 λέγηται,
1561 1589 1575 1614 ὁ
1591 1587 1620 1614 δὲ
1630 1587 1715 1618 ὅντως
1728 1585 1766 1612 ὢν
1779 1585 1826 1611 τοῦ
1844 1584 1888 1611 δο-

1101 1636 1192 1667 θέντος
1214 1635 1288 1671 αὑτῷ
1310 1635 1392 1670 νόμου
1411 1635 1516 1661 ὲκτελεῖ
1534 1633 1584 1665 τὰς
1605 1632 1728 1669 πράξεις.
1758 1631 1821 1658 Ἐάν
1843 1639 1887 1661 τις

1100 1683 1222 1718 ἀσεϐήσῃ
1234 1703 1241 1715 ,
1259 1682 1374 1716 εὐσεϐὴς
1393 1681 1443 1708 οὐκ
1464 1681 1547 1707 ἐστιν.
1564 1680 1666 1715 Ὀνπερ
1690 1678 1789 1714 τρόπον
1803 1676 1852 1703 ἐὰν
1872 1676 1889 1702 ὁ

1099 1729 1245 1763 ἀλλόφυλος
1264 1728 1310 1754 τὸν
1333 1727 1414 1763 νόμον
1435 1727 1543 1763 πράξῃ,
1575 1725 1699 1756 Ἰουδαῖός
1720 1725 1813 1750 ἐστιν·
1847 1723 1886 1758 μὴ

1100 1774 1204 1810 πράξας
1229 1774 1268 1807 δὲ,
1291 1774 1400 1809 Ἕλλην.
1417 1773 1444 1800 Ὀ
1455 1773 1508 1809 γὰρ
1537 1772 1659 1803 Ἰουδαῖος
1674 1770 1806 1797 πιστεύων
1825 1768 1888 1803 Θεῷ

1099 1821 1171 1847 ποιεῖ
1178 1820 1223 1847 τὸν
1237 1820 1317 1856 νόμον
1328 1820 1361 1852 ’³,
1372 1816 1445 1854 δι’ἧς
1456 1819 1573 1850 πίστεως
1584 1818 1630 1845 καὶ
1639 1817 1672 1844 τὰ
1678 1817 1744 1845 ἄλλα
1750 1816 1783 1843 τὰ
1792 1816 1886 1851 ὄρεσιν

1099 1866 1204 1893 ἐοικότα
1228 1866 1274 1892 καὶ
1296 1865 1430 1902 βαροῦντα
1460 1865 1601 1900 μεθίστησι
1629 1863 1713 1898 πάθη.
1740 1863 1768 1889 '0
1792 1861 1821 1888 δὲ
1845 1861 1884 1897 μὴ

1099 1913 1183 1939 ποιῶν
1198 1912 1243 1939 τὸν
1258 1912 1338 1948 νόμον
1351 1911 1502 1946 δηλονότι¹¹
1515 1912 1547 1937 ἐκ
1556 1910 1602 1937 τοῦ
1619 1909 1655 1945 μὴ
1675 1909 1810 1936 πιστεύειν
1824 1907 1885 1942 Θεῷ

1098 1959 1264 1990 λιποτακτεῖ,
1275 1958 1321 1984 καὶ
1331 1957 1418 1989 οὕτως
1432 1958 1469 1989 ὡς
1481 1957 1540 1992 οὺχὶ
1550 1957 1572 1972 ²¹
1588 1957 1714 1986 Ἰουδαῖος
1725 1953 1884 1990 ἁμαρτωλὸς

1097 2003 1141 2031 διὰ
1155 2003 1204 2039 τὴν
1218 2003 1353 2039 ἁμαρτίαν
1366 2003 1552 2038 ἐπικρατεῖται
1568 2002 1620 2028 ὑπὸ
1631 2001 1685 2027 τῶν
1699 2002 1739 2032 είς
1753 2000 1783 2027 τὸ
1797 2009 1884 2035 τιμω-

1100 2051 1155 2085 ρεῖν
1173 2050 1235 2081 τοὺς
1255 2048 1461 2085 ἁμαρτάνοντας
1479 2047 1655 2075 καθεστώτων
1677 2046 1780 2073 παθῶν.
1796 2045 1883 2081 Βουλῇ

1098 2096 1165 2122 Θεοῦ
1186 2097 1219 2131 τῇ
1239 2095 1366 2132 ἁπαρχῆς
1384 2094 1524 2131 ὀρισθείσῃ
1546 2094 1659 2125 δικαίως
1681 2095 1736 2125 τοῖς
1758 2092 1885 2119 σέϐουσιν

1099 2142 1179 2170 αὐτὸν
1202 2142 1432 2178 παραπτωμάτων
1454 2141 1533 2176 χάριν
1559 2141 1575 2176 ή
1593 2139 1720 2175 ’τιμωρία
1735 2138 1848 2171 ἕπεται,
1869 2138 1884 2164 ὃ

1099 2189 1212 2223 γίνεται,
1224 2189 1268 2216 ἵνα
1277 2188 1315 2220 ὡς
1324 2188 1458 2223 ὀφείλημα
1468 2187 1511 2214 διὰ
1521 2187 1568 2222 τῆς
1579 2185 1693 2221 βασάνου
1707 2184 1808 2219 ἀπαιτή
1813 2192 1883 2210 σασα

265 2221 407 2251 postquam
423 2226 502 2252 ptena
525 2219 558 2246 de
572 2225 683 2254 peccato
699 2220 772 2248 velut
786 2221 877 2248 debito
900 2229 947 2255 per
963 2229 1045 2248 vexa~

1102 2219 1147 2271 τὴν
1169 2219 1305 2271 ἁμαρτίαν
1328 2219 1391 2266 τοὺς
1411 2219 1627 2268 ἐπιστρέψαντας
1648 2230 1784 2266 καθαροὺς
1805 2230 1834 2256 ὲν
1848 2231 1883 2266 τῇ

263 2263 364 2290 tionem
389 2265 521 2292 rationem
539 2267 691 2301 repetierit,
708 2275 855 2295 conversos
871 2267 994 2295 homines
1018 2268 1046 2295 in

264 2313 423 2337 cunctorum
445 2311 548 2346 judicio
564 2320 648 2347 puros
674 2318 860 2348 reprzcscnlet.
876 2313 953 2340 Sicut
972 2314 1045 2340 enim

263 2355 395 2390 improbis
410 2365 554 2392 pra-sentes
576 2359 680 2386 deliciae
693 2359 720 2386 in
745 2359 875 2386 damnum
892 2359 1044 2387 futurorum

263 2402 397 2430 bonorum
413 2404 526 2437 cedunt,
549 2405 586 2432 ita
610 2405 742 2440 supplicia
759 2405 843 2439 lapsis
862 2405 888 2432 in
905 2410 1044 2440 peccatum

262 2447 364 2476 Judrcis
385 2451 531 2478 mittuntur
554 2451 588 2478 ad
603 2451 792 2483 exactionem,
819 2457 848 2478 ut
871 2456 979 2486 recepta
1003 2451 1046 2479 hic

263 2494 354 2522 delicti
370 2504 449 2530 paena
472 2505 487 2524 a
504 2497 596 2524 futura
619 2497 675 2525 illic
690 2501 792 2525 αξιοι-[ιιι
815 2497 990 2526 damnatione
1013 2497 1046 2524 li-

262 2541 342 2569 beren
347 2547 399 2571 tur.

299 2607 313 2622 ι
328 2602 422 2630 Matth.
437 2611 502 2634 xvn,
520 2604 564 2631 19.

1097 2281 1152 2308 τῶν
1166 2281 1232 2308 ὅλων
1248 2280 1438 2317 παραστήσῃη
1452 2280 1551 2315 κρίσει.
1570 2279 1612 2309 Ὠς
1627 2277 1680 2313 γὰρ
1692 2279 1748 2309 τοῖς
1761 2277 1854 2307 κακοῖς
1863 2278 1881 2310 ὴ

1098 2328 1212 2354 ἐνταῦθα
1227 2327 1316 2364 τρυφὴ
1331 2327 1371 2358 είς
1395 2325 1495 2361 ζημίαν
1511 2323 1626 2352 αἰωνίων
1645 2322 1754 2357 ἀγαθῶν
1769 2322 1880 2355 γίνεται,

1097 2374 1184 2406 οὕτως
1212 2375 1239 2400 αἱ
1266 2373 1396 2409 τιμωρίαι
1423 2373 1478 2403 τοῖς
1506 2370 1724 2407 παραπίπτουσιν
1748 2368 1883 2399 Ἰουδαίοις

1097 2421 1249 2455 πέμπονται
1262 2421 1301 2451 είς
1314 2418 1457 2455 ἔκπραξιν,
1474 2418 1516 2444 ἵνα
1539 2417 1655 2444 ἐνταῦθα
1670 2414 1848 2445 ἀπολαύοντες
1857 2413 1882 2429 ’⁸

1096 2466 1126 2492 τὸ
1148 2466 1324 2502 παράπτωμα
1336 2465 1386 2501 τῆς
1399 2465 1457 2492 ἐκεῖ
1470 2463 1662 2498 ἀπαλλαγῶσιν
1676 2460 1789 2492 αίωνίας
1803 2459 1880 2487 κολά-

1097 2520 1173 2544 σεως.

895 2647 1012 2675 VAerE
1032 2645 1230 2673 LECTIONES.

298 2693 320 2734 ξ*
331 2694 548 2734 παραγγέλλεται
561 2695 600 2734 Ο..Δ
624 2694 645 2710 ¹⁵
661 2694 848 2734 ἐνθουσιασμρ
856 2693 876 2721 C
892 2692 1111 2734 ,__év_00uatacttaﬁ'

1184 2692 1205 2710 ¹⁶
1213 2691 1280 2722 αὐτή
1293 2690 1323 2718 C.
1341 2690 1494 2717 Lcetionem
1505 2687 1676 2717 Ottoboniani
1688 2686 1839 2722 prmsagivit
1849 2685 1876 2722 ὃ.

266 2728 289 2744 ¹⁷
561 2712 601 2745 ‘1‘.”
892 2712 926 2745 Ἠ
936 2729 964 2754 ὃν
981 2712 1151 2765 ριίιιιιξιῖιιιίεῇι
1171 2726 1189 2753 S
1201 2762 1205 2765 _
1216 2736 1239 2753 c.
1252 2712 1292 2752 Cl.
1330 2726 1355 2765 f"
1367 2725 1446 2765 serie
1453 2725 1575 2765 vocabuli
1591 2712 1701 2765 multatar
1714 2712 1798 2765 lego“:

264 2763 349 2800 6715).}.
361 2756 434 2791 την.
454 2773 501 2800 πρ.
568 2765 623 2791 ἐστ.
689 2764 793 2800 πράξας
806 2764 834 2790 δὲ
857 2756 990 2800 Ἰουδαῐοςξ
1005 2763 1112 2800 Ἕλλην·
1177 2762 1230 2797 γὰρ
1243 2760 1375 2800 πιστεύων
1468 2761 1539 2800 ποιεῖ
1550 2759 1707 2800 τον-νόμον.
1731 2756 1788 2800 Lloc
1800 2757 1878 2800 modo

266 2799 376 2832 elegans
388 2800 463 2826 nasci
476 2792 582 2827 videtur
603 2792 760 2827 anlit'besis:
772 2792 802 2825 ll.
839 2800 860 2814 ¹¹
871 2799 950 2833 δῆλον
966 2792 1006 2824 ῧτι
1022 2797 1051 2824 (Ζ.
1065 2792 1133 2824 Tum
1151 2792 1321 2833 λειποτακτεῖ
1332 2796 1361 2822 0.
1402 2792 1478 2833 ’τούκ
1493 2797 1523 2833 Q.
1556 2795 1579 2810 ’³
1591 2794 1631 2833 lta_
1645 2792 1665 2820 0
1692 2800 1717 2832 _c.
1733 2792 1753 2820 S
1768 2812 1775 2822 .
1790 2799 1875 2826 παρα-

268 2829 361 2868 στήσει
378 2834 408 2861 C.
443 2835 469 2872 ’ᾗ
481 2835 661 2866 ἀπολαύοντες
675 2834 716 2872 υς,
740 2834 787 2869 qui
809 2829 920 2872 insuper
936 2833 1067 2872 exemplis
1085 2831 1289 2872 comprobavit,
1301 2837 1393 2872 ιρι-01η
1409 2830 1555 2872 ἀπολαύειν
1570 2829 1699 2872 conjungi
1718 2835 1800 2864 posse
1819 2833 1877 2855 cum

267 2865 333 2896 cas'u
351 2869 517 2903 accusativo,
536 2874 615 2906 atque
631 2865 704 2898 haud
718 2865 780 2898 rai'o
792 2870 863 2898 sumi
874 2865 907 2897 "m
930 2865 1028 2897 malam
1051 2865 1163 2904 partem.
1181 2867 1210 2895 S.
1227 2865 1409 2896 ἀπολαϐόντες
1430 2865 1460 2900 (ἱ,
1479 2866 1509 2892 0.
