1932 3100
56 142 95 174 m
582 145 863 175 CLEMENTINA.'—
881 146 1022 176 llOMlLIA
1040 149 1087 177 XI.

1613 151 1668 180 ιω

89 205 159 242 m
176 205 260 232 XVI].
288 205 391 241 ’Ὑμεῖς
415 206 442 233 δὲ
459 203 544 232 ταῦτα
567 205 652 232 εἰπεῖν
667 205 697 231 οὐ
712 205 816 232 δύνασθι

870 227 874 234 λ
921 205 1002 233 XVII.
1024 206 1078 235 Vos
1095 215 1160 234 vero
1185 207 1242 236 haec
1263 208 1353 237 dicere
1375 217 1429 237 non
1453 211 1579 245 potestis,
1602 211 1667 246 quia

61 255 84 280 οὐ
101 253 151 288 γὰρ
173 250 319 278 πιστεύετε
333 252 370 278 τὰ
385 252 442 278 ἐκεῖ
456 249 523 278 εἶναι
546 251 585 282 ὡς
599 252 678 286 ἡμεῖς
699 251 812 286 λέγομεν
824 271 831 283 ,

58 300 118 333 λέγω
131 298 172 333 δὴ,
188 299 256 324 ὅπου
271 299 356 324 πᾶσιν
370 298 386 333 ἡ
402 296 578 327 ἀνταπόδοσις
591 296 704 330 γίνεται.
722 293 759 323 Oi:
774 296 831 322 ἓνε-

55 354 94 372 κεν
109 344 271 379 ἀγνοοῦντες
294 344 326 370 τὺ
351 344 487 379 συμφέρον
509 342 562 369 ὑπὸ
584 342 637 368 τῶν
656 342 830 378 προσχαίρων

50 391 144 426 ἡδονῶν
160 391 198 426 μὴ
214 390 311 416 λαϐεῖν
325 390 359 417 τὰ
374 389 470 416 αἰώνια
484 388 665 424 ὲνεδρεύεσθε.
688 388 735 415 Διὸ
749 390 830 424 ἡμεῖς

46 437 88 463 τοῦ
108 437 297 472 συμφέροντος
318 436 379 472 ὑμῖν
392 436 441 467 τὰς
463 435 614 468 ἀποδείξεις
627 435 712 461 ποιεῖν
727 434 828 470 πειρώ-

45 483 120 518 μεθα,
137 484 182 509 ἴνα
196 482 452 519 πληροφορηθέντες
466 481 530 516 περὶ
546 480 600 506 τῶν
614 481 663 515 τῆς
677 480 829 512 θεοσεϐείας

41 529 259 564 ἐπαγ-τελμάτων
283 529 327 555 διὰ
345 528 396 554 τῶν
420 527 528 562 ἀγαθῶν
550 526 674 562 πράξεων
698 526 828 561 δυνηθῆτε

39 576 85 602 σὺν
95 577 164 611 ἡμῖν
176 575 224 601 τὸν
238 575 341 602 ἄλυπον
356 574 440 601 αἰῶνα
452 573 662 609 κληρονομῆσαι.
679 572 766 607 Μέχρι
779 573 828 607 μὲν

35 620 78 649 οἷν
100 621 288 656 γνωρίειέτε¹⁵
302 621 391 656 ἡμεῖς,
412 620 448 656 μὴ
471 619 646 654 χαλεπαίνετε
666 619 731 653 ἡμῖν
741 618 763 633 ’⁸
790 619 828 650 ὡς

33 668 213 703 ψευδομένοις
231 667 296 703 περὶ
317 663 353 693 ὦν
371 667 435 702 ὑμῖν
455 665 567 700 θέλομεν
590 664 689 691 καλῶν.
709 664 750 691 Τὰ
771 665 824 700 γὰρ

31 715 95 749 ἡμῖν
119 713 289 749 νομισθέντα
311 713 396 748 ἀληθῆ
419 721 450 739 τε
470 713 516 739 καὶ
533 712 636 746 ἀγαθὰ,
656 711 742 738 ταῦτα
761 712 825 746 ὑμῖν

31 761 125 796 φέρειν
135 760 188 786 οὐκ
201 760 399 795 ἐφθονήσαμεν,
410 759 476 785 ἀλλὰ
487 758 639 785 τούναντίον
648 758 822 793 ἐσπεύσαμεν

31 807 276 842 ουγκληρονόμους
295 807 365 841 ὑμᾶς
379 805 490 840 ποιῆσαι
503 804 623 838 ἀγαθῶν,
635 801 672 830 ὧν
685 805 766 840 ἡμεῖς
782 813 823 831 νε-

28 854 186 888 νομίκαμεν
195 854 230 879 ¹⁷.
243 852 320 879 Οὕτω
338 851 392 887 γὰρ
406 851 458 886 χρὴ
477 850 546 886 πρὸς
560 851 623 881 τοὺς
637 850 766 881 ἀπίστους
781 850 822 877 λέ-

29 907 91 932 γειν.
102 900 167 925 ’Ὁτι
180 899 211 925 δὲ
224 897 393 933 ἀληθεύομεν
402 897 486 928 ὅντως
500 897 563 932 περὶ
578 893 615 922 ὧν
631 896 754 931 λέγομεν,
769 896 819 923 οὐκ

28 945 112 977 ἄλλως
128 943 283 980 δυνήσεσθε
299 943 406 974 εἰδέναι,
415 942 461 969 ἐὰν
470 943 507 978 μὴ
519 942 650 978 πρότερον
666 942 820 978 φιλαληθῶς

29 991 133 1018 ὑπακοὺ
138 999 219 1026 σητε.

54 1037 158 1064 XVIII.
181 1036 230 1063 Διὸ
243 1036 290 1062 ὲπὶ
308 1035 354 1062 τοῦ
369 1035 510 1071 παρόντος,
526 1034 577 1062 κᾶν
597 1035 630 1062 τὰ
649 1036 733 1071 μυρία
748 1036 820 1070 ὑμᾶς

27 1083 76 1110 ὁὲν
91 1085 163 1119 ὑμῖν
180 1082 337 1118 ὲνδομυχῶν
348 1081 370 1098 ’⁸
385 1081 455 1116 ὄφις,
473 1082 574 1112 κακοὺς
588 1081 731 1109 ὑποὸαλὼν
751 1082 819 1116 λογι-

26 1130 109 1164 σμοὺς
132 1130 184 1156 καὶ
209 1128 349 1163 ἀσχολίας,
364 1127 513 1164 ἐνεδρεύειν
529 1126 591 1163 θέλῃ
602 1127 639 1159 ’³,
651 1127 707 1153 ἀλλ’
730 1125 775 1154 οὖν
787 1137 819 1162 γε

25 1175 102 1211 ὑμεῖς
126 1175 257 1210 ὀφείλετε
292 1174 377 1209 ταύτῃ
412 1173 510 1208 μᾶλλον
536 1172 819 1208 προσφιλονεικοῦντες

24 1222 95 1257 αὐτῷ
107 1221 236 1256 συνεχῶς
250 1220 327 1256 ἡμῶν
334 1220 355 1236 ³⁰
367 1219 520 1246 ἐπακούειν.
532 1220 578 1245 Δεῖ
588 1219 642 1254 γὰρ
653 1218 819 1255 συνεδρεύον-

23 1277 65 1300 τας
79 1268 160 1303 ὑμᾶς
174 1267 241 1298 τοὺς
256 1267 358 1302 σφόδρα
371 1265 560 1301 ἠπατημένους
574 1266 680 1298 ειδέναι,
693 1266 751 1298 πῶς
764 1265 816 1302 χρὴ

24 1315 135 1350 ἐπᾴδειν
145 1312 236 1348 αὐτῷ.
241 1312 344 1344 Ἄλλως
353 1312 381 1338 δὲ
389 1311 528 1338 ἀδύνατον.
539 1312 660 1347 Ἐπᾲδειν
671 1312 699 1338 δὲ
707 1312 726 1327 ³¹
735 1312 816 1346 λέγω,

24 1362 57 1396 τῷ
80 1360 214 1395 λογισμῷ
231 1359 436 1386 ἀντιτάσσεσθαι
451 1360 509 1391 ταῖς
532 1360 630 1391 κακαῖς
644 1358 733 1386 αὐτῶν
749 1368 816 1394 συμ-

25 1407 147 1438 ίιιυλίαις
161 1406 245 1441 243
261 1404 446 1441 μεμνημένους
457 1425 464 1437 ,
485 1405 524 1431 i’m
537 1405 678 1440 ὑποσχέσει
692 1404 817 1439 γνώσεως

26 1453 65 1479 ἀπ’
89 1452 186 1487 ἀρχῆς
199 1451 238 1487 τῷ
250 1451 343 1487 κόσμῳ
359 1450 471 1477 θάνατον
484 1450 660 1486 ἐξειργάσατο
667 1450 698 1476 ³¹.

53 1499 131 1525 XIX.
153 1497 236 1524 ’Όθεν
252 1498 265 1524 ὁ
280 1498 330 1532 τῆς
353 1497 479 1532 ἀληθείας
502 1497 643 1532 προφήτης
671 1497 737 1523 πολὺ
768 1496 814 1523 τὸν

884 258 938 278 non
960 253 1086 286 creditis,
1101 261 1161 288 qua:
1177 253 1233 281 illic
1256 259 1320 282 sunt
1348 263 1409 282 esse
1437 257 1665 290 quemadmodum

884 295 1016 326 dicimus.
1041 298 1102 325 dico
1114 303 1222 331 autem,
1244 299 1289 326 tibi
1312 300 1419 327 cunctis
1440 301 1486 328 ﬁat
1510 302 1664 330 retributio.

879 342 1020 374 Quocirca
1035 344 1107 379 quod
1124 349 1164 371 est
1182 344 1247 372 utile
1272 346 1438 380 ignorantes,
1463 355 1478 374 a
1495 349 1665 382 temperat-iis

882 387 1085 422 voluptatibus,
1113 396 1147 417 ne
1179 395 1278 417 :eterna
1305 391 1465 425 accipiatis,
1494 392 1661 427 deeipimini.

881 433 971 466 Quare
987 442 1037 462 nos
1050 442 1200 467 conamur.
1225 436 1362 462 commodi
1386 437 1465 464 vobis
1487 438 1664 472 probationes

881 479 987 512 ail‘erre,
1011 484 1041 507 ut
1064 481 1141 515 plene
1164 481 1231 508 certi
1254 481 1287 508 de
1311 481 1420 516 pictatis
1438 483 1664 517 promissionibus

880 534 928 560 per
943 526 1011 552 bona
1028 533 1109 560 opera
1125 526 1236 561 possitis
1255 527 1398 554 nobiscum
1417 528 1508 555 saeculi
1525 530 1597 564 quod
1615 531 1663 557 tri-

879 571 952 598 stitia
966 574 1044 597 vacat
1061 570 1182 597 liaeredes
1195 570 1336 597 exsistere.
1353 570 1443 598 Donec
1464 571 1545 605 igitur
1560 580 1662 607 cogno-

878 616 961 643 scatis
984 623 1052 648 nos,
1067 623 1099 642 ne
1115 615 1193 642 nobis
1219 616 1418 648 succenseatis,
1437 620 1566 651 tanquam
1586 625 1662 644 men-

877 661 979 688 tiamur
1001 662 1073 688 eirea
1089 661 1160 688 bona
1174 669 1234 695 quae
1248 661 1327 688 vobis
1353 662 1488 696 cupimus.
1504 662 1569 695 Qute
1586 664 1659 691 enim

877 707 1032 741 putavimus
1049 715 1111 734 vera
1126 711 1152 734 ct
1177 707 1258 739 bona,
1275 715 1305 733 ea
1324 707 1356 734 ad
1373 715 1422 734 vos
1438 707 1534 735 alTerre
1548 717 1602 736 non
1618 710 1659 737 in-

875 753 1011 786 vidimus;
1027 753 1073 780 sed
1090 757 1183 780 contra
1199 752 1400 786 festinavimns,
1415 754 1528 781 reddere
1539 762 1588 781 vos
1610 756 1659 782 ιιο-

875 805 988 831 norum,
1011 805 1071 832 qua:
1094 798 1239 830 novimus,
1257 799 1420 826 coltazredes.
1446 798 1482 826 ita
1508 800 1609 834 quippe
1623 800 1657 827 ad

875 842 995 870 inﬁdeles
1018 843 1182 878 loquendum
1199 847 1249 871 est.
1267 843 1344 877 Quod
1360 849 1451 871 autem
1477 845 1555 880 plene
1576 854 1656 873 veros

837 880 1041 923 Bproferamus
1063 896 1219 921 sermones,
1245 897 1297 916 non
1323 890 1401 916 aliter
1425 890 1550 925 poteritis
1574 891 1655 925 seire,

871 935 923 962 nisi
934 935 1010 970 prius
1025 943 1087 963 cum
1104 936 1227 963 veritatis
1242 935 1334 963 studio
1347 936 1475 964 audiatis.

903 1034 995 1061 XV‘lll.
1017 1033 1187 1069 Quapropter
1202 1041 1284 1067 nunc,
1297 1034 1359 1062 licet
1372 1042 1494 1070 serpens,
1510 1044 1591 1071 quem
1607 1037 1650 1064 in-

870 1085 914 1108 tus
934 1081 1039 1108 habetis
1059 1080 1186 1107 latentem
1198 1101 1206 1113 ,
1222 1080 1294 1107 mille
1313 1081 1390 1108 vobis
1407 1082 1499 1108 tendat
1525 1083 1650 1117 insidias,

868 1133 968 1161 pravas
993 1125 1162 1160 subjiciendo
1189 1125 1366 1160 cogitationes
1387 1131 1414 1152 et
1441 1127 1649 1161 impedimenta,

869 1176 987 1199 attamen
1005 1179 1038 1199 eo
1054 1171 1141 1206 magis
1163 1171 1295 1198 obsistere
1314 1171 1337 1198 ei
1363 1171 1482 1203 debetis,
1498 1178 1525 1200 et
1539 1173 1651 1201 assiduo

868 1225 919 1245 nos
933 1217 1037 1244 audire.
1054 1216 1168 1252 Oportet
1180 1217 1263 1250 enim,
1280 1221 1309 1244 ut
1324 1225 1390 1250 vos,
1407 1218 1453 1253 qui
1469 1218 1559 1246 fuistis
1573 1219 1651 1247 valde

867 1263 970 1298 decepti
986 1284 994 1296 ,
1011 1263 1201 1290 convenientes
1218 1264 1405 1298 cognoscatis,
1429 1271 1483 1298 quo
1505 1264 1585 1291 modo
1605 1265 1650 1292 ille

868 1308 1048 1337 incantandus
1065 1311 1110 1336 sit.
1124 1309 1209 1336 Aliter
1224 1316 1289 1336 vero
1305 1309 1362 1336 ﬁeri
1377 1310 1481 1344 nequit.
1507 1309 1649 1338 lncantare

867 1360 958 1383 autem
989 1355 1068 1388 dico,
1094 1358 1185 1382 mente
1205 1363 1357 1390 repugnare
1380 1356 1471 1390 pravis
1494 1356 1647 1384 daemonum

866 1401 987 1429 consiliis
1024 1408 1174 1433 memores,
1208 1408 1270 1428 cum
1310 1401 1493 1436 promissione
1527 1402 1649 1430 scientiae

866 1448 968 1475 mundo
983 1448 1017 1475 ab
1034 1447 1110 1475 initio
1126 1452 1239 1474 mortem
1255 1455 1425 1482 procreasse.

900 1490 970 1518 XIX.
992 1489 1070 1518 Unde
1091 1491 1214 1518 veritatis
1237 1491 1380 1526 propheta,
1403 1492 1493 1520 sciens
1511 1492 1644 1520 mundum

28 1544 127 1579 κόσμον
144 1542 353 1577 πεπλανημένον
370 1541 448 1574 εἰδὼς
464 1542 511 1568 καὶ
530 1543 563 1577 τῇ
590 1541 674 1577 κακίᾳ
691 1541 815 1577 συνθέμε-

870 1543 971 1564 errasse
983 1536 1141 1571 plurimum,
1161 1540 1189 1564 et
1202 1537 1312 1564 malitia:
1332 1539 1504 1566 consensisse
1521 1539 1645 1573 intuitus,

29 1599 65 1616 νον
82 1589 149 1616 ἰδὼν
166 1589 217 1615 οὐκ
234 1589 360 1623 ἠγάπησε
379 1587 428 1623 τὴν
452 1587 520 1623 πρὸς
536 1587 616 1614 αὐτὸν
633 1588 755 1623 εἰρήνην,
773 1587 811 1620 ὡς

29 1635 54 1662 ix
69 1634 182 1670 πλάνης
198 1634 326 1660 συνοῦσαν
339 1633 371 1651 ³³·
390 1634 431 1660 ὅτι
446 1634 485 1665 εἰς
505 1632 581 1664 τέλος
605 1633 726 1668 ἐπιφέρει
744 1634 810 1660 πᾶσι

28 1682 77 1712 τοῖς
93 1680 168 1716 πρὸς
185 1679 284 1706 κακίαν
301 1679 545 1715 ὁμογνωμονοῦσιν,
569 1678 700 1714 παραθεὶς
713 1678 733 1694 ³⁸
751 1678 810 1705 ἀντὶ

28 1726 138 1760 πλάνης,
158 1726 216 1757 τοῖς
232 1725 344 1760 νήψασιν
361 1724 454 1759 ὥσπερ
470 1724 524 1760 πῦρ
537 1723 661 1760 ἐμϐαλὼν
673 1723 722 1759 τὴν
739 1723 809 1750 κατὰ

27 1771 66 1798 τοῦ
84 1770 294 1807 ὲνεδρεύσαντος
312 1770 395 1806 ὀργὴν
422 1770 543 1806 μαχαίρᾳ
595 1770 721 1801 ἐοικυῖαν,
747 1778 808 1805 προ-

26 1818 113 1848 τείνας
129 1816 159 1843 δὲ
172 1816 194 1831 ³⁵
210 1815 288 1850 λόγον
315 1816 419 1851 ἀναιρεῖ
438 1815 487 1850 τὴν
512 1815 622 1849 ἄγνοιαν
641 1816 674 1850 τῇ
698 1813 806 1849 γνώσει,

26 1863 117 1897 ὥσπερ
127 1861 235 1896 τέμνων
251 1861 297 1888 καὶ
308 1860 431 1896 χωρίζων
441 1860 543 1893 ζῶντας
558 1859 611 1887 ἀπὸ
623 1860 676 1887 τῶν
693 1860 806 1895 νεκρῶν.

26 1907 77 1942 Τῆς
93 1907 143 1942 μὲν
158 1904 206 1934 οὖν
226 1906 324 1938 κακίας
345 1906 396 1932 ὑπὸ
420 1907 469 1942 τῆς
493 1906 608 1942 νομίμου
633 1905 757 1940 γνώσεως
773 1914 808 1932 νι-

28 1952 150 1987 κωμένης
165 1952 283 1987 πόλεμος
298 1952 401 1987 συνεῖχε
412 1952 442 1978 τὸ
457 1952 520 1978 πᾶν.
539 1952 678 1988 Σωτηρίας
694 1951 748 1987 γὰρ
763 1952 807 1987 χά-

37 2006 71 2031 ριν
88 1998 144 2029 υἱὸς
160 1997 271 2029 ὑπείξας
286 1996 413 2030 ἀπειθοῦς
436 1997 580 2033 ἐχωρίζετο
599 1997 710 2032 πατρὸς,
727 1997 744 2033 ἢ
760 1998 806 2024 καὶ

34 2043 115 2079 πατὴρ
141 2042 249 2072 τέκνου,
266 2043 283 2077 ἡ
299 2042 413 2069 τεκοῦσα
430 2042 571 2078 θυγατρὸς,
587 2042 605 2078 ὴ
623 2042 744 2077 θυγάτηρ
759 2051 806 2078 μη-

32 2088 96 2123 τρὸς,
117 2088 167 2115 καὶ
187 2088 260 2122 ἅπαξ
274 2088 333 2116 οί²⁶
349 2090 487 2123 συγγενεῖς
509 2088 646 2123 συγγενῶν
668 2088 715 2115 καὶ
735 2088 804 2123 φίλοι

32 2135 157 2170 συνήθων.

59 2180 117 2207 XX.
137 2180 194 2207 Καὶ
212 2181 247 2216 μή
262 2190 305 2213 τις
320 2180 434 2215 λεγέτω·
452 2180 515 2212 Πῶς
529 2179 607 2207 τοῦτο
623 2180 737 2213 δίκαιον,
756 2189 805 2216 χω-

864 1589 918 1609 non
933 1581 1062 1616 expetivit
1084 1589 1178 1616 pacem
1201 1589 1262 1608 cum
1279 1582 1335 1614 illo,
1353 1586 1383 1609 ut
1397 1590 1429 1610 ex
1445 1591 1539 1611 errore
1556 1585 1646 1611 consi-

863 1632 979 1655 stentem
998 1636 1006 1661 ;
1028 1627 1076 1655 sed
1090 1635 1177 1662 usque
1199 1628 1232 1655 ad
1252 1629 1334 1655 tinem
1360 1632 1476 1657 cunctos
1494 1629 1521 1656 in
1542 1630 1644 1658 malitia

863 1673 1064 1702 consentientes
1090 1678 1238 1709 oppugnat,
1250 1678 1275 1701 et
1289 1675 1431 1702 veritatem
1448 1676 1475 1702 in
1493 1677 1583 1703 locum
1599 1684 1644 1703 er-

861 1719 933 1746 roris
946 1718 1084 1753 proponit,
1103 1725 1135 1745 ac
1154 1718 1378 1753 resipiscentibus
1397 1720 1470 1748 velut
1486 1721 1576 1757 ignem
1593 1722 1645 1749 im-

861 1764 944 1791 mittit
969 1763 1037 1790 iram
1067 1764 1198 1792 adversus
1230 1764 1429 1798 insidiatorem,
1463 1774 1524 1801 quae
1553 1767 1644 1802 gladio

861 1810 960 1837 similis
998 1815 1041 1838 est
1069 1816 1103 1844 ι,
1126 1810 1285 1846 objectoque
1310 1819 1436 1839 sermone
1461 1812 1641 1848 ignorantiam

860 1857 1014 1892 cognitione
1041 1857 1182 1891 interimit,
1209 1858 1288 1892 quasi
1313 1859 1440 1886 scindens
1456 1866 1487 1885 ac
1510 1867 1642 1893 separans

859 1903 936 1931 vivos
952 1910 967 1930 a
987 1903 1111 1930 mortuis.
1128 1903 1220 1937 itaque
1230 1898 1413 1931 dum'malitia
1426 1911 1474 1938 per
1492 1904 1641 1939 legitimam

859 1947 1039 1983 cognitionem
1054 1947 1222 1982 vincebatur,
1238 1948 1336 1975 bellum
1349 1953 1446 1976 cuncta
1461 1949 1556 1976 tenuit.
1573 1949 1640 1977 Nam

858 1999 967 2029 propter
996 1994 1112 2021 salutem
1139 1994 1211 2022 titius
1240 1994 1353 2022 credens
1370 2002 1385 2021 a
1401 2000 1476 2029 patre
1501 1995 1641 2031 incredqu

859 2039 993 2074 separavit
1001 2047 1040 2071 se,
1054 2040 1095 2067 vel
1109 2045 1185 2076 pater
1200 2046 1215 2066 a
1227 2040 1291 2073 lilio,
1305 2041 1421 2075 genitrix
1439 2048 1454 2068 a
1471 2041 1537 2074 ﬁlia,
1553 2041 1608 2068 tilia
1623 2050 1639 2069 a

857 2091 954 2118 matre,
979 2091 1060 2121 atque
1083 2086 1196 2113 omnino
1225 2086 1369 2121 propinqui
1385 2094 1401 2113 a
1426 2086 1587 2130 propinquis
1613 2092 1639 2114 et

858 2131 938 2158 amici
954 2139 969 2158 a
982 2131 1173 2158 familiaribus.

892 2177 951 2205 XX.
971 2176 1063 2212 Neque
1091 2177 1165 2204 dicat
1190 2177 1289 2212 aliquis
1306 2177 1471 2210 :Quomodo
1493 2177 1520 2205 id
1532 2178 1637 2213 justum

29 2225 143 2260 ρίζεσθαι
166 2227 252 2260 γονεῖς
271 2226 373 2252 τέκνων
397 2225 443 2252 καὶ
463 2225 544 2252 τέκνα
560 2225 680 2260 γονέων;
697 2225 803 2251 Δίκαιον

870 2223 946 2256 uerit,
963 2223 1084 2257 separari
1104 2227 1230 2257 parentes
1243 2230 1258 2249 a
1271 2223 1375 2255 liberis,
1393 2223 1492 2251 liberos
1507 2231 1522 2251 a
1539 2231 1637 2258 paren-

27 2272 67 2296 tu'v.
83 2271 165 2297 πάνυ.
183 2270 214 2297 Εἰ
232 2270 285 2306 γὰρ
309 2270 440 2302 συνόντες,
460 2269 528 2306 μετὰ
548 2269 594 2296 τοῦ
611 2270 691 2305 μηδὲν
706 2270 803 2302 αὐτοὺς

26 2314 143 2349 ὠφελεῖν,
163 2316 210 2342 καὶ
233 2314 435 2343 συναπώλλυντο
460 2316 560 2348 αὐτοῖς,
573 2315 631 2346 πῶς
644 2315 674 2341 οὐ
690 2315 802 2348 δίκαιον,

25 2360 68 2385 καὶ
79 2358 101 2376 ’τ
115 2361 281 2396 χωρισθῆναι
295 2361 341 2387 τὸν
358 2361 488 2393 σώζεσθαι
505 2361 614 2387 θέλοντα
628 2360 682 2387 ἀπὸ
702 2360 750 2387 τοῦ
766 2361 803 2396 μὴ

24 2403 157 2436 θέλοντος,
175 2406 366 2433 συναπολέσθαι
387 2407 415 2433 δὲ
424 2406 445 2422 ³⁸
462 2406 640 2441 βουλομένου;
661 2406 728 2441 πρὸς
743 2405 804 2432 τού-

23 2457 75 2481 τοις
89 2450 153 2476 οὐδὲ
173 2450 248 2476 αὐτοὶ¹
263 2451 288 2477 οἱ
311 2451 341 2477 τὸ
361 2453 481 2487 κρεῖττον
498 2451 653 2486 νενοηκότες
669 2450 803 2487 χωρισθῆ-

60 2514 74 2528 ι
85 2507 184 2536 Matth.
204 2516 232 2542 ι,
247 2508 294 2536 54.

855 2269 939 2296 tibus.
965 2267 1073 2295 Justum
1090 2272 1141 2301 est,
1157 2272 1184 2295 et
1201 2268 1289 2296 valde.
1313 2268 1380 2296 Nam
1404 2271 1427 2297 si
1449 2277 1503 2297 una
1527 2271 1634 2304 morati,

855 2319 1033 2349 przeterquam
1057 2315 1129 2349 quod
1146 2314 1214 2341 nihil
1227 2315 1266 2342 eis
1283 2315 1438 2349 proderant,
1464 2315 1546 2343 etiam
1571 2323 1634 2344 cum

855 2362 910 2389 illis
923 2362 1058 2396 peribant,
1073 2370 1129 2397 quo
1151 2367 1230 2397 pacto
1250 2370 1357 2398 aequum
1376 2371 1430 2390 non
1451 2367 1494 2392 est
1513 2365 1634 2399 separari

855 2415 929 2439 eum,
946 2407 991 2442 qui
1006 2407 1105 2435 salvari
1120 2409 1190 2440 vult,
1207 2408 1242 2436 al)
1253 2416 1286 2436 eo
1301 2409 1347 2443 qui
1358 2417 1412 2437 non
1430 2410 1496 2443 vult,
1511 2411 1558 2437 sed
1579 2419 1632 2438 una

855 2453 945 2488 perire
959 2453 1042 2488 cupit.
1064 2453 1104 2481 Ad
1121 2453 1188 2488 haec,
1205 2462 1260 2482 non
1277 2454 1326 2488 illi,
1349 2455 1396 2490 qui
1424 2456 1495 2490 quod
1522 2461 1633 2491 prestat

652 2576 770 2605 VARUS
788 2574 988 2603 LECTIONES.

54 2643 231 2685 ξιγνωρίζετεΔ
241 2643 272 2673 C.
284 2643 308 2660 "
317 2644 385 2685 ῥμῖν
397 2644 439 2685 gl:
452 2644 608 2685 Fallitur-ﬁ.
621 2645 654 2685 ile
666 2645 784 2685 lectione
795 2645 834 2685 Ci.
883 2644 1129 2685 ’⁷-νενοήκαμεν-β.
1144 2679 1149 2685 _
1168 2645 1191 2661 ³⁸
1203 2643 1242 2671 Ita
1263 2645 1284 2685 ρ
1311 2649 1337 2671 et
1350 2644 1519 2685 exucpniectn.
1532 2643 1552 2673 C
1567 2663 1585 2685 ε.
1598 2645 1625 2685 in

22 2679 71 2713 cui.
87 2679 168 2719 textu
179 2679 361 2719 ἐνᾷομοιχῶν.
382 2680 463 2719 ."lta
475 2681 501 2719 HS
515 2681 606 2719 ,βέλει
667 2681 783 2719 Ambigo
809 2681 842 2719 d_e
857 2681 993 2719 scriptura
1002 2680 1066 2719 libri
1079 2679 1171 2719 Οιιοί)ἶ
1183 2687 1237 2706 non
1254 2679 1342 2719 plena.
1365 2679 1402 2719 ,³ο
1413 2679 1488 2719 ὺμῷν
1501 2681 1531 2719 0_.
1566 2679 1585 2694 ³¹
1596 2680 1625 2706 δέ

23 2720 71 2741 om.
84 2715 115 2741 0.
147 2715 168 2730 ¹²
179 2713 459 2750 νὺὺζμεμνημένους,
473 2717 513 2742 ὅτι
525 2716 668 2751 ὑποσχέσει
684 2713 809 2750 γνώσεως
817 2716 863 2742 ἀπ’
879 2713 967 2750 ἀρχῆς
981 2714 1019 2749 τῷ
1036 2714 1129 2750 κόσμῳ
1143 2714 1254 2740 θάνατον
1267 2713 1441 2749 ἐξειργάσατο
1458 2715 1569 2749 largitus
1585 2719 1627 2742 est

22 2749 48 2774 0.
80 2749 102 2765 ³³
113 2748 172 2777 Non
185 2751 312 2777 continuo
322 2757 411 2777 pacem
432 2751 528 2777 mundo
546 2751 573 2777 in
586 2751 718 2777 erroribus
732 2751 814 2777 Dosito
826 2750 907 2777 dedit.
923 2750 1035 2777 Reman.
1051 2757 1085 2777 vi.
1102 2749 1128 2776 4.
1148 2748 1225 2776 Unde
1244 2749 1454 2777 coniectaverim
1471 2757 1532 2776 esse
1555 2750 1624 2776 seri-

43 2769 48 2774 .
80 2757 102 2765 "
113 2757 172 2777 non
185 2757 312 2777 continuo
322 2757 411 2777 vacem
432 2757 528 2777 mundo
546 2759 573 2777 ιη
586 2757 718 2777 erroribus
732 2757 814 2777 υοδιιο
826 2757 907 2777 αεαιι,
923 2757 1035 2777 ιίιιεοαη.
1051 2757 1085 2777 νι.
1102 2757 1128 2776 4.
1150 2757 1225 2776 unde
1244 2757 1454 2777 coniectavertm
1471 2757 1532 2776 esse
1555 2757 1624 2776 SCI‘1‘

23 2755 48 2774 υ.
80 2755 102 2765 ’-
113 2755 172 2777 Non
185 2755 312 2777 continuo
321 2757 411 2783 pacem
432 2755 528 2777 mundo
546 2755 573 2777 in
586 2755 718 2778 erroribus
731 2755 814 2784 posito
826 2755 907 2777 dedit.
923 2755 1035 2784 lteragn.
1051 2757 1085 2782 νι,
1102 2755 1128 2776 4.
1150 2755 1225 2776 unde
1244 2755 1454 2784 conqeetavernn
1471 2757 1532 2776 esse
1555 2757 1623 2776 sem

23 2782 130 2820 bendum
151 2785 308 2820 συνεστῶτα
323 2783 353 2811 S.
386 2784 408 2799 "
416 2784 480 2813 Post
495 2785 627 2820 παραθεὶς
640 2785 713 2813 deest
733 2785 834 2819 aliquid
849 2805 856 2816 ,
873 2785 966 2819 supple
981 2784 1165 2820 ἀλήθειαν]ςί
1179 2783 1294 2820 similem
1316 2783 1433 2820 aliquam
1446 2791 1550 2811 vocem.
1566 2784 1623 2813 Cir.

23 2816 160 2855 Βρεοῳωνι,
175 2821 192 2848 4
205 2831 212 2849 :
225 2819 279 2847 Sed
295 2819 453 2854 ignorantia:
470 2816 542 2855 ejus.
558 2816 641 2847 ruinis
663 2816 799 2847 scientiain
815 2816 932 2847 veritatis
955 2816 1085 2855 opposuit.
1104 2818 1208 2858 Deinde
1226 2825 1275 2852 ego
1289 2823 1350 2853 post
1361 2816 1471 2854 ’πλάνης
1489 2823 1624 2847 commate

23 2852 130 2890 distinxi,
145 2864 211 2890 non,
224 2860 256 2884 ut
277 2853 301 2885 C
315 2874 324 2889 ,
343 2859 404 2889 post
418 2854 531 2890 νήψασιν
548 2855 577 2883 S.
611 2855 632 2872 ³⁸
643 2855 672 2882 δέ.
683 2855 744 2884 add.
758 2862 782 2885 c.
802 2855 832 2882 Ο.
868 2855 924 2882 "at
940 2857 969 2882 0.
1012 2854 1033 2872 ³⁷
1047 2853 1092 2881 καί
1108 2857 1223 2882 accessu
1242 2860 1276 2881 ex
1292 2854 1322 2882 0.
1363 2853 1438 2881 "ua!
1456 2854 1488 2882 0.

45 2857 130 2891 stinxi,
145 2864 211 2891 non,
224 2860 256 2884 ut
277 2857 301 2885 υ
315 2874 324 2889 ,
343 2859 404 2889 post
418 2857 531 2890 νήψασιν
548 2857 577 2883 S.
611 2857 632 2872 ³⁸
643 2857 672 2882 δέ.
683 2857 744 2884 add.
758 2862 782 2885 c.
802 2857 832 2882 Ο.
868 2857 924 2882 "at
940 2857 969 2882 0.
1012 2857 1033 2872 ³⁷
1047 2857 1092 2881 καί
1108 2857 1223 2882 accessit
1242 2860 1276 2881 ex
1292 2857 1322 2882 0.
1363 2857 1438 2881 ἐκαε
1456 2857 1488 2882 0.
