1932 3100
304 153 354 181 291

715 153 744 180 S.
763 152 957 180 CLEMENTIS
977 153 986 181 I
1006 152 1089 181 ROM.
1109 152 1209 181 ΡΟΝΤ.
1227 152 1342 181 OPERA
1360 152 1476 182 DUBIA.

1884 152 1926 182 29!

306 210 470 246 intelligunt,
493 211 593 238 vellent
621 211 753 246 separari,
776 211 832 238 imo
861 211 944 239 simul
965 219 1086 245 manere,

1142 220 1182 239 ναι
1195 211 1276 248 2“
1288 211 1395 248 ἥθελον,
1420 213 1488 240 ἀλλὰ
1505 212 1621 240 συνεῖναι
1640 212 1687 239 καὶ
1702 210 1820 246 ὠφελεῖν
1836 211 1926 242 ante);

309 257 433 292 aliosque
442 258 588 285 meliorum
603 258 773 293 expositione
787 257 893 292 juvare.
912 257 989 285 Unde
1002 258 1089 286 incre-

306 303 374 335 duli,
401 303 464 331 dum
488 305 615 331 nolebant
639 304 744 337 audire,
766 304 819 339 ipsi
841 309 936 331 contra
951 311 1001 332 eos
1036 312 1088 339 pu-

308 350 428 382 gnabant
441 358 488 385 per
506 351 716 385 scparationem,
742 350 967 385 persecutionem,
983 351 1087 379 odium.

308 396 360 429 Qui
375 404 438 423 vero
452 397 504 424 ista
517 397 697 429 sustinebam,
723 397 844 424 miserati
869 404 926 429 eos,
951 397 998 432 qui
1023 398 1088 432 ipsis

307 450 355 477 per
367 442 550 477 ignorantiam
572 442 782 474 insidiabantur,
798 442 923 469 doctrina
938 443 1089 477 prudentia:

307 489 425 515 orabant
438 496 486 523 pro
498 489 672 516 vexatoribus
689 490 759 523 suis,
781 490 899 518 scientes
917 496 1028 517 causam
1041 489 1090 516 de-

307 533 365 561 licti
391 542 451 562 esse
476 535 669 570 ignorantiam.
698 535 758 571 Ipse
779 537 852 564 enim
865 536 993 572 Magister
1005 535 1089 563 clavis

307 581 431 608 conﬁxus
454 582 549 609 orabat
560 581 681 614 Patrem,
693 587 724 610 ut
739 583 798 618 ejus
813 582 1034 610 interfectoribus
1045 583 1088 610 di-

306 627 425 654 mitteret
438 632 591 663 pcccatum,
603 629 696 656 dicens
714 639 720 656 :
739 628 829 662 Pater,
846 629 948 656 dimitte
962 629 1017 656 illis
1030 636 1089 663 pec—

307 678 368 700 cata
378 682 438 700 sua.
455 673 516 701 Non
533 675 602 702 enim
621 676 707 702 sciunt
724 683 783 711 qua:
795 676 895 710 faciunt
910 682 934 702 I.
948 674 1088 702 Imitantes

305 727 372 755 ergo
386 719 545 756 Magistrum
560 725 586 748 et
599 721 651 756 ipsi
665 721 692 748 in
707 721 742 748 iis
762 729 823 756 qua:
838 721 1009 757 patiebantur
1026 729 1089 749 ora-

306 766 372 794 bant
385 773 434 800 pro
455 766 640 800 aﬂlictoribus,
667 768 895 802 quemadmodum
921 767 1009 795 edocti
1027 766 1088 795 fue—

306 815 378 838 rant.
393 809 439 838 Sic
452 819 506 838 non
517 811 581 839 odio
591 818 733 847 parentum
750 813 956 847 separabantur,
969 813 1089 848 quando.

305 857 414 892 quidem
428 862 455 885 et
465 865 514 892 pro
530 858 574 889 iis,
587 859 633 893 qui
645 866 695 886 nec
711 865 790 886 erant
804 863 940 894 parentes,
958 866 1008 886 nec
1024 865 1088 893 pro-

1138 262 1171 295 τῇ
1185 260 1239 287 τῶν
1253 261 1414 296 κρειττόνων
1433 262 1578 298 ὑφηγήσει,
1603 262 1663 289 ὅθεν
1680 262 1705 288 οἱ
1722 259 1851 291 ἀπειθεῖς
1867 260 1926 285 ἑπα-

1139 305 1227 333 κούειν
1244 306 1332 333 αὐτῶν
1349 307 1386 343 μὴ
1403 306 1527 339 θέλοντες
1547 307 1624 334 αὐτοὶ
1649 307 1748 338 αὐτοὺς
1768 305 1926 341 ἐπολέμουν.

1137 352 1309 388 χωρίζοντες,
1326 352 1479 385 διώκοντες,
1509 353 1661 388 μισοῦντες.
1680 353 1711 379 υἱ
1733 352 1762 378 δὲ
1778 351 1871 378 ταῦτα
1888 350 1926 377 τ’νά

1140 405 1258 433 σχοντες,
1287 398 1424 432 ἐλεοῦντες
1445 399 1543 431 αὐτοὺς
1559 399 1581 414 ⁸⁹
1598 398 1650 425 ὑπὸ
1666 398 1777 432 ἀγνοίας
1794 397 1926 432 ὲνεδρευο

1140 443 1246 478 μένους,
1273 444 1433 481 διδασκαλίᾳ
1463 445 1620 481 φρονήσεως
1645 443 1759 480 ηὔχοντο
1784 443 1859 478 ὑπὲρ
1881 443 1926 469 τῶι

1138 489 1204 516 τὰδ’
1219 490 1292 517 κακὰ
1319 491 1418 522 αὐτοὺς
1442 490 1648 526 διατιθεμένων,
1672 490 1722 526 τὴν
1748 489 1866 523 ἄγνοιαν
1887 488 1926 515 soi

1139 535 1336 572 ἁμαρτήματος
1351 536 1441 563 αἰτίαν
1465 536 1534 563 εἶναι
1552 535 1751 572 μεμαθηκότες.
1771 535 1863 566 Αὐτὸς
1880 534 1926 571 γὰι

1138 583 1153 608 ὁ
1170 581 1334 613 Διδάσκαλος
1360 582 1546 618 προσηλωθεὶς
1568 581 1667 617 ηῠχετο
1689 580 1728 617 τῷ
1744 581 1852 616 Πατρὶ,
1879 582 1926 611 τοῖς

1139 627 1218 654 αὑτὸν
1241 627 1396 663 ἀναιροῦσιν
1420 627 1552 663 ἀφεθῆναι
1577 627 1608 654 τὸ
1637 626 1800 663 ἁμάρτημα,
1834 625 1926 653 εἰπών

1138 673 1245 708 Πάτερ,
1259 674 1334 709 ἄφες
1348 674 1450 708 αὐτοῖς
1473 674 1525 708 τὰς
1541 674 1684 709 ἁμαρτίας
1701 673 1810 706 αὐτῶν,
1830 674 1867 700 οὐ
1879 674 1926 707 rd;

1138 720 1258 748 οἴδασιν
1274 720 1293 748 d
1312 720 1460 748 ποιοῦσιν.
1488 721 1613 756 Μιμηταὶ
1640 718 1687 747 οὖν
1717 720 1861 755 γινόμενοι
1886 719 1926 745 τιή

1138 766 1302 793 Διδασκάλου
1319 767 1365 793 καὶ
1378 767 1463 799 αὐτοὶ,
1481 767 1510 792 ὲν
1525 763 1566 797 οἷς
1581 765 1708 801 ἔπασχον,
1724 765 1797 800 ὑπὲρ
1810 765 1866 791 τῶν
1881 765 1926 791 δια

1137 813 1285 850 τιθεμένων
1302 813 1427 849 ηῦχοντο,
1448 813 1486 846 ὠς
1504 813 1692 848 ἐδιδάχθησαν,
1716 812 1812 844 οὕτως
1841 811 1871 838 οὺ
1887 820 1926 845 γο-

1138 861 1194 891 νεῖς
1212 860 1352 896 μισοῦντες
1368 859 1539 895 ἐχωρίζοντο,
1555 858 1636 885 ὁπότε
1662 858 1710 885 καὶ
1733 858 1805 893 ὑπὲρ
1826 857 1881 884 τῶν
1895 858 1926 893 μὴ

304 903 411 937 pinqni,
429 903 476 931 sed
492 903 606 936 inimici,
632 911 727 938 preces
755 904 898 931 continuas
928 903 1087 938 fundebant,

1142 905 1239 940 γονέων
1268 902 1343 941 μηδὲ
1365 904 1521 940 συγγενῶν,
1553 903 1658 939 ὲχθρῶν
1692 904 1721 930 δὲ
1758 903 1926 939 γενομένων,

305 955 416 983 eosque,
432 952 514 983 prout
528 948 599 984 jussi
614 953 702 983 erant,
717 949 873 977 nitebantur
887 949 1010 984 diligere.

340 1048 410 1077 XXI.
431 1048 496 1076 Mihi
510 1053 600 1077 autem
628 1049 710 1077 dicite
724 1057 782 1082 vos.
798 1058 853 1085 quo
866 1050 946 1078 modo
961 1055 1089 1085 parentes

304 1095 436 1129 diligatis?
451 1094 583 1130 Equidem
595 1096 617 1123 si
633 1096 706 1124 velut
716 1095 851 1130 justitiam
863 1104 970 1131 semper
984 1096 1087 1131 intuiti,

304 1140 372 1168 bene
387 1144 429 1168 est
449 1150 455 1168 :
474 1141 516 1168 sin
534 1149 599 1168 vero
614 1146 723 1173 temere,
740 1150 793 1168 non
811 1142 928 1176 amplius
942 1143 1021 1170 bene.
1037 1142 1089 1170 Po-

304 1186 383 1214 testis
395 1187 467 1214 enim
492 1195 604 1222 parvam
627 1188 662 1215 ob
677 1196 788 1216 causam
802 1195 896 1216 eorum
911 1189 1002 1217 hostes
1018 1189 1087 1217 ﬁeri.

304 1231 383 1264 Quod
395 1232 419 1259 si
438 1233 515 1268 gnari
527 1233 651 1268 diligitis,
670 1234 762 1266 dicite,
785 1234 852 1269 quid
874 1235 930 1262 sint
951 1239 1087 1270 parentes.

304 1275 514 1312 Respondebitis
528 1287 534 1305 :
549 1278 663 1313 originis
676 1282 811 1306 auctores.
832 1279 888 1306 Cur
903 1287 968 1315 ergo
979 1285 1091 1308 cuncta-

304 1330 365 1350 rum
382 1331 473 1350 rerum
498 1324 631 1359 originem
656 1324 741 1352 Deum
768 1333 822 1352 non
846 1326 956 1358 amatis,
974 1326 996 1354 si
1011 1327 1087 1362 justo

303 1369 408 1403 judicio
423 1370 474 1396 hoc
490 1370 649 1404 suscepistis
668 1370 758 1398 facere
773 1370 784 1396 '3
798 1370 850 1397 Sed
866 1375 894 1398 et
906 1371 962 1406 jam
978 1371 1085 1405 dicetis,

306 1416 382 1444 illum
397 1424 452 1444 non
472 1417 610 1445 novimus.
635 1417 727 1451 Quare
754 1418 837 1454 igitur
861 1427 915 1446 non
938 1419 1089 1454 percontati

306 1463 397 1490 colitis
422 1471 504 1491 sensu
529 1463 686 1491 destituta?
707 1464 777 1497 Quid
802 1465 891 1492 vero?
907 1465 958 1493 etsi
983 1464 1090 1492 diﬂlcile

306 1513 365 1536 erat
383 1509 460 1537 vobis
487 1517 652 1545 cognoscere
672 1510 737 1545 quid
751 1510 787 1538 sit
804 1510 892 1543 Deus,
912 1515 941 1538 at
955 1511 1020 1546 quid
1036 1519 1090 1538 non

307 1556 343 1584 sit
357 1555 439 1589 Deus,
453 1563 505 1583 non
518 1557 646 1591 potuistis
655 1564 708 1584 non
721 1557 801 1591 seire,
813 1562 843 1584 ut
857 1558 1030 1592 reputaretis,
1045 1566 1089 1586 ne.

311 1610 364 1637 que
386 1602 498 1638 lignum,
511 1610 600 1637 neque
610 1603 736 1638 lapidem,
751 1611 838 1639 neque
847 1611 895 1636 :es,
915 1611 1003 1639 neque
1016 1605 1090 1633 aliud

307 1649 372 1684 quid
385 1656 416 1675 ex
426 1649 595 1684 corruptibili
604 1654 733 1677 constans
740 1650 852 1677 materia
864 1650 947 1678 Deum
956 1659 1026 1679 esse.

1136 951 1246 978 ἐποίουν
1277 953 1398 986 συνεχεῖς
1421 951 1502 986 εὐχὰς
1518 950 1540 966 ⁵¹
1559 950 1607 977 καὶ
1623 950 1732 985 ἀγαπᾷν
1747 949 1898 985 πειρῶνται
1910 949 1926 964 “

1138 998 1177 1030 ὡς
1191 997 1398 1033 ἐκελεύσθησαν.

1174 1053 1244 1081 XXI.
1264 1053 1366 1081 Εἴπατε
1381 1053 1410 1080 δέ
1435 1061 1479 1089 μοι
1504 1054 1592 1089 ὑμεῖς,
1610 1053 1669 1085 πῶς
1685 1053 1749 1084 τοὺς
1761 1053 1854 1087 γονεῖς
1868 1052 1926 1085 ἁγα-

1139 1101 1230 1133 πᾶτε;
1250 1101 1274 1126 ει
1292 1100 1342 1136 μὲν
1365 1100 1403 1132 ὠς
1417 1099 1448 1125 τὸ
1463 1099 1566 1126 δίκαιον
1587 1099 1631 1125 ἀεὶ
1650 1098 1825 1130 σκοποῦντες,
1843 1097 1926 1124 συνεύ

1139 1153 1230 1181 χομαι,
1248 1146 1272 1172 εἰ
1293 1145 1322 1171 δὲ
1346 1145 1384 1176 ὡς
1408 1144 1512 1180 ἔτυχεν,
1537 1145 1638 1176 οὐκέτι,
1666 1143 1780 1170 δύνασθε
1804 1142 1860 1178 γὰρ
1885 1143 1926 1169 καὶ

1141 1192 1226 1227 μικρᾷ
1248 1190 1382 1227 προφάσει
1408 1190 1510 1217 τοῠτων
1540 1189 1664 1225 γενέσθαι
1680 1188 1784 1224 ἐχθροί.
1802 1189 1835 1215 Εἰ
1853 1188 1882 1214 δὲ
1899 1190 1926 1215 εξ-

1139 1237 1213 1269 δότες
1225 1238 1359 1271 ἀγαπᾶτε,
1368 1236 1462 1263 εἴπατε
1478 1237 1566 1272 ὑμεῖς,
1577 1236 1604 1262 τί
1620 1237 1672 1262 εἰσι
1686 1235 1709 1251 ⁵³
1725 1235 1824 1269 γονεῖς.
1851 1234 1926 1270 Ἐρείι

1139 1291 1183 1310 τε·
1194 1283 1290 1314 Γένους
1299 1283 1458 1318 ἀρχηγέται.
1468 1282 1517 1309 Διά
1525 1282 1551 1308 τί
1559 1279 1605 1308 οὖν
1612 1281 1642 1308 τὸ
1653 1281 1706 1308 τῶν
1715 1280 1783 1307 ὅλων
1795 1280 1874 1314 γένος
1881 1281 1926 1306 οὐκ

1143 1329 1314 1364 ἡγαπήσατε,
1321 1328 1400 1364 εἴπερ
1408 1329 1504 1364 δικαίῳ
1512 1329 1664 1364 φρονήματι
1671 1326 1750 1353 τοῦτο
1757 1327 1846 1353 ποιεῖν
1852 1326 1926 1352 tum

1141 1374 1260 1407 είλεσθες
1275 1374 1344 1401 Ἀλλ’
1353 1374 1393 1401 ἔτι
1406 1375 1452 1400 καὶ
1468 1373 1516 1401 νῦν
1529 1374 1617 1409 ἐρεῖτε
1626 1382 1633 1388 ·
1646 1373 1702 1408 Οὐχ
1710 1373 1872 1408 ἑωράκαμεν
1885 1372 1926 1398 αὑ-

1139 1421 1194 1448 τόν.
1207 1420 1256 1447 Διὰ
1267 1421 1293 1446 τί
1305 1418 1350 1447 οὖν
1362 1420 1399 1456 μὴ
1407 1419 1572 1455 ζητήσαντες
1583 1419 1617 1446 τὰ
1627 1418 1778 1454 ἀναίσθητα
1787 1418 1926 1445 κολακεύε-

1140 1476 1169 1494 τε
1182 1475 1189 1500 ;
1205 1467 1238 1493 Τί
1262 1466 1309 1499 δέ;
1330 1467 1354 1493 εἰ
1379 1467 1426 1493 καὶ
1441 1466 1570 1493 δύσκολον
1579 1463 1613 1502 ἦν
1627 1465 1690 1500 ὑμῖν
1703 1463 1785 1500 245
1795 1464 1895 1498 γνῶναι
1905 1463 1926 1490 τι

1141 1513 1252 1544 Θεδς,τδ
1261 1513 1350 1548 μέντοι
1359 1512 1386 1538 τί
1396 1512 1427 1539 οὺ
1437 1511 1503 1544 Θεὸς
1516 1512 1554 1548 μὴ
1567 1511 1664 1538 εἰδέναι
1675 1511 1725 1538 οὐκ
1741 1510 1879 1541 ἐδύνασθε,
1888 1510 1926 1536 ἵνα

1141 1557 1283 1593 λογίσησθε
1300 1558 1340 1584 ὅτι
1354 1557 1420 1589 Θεός
1434 1558 1506 1583 ἐστιν
1523 1558 1553 1583 οὺ
1572 1556 1658 1588 ξύλον,
1673 1556 1704 1583 οὐ
1719 1555 1804 1588 λίθος,
1820 1556 1850 1582 οὐ
1866 1554 1925 1590 χαλ-

1143 1604 1201 1636 κὸς,
1218 1605 1267 1631 οὐκ
1280 1603 1344 1632 ἄλλο
1364 1612 1391 1630 τι
1407 1604 1440 1630 ἐκ
1463 1603 1585 1639 φθαρτῆς
1597 1601 1708 1637 γεγονὸς
1722 1601 1801 1637 ὕλης.

341 1705 425 1733 XXII.
448 1705 542 1733 Nonne
557 1706 630 1733 enim
646 1706 720 1734 ferro
733 1707 828 1735 cmlata
851 1712 913 1735 sunt
933 1708 1089 1741 simulacra,

1176 1703 1260 1732 XXII.
1278 1701 1317 1730 Ἦ
1332 1703 1387 1740 γὰρ
1403 1704 1453 1739 οὐχ
1473 1703 1526 1730 ὑπὸ
1549 1703 1658 1739 σιδήρου
1680 1701 1863 1739 ὲτορεύθησαν
1886 1701 1924 1727 κα]

306 1757 334 1780 et
350 1752 452 1780 ferrum
467 1753 540 1787 quod
553 1753 668 1788 sculpsit
681 1754 743 1789 igne
758 1754 909 1782 emollitum
922 1758 1008 1788 est,et
1018 1754 1089 1790 ignis

307 1807 377 1834 aqua
393 1799 595 1834 exstinguitur?
609 1800 651 1826 An
664 1807 718 1826 non
735 1807 799 1827 vero
813 1808 882 1835 aqua
899 1808 947 1835 per
962 1801 1088 1835 spiritum

307 1847 443 1875 movetur,
461 1847 542 1878 atque
567 1843 679 1878 spiritus
703 1852 717 1871 a
736 1843 791 1872 Deo
816 1850 976 1873 cunctorum
994 1846 1090 1882 opiiice

307 1888 414 1916 initium
427 1889 568 1917 exstantia:
580 1889 682 1917 habet?
694 1889 738 1918 Sic
750 1891 823 1918 enim
837 1891 1014 1927 diritMoyses
1029 1900 1091 1927 pro-

307 1934 387 1969 pheta
405 1943 411 1962 :
431 1935 463 1961 In
476 1936 606 1970 principio
622 1937 718 1962 creavit
737 1936 807 1963 Deus
824 1936 917 1964 cwlum
929 1943 954 1965 et
968 1943 1066 1965 terram
1080 1946 1090 1966 :

308 1985 380 2008 terra
395 1985 483 2008 autem
501 1987 557 2008 erat
579 1981 719 2009 invisibilis
735 1986 759 2009 et
782 1983 957 2018 incomposita
976 1989 1001 2011 et
1019 1989 1090 2011 tene-

308 2026 362 2054 ινιτ
378 2032 452 2054 erant
474 2035 551 2061 super
565 2027 698 2062 abyssum,
720 2033 744 2055 et
759 2029 866 2063 spiritus
891 2029 939 2056 Dei
959 2030 1092 2064 ferebatur

309 2081 387 2107 super
417 2081 509 2107 aquas.
541 2072 592 2106 Qui
623 2074 754 2108 spiritus,
789 2074 894 2102 dicente
918 2075 990 2108 Dco,
1018 2077 1093 2104 velut

309 2125 409 2145 manus
423 2118 508 2153 ipsius
523 2123 621 2145 cuncta
644 2118 719 2150 fecit,
735 2119 822 2146 lucem
836 2121 972 2154 separavit
987 2129 1001 2148 a
1014 2125 1092 2149 tene-

309 2163 376 2194 bris,
391 2167 417 2190 et
438 2167 500 2197 post
522 2163 621 2190 crelum
647 2162 781 2191 invisibile
794 2164 889 2192 visible
906 2165 1043 2200 expandit,
1063 2169 1093 2193 ut

309 2209 449 2243 superiora
464 2209 499 2236 ab
522 2209 624 2244 angelis
652 2209 722 2236 lucis
744 2209 940 2244 habitarentur,
963 2211 1092 2240 inferiora

309 2262 374 2282 vero
401 2255 436 2282 ab
456 2255 565 2282 homine
582 2263 634 2282 una
650 2263 712 2283 eum
726 2256 854 2284 omnibus
872 2262 984 2292 propter
1002 2258 1092 2294 ipsum

310 2300 388 2328 factis
400 2300 666 2329 administrarentur.

346 2423 437 2451 XXIII.
458 2423 524 2451 Nam
551 2429 658 2460 propter
682 2429 708 2452 te
731 2425 870 2453 hominem
894 2425 966 2454 Deus
991 2434 1090 2462 aquam

309 2480 371 2507 qua:
386 2480 467 2507 supra
483 2473 578 2499 l'acicm
591 2477 670 2500 terra:
685 2478 744 2500 erat
754 2473 834 2507 jussit
847 2474 982 2507 secedere,
999 2478 1028 2501 ut
1042 2475 1090 2501 tibi

309 2524 382 2546 terra
407 2519 511 2546 fructus
535 2524 625 2554 posset
649 2520 822 2554 producere:
838 2524 864 2546 et
886 2520 949 2547 fecit
972 2525 1089 2555 meatus.

309 2573 365 2601 quo
383 2564 472 2593 fontes
487 2565 535 2592 tibi
559 2565 701 2600 praeberet,
717 2573 749 2592 ac
770 2571 931 2600 apparerent
946 2566 1090 2596 ﬂuminum

344 2639 361 2655 ι
376 2631 443 2660 Luc.
460 2640 539 2665 mn,
558 2633 602 2660 54.

1140 1753 1155 1779 ὸ
1169 1751 1300 1787 ’πορεύσας
1314 1750 1337 1766 ⁸⁸
1362 1750 1471 1786 σίδηρος
1495 1749 1548 1776 ὑπὸ
1564 1749 1649 1786 πυρὸς
1672 1748 1826 1784 ἐμαλάχθη,
1843 1749 1889 1774 καὶ
1903 1748 1924 1774 τε

1141 1796 1197 1832 πῦρ
1214 1796 1278 1823 αὐτὸ
1294 1795 1317 1812 ⁸⁸
1335 1795 1477 1822 σὸέννυται
1493 1795 1546 1822 ὑπὸ
1568 1795 1681 1827 ὕδατοςς
1699 1795 1730 1821 τὸ
1749 1794 1777 1821 δὲ
1794 1794 1866 1830 ὕδωρ
1884 1794 1924 1828 οὐ]

1144 1842 1195 1869 ὑπὸ
1204 1842 1358 1877 πνεύματος
1373 1842 1423 1877 τὴν
1438 1842 1544 1878 κίνησιν
1560 1841 1626 1877 ἔχει,
1644 1841 1690 1867 καὶ
1705 1841 1736 1867 τδ
1752 1840 1859 1875 πνεῦμα
1879 1839 1924 1866 ἀπὶ

1141 1888 1187 1915 τοῦ
1203 1888 1238 1914 τὰ
1253 1888 1302 1915 ὅλα
1326 1888 1506 1923 πεποιηκότος
1528 1887 1596 1914 Θεοῦ
1620 1888 1670 1923 τὴν
1686 1887 1772 1922 ἀρχὴν
1785 1886 1836 1921 τῆς
1850 1886 1917 1912 ἑκτά

1142 1943 1211 1966 σεως
1218 1934 1240 1950 ⁵⁸
1251 1934 1324 1969 έχει;
1337 1934 1429 1965 Οὕτως
1443 1934 1498 1970 γὰρ
1510 1935 1524 1961 ὁ
1537 1934 1680 1970 προφήτης
1693 1934 1789 1969 εῐρηκε
1795 1930 1911 1965 Μωῦπῆς
1919 1938 1923 1945 '

1148 1980 1199 2007 Ἐν
1212 1980 1291 2015 ἀρχῇ
1306 1979 1482 2019 ἐποίησενιὸ
1499 1980 1571 2014 Θεὸς
1588 1981 1641 2007 τὸν
1655 1979 1786 2013 οὐρανὸν
1807 1977 1854 2004 καὶ
1875 1977 1923 2010 τὴν

1141 2026 1211 2061 γῆν,
1228 2027 1248 2060 ὴ
1264 2026 1298 2052 δὲ
1312 2025 1350 2060 γῆ
1376 2026 1416 2060 ἦν
1435 2026 1560 2060 ἀόρατος
1582 2025 1630 2052 καὶ
1649 2023 1922 2055 ἀκατασκεύαστρς⁴

1142 2072 1191 2100 καὶ
1201 2073 1310 2106 σκότος
1324 2071 1424 2099 ἐπάνω
1432 2071 1487 2106 τῆς
1497 2073 1634 2099 ἀϐύσσου
1643 2079 1650 2086 η
1663 2070 1712 2097 καὶ
1725 2069 1841 2104 ,πνεῦμα
1857 2067 1922 2095 Θεοῦ

1142 2118 1302 2153 ἐπεφέρετο
1322 2117 1422 2145 ἐπάνω
1437 2117 1489 2144 τοῦ
1505 2117 1623 2150 ὓδατος.
1642 2116 1730 2151 Ὅπερ
1745 2115 1793 2142 καὶ
1808 2115 1922 2148 λέγοντος

1143 2163 1190 2191 τοῦ
1203 2163 1319 2196 Θεοῦ,τὸ
1335 2162 1555 2198 πνεῦμα,ὦσπερ
1565 2162 1626 2198 χεὶρ
1641 2160 1723 2188 αὺτοῦ
1739 2160 1774 2187 τὰ
1783 2162 1870 2186 πάντα
1886 2160 1922 2194 ὁη-

1144 2210 1279 2245 μιουργεῑ,
1297 2208 1356 2244 φῶς
1371 2208 1425 2235 ὰπὸ
1441 2208 1552 2238 σκότους
1569 2206 1684 2244 χωρίςον
1694 2207 1727 2239 δ’,
1743 2206 1790 2233 καὶ
1806 2206 1874 2241 μετὰ
1885 2205 1921 2232 τοι

1144 2256 1259 2292 ἀόρατον
1273 2255 1387 2291 οὐρανὸν
1403 2254 1448 2280 τὸν
1471 2254 1633 2289 φαινόμενον
1659 2252 1822 2288 ὲφαπλῶσαν
1839 2252 1873 2283 ⁸³,
1889 2253 1921 2279 iw

1143 2301 1179 2328 τὰ
1194 2301 1250 2328 ἄνω
1263 2302 1320 2332 τοῖς
1331 2299 1378 2326 τοῦ
1396 2300 1483 2335 φωτὸς
1496 2299 1623 2334 ἀγγέλοις
1639 2298 1747 2334 οἱκηθῇ,
1763 2297 1797 2324 τὰ
1812 2298 1841 2324 δὲ
1856 2298 1921 2324 κάτω

1145 2344 1197 2371 ὑπὸ
1215 2344 1358 2380 ἀνθρώπου
1375 2344 1432 2379 ἅμα
1455 2345 1512 2376 τοῖς
1535 2343 1569 2370 δι’
1585 2343 1666 2370 αὑτὸν
1690 2343 1844 2378 γενομένοις
1864 2343 1920 2369 πᾶσι

1107 2379 1129 2406 Ῑ)
1143 2379 1275 2426 διοικηθῇ,

1177 2435 1270 2464 XXIII.
1290 2436 1340 2464 Διὰ
1350 2436 1404 2472 γὰρ
1416 2435 1501 2471 σὲςτδν
1511 2435 1652 2472 ἄνθρωπον
1663 2434 1678 2460 ὁ
1689 2433 1756 2465 Θεὸς
1766 2433 1887 2460 ἐκέλευσε
1898 2433 1920 2461 τὰ

1142 2483 1189 2509 ἐπὶ
1199 2482 1345 2519 προσώπου
1355 2483 1405 2518 τῆς
1414 2483 1467 2518 γῆς
1477 2481 1653 2517 ὑποχωρῆσαι
1664 2479 1747 2515 ὕδωρ,
1754 2480 1797 2507 ἴνα
1809 2481 1920 2517 καρποὺς

1142 2527 1159 2562 ὴ
1176 2527 1212 2563 γῆ
1231 2536 1272 2554 σοι
1288 2527 1469 2564 προσενέγκαι
1495 2525 1607 2561 δυνηθῇ,
1625 2524 1671 2551 καὶ
1687 2524 1819 2560 τρηδόνας
1838 2526 1919 2560 ἐποίη-

1143 2581 1200 2607 σεν,
1218 2574 1261 2601 ἵνα
1277 2583 1318 2602 σοι
1334 2574 1464 2610 παράσχῃ
1479 2571 1611 2609 "lim-rd;
1626 2570 1674 2597 καὶ
1689 2570 1819 2606 ποταμῶν
1835 2571 1919 2607 ῥεῖθρα

958 2693 1074 2722 VARI/EI
1094 2695 1297 2726 LECTIONES.

347 2759 371 2779 ³⁸
387 2759 524 2798 ἐλεῶντες,
545 2758 690 2798 ἑαυτούςϐ
712 2779 726 2798 ,_
737 2759 875 2798 ὲλεοιξντες
895 2762 1006 2794 ἑαυτούς
1021 2763 1050 2790 S.
1090 2764 1113 2780 ⁸⁰
1123 2765 1159 2792 τά
1174 2764 1335 2798 transcripsi
1349 2772 1381 2792 ex
1394 2765 1425 2791 Ο.
1457 2759 1660 2798 δίγονέωΥΑμὲν
1682 2759 1771 2798 όντων,
1789 2759 1918 2798 ἐχθρῶνᾶ

310 2795 462 2835 γενομένων
486 2794 623 2835 ἐποιοῦντο
638 2795 784 2835 τὰς-εὐχάς
864 2797 1086 2835 ξίπείρωνταιο.
1124 2800 1177 2835 ⁵³η

312 2828 408 2869 ρκιπιι
420 2828 560 2869 ‘Turria’n.
587 2829 640 2869 Rro
652 2829 834 2869 epiphpoutif.
863 2832 911 2860 ιιι).
932 2828 959 2867 v,
977 2841 1038 2869 cap.
1055 2835 1104 2863 ult.

311 2862 336 2880 “
345 2863 507 2895 ὲψαπλώσας
520 2863 552 2891 0.
589 2868 611 2884 δ’
628 2862 762 2902 παράσχοι
771 2866 803 2892 Ο.

1181 2801 1236 2834 μίν,
1249 2799 1275 2826 τί
1292 2795 1363 2826 ἐστιν
1379 2799 1410 2828 C.
1448 2800 1470 2816 “
1481 2795 1686 2834 ἐτορνεύθησαν,
1699 2795 1748 2834 καρ-
1761 2797 1775 2822 ό
1788 2795 1918 2834 10952373,-

1162 2829 1186 2852 δῖ
1195 2829 1262 2862 αὑτό
1273 2843 1329 2864 om.
1343 2834 1375 2862 0.
1426 2834 1450 2851 “
1467 2829 1622 2862 ἐκστάσεως
1635 2831 1666 2858 (3..
1718 2830 1742 2846 "’
1753 2829 1872 2866 χωρίζων
1886 2829 1914 2858 0.
