1932 3100
63 179 111 208 I93

598 177 831 207 CLEMENTINA.
845 195 878 200 ——
895 177 1037 206 HOMILIA
1056 178 1103 206 XI.

1634 179 1688 208 994

63 238 126 273 φανῇ
143 237 189 264 καὶ
206 236 268 270 ζῶα
284 237 427 273 ὲκῦρασθῇ
444 237 477 269 ⁸⁸,
496 237 611 264 συνελὼν
628 237 692 274 ὲρῶ,
710 238 753 264 ἵνα
765 238 851 264 πάντα

908 238 990 270 ambo,
1006 242 1032 264 et
1050 237 1177 264 animalia
1193 236 1309 271 exirent,
1330 243 1385 264 uno
1402 237 1486 265 verbo
1507 241 1535 264 ut
1551 238 1643 264 omnia
1658 245 1688 265 se

64 293 102 311 σοι
122 285 296 320 παραστῆναι
319 284 432 320 δυνηθῇ.
452 284 487 310 Ἦ
508 283 561 320 γὰρ
580 284 611 310 οὐ
636 284 680 311 διὰ
705 284 734 310 σὲ
759 284 853 319 ἄνεμοι

65 330 127 366 πρὸς
142 330 258 366 καρπῶν
276 331 408 365 ἐπιγονὴν
429 330 540 357 πνέουσι
557 330 578 346 ¹¹
602 330 649 357 καὶ
673 330 744 356 ὑετοὶ
760 330 855 366 φέρον-

64 386 105 403 ται
114 376 194 412 246
204 377 253 403 καὶ
266 377 368 412 τροπαὶ
385 376 516 410 γίνονται;
533 376 634 402 Αὐτίκα
644 375 708 410 γοῦν
723 375 797 411 ἥλιος
809 375 855 402 καὶ

65 424 158 458 σελήνη
177 423 236 458 ἅμα
252 424 310 454 τοῖς
326 422 416 453 ἄλλοις
434 422 543 457 ἄστροις
559 421 582 437 ⁵¹
598 421 642 448 διὰ
666 421 696 447 σὲ
716 421 766 452 τὰς
788 422 853 447 ἀνα-

64 469 141 500 τολὰς
164 469 212 495 καὶ
235 467 515 500 δύσεις·ὲκτελοῦσιν,
542 468 589 494 καὶ
611 468 729 502 ποταμοὶ
750 467 796 493 καὶ
813 467 854 493 λί-

65 523 128 549 μναι
143 513 202 548 ἅμα
218 515 280 545 ταῖς
296 513 397 544 πάσαις
411 514 510 548 πηγαῖς
527 513 550 528 ⁸³
567 512 756 548 ὑπηρετοῦσιν.
773 511 855 539 ὊΘεν

65 570 105 587 σοι
121 561 160 596 τῷ
177 560 334 596 ἀναισθήτῳ
350 561 442 596 ὥσπερ
456 561 472 596 ἡ
493 560 592 595 μείζων
615 560 691 595 ἐδόθη
709 560 793 595 τιμὴ,
807 559 855 586 οὕ-

62 616 116 638 τως
144 607 363 642 ἀχαριστήσαντι
388 607 404 642 ἡ
438 605 539 641 μείζων
568 605 612 632 διὰ
637 605 722 641 πυρὸς
745 605 855 637 κόλασις

63 653 302 688 προητοίμασται,
328 653 368 679 ὅτι
385 652 484 686 γνῶναι
509 653 559 678 οὐκ
583 651 718 688 ἠθέλησας
744 651 773 678 ὃν
802 652 854 688 πρὸ

64 698 175 724 πάντων
193 697 246 723 ἔδει
262 697 373 732 γνῶναι.

98 743 198 770 XXIV.
216 744 272 770 Καὶ
287 743 311 759 ⁸⁸
333 743 380 770 νῦν
398 743 426 770 δὲ
452 744 483 770 ὲκ
504 743 559 770 τῶν
582 743 699 779 ἡττόνων
722 743 853 777 ἐπίγνωοι

62 790 114 825 τὴν
127 790 183 816 τῶν
203 790 272 816 ὅλων
289 790 386 822 αἰτίαν,
403 789 579 825 λογισάμενος
600 790 641 816 ὅτι
661 789 696 816 τὰ
718 789 808 816 πάντα
824 789 854 816 τὸ

64 836 138 871 ὕδωρ
156 837 238 868 ποιεῖ,
252 835 282 861 τὸ
296 835 324 862 δὲ
339 835 410 871 ὕδωρ
427 835 477 862 ὑπὸ
492 835 646 871 πνεύματος
662 836 794 870 κινήσεως
806 835 856 870 τὴν

63 881 173 916 γένεσιν
188 881 330 916 λαμὸάνει,
347 881 378 908 τὸ
392 881 421 907 δὲ
442 880 556 916 πνεῦμαξ
572 880 626 907 ἀπὸ
648 880 695 906 τοῦ
713 880 767 906 τῶν
788 880 855 906 ὅλων

906 283 952 309 tibi
969 287 1080 318 possent
1093 283 1200 310 ntl'erre.
1226 282 1280 309 Aut
1305 290 1358 309 non
1382 288 1492 318 propter
1505 287 1530 309 te
1547 283 1617 310 venti
1632 283 1689 318 spi-

904 333 977 361 rant,
994 329 1027 356 ad
1050 329 1186 356 l'ructuum
1209 329 1427 363 productionem,
1450 332 1475 355 cl
1500 328 1600 356 imbres
1615 328 1689 356 defc-

905 379 1012 407 runtur,
1028 379 1054 402 et
1077 375 1140 401 anni
1159 379 1332 409 tempestates
1349 374 1434 402 ﬁunt?
1447 374 1506 401 Jam
1522 382 1586 401 vero
1609 374 1649 401 sol
1663 378 1691 402 et

904 420 968 447 luna
983 428 1044 448 cum
1070 420 1130 448 aliis
1149 420 1234 447 stellis
1254 425 1366 455 propter
1387 424 1412 447 te
1427 420 1555 447 oriuntur
1572 424 1599 447 et
1615 421 1690 447 occi-

904 467 982 499 dunt,
999 466 1073 494 ﬂuvii
1097 471 1123 493 et
1143 471 1238 501 stagna
1264 474 1326 493 cum
1351 466 1479 493 omnibus
1503 465 1624 492 fontibus
1642 465 1690 493 tibi

905 513 1088 540 subserviunt.
1106 511 1183 539 Unde
1205 512 1253 539 tibi
1279 520 1361 539 sensu
1387 513 1490 539 carenti
1509 512 1690 546 quemadmo-

906 557 970 584 dum
988 556 1075 591 major
1090 557 1228 591 prmstitus
1246 561 1287 584 est
1303 557 1400 590 honor,
1416 557 1454 584 ita
1474 557 1580 592 ingrato
1602 556 1691 590 major

904 608 1054 638 praeparata
1079 607 1120 630 est
1151 603 1222 638 ignis
1249 611 1341 638 poena,
1364 603 1436 638 quod
1463 604 1534 631 scire
1558 603 1690 636 nolueris,

904 657 984 684 quem
1000 654 1062 676 ante
1076 649 1167 676 omnia
1180 649 1302 683 oportuit
1313 656 1487 684 cognoscere.

938 737 1034 765 XXIV.
1051 737 1103 766 Sed
1117 739 1157 766 vel
1167 746 1240 766 nunc
1247 746 1279 766 ex
1291 738 1440 766 minoribus
1451 746 1568 773 agnosce
1579 741 1691 765 cuncto—

904 792 965 810 rum
977 792 1099 817 causam,
1113 785 1300 817 considerans,
1314 784 1386 819 quod
1400 784 1492 811 omnia
1511 791 1581 818 aqua
1590 783 1691 818 produ-

906 830 954 863 cit,
967 838 1037 865 aqua
1049 837 1112 857 vero
1121 838 1136 857 a
1153 830 1249 865 spiritu
1268 830 1366 864 accipit
1379 835 1469 856 motus
1481 829 1624 863 originem,
1633 828 1690 863 spi-

907 876 975 903 ritus
983 881 1071 903 autem
1079 876 1113 904 ab
1121 877 1309 903 universorum
1320 875 1374 902 Deo
1383 876 1490 903 initium
1501 876 1592 902 habet.
1603 875 1690 909 Atque

62 926 132 953 Θεοῦ
149 926 201 962 τὴν
225 927 309 962 ἀρχὴν
331 927 396 962 ἔχει.
422 927 476 953 Καὶ
499 926 584 958 οὕτως
607 926 660 953 ἔδει
683 926 852 960 λογίσασθαι,

908 927 941 949 Ita
949 926 1054 956 oportet
1065 927 1189 956 reputare
1197 930 1251 957 quo
1259 930 1307 957 per
1315 922 1447 949 rationem
1459 922 1492 948 ad
1501 921 1584 948 Deum
1601 921 1690 955 possis

63 973 109 999 ἵνα
129 972 178 999 ἐπὶ
200 972 271 1008 λόγῳ
292 973 332 1004 είς
354 972 419 998 Θεὸν
442 972 608 1007 καταντῆσαι
632 972 758 1007 δυνηθῇς,
782 971 856 1002 ὅπως

63 1017 197 1052 ἐπιγνούς
214 1026 260 1044 σου
274 1018 305 1044 τὸ
320 1018 397 1052 γένος
408 1018 442 1049 ³⁵,
460 1018 506 1044 καὶ
523 1017 685 1054 πρωτογόνῳ
706 1017 855 1052 ἁναγεννη-

64 1064 124 1096 θεὶς
144 1064 223 1090 ὕδατι
245 1063 292 1089 καὶ
314 1064 338 1079 ⁵⁸
362 1063 527 1100 κληρονόμος
551 1064 686 1099 καταστῇς
711 1063 764 1090 τῶν
787 1063 856 1099 πρὸς

64 1109 223 1145 ἀφθαρσίαν
238 1110 423 1143 γεννησάντων
441 1117 470 1135 σε
483 1108 593 1145 γονέων.

102 1154 191 1182 XXV.
211 1155 257 1181 Διὸ
273 1154 388 1189 ἑτοίμως
408 1153 538 1190 πρόσελθε
561 1153 599 1185 ὡς
620 1154 678 1185 υίὸς
700 1153 793 1189 πατρὶ,
812 1154 854 1180 ἵνα

64 1200 121 1226 τῶν
139 1199 345 1235 ἁμαρτημάτων
359 1208 405 1226 σου
420 1200 434 1225 ὁ
447 1199 513 1230 Θεὸς
528 1199 577 1235 τὴν
589 1199 698 1233 ἄγνοιαν
709 1199 853 1234 αἰτίανξθῇ.

66 1247 99 1272 Ei
115 1246 146 1272 δὲ
162 1245 210 1272 καὶ
230 1245 298 1280 μετὰ
313 1245 343 1271 τὺ
358 1244 490 1280 κληθῆναι
515 1245 546 1271 οὐ
570 1244 656 1276 θέλεις
671 1244 687 1280 ἢ
706 1244 854 1280 βραδύνεις,

66 1292 163 1328 δικαία
178 1291 246 1318 Θεοῦ
262 1291 348 1326 ἀπολῇ
365 1291 465 1326 κρίσει,
481 1290 520 1325 τῷ
537 1290 574 1326 μὴ
597 1289 708 1325 Θελῆσαι
725 1291 762 1326 μὴ
779 1290 857 1325 Θελη-

66 1337 127 1369 Θείς
139 1346 146 1352 ·
165 1337 214 1363 καὶ
235 1338 271 1372 μή
291 1345 333 1363 τοι
348 1336 471 1372 νομίσῃς,
497 1336 537 1362 δτι
557 1335 605 1362 ὲὰν
622 1335 645 1351 ⁸⁷
668 1335 776 1362 πάντων
802 1335 856 1361 τῶν

67 1392 135 1410 ποτε
147 1383 300 1418 γενομένων
312 1382 429 1409 εὐσεῦῶν
445 1381 635 1417 εὐσεϐέστερος
648 1381 724 1417 γένῃ,
742 1381 857 1408 ἀϐάπτι-

69 1437 133 1460 στος
149 1429 177 1455 δὲ
200 1427 243 1465 ᾖς,
260 1428 364 1460 ἐλπίδος
379 1430 470 1464 τυχεῖν
485 1428 587 1465 δυνήσῃ
602 1428 675 1455 ποτέ.
694 1426 785 1463 Ταύτῃ
803 1427 856 1463 γὰρ

70 1475 173 1510 μᾶλλον
190 1475 298 1501 πλείονα
313 1475 421 1509 ὑφέξεις
437 1474 556 1506 κόλασιν,
576 1474 616 1500 δτι
632 1473 701 1500 καλὰ
722 1473 789 1509 ἔργα
807 1473 857 1499 οὐκ

68 1520 204 1556 ἐποίησας
219 1520 317 1552 καλῶς,
333 1520 410 1555 Καλὴ
427 1520 480 1555 γὰρ
503 1519 719 1552 εὐποιία,ὁπόταν
734 1519 772 1550 ὡς
792 1518 857 1549 Θεὸς

70 1565 200 1592 ὲκέλευᾱε
215 1565 332 1600 γίνηται.
351 1565 387 1592 Σὺ
403 1565 432 1592 δὲ
448 1566 472 1591 εί
488 1566 518 1591 οὺ
535 1565 630 1597 θέλεις,
643 1564 722 1600 24⁷
737 1564 774 1596 ὡς
789 1564 857 1590 ὲκεί-

70 1620 109 1646 νῳ
124 1610 224 1643 ἔδοξεν,
242 1611 430 1646 βαπτισθῆναι,
441 1611 481 1646 τῷ
502 1610 541 1646 σῷ
557 1610 687 1646 θελήματι
712 1609 856 1645 ὑπηρετῶν

65 1657 225 1693 -ὲχθραίνεις
239 1658 273 1692 τῇ
285 1656 390 1684 ἐκείνου
408 1657 499 1693 βουλῇ.
823 1651 827 1656 ’

106 1746 203 1774 Χδινι.
231 1745 299 1774 Ἀλλ’
316 1747 382 1778 ἴσως
397 1747 454 1782 ἐρεῖ
469 1754 526 1778 τις·
543 1746 576 1772 Τί
592 1745 772 1782 συμϐάλλεται
791 1745 857 1781 πρὸς

70 1791 212 1819 εὐσέϐειαν
237 1792 267 1819 τὸ
290 1791 469 1828 βαπτισθῆναι
491 1791 584 1824 ὕδατι;
610 1791 720 1827 Πρῶτον
742 1791 800 1826 μὲν,
818 1792 857 1818 ὅτι

66 1838 102 1864 τὺ
117 1838 198 1871 δόξαν
212 1838 271 1874 Θεῷ
285 1838 414 1874 πράττεις
426 1846 431 1853 ·
443 1837 568 1874 δεύτερον
581 1837 620 1869 δὲ,
637 1837 667 1869 ἐξ
682 1836 776 1868 ὕδατος
790 1837 856 1863 ἀνα-

73 1884 213 1919 γεννηθεὶς
239 1883 308 1919 Θεῷ,
326 1883 401 1919 αἰτία
428 1883 510 1918 φόϐου
532 1883 565 1915 ⁸⁸,
591 1883 640 1918 τὴν
661 1881 690 1915 ἐξ
711 1882 858 1917 ἐπιθυμίας

74 1929 186 1964 τ-ριὶηην
203 1938 243 1956 σοι
258 1929 407 1965 γενομένην
430 1929 624 1961 καταλλάσσεις
640 1929 663 1944 ⁸9
680 1929 794 1963 γένεσιν,
811 1929 858 1956 καὶ

70 1973 161 2005 οὕτως
184 1975 319 2011 σωτηρίας
342 1976 432 2010 τυχεῖν
455 1975 536 2011 δύνῃ·
558 1974 645 2007 ἄλλως
669 1975 697 2001 δὲ
719 1975 855 2002 ἀδύνατον.

74 2020 168 2052 Οὕτως
198 2021 251 2056 γὰρ
275 2023 341 2057 ἡμῖν
372 2021 477 2057 ὤμοσεν
506 2023 521 2048 ὁ
536 2021 685 2057 ’προφήτης
711 2022 795 2049 εἰπών
816 2022 856 2038 ⁶⁰ο

79 2066 176 2102 Ἀμὴν
198 2067 269 2102 ὑμῖν
283 2068 370 2102 λέγω,
395 2068 448 2095 ἐὰν
476 2067 515 2102 μὴ
528 2068 748 2103 ἀναγεννηθῆτε
773 2069 858 2096 ὕδατι

75 2112 169 2144 ζῶντι,
186 2114 228 2146 εὶς
244 2112 338 2147 ὄνομα
349 2113 473 2147 Πατρός,
490 2113 567 2145 Υἱοῦ,
580 2114 665 2148 ἁγίου
677 2114 857 2149 Πνεύματος,

74 2158 112 2184 οὐ
125 2156 168 2191 μὴ
192 2156 346 2191 εἰσέλθητε
362 2158 405 2190 εἰς
427 2157 485 2191 τὴν
505 2158 670 2190 ,βασιλείαν
693 2158 752 2186 τῶν
771 2160 858 2193 οὐρα-

73 2202 146 2230 νῶν.
171 2203 216 2229 Διὸ
238 2203 409 2239 προσέλθετε.
429 2205 506 2231 Ἔστι
529 2205 582 2241 γάρ
603 2213 629 2232 τι
651 2206 710 2232 ἐκεῖ
733 2206 858 2242 ἀπαρχῆς

906 968 1057 1003 pervenire,
1074 973 1103 995 ut
1118 976 1268 1003 agnoscens
1282 973 1358 995 tuum
1375 975 1462 1003 genus
1477 971 1503 994 et
1514 971 1690 1002 regeneratus

906 1021 975 1048 aqua
996 1013 1168 1049 primigenita
1185 1014 1267 1041 etiam
1289 1014 1375 1041 haeres
1396 1013 1521 1041 eiliciaris
1544 1017 1690 1048 parentum

906 1060 952 1095 qui
967 1064 992 1087 te
1005 1060 1039 1088 ad
1053 1060 1285 1095 incorruptionem
1301 1065 1463 1095 genuerunt.

940 1149 1023 1178 XXV.
1044 1149 1158 1185 Propter
1170 1149 1242 1185 quod
1258 1153 1393 1185 prompte,
1418 1153 1548 1183 tanquam
1565 1148 1637 1176 ﬁlius
1655 1148 1689 1176 ad

904 1202 1019 1232 patrem,
1044 1197 1152 1229 accede,
1167 1201 1196 1223 ut
1209 1196 1279 1224 Deus
1298 1203 1410 1223 causam
1429 1200 1603 1230 peccatorum
1626 1199 1690 1221 tuo-

904 1249 965 1269 rum
978 1246 1061 1276 ponat
1076 1242 1267 1277 ignorantiam.
1284 1241 1362 1274 Quod
1379 1241 1401 1268 si
1416 1245 1560 1276 postquam
1576 1246 1691 1268 vocatus

905 1295 950 1319 es,
964 1296 1018 1315 non
1043 1289 1095 1322 vis,
1111 1293 1158 1315 aut
1177 1287 1327 1321 cunctaris,
1338 1288 1413 1322 justo
1428 1287 1477 1315 Dei
1496 1287 1599 1322 judicio
1619 1287 1692 1321 peri-

905 1334 959 1366 bis,
974 1338 1001 1361 et
1013 1333 1077 1369 quia
1090 1338 1118 1361 tu
1131 1334 1253 1367 noluisti,
1270 1333 1343 1360 nolet
1355 1337 1379 1360 te
1396 1332 1467 1360 Deus
1495 1331 1551 1360 Nec
1563 1339 1628 1359 vero
1639 1339 1692 1366 pu-

906 1384 956 1412 tes,
970 1380 1043 1414 quod
1059 1384 1086 1407 et
1104 1380 1126 1407 si
1144 1380 1279 1413 omnium,
1295 1379 1341 1414 qui
1366 1386 1487 1414 unquam
1513 1378 1623 1405 l'uerunt
1640 1377 1690 1412 pii,

905 1426 1047 1461 piissimus
1063 1426 1113 1459 sis,
1133 1433 1188 1453 non
1214 1425 1301 1453 fueris
1317 1430 1407 1452 autem
1428 1424 1590 1459 baptizatus,
1615 1431 1691 1459 spem

906 1473 1020 1508 adipisci
1036 1472 1181 1507 aliquando
1193 1473 1305 1507 poteris.
1328 1472 1366 1499 Eo
1385 1472 1458 1499 enim
1483 1471 1602 1506 majores
1613 1471 1692 1499 dabis

904 1525 1010 1553 pinnas,
1032 1518 1105 1552 quod
1125 1517 1195 1544 bona
1214 1524 1296 1552 opera
1319 1523 1375 1543 non
1398 1516 1467 1543 bene
1484 1515 1592 1543 feceris.
1615 1513 1691 1541 Prte—

906 1564 979 1592 clara
1003 1563 1075 1591 enim
1101 1571 1146 1590 res
1167 1567 1219 1596 est,
1246 1563 1317 1590 bona
1345 1562 1462 1598 operari,
1479 1561 1589 1595 quando
1613 1560 1692 1596 juxta

907 1610 1064 1638 mandatum
1081 1609 1128 1636 Dei
1146 1609 1185 1636 lit.
1202 1607 1242 1635 Tu
1258 1615 1333 1642 vero,
1350 1608 1384 1641 si,
1399 1613 1429 1634 ut
1443 1607 1481 1634 illi
1495 1607 1582 1641 placet
1598 1627 1606 1639 ,
1620 1605 1692 1633 nolis

906 1654 1049 1689 baptizari,
1067 1658 1120 1681 tua:
1142 1653 1274 1681 voluntati
1302 1653 1457 1688 obsequens
1479 1652 1553 1680 illius
1576 1651 1692 1679 consilio

907 1708 1053 1736 repugnas.

942 1744 1036 1772 XXVI.
1058 1744 1110 1772 Sed
1137 1744 1237 1780 aliquis
1262 1744 1355 1771 forsan
1379 1743 1451 1772 dicet
1468 1753 1474 1770 :
1491 1742 1561 1776 Quid
1587 1742 1693 1769 confert

907 1792 941 1819 ad
956 1792 1094 1826 pietatem,
1113 1799 1185 1826 aqua
1207 1790 1357 1825 baptizari?
1375 1789 1468 1816 Primo
1493 1789 1613 1823 quidem,
1628 1788 1692 1823 quia

908 1838 933 1865 id
946 1838 1020 1873 quod
1034 1837 1089 1865 Deo
1103 1837 1204 1872 placuit
1218 1836 1295 1864 facis.
1313 1836 1438 1864 Secundo
1452 1842 1516 1862 vero
1528 1842 1576 1869 per
1591 1841 1692 1869 aquam

908 1883 963 1910 Deo
987 1888 1116 1916 renatus,
1141 1883 1249 1910 timoris
1271 1890 1352 1910 causa
1381 1881 1497 1916 primam
1521 1880 1692 1907 nativitatem

907 1937 989 1964 quam
1004 1936 1038 1956 ex
1053 1927 1274 1962 concupiscentia
1298 1927 1404 1954 traxisti
1427 1930 1577 1961 permutas,
1599 1926 1692 1960 sicque

908 1975 1025 2003 salutem
1042 1974 1174 2008 consequi
1197 1977 1274 2008 potes
1290 1981 1298 2001 :
1314 1973 1393 2000 aliter
1414 1977 1504 2000 autem
1524 1971 1693 2006 impossibile

908 2027 959 2048 est.
977 2020 1015 2047 lta
1029 2020 1100 2047 enim
1116 2019 1194 2047 nobis
1207 2019 1309 2054 juravit
1327 2019 1458 2054 propheta
1479 2017 1572 2045 dicens
1587 2026 1594 2044 ε
1610 2017 1692 2043 Amen

908 2067 966 2094 dico
981 2067 1062 2099 vobis,
1082 2067 1133 2093 nisi
1149 2066 1232 2093 renati
1253 2065 1357 2100 fueritis
1372 2073 1440 2100 aqua
1454 2065 1522 2096 viva,
1545 2064 1572 2090 in
1588 2063 1693 2090 nomine

908 2111 1012 2145 Patris,
1027 2110 1105 2144 Filii,
1120 2110 1236 2146 Spiritus
1252 2111 1348 2144 sancti,
1365 2118 1416 2137 non
1431 2109 1575 2136 mlroibitis
1597 2108 1626 2134 in
1648 2115 1692 2134 rc-

909 2166 989 2193 gnum
1011 2157 1135 2185 caelorum
1150 2163 1174 2184 ι.
1200 2156 1333 2190 Quocirca
1362 2155 1491 2183 accedite.
1515 2154 1554 2181 lbi
1575 2160 1694 2189 namque

909 2209 950 2232 est
966 2203 1068 2238 aliquid
1083 2203 1117 2230 ab
1131 2203 1209 2230 initio
1229 2202 1396 2234 misericors,
1414 2201 1486 2236 quod
1507 2200 1593 2227 fertur
1612 2207 1694 2233 super

73 2247 200 2282 ὲλεῆμον,
217 2249 413 2284 ἐπιφερόμενον
425 2249 464 2284 τῷ
481 2249 566 2281 ὕδατι,
582 2250 628 2276 καὶ
642 2249 664 2265 σε
680 2250 741 2281 τοὺς
760 2250 855 2285 βαπτι-

910 2254 1054 2284 aquam,et
1067 2256 1114 2276 eos
1128 2248 1174 2283 qui
1189 2248 1216 2275 in
1226 2252 1267 2275 ter
1275 2248 1353 2275 beata
1373 2246 1544 2275 invocatione
1561 2245 1693 2280 baptizati

74 2292 206 2328 ζομένους
222 2293 267 2320 ἐπὶ
277 2295 309 2329 τῇ
321 2302 508 2330 τρισμακαριᾳ
522 2295 689 2331 ὲπονομασίᾳ
703 2295 749 2322 καὶ
765 2295 787 2311 ⁶¹
797 2295 859 2331 ρύεέ

73 2345 121 2363 ¹ται
135 2336 186 2371 τῆς
200 2339 331 2375 ἐσομένης
345 2339 489 2372 κολάσεως,
506 2340 600 2376 ὥσπερ
616 2340 690 2376 δῶρα
706 2341 858 2377 προσφέρον

74 2381 115 2417 τῷ
131 2380 191 2416 Θεῷ
201 2383 237 2413 ὼς
244 2384 276 2411 ἃν
286 2384 308 2400 ⁸³
317 2385 370 2412 ἀπὸ
382 2384 429 2412 τοῦ
440 2385 625 2421 βαπτίσματος
641 2386 729 2414 αὐτῶν
745 2386 797 2413 τῶν
809 2386 857 2421 βα-

113 2456 128 2470 ι
144 2449 223 2478 Joan.
247 2458 295 2484 ιιι,
309 2451 336 2478 5.

911 2302 975 2325 sunt
997 2296 1077 2330 eripit
1095 2295 1128 2323 de
1139 2294 1240 2322 futuris
1254 2293 1406 2329 suppliciis,
1430 2298 1458 2320 et
1477 2300 1537 2328 qua}
1563 2296 1624 2327 post
1642 2292 1694 2319 ba-

911 2342 1041 2377 ptismum
1065 2341 1136 2368 facta
1156 2345 1221 2368 sunt
1241 2348 1256 2368 a
1275 2339 1419 2374 baptizatis
1440 2339 1512 2366 bona
1532 2345 1615 2373 opera
1637 2337 1694 2364 Deo

911 2387 990 2415 otl‘ert
1004 2387 1083 2423 quasi
1107 2387 1220 2415 donum.
1245 2385 1335 2419 Quare
1354 2384 1494 2421 confugite
1513 2384 1548 2412 ad
1571 2391 1671 2418 aquam
1683 2402 1692 2411 .

722 2511 841 2539 VARlIE
861 2510 1062 2539 LECTlONES.

111 2555 135 2570 ¹⁶
157 2554 195 2582 lta
209 2553 231 2592 Ο
253 2559 280 2582 et
291 2562 324 2582 et
337 2556 453 2592 conject.
487 2557 517 2590 C,
533 2558 588 2592 cuj.
608 2562 695 2585 textus
710 2558 838 2592 ὲκόασθῇ.

883 2559 905 2574 Μ
920 2557 1029 2584 πνέουσι
1055 2555 1167 2590 ascripsi
1188 2563 1212 2582 c.
1232 2555 1264 2582 0.
1307 2554 1329 2571 δ’
1344 2553 1450 2590 ᾂστροιε
1465 2557 1519 2577 οιη-
1605 2548 1629 2565 ³³
1641 2549 1693 2575 πά“

79 2598 137 2628 gat:
152 2598 181 2626 p.
192 2590 293 2628 πάσαις
314 2584 450 2628 agna-Ioc
465 2611 472 2623 ,
486 2584 534 2626 qui
550 2584 639 2628 e3an
650 2584 806 2625 θαλάσσαις.
815 2584 922 2620 "Lectio
940 2592 1113 2628 Ottoboniani
1128 2584 1286 2628 'quamlibet
1295 2584 1692 2628 conjecturam"redditwsuper:

77 2625 168 2654 ﬂuam.
207 2625 231 2642 “
243 2625 301 2651 Κάν
323 2625 357 2652 C.

392 2619 618 2664 ξῆὲπιγνὶῷςᾲαῦίτᾌ
626 2636 655 2664 γ.
671 2629 691 2656 C
726 2619 843 2664 ἐτιιγνῷς
858 2619 956 2664 sagina
971 2627 1040 2664 γει).
1078 2630 1101 2646 ⁵ο
1112 2619 1159 2653 καί
1172 2633 1226 2664 om.
1243 2625 1275 2652 O.
1288 2659 1303 2664 η
1314 2626 1334 2642 ⁵⁷
1345 2619 1399 2664 ζαν
1413 2619 1692 2664 δἐι-,εδςιιῇειιιοιιμιιε

78 2661 173 2693 Clem,
189 2668 218 2696 p.
229 2660 293 2699 ges,
307 2660 368 2688 569.
383 2657 420 2688 s.‘
450 2656 559 2699 δείέιίο
582 2671 607 2691 c.
621 2656 640 2690 s'
655 2656 746 2699 ,αἰτίᾳ
762 2656 877 2699 ιβὸὄὶᾷϋ.
891 2663 955 2699 Haec
965 2656 1030 2690 θυι).
1047 2669 1101 2699 non
1120 2665 1183 2699 sunt
1202 2659 1337 2699 inpudice
1350 2656 1677 2699 Tigri-igni._pgqt3§3§99

77 2695 218 2733 scut-tura
230 2695 331 2733 Rufino
344 2704 351 2728 ;
364 2703 448 2730 quare
459 2704 491 2724 ea
502 2696 525 2723 D
550 2705 610 2725 esse
623 2695 700 2733 putat
717 2695 739 2726 α’
750 2695 927 2726 ιιὶειῐιίιηαηυ.
945 2698 974 2725 S.

941 2723 1008 2766 ῐέις
1037 2723 1158 2766 Νθρὴιιιί.
1173 2723 1301 2769 Ζᾎὶιαίιετ
1316 2738 1334 2760 ι,
1346 2727 1400 2755 218
1414 2734 1475 2787 5ρῖ
1492 2723 1580 2750 chler
1596 2723 1689 2772 :‘An'n.

887 2768 1029 2796 Wurtemb.
1048 2767 1090 2796 St.
1105 2771 1173 2793 tom.
1188 2764 1278 2796 XVIII,
1296 2773 1323 2796 ι).
1334 2763 1364 2790 71
1375 2767 1440 2796 sqq}
1466 2759 1500 2786 1X
1511 2767 1537 2796 p.
1551 2758 1689 2796 i79_,_Htl_-

77 2731 138 2759 Ruf.
151 2731 214 2759 Rec.
227 2740 265 2760 vt.
279 2731 296 2758 9
310 2740 317 2758 :
331 2736 494 2765 amputatur.
545 2734 567 2749 ⁸ο
579 2731 635 2761 Cir.
656 2733 745 2762 Schw.
775 2734 862 2761 Mont.

78 2765 164 2802 ΤΙικοί.
175 2766 294 2802 Tubiltg.
312 2763 391 2802 1845,
405 2774 432 2801 p.
447 2767 515 2800 6l3;
531 2768 610 2802 1847,
631 2776 657 2802 p.
671 2769 738 2802 152;
754 2769 843 2796 Frank
860 2791 865 2796 .
885 2763 1029 2796 Wurtemlr.
1048 2767 1090 2796 St.
1100 2763 1173 2802 ito'm.
1188 2763 1364 2802 XVlll,_p.A7i
1375 2771 1428 2802 squ

75 2799 255 2839 genfeldaD.
269 2799 425 2839 δίᾳῃιλίερ.
436 2799 555 2839 unum.
569 2799 679 2839 p.166;
693 2799 792 2831 D.'Ev.
805 2803 868 2831 Joh.
883 2812 909 2839 p.
923 2805 971 2831 151
984 2812 991 2836 ;
1008 2803 1081 2829 Krit.
1093 2801 1215 2839 yntersy

43 2864 48 2871 ,
75 2831 138 2866 Ϋιιίι.
152 2837 234 2869 1851,
251 2844 279 2871 p.
296 2836 375 2873 514.Δ
396 2837 418 2853 εί
430 2837 476 2873 καί
489 2836 511 2864 Ο
531 2846 556 2865 c.
569 2831 592 2864 l)
607 2859 614 2871 ,
629 2831 679 2873 qui
696 2839 785 2867 locum
810 2840 846 2866 ita
872 2831 928 2866 vluit
952 2831 1077 2866 restitui:
1093 2837 1147 2863 Καὶ
1159 2831 1379 2873 τοὺς-βαπτεῄὲπι
1396 2835 1428 2868 τῇ
1442 2831 1574 2873 τρέποιεν

1024 2687 1198 2732 ιιίᾶτέοέέμνῃ
1215 2695 1270 2732 alii,
1293 2691 1412 2732 man:_9.
1430 2690 1468 2717 lta
1482 2694 1509 2732 et
1520 2687 1689 2732 'll‘lurriatius;

1479 2759 1500 2786 χ
1511 2758 1693 2794 p.179eril-

1262 2793 1336 2827 .'5'58
1350 2808 1357 2831 ;
1375 2793 1480 2825 Ritschl
1496 2793 1690 2831 τίμα-μασι.

1599 2823 1692 2866 δύεται

72 2864 118 2901 ἰαὶ
132 2864 335 2938 έὲςγὲᾶίκολ-
362 2871 440 2906 Apud
459 2872 479 2900 (Ζ
515 2864 562 2901 καὶ
581 2864 1057 2911 ιιέεξιὰιᾱίέἶὸὺξραὴξίζοέιὲνὸύξ,
1074 2873 1093 2901 S
1117 2873 1132 2899 ὅ
1144 2864 1449 2907 τοὺς-βαπτιζομένονς.
1460 2864 1466 2868 ’
1488 2866 1510 2883 ⁸³
1524 2864 1571 2893 καί
1585 2864 1641 2892 σω·
1657 2864 1690 2892 υ-

72 2909 141 2942 ⁶³ὡς
170 2907 224 2936 νΙ)
239 2906 517 2942 ,π’ᾱνα,ὃτανο.

199 2906 517 2942 Ι),ὃτ“ᾱν(.ἶ,ὃτανο.
