1932 3100
88 145 134 172 29"
609 144 839 172 CLEMENTINA.
857 160 891 165 —

910 143 1052 172 HOMILIA
1069 142 1114 170 XI.
1646 142 1698 170 298

86 203 223 237 ποτηρίου
242 203 288 230 καὶ
303 203 360 237 τῆς
375 202 542 237 παροψίδος
559 203 592 229 τὸ
612 203 735 234 ἔσωθεν,
751 203 802 229 Ira
816 202 857 237 τέ-

917 202 1044 233 interius,
1065 207 1093 228 ιιι
1115 206 1140 227 et
1161 200 1267 228 illorum
1296 201 1428 228 exteriora
1456 200 1555 227 munda
1586 200 1651 235 [iant
1672 207 1696 228 -.

84 257 166 282 νηται
186 247 237 275 καὶ
255 248 290 275 τὰ
304 248 364 281 ἔξω
381 248 481 275 αὐτῶν
495 249 517 264 "
532 248 653 282 καθαρά.
671 248 727 274 Καὶ
741 247 862 283 άληθῶςι

85 292 259 327 φωτισθέντος
269 293 323 328 γὰρ
335 293 383 319 τοῦ
397 293 444 320 νοῦ
457 294 490 329 τῇ
501 292 610 328 γνώσει,
621 294 636 320 ὁ
647 292 740 328 μαθὼν
753 293 863 319 δύναται

83 339 179 373 ἀγαθὸς
206 336 286 370 εἶναι,
311 335 333 372 ᾧ
350 338 503 374 παρέπεται
527 338 559 364 τὸ
580 338 700 374 καθαρὸν
722 337 860 372 γενέσθαι·

83 385 112 411 ὲκ
125 384 173 420 τῆς
192 384 249 412 Em
272 385 327 421 γὰρ
352 384 470 416 διανοίας
488 384 565 419 ἡτοῦ
586 384 638 417 ἔξω
655 383 778 419 σώματος
793 384 862 418 ἀγα-

83 430 113 465 θὴ
145 429 250 464 γίνεται
267 431 390 466 πρόνοια.
410 430 454 462 Ὠς
470 430 524 456 ἀπό
539 438 571 465 γε
586 430 635 466 τῆς
651 429 720 456 κατὰ
736 430 768 456 τὸ
783 430 863 465 σῶμα

83 475 254 511 ἀναισθησίας
269 477 320 511 τῆς
334 476 451 507 διανοίας
467 475 579 512 πρόνοια
594 474 719 509 γενέσθαι
734 474 765 500 οὺ
781 473 861 501 δύνα-

82 529 132 551 ται,
145 520 230 552 οὕτως
246 522 261 547 ὁ
275 521 394 557 καθαρὸς
410 521 497 548 καὶτὸ
512 520 564 553 ἔξω
580 520 666 547 καὶτὸ
679 521 732 547 ἔσω
745 520 861 556 καθᾶραι

81 566 156 602 250
170 566 285 593 δύναται
300 575 307 582 ·
326 568 340 593 ὸ
354 566 382 593 δὲ
398 567 433 594 τὰ
449 567 500 600 ἔξω
513 567 651 603 καθαίρων
677 566 745 602 πρὸς
757 565 861 602 ἀνθρώ-

82 620 134 638 πων
147 612 170 628 ⁷⁸
189 612 236 638 τὸν
254 611 365 639 ἔπαινον
381 612 490 648 ἀφορῶν
505 611 583 638 τοῦτο
599 612 679 643 ποιεῖ,
697 612 744 638 καὶ¹
758 611 860 647 ἐπαίνῳ

81 657 129 683 τῶν
144 657 324 693 ίστορούντων
340 657 414 693 παρὰ
425 657 463 693 τῷ
478 657 537 692 Θεῷ
549 657 624 683 οὐδὲν
638 656 704 692 ἔχει.

111 701 191 729 XXX.
210 703 271 729 Τίνι
287 702 315 728 δὲ
331 702 361 728 οὺ
379 702 516 737 φαίνεται,
538 702 579 729 ὅτι
596 702 718 738 κρεῖττόν
733 702 791 729 ἐστι
812 709 860 736 γυ-

81 747 147 773 ναικὶ
167 747 196 772 ἐν
221 746 389 781 γυναικείοις
412 746 480 783 οὔσῃ
504 746 540 782 μὴ
557 745 701 778 συνελθεῖν,
718 745 785 773 ἀλλὰ
808 754 859 773 κα-

81 792 202 830 θαρθείαῃ
221 793 272 820 καὶ
296 792 491 829 βαπτισθείσῃς
515 791 594 819 Ἀλλὰ
609 792 656 818 καὶ
673 791 742 827 μετὰ
766 800 860 818 κοινω-

80 839 132 865 νίαν
154 838 335 873 βαπτίζεσθαι
355 839 404 866 δεῖ.
435 839 466 865 El
487 838 515 866 δὲ
534 837 612 865 τοῦτο
636 839 721 865 ποιεῖν
744 839 858 871 ὀκνεῖτε,

81 871 259 921 ἀναπολήσατε
288 884 347 916 πῶς
359 884 392 912 τὰ
405 884 454 920 τῆς
464 884 574 919 ἁγνείας
590 883 658 920 μέρη
673 883 858 919 μετεδιώκετε,
875 871 896 902 Β

80 931 118 956 ὅτε
132 931 305 966 ἀναισθήτοις
321 930 440 962 εἰδώλοις
455 929 634 966 ὲθρησκεὺετε
646 929 679 956 ⁷⁸.
693 929 859 965 Αίσχύνθητε

80 975 114 1000 ὅτι
134 974 266 1006 ἐνταῦθα,
283 975 350 1001 ὅπου
371 975 464 1010 ἐχρῆν,
481 974 512 1001 οὺ
533 974 565 1000 τὸ
580 974 672 1000 πλεῖον
688 973 775 1008 λέγω,
793 974 859 1001 ἀλλὰ

81 1020 151 1054 μόνον
166 1021 213 1047 καὶ
229 1020 291 1047 ὅλον
306 1019 337 1047 τὺ
351 1021 400 1056 τῆς
416 1019 526 1055 ἁγνείας
539 1019 728 1052 ἀναδέξασθαι,
745 1019 859 1055 ὀκνηρό-

81 1074 143 1100 τεροι
158 1066 276 1101 γίνεσθε.
301 1066 426 1102 Νοήσατε
448 1063 493 1092 οὖν
515 1065 560 1092 τὸν
578 1066 635 1092 ἐκεῖ
655 1065 727 1100 ὑμᾶς
743 1073 858 1101 πεποιη-

81 1111 137 1137 κότα
147 1131 154 1142 ,
169 1111 216 1137 καὶ
232 1110 444 1146 διανοηθήσεσθε
463 1110 505 1142 τίς
521 1110 594 1137 ἐστιν
613 1110 628 1137 ὁ
644 1109 760 1136 ἐνταῦθα
780 1109 858 1136 θκνον

81 1155 139 1191 πρὸς
151 1155 261 1190 ἁγνείαν
267 1156 342 1190 .ὗμίν
358 1155 508 1191 ἐμϐάλλων.

109 1211 199 1239 XXXI.
215 1212 287 1239 Ἀλλ’
304 1212 362 1248 ὲρεῖ
376 1221 418 1244 τις
434 1211 526 1247 ὑμῶν·
544 1211 605 1248 Χρὴ
620 1208 668 1238 οὖν
683 1212 758 1248 ἡμᾶς
771 1213 857 1239 ποιεῖν

81 1258 124 1285 ὅσα
138 1259 165 1286 ὲν
187 1258 310 1291 εἰδώλοις
326 1258 488 1295 ὲποιοῦμεν;
504 1257 577 1293 Φημί
593 1267 644 1290 σοι,
661 1258 711 1293 οὐχ
727 1258 783 1290 ὅλα,
801 1258 856 1285 ἀλλ’

81 1309 123 1337 ὅσα
137 1308 225 1343 καλῶς
248 1309 377 1341 εποιεῖτε,
396 1297 444 1336 καλ
459 1306 575 1336 ἐνταῦθα
592 1306 692 1336 πλεῖον.
711 1307 744 1336 ’⁷0
762 1315 792 1335 τι
803 1306 858 1345 γὰρ

80 1355 108 1382 ἂν
127 1355 212 1388 καλῶς
234 1355 347 1391 γίνηται
369 1355 399 1381 ὲν
422 1356 456 1390 τῇ
476 1353 575 1390 πλάνῃ,
594 1354 648 1381 ἀπὺ
664 1354 713 1390 τῆς
731 1353 857 1389 ἀληθείας

80 1403 198 1437 ἡρτηςαι,
211 1401 260 1434 ὡς,
277 1401 304 1427 εἰ
319 1401 366 1428 καί
381 1409 408 1427 τι
424 1401 453 1427 ὲν
463 1401 495 1436 τῇ
503 1400 615 1436 ἀληθείᾳ
631 1399 724 1431 κακῶς
742 1400 855 1434 γένοιτο,

81 1446 128 1472 ἀπὸ
144 1446 191 1481 τῆς
208 1446 314 1482 πλάνης
336 1444 420 1472 ἐστίν.
444 1444 605 1471 Ἀπολάσετε
625 1442 671 1472 οὖν
692 1444 769 1480 ὑμῶν
789 1452 857 1471 παν-

80 1491 181 1526 ταχόθεν
201 1491 236 1518 τὰ
262 1491 327 1522 ίδια,
355 1489 392 1526 μὴ
414 1489 449 1516 τὰ
470 1490 612 1526 ἀλλότρια,
628 1490 675 1517 καὶ
692 1490 729 1526 μὴ
752 1489 855 1525 λέγετεο

80 1537 110 1563 Et
121 1546 145 1564 τι
160 1537 282 1565 ποιοῦσιν
306 1538 331 1563 οἱ
353 1536 553 1572 πεπλανημένοι
579 1536 669 1569 καλδν,
696 1537 781 1564 ποιεῖν
807 1536 892 1572 οὐκί)

81 1581 218 1618 ὀφείλομεν.
239 1582 335 1618 Τούτῳ
357 1581 412 1617 γὰρ
427 1581 465 1617 τῷ
480 1581 561 1617 λόγῳ,
584 1581 630 1608 ἐὰν
649 1582 685 1618 μὴ
704 1582 802 1619 φονεύῃ
815 1590 858 1615 τις

81 1628 166 1656 εἴδωλα
180 1628 276 1661 σέϐων,
290 1629 412 1664 φονεύειν
428 1628 579 1664 ὀφείλομεν,
591 1627 632 1654 ὅτι
645 1629 659 1655 ὁ
675 1628 704 1654 ἑν
719 1628 807 1665 πλάνῃ
819 1627 857 1655 ὢν

81 1674 107 1699 οὺ
119 1674 267 1708 eonﬁat";

111 1718 213 1747 XXXII.
235 1720 304 1756 Οὐχί
315 1729 322 1736 ·
339 1720 407 1747 ἀλλὰ
419 1720 440 1736 ⁸¹
455 1719 486 1747 τὸ
502 1719 602 1751 πλεῖον,
620 1718 667 1746 ἐὰν
683 1719 707 1746 οἱ
724 1720 753 1746 ὲν
770 1719 857 1756 πλάνῃ

84 1764 114 1800 μὴ
129 1765 284 1800 φονεύωσιν,
303 1765 381 1801 251
398 1767 478 1802 ἡμεῖς
497 1764 533 1801 μὴ
554 1764 577 1780 ⁸⁸
601 1763 788 1800 ὀργιζώμεθα·
809 1765 857 1792 ὲὰν

81 1810 133 1838 ὁὲν
153 1811 238 1848 πλάνῃ
267 1811 306 1847 μὴ
336 1811 460 1848 μοιχεύῃ,
488 1811 570 1846 ἡμεῖς
601 1810 650 1846 τὴν
680 1811 768 1846 ἀρχὴν
791 1811 857 1847 μηδὲ

82 1855 264 1893 ἐνθυμηθῶμεν
288 1857 323 1873 ⁸⁸·
354 1856 401 1883 ἐὰν
436 1858 450 1884 ὁ
465 1857 494 1883 ὲν
520 1856 608 1893 πλάνῃ
634 1856 679 1882 τὸν
708 1856 857 1890 ἀγαπῶντα

83 1901 179 1938 ἀγαπᾷ,
200 1904 284 1938 ἡμεῖς
303 1902 350 1929 καὶ
366 1903 429 1934 τοὺς
453 1902 608 1938 μισοῦντας·
633 1901 680 1928 ἐὰν
695 1902 709 1929 ὁ
724 1902 753 1928 ὲν
770 1901 857 1938 πλάνῃ

83 1946 180 1985 δανείζῃ
202 1950 260 1980 τοῖς
283 1947 404 1984 ἔχουσιν,
427 1949 507 1984 ἡμεῖς
530 1947 577 1974 καὶ
601 1948 657 1979 τοῖς
682 1947 718 1983 μὴ
740 1946 854 1982 ἔχουσιν.

88 1992 256 2027 ’Δπαξαπλῶς
279 1993 424 2030 ὀφείλομεν
446 1994 470 2020 oi
489 1994 534 2021 τὸν
548 1994 659 2029 ἄπειρον
677 1993 761 2020 αἰῶνα
781 1992 857 2019 ὲλπί-

83 2036 162 2070 ζοντες
175 2039 363 2076 κληρονομεῖν,
377 2039 432 2066 τῶν
444 2039 490 2066 τὸν
504 2039 625 2075 παρόντα
643 2038 722 2074 μόνον
737 2037 855 2070 εἰδότων,

82 2081 128 2108 τῶν
142 2083 184 2110 ὑπ’
201 2084 292 2110 αὐτῶν
317 2084 471 2119 γενομένων
491 2083 581 2110 καλῶν
596 2083 712 2119 κρείττω
721 2083 745 2099 ⁵⁵
759 2084 854 2115 ποιεῖν,

84 2127 186 2161 ειδότες,
202 2129 252 2161 ὅτι,
275 2129 324 2156 ὲὰν
345 2129 435 2156 αὐτῶν
454 2129 489 2156 τὰ
510 2129 577 2166 ἔργα
596 2131 652 2160 τοῖς
668 2129 812 2165 ἡμετέροις
827 2129 856 2156 ὲν

83 2172 165 2209 ἡμέρᾳ
193 2174 312 2210 κρίσεως
344 2173 524 2210 ἀνακριθέντα
559 2175 605 2201 lca
629 2173 652 2190 ⁸⁸
678 2175 712 2210 τῇ
750 2173 856 2209 εὐποιία

85 2219 186 2255 εὑρεθῇ,
208 2221 255 2247 καὶ
275 2221 358 2256 ἡμεῖς
382 2220 585 2256 ἑναισχυνθῆναι
601 2220 709 2256 ἔχομεν,
725 2220 801 2247 αὐτοὶ
816 2219 856 2252 δὲ,
873 2217 895 2245 D

84 2262 121 2290 διὰ
135 2264 231 2301 πλάνην
239 2266 274 2292 τὰ
290 2266 351 2292 κατ’
372 2265 451 2292 αὑτὸν
464 2266 487 2280 υ
507 2266 678 2302 ποιήσαντες,
695 2265 852 2293 ἀπολέσθαι.

85 2308 149 2336 Τδδὲ
159 2311 333 2347 αἰσχυνθῆναι
349 2311 418 2338 κατὰ
433 2310 514 2337 τοῦτο
530 2312 638 2347 εἴρηκα,
655 2311 695 2338 ὄπι
711 2310 748 2346 μὴ
762 2310 852 2337 πλεῖον

85 2354 236 2392 ἐποιήσαμεν
252 2356 342 2384 αὐτῶν
357 2353 394 2383 ὦν
411 2356 458 2383 γαὶ
474 2356 564 2383 πλεῖον
588 2355 756 2392 ἐγνώκαμεν.
775 2355 807 2382 Ei
824 2355 852 2382 δὲ

86 2400 244 2437 αἰσχυνθῆναι
260 2402 344 2434 ἐστιν,
361 2402 410 2438 τὴν
426 2402 546 2429 εὐποιίαν
565 2402 655 2433 αὐτοῖς
672 2402 732 2437 ίσην
747 2401 852 2434 δείξαν-

85 2453 127 2477 τας
141 2447 161 2462 "
177 2449 222 2474 καὶ
236 2449 267 2475 οὐ
285 2448 383 2480 πλεῖον,
400 2448 476 2483 πόσῳ
492 2456 523 2482 γε
536 2448 559 2464 ⁸⁸
574 2447 684 2484 μᾶλλον,
700 2448 748 2475 ἐὰν
763 2447 852 2474 αὐτῶν

86 2490 128 2525 τῆς
142 2492 257 2525 εὐποιίας
272 2494 302 2520 τὸ
316 2491 397 2529 ἧττον
411 2494 555 2529 δείξωμεν,

117 2553 129 2567 ι
147 2549 234 2577 Matth.
252 2558 332 2583 “ut,
345 2551 391 2578 25.

914 248 948 275 Et
971 256 1045 275 vere.
1068 247 1135 275 Nam
1153 252 1244 275 mente
1259 255 1307 282 per
1321 246 1462 274 scientiam
1485 246 1636 280 illustrata,
1651 247 1697 282 qui

913 295 1007 322 didicit
1027 299 1117 330 potest
1133 302 1194 322 esse
1208 294 1315 326 bonus;
1338 301 1422 329 quam
1444 301 1502 320 rem
1519 294 1697 328 consequitur

913 341 1029 376 puritas,
1047 340 1110 375 quia
1128 348 1161 367 ex
1186 340 1310 367 interiori
1337 339 1474 367 intellectu
1499 338 1530 366 ﬁt
1551 339 1696 367 exterioris

913 384 1034 419 corporis
1045 384 1115 412 bona
1131 384 1262 419 provisio.
1278 383 1512 417 Quemadmodum
1527 391 1560 411 ex
1573 384 1697 418 corporis

914 429 1035 465 neglectu
1054 429 1152 457 mentis
1170 430 1290 465 provisio
1305 430 1363 457 ﬂeri
1376 431 1479 465 nequit,
1497 430 1533 457 ita
1548 430 1595 466 qui
1610 438 1696 465 purus

912 479 963 507 est.
970 480 997 503 et
1008 475 1081 511 quod
1097 476 1218 504 exterius
1228 481 1269 503 est
1278 480 1304 503 et
1313 476 1386 511 quod
1398 476 1514 504 interius
1530 480 1620 511 potest
1631 484 1696 511 pur-

912 527 994 555 gare:
1007 520 1053 555 qui
1068 528 1132 548 vero
1145 521 1281 548 exteriora
1295 526 1403 557 purgat,
1424 521 1459 549 ad
1476 522 1618 549 hominum
1635 522 1694 549 lau-

911 565 960 593 des
975 566 1119 600 aspiciens,
1133 566 1158 593 id
1174 566 1240 601 agit,
1255 573 1287 594 ac
1297 571 1406 602 propter
1418 567 1586 595 cernentium
1599 568 1694 596 laudes

912 611 980 638 nihil
995 619 1010 639 a
1026 611 1082 639 Deo
1099 612 1206 647 recipit.

945 699 1029 728 XXX.
1049 699 1100 728 Cui
1121 707 1186 728 vero
1210 708 1264 729 non
1291 706 1421 736 apparet,
1444 702 1543 731 melius
1572 710 1633 731 esse
1658 702 1691 730 ad

910 746 1052 774 mulierem
1079 751 1218 774 menstrua
1241 747 1389 782 patientem
1412 756 1467 775 non
1490 749 1629 783 accedere,
1644 750 1691 777 sed

910 791 943 818 ad
957 791 1126 826 puriﬁcatam
1145 795 1172 818 et
1190 791 1292 818 lotam?
1311 791 1423 827 Oportet
1440 793 1522 820 etiam
1546 796 1608 828 post
1625 800 1692 820 con-

911 836 1033 864 cubitum
1060 836 1156 864 lavari.
1185 837 1263 870 Quod
1289 837 1313 864 si
1339 837 1392 865 hoc
1420 837 1511 866 facere
1532 845 1582 866 \‘os
1606 839 1691 874 piget,

910 882 1003 910 animo
1019 883 1142 917 repetite,
1158 891 1213 918 quo
1229 888 1308 918 pacto
1326 883 1497 911 castimonia!
1512 884 1605 912 munia
1623 892 1689 919 pro-

909 927 1107 963 sequebamini,
1133 928 1243 963 quando
1260 937 1358 957 sensus
1379 930 1500 965 expertia
1522 931 1593 958 idola
1613 931 1691 958 cole-

909 973 991 1001 hatis.
1022 973 1198 1007 Erubescite,
1224 975 1296 1009 quod
1325 975 1388 1009 hic,
1414 975 1460 1003 ubi
1476 977 1612 1010 oportuit,
1634 983 1687 1004 non

908 1019 970 1047 dico
986 1020 1129 1054 majorem,
1147 1021 1193 1048 sed
1207 1022 1375 1056 singularem
1395 1026 1422 1050 et
1435 1022 1568 1057 integram
1587 1023 1690 1058 ample-

908 1064 943 1090 cti
955 1065 1118 1098 castitatem,
1134 1066 1272 1100 segniores
1289 1067 1367 1095 estis.
1384 1067 1506 1106 Cogitate
1519 1068 1601 1102 igitur
1614 1076 1688 1102 eum,

908 1109 956 1144 qui
980 1117 1029 1138 vos
1051 1110 1107 1138 illic
1129 1112 1328 1145 constituerat,
1352 1111 1552 1149 et‘ntelligetis
1568 1114 1630 1150 quis
1646 1115 1690 1142 hic

907 1155 985 1184 vobis
997 1156 1140 1192 segnitiem
1157 1157 1190 1184 ad
1204 1158 1395 1186 castimoniam
1414 1159 1551 1187 immittat.

942 1201 1038 1230 XXXI.
1062 1202 1113 1230 Sed
1131 1203 1201 1231 dicet
1215 1203 1314 1239 aliquis
1328 1210 1448 1232 vestrum
1466 1204 1600 1240 :Oporlet
1624 1213 1689 1241 ergo

907 1255 957 1276 nos
983 1247 1073 1276 facere
1095 1256 1266 1284 quaecunque
1296 1250 1367 1285 apud
1397 1250 1469 1278 idola
1495 1250 1610 1286 egimus.
1637 1252 1689 1279 Aio

908 1293 956 1323 tibi
972 1302 979 1324 ;
992 1292 1162 1324 Non‘omnia
1172 1317 1180 1329 ,
1205 1295 1252 1323 sed
1266 1302 1435 1332 qua-cunque
1450 1295 1519 1335 bene
1536 1294 1686 1330 faciebatis,

907 1346 988 1377 atque
1000 1342 1045 1369 hic
1059 1341 1190 1377 majorem
1205 1341 1232 1370 in
1248 1342 1370 1371 modum.
1384 1342 1521 1378 Quidquid
1535 1343 1607 1371 enim
1620 1343 1689 1371 bene

907 1388 937 1415 ιιι
956 1388 983 1415 in
1003 1395 1107 1422 errore,
1130 1395 1146 1415 a
1166 1388 1282 1416 veritate
1306 1388 1416 1424 pendet,
1437 1388 1508 1417 sicut
1527 1393 1555 1416 et
1577 1389 1601 1417 si
1623 1389 1688 1424 quid

907 1434 977 1462 male
991 1434 1038 1462 ﬁat
1051 1434 1078 1462 in
1093 1435 1217 1468 veritate,
1234 1443 1268 1463 ex
1284 1442 1377 1462 errore
1392 1435 1476 1462 venit.
1498 1435 1620 1470 Recipite
1636 1435 1688 1471 igi-

907 1485 952 1508 tur
967 1487 1028 1516 quae
1046 1480 1167 1515 undique
1184 1480 1218 1508 ad
1238 1488 1288 1509 vos
1307 1481 1457 1516 pertinent,
1474 1488 1529 1509 non
1546 1489 1607 1516 quae
1625 1487 1690 1509 sunt

908 1526 1008 1558 aliena.
1021 1530 1048 1554 et
1062 1533 1096 1554 ne
1109 1527 1206 1554 dicatis
1220 1534 1228 1552 :
1244 1525 1274 1554 Si
1294 1526 1359 1561 quid
1379 1526 1445 1554 boni
1462 1526 1567 1554 faciunt
1580 1527 1627 1562 qui
1646 1535 1690 1555 er-

907 1576 980 1605 rant,
1003 1571 1093 1600 facere
1107 1579 1158 1600 nos
1177 1579 1232 1600 non
1248 1572 1389 1600 debemus.
1415 1571 1472 1600 Hae
1487 1572 1620 1608 siquidem
1642 1581 1689 1601 ra-
1708 1597 1712 1601 .

907 1619 990 1652 tione,
1006 1618 1029 1646 si
1047 1625 1102 1645 non
1116 1618 1223 1646 occidat
1237 1617 1372 1646 idolorum
1386 1618 1485 1651 cultor,
1498 1618 1629 1646 debemus
1642 1625 1689 1646 oc-

906 1664 1008 1695 cidere,
1024 1663 1088 1698 quia
1103 1663 1150 1698 qui
1170 1663 1197 1690 iu
1214 1670 1310 1692 errore
1321 1667 1448 1691 versatur
1461 1671 1516 1691 non
1530 1663 1651 1691 occidit?

940 1708 1048 1736 XXXII.
1069 1708 1270 1736 Minimezimo
1284 1709 1392 1744 potius,
1415 1708 1438 1736 si
1463 1708 1502 1735 illi
1526 1708 1573 1743 qui
1595 1714 1689 1736 errant

906 1755 1087 1783 homicidium
1111 1762 1166 1782 non
1186 1754 1302 1788 faciunt.
1327 1762 1378 1782 nos
1400 1762 1435 1782 ne
1462 1754 1617 1782 irascamur
1638 1763 1645 1781 :
1665 1755 1688 1782 si

906 1808 1002 1829 errans
1026 1807 1080 1828 non
1104 1800 1269 1832 moechatur,
1295 1807 1344 1827 nos
1367 1799 1494 1834 primitus
1518 1807 1552 1827 ne
1578 1800 1688 1835 quidem

906 1845 1152 1879 concupiscamus:
1167 1843 1190 1871 si
1208 1844 1253 1871 ille
1271 1847 1406 1870 amantem
1430 1847 1513 1874 amat,
1538 1850 1588 1870 nos
1607 1843 1688 1870 etiam

907 1891 1032 1919 inimicos
1055 1890 1229 1925 diligamus:
1248 1889 1272 1917 si
1295 1889 1342 1916 ille
1359 1893 1486 1916 mutuum
1510 1887 1557 1915 dat
1584 1888 1619 1915 iis
1641 1888 1687 1923 qui

906 1937 1018 1970 habent,
1034 1943 1085 1964 nos
1112 1935 1194 1964 etiam
1218 1942 1275 1963 non
1289 1934 1466 1962 habentibus.
1485 1931 1603 1961 Omnino
1623 1942 1689 1962 sane

906 1983 1047 2015 debemus,
1072 1982 1118 2017 qui
1142 1981 1236 2009 atterui
1259 1980 1351 2009 saeculi
1376 1980 1565 2008 hereditatem
1592 1988 1688 2015 spera-

905 2036 979 2061 mus,
999 2028 1027 2055 in
1043 2026 1124 2055 bonis
1142 2026 1270 2062 operibus
1286 2032 1416 2061 superare
1431 2033 1490 2058 eos,
1504 2025 1551 2060 qui
1568 2033 1688 2060 praesens

907 2077 1011 2100 tantum
1035 2072 1164 2100 saeculum
1189 2075 1292 2098 norunt
1315 2078 1322 2097 :
1348 2070 1424 2106 gnari
1452 2071 1536 2106 quod,
1561 2071 1584 2098 si
1605 2078 1687 2106 opera

906 2119 1014 2146 illorum
1029 2125 1091 2145 cum
1106 2117 1208 2145 nostris
1231 2117 1360 2152 operibus
1376 2117 1402 2144 in
1419 2117 1462 2144 die
1474 2116 1570 2150 judicii
1588 2117 1686 2144 collata

906 2164 980 2199 paris
996 2163 1086 2191 meriti
1101 2162 1282 2199 reperiantur,
1297 2162 1423 2190 confusio
1435 2162 1514 2190 nobis
1529 2162 1591 2195 erit,
1605 2167 1631 2190 et
1648 2163 1686 2190 illi

908 2216 954 2244 per
971 2216 1091 2236 errorem
1103 2208 1174 2243 quod
1191 2208 1225 2236 ad
1239 2207 1362 2236 futurum
1379 2208 1508 2235 saeculum
1525 2208 1628 2243 operati
1645 2208 1687 2234 in-

907 2253 1040 2281 teribunt.
1066 2253 1136 2280 Fore
1162 2257 1253 2280 autem
1281 2252 1361 2280 nobis
1385 2252 1636 2286 c0nl'usionem,‘in
1654 2259 1687 2279 eo

907 2299 974 2332 dixi,
991 2298 1063 2334 quod
1088 2306 1142 2326 non
1159 2298 1275 2334 amplius
1298 2297 1444 2325 fecerimus
1456 2306 1537 2333 quam
1562 2298 1612 2331 illi,
1626 2299 1687 2333 qui-

907 2345 959 2372 bus
980 2345 1097 2380 amplius
1118 2345 1312 2372 intelleximus.
1335 2344 1413 2377 Quod
1436 2344 1459 2372 si
1475 2343 1599 2372 confusio
1622 2345 1684 2378 erit,

907 2391 930 2418 si
947 2391 974 2417 in
989 2390 1117 2425 operibus
1132 2390 1211 2418 bonis
1225 2397 1276 2418 nos
1289 2390 1342 2417 illis
1363 2390 1481 2424 aequales
1498 2389 1684 2422 ostendemus,

907 2443 962 2462 non
974 2435 1139 2469 superiores,
1157 2439 1260 2470 quanto
1276 2434 1374 2469 magis,
1386 2434 1411 2461 si
1430 2434 1457 2461 in
1474 2433 1570 2462 iisdem
1593 2434 1684 2469 operi-

905 2481 956 2509 bus
973 2489 1023 2509 nos
1039 2480 1181 2509 inferiores
1197 2480 1422 2509 exbibuerimus?

700 2606 818 2635 VARIIE
837 2606 1038 2634 LECTIONES.

106 2668 258 2710 fitting-30.
300 2675 323 2694 ⁷³
337 2673 373 2702 lla
388 2675 410 2702 0
442 2683 468 2702 c.
483 2674 502 2701 S
517 2696 524 2708 ,
539 2673 699 2710 ἀνθρώπους
715 2675 745 2701 C.
783 2659 999 2710 7"}09ncatstisss
1012 2672 1091 2710 5,79.
1111 2672 1274 2710 θρηᾳκεὺετε
1287 2671 1322 2710 C._
1353 2671 1376 2710 ‘_°
1390 2670 1684 2710 Postqaozs-J’gtpupcto

89 2703 213 2745 distinguit
281 2710 302 2725 ⁸¹
316 2711 382 2745 Οὐχὶ
406 2710 470 2737 ἄλλο
481 2710 501 2737 C
541 2703 612 2745 psit
627 2703 694 2737 ἀλλά
716 2710 736 2736 S
752 2730 759 2741 ,
770 2703 887 2745 etillu'l‘:
899 2708 960 2745 Rgc.
988 2703 1076 2745 vult?)
1090 2703 1204 2745 ηυνξ-’ἕω
1217 2712 1266 2745 est,
1278 2707 1333 2734 sed.
1354 2706 1419 2745 Deiri
1436 2703 1483 2733 ἐάν
1499 2706 1518 2734 S
1532 2727 1542 2745 ,
1555 2703 1600 2745 ἵνα
1610 2705 1633 2734 0
1658 2714 1683 2745 ct

89 2740 127 2785 9.:
137 2742 180 2785 3""
195 2744 265 2785 θοηί·
279 2745 320 2785 ῖνιὲι
332 2740 406 2785 FW-
444 2745 520 2785 ῗῖ.μή
533 2744 563 2785 9.
573 2740 647 2785 ,έίίέκ
662 2740 777 2785 ⁰⁰Ι¹ί⁴²έι
791 2744 811 2771 (⁵
827 2764 834 2776 ν
845 2743 943 2785 ἶ“,9¹¹Ῑ-
957 2745 1018 2785 eo!“
1030 2743 1114 2785 de“?!-
1131 2742 1200 2769 Τ¹¹¹¹¹
1218 2743 1257 2785 μὴ
1271 2741 1383 2785 limi?“
1393 2741 1417 2785 ο
1429 2761 1439 2785 :
1452 2741 1602 2785 “midst?
1617 2742 1684 2785 ’.Ψέί

90 2775 183 2816 quidem
196 2775 265 2805 recte
280 2781 315 2816 μή

91 2808 138 2853 ἓ...
157 2811 178 2826 ιδ
191 2808 352 2853 κρεῖττον-(Σ.
388 2817 430 2853 ’θυΔ
440 2815 478 2853 Ita
537 2820 564 2842 ct
575 2816 611 2853 ju
632 2808 750 2853 uiatzg‘zt',‘
767 2835 774 2846 ,
787 2808 852 2840 ὅσι’
863 2815 888 2853 iu

322 2781 417 2808 deesse
429 2780 504 2807 vidit.
515 2779 519 2781 Ἴ
540 2781 563 2798 ⁸³
572 2779 865 2815 ὲπιθυμηθῶμενιεοιῄ.
874 2779 903 2805 (Σ.

908 2799 915 2810 ,
924 2776 1000 2812 quod
1015 2786 1068 2805 non
1082 2777 1205 2804 Graecum
1219 2776 1377 2804 est.'Lectio
1391 2776 1464 2811 vulg}
1471 2781 1543 2804 recte
1553 2784 1582 2804 se
1593 2776 1682 2812 habet.

903 2808 989 2840 testu.
1039 2813 1062 2828 ⁸⁸
1074 2812 1134 2838 καθ’
1148 2812 1236 2839 αὐτῶν
1254 2812 1283 2839 C.
1306 2811 1365 2838 καθ’
1380 2808 1479 2843 αὐτούς
1495 2812 1547 2846 leg.
1564 2815 1642 2846 putat
1653 2811 1682 2840 S.

91 2843 109 2861 “-
122 2843 156 2872 lt:
168 2843 257 2882 scripsi
272 2851 374 2878 ratione
388 2850 478 2877 habita
494 2851 554 2878 lect.
570 2850 662 2878 Ottob.
673 2843 804 2882 δξίξανὲα,
820 2856 864 2883 ap.
876 2849 894 2878 (ἱ
905 2848 1046 2880 δείξαντες.
1062 2847 1161 2875 Verum
1170 2847 1226 2883 jam
1241 2847 1307 2875 vidit
1321 2846 1350 2874 S.
1387 2847 1411 2864 ⁸⁸
1424 2847 1482 2879 πῶς
1494 2843 1570 2881 γε’(ὶξ

235 2896 368 2927 Ριτιιοιι.
397 2896 456 2927 Gn.
477 2896 517 2926 II.

1509 2894 1545 2924 10
