1932 3100
43 165 82 194 285
578 164 809 193 CLEMENTINA.
823 179 858 186 -
874 165 1012 192 HOMILIA
1029 165 1073 192 XI.

1612 166 1666 194 286

37 223 86 253 σίας
100 221 203 249 αὐτῶν
226 222 294 254 ἴσως
316 222 358 254 εἰς
368 222 406 238 ¹⁰⁶
429 221 493 250 ἄλλο
507 230 534 248 τι
551 221 567 257 ἢ
584 223 623 253 είς
637 222 720 257 238
738 223 827 258 χρῆσιι

885 223 927 249 vel
943 222 976 249 ad
999 222 1094 249 ﬁmum
1107 242 1115 254 ,
1139 221 1234 249 fuisset
1255 221 1339 249 utilis.
1357 220 1434 249 Nunc
1450 230 1514 250 vero
1530 231 1616 258 neque
1630 225 1665 252 ad

33 267 144 304 κόπρου,
162 267 411 304 εὖχρηστησάσης.
424 268 481 295 Νῦν
491 267 520 294 δὲ
527 264 606 294 οὐδὲί
623 269 662 298 εἰς
675 267 752 294 τοῦτο
766 276 833 304 χρη-

31 314 156 349 σιμεύει,
175 315 226 341 ὅτε
253 314 544 350 μετασχηματίσαντες
561 315 747 349 προσκυνεῖτε.
771 314 833 346 Πῶς

26 361 44 387 δὲ
70 361 126 387 καὶ
138 361 150 376 ³
174 361 373 397 εὐσεϐέστεροι
389 359 458 388 εἷναί
475 369 554 395 φατε,
571 360 596 387 oi
613 360 721 387 πάντων
737 359 832 386 ἀσεϐέ-

26 413 130 438 στατοι,
142 406 239 442 ταύτῃ
250 407 320 442 αὐτῇ
329 408 363 442 τῇ
373 407 421 442 μιᾷ
431 406 479 433 καὶ
489 406 644 441 ἀσυγκρίτῳ
654 405 775 440 ἁμαρτία
782 404 833 440 ψυ-

23 451 68 487 χῆς
85 452 214 489 ὄλεθρον
231 453 387 487 ὀφείλοντες
401 452 441 488 τῷ
456 452 550 488 ἀληθεί
559 452 581 483 ³,
599 451 646 478 ἐὰν
657 451 831 486 ὲπιμείνητε;

27 498 66 529 Ὡς
83 498 147 534 γὰρ
166 499 198 525 ετ
212 507 258 531 τις
274 499 332 531 υίὸς
357 498 441 526 πολλὰ
461 498 687 534 εὐεργετούμενος
709 497 761 524 ὑπὸ
784 497 832 524 τοῦ

23 544 130 579 πατρὸς
148 546 247 581 ἑτέρῳ
262 545 316 572 τινὶ
331 545 371 580 τῷ
388 545 424 580 μὴ
439 545 523 580 πατρὶ
537 544 586 580 τὴν
601 543 778 579 ὀφειλομένην
794 543 832 579 τῷ

22 598 72 616 τατ
77 591 107 625 pl.
119 591 244 626 ἀποδῴη
252 591 264 607 ⁸
271 591 364 627 τιμὴν,
377 591 484 622 πάντως
490 590 710 626 ἀποκληρονόμος
717 590 829 625 γίνεται·

23 635 89 662 ἐπὰν
107 636 141 662 δὲ
159 636 241 664 κατὰ
259 637 371 672 γνώμην
394 636 441 663 τοῦ
463 637 566 672 πατρὸς
590 636 664 671 βιοὺς
685 636 830 672 εὐχαριστῇ

23 682 64 708 ἐπὶ
81 685 152 715 ταῖς
166 682 359 719 εὐεργεσίαις,
377 683 494 718 εὐλόγως
510 682 675 718 κληρονόμος
682 683 794 717 γίνεται.

52 761 132 789 Kl“.
159 762 261 789 Ἀλλοι
272 763 301 789 δὲ
311 762 444 796 λέγουσιν·
455 762 575 788 ’Ᾱσεὸεϊν
588 761 730 797 μέλλομεν,
739 760 785 787 ἐὰν
797 760 832 787 τὰ

31 808 228 844 παραδοθέντα
247 809 314 844 ἡμῖν
329 809 362 835 ὲκ
378 808 502 844 πατέρων
527 807 684 843 σεϐάσματα
706 807 830 834 καταλεί-

38 855 162 890 tio:pr
185 855 284 890 ὅμοιον
300 855 354 889 γάρ
377 855 436 880 ἐστι
460 854 499 889 τῷ
520 853 682 889 παραθήκην
704 853 828 888 φυλάξαι.

38 901 132 927 Οὐκοῦν
150 900 248 936 τούτῳ
272 900 312 936 τῷ
333 900 404 936 λόγῳ
426 900 477 926 κᾶν
493 899 592 935 λῃστοῦ
608 908 650 930 τις
699 899 800 934 πατρὸς
814 898 830 934 ἢ
847 903 867 930 Β

38 946 211 982 αὶτχροὸίου,
231 946 284 973 οὐκ
309 946 410 980 ὀφείλει
433 947 447 973 ὁ
470 945 527 977 υἱδς
551 945 637 981 νήψας
658 944 688 971 τὸ
710 945 830 981 κρεῖττον

37 993 149 1024 ἑλέσθαι,
168 993 218 1019 ἵνα
236 993 274 1028 μὴ
287 992 418 1029 ἀσεϐήσῃ,
434 992 480 1019 καὶ
493 992 529 1028 μὴ
542 991 577 1018 τὰ
592 992 637 1018 ἴσα
652 992 708 1022 τοῖς
724 990 831 1025 γονεῦσι

37 1040 111 1066 ποιῶν
124 1039 282 1075 ἁμαρτάνῃ
291 1039 312 1066 ⁸.
321 1038 383 1070 Πῶς
393 1039 425 1074 δὴ
436 1039 543 1073 ἀνόητοι
554 1038 578 1064 οἱ
591 1037 726 1072 λέγοντες’
740 1036 831 1063 Ταῦτα

36 1085 259 1120 προσκυνοῦμεν,
278 1085 322 1111 ἵνα
339 1085 376 1120 μὴ
394 1083 468 1119 αὑτῷ
483 1083 623 1119 ὀχλῶμεν;
648 1083 685 1114 ὡς
700 1082 830 1118 ὀχλουμέ-

35 1139 74 1157 tm
89 1131 160 1158 Θεοῦ
187 1131 232 1165 ἐφ’
249 1127 291 1162 οἷς
312 1131 473 1166 εὐφημετται
485 1149 493 1161 ,
512 1130 549 1166 μὴ
566 1129 727 1165 ὀχλουμένου
743 1128 771 1155 δὲ
788 1129 829 1163 ἐφ’

34 1174 68 1208 οἷς
81 1176 325 1212 ἀχαριστοῦμενος
337 1176 546 1211 βλασφημεῖται.
559 1176 608 1202 Διὰ
620 1175 646 1202 τί
660 1173 716 1207 οὖν,
731 1175 830 1203 ὁπόταν

33 1223 111 1259 iunxi;
129 1219 218 1250 ὑετοῦ
235 1222 348 1258 γένηται
361 1242 368 1254 ,
394 1221 462 1258 πρὸς
478 1221 591 1257 οὐρανὸν
607 1221 641 1248 τὰ
657 1221 745 1248 πάντα
761 1222 829 1256 ἀφο-

33 1268 130 1303 ρῶντες
142 1268 234 1304 εὐχὰς
245 1269 292 1295 καὶ
299 1268 375 1299 λιτὰς
381 1267 541 1303 ἀπονέμετε;
549 1267 595 1294 καὶ
601 1268 663 1294 ὅταν
671 1267 828 1303 ὲπιτὺχητε,

30 1315 120 1350 τάχιον
130 1314 350 1341 ἐπιλανθάνεσθε
361 1323 368 1347 ;
385 1314 538 1349 ἀμήσαντες
554 1314 608 1349 γὰρ
620 1313 636 1349 ἢ
647 1314 830 1349 τρυγήσαντες

31 1361 131 1392 εὐθέως
142 1362 204 1392 τοῖς
218 1360 318 1396 μηδὲν⁷
328 1358 403 1387 οὖσιν
415 1359 532 1391 εἰδώλοις
548 1359 598 1391 τὰς
609 1358 735 1395 ἀπαρχὰς
749 1359 830 1394 239

29 1407 111 1433 ἀπονὲ
116 1415 199 1442 μετε,
205 1406 299 1441 τάχιον
305 1405 542 1441 ἐπιλανθανόμενοι
549 1405 596 1432 τοῦ
604 1405 829 1441 εὐεργετήσαντος

29 1452 108 1479 θεοῦ.
128 1452 190 1478 Καὶ
205 1451 294 1483 οὕτως
309 1452 349 1483 είς
364 1451 432 1487 ἄλση
443 1451 454 1467 ³
468 1451 515 1478 καὶ
528 1452 568 1483 είς
580 1451 642 1482 τοὺς
656 1451 738 1482 ναοὺς
753 1450 830 1484 γενό-

31 1507 105 1533 μενοι
123 1497 228 1529 θυσίας
244 1497 429 1529 ἐπιτελοῦντες
453 1496 608 1533 εὐωχεῖσθε.
631 1496 681 1524 Διὰ
702 1496 780 1523 τοῦτο
804 1496 828 1522 οἱ

30 1544 78 1578 μὲν
92 1544 179 1579 ὑμῶν
195 1543 335 1578 λέγουσιν·
354 1543 531 1579 Παρηγορίας
543 1543 590 1570 καὶ
605 1542 652 1569 τοῦ
668 1541 828 1578 εὐωχεῖσθαι

28 1590 111 1624 χάριν
129 1589 225 1620 καλῶς
239 1589 326 1616 ταῦτα
342 1589 521 1625 ἐπινενόηται.

63 1645 141 1673 XIV.
167 1646 201 1672 Ὢ
215 1645 337 1681 ἀνόητοιι
359 1646 438 1681 ὑμεῖς
461 1645 508 1672 τοῦ
531 1644 676 1680 λεγομένου
700 1644 826 1679 γίνετθε²

26 1691 131 1718 δίκαιοι
154 1691 260 1727 κριταί.
285 1692 372 1727 Εἴπερ
396 1691 450 1726 γὰρ
473 1691 521 1717 καὶ
540 1691 624 1726 ὲχρῆν
649 1690 765 1717 ἐνταῦθα
787 1691 827 1722 είς

26 1737 188 1772 εὐφρασίαν
224 1737 350 1772 σώματος
377 1737 471 1764 ἑαυτὸν
498 1737 588 1764 δοῦναι
617 1736 681 1772 ποίᾳ
706 1735 826 1771 εὐωχίᾳ,

27 1783 155 1818 ἀμείνων
172 1781 207 1818 ἦν
222 1784 239 1818 ή
259 1783 289 1809 ἐν
302 1784 434 1818 ποταμοῖς
445 1783 466 1799 ¹⁰
490 1783 537 1810 καὶ
556 1782 632 1814 ὕλαις
647 1782 694 1808 καὶ
707 1781 826 1819 ἄλσεσιν,

29 1829 98 1855 ἔνθα
115 1828 256 1855 εἰλαπίναι
272 1829 320 1855 καὶ
336 1829 473 1864 συμπόσια
485 1827 532 1855 καὶ
546 1828 687 1855 κατάσκιοι
701 1827 792 1858 τόποι,
809 1827 826 1862 ἢ

29 1875 101 1901 ὅπου
118 1874 236 1902 ἀπόνοια
257 1875 392 1910 δαιμόνων
403 1895 410 1907 ,
425 1875 471 1902 καὶ
487 1874 585 1910 χειρῶν
605 1874 701 1910 τομαὶ,
722 1873 768 1900 καὶ
787 1874 828 1901 αι-

31 1920 114 1946 δοίων
133 1920 286 1952 ἀποκοπαὶ,
301 1921 348 1947 καὶ
360 1918 473 1956 οἷστροι,
485 1920 532 1947 καὶ
548 1920 651 1956 μανίαι,
667 1920 714 1946 καὶ
727 1919 827 1955 τριχῶν

33 1965 120 2000 κόμαι
136 1986 144 1998 ,
160 1966 208 1992 καὶ
224 1966 340 2002 κόμποι,
356 1966 403 1992 καὶ
418 1965 619 2001 ἐνθουσιασμοὶ,
635 1966 682 1992 καὶ
691 1965 826 1999 ὀλολυγαὶ,

34 2011 84 2037 καὶ
99 2012 193 2038 πάντα
204 2012 296 2038 ὲκεῖνα
307 2011 341 2038 τὰ
357 2011 415 2046 μεθ’
427 2011 597 2047 ὑποκρίσεως
609 2012 649 2042 είς
662 2010 828 2046 κατάπληξιν

34 2057 90 2083 τῶν
101 2058 226 2093 ἀνοήτων
235 2057 464 2096 γινόμενακόπως
472 2056 522 2088 τὰς
533 2056 608 2092 ὑμῶν
620 2057 638 2072 ¹¹
653 2056 829 2091 ὀφειλομένας

36 2103 120 2138 εὐχὰς
152 2103 202 2130 καὶ
242 2103 417 2139 εὐχαριστίας
445 2103 492 2129 καὶ
528 2102 632 2138 νεκρῶν
661 2102 829 2139 νεκριπέροις

37 2149 244 2186 προσενέγκητε
251 2158 260 2182 ;

70 2204 131 2232 XV.
153 2206 210 2232 Καὶ
233 2205 277 2232 διὰ
297 2206 325 2233 τί
345 2205 485 2242 χαίροντες
502 2205 588 2233 ταῦτα
609 2207 731 2238 ποιεῖτε;
756 2205 829 2233 Ἐπεὶ

884 268 935 295 hoc
948 268 1069 302 prodest,
1088 268 1197 303 quando
1213 276 1228 294 ιι
1241 268 1318 295 vobis
1332 268 1549 303 transﬁguratam
1564 271 1662 298 colitis.

884 313 942 347 Qua
959 319 1048 341 autem
1069 315 1175 341 ratione
1191 322 1240 341 vos
1261 319 1288 341 et
1303 315 1389 350 magis
1406 315 1466 349 pios
1483 316 1571 343 dicitis
1584 337 1591 349 ,
1617 317 1664 351 qui

884 360 1006 387 omnium
1023 360 1089 388 estis
1111 360 1266 395 impiissitni
1279 381 1287 393 ,
1310 361 1362 387 hoc
1376 360 1434 395 ipso
1450 369 1504 388 uno
1519 366 1546 388 et
1561 362 1665 389 incom-

883 406 999 441 parabili
1016 411 1128 442 peccato
1141 406 1281 433 interitum
1306 406 1403 433 anima:
1425 411 1559 434 merentes
1572 415 1664 434 coram

883 453 940 485 illo,
955 453 1000 487 qui
1016 460 1098 480 verus
1111 457 1161 484 est,
1177 452 1199 478 si
1223 452 1411 487 perseveretis.
1434 452 1556 487 Exempli
1579 454 1664 487 gratia

883 500 906 527 si
919 500 981 534 quis
998 499 1080 531 ﬁlius,
1095 499 1214 534 plurima
1229 499 1358 526 beneﬁcia
1372 507 1386 525 a
1401 503 1477 533 patre
1490 503 1664 532 consecutus,

883 545 960 573 alteri
974 546 1020 580 qui
1034 550 1110 580 pater
1123 552 1178 572 non
1193 545 1229 572 sit
1241 545 1361 571 debitum
1379 545 1447 578 patri
1464 545 1593 571 honorem
1615 545 1665 571 de-

882 590 968 624 ferat,
989 591 1067 625 plane
1080 590 1306 618 ethredabitur.
1321 589 1388 617 Cum
1403 598 1467 617 vero
1480 598 1511 617 ex
1531 591 1664 618 sententia

881 638 968 673 patris
984 638 1079 664 vivens
1101 637 1203 672 gratias
1227 637 1262 664 de
1285 637 1424 665 beneﬁciis
1445 637 1548 672 egerit.
1565 637 1667 664 merito

882 683 968 711 haeres
983 683 1161 718 relinquetur.

915 751 985 780 Xlll.
1006 752 1057 779 Alii
1073 759 1136 779 vero
1149 751 1253 782 dicunt.
1272 751 1348 786 impii
1366 751 1486 783 erimus,
1505 751 1528 778 si
1547 751 1626 778 nobis
1648 759 1667 779 τι

880 799 1004 833 patribus
1015 798 1111 825 tradita
1121 797 1232 824 numina
1261 796 1484 831 dereliquerimus
1495 806 1501 823 ε
1513 797 1583 824 idem
1591 797 1663 824 enim

880 848 922 871 est
943 852 976 872 ac
999 844 1152 878 depositum
1176 850 1296 871 servare.
1322 843 1405 877 Igitur
1425 843 1476 869 hae
1501 843 1615 875 ratione,
1640 843 1664 871 si

882 889 981 924 aliquis
995 894 1072 916 ortus
1085 889 1121 916 sit
1133 896 1166 916 ex
1179 893 1255 924 patre
1268 889 1371 916 latrone
1387 892 1432 915 aut
1445 888 1575 915 obscmno
1585 908 1592 920 ,
1608 896 1664 916 non

881 936 960 963 debet
972 935 1043 962 ﬁlius
1054 935 1124 970 frugi
1137 943 1207 967 esse,
1221 935 1416 969 melioremque
1430 935 1512 961 vitam
1525 935 1664 969 amplecti,

881 989 915 1009 ne
930 981 1030 1017 impius
1043 982 1149 1012 evadat,
1163 985 1308 1015 peccetque
1321 980 1414 1008 eadem
1430 988 1491 1007 cum
1505 980 1668 1014 parentibus,

881 1034 936 1054 non
945 1027 1059 1062 agendo.
1069 1026 1154 1060 Quam
1163 1026 1236 1054 stulti
1248 1031 1337 1053 autem
1345 1030 1418 1058 sunt,
1426 1026 1472 1060 qui
1484 1026 1577 1053 dicunt
1587 1025 1664 1054 :Htec

881 1073 1037 1104 adoramus.
1047 1081 1081 1101 ne
1092 1073 1146 1100 Deo
1157 1073 1243 1100 simus
1251 1073 1356 1100 molesti
1366 1073 1372 1098 l
1385 1072 1467 1105 Quasi
1483 1072 1537 1100 Deo
1549 1073 1663 1099 molesta

880 1119 935 1146 sint
943 1127 974 1146 ea
985 1120 1084 1154 quibus
1096 1119 1232 1152 laudatur,
1241 1127 1293 1146 non
1307 1119 1418 1146 molesta
1430 1126 1504 1151 vero,
1513 1119 1612 1153 quibus
1624 1119 1664 1145 in-

852 1167 857 1172 “
880 1169 955 1201 grate
966 1166 1098 1200 accipitur
1105 1169 1132 1192 ct
1143 1166 1336 1192 inflammatur.
1347 1164 1402 1191 Cur
1412 1171 1488 1199 ergo,
1497 1172 1558 1191 cum
1568 1164 1666 1191 imbris

879 1211 1008 1239 acciderit
1028 1218 1134 1238 remora
1145 1232 1153 1244 ,
1177 1211 1205 1238 in
1220 1211 1320 1238 caelum
1336 1210 1448 1237 omnino
1465 1210 1554 1237 intuiti
1570 1217 1663 1244 preces

879 1265 912 1284 ac
924 1257 1133 1292 supplicationes
1145 1256 1310 1292 assignatis?
1332 1260 1359 1284 et
1373 1257 1482 1291 quando
1495 1256 1662 1289 obtinuistis,

879 1303 933 1330 cito
944 1303 1146 1331 obliviscimini.
1162 1302 1243 1330 Facta
1263 1303 1334 1329 enim
1348 1310 1437 1329 messe
1457 1308 1504 1329 aut
1516 1301 1663 1335 vindemia,

879 1349 971 1376 statim
989 1349 1022 1376 ad
1038 1349 1120 1382 idola,
1135 1356 1196 1383 qua:
1211 1348 1279 1375 nihil
1293 1352 1373 1381 sunt,
1394 1348 1528 1383 primitias
1540 1347 1663 1381 defertis,

879 1395 1002 1423 celeriter
1014 1394 1060 1422 Dei
1073 1395 1257 1426 immemores,
1275 1394 1397 1422 beneﬁcii
1413 1394 1544 1422 auctoris.
1562 1394 1662 1429 Sicque

879 1442 906 1469 in
920 1442 1079 1469 nemoribus
1094 1447 1121 1469 et
1134 1442 1161 1468 in
1177 1441 1283 1475 templis
1298 1441 1378 1476 positi
1393 1441 1526 1468 sacriﬁcia
1538 1441 1662 1468 celebra-

880 1488 925 1520 tis,
945 1492 1026 1523 atque
1041 1488 1120 1523 genio
1134 1487 1290 1522 indulgetis.
1307 1487 1478 1521 Quapropter
1491 1487 1614 1514 nonnulli
1630 1495 1663 1514 ex

878 1535 956 1562 vobis
971 1535 1066 1562 dicunt
1091 1543 1098 1560 ε
1123 1533 1218 1561 Solatii
1242 1538 1270 1560 et
1292 1533 1370 1561 bonae
1391 1533 1563 1561 tractationis
1579 1540 1663 1560 causa

841 1580 862 1609 C
879 1581 1008 1616 praeclare
1024 1580 1075 1607 ista
1087 1579 1240 1615 excogitata
1253 1583 1326 1607 sunt.

911 1636 982 1664 XIV.
997 1636 1020 1664 0
1035 1636 1141 1664 stolidi!
1160 1635 1212 1663 Vos
1225 1635 1306 1670 hujus
1323 1635 1388 1663 dicti
1400 1641 1487 1663 estote
1497 1636 1563 1670 justi
1577 1636 1656 1671 judi-

877 1691 933 1711 oes.
951 1683 979 1711 Si
993 1683 1064 1710 enim
1083 1683 1225 1718 oportebat
1244 1682 1288 1709 hic
1304 1690 1334 1710 se
1355 1683 1387 1710 ad
1401 1684 1525 1718 cei-poris
1539 1684 1663 1719 volupta-

877 1736 932 1758 tem
945 1730 1026 1758 alicui
1041 1730 1150 1757 tradere
1165 1730 1351 1763 oblectationi,
1362 1730 1458 1757 melior
1472 1735 1531 1758 erat
1544 1738 1586 1763 ea,
1599 1739 1661 1765 quae

877 1777 905 1805 in
929 1776 1018 1803 ﬁuviis
1042 1780 1070 1803 et
1091 1775 1167 1803 silvis
1181 1779 1208 1802 et
1232 1775 1320 1808 lueis,
1344 1776 1389 1802 ubi
1407 1776 1622 1810 compotationes
1634 1781 1662 1803 et

878 1823 1001 1851 convivia
1025 1826 1053 1849 et
1074 1822 1126 1849 loci
1150 1822 1294 1854 umbrosi,
1315 1829 1398 1856 quam
1422 1821 1467 1848 ubi
1492 1822 1660 1849 daemoniaca

879 1868 1007 1901 amentia,
1022 1872 1049 1894 et
1062 1874 1192 1893 manuum
1206 1867 1354 1898 sectiones,
1367 1865 1549 1892 abscissiones
1564 1872 1661 1891 veren-

878 1915 987 1947 dorum,
1002 1912 1114 1939 rabidus
1130 1911 1217 1943 furor,
1234 1911 1353 1942 insania,
1371 1910 1460 1945 sparsi
1476 1909 1575 1942 crines,
1591 1914 1661 1936 stre-

879 1961 951 1996 pitus
979 1959 1182 1993 stridoresque,
1213 1957 1320 1997 amatus
1355 1956 1484 1990 fanatici,
1524 1956 1661 1990 ululatus,

879 2005 1026 2039 omniaque
1047 2003 1092 2030 illa
1114 2010 1175 2037 quae
1198 2010 1260 2029 cum
1285 2002 1459 2029 simulatione
1473 2001 1507 2028 ad
1530 2006 1661 2028 terrorem

880 2051 1028 2079 amentium
1045 2050 1125 2081 ﬁunt,
1140 2053 1170 2076 ut
1183 2048 1289 2076 debitas
1300 2048 1353 2075 illis
1366 2055 1460 2082 preces
1471 2052 1498 2074 et
1512 2048 1660 2082 gratiarum

880 2100 1004 2127 actiones
1018 2096 1150 2130 oﬁ‘cratis,
1166 2096 1247 2130 idque
1263 2094 1361 2130 iis,qui
1375 2094 1490 2122 mortuis
1500 2094 1587 2129 magis
1599 2097 1663 2121 sunt

880 2144 993 2173 mortui.

882 2193 975 2234 τ’Χν.
992 2200 1024 2228 Et
1047 2207 1096 2228 cur
1110 2199 1163 2226 laeti
1189 2198 1238 2226 ista
1256 2197 1365 2225 facilis?
1387 2197 1521 2230 Quoniam
1537 2197 1610 2224 intus
1624 2195 1664 2223 la»

38 2251 68 2277 οὐ
82 2251 156 2278 θέλει
167 2251 234 2286 ὑμῖν
248 2251 263 2277 ό
272 2252 438 2287 ὲμφωλεὺων
451 2253 537 2279 εἰπεῖν
547 2252 608 2287 ὄφις
619 2252 652 2284 ¹¹,
667 2252 696 2284 ὃς
707 2251 827 2278 ἐνέσπει-

883 2254 943 2276 tens
959 2255 1071 2283 serpens
1085 2247 1163 2274 vobis
1177 2254 1230 2273 non
1247 2245 1303 2273 vult
1317 2245 1433 2277 edicere,
1449 2245 1494 2279 qui
1512 2243 1664 2270 infructuo-

41 2305 84 2331 ρεν
99 2298 166 2333 ὑμῖν
179 2297 231 2333 τήν
244 2298 369 2334 ἄκαρπον
383 2298 528 2334 ἐπιθυμίαν
539 2318 547 2331 ,
562 2298 648 2333 λέγων
669 2298 827 2334 ὑπομνήσω.

42 2342 117 2377 ’Σχει
142 2343 171 2370 δὲ
196 2342 299 2375 οὕτως·
319 2343 398 2379 Παρὰ
413 2345 446 2380 τῇ
470 2344 517 2370 τοῦ
540 2344 607 2370 Θεοῦ
626 2343 758 2379 θρησκείᾳ
780 2352 830 2379 κη-

42 2387 169 2423 ρύσσεται
192 2391 302 2424 νήφειν,
318 2391 481 2425 σωφρονεῖν,
505 2390 590 2426 ὀργῆς
611 2391 734 2425 κρατεῖν,
753 2389 830 2416 ἀλλό-

41 2441 102 2468 τρια
127 2434 165 2469 μὴ
189 2434 379 2468 νοσφίζεσθαι,
404 2435 516 2466 δικαίως
537 2435 630 2470 βιοῦν,
656 2435 784 2466 ἐπιεικῶς
796 2434 828 2466 ³³,

42 2479 178 2511 εὐσταθῶς
189 2499 197 2511 ,
216 2480 312 2516 πράως
324 2500 332 2512 ,
353 2481 477 2515 κολάζειν
500 2481 595 2508 ἑαυτὸν
616 2481 714 2517 μᾶλλον
727 2481 756 2507 ὲν
770 2481 830 2512 ταῖς

881 2302 941 2322 sam
958 2292 1075 2320 inseruit
1091 2292 1279 2327 cupiditatem,
1294 2291 1382 2317 dicam
1398 2297 1450 2324 ego
1463 2294 1544 2324 atque
1560 2297 1662 2316 memo-

880 2341 957 2368 rabo.
974 2339 1013 2366 lta
1030 2343 1120 2366 autem
1138 2339 1219 2366 habet
1233 2347 1239 2365 :
1255 2337 1331 2372 Apud
1351 2337 1508 2372 religionem
1523 2336 1568 2362 Dei
1595 2343 1663 2370 pra:-

880 2387 986 2414 dicatur
999 2394 1078 2421 agere
1091 2385 1191 2416 sobrie,
1221 2383 1274 2411 sibi
1291 2388 1452 2418 temperare,
1474 2383 1542 2409 iram
1559 2386 1660 2412 tenere,

880 2441 935 2460 non
951 2431 1093 2465 subripere
1107 2430 1194 2456 aliena
1205 2449 1212 2461 ,
1226 2429 1299 2463 juste
1314 2429 1414 2460 vivere,
1428 2435 1489 2454 cum
1506 2427 1576 2454 bono
1589 2426 1661 2460 jure,

883 2478 1040 2513 tranquille,
1053 2476 1162 2508 leniter,
1174 2483 1204 2503 sc
1215 2475 1242 2501 in
1257 2474 1404 2509 indigentia
1419 2473 1509 2508 potius
1522 2473 1662 2499 continere

43 2525 163 2558 ἐνδείαις,
178 2526 197 2561 ἢ
211 2525 294 2562 240
306 2527 343 2562 μὴ
359 2527 454 2562 ἔχοντα
466 2527 562 2563 ἑτέρου
582 2527 682 2559 ἀδίκως
696 2526 827 2562 ἀφελόμε-

884 2533 917 2552 ac
927 2524 1086 2559 reprimere,
1100 2525 1257 2558 quam'cum
1270 2528 1322 2548 non
1335 2520 1446 2552 habeas,
1459 2518 1569 2545 alterius
1582 2517 1661 2544 bonis

673 2594 790 2623 VARI/Ii.
809 2593 1010 2621 LECTIONES.

73 2653 106 2670 ιο·
122 2654 172 2686 είς,
184 2653 344 2689 ᾳυοὰξιιεεςι
359 2654 386 2680 in
404 2658 520 2689 utmqne
532 2653 612 2682 Hom.
626 2654 698 2687 τού..
714 2653 817 2689 addidit
827 2652 858 2678 D.
874 2650 997 2689 Subinde
1009 2647 1108 2689 scripsi
1122 2647 1186 2689 ἄλλο
1196 2646 1250 2689 tij
1264 2647 1303 2678 εἰς
1314 2646 1372 2689 0.Λο
1382 2681 1392 2689 ι
1409 2643 1661 2689 ut’conleigtdlrl‘o

46 2684 1114 2765 βίαεέξηῖὲςέδιιξὲητιειξξὲιννίέέτῖέέῑιμάιξοξξὀέίς·ιξυετδιξικρισξιξῖξιιῖξεο

69 2739 84 2763 ‘.
235 2745 242 2765 :
333 2758 340 2765 ,
395 2762 400 2765 .
441 2760 475 2765 ..
624 2743 629 2760 λ
699 2744 705 2750 ·
778 2732 811 2765 ,π
847 2759 851 2763 .
896 2741 902 2748 ’
935 2736 1044 2765 Mi;
1070 2734 1098 2765 ξι

48 2722 56 2738 ³
64 2723 95 2760 τὰ
108 2724 175 2760 ἀληθ

72 2723 95 2763 ἰὰ
108 2724 194 2763 ἀληθῇ
211 2723 242 2763 C2
255 2723 380 2763 Subinde
393 2723 439 2750 ἐὰν
452 2725 488 2763 μῂ
504 2725 661 2763 ἐπι-μείνητε
675 2724 705 2750 0.

47 2760 113 2785 νεῦσι
129 2760 215 2787 ποιῶν
229 2760 247 2786 ἁ

753 2722 863 2757 ’ἀποδῴ
872 2717 912 2749 αἶ’
949 2721 959 2737 ⁵
969 2717 1104 2757 λείψωμεν
1163 2752 1170 2757 ι
1194 2718 1204 2733 ⁸
1214 2717 1288 2757 Ἧιὶ).⁸
1302 2717 1349 2743 καὶ
1371 2717 1407 2757 μῂ
1423 2717 1463 2757 ,τὰ
1478 2717 1524 2757 lida.
1541 2722 1553 2754 Ξ

393 2748 607 2794 iéiiﬁi‘réiiiﬁii,’
719 2748 900 2794 praetermissa
914 2748 1047 2794 essent_in
1056 2748 1120 2794 ἐξά.-
1126 2751 1353 2794 Sehwegleriana.
1366 2748 1501 2794 _'S'ubi_nde
1510 2748 1617 2794 73(3):}?

1165 2683 1173 2698 ¹
1189 2679 1319 2743 qogibom.
1382 2680 1463 2750 ’ὴκαὲι
1475 2679 1612 2740 ifnserpbe.
1625 2680 1656 2705 0.

1273 2736 1280 2742 .
1302 2725 1337 2743 κα
1371 2724 1390 2750 μ
1429 2723 1444 2741 τ
1491 2723 1524 2740 σα
1542 2722 1656 2750 Antero-

1273 2736 1280 2742 .
1302 2722 1349 2743 και
1371 2722 1407 2750 μη
1429 2722 1463 2741 τα
1481 2722 1524 2740 ισα
1542 2722 1658 2750 τοιςγγο-

204 2783 210 2787 γ
393 2783 892 2829 ζιῖῖὸὶτῷἷὲιςᾜιξκωιιὲ.
907 2783 940 2818 ei
951 2790 1078 2824 conject.,
1094 2788 1181 2814 εἷσασι
1192 2783 1357 2821 coll.ipsius,
1366 2786 1392 2812 in
1405 2785 1460 2820 cuj.
1476 2793 1561 2819 marg.
1575 2783 1656 2810 ἴσασι.

47 2815 96 2843 [ιηιί
114 2829 160 2843 ο--
186 2838 203 2843 ..
230 2830 267 2843 τη
278 2838 285 2843 .
299 2828 329 2843 1..
344 2829 444 2843 .,......I:..
458 2834 502 2843 -..ι
515 2829 579 2843 I.._:-
624 2830 635 2843 ι
649 2828 754 2843 ..:..-.n-
768 2827 786 2843 ε
823 2827 932 2843 "imm.
949 2826 968 2843 ιε
994 2826 1014 2843 n
1063 2824 1083 2839 ιο
1099 2823 1135 2843 lla
1150 2822 1336 2843 mmliramlnm
1357 2829 1417 2843 esse
1430 2821 1534 2843 videtur
1548 2819 1656 2843 Ottobo-

46 2819 213 2862 Rtufiffiecj‘v,
295 2819 613 2863 Ῐπ1ιένιιρίίὲ”λιιλιίιιξίξι.η
624 2819 754 2863 Γγῖνέᾶοὲ
768 2827 787 2855 S
802 2849 808 2859 ,
823 2827 933 2861 γένεσθε
949 2826 979 2859 6,
994 2819 1024 2852 ὁ.
1098 2823 1135 2863 lt_a
1150 2819 1350 2863 eiplica‘niljtmn
1357 2829 1417 2863 esse
1430 2819 1534 2863 videtur
1548 2819 1659 2863 Ottobo-

44 2855 249 2903 ρὶξιηίίᾶμείνων
261 2862 353 2900 ἦν’,οἱ
367 2855 548 2900 ἐν’ποταμοίς,
616 2864 636 2892 C
655 2855 770 2900 ⁸σιμεινον
783 2855 808 2903 ῆς
819 2855 846 2890 ἓν
861 2855 1000 2897 ποταμοῖς.
1037 2860 1057 2876 ¹¹
1069 2858 1144 2894 ὑμῶν
1166 2855 1207 2891 5,
1230 2856 1317 2884 αὐτῶν
1331 2856 1362 2891 C,
1379 2857 1409 2883 0.
1447 2857 1468 2872 ¹²
1481 2855 1540 2891 ὄφις
1552 2862 1605 2881 0111-
1626 2855 1658 2881 υ-

42 2899 179 2935 "traxi;
204 2903 236 2930 0.
