1932 3100
289 153 341 182 287

705 153 735 181 8.
754 153 949 183 CLEMENTIS
965 154 974 182 Ι
992 153 1078 183 ROM.
1099 152 1199 182 PONT.
1217 153 1332 182 OPERA
1345 155 1459 184 ΒΗΜΛ.

1861 156 1913 185 288

288 210 389 245 injuste
411 210 509 239 ablatis
533 210 646 246 expleti.
663 211 742 246 Apud
758 215 872 239 vocatos
887 216 978 239 autem
1002 211 1063 239 deos

1119 218 1162 237 vov
1189 211 1360 248 κορεσθῆναι.
1385 213 1464 248 Παρά
1487 213 1516 240 δὲ
1537 214 1593 245 τοῖς
1610 212 1767 248 λεγομένοις
1783 213 1859 246 θεοῖς
1877 213 1912 241 τὰ

287 256 427 284 contraria
439 261 614 292 peraguntur.
625 257 658 284 Et
671 257 803 285 nonnulla
819 258 846 285 in
862 257 1069 285 admirationem

287 302 399 337 iustitiae
422 302 607 336 denuntiatis,
622 311 683 339 quas
696 305 759 332 licet
774 304 864 331 omnia
879 308 1008 339 praecepta
1023 312 1070 331 ex-

287 348 480 382 sequeremiui,
495 357 550 376 una
564 349 611 376 Dei
634 350 771 385 ignoratio
785 350 884 378 suilicit
898 350 931 377 ad
948 351 1069 385 punitio-

286 403 349 423 nem
363 401 493 424 vestram.
520 397 655 425 Caterum
674 400 864 427 convenientes
880 400 913 427 ad
934 400 993 428 loca
1008 408 1070 435 quas

286 447 334 467 vos
350 440 383 467 iis
397 441 554 475 assignatis,
570 442 697 471 alacriter
709 444 891 478 iuebriamini,
905 449 932 472 et
946 453 1007 473 aras
1020 453 1067 473 ac-

285 485 400 513 cenditis
413 507 420 519 ,
444 495 560 522 quarum
586 489 667 516 nidor
683 495 796 524 vagatus
813 498 900 519 cmcos
916 492 1068 527 surdosque

284 531 397 564 spiritus
415 532 442 559 vi
466 541 516 560 sua
540 534 574 561 ad
599 535 732 563 odoratus
754 536 844 564 locum
860 537 944 565 ducit.
968 537 1067 572 Sicque

283 575 321 602 ibi
339 577 384 604 alii
407 577 534 606 fanaticis
549 579 688 613 furoribus
700 602 707 614 ,
723 582 767 609 alii
791 582 918 610 absurdis
933 583 1000 611 cibis
1020 592 1065 612 re-

282 622 402 656 plentur.
415 625 447 651 ad
461 625 601 652 libidinem
618 631 762 654 vertuntur
775 628 832 662 alii,
845 629 879 656 ad
895 629 966 656 furta
983 630 1027 656 alii
1038 634 1065 657 et

282 667 428 696 adulteria.
448 668 515 696 Nam
542 669 595 698 fusi
615 671 669 699 illic
693 673 834 707 sanguinis
857 681 940 708 vapor
960 679 987 701 et
1008 674 1064 701 vini

282 712 377 741 libatio
389 715 470 742 etiam
489 716 571 744 satiat
584 717 705 752 impuros
721 718 843 753 spiritus,
856 719 903 754 qui
923 719 993 747 intra
1014 728 1064 748 vos

281 760 409 788 occultati
436 763 528 790 omnia
555 763 612 790 hate
635 764 750 792 reddunt
778 767 890 800 suavia,
914 771 994 802 atque
1017 775 1064 802 per

280 805 386 832 somnia
399 814 446 833 vos
465 806 541 835 falsis
561 809 675 843 spectris
697 809 841 843 irretiunt,
857 811 1063 847 innumerisque

279 851 501 885 perpessionihus
516 854 642 888 puniunt.
659 855 725 883 Nam
744 857 887 884 occasione
909 865 1060 892 sacrarum,

279 898 309 920 ut
322 900 432 929 vocant,
451 897 601 925 hostiarum
626 900 719 934 repleti
744 902 810 928 estis
828 902 990 929 truculentis
1006 902 1061 929 da:-

277 940 404 969 monibus
416 962 423 974 ,
441 943 488 976 qui
502 948 580 971 caute
595 952 645 972 vos
661 945 763 974 inscios
779 947 936 981 perimunt,
961 952 991 975 ut
1006 955 1060 975 non

276 987 400 1015 sentiatis
419 987 508 1016 factas
527 990 651 1018 insidias.
668 991 801 1019 Przetextu
816 993 951 1027 siquidem
968 993 1061 1029 cujus-

275 1032 348 1066 piam
368 1033 475 1068 injuria:
489 1035 530 1062 vel
547 1037 728 1070 calamitatis,
745 1039 847 1066 amoris
859 1061 865 1071 ,
883 1039 940 1073 irae,
955 1040 1061 1067 mmsti-

275 1077 330 1109 tite,
346 1082 393 1106 aut
405 1079 502 1114 laqueo
515 1086 563 1108 aut
579 1089 649 1116 aqua
662 1083 805 1116 suﬂ‘ocant,
820 1091 835 1111 e
851 1085 911 1111 loco
924 1085 1058 1119 praecipiti

274 1122 423 1158 dejieiunt,
442 1125 590 1154 homicidio
605 1128 646 1155 sui
658 1147 666 1160 ,
683 1133 729 1156 aut
753 1129 914 1164 apoplexia,
940 1136 988 1157 aut
1005 1131 1058 1158 alio

273 1169 370 1197 morbo
384 1178 399 1198 e
413 1171 467 1200 vita
479 1177 581 1208 cogunt
596 1174 725 1209 migrare.

307 1301 376 1329 XVI.
408 1303 446 1330 Ex
466 1305 548 1333 nobis
573 1310 663 1333 autem
686 1306 777 1334 nullus
803 1307 856 1335 tale
878 1308 942 1343 quid
967 1314 1056 1344 potest

271 1347 326 1382 pati
340 1369 346 1380 ,
364 1348 411 1375 sed
437 1356 453 1376 a
479 1349 557 1378 nobis
581 1351 720 1380 dzemones
736 1357 912 1387 torquentur,
929 1355 1054 1389 quando-

271 1392 382 1427 quidem
398 1393 424 1420 in
436 1395 555 1429 aliquem
572 1396 700 1431 ingressi,
711 1402 741 1424 ut
754 1398 858 1426 tardius
870 1400 1053 1434 egrediantur,

271 1443 368 1473 rogant
394 1447 453 1467 nos.
471 1440 522 1468 Sed
537 1441 607 1469 dicet
621 1442 720 1477 aliquis
734 1452 740 1470 :
757 1442 785 1470 lu
800 1445 850 1471 has
866 1446 1054 1479 pcrpessiones

270 1484 394 1513 incidunt
416 1485 550 1514 interdum
565 1488 646 1515 etiam
665 1489 780 1524 quidam
798 1489 844 1516 Dei
858 1491 986 1519 cultores.
1003 1492 1053 1519 Aio

269 1529 296 1557 id
314 1530 370 1558 ﬁeri
388 1539 442 1559 non
457 1540 548 1567 posse.
566 1533 612 1561 ille
624 1534 708 1567 enim,
722 1535 756 1568 de
771 1543 825 1570 quo
840 1536 948 1571 loquor,
965 1538 1053 1565 cultor

270 1575 318 1604 Dei
333 1583 375 1605 est
388 1599 395 1611 ,
418 1579 464 1613 qui
480 1587 543 1608 vere
558 1585 600 1608 est
614 1581 660 1608 Dei
675 1582 774 1615 cultor,
793 1590 845 1609 non
861 1584 907 1617 qui
922 1584 1053 1612 duntaxat

269 1622 381 1650 dicitur.
404 1624 456 1657 Qui
473 1629 562 1653 autem
576 1634 638 1654 vere
651 1631 702 1660 est,
719 1628 826 1656 traditae
842 1629 894 1656 sibi
910 1630 978 1665 legis
992 1638 1052 1665 per-

267 1667 325 1694 licit
344 1676 436 1703 opera.
465 1669 494 1697 Si
519 1671 582 1705 quis
606 1671 687 1706 impie
711 1673 813 1707 egerit,
836 1673 897 1708 pius
923 1683 977 1702 non
998 1680 1049 1703 est.

267 1712 502 1745 Quemadmodum
521 1717 543 1743 si
560 1717 711 1752 alienigena
728 1717 813 1752 legem
829 1723 929 1752 servet,
940 1719 1050 1749 Juda‘us

266 1763 326 1793 est;
342 1761 388 1795 qui
401 1769 463 1789 vero
478 1770 531 1789 non
545 1768 644 1796 servat,
656 1768 698 1792 est
709 1765 826 1799 gentilis.
839 1764 951 1794 Judzeus
965 1767 1049 1799 enim,

266 1804 321 1832 Deo
336 1807 459 1839 credens,
478 1808 564 1843 legem
581 1809 689 1844 implet,
706 1818 754 1845 per
769 1819 851 1845 quam
868 1812 948 1840 ﬁdem
967 1814 1048 1841 etiam

265 1851 315 1879 alia
341 1853 411 1881 mala
437 1855 575 1883 montibus
594 1856 694 1883 similia
716 1861 743 1884 ct
764 1858 927 1892 gravissima
955 1863 1047 1886 trans-

265 1896 318 1925 fert
341 1905 365 1926 ιι.
390 1899 442 1932 Qui
466 1907 531 1927 vero
552 1909 607 1929 non
634 1898 796 1937 ’éxsequitur
824 1903 927 1938 legem,
942 1905 1047 1933 clarum

263 1947 319 1976 est,
345 1945 417 1979 quod
444 1954 498 1974 non
519 1948 654 1975 credendo
682 1951 708 1976 in
728 1949 813 1977 Deum
840 1951 869 1977 lit
894 1951 1046 1987 transiuga,

263 1988 378 2025 ideoque
393 1997 519 2025 peccator
537 1994 610 2021 velut
629 2002 800 2030 nequaquam
816 1996 925 2025 Judaeus
939 2003 1048 2033 propter

263 2039 403 2068 peccatum
428 2045 443 2064 a
467 2038 668 2067 calamitatibus
691 2041 843 2076 subigitur,
859 2050 919 2077 quae
942 2043 975 2070 ad
995 2052 1047 2078 pu-

263 2079 377 2108 niendos
400 2087 556 2116 peccatores
578 2086 736 2114 constitutae
757 2091 833 2114 sunt.
850 2087 916 2115 Nam
932 2091 1047 2117 consilio

264 2123 327 2157 Dei,
345 2127 417 2161 quod
440 2128 474 2156 ab
498 2130 576 2157 initio
596 2132 731 2159 sancitum
748 2132 814 2165 fuit,
840 2133 913 2161 illius
928 2135 1046 2164 cultores

259 2170 333 2205 juste
344 2177 454 2207 propter
464 2174 561 2202 delicta
570 2184 649 2210 poena
663 2178 848 2212 consequitur.
861 2178 938 2212 Quod
953 2181 990 2213 lit,
1004 2185 1043 2214 ut,

262 2220 404 2251 postquam
420 2226 499 2253 pmna
521 2221 555 2248 de
569 2227 681 2255 peccato
696 2223 770 2251 velut
784 2224 874 2251 debito
898 2233 945 2260 per
960 2234 1042 2254 vexa-
1061 2233 1080 2259 D

260 2263 360 2290 tionem
386 2266 518 2294 rationem
536 2268 689 2302 repetierit,
705 2277 852 2298 conversos
868 2271 992 2300 homines
1015 2274 1042 2300 in

260 2313 420 2338 cunctorum
441 2312 545 2346 judicio
561 2321 644 2348 puros
670 2321 856 2350 reprmsentet.
873 2317 949 2345 Sicut
969 2319 1041 2346 enim

259 2355 391 2390 improbis
405 2365 551 2392 pra-sentes
573 2360 676 2388 delicia:
689 2361 717 2388 in
741 2362 871 2390 damnum
888 2363 1039 2392 futurorum

259 2401 392 2430 honorum
408 2405 521 2437 cedunt,
545 2406 581 2434 ita
606 2407 738 2442 supplicia
755 2408 839 2443 lapsis
857 2410 884 2436 in
900 2416 1040 2445 peccatum

257 2446 360 2476 Iudaeis
380 2451 526 2478 mittuntur
550 2453 583 2480 ad
598 2454 787 2487 exactionem,
814 2461 843 2482 ut
866 2462 973 2491 recepta
997 2458 1041 2485 hie

257 2493 349 2521 delicti
365 2503 444 2530 paula
467 2505 482 2524 a
499 2497 590 2526 futura
614 2499 670 2527 illic
685 2504 786 2528 acterna
809 2502 984 2531 damnatione
1007 2503 1040 2531 li-

257 2540 394 2570 berentur.

293 2607 306 2621 ι
322 2601 417 2630 Matth.
432 2611 496 2635 xm,
514 2605 558 2632 l9.

1119 256 1228 284 ὲναντία
1237 257 1349 292 γίνεται.
1361 259 1415 286 Καὶ
1425 259 1483 286 ἔνια
1496 260 1535 292 εις
1550 259 1717 295 κατάπληξιν
1731 260 1912 296 δικαιοσύνης

1119 304 1318 339 παραγγέλλετε
1330 305 1361 337 ίδ,
1376 305 1448 341 ἅπερ
1463 307 1486 333 εί
1502 306 1549 332 καὶ
1562 306 1650 333 πάντα
1663 307 1765 333 ποιεῖτε
1786 307 1824 334 τὰ
1840 315 1912 343 παρ-

1118 350 1287 386 αγγέλματα,
1309 351 1357 386 μία
1371 353 1386 387 ἡ
1403 351 1470 388 πρὸς
1484 351 1549 379 Θεὸν
1562 352 1658 387 ἄγνοια
1674 353 1752 388 ἱκανὴ
1777 353 1911 387 τυγχάνει

1119 396 1187 432 πρὸς
1208 397 1257 432 τὴν
1278 397 1339 424 καθ’
1356 398 1431 433 ὑμῶν
1448 398 1591 434 τιμωρίαν.
1619 399 1692 434 Πλὴν
1712 400 1911 435 συνερχόμενοι

1118 443 1157 474 εις
1169 443 1232 474 τοὺς
1251 443 1296 477 ὑφ’
1311 443 1388 479 ὑμῶν
1401 444 1492 476 αὐτοῖς
1503 444 1629 476 δοθέντας
1641 445 1740 477 τόπους
1753 445 1845 480 ἡδέως
1861 454 1911 480 με·

1118 488 1247 517 θύσκεσθε
1259 490 1305 517 καὶ
1322 490 1430 526 βωμοὺς
1444 491 1590 524 ἀνάπτετε,
1606 488 1642 518 ὧν
1655 492 1672 527 ὴ
1688 491 1786 519 κνίσσα
1801 492 1910 527 ῥεμϐο-

1118 535 1184 570 μένη
1208 536 1254 563 καὶ
1277 537 1311 563 τὰ
1337 537 1424 572 τυφλὰ
1449 538 1495 564 xui
1517 538 1597 573 κωφὰ
1619 538 1761 573 πνεύματα
1785 538 1833 565 διὰ
1857 539 1910 573 τῆς

1115 581 1238 614 ἐξουσίας
1251 583 1312 618 ἄγει
1326 585 1366 615 εἰς
1383 584 1429 611 τὸν
1447 585 1497 620 τῆς
1519 585 1677 620 ὀσφρήσεως
1698 585 1788 612 αὐτῶν
1807 585 1907 611 τόπον.

1115 627 1169 654 Καὶ
1184 627 1270 660 οὕτως
1288 629 1341 656 τῶν
1364 630 1421 656 ἐκεῖ
1440 630 1465 656 oi
1488 630 1536 665 μὲν
1556 630 1800 666 ὲνθουσιασμῶν¹⁵,
1828 631 1854 656 οἱ
1878 631 1908 656 δξ

1115 672 1226 708 βρωτῶν
1244 674 1394 702 ἀλλοκότων
1408 675 1624 711 ἐμπίμπλανται,
1639 677 1663 702 οι
1677 676 1705 702 δὲ
1718 677 1764 702 ἐπὶ
1775 677 1806 702 τὸ
1823 676 1906 702 ἀσελ-

1114 719 1216 753 γαίνειν
1230 720 1392 756 τρέπονται,
1416 722 1440 748 οἱ
1455 721 1483 748 δὲ
1503 722 1548 748 ἐπὶ
1561 721 1663 753 κλοπὰς
1679 722 1726 749 καὶ
1741 722 1851 756 φόνους.
1871 722 1905 749 Ἡ

1113 764 1166 801 γὰρ
1181 766 1227 792 τοῦ
1245 767 1303 793 ἐκεῖ
1317 767 1432 802 αἵματος
1453 767 1633 803 ἀναθυμίασις
1649 769 1695 794 xui
1711 769 1727 803 ἡ
1743 768 1798 794 τῶν
1820 769 1905 795 οἴνων

1115 812 1213 848 σπονδὴ
1228 813 1274 839 xui
1289 813 1359 839 αὐτά
1371 813 1392 829 ¹⁶
1408 815 1484 849 κορετ
1496 814 1530 839 τά
1545 813 1688 850 ἀκάθαρτα
1710 814 1868 849 πνεύματα,
1886 815 1904 841 ἃ

1112 866 1172 885 τινα
1195 858 1423 893 ἐνδομυχοῦντα¹⁷
1446 860 1486 890 εἰς
1509 860 1581 894 ὑμᾶς
1601 859 1748 895 φιληδόνως
1773 860 1849 895 ἔχειν
1865 861 1903 887 τὰ

1112 904 1170 930 ἐκεῖ
1184 903 1304 931 ποιοῦσιν
1317 924 1324 936 ,
1339 906 1384 931 xui
1397 904 1432 931 δι’
1448 905 1557 940 ὀνείρων
1572 906 1644 941 ὑμᾶς
1658 906 1818 940 φαντασίαις
1831 907 1900 941 ψευ-

1111 949 1166 976 δέσι
1184 951 1399 986 περιϐάλλουσιν,
1415 952 1461 978 xui
1484 953 1590 988 μυρίοις
1606 952 1748 988 παθήμασι
1762 952 1901 988 τιμωροῦ-

1112 1004 1162 1022 σιν.
1185 997 1322 1032 Προφάσει
1338 997 1392 1034 γὰρ
1409 997 1463 1024 τῶν
1483 997 1634 1033 λεγομένων
1657 998 1801 1033 ἱεροθύτων
1815 998 1899 1034 χαλε-

1110 1042 1169 1068 πῶν
1181 1043 1314 1078 δαιμόνων
1332 1038 1522 1079 ὲμλπίπλασθε,
1551 1045 1575 1071 οἳ
1595 1044 1642 1071 xui
1661 1045 1800 1080 φρονίμως
1825 1045 1899 1080 ὑμᾶς

1109 1088 1282 1121 λανθάνοντες
1305 1089 1480 1126 ἀιιαιροῦσιν,
1496 1091 1539 1117 ἵνα
1560 1091 1597 1126 μὴ
1620 1091 1716 1127 συνῆτε
1740 1091 1819 1126 ὑμῶν
1846 1092 1898 1127 τὴν

1109 1134 1261 1170 ἐπιϐουλήν.
1278 1136 1416 1172 Προφάσει
1432 1135 1486 1172 γάρ
1495 1145 1566 1168 τινος
1585 1137 1716 1172 ἐπηρείας
1729 1137 1746 1173 ἢ
1761 1137 1864 1173 ἔρωτος
1879 1137 1896 1172 ἥ

1109 1181 1192 1217 ὀργῆς
1210 1181 1226 1217 ἢ
1242 1182 1329 1217 λύπης
1350 1183 1367 1218 ἢ
1389 1183 1489 1219 ἀγχόνῃ
1513 1183 1529 1219 ἦ
1549 1183 1624 1210 ὕδατι
1643 1183 1785 1216 πνίξαντες
1802 1184 1820 1220 ἣ
1841 1183 1898 1210 ἀπὺ

1108 1227 1231 1262 κρημνοῦ
1248 1228 1374 1264 ῥίψαντες
1387 1228 1403 1264 ἢ
1416 1229 1571 1265 αὐτοχειρίᾳ
1582 1229 1598 1264 ἢ
1612 1229 1767 1266 ἀποπληξίᾳ
1780 1229 1796 1265 ἢ
1807 1230 1896 1265 ἑτέρῳ

1106 1273 1159 1299 τινὶ
1173 1273 1310 1301 πάθειτοῦ
1326 1275 1375 1311 ζῇν
1393 1275 1558 1311 μεθιστᾶσιν.

1141 1318 1211 1347 XVI.
1232 1320 1324 1355 Ἠμῶν
1338 1321 1366 1347 δὲ
1380 1321 1467 1353 οὐδεὶς
1481 1321 1599 1348 τοιοῦτόν
1615 1330 1641 1348 τι
1661 1321 1754 1348 παθεῖν
1768 1321 1891 1353 δύναται,

1107 1364 1164 1392 ἀλλ’
1178 1366 1255 1392 αὐτοὶ
1270 1367 1313 1400 ὑφ’
1324 1366 1401 1402 ἡμῶν
1414 1367 1581 1400 κολάζονται,
1595 1368 1695 1394 ὁπόταν
1709 1369 1749 1399 εῐς
1762 1377 1822 1394 τινα
1836 1369 1893 1394 5!:—

1108 1411 1192 1443 ιόντες
1207 1411 1326 1447 βραδέως
1345 1412 1443 1445 ἐξιέναι
1461 1414 1536 1449 ἡμᾶς
1561 1413 1754 1449 παρακαλῶσιν
1763 1414 1793 1440 ¹⁸.
1808 1413 1889 1449 241

1112 1457 1181 1484 Ἀλλ’
1196 1459 1252 1494 ἐρεῖ
1264 1467 1319 1490 τις·
1337 1459 1417 1490 Ἴσως
1430 1460 1560 1492 τοιούτοις
1570 1460 1685 1486 πάθεσιν
1695 1461 1742 1486 καὶ
1756 1460 1891 1486 θεοσεδῶν

1104 1513 1175 1537 τινες
1184 1505 1391 1533 ὑποπίπτουσιν.
1407 1507 1445 1542 Φη
1451 1507 1480 1541 μὶ
1493 1507 1534 1533 ὅτι
1548 1506 1625 1533 τοῦτο
1639 1507 1776 1533 ἀδύνατον.
1792 1507 1891 1533 θεοσε-

1066 1560 1087 1588 c
1104 1551 1154 1586 ὅὴς
1167 1551 1221 1587 γὰρ
1237 1549 1313 1583 οὗτός
1327 1553 1410 1583 ἐστιν,
1423 1552 1452 1578 ὃν
1465 1552 1486 1568 ¹⁹
1501 1552 1555 1586 ἐγώ
1568 1561 1653 1588 φημι,
1667 1552 1682 1577 ὁ
1697 1552 1783 1583 ὅντως
1797 1551 1889 1578 θεοσε-

1104 1597 1163 1633 ϐὴς,
1181 1598 1229 1633 οὐχ
1244 1597 1273 1629 ὃς
1286 1597 1318 1625 ἂν
1335 1598 1413 1633 μόνον
1429 1598 1551 1634 λέγηται,
1564 1600 1577 1626 ό
1593 1599 1622 1625 δὲ
1633 1599 1718 1630 όντως
1731 1598 1768 1625 ὢν
1782 1598 1829 1624 τοῦ
1847 1598 1889 1624 δο-

1103 1643 1194 1675 θέντος
1216 1644 1290 1679 αὑτῷ
1312 1644 1394 1680 νόμου
1413 1645 1518 1671 ὲκτελεῖ
1536 1644 1586 1676 τὰς
1607 1644 1730 1680 πράξεις.
1760 1644 1824 1670 Ἐάν
1845 1652 1888 1675 τις

1101 1689 1242 1726 ἀσεϐήσῃ,
1260 1691 1375 1726 εὐσεϐὴς
1395 1691 1444 1717 οὐκ
1466 1691 1548 1718 ἔστιν.
1565 1691 1668 1726 ’Ὁνπερ
1691 1690 1791 1726 τρόπον
1806 1690 1853 1717 ἐὰν
1872 1690 1889 1716 ὁ

1100 1736 1246 1770 ἀλλόφυλος
1266 1736 1311 1763 τὸν
1334 1737 1415 1773 νόμον
1436 1737 1545 1773 πράξῃ,
1576 1737 1700 1768 Ἰουδαῖός
1721 1737 1815 1763 ἐστιν’
1848 1736 1887 1771 μὴ

1100 1782 1205 1817 πράξας
1230 1782 1269 1815 δὲ,
1292 1783 1401 1818 Ἕλλην.
1418 1783 1445 1810 '0
1456 1783 1509 1820 γὰρ
1537 1783 1660 1814 Ἰουδαῖος
1674 1782 1808 1809 πιστεύων
1826 1782 1888 1817 Θεῷ

1100 1829 1171 1854 ποιεῖ
1178 1828 1224 1855 τὸν
1237 1829 1317 1864 νόμον
1329 1829 1362 1861 ¹⁰,
1372 1826 1445 1864 δι’ἦς
1456 1830 1573 1861 πίστεως
1584 1830 1630 1856 xui
1639 1829 1672 1856 τὰ
1678 1829 1744 1857 ἄλλα
1750 1829 1784 1855 τὰ
1793 1829 1838 1865 ope
1844 1837 1886 1855 σιν

1099 1873 1204 1900 ἐοικότα
1228 1875 1274 1900 καὶ
1296 1874 1430 1911 βαροῦντα
1460 1876 1600 1911 μεθίστησι
1629 1875 1713 1910 πάθη.
1741 1875 1768 1902 '0
1792 1875 1821 1901 δὲ
1846 1875 1884 1910 μὴ

1099 1920 1182 1947 ποιῶν
1198 1920 1243 1948 τὸν
1258 1920 1338 1956 νόμον
1351 1921 1471 1956 δηλονότι
1481 1922 1502 1937 ²¹
1515 1922 1547 1948 ὲκ
1556 1921 1602 1948 τοῦ
1619 1921 1655 1957 μὴ
1675 1921 1810 1948 πιστεύειν
1824 1921 1884 1956 Θεῷ

1098 1965 1263 1997 λιποτακτεῖ,
1274 1967 1320 1993 xui
1331 1967 1416 1998 οὕτως
1431 1967 1468 1999 ὡς
1480 1967 1539 2002 οὐχὶ
1549 1968 1570 1983 ¹¹
1587 1968 1712 1999 Ἰουδαῖος
1724 1967 1883 2003 ἁμαρτωλὸς

1097 2011 1140 2038 διὰ
1154 2011 1203 2046 τὴν
1217 2012 1352 2048 ἁμαρτίαν
1364 2012 1551 2048 ἐπικρατεῖται
1566 2013 1618 2040 ὑπὸ
1630 2013 1683 2039 τῶν
1698 2014 1738 2045 είς
1752 2013 1783 2039 τὺ
1797 2022 1883 2048 τιμω-

1098 2058 1154 2092 ρεῖν
1171 2057 1234 2089 τοὺς
1253 2057 1459 2094 ἁμαρτάνοντας
1477 2059 1653 2085 καθεστώτων
1675 2059 1779 2085 παθῶν.
1795 2059 1882 2095 Βουλῇ

1096 2104 1162 2130 Θεοῦ
1184 2105 1216 2139 τῇ
1236 2104 1364 2140 ἀπαρχῆς
1383 2104 1521 2142 ὁρισθείσῃ
1543 2105 1657 2137 δικαίως
1678 2106 1734 2137 τοῖς
1756 2105 1883 2132 σέϐουσιν

1096 2149 1177 2177 αὑτὸν
1200 2151 1430 2186 παραπτωμάτων
1452 2152 1530 2187 χάριν
1556 2153 1572 2187 ἡ
1590 2151 1717 2187 ’τιμωρία
1733 2151 1828 2178 ἕπεται
1841 2172 1847 2184 ,
1866 2152 1882 2178 ὃ

1096 2196 1209 2230 γίνεται,
1222 2197 1265 2223 ἵνα
1275 2197 1312 2228 ὡς
1321 2197 1455 2233 ὀφείλημα
1465 2197 1508 2224 διὰ
1517 2198 1566 2232 τῆς
1575 2197 1690 2232 βασάνου
1704 2197 1880 2233 ἀπαιτήσασα

1095 2243 1144 2278 τὴν
1166 2243 1302 2279 ἁμαρτίαν
1325 2244 1388 2275 τοὺς
1407 2243 1623 2278 ἐπιστρέψαντας
1645 2242 1780 2278 καθαροὺς
1802 2244 1832 2269 ὲν
1845 2245 1878 2279 τῇ

1094 2288 1148 2315 τῶν
1162 2289 1228 2316 ὅλων
1244 2290 1405 2326 παραστήσῃ
1412 2290 1434 2305 ¹¹
1449 2289 1547 2326 κρίσει.
1566 2290 1608 2320 Ὧς
1623 2289 1676 2325 γὰρ
1688 2291 1745 2321 τοῖς
1758 2291 1877 2324 κακοίςή

1094 2335 1208 2362 ἐνταῦθα
1222 2335 1312 2372 τρυφὴ
1327 2336 1367 2367 εἰς
1391 2335 1491 2370 ζημίαν
1507 2334 1622 2363 αἰωνίων
1641 2334 1750 2368 ἀγαθῶν
1764 2335 1876 2368 γίνεται,

1092 2381 1179 2414 οὕτως
1207 2383 1234 2408 αἱ
1261 2382 1391 2418 τιμωρίαι
1418 2383 1474 2414 τοῖς
1501 2381 1720 2418 παραπίπτουσιν
1743 2381 1878 2412 Ἰουδαίοις

1092 2427 1243 2463 πέμπονται
1257 2429 1296 2460 είς
1309 2427 1452 2464 ἔκπραξιν,
1469 2428 1512 2455 ἵνα
1535 2428 1649 2455 ἐνταῦθα
1665 2426 1844 2458 ἀπολαύοντες
1853 2427 1876 2442 ’⁵

1090 2473 1120 2500 τὸ
1143 2474 1318 2510 παράπτωμα
1330 2474 1381 2510 τῆς
1393 2475 1452 2501 ἐκεῖ
1465 2474 1657 2509 ἀπαλλαγῶσιν
1671 2473 1784 2505 αἰωνίας
1798 2472 1874 2500 κολα-

1091 2527 1168 2551 σεως.

887 2653 1004 2681 VARLE
1025 2652 1223 2681 LECTIONES.

291 2693 314 2742 1‘
324 2695 540 2742 παραγγέλλεται
553 2697 592 2742 Ο..¹
617 2698 638 2713 ’³
652 2698 840 2742 ἐνθουσιασμῇ
848 2699 868 2726 C
884 2699 1103 2742 ἐνθουσιασμοῦ.
1164 2700 1197 2742 "‘6
1205 2699 1274 2742 αὐτῇ
1285 2699 1316 2726 C.
1325 2699 1487 2742 _E.eeti'onem
1498 2699 1669 2742 Qttolmniani
1680 2698 1868 2742 prlzesagivit‘

259 2727 282 2743 ⁸⁷
292 2727 497 2769 ῥγρομοχιοῦντα
513 2732 543 2759 0.
572 2732 592 2747 ¹⁸
605 2727 805 2768 παρακαλοῦσιν
821 2727 852 2761 ί).
885 2727 910 2751 "9
928 2735 956 2760 ὃν
972 2727 1143 2769 praue-riuis”
1164 2734 1182 2761 S
1208 2744 1231 2761 υ.
1245 2727 1284 2761 Ci.
1325 2735 1347 2751 '°
1360 2734 1428 2761 Sede
1445 2736 1567 2762 vocabuli
1584 2727 1688 2762 mutata
1706 2727 1790 2769 lego”:
1812 2734 1870 2760 Ἐὰν

256 2763 341 2805 όπάλλ.
355 2763 426 2792 ντξν.
446 2774 492 2805 πρΣ
504 2767 541 2805 _‘l.
559 2768 614 2794 ὲστ.
629 2763 669 2805 μ’ὴν
680 2769 785 2805 πράξας
797 2769 825 2795 δὲ
848 2763 982 2805 Ἰουδαῖος,
997 2769 1104 2805 Ἑλλην-
1120 2769 1148 2805 'Q
1169 2769 1222 2804 γὰρ
1235 2769 1367 2795 πιστεύων
1384 2770 1443 2805 Θεῷ
1460 2772 1531 2797 ποιεῖ
1542 2771 1587 2797 τὸν
1609 2770 1699 2805 νόμον.
1722 2763 1780 2805 [loc
1792 2770 1869 2797 modo

258 2798 454 2846 clc‘ganstpasci
468 2798 573 2844 videtur
594 2798 751 2846 au'tit'l'iesis.‘
830 2805 852 2819 "
863 2804 941 2838 δῆλον
957 2798 997 2830 ὅτι
1013 2803 1043 2846 (ξς
1057 2798 1124 2830 Tum
1143 2798 1313 2846 λεὶπὸταντεῖ
1323 2805 1353 2831 Ο.
1393 2798 1470 2846 ’ξόύξι
1485 2808 1514 2846 (ξ.
1548 2806 1571 2821 ’³
1583 2805 1622 2846 Ita
1636 2798 1657 2832 ὸ
1683 2813 1708 2844 c.
1724 2804 1766 2834 8..
1781 2812 1867 2840 παρα-

259 2834 353 2868 στήσει
369 2834 398 2863 C.
434 2837 457 2851 ’δ
472 2837 652 2869 ἀπολαύοντες
666 2837 707 2870 D.,
731 2839 778 2872 qui
801 2834 911 2879 insuper
927 2839 1059 2883 exemplis
1076 2840 1281 2883 comprgba'vit,‘
1292 2846 1384 2883 vpecm
1401 2840 1546 2883 ἀπολαύειν
1562 2839 1690 2883 conjungi
1709 2847 1791 2876 posse
1811 2834 1868 2868 cum

258 2875 324 2896 casu
341 2872 507 2906 accusativo,
526 2877 606 2909 atque
622 2874 694 2902 haud
709 2881 771 2902 raro
783 2874 854 2902 sumi
865 2872 898 2901 'iu
921 2872 1020 2901 malam
1042 2872 1154 2910 partem.
1172 2874 1201 2902 S.
1217 2874 1400 2906 ἀπολαὸόντες
1421 2875 1451 2909 C,
1470 2877 1501 2903 0.
