1932 3100
308 149 358 177 τοι

719 148 748 175 S.
767 147 960 176 CLEMENTIS
980 147 990 175 l
1009 147 1092 176 ROM.
1112 147 1212 176 PONT.
1230 147 1346 176 OPERA
1363 146 1480 176 DUBIA.
1884 146 1924 174 29!

309 206 474 242 intelligunt,
496 206 597 234 vellent
625 207 757 242 separari,
780 206 836 234 imo
864 206 947 233 simul
969 214 1090 240 manere,

1146 215 1186 233 ναι
1198 205 1280 243 244
1292 206 1399 243 ἠθελον,
1423 207 1492 234 ἀλλὰ
1508 206 1625 234 συνεῖναι
1643 205 1690 233 καὶ
1705 204 1826 240 ὠφελεῖν
1842 205 1924 236 αὐτοὺς

313 253 436 287 aliosque
447 253 591 280 meliorum
607 253 777 288 expositione
791 252 897 287 iuvare.
916 251 993 280 Unde
1005 253 1092 280 incre-

310 299 378 330 duli.
404 299 468 326 dum
492 300 619 327 nolebam
643 299 747 332 audire,
770 299 822 334 ipsi
845 304 940 326 contra
954 307 1004 327 eos
1039 307 1091 334 pu-

312 346 432 378 gnabant
445 353 492 381 per
510 347 720 380 separationem,
745 345 971 380 persecutionem,
987 346 1090 374 odium.

312 392 364 425 Qui
379 399 442 419 vero
456 392 508 419 ista
520 392 702 424 sustinebam,
727 392 849 419 miserati
873 399 930 424 eos,
955 392 1002 427 qui
1026 393 1092 428 ipsis

311 445 359 473 per
371 437 554 473 ignorantiam
576 437 786 468 insidiabantur,
802 437 927 465 doctrina
941 438 1093 472 prudentiae

311 485 428 511 orabant
441 492 490 518 pro
502 485 676 512 vexatoribus
693 486 763 518 suis,
785 485 902 513 scientes
921 491 1032 512 causam
1045 484 1093 511 de-

311 529 369 557 licti
395 538 455 558 esse
480 530 673 566 ignorantiam.
702 531 762 566 Ipse
784 532 856 559 enim
869 531 996 567 Magister
1009 530 1093 558 clavis

311 576 436 604 conﬁxus
458 577 553 604 orabat
564 577 684 610 Patrem.
698 582 729 605 ut
743 578 802 612 ejus
817 577 1038 606 interfectoribus
1049 577 1093 604 di-

311 623 430 650 mitteret
442 627 595 658 peccatum,
608 624 700 652 dicens
718 634 724 651 :
742 623 834 657 Pater,
849 624 952 651 dimitte
966 624 1021 650 illis
1034 631 1093 658 pec-

311 674 373 695 cata
383 677 442 696 sua.
460 669 520 696 Non
537 671 606 697 enim
625 671 711 697 sciunt
729 679 787 706 qua:
799 671 900 705 faciunt
914 676 938 697 ι.
952 669 1092 696 Imitantes

310 722 376 751 ergo
391 715 550 751 Magistrum
564 720 590 743 et
602 716 655 751 ipsi
669 717 697 743 in
712 717 746 744 iis
767 725 828 752 qua1
842 717 1013 752 patiebantur
1030 723 1094 744 ora-

310 762 376 789 bant
389 769 439 796 pro
459 761 645 796 aiﬂictoribus,
671 763 899 798 quemadmodum
926 762 1013 790 edocti
1031 761 1092 789 fue—

310 811 383 834 rant.
398 804 443 833 Sic
456 814 510 834 non
522 807 585 834 odio
595 813 738 842 parentum
754 808 960 842 separabantur,
973 807 1094 843 quando-

310 853 419 888 quidem
433 857 460 881 et
469 861 519 888 pro
534 853 578 884 iis,
591 854 638 888 qui
650 862 700 881 nec
716 860 795 881 erant
809 858 945 888 parentes,
962 861 1013 880 nec
1028 860 1092 888 pro-

309 899 415 933 pinqui,
434 899 480 926 sed
497 899 610 932 inimici,
636 906 732 934 preces
759 899 903 926 continuas
932 898 1091 933 fundebant,
1108 891 1129 919 Β

309 950 420 978 eosque,
437 948 518 978 prout
532 943 604 978 jussi
619 949 707 978 erant,
721 944 877 972 nitebantur
891 944 1014 979 diligere.

345 1043 415 1072 XXI.
435 1043 501 1071 Mihi
515 1048 604 1072 autem
632 1044 714 1072 dicite
728 1052 787 1077 vos,
803 1052 858 1079 quo
870 1045 951 1072 modo
965 1050 1094 1080 parentes

309 1090 441 1125 diligatis?
456 1089 588 1125 Equidem
599 1091 621 1118 si
638 1091 711 1118 velut.
721 1090 855 1125 justitiam
868 1099 975 1126 semper
989 1091 1091 1125 intuiti,

309 1135 377 1163 bene
391 1139 434 1163 est
453 1145 460 1163 :
479 1136 521 1164 sin
538 1144 604 1164 vero
618 1141 728 1168 temere,
744 1144 798 1164 non
815 1136 932 1172 amplius
946 1137 1025 1164 bene.
1042 1137 1094 1165 Po-

308 1181 388 1209 testis
399 1182 472 1209 enim
497 1190 608 1217 parvam
631 1183 667 1210 ob
681 1191 793 1210 causata
807 1190 901 1210 eorum
916 1183 1007 1212 hostes
1023 1184 1092 1211 tleri.

309 1226 387 1260 Quod
400 1228 423 1255 si
443 1228 520 1263 gnari
532 1228 655 1263 diligitis,
674 1229 767 1261 dicite,
790 1229 857 1264 quid
879 1230 934 1256 sint
956 1233 1092 1264 parentes.

309 1271 520 1308 Respondebitis
533 1282 539 1300 :
554 1274 667 1309 originis
681 1277 816 1301 auctores.
837 1274 893 1301 Cur
907 1282 972 1310 ergo
984 1279 1095 1302 cuncta-

309 1326 370 1345 rum
387 1326 478 1346 rerum
503 1319 635 1354 originem
661 1319 746 1348 Deum
772 1328 827 1347 non
851 1321 961 1352 amatis,
979 1321 1002 1349 si
1016 1321 1092 1357 justo

308 1364 413 1398 judicio
428 1365 479 1391 hoc
495 1365 654 1400 suscepistis
672 1365 763 1393 facere
777 1365 789 1391 ’Ξ
803 1364 855 1392 Sed
871 1371 898 1393 et
911 1366 967 1401 jam
982 1366 1090 1400 dicetis,

311 1412 388 1439 illum
402 1419 457 1439 non
477 1412 615 1440 novimus.
640 1412 732 1446 Quare
760 1413 842 1448 igitur
865 1422 920 1441 non
943 1413 1094 1449 percontati

311 1458 402 1486 colitis
427 1466 509 1486 sensu
535 1458 691 1486 destituta?
711 1459 782 1492 Quid
807 1460 896 1487 vero?
912 1460 963 1488 etsi
988 1459 1095 1487 diIIicile

311 1509 370 1532 erat
388 1504 466 1532 vobis
492 1512 657 1540 cognoscere
677 1506 742 1540 quid
756 1505 792 1533 sit
809 1505 897 1538 Deus,
917 1511 945 1533 at
959 1506 1024 1541 quid
1040 1513 1096 1533 non

313 1552 348 1579 sit
362 1551 444 1584 Deus,
458 1559 511 1578 non
523 1552 650 1586 potuistis
659 1559 713 1579 non
726 1552 806 1585 scire,
819 1557 848 1579 ut
862 1553 1035 1588 repularetis,
1050 1561 1094 1580 ne-

316 1606 370 1633 que
391 1598 504 1633 lignum,
517 1605 605 1632 neque
615 1598 742 1634 lapidem,
756 1607 843 1634 neque
853 1607 900 1631 :es,
920 1607 1008 1634 neque
1021 1600 1095 1628 aliud

312 1644 378 1680 quid
390 1651 422 1671 ex
432 1645 600 1679 corruptibili
609 1649 738 1672 constans
745 1645 857 1672 materia
869 1645 952 1673 Deum
961 1653 1031 1674 esse.

1141 257 1174 290 τῇ
1189 255 1243 282 τῶν
1257 256 1417 291 κρειττόνων
1436 257 1582 292 ὒφηγήσει,
1607 256 1667 283 ὅθεν
1684 256 1709 282 οἱ
1726 253 1856 284 ἀπειθεῖς
1872 253 1924 278 ἐπα-

1142 301 1231 327 κούειν
1248 301 1336 328 αὐτῶν
1353 302 1390 337 μὴ
1407 301 1531 334 θέλοντες
1551 302 1627 328 αὐτοὶ
1652 302 1752 332 αὐτοὺς
1772 299 1921 334 ἔπολέμσον

1141 347 1313 383 χωρίζοντες,
1330 346 1482 380 διώκοντες,
1514 347 1664 383 μισοῦντες.
1684 348 1715 373 υἱ
1737 346 1766 373 δὲ
1784 345 1876 372 ταῦτα
1892 344 1924 370 τά

1144 400 1261 428 σχοντες,
1290 392 1428 426 ἐλεοῦντες
1449 394 1547 425 αὐτοὺς
1562 393 1585 409 ⁸³
1602 392 1654 419 ὑπὸ
1670 392 1783 427 ἀγνοίας
1802 391 1924 426 ἑνεδρευο

1144 438 1250 473 μένους,
1277 438 1436 475 διδασκαλίᾳ
1467 439 1624 475 φρονήσεως
1649 437 1762 474 ηὔχοντο
1791 437 1867 472 ὑπὲρ
1887 435 1924 462 τῶν

1142 484 1208 511 τά⁸⁰
1223 484 1296 511 κακὰ
1323 485 1422 516 αὐτοὺς
1447 484 1652 520 διατιθεμένων,
1677 484 1726 520 τὴν
1752 484 1873 517 ἄγνοιαν
1892 482 1924 508 τοί

1143 530 1340 566 ἁμαρτήματος
1355 531 1445 557 αἰτίαν
1469 530 1538 557 εἶναι
1556 529 1755 566 μεμαθηκότες.
1777 528 1871 560 Αὐτὸς
1887 527 1924 563 γάγ

1142 577 1157 603 ὁ
1175 576 1338 608 Διδάσκαλος
1364 576 1550 612 προσηλωθεὶς
1572 575 1671 611 ηὔχετο
1693 574 1732 611 τῷ
1748 575 1861 610 Πατρὶ,
1885 575 1924 600 crit

1143 621 1222 649 αὑτὸν
1245 622 1399 658 ἀναιροῦσιν
1424 622 1556 657 ἀφεθῆναι
1581 621 1612 648 τὸ
1641 620 1809 657 ἁμάρτημα,
1843 619 1922 646 εἰπών

1142 667 1249 702 Πάτερ,
1263 667 1338 703 ἄφες
1352 668 1454 702 αὐτοῖς
1477 668 1530 702 τὰς
1545 668 1689 703 ἁμαρτίας
1705 666 1820 699 αὐτῶν,
1839 667 1876 693 οὺ
1886 668 1924 700 ται

1143 715 1262 742 οἴδασιν
1278 714 1297 742 ἁ
1316 714 1464 742 ποιοῦσιν.
1492 715 1617 750 Μιμηταὶ
1645 712 1690 740 οὖν
1721 713 1869 749 γινόμενοι
1892 711 1924 738 τά

1142 760 1306 788 Διδασκάλου
1323 761 1369 787 καὶ
1382 761 1468 793 αὐτοὶ,
1485 761 1515 786 ὲν
1529 757 1570 791 οἷς
1585 759 1713 794 ἔπασχον,
1729 759 1803 794 ὑπὲρ
1818 758 1874 784 τῶν
1887 758 1924 784 δια

1140 808 1289 844 τιθεμένων
1307 807 1431 843 ηὔχοντο,
1452 807 1491 839 ὼς
1509 807 1696 842 ἐδιδάχθησαν.
1721 805 1820 838 οὕτως
1848 805 1879 831 οὺ
1893 813 1924 839 γο

1142 856 1198 886 νείς
1217 854 1356 890 μισοῦντες
1372 853 1543 889 ὲχωρίζοντο,
1559 852 1641 879 ὁπότε
1667 852 1714 878 καὶ
1737 852 1811 887 ὑπὲρ
1833 850 1888 878 τῶν
1900 850 1924 886 μί

1143 900 1244 934 γονέων
1272 899 1339 935 μηδὲ
1370 898 1525 933 συγγενῶν,
1557 897 1662 933 ἐχθρῶν
1697 898 1725 924 δὲ
1762 897 1917 932 γενομένων

1141 946 1251 972 ἐποίουν
1281 947 1402 981 συνεχεῖς
1425 945 1506 980 εὐχὰς
1523 944 1545 960 ⁸¹
1564 944 1612 972 καὶ
1627 944 1736 979 ἀγαπᾷν
1751 943 1902 979 πειρῶνται
1913 942 1921 956 ⁸

1143 993 1181 1024 ὡς
1196 991 1403 1027 ἐκελεύσθησαν.

1179 1048 1248 1075 XXI.
1269 1047 1371 1075 Εἴπατε
1386 1047 1415 1074 δέ
1439 1056 1483 1083 μοι
1509 1047 1597 1083 ὑμεῖς,
1615 1047 1674 1079 πῶς
1690 1047 1754 1078 τοὺς
1766 1047 1860 1081 γονεῖς
1874 1046 1924 1079 ἀγα

1144 1095 1235 1128 πᾶτε;
1255 1095 1279 1121 εἱ
1296 1095 1347 1130 μὲν
1370 1094 1408 1126 ὡς
1422 1094 1453 1120 τὺ
1468 1094 1570 1120 δίκαιον
1592 1093 1635 1119 ἀεὶ
1655 1091 1831 1123 σκοποῦντες,
1850 1091 1924 1117 συνεύ

1144 1148 1235 1175 χομαι,
1253 1140 1277 1166 εί
1298 1140 1327 1166 δὲ
1351 1139 1388 1171 ὼς
1413 1138 1517 1174 ἔτυχεν,
1541 1138 1643 1170 οὐκέτι,
1671 1137 1785 1164 δύνασθε
1809 1136 1866 1172 γὰρ
1890 1136 1924 1162 καῖ

1146 1186 1231 1222 μικρᾷ
1253 1185 1387 1221 προφάσει
1412 1184 1515 1211 τούτων
1545 1184 1669 1219 γενέσθαι
1685 1182 1790 1218 ἐχθροί.
1807 1183 1841 1209 Εἰ
1860 1182 1887 1208 δὲ
1902 1182 1924 1207 εἰν

1144 1232 1218 1263 δότες
1229 1232 1364 1266 ἀγαπᾶτε,
1373 1230 1466 1258 εἴπατε
1483 1231 1570 1266 ὑμεῖς,
1582 1230 1609 1256 τί
1624 1231 1677 1256 εισι
1691 1229 1715 1245 ⁸³
1730 1229 1831 1263 γονεῖς.
1858 1227 1924 1262 Ἐρεῑ

1144 1286 1174 1304 τε
1181 1285 1188 1293 ·
1199 1277 1294 1308 Γένους
1304 1277 1463 1313 ἀρχηγέται.
1473 1276 1521 1303 Διά
1530 1276 1556 1303 τί
1564 1274 1609 1303 οὖν
1617 1276 1647 1302 τὸ
1657 1275 1712 1302 τῶν
1720 1274 1788 1302 ὂλων
1801 1274 1880 1309 γένος
1886 1273 1924 1299 ob:

1147 1324 1242 1359 ὴγαπή
1246 1331 1318 1355 σατε,
1327 1323 1386 1349 εἷπε
1391 1331 1406 1358 ρ
1413 1323 1509 1358 δικαίῳ
1517 1322 1669 1358 φρονήματι
1676 1320 1755 1348 τοῦτο
1763 1321 1852 1347 ποιεῖν
1858 1320 1924 1345 ὲπαν

1145 1369 1265 1401 είλεσθε;
1280 1368 1349 1395 Ἀλλ’
1358 1368 1398 1395 ἔτι
1410 1369 1457 1395 καὶ
1473 1368 1521 1395 νῦν
1534 1369 1638 1404 ὲρεῖτε’
1650 1367 1706 1402 Οὐχ
1714 1367 1878 1402 ἑωράκαμεν
1889 1365 1924 1391 αὑ

1144 1415 1199 1442 τόν.
1211 1414 1261 1442 Διά
1272 1415 1298 1441 τί
1310 1412 1355 1441 οὖν
1367 1414 1404 1450 μὴ
1412 1414 1576 1449 ζητήσαντες
1588 1413 1622 1440 τά
1632 1412 1783 1448 ἀναίσθητα
1793 1411 1924 1439 κολακεύε-

1145 1470 1194 1494 τε;
1210 1461 1243 1487 Τί
1267 1460 1314 1493 δὲ;
1335 1461 1359 1487 εί
1384 1461 1431 1488 καὶ
1447 1460 1575 1487 δύσκολον
1584 1458 1618 1496 ἦν
1632 1459 1695 1494 ὑμῖν
1708 1457 1790 1494 245
1800 1457 1898 1492 γνῶναι
1907 1459 1924 1482 τ(

1146 1507 1257 1539 Θεὸς,τδ
1266 1506 1355 1543 μέντοι
1365 1507 1391 1533 τί
1401 1506 1432 1533 οὐ
1443 1506 1508 1538 Θεὸς
1521 1506 1559 1542 μὴ
1571 1505 1670 1532 ειδέναι
1680 1505 1730 1532 οὐκ
1746 1504 1884 1534 ἐδύνασθε,
1892 1502 1924 1528 ἵνα

1146 1552 1288 1588 λογίσησθε
1305 1552 1345 1578 ὅτι
1359 1551 1425 1584 Θεός
1440 1552 1512 1577 ἐστιν
1528 1552 1558 1577 οὺ
1577 1550 1663 1583 ξύλον,
1678 1550 1708 1577 οὐ
1724 1549 1809 1582 λίθος,
1825 1549 1856 1576 οὐ
1870 1547 1923 1582 χαλ·

1148 1599 1206 1631 κδς,
1223 1599 1272 1625 οὐκ
1285 1597 1349 1626 ἀλλο
1369 1606 1396 1624 τι
1412 1599 1445 1624 ὲκ
1469 1597 1591 1633 φθαρτῆς
1602 1596 1713 1632 γεγονὸς
1726 1595 1806 1631 ὕλης.

347 1700 431 1728 XXII.
452 1701 547 1728 Nonne
562 1701 635 1729 enim
651 1701 725 1730 ferro
739 1702 832 1730 uelata
856 1707 918 1730 sunt
938 1703 1094 1736 simulacra,

1182 1698 1265 1726 XXII.
1283 1696 1322 1725 Ἦ
1338 1697 1392 1734 γὰρ
1408 1698 1458 1733 οὐχ
1479 1698 1531 1724 ὑπὸ
1554 1697 1663 1733 σιδήρου
1686 1696 1869 1732 ὲτορεύθησαν
1890 1693 1923 1720 x11

312 1753 339 1776 et
355 1748 458 1775 ferrum
473 1748 545 1783 quod
559 1749 673 1784 sculpsit
686 1749 748 1785 igne
763 1749 914 1777 emollitum
927 1753 1014 1783 cst,et
1024 1749 1094 1785 ignis

313 1802 382 1830 aqua
398 1794 600 1829 exstinguitur?
614 1795 655 1821 An
669 1802 723 1822 non
740 1802 805 1822 vero
818 1802 887 1830 aqua
904 1803 952 1830 per
967 1795 1094 1830 spiritum

313 1842 449 1871 movetur,
467 1843 548 1874 atque
572 1839 685 1874 spiritus
708 1847 723 1866 a
741 1839 796 1866 Deo
821 1845 981 1867 cunctorum
999 1841 1096 1876 opitice

313 1884 419 1911 initium
432 1885 574 1912 exstantia:
586 1885 688 1912 habet?
700 1885 744 1913 Sic
756 1886 828 1913 enim
842 1886 1020 1922 divitMoyses
1034 1895 1096 1922 pro-

312 1930 393 1965 pheta
410 1938 417 1957 :
436 1930 469 1957 In
481 1931 612 1965 principio
628 1932 724 1958 creavit
742 1931 812 1959 Deus
829 1931 922 1959 ta’lum
934 1938 959 1960 et
974 1938 1071 1960 terram
1086 1941 1095 1960 .'

314 1982 386 2003 terra
401 1981 488 2003 autem
507 1982 562 2004 erat
585 1977 725 2004 invisibilis
740 1981 765 2004 et
788 1978 963 2013 incomposita
982 1984 1006 2006 et
1024 1984 1096 2006 tene-

314 2022 368 2049 brc
384 2027 458 2049 erant
480 2031 556 2056 super
571 2023 703 2057 abyssum,
726 2028 750 2050 et
764 2024 872 2058 spiritus
896 2024 944 2051 Dei
965 2025 1097 2059 ferebatur

314 2076 392 2102 super
422 2077 515 2102 aquas.
547 2068 598 2101 Qui
629 2069 760 2103 spiritus.
794 2069 900 2097 dicente
924 2069 996 2103 Deo,
1024 2072 1098 2099 velut

315 2121 415 2140 manus
428 2114 514 2148 ipsius
528 2118 626 2141 cuneta
650 2113 724 2144 fecit,
740 2114 828 2141 lucem
842 2115 978 2149 separavit
993 2123 1007 2142 a
1020 2119 1097 2143 tene-

315 2158 381 2190 bris,
396 2163 423 2185 et
444 2162 506 2192 post
528 2159 626 2185 cmlum
653 2158 786 2186 invisibile
800 2159 896 2186 visible
912 2160 1050 2194 expandit,
1069 2164 1099 2187 ut

315 2204 455 2239 superiora
470 2204 505 2231 ab
528 2204 630 2239 angelis
658 2204 728 2231 lucis
749 2204 946 2239 habitarentur,
969 2206 1098 2234 inferiora

315 2258 380 2277 vero
407 2251 441 2277 ab
462 2250 571 2277 homine
588 2258 640 2277 una
655 2257 718 2277 cum
732 2251 860 2278 omnibus
879 2256 990 2286 propter
1009 2253 1098 2288 ipsum

316 2295 394 2324 factis
407 2295 672 2324 administrarentur.

352 2418 444 2446 XXIII.
465 2418 531 2446 Nam
557 2423 664 2454 prop:er
689 2423 715 2447 te
738 2419 876 2447 hominem
901 2419 972 2449 Deus
998 2428 1096 2457 aquam

315 2475 378 2503 qua:
393 2475 474 2502 supra
489 2467 585 2494 faciem
596 2472 677 2494 terrae
692 2472 751 2494 erat
760 2467 841 2502 jussit
853 2468 988 2502 secedere,
1005 2473 1034 2496 ut
1048 2469 1096 2496 tibi

316 2519 389 2542 terra
413 2514 518 2541 fructus
542 2519 632 2548 posset
656 2514 828 2549 producere:
844 2518 871 2541 et
893 2514 955 2542 fecit
979 2520 1096 2550 meatus,

316 2568 372 2596 quo
390 2560 479 2588 fontes
493 2560 542 2587 tibi
566 2560 708 2595 praeberet,
724 2567 756 2587 ac
775 2565 938 2595 apparerent
952 2561 1096 2590 ﬂuminum

351 2634 367 2650 ι
383 2627 450 2655 Luc.
467 2635 546 2660 mn,
565 2628 609 2655 54.

1145 1748 1160 1774 ὁ
1174 1745 1306 1782 ’πορεύσας
1319 1744 1342 1760 ⁸⁸
1367 1744 1476 1780 σίδηρος
1501 1743 1553 1770 ὑπὸ
1569 1744 1654 1780 πυρὸς
1678 1742 1832 1778 ἐμαλάχθη,
1849 1742 1893 1768 καὶ
1905 1739 1923 1766 τί

1146 1791 1202 1827 πῠρ
1219 1791 1284 1818 αὐτὸ
1300 1790 1322 1806 ⁸⁵
1341 1790 1482 1817 σὸέννυται
1499 1790 1552 1816 ὑπὸ
1574 1789 1687 1821 ὓδατοςς
1703 1789 1735 1815 τὸ
1754 1788 1782 1815 δὲ
1799 1788 1873 1823 ὕδωρ
1889 1786 1922 1819 οὐ]

1149 1837 1201 1864 ὑπὸ
1209 1836 1364 1872 πνεύματος
1379 1836 1428 1871 τὴν
1444 1836 1549 1872 κίνησιν
1566 1835 1632 1871 ἔχει,
1649 1836 1695 1861 καὶ
1710 1835 1741 1860 τὸ
1757 1834 1866 1869 πνεῦμα
1884 1830 1922 1859 ἀπὶ

1146 1883 1193 1910 τοῦ
1209 1882 1244 1909 τὰ
1259 1883 1307 1910 ὅλα
1332 1882 1511 1918 πεποιηκότος
1533 1881 1601 1908 Θεοῦ
1626 1882 1676 1917 τὴν
1691 1881 1778 1917 ἀρχὴν
1791 1880 1843 1915 τῆς
1858 1878 1918 1905 ἑκτὰ

1148 1938 1216 1961 σεως
1223 1929 1246 1945 ⁸⁸
1256 1929 1312 1964 ἔχει
1323 1937 1330 1961 ;
1343 1928 1435 1960 Οὕτως
1449 1928 1503 1964 γὰρ
1516 1929 1530 1955 ὁ
1543 1929 1685 1965 προφήτης
1699 1927 1793 1962 εἴρηκε
1800 1923 1922 1957 Μωῦσῆς⁴

1153 1975 1205 2002 Ἐν
1217 1974 1296 2009 ἀρχῇ
1312 1974 1487 2013 ἐποίησεν·ιό
1504 1975 1576 2008 Θεὸς
1593 1975 1646 2001 τὸν
1661 1972 1792 2007 οὐρανὸν
1813 1971 1864 1998 καὶ
1881 1969 1922 2002 τὴν

1146 2021 1216 2056 γῆν,
1234 2021 1253 2054 ἡ
1269 2020 1303 2047 δὲ
1317 2019 1356 2055 γῆ
1382 2020 1421 2054 ἦν
1441 2020 1566 2054 ἀόρατος
1587 2019 1636 2046 καὶ
1655 2017 1921 2047 ἀωτασκεύαστσς¹

1148 2067 1196 2094 καὶ
1207 2068 1315 2100 σκότος
1330 2066 1430 2093 ἐπάνω
1438 2066 1493 2101 τῆς
1503 2067 1639 2093 ἀϐύσσου
1649 2073 1655 2080 ·
1668 2063 1717 2091 καὶ
1731 2063 1850 2098 πνεῦμα
1866 2059 1921 2088 Θεοί

1148 2113 1308 2148 ἐπεφέρετο
1328 2112 1427 2139 ἐπάνω
1443 2112 1495 2139 τοῦ
1511 2111 1629 2144 ὕδατος.
1647 2110 1736 2146 Ὅπερ
1751 2109 1800 2136 καὶ
1815 2109 1921 2142 λέγοντος

1149 2158 1196 2185 τοῦ
1209 2157 1325 2190 Θεοῦ,τὸ
1341 2157 1459 2192 πνεῦμα,
1468 2156 1561 2192 ὥσπερ
1571 2156 1632 2192 χεὶρ
1647 2154 1728 2182 αὑτοῦ
1745 2154 1780 2181 τὰ
1789 2157 1878 2180 πάντα
1891 2153 1921 2185 δη-

1150 2205 1285 2240 μιουργεῖ,
1303 2203 1361 2238 φῶς
1377 2203 1431 2230 ἀπὸ
1447 2202 1558 2232 σκότους
1575 2201 1690 2238 χωρίξον
1700 2201 1733 2233 ιτ,
1749 2200 1796 2227 καὶ
1813 2199 1881 2235 μετὰ
1891 2197 1921 2224 τὼ

1149 2250 1265 2286 ἀόρατον
1279 2249 1393 2285 οὐρανὸν
1409 2249 1454 2275 τὸν
1477 2248 1638 2284 φαινόμενον
1664 2246 1830 2282 ὲφαπλῶσαν
1849 2246 1880 2277 ⁸³,
1894 2245 1920 2270 iw

1149 2295 1185 2322 τά
1200 2295 1256 2322 ἄνω
1269 2296 1326 2326 τοῖς
1337 2294 1384 2321 τοῦ
1402 2294 1490 2329 φωτὸς
1501 2293 1628 2328 ἀγγέλοις
1645 2292 1753 2328 οίκηθῇ,
1769 2291 1803 2318 τὰ
1819 2292 1851 2319 δὲ
1867 2291 1920 2316 κάτα

1151 2338 1204 2365 ὑπὸ
1221 2338 1364 2375 ἀνθρώπου
1380 2338 1437 2374 ἅμα
1461 2339 1518 2370 τοῖς
1541 2338 1575 2364 δι’
1591 2337 1672 2365 αὐτδν
1696 2337 1854 2372 γενομένοις
1873 2335 1920 2361 πᾶσι

1113 2373 1136 2401 D
1149 2373 1280 2420 διοικηθῇξ

1183 2430 1276 2458 XXIII.
1297 2430 1347 2458 Διά
1357 2430 1410 2467 γὰρ
1422 2430 1507 2466 σὲξτὸν
1517 2429 1659 2466 ἄνθρωπον
1670 2429 1684 2455 ὁ
1695 2427 1761 2459 Θεὸς
1771 2427 1893 2454 ἐκέλευσε
1902 2425 1920 2451 τί

1149 2477 1195 2504 ἐπὶ
1205 2477 1351 2514 προσώπου
1361 2478 1411 2512 τῆς
1420 2477 1473 2512 γῆς
1484 2475 1659 2512 ὑποχωρῆσαι
1670 2473 1752 2510 ὕδωρ,
1760 2474 1804 2501 ῐνα
1816 2473 1919 2510 καρποὺς

1149 2521 1165 2556 ὴ
1183 2521 1219 2557 γῆ
1237 2531 1278 2548 σοι
1294 2521 1476 2558 προσενέγκαι
1501 2519 1613 2555 δυνηθῇ,
1631 2519 1677 2545 καὶ
1694 2518 1825 2555 τρηδόνας
1847 2517 1919 2550 ἐποίη-

1149 2576 1206 2602 σεν,
1224 2569 1267 2596 ἵνα
1284 2577 1325 2596 σοι
1341 2569 1471 2605 παράσχῃ
1486 2566 1617 2604 "im-{ag
1632 2565 1680 2592 καὶ
1695 2564 1826 2600 ποταμῶν
1844 2564 1919 2601 ῥεῖθρα

965 2687 1081 2718 VARLE
1100 2690 1303 2720 LECTIONES.

354 2754 377 2774 ³·
394 2754 531 2794 ὲλεῶντες,
552 2754 697 2794 ἑαυτούς.ίί
719 2755 1013 2794 ,ιὲλεοῖξντεςγὲαυτούς
1027 2758 1056 2785 S.
1096 2759 1119 2775 ⁶⁰
1131 2760 1166 2786 τά
1180 2759 1341 2793 transcripsi
1355 2766 1388 2786 ex
1401 2759 1432 2785 Ο.
1464 2755 1609 2794 ⁸¹νγονέωγλ
1617 2754 1667 2789 μὲν
1689 2753 1778 2794 δντῳῗ
1796 2750 1918 2794 ἐχθρῶν

317 2790 468 2829 γενομένων
493 2790 630 2829 ἐποιοῦντο
645 2790 789 2828 τὰς-εὐχάς
905 2792 1051 2828 πείρωνται
1063 2795 1093 2821 0.
1130 2795 1154 2811 ⁸³
1168 2796 1242 2829 ἡμῖν,
1255 2794 1282 2820 τί
1298 2789 1370 2829 ἐστιν
1385 2793 1416 2822 C.
1454 2795 1477 2811 υ
1488 2789 1693 2829 ἐτορνεύθησαν,
1705 2789 1754 2829 uti}
1767 2791 1781 2815 ό
1795 2789 1918 2829 capys-37:;

319 2825 415 2864 E._tlfr
427 2824 566 2864 _'.I_‘urrian.
593 2825 646 2864 Pro
659 2824 735 2864 epist.
745 2826 841 2864 pontif.
869 2827 917 2856 lib.
939 2824 966 2862 ν,
984 2836 1044 2864 cap.
1062 2829 1111 2857 ult.

318 2857 342 2875 ⁴⁸
352 2859 514 2891 ἐψαπλώσας
527 2859 558 2886 0.
595 2863 618 2879 δ’
635 2857 769 2897 παράσχοι
778 2862 810 2888 Ο.

1168 2821 1193 2846 δῗ
1202 2821 1268 2856 αὐτό
1279 2837 1335 2858 οω.
1349 2828 1382 2857 0.
1396 2821 1400 2822 7
1433 2829 1456 2845 “
1474 2821 1630 2856 ἐκστάσεως
1642 2826 1672 2852 (ὲ.
1725 2824 1748 2840 ⁸⁷
1759 2821 1880 2860 χωρίζων
1892 2821 1915 2849 0-
