1932 3100
246 164 299 193 295

668 165 696 192 S.
716 162 908 192 CLEMENTIS
920 162 931 190 I
943 162 1026 191 ROM.
1046 161 1146 191 PONT.
1167 162 1282 192 OPERA
1299 164 1412 193 DUBIA.

247 225 306 252 haec
325 223 397 252 enim
421 222 479 252 sola
502 222 556 250 vim
577 221 649 257 ignis
673 225 762 256 potest
785 221 967 256 exstinguere.
990 220 1031 247 Ad

1084 219 1247 248 πεισθέντων
1259 220 1308 252 τὰς
1323 220 1457 252 εὐποιίας.
1468 220 1513 248 Διὸ
1528 221 1713 258 προσφεύγετε
1729 222 1770 258 τῷ
1782 222 1870 254 ὕδατι.

247 277 330 304 quam
343 269 388 304 qui
405 270 524 297 nondum
539 267 596 294 vult
607 266 709 298 venire,
725 266 814 293 adhuc
827 266 951 293 rabidum
964 265 1031 301 gerit

248 315 384 350 spiritum,
396 315 474 350 cujus
485 313 571 350 gratia
583 320 637 340 n0n
652 313 716 349 vult,
727 321 776 348 pro
791 321 839 340 sua
857 313 943 341 salute
957 313 1031 341 adire

248 369 346 396 aquam
360 362 459 389 vivam.

282 449 390 477 XXVII.
409 450 514 478 Accede
538 451 630 486 igitur,
655 450 711 478 sive
731 449 821 485 justus
836 447 884 481 sis,
907 447 964 475 sive
988 446 1031 474 in-

246 498 348 533 justas.
362 497 429 525 Nam
445 499 504 531 tibi,
519 499 541 525 si
558 499 650 534 justus
664 506 704 531 es,
720 499 807 526 solum
829 497 922 524 deerat
944 495 1031 531 bapti-

248 545 305 571 zari
319 545 345 571 in
359 544 484 577 salutem,
498 545 540 572 sin
554 545 672 579 injustus
684 545 711 571 in
723 543 909 572 remissionem
923 550 1028 575 eorum,

247 597 308 623 qua:
317 588 343 615 in
356 589 509 623 ignorantia
522 589 598 624 prius
610 589 780 624 perpetrasti.
790 589 818 615 Si
826 595 890 615 vero
901 587 1028 622 injustas,

247 634 421 669 relinquitur,
439 639 469 662 ut
485 635 657 670 baptismatis
671 635 740 662 bona
755 634 876 670 opereris
887 633 965 668 juxta
978 633 1030 660 im-

247 679 357 714 pietatis
377 681 589 715 proportionem.
608 680 796 715 Quapropter,
819 679 876 706 sive
888 679 979 713 justus
1000 686 1029 706 es

247 725 305 752 sive
319 725 440 759 iniquus,
454 725 550 753 festina
572 726 647 753 nasci
672 724 738 758 Deo,
752 725 815 760 quia
836 724 930 752 dilatio
954 724 1031 750 atii-rt

247 771 416 806 periculum;
449 779 511 798 nam
531 772 662 799 incertum
687 776 729 798 est
751 771 931 806 praestitutum
948 770 1029 797 morti

249 821 349 843 nostra:
365 822 480 851 tempus.
499 816 583 849 Patri,
599 817 645 852 qui
661 821 686 844 te
701 825 732 844 ex
748 824 817 851 aqua
833 816 935 851 genuit,
951 815 1030 842 simi-

248 861 389 889 litudinem
401 870 449 896 per
457 863 525 889 bona
534 870 616 896 opera
626 862 746 889 ostende.
757 861 896 896 Tanquam
909 861 964 887 veri
973 865 1030 887 stu-

247 907 341 935 diosus
355 915 446 935 verum
463 907 546 935 Deum
560 908 661 935 honora
673 912 701 934 ut
713 912 826 942 patrem.
837 906 930 933 Honor
940 911 1029 933 autem

246 953 307 988 ejus
315 955 440 986 est,utita
449 954 535 986 viras,
547 955 617 981 sicut
629 954 695 988 ipse,
705 954 750 988 qui
762 954 852 988 justus
864 957 914 986 est,
929 952 1032 979 deside-

246 999 458 1035 rat.l’orrojusti
468 1000 593 1028 voluntas
600 1004 650 1032 est,
661 999 820 1034 injustitiam
833 1006 886 1025 non
898 998 990 1026 facias.
1000 997 1031 1025 Et

246 1049 288 1072 est
301 1045 442 1080 injustitia,
456 1046 588 1076 occidere,
600 1046 763 1076 adulterare,
780 1045 879 1077 odisse,
893 1043 1029 1076 fraudare,

246 1095 395 1126 ceteraque
418 1092 459 1119 his
476 1092 586 1126 similia,
597 1099 714 1126 quorum
730 1091 821 1117 multa:
835 1094 900 1117 sunt
915 1090 1029 1124 species.

281 1120 400 1165 XXV-Ill.
423 1120 614 1165 Verumfam'en
632 1138 691 1165 istis
715 1137 896 1172 adjiciendum
919 1120 961 1164 est
981 1137 1032 1164 nli-

247 1185 324 1220 quid,
340 1185 412 1220 quod
426 1185 535 1220 quidem
551 1184 739 1222 cum.reliquis
751 1183 908 1210 hominibus
922 1190 976 1210 non
989 1188 1030 1210 est

246 1238 403 1263 commune,
418 1229 465 1257 sed
479 1230 588 1264 proprie
602 1229 731 1264 competit
753 1228 876 1263 religioni
892 1227 950 1255 Dei.
964 1227 1030 1255 Dico

246 1281 348 1309 autem,
362 1276 388 1303 in
402 1275 519 1310 puritate
531 1276 637 1310 degere,
653 1275 686 1301 ad
703 1282 816 1301 uxorem
832 1282 908 1301 suam
922 1274 1030 1309 quando

247 1322 276 1349 in
292 1322 452 1357 purgatione
464 1325 506 1349 est
526 1329 580 1348 non
603 1321 730 1348 accedere
746 1329 752 1347 :
770 1321 821 1348 hoc
842 1313 941 1355 quippe
954 1320 1031 1355 jubet

247 1366 295 1394 Dei
312 1367 368 1394 lex.
384 1366 455 1399 Quid
483 1366 561 1394 vero?
582 1365 638 1393 Nisi
662 1366 765 1401 put-itas
787 1366 813 1392 in
832 1366 961 1400 religione
983 1365 1030 1393 Dei

247 1417 320 1440 esset
345 1416 514 1444 consecrata,
541 1419 589 1438 vos
615 1416 644 1438 ut
667 1410 790 1438 canthari
811 1418 872 1437 cum
895 1411 1031 1445 voluptate

247 1458 435 1485 voiveremini.
450 1456 551 1491 Quare,
566 1463 696 1492 tanquam
714 1457 837 1485 homines
849 1457 951 1492 aliquid
972 1465 1031 1484 am—

247 1504 320 1539 plius
336 1503 423 1530 brutis
445 1503 629 1530 animantibus
655 1503 795 1534 habentes,
820 1503 948 1530 nimirum
970 1511 1030 1532 esse

1079 265 1158 292 τοῦτο
1171 265 1225 302 γὰρ
1241 265 1319 302 μόνον
1333 267 1382 303 τὴν
1398 266 1444 293 τοῦ
1461 267 1547 303 πυρὸς
1565 268 1651 304 ὁρμὴν
1678 268 1775 295 σϐέσαι
1791 269 1873 296 δύνα-

1079 318 1134 337 ται.
1151 310 1243 346 Τούτῳ
1255 312 1269 338 ὁ
1285 312 1367 347 μήπω
1379 311 1536 348 προσελθεῖν
1549 312 1634 340 θέλων
1644 313 1684 340 ἔτι
1698 313 1729 340 τὸ
1743 315 1795 350 τῆς
1811 315 1874 342 λύσ-

1081 363 1131 391 σης
1147 355 1223 392 φέρει
1240 357 1356 393 πνεῦμα,
1373 356 1403 385 οὗ
1419 358 1498 385 ἕνεκα
1510 358 1556 386 ἐπὶ
1571 360 1604 394 τῇ
1619 358 1731 386 αὗτοῦ⁶⁸
1747 361 1874 397 σωτηρίᾳ

1082 401 1158 429 ὕδατι
1174 401 1253 435 ζῶντι
1269 403 1428 438 προσελθεῖν
1444 403 1474 430 οὐ
1491 403 1572 432 θέλει.

1115 447 1222 475 XXVII.
1236 448 1369 485 Πρόσελθε
1386 447 1442 482 οὖν,
1458 449 1509 476 κᾶν
1521 450 1624 482 δίκαιος
1639 447 1681 488 ᾖς,
1698 450 1750 478 κᾶν
1766 451 1871 483 ἄδικος.

1080 494 1181 529 Δικαίῳ
1206 494 1260 530 γὰρ
1287 494 1343 521 ὄντι
1362 495 1444 531 248
1466 504 1507 522 σοι
1532 496 1612 531 μόνον
1633 496 1723 523 ἔλειπε
1748 497 1781 527 τὸ
1803 497 1871 533 πρὸς

1081 540 1217 576 σωτηρίαν
1234 540 1424 576 βαπτισθῆναι,
1437 541 1521 577 ἀδίκῳ
1541 542 1570 568 δὲ
1587 542 1655 578 πρὸς
1670 542 1700 569 τὺ
1717 542 1875 578 βαπισθῆί

1079 593 1123 612 ναι
1139 585 1161 601 ⁸⁸
1178 587 1219 617 είς
1235 586 1329 620 ἄφεσιν
1345 586 1398 613 τῶν
1415 587 1443 613 ὲν
1459 587 1554 623 ἀγνοίᾳ
1565 589 1824 624 προπεπραγμένων
1837 589 1872 616 ⁸⁸.

1087 630 1181 666 Ἀδίκῳ
1200 631 1221 657 δ’
1239 631 1485 658 ὑποκαταλείπεται
1502 633 1562 659 κατ’
1578 633 1723 668 ἀναλογίαν
1739 635 1790 670 τῆς
1806 635 1865 661 ἀσε-

1080 675 1154 708 ϐείας
1168 677 1184 712 ή
1199 677 1245 703 ἐπὶ
1259 677 1290 703 τὸ
1306 677 1447 713 βάπτισμα
1469 679 1586 706 εὐποιῖα,
1605 679 1651 706 Διὸ
1672 680 1699 706 εἴ
1713 689 1742 706 τε
1765 680 1873 712 δίκαιος

1080 720 1114 753 εἴ,
1133 723 1185 748 εἴτε
1199 723 1299 756 ἄδικος,
1321 723 1437 751 σπεῦσον
1450 725 1611 760 γεννηθῆναι
1627 725 1696 761 Θεῷ,
1714 726 1755 752 ὅτι
1772 727 1789 761 ὴ
1806 727 1874 753 ἀνα-

1080 767 1144 803 ϐολὴ
1161 768 1281 795 κίνδυνον
1301 769 1376 805 φέρει
1391 769 1435 797 διὰ
1450 770 1480 796 τὸ
1496 770 1590 806 ἄδηλον
1606 771 1627 786 ⁸⁷
1642 769 1710 798 εἶναι
1724 771 1771 798 τοῦ
1790 772 1872 799 θανά-

1079 822 1129 840 του
1152 815 1201 850 τὴν
1226 814 1402 850 προθεσμίαν,
1425 815 1464 851 τῷ
1480 816 1510 848 ἐξ
1531 817 1664 849 ὕδατος-ω
1691 818 1823 852 γεννῶντί
1841 827 1871 846 σε

1081 860 1164 895 πατρὶ
1179 860 1223 886 διὰ
1249 860 1299 895 τῆς
1320 861 1443 893 εὐποιῖας
1467 862 1515 898 τὴν
1538 863 1682 898 ὁμοιότητα
1702 863 1804 896 δείξας.
1828 864 1868 896 Ὠς

1082 905 1230 941 φιλαλήθης
1253 906 1298 932 τὸν
1315 906 1402 941 ἀληθῆ
1418 906 1484 933 Θεὸν
1499 907 1587 942 τιμῶν
1603 908 1640 940 ὡς
1661 909 1776 945 πατέρα.
1796 910 1870 945 Τιμὴ

1081 950 1108 976 δὲ
1126 951 1198 986 αὐτῷ
1213 951 1243 978 τὺ
1259 950 1308 988 ζῇν
1327 961 1356 978 σε
1371 952 1409 984 ὡς
1426 953 1507 984 αὐτὸς
1529 953 1631 986 δίκαιος
1654 954 1691 981 ὢν
1717 954 1800 982 θέλει.
1824 957 1869 982 Δι-

1081 997 1158 1024 καίου
1181 997 1209 1024 δὲ
1228 997 1343 1033 ;θέλημα
1370 998 1401 1024 τὸ
1427 999 1464 1034 μὴ
1481 999 1601 1026 τάδικεῖν.
1627 999 1728 1026 ’Λδικία
1745 1000 1773 1027 δέ
1797 1001 1870 1027 ἐστιν

1081 1041 1212 1077 φονεύειν,
1232 1044 1329 1077 μισεῖν,
1347 1043 1526 1076 πλεονεκτεῖν,
1544 1045 1590 1071 καὶ
1605 1044 1639 1071 τὰ
1653 1045 1758 1077 τούτοις
1770 1046 1868 1081 ὅμοια·

1080 1088 1181 1114 τούτων
1195 1088 1223 1114 δὲ
1237 1088 1291 1124 εἴδη
1310 1088 1402 1115 πολλά.

1115 1133 1233 1162 XXVIII.
1253 1135 1325 1170 Πλὴν
1349 1136 1455 1168 τούτοις
1475 1137 1661 1174 συνεισφέρειν
1686 1137 1726 1164 δεῖ
1747 1138 1774 1165 τί
1793 1147 1870 1170 ποτε,

1080 1180 1094 1206 ὂ
1111 1181 1252 1216 κοινότητα
1266 1181 1334 1217 πρὸς
1345 1182 1516 1218 [ἀνθρώπους
1534 1183 1582 1218 μὲν
1605 1183 1654 1211 οὐκ
1669 1183 1735 1219 ἔχει,
1760 1185 1828 1211 [διον
1843 1185 1872 1211 δὲ

1081 1224 1229 1261 θρησκείας
1248 1226 1315 1253 Θεοῦ
1331 1229 1467 1262 τυγχάνει.
1485 1228 1564 1263 Λέγω
1585 1229 1618 1264 δὴ
1639 1229 1670 1255 τὸ
1693 1229 1870 1265 καθαρεύειν,

1079 1271 1110 1298 τδ
1126 1273 1154 1299 ἐν
1177 1272 1284 1308 ἀφέδρῳ
1308 1273 1374 1309 οῦσῃ
1394 1275 1427 1310 τῇ
1452 1274 1505 1310 ίδίᾳ
1527 1276 1632 1310 γαμετῇ
1657 1276 1694 1311 μὴ
1717 1278 1870 1307 κοινωνεῖν,

1080 1317 1121 1345 ὅτι
1136 1319 1214 1346 τοῦτο
1226 1320 1240 1346 ὁ
1255 1320 1321 1346 Θεοῦ
1339 1320 1443 1347 κελεύει
1461 1321 1550 1357 νόμος.
1565 1322 1598 1348 Τί
1611 1322 1655 1354 δέ;
1672 1323 1696 1348 εί
1714 1323 1751 1358 μὴ
1773 1323 1822 1350 καὶ
1836 1324 1870 1358 τῇ

1079 1364 1126 1391 τοῦ
1143 1364 1209 1391 Θεοῦ
1227 1365 1358 1402 θρησκείᾳ
1370 1367 1400 1393 τὸ
1415 1367 1576 1403 καθαρεύειν
1592 1367 1723 1399 ἀνέκειτο,
1740 1368 1823 1403 ὑμεῖς
1833 1369 1871 1400 ὡς

1080 1411 1105 1437 οἱ
1119 1411 1247 1447 κάνθαροι
1264 1412 1286 1428 ⁸³
1300 1411 1386 1447 ἡδέως
1401 1412 1435 1439 ἂν
1451 1412 1598 1440 ἐκυλίεσθε.
1615 1413 1659 1440 Διὸ
1675 1413 1713 1445 ὡς
1729 1414 1870 1450 ἄνθρωποι

1081 1455 1188 1490 ῑχοντές
1204 1464 1230 1482 τι
1247 1456 1338 1482 πλεῖον
1361 1457 1415 1483 τῶν
1438 1457 1541 1491 ἀλόγων
1564 1457 1650 1490 ζώων,
1671 1458 1702 1484 τὸ
1724 1458 1831 1492 λογικοὶ
1847 1459 1870 1474 τ’

1081 1496 1160 1531 εἶναι,
1177 1499 1225 1534 τὴν
1250 1500 1298 1534 μὲν
1315 1500 1427 1535 καρδίαν
1444 1501 1497 1528 τῶν
1521 1501 1613 1528 κακῶν
1636 1502 1754 1538 οὐρανίῳ
1772 1503 1870 1538 ,καθά-

246 1549 406 1582 rationales,
424 1557 472 1576 cor
485 1549 593 1584 quidem
613 1557 627 1575 a
641 1549 720 1576 malis
743 1554 855 1584 purgate
873 1557 921 1584 per
950 1551 1029 1577 cmle-

1084 1551 1147 1579 ρατε
1163 1543 1295 1580 λογισμῷ,
1310 1545 1413 1581 λουτρῷ
1428 1546 1456 1572 δὲ
1474 1546 1585 1573 πλύνετε
1599 1547 1623 1563 ⁷⁸
1635 1548 1665 1574 τὸ
1681 1548 1771 1583 σῶμα.
1788 1547 1872 1584 ω

215 1608 218 1612 λ
254 1596 322 1620 stem
338 1592 514 1625 intellectum,
528 1593 636 1620 lavacro
650 1599 739 1620 autem
747 1600 847 1628 corpus
854 1594 1030 1622 diluite.l\'am

247 1637 320 1665 inter
340 1645 403 1665 vere
423 1638 494 1665 bona
522 1643 564 1666 est
591 1638 748 1666 mundities.
763 1637 822 1665 Non
840 1640 917 1674 quasi
941 1640 1032 1668 cordis

248 1683 393 1719 puritatem
409 1683 541 1718 praecedat
553 1684 667 1711 castitas
679 1684 811 1718 corporis,
831 1685 877 1712 sed
892 1686 954 1720 quia
970 1691 1032 1720 post

249 1730 351 1756 bonum
367 1729 489 1763 sequitur
502 1729 574 1764 quod
590 1730 721 1756 mundum
743 1734 794 1757 est.
819 1730 924 1757 Etenim
947 1731 1033 1766 magri-

252 1779 309 1802 ster
341 1779 432 1802 noster
455 1774 587 1809 quosdam
613 1779 767 1802 nostrorum
784 1775 982 1803 Pharisaeorum
1007 1780 1034 1803 et

250 1820 421 1853 Scribarum,
439 1821 485 1856 qui
503 1825 567 1848 sunt
580 1821 710 1856 separati,
723 1825 750 1848 et
765 1821 832 1856 legis
849 1821 986 1854 instituta,
1002 1826 1033 1848 ut

250 1867 361 1900 Scribat,
374 1867 435 1903 plus
449 1867 553 1895 caeteris
565 1871 743 1902 cognoscunt,
757 1867 933 1900 redarguebat
943 1871 1032 1894 tamen

249 1913 324 1940 velut
338 1913 503 1949 hypocritas,
517 1912 590 1947 quod
612 1919 643 1939 ea
666 1912 722 1939 sola
745 1919 805 1946 quae
820 1912 854 1939 ab
879 1912 1035 1939 hominibus

249 1959 564 1994 videnturpuriﬁcarent,
582 1956 673 1985 cordis
697 1964 761 1984 vero
783 1957 930 1992 puritatem
952 1965 1034 1993 quam

250 2001 325 2030 solus
340 2001 411 2029 Deus
423 2001 521 2036 aspicit
533 2001 729 2035 relinquerent.

286 2047 383 2075 XXIX.
405 2047 461 2074 Hac
484 2054 550 2082 ergo
578 2047 635 2081 ipsa
656 2054 722 2074 voce
737 2055 804 2074 usus
824 2051 875 2081 est,
893 2055 987 2075 revera
1002 2049 1035 2076 ad

250 2092 406 2127 hypocritas
425 2092 495 2119 inter
510 2098 558 2119 eos
580 2092 704 2126 loquens,
727 2100 779 2119 non
795 2100 860 2120 vero
880 2093 914 2120 ad
930 2101 1034 2121 omnes.

250 2137 320 2164 Nam
336 2137 472 2171 praecepit,
489 2141 519 2163 ut
539 2135 703 2170 quibusdam
725 2137 891 2169 obediretur,
910 2138 983 2173 quod
1002 2139 1036 2166 iis

252 2184 398 2211 commissa
423 2183 520 2210 fuisset
549 2181 649 2217 Moysis
678 2182 805 2210 cathedra
822 2189 845 2210 ο.
876 2183 975 2210 Verum
1002 2184 1036 2212 ad

1082 1589 1161 1616 Κατὰ
1178 1589 1232 1625 γὰρ
1244 1590 1279 1616 τὰ
1291 1590 1377 1625 ἀληθῆ
1390 1592 1420 1617 τὸ
1436 1591 1608 1628 καθαρεύειν,
1620 1593 1716 1628 οὺχῖὼς
1729 1594 1770 1621 ὅτι
1784 1602 1871 1630 προη-

1081 1635 1170 1668 γεῖται
1181 1635 1232 1669 τῆς
1247 1635 1318 1662 κατὰ
1329 1636 1378 1672 τὴν
1391 1637 1502 1672 καρδίαν
1515 1637 1672 1674 καθάρσεως
1685 1639 1702 1673 ἡ
1714 1639 1761 1665 τοῦ
1777 1639 1872 1674 σώμα-

1081 1688 1126 1712 τος
1140 1681 1247 1715 ἁγνεία,
1264 1681 1319 1707 ἀλλ’
1337 1682 1374 1713 ὡς
1389 1682 1412 1697 ⁷⁵
1428 1682 1469 1708 ὅτι
1484 1683 1579 1710 ἕπεται
1595 1683 1634 1718 τῷ
1650 1683 1745 1719 ἀγαθῷ
1764 1684 1798 1711 τὸ
1820 1693 1871 1710 κα·

1082 1725 1184 1761 θάριον.
1201 1727 1256 1754 Καὶ
1271 1726 1325 1762 γὰρ
1348 1729 1362 1754 ὁ
1382 1727 1538 1760 διδάσκαλος
1559 1728 1636 1764 ἡμῶν
1663 1729 1749 1761 ἐνίους
1768 1730 1826 1756 τῶν
1843 1730 1871 1756 ἐν

1082 1770 1147 1805 ἡμῖν
1160 1770 1184 1786 ⁷³
1196 1771 1350 1806 Φαρισαίων
1366 1772 1412 1798 καὶ
1425 1773 1619 1808 γραμματέων,
1637 1774 1664 1799 οἵ
1678 1775 1747 1800 εἰσιν
1763 1774 1864 1809 ἀφωρι-

1084 1817 1176 1851 σμένοι
1190 1816 1247 1853 (55)
1260 1816 1351 1843 καὶτὰ
1364 1817 1468 1852 νόμιμα
1481 1818 1518 1849 ὡς
1530 1820 1702 1854 γραμματεῖς
1713 1819 1768 1845 τῶν
1782 1819 1872 1846 ἄλλων

1083 1860 1174 1887 πλεῖον
1193 1861 1301 1893 εἰδότες,
1323 1861 1398 1896 ὅμως
1418 1861 1556 1897 διήλεγχεν
1573 1863 1670 1894 αὐτοὺς
1694 1863 1732 1894 ὡς
1755 1863 1872 1898 ὑποκρι-

1083 1906 1142 1938 τὰς,
1156 1906 1207 1938 ὅτι,
1226 1906 1294 1941 μόνα
1313 1905 1348 1932 τὰ
1361 1905 1513 1942 ἀνθρώποις
1530 1907 1677 1943 φαινόμενα
1698 1907 1870 1942 ἁγνεύοντες,

1083 1951 1118 1978 τὰ
1131 1952 1181 1987 τῆς
1195 1951 1306 1988 καρδίας
1322 1951 1428 1986 καθαρὰ
1444 1953 1490 1979 καὶ
1507 1952 1565 1988 Θεῷ
1583 1953 1655 1988 μόνῳ
1663 1953 1788 1989 ὁρώμενα
1799 1961 1870 1988 παρ-

1084 1997 1124 2024 ελί
1128 2006 1242 2033 μπανον.

1119 2043 1216 2070 XXIX.
1233 2044 1315 2079 Ῥητῇ
1330 2041 1375 2071 οῦν
1387 2045 1561 2082 ταύτῃ“φωνῇ
1579 2046 1722 2082 ἐχρήσατο,
1736 2046 1771 2072 τὰ
1783 2046 1870 2082 ἀληθῆ

1085 2090 1153 2126 πρὸς
1172 2090 1234 2121 τοὺς
1251 2091 1398 2127 ὑποκριτὰς
1413 2091 1501 2118 αὐτῶν
1521 2091 1605 2125 λέγων
1621 2092 1655 2123 ⁷⁸,
1671 2092 1701 2118 οὺ
1719 2092 1787 2127 πρὸς
1804 2093 1871 2118 πάν-

1085 2143 1144 2166 τας.
1166 2135 1257 2161 Ἑνίων
1271 2136 1325 2172 γὰρ
1339 2137 1385 2163 καὶ
1401 2136 1544 2163 ἐπακούειν
1560 2136 1661 2170 ἔλεγεν,
1675 2137 1715 2162 ὅτι
1726 2136 1776 2172 τὴν
1786 2137 1872 2164 Μωῠ-

1088 2180 1156 2211 σέως
1171 2181 1368 2217 ἐπιστεύθησαν
1393 2181 1534 2217 καθέδραν.
1553 2181 1626 2217 Πλὴν
1642 2182 1710 2216 πρὸς
1722 2182 1787 2213 τοὺς
1803 2182 1870 2209 ὑπο-

253 2229 410 2264 hypocritas
428 2228 514 2256 dixit:
531 2227 576 2255 Vw
591 2228 662 2254 vobis
677 2227 776 2255 Scriba:
793 2233 817 2255 et
830 2227 962 2255 PImrisan'
982 2229 1032 2265 Ity-

1086 2226 1180 2261 κριτὰς
1196 2226 1295 2261 ἔλεγεν·
1308 2227 1379 2254 Οὐαί
1394 2227 1464 2262 ὑμῖν
1479 2228 1514 2260 ⁷⁸,
1528 2227 1703 2262 ιιφαμματεῖς
1717 2228 1768 2254 καὶ
1782 2228 1869 2262 Φαρι-

252 2274 379 2309 pocritaz,
402 2274 466 2308 quia
491 2273 624 2300 mundatis
651 2273 742 2300 calicis
766 2274 952 2308 etparopsidis
965 2276 1033 2309 quod

253 2320 369 2346 exterius
390 2323 442 2351 est,
464 2320 535 2346 intus
557 2324 645 2346 autem
667 2327 697 2345 ea
715 2318 792 2354 plena
811 2324 872 2346 sunt
893 2321 1034 2355 squaloris.

254 2364 389 2392 leristze
409 2372 494 2397 arce,
520 2365 618 2391 munda
637 2365 711 2400 prius
730 2364 822 2391 calicis
842 2369 867 2392 et
887 2366 1034 2401 paropsidt’s

302 2428 316 2442 α
345 2421 442 2450 Matth.
459 2429 537 2455 mn,
552 2421 580 2448 2.

1084 2271 1173 2303 σαῖσι,
1198 2273 1366 2306 ὑποκριταὶ,
1391 2272 1436 2299 ὅτι
1462 2273 1627 2306 καθαρίζετε
1647 2272 1700 2299 τοῦ
1726 2274 1870 2307 ποτηρίου

1084 2316 1134 2343 καί
1154 2316 1210 2350 τῆς
1225 2317 1391 2352 παροψίδος
1412 2318 1444 2344 τὸ
1461 2318 1580 2350 ἔξωθεν,
1606 2319 1718 2345 ἔσωθεν
1733 2317 1768 2344 δὲ
1790 2318 1870 2350 γέμει

1081 2362 1220 2398 ῥύπου-⁷⁸.
1232 2363 1370 2397 Φαρισαῖε
1385 2363 1490 2398 τυφλὲ,
1506 2363 1668 2398 καθάρισον
1684 2363 1802 2395 πρῶτον
1816 2361 1869 2388 τοῦ

887 2468 1004 2497 VARle
1024 2471 1222 2500 LECTIONES.

291 2538 315 2554 ⁸⁵
327 2536 371 2572 Ita,
390 2535 410 2564 S
425 2556 432 2569 ,
454 2537 535 2564 αὑτοῦ
549 2536 580 2568 C.
598 2535 630 2564 0.
669 2539 691 2555 ⁸⁵
702 2535 769 2563 Vbb.
783 2536 866 2572 ἀδίκῳ

256 2580 312 2600 rec.
339 2571 378 2607 τῷ

894 2537 934 2575 εἳὲέ
947 2538 1020 2575 apt;
1031 2539 1253 2575 τδβαπτισθῆναι
1277 2544 1451 2575 accesserunt
1465 2539 1534 2575 ego
1549 2559 1556 2570 ,
1573 2539 1600 2566 ἱη
1621 2538 1676 2575 cuj.
1690 2545 1777 2575 _marg.
1794 2545 1867 2575 man:

475 2572 514 2599 τό.
569 2572 592 2589 ⁸ο
615 2572 816 2606 πεπραγμένων
839 2574 869 2598 U.
889 2571 1008 2600 Subinde
1029 2571 1098 2600 ἀδίκι

1137 2574 1158 2600 δ’
1182 2573 1244 2601 add.
1279 2574 1307 2601 S.
1335 2583 1359 2602 c.
1376 2575 1474 2602 Itulino
1488 2574 1549 2601 Rcc.
1569 2575 1616 2605 vti,
1633 2574 1649 2600 9
1665 2583 1672 2600 ι
1687 2573 1786 2607 injuste
1798 2573 1867 2600 vero.

257 2580 312 2600 rec.
339 2581 378 2607 τῳ
426 2581 456 2600 ro
475 2579 514 2599 το.
569 2579 592 2589 ἰν
615 2579 816 2606 πεποαγμενων
839 2579 869 2598 ιλ.
889 2579 1008 2600 διιυιῐιιιε
1029 2579 1098 2600 eam
1137 2579 1158 2600 6'
1182 2579 1244 2601 add.
1279 2579 1307 2601 5.
1335 2583 1359 2602 c.
1376 2579 1474 2602 ﬂuunt)
1488 2579 1549 2601 nec.
1569 2579 1616 2605 vt},
1633 2579 1649 2600 ν
1665 2583 1672 2600 z
1687 2579 1786 2607 mjusto
1798 2582 1867 2600 vero.

257 2608 279 2626 6"
292 2579 441 2645 @5Qov_8._
473 2607 586 2645 δ”-ὕδατι
599 2606 631 2634 0.
669 2597 787 2645 d'_Al'IS£.
806 2606 877 2645 Hist.
891 2608 979 2645 qnint._
994 2615 1020 2645 _v,
1035 2608 1078 2645 l9,
1091 2583 1153 2645 ἔδει,
1167 2617 1193 2645 a,
1211 2609 1242 2645 I7
1259 2619 1266 2636 :
1281 2610 1312 2636 Ol
1325 2610 1352 2636 δὲ
1365 2610 1493 2645 κάνθαροι
1512 2609 1545 2645 ἣν
1557 2608 1687 2645 ’κυλίουσι
1712 2608 1827 2645 κόπρονὲ
1841 2609 1868 2634 ὲν

256 2642 504 2679 ταύτῃᾼφωλεύουσί
515 2650 545 2668 τε
561 2641 749 2679 τὸν-χειμιῖξνσιἶ
765 2640 877 2679 S‘>._Tu‘rn
891 2642 1100 2679 ανεκυλίεσθενι).
1117 2644 1149 2671 ἂν
1164 2644 1302 2670 ὲκυλίεσθε
1323 2646 1353 2672 C.
1391 2646 1413 2660 ⁷⁰
1427 2640 1532 2677 λογικόν
1548 2643 1571 2670 τί]
1585 2662 1594 2677 ,
1619 2643 1659 2678 τῷ
1677 2640 1780 2677 λογικοὶ
1801 2641 1869 2670 εἷναι

257 2676 374 2712 εοη].”8.
390 2678 412 2693 ⁷¹
425 2677 541 2704 πλύνατε
557 2676 587 2703 C.

323 2676 374 2704 ."S.
390 2678 412 2693 “
425 2677 541 2704 πλύνατε
557 2676 587 2703 C.
603 2676 670 2702 Tum
682 2676 712 2702 τὸ
725 2676 822 2710 ἀληθές
843 2676 874 2702 0.
891 2676 1019 2711 Deinceps
1033 2676 1083 2704 fuit
1097 2679 1191 2705 lacuna
1209 2680 1235 2706 iu
1247 2679 1268 2706 0
1287 2680 1356 2706 inter
1369 2678 1530 2714 καθαρεύειν
1544 2683 1572 2705 et
1582 2678 1633 2709 ὃτι,
1645 2676 1727 2713 quam
1742 2679 1778 2706 al.
1794 2686 1867 2705 man.

321 2714 354 2729 'nn
377 2713 488 2729 nvnlnnil
518 2711 606 2729 vnn-hic
636 2711 684 2729 m'iv
713 2711 751 2729 ιῖιι
777 2711 912 2729 inmori-uia
961 2712 984 2729 τ’
999 2712 1136 2729 ἆλλλιιῖιιί*
1201 2714 1223 2729 η
1239 2714 1303 2729 1...?“
1329 2714 1350 2729 Γ
1384 2713 1556 2729 Πιοιιιπι-ιῖριηὶ
1585 2713 1634 2729 Ιιυιι
1673 2714 1826 2729 ηιιωιηιηίνίι
1839 2713 1858 2729 Q

259 2711 355 2748 partim
376 2713 493 2747 explevit
518 2711 608 2738 verbis
636 2711 685 2745 οὺχ
713 2711 751 2742 ὡς
777 2711 923 2745 inscriptis.
961 2712 984 2729 ⁷³
999 2712 1109 2743 ἀλλὰώς
1117 2714 1148 2741 C.

257 2748 283 2765 "
295 2748 380 2782 λέγων
393 2748 455 2775 add.
470 2756 496 2776 c.
508 2746 540 2774 0.
556 2745 629 2774 Idem
653 2753 680 2780 p.
693 2745 784 2780 ἔλεγεν
797 2746 922 2774 lacunam
934 2747 1044 2781 praebet.
1081 2748 1104 2764 ”
1119 2748 1148 2782 si

1201 2714 1227 2750 ’ξ
1239 2714 1303 2750 ὑμῖν
1329 2714 1360 2741 C.
1384 2713 1556 2750 Ottoboniani
1585 2713 1647 2741 lect.
1673 2714 1829 2749 praesagivit
1839 2713 1866 2741 S.

1081 2748 1104 2764 ”
1119 2748 1198 2784 ὑμεῖς
1211 2747 1243 2777 0.
1259 2747 1265 2750 ⁷
1282 2753 1305 2769 ⁷ο
1319 2749 1419 2785 ῥύπους
1433 2749 1463 2776 C.

909 2802 1088 2833 VARIORUM
1102 2805 1218 2834 NOTAE.

909 2805 1088 2833 VARIORUM
1102 2805 1218 2834 NOTAE.

296 2851 359 2890 (ᾧ).
383 2851 598 2890 Ἀφῳρισμένοι
620 2851 648 2880 Id
679 2851 814 2890 signiﬁcat
846 2857 945 2890 no_mcn
971 2851 1118 2887 Φαρισαῖοι.
1147 2852 1279 2890 Suspecta
1303 2858 1394 2882 autem
1420 2852 1571 2882 Ebionismi
1591 2857 1617 2881 et
1642 2852 1776 2882 Judaismi
1807 2856 1866 2882 sunt

259 2893 319 2922 qua
334 2887 376 2915 his
386 2886 518 2922 capitibus
533 2887 656 2916 dicuntur
671 2886 863 2916 de'lavatione.
873 2886 940 2916 Cor.
