1932 3100
87 142 133 169 29"
608 141 838 169 CLEMENTINA.
856 157 890 162 -—

909 139 1051 169 IIOMILIA
1068 139 1113 166 XI.
1645 139 1697 167 298

85 200 223 233 ποτηρίου
241 200 287 227 καὶ
302 199 359 234 τῆς
375 199 541 234 παροψίδος
559 199 591 226 τὸ
612 200 734 231 ἔσωθεν,
750 200 801 226 ἵνα
815 199 856 234 γέ-

916 198 1042 230 interius,
1064 204 1092 225 ιιι
1115 203 1139 224 et
1159 197 1266 225 illorum
1295 197 1427 224 exteriora
1455 197 1554 224 munda
1585 196 1650 232 ﬁant
1671 204 1695 225 ι.

83 253 165 278 mtas
185 244 236 271 ml
254 244 289 272 τὰ
304 245 363 277 ἔξω
377 245 480 272 αὐτῶν
494 245 517 261 ’⁷
532 245 652 279 καθαρά.
671 244 725 271 Καὶ
740 244 861 280 άληθῶς·

84 289 258 323 φωτισθέντος
268 290 322 325 γὰρ
334 289 382 316 τοῦ
397 290 443 316 νοῦ
457 291 489 325 τῇ
500 289 609 324 γνώσει.
620 291 635 317 6
646 289 738 325 μαθὼν
752 289 862 316 δύναται

83 335 178 370 ἀγαθὸς
204 333 286 367 εἶναι,
310 331 332 369 ᾧ
349 335 502 371 παρέπεται
527 335 558 361 τὸ
579 335 699 370 καθαρὸν
721 334 860 369 γενέσθαι·

82 382 111 408 ὲκ
124 381 172 417 τῆς
191 381 248 409 ἔσω
271 381 326 417 γὰρ
351 381 469 412 διανοίας
487 380 564 416 ἡτοῦ
585 381 637 414 ἔξω
653 380 778 416 σώματος
792 381 862 415 ἁγα-

82 426 112 462 θὴ
144 426 249 460 γίνεται
266 427 389 462 πρόνοια.
409 427 453 459 Ὧς
469 427 523 453 ἀπό
539 435 570 461 γε
585 427 634 462 τῆς
650 426 720 453 κατὰ
735 426 766 453 τὸ
782 426 862 462 σῶμα

81 472 253 508 ἀναισθησίας
268 473 318 508 τῆς
333 472 450 504 διανοίας
466 472 577 508 πρόνοια
593 471 718 506 γενέσθαι
733 471 764 497 οὺ
780 470 860 498 δύνα-

80 526 131 548 ται,
144 517 229 549 οὕτως
245 518 260 544 6
274 517 393 554 καθαρὸς
408 518 496 545 καὶτὸ
511 517 563 550 ἔξω
578 517 665 544 καὶτὸ
678 517 731 544 ἔσω
744 517 860 553 καθᾶραι

80 563 155 599 250
169 563 284 590 δύναται
298 572 306 579 ⁸
324 564 339 590 6
353 563 381 590 δὲ
396 563 432 590 τὰ
447 564 499 597 ἔξω
513 563 650 600 καθαίρων
675 563 743 599 πρὸς
756 562 860 599 ἀνθρώ-

81 618 133 634 πων
146 608 169 625 ⁷⁸
188 609 235 635 τὸν
253 608 364 636 ἔπαινον
380 609 489 644 ἀφορῶν
504 608 582 635 τοῦτο
598 609 678 640 ποιεῖ,
696 608 743 635 καὶ
757 607 860 644 ἐπαίνῳ

79 654 127 680 τῶν
143 654 323 689 ἱστορούντων
339 654 413 690 παρὰ
423 653 463 689 τῷ
477 653 536 689 Θεῷ
548 653 623 680 οὐδὲν
637 653 702 688 ἔχει.

110 698 190 726 XXX.
208 699 269 726 Τίνι
286 699 314 725 δὲ
330 698 360 726 οὐ
377 699 515 734 φαίνεται,
537 699 578 725 ὅτι
594 699 716 734 κρεῖττόν
732 699 790 726 ἐστι
811 707 859 733 γυ-

79 743 146 770 ναικὶ
166 743 195 769 ὲν
220 743 388 778 γυναικείοις
411 742 478 779 οὔσῃ
502 743 539 778 μὴ
556 742 700 775 συνελθεῖν,
717 742 784 769 ἀλλὰ
807 751 858 769 κα-

80 789 201 826 θαρθείσῃ
220 790 270 816 καὶ
294 789 490 825 ﬁamus-Oeten;
514 788 594 816 Ἀλλὰ
608 789 655 816 καὶ
672 787 741 824 μετὰ
765 797 858 816 κοινω-

79 836 131 862 νίαν
153 835 334 870 βαπτίζεσθαι
354 835 403 863 δεῖ.
434 836 465 862 El
485 835 514 862 δὲ
533 834 612 862 τοῦτο
635 836 720 862 ποιεῖν
743 835 856 867 ὀκνεῖτε,

79 868 258 917 ἀνατωλήσατε
286 881 346 913 πῶς
358 881 391 908 τὰ
404 881 453 917 τῆς
463 880 573 916 ἁγνείας
588 880 657 916 μέρη
672 880 856 916 μετεδιώκετε,
874 868 894 898 Β

79 927 117 953 ὅτε
131 927 304 963 ἀναισθήτοις
321 927 440 958 εἰδώλοις
455 926 633 962 ὲθρησκεύετε
645 926 678 952 ".
692 926 858 962 Δίσχύνθητε

79 971 113 997 ὄτι
133 971 264 1003 ἐνταῦθα,
283 971 349 998 ὅπου
371 971 463 1007 ἐχρῆν,
480 971 511 998 οὺ
532 971 563 997 τὸ
579 971 671 997 πλεῖον
687 970 774 1005 λέγω,
792 971 858 998 ἀλλὰ

79 1017 149 1051 μόνον
165 1017 211 1044 καὶ
227 1017 291 1043 ὅλον
306 1016 336 1044 τὸ
349 1017 399 1052 τῆς
415 1016 525 1051 ἁγνείας
538 1016 728 1048 ἀναδέξασθαι,
745 1016 858 1052 ὀκνηρό-

79 1071 141 1097 rapat
157 1063 277 1097 γίνεσθε.
301 1063 426 1098 Νοήσατε
447 1060 493 1089 οὖν
513 1061 559 1089 τὸν
576 1062 634 1089 ἐκεῖ
655 1062 726 1097 ὑμᾶς
742 1070 856 1098 πεποιη-

79 1107 152 1138 κότα,
168 1108 214 1134 καὶ
230 1107 443 1143 διανοηθήσεσθε
462 1107 504 1139 τίς
520 1107 594 1133 ἔστιν
612 1107 626 1134 6
642 1105 759 1133 ἐνταῦθα
779 1106 857 1133 ὕκνον

79 1151 138 1188 πρὸς
150 1152 259 1186 ἁγνείαν
265 1152 342 1188 ,ὑμῖν
358 1151 507 1188 ἐμϐάλλων.

107 1208 197 1236 XXXI.
214 1209 285 1236 Ἀλλ’
303 1209 361 1244 ὲρεῖ
376 1217 418 1240 τις
433 1208 524 1244 ὑμῶν·
543 1208 604 1244 Χρὴ
619 1205 666 1235 οὖν
682 1209 757 1245 ἡμᾶς
770 1210 856 1236 ποιεῖν

80 1256 123 1282 ὅσα
136 1256 164 1282 ὲν
186 1255 309 1287 είδώλοις
325 1254 487 1292 ὲποιοῠμεν;
503 1254 575 1290 Φημί
592 1263 643 1286 σοι,
660 1255 710 1290 οὑχ
725 1255 783 1287 ὅλα,
800 1255 855 1282 ἀλλ’

79 1306 122 1333 ὅσα
136 1305 223 1340 καλιῇ
246 1305 376 1338 ἐποιεῖτε,
395 1293 444 1333 καλ
459 1303 574 1333 ἐνταῦθα
591 1303 691 1333 πλεῖον.
710 1303 743 1333 Ὅ
761 1312 790 1332 τι
802 1303 856 1342 γὰρ

80 1352 107 1379 ἂν
126 1352 211 1384 καλῶς
233 1352 345 1388 γίνηται
369 1352 398 1378 ὲν
421 1352 454 1387 τῇ
475 1350 574 1387 πλάνῃ,
593 1351 647 1378 ἀπὸ
663 1351 712 1386 τῆς
730 1350 856 1386 ἀληθείας

79 1399 197 1434 ἤρτηται,
209 1398 259 1430 ὡς,
276 1399 302 1424 εί
319 1397 366 1424 καί
380 1406 407 1424 τι
424 1397 452 1424 ὲν
462 1399 494 1433 τῇ
501 1397 614 1432 ἀληθείᾳ
630 1396 723 1428 κακῶς
741 1396 854 1431 γένοιτο,

80 1443 126 1469 ἀπὸ
143 1443 190 1478 τῆς
206 1442 313 1478 πλάνης
336 1441 420 1468 ἐστίν.
443 1441 604 1468 ’Λπολάόετε
624 1439 670 1468 οὖν
691 1441 768 1476 ὑμῶν
788 1448 856 1468 παν-

79 1488 180 1523 ταχόθεν
200 1488 235 1514 τὰ
260 1488 326 1519 ἴδια,
354 1486 391 1522 μὴ
413 1486 448 1513 τὰ
469 1486 611 1522 ἀλλότρια,
627 1487 674 1514 καὶ
691 1487 728 1523 μὴ
751 1486 853 1522 λέγετε·

80 1533 144 1561 Εῐτι
158 1534 281 1562 ποιοῦσιν
305 1534 330 1560 oi
352 1533 553 1569 πεπλανημένοι
578 1533 668 1566 καλὸν,
695 1535 780 1560 ποιεῖν
806 1533 890 1568 οὐκο

80 1578 217 1615 ὀφείλομεν.
238 1579 334 1614 Τούτῳ
356 1577 410 1613 γὰρ
425 1578 464 1614 τῷ
479 1578 559 1614 λόγῳ,
583 1578 629 1605 ἐὰν
648 1579 685 1614 μὴ
703 1578 801 1616 φονεὺῃ
814 1587 856 1612 τις

81 1625 165 1652 εἴδωλα
179 1625 275 1657 σέϐων,
289 1625 411 1660 φονεύειν
427 1625 578 1660 ὀφείλομεν,
590 1624 630 1651 ὅτι
644 1625 658 1651 6
674 1625 703 1650 ἐν
718 1624 806 1662 πλάνῃ
818 1624 856 1652 ὢν

80 1670 106 1696 οὐ
118 1671 266 1704 φονεύει⁸⁰;

109 1715 212 1744 XXXII.
234 1717 321 1753 Οὐχί·
339 1717 406 1744 ἀλλὰ
417 1717 439 1733 ⁸¹
454 1716 485 1744 τὸ
501 1716 602 1748 πλεῖον,
619 1715 666 1742 ἐὰν
681 1716 706 1742 οί
722 1717 751 1743 ὲν
768 1716 856 1753 πλάνῃ

83 1761 114 1796 μὴ
128 1762 283 1796 φονεύωσιν,
301 1762 380 1797 251
397 1763 478 1798 ἡμεῖς
495 1761 532 1797 μὴ
552 1760 576 1777 ⁸⁸
599 1760 787 1797 ὀργιζώμεθα·
808 1762 855 1789 ἐὰν

80 1807 94 1833 6
107 1807 133 1834 ὲν
151 1808 237 1845 πλάνῃ
265 1808 305 1844 μὴ
335 1808 458 1845 μοιχεύῃ,
487 1808 568 1843 ἡμεῖς
600 1806 650 1842 τὴν
679 1807 767 1843 ἀρχὴν
790 1808 856 1844 μηδὲ

81 1852 262 1890 ἐνθυμηθῶμεν
286 1853 322 1869 ⁸⁸”
353 1853 400 1880 ἐὰν
434 1855 449 1880 6
464 1854 493 1880 ὲν
519 1853 607 1890 πλάνῃ
633 1852 678 1879 τὸν
707 1853 855 1887 ἀγαπῶντα

82 1897 178 1934 ἀγαπᾷ,
199 1900 282 1935 ἡμεῖς
302 1899 349 1926 καὶ
365 1899 428 1931 τοὺς
452 1898 607 1935 μισοῦντας·
632 1898 679 1925 ἐὰν
693 1899 708 1925 6
723 1899 752 1925 ὲν
768 1898 856 1934 πλάνῃ

83 1942 180 1981 δανείζῃ
201 1947 258 1977 τοῖς
281 1944 402 1980 ἔχουσιν,
425 1945 506 1980 ἡμεῖς
528 1944 576 1971 καὶ
599 1945 656 1976 τοῖς
681 1943 718 1980 μὴ
739 1943 853 1979 ἔχουσιν.

88 1988 254 2024 Ἀπαξαπλῶς
277 1990 423 2026 ὀφείλομεν
445 1991 469 2017 οι
488 1991 533 2018 τὸν
546 1990 658 2026 ἄπειρον
675 1989 760 2016 αιῶνα
780 1989 856 2016 ὲλπί-

82 2033 161 2067 ζοντες
174 2036 361 2072 κληρονομεῖν,
376 2035 431 2062 τῶν
443 2035 488 2062 τὸν
503 2035 624 2071 παρόντα
642 2035 721 2070 μόνον
736 2033 853 2066 εἰδότων,

82 2077 128 2104 τῶν
141 2079 183 2106 ὕπ’
199 2080 290 2107 αὐτῶν
316 2080 469 2116 γενομένων
489 2080 579 2107 καλῶν
595 2080 711 2116 κρείττω
720 2079 744 2096 ⁸⁵
758 2080 853 2112 ποιεῖν,

83 2124 184 2157 εἰδότες,
201 2125 250 2158 ὅτι,
274 2125 323 2153 ἐὰν
344 2125 433 2152 αὐτῶν
452 2125 487 2152 τὰ
508 2126 576 2162 ἔργα
595 2127 651 2157 τοῖς
667 2125 810 2162 ἡμετέροις
826 2126 854 2152 ὲν

82 2168 163 2205 ἡμέρᾳ
191 2171 311 2207 κρίσεως
343 2169 523 2206 ἀνακριθέντα
558 2171 604 2198 tua.
628 2171 651 2186 ⁸⁸
677 2172 710 2207 τῇ
749 2170 856 2206 εὐποιίᾳ

83 2214 184 2251 εὑρεθῇ,
207 2218 253 2244 καὶ
273 2218 356 2252 ἡμεῖς
381 2217 584 2252 ἑναισχυνθῆναι
601 2216 708 2252 ἔχομεν,
724 2217 800 2244 αὐτοὶ
814 2216 854 2248 δὲ,
872 2213 893 2241 ι)

83 2258 120 2286 διὰ
134 2260 230 2297 πλάνην
238 2263 272 2288 τὰ
288 2263 349 2289 κατ’
371 2262 450 2288 αὐτὸν
463 2262 486 2277 ⁸⁸⁵
506 2263 677 2298 ποιήσαντες,
694 2261 851 2289 ἀπολέσθαι.

84 2304 148 2332 me
158 2307 331 2343 αἰσχυνθῆναι
347 2307 417 2334 κατὰ
432 2307 512 2334 τοῦτο
528 2308 637 2344 εἴρηκα,
653 2308 694 2334 ὅτι
710 2307 747 2343 μὴ
761 2307 851 2334 πλεῖον

84 2350 235 2388 ἐποιήσαμεν
250 2353 341 2380 αὐτῶν
355 2349 393 2380 ὦν
410 2353 456 2380 γαὶ
473 2353 563 2379 πλεῖον
587 2352 755 2388 ἐγνώκαμεν,
775 2352 806 2378 El
823 2351 851 2378 δὲ

85 2397 243 2434 αἰσχυνθῆναι
259 2399 343 2430 ἐστιν,
359 2399 409 2434 τὴν
425 2398 545 2425 εὐποιίαν
563 2399 655 2430 αὐτοῖς
671 2398 730 2434 ἴσην
746 2397 851 2431 δείξαν-

84 2449 126 2473 τας
140 2443 160 2458 ³⁷
176 2445 220 2470 καὶ
234 2445 265 2471 οὺ
283 2445 382 2477 πλεῖον,
399 2445 474 2480 πόσῳ
491 2453 522 2479 γε
535 2444 558 2461 ⁸⁸
573 2444 683 2480 μᾶλλον,
699 2444 746 2472 ἐὰν
762 2443 851 2471 αὐτῶν

85 2486 127 2521 τῆς
140 2489 255 2522 εὐποιίας
270 2490 301 2516 τὸ
314 2487 396 2526 ἦττον
409 2490 554 2526 δείξωμεν;

116 2549 128 2563 ι
145 2545 233 2573 Matth.
251 2555 330 2580 mn,
344 2548 390 2574 25.

913 245 947 272 Et
971 252 1044 272 vere.
1067 243 1134 272 Nam
1151 248 1243 272 mente
1258 252 1306 279 per
1320 243 1461 271 scientiam
1484 243 1634 277 illustrata,
1650 245 1696 279 qui

912 291 1006 319 didicit
1027 296 1116 326 potest
1131 299 1193 318 esse
1207 291 1314 323 bonus;
1336 298 1420 325 quam
1443 298 1501 318 rem
1517 291 1696 324 consequitur

912 337 1028 372 puritas,
1046 337 1110 372 quia
1127 344 1160 364 ex
1185 336 1309 364 interiori
1336 336 1474 364 intellectu
1498 335 1529 363 Iit
1550 336 1694 364 exterioris

912 381 1033 416 corporis
1044 381 1114 408 bona
1130 381 1260 416 provisio.
1277 380 1511 414 Quemadmodum
1525 388 1559 408 ex
1572 382 1696 415 corporis

913 426 1034 462 neglectu
1053 426 1150 454 mentis
1169 427 1289 462 provisio
1304 426 1361 454 ﬁeri
1375 427 1478 462 nequit,
1496 427 1532 454 ita
1547 427 1594 462 qui
1609 435 1695 462 purus

911 476 996 504 est,et
1007 472 1080 508 quod
1096 473 1216 500 exterius
1227 478 1268 500 est
1277 477 1303 500 et
1312 473 1384 508 quod
1397 473 1512 501 interius
1529 477 1619 508 potest
1630 481 1694 508 pur-

911 524 993 552 gare:
1005 517 1052 552 qui
1067 525 1131 545 vero
1144 517 1280 545 exteriora
1294 522 1402 554 purgat,
1424 518 1458 546 ad
1475 519 1616 546 hominum
1634 519 1693 546 lau-

910 561 959 590 des
973 563 1118 597 aspiciens,
1132 563 1158 590 id
1173 563 1238 597 agit,
1253 570 1286 591 ac
1296 568 1406 599 propter
1417 564 1585 592 cernentium
1598 565 1693 593 laudes

911 607 979 635 nihil
994 616 1009 636 a
1025 607 1081 636 Deo
1098 609 1204 644 recipit.

944 696 1028 724 XXX.
1048 696 1099 725 Cui
1120 704 1185 725 vero
1209 705 1264 725 non
1290 703 1420 734 apparet,
1443 698 1542 727 melius
1571 707 1632 728 esse
1657 699 1690 727 ad

909 743 1050 770 mulierem
1078 748 1218 771 menstrua
1240 745 1387 779 patientem
1411 753 1466 772 non
1489 745 1628 779 accedere,
1643 747 1690 774 sed

910 787 942 815 ad
956 788 1126 822 puriﬁcatam
1144 792 1172 815 et
1189 788 1290 815 lotam?
1310 788 1422 824 Oportet
1439 789 1521 817 etiam
1544 793 1607 824 post
1624 797 1691 817 con-

910 833 1032 860 cubitum
1059 833 1155 862 lavari.
1184 833 1262 867 Quod
1288 834 1312 861 si
1337 834 1391 862 hoc
1419 834 1510 862 facere
1531 842 1580 862 vos
1605 835 1690 871 piget,

909 879 1001 906 animo
1018 879 1141 914 repetite,
1157 887 1212 915 quo
1228 885 1307 914 pacto
1324 880 1496 908 castimonia!
1511 881 1604 908 munia
1622 889 1687 916 pro-

908 924 1105 960 sequebamini,
1132 925 1242 960 quando
1258 933 1356 954 sensus
1377 927 1499 962 expertia
1521 927 1592 954 idola
1611 928 1689 955 cole-

908 969 990 997 batis.
1021 970 1196 1003 Erubescite,
1223 971 1295 1006 quod
1324 971 1386 1005 hic,
1413 972 1459 1000 ubi
1475 974 1611 1007 oportuit,
1633 981 1686 1000 non

907 1016 968 1044 dico
984 1016 1128 1051 majorem,
1146 1017 1192 1044 sed
1206 1018 1373 1053 singularem
1393 1024 1420 1046 et
1434 1019 1567 1054 integram
1587 1020 1689 1055 ample-

907 1061 943 1087 cti
954 1062 1117 1095 castitatem,
1132 1062 1271 1097 segniores
1288 1064 1366 1092 estis.
1383 1064 1505 1102 Cogitate
1518 1065 1600 1099 igitur
1613 1072 1687 1098 eum,

907 1106 955 1141 qui
979 1114 1028 1134 vos
1050 1107 1106 1134 illic
1128 1108 1327 1142 constituerat,
1350 1107 1551 1146 et‘ntelligetis
1567 1111 1629 1146 quis
1644 1111 1689 1139 hic

906 1153 984 1181 vobis
996 1153 1139 1189 segnitiem
1156 1154 1188 1181 ad
1203 1154 1394 1182 castimoniam
1412 1156 1550 1184 immittat.

940 1198 1037 1226 XXXI.
1061 1199 1112 1227 Sed
1130 1199 1200 1228 dicet
1214 1200 1313 1235 aliquis
1327 1206 1448 1229 vestrum
1464 1211 1472 1229 :
1486 1201 1598 1237 Oportet
1623 1210 1688 1238 ergo

906 1252 956 1272 nos
982 1244 1072 1273 facere
1094 1253 1265 1281 quaecunque
1295 1247 1366 1282 apud
1396 1247 1468 1274 idola
1494 1247 1609 1283 egimus.
1636 1249 1688 1276 Aio

907 1290 955 1320 tibi
971 1289 1160 1321 :Non‘omnia
1171 1313 1178 1326 ,
1203 1292 1250 1320 sed
1265 1299 1433 1329 quaecunque
1449 1292 1518 1332 bene
1535 1291 1685 1327 faciebatis,

905 1343 987 1373 atque
999 1339 1044 1366 bie
1059 1338 1189 1374 majorem
1203 1338 1231 1366 in
1247 1340 1369 1368 modum.
1383 1339 1520 1375 Quidquid
1533 1339 1606 1368 enim
1619 1340 1688 1368 bene

907 1385 936 1412 tit
955 1385 982 1411 in
1002 1391 1106 1418 errore,
1129 1392 1145 1412 a
1165 1385 1281 1412 veritate
1304 1385 1414 1420 pendet,
1436 1385 1507 1413 sicut
1526 1390 1554 1413 et
1576 1386 1599 1414 si
1621 1386 1687 1421 quid

906 1431 976 1459 male
990 1430 1037 1459 fiat
1049 1431 1077 1458 in
1092 1432 1216 1465 veritate,
1232 1440 1267 1460 ex
1282 1439 1376 1460 errore
1391 1432 1474 1460 venit.
1497 1431 1619 1467 Recipite
1635 1433 1687 1468 igi—

906 1482 951 1504 tur
966 1484 1027 1512 quae
1045 1477 1166 1512 undique
1183 1478 1217 1505 ad
1237 1485 1287 1506 vos
1305 1478 1456 1512 pertinent,
1473 1485 1528 1505 non
1545 1485 1606 1513 qua:
1624 1483 1689 1506 sunt

907 1523 1006 1555 aliena,
1020 1527 1047 1550 et
1061 1530 1095 1551 ne
1108 1523 1226 1551 dicatis:
1243 1523 1272 1551 Si
1292 1523 1358 1558 quid
1378 1523 1443 1551 boni
1461 1523 1566 1551 faciunt
1579 1524 1626 1559 qui
1645 1532 1689 1552 er-

906 1573 979 1601 rant,
1002 1568 1092 1596 t'acere
1106 1576 1157 1596 nos
1176 1576 1231 1596 non
1247 1569 1387 1596 debemus.
1414 1567 1470 1597 Hac
1486 1569 1619 1604 siquidem
1641 1578 1688 1598 ra-
1707 1593 1711 1598 .

905 1615 989 1649 tione,
1005 1615 1027 1643 si
1045 1622 1101 1642 non
1114 1615 1222 1642 occidat
1235 1614 1370 1643 idolorum
1384 1615 1484 1648 cultor,
1497 1615 1628 1642 debemus
1641 1623 1688 1643 oc-

905 1661 1006 1692 cidere.
1023 1660 1087 1695 quia
1102 1659 1149 1695 qui
1169 1659 1196 1687 in
1213 1667 1308 1688 errore
1320 1663 1446 1687 versatur
1460 1667 1514 1687 non
1529 1660 1650 1688 occidit?

939 1705 1047 1733 XXXII.
1068 1705 1268 1733 Minimezimo
1283 1705 1391 1740 potius,
1414 1705 1437 1733 si
1461 1705 1501 1732 illi
1525 1705 1572 1740 qni
1594 1710 1688 1733 errant

905 1752 1086 1780 homicidium
1110 1759 1165 1779 non
1185 1751 1301 1784 faciunt,
1325 1758 1376 1779 nos
1399 1759 1433 1778 ne
1460 1751 1616 1778 irascamur
1637 1760 1643 1777 :
1664 1751 1686 1779 si

904 1805 1001 1825 errans
1025 1804 1078 1824 non
1103 1797 1268 1829 moechatur,
1294 1804 1343 1824 nos
1366 1795 1493 1831 primitus
1517 1804 1551 1823 ne
1577 1797 1686 1832 quidem

905 1841 1151 1876 concupiscamus:
1166 1840 1189 1868 si
1207 1840 1252 1868 ille
1269 1844 1404 1867 amantem
1429 1843 1512 1870 amat,
1536 1847 1586 1866 nos
1605 1840 1686 1866 etiam

905 1888 1031 1916 inimicos
1054 1887 1228 1922 diligamus:
1246 1886 1270 1914 si
1294 1886 1340 1913 ille
1357 1890 1485 1912 mutuum
1509 1884 1556 1912 dat
1583 1885 1617 1912 iis
1639 1885 1686 1920 qni

905 1934 1016 1966 habent,
1033 1940 1084 1961 nos
1110 1932 1192 1960 etiam
1217 1939 1274 1960 non
1288 1931 1465 1959 habentibus.
1484 1927 1602 1958 Omnino
1621 1939 1700 1959 sane.

904 1979 1046 2012 debemus,
1070 1979 1117 2014 qui
1140 1978 1235 2006 aeterni
1258 1977 1350 2006 smeuli
1375 1976 1563 2005 haereditatem
1591 1985 1686 2012 spera-

904 2032 978 2058 mus,
999 2024 1026 2051 in
1042 2023 1122 2051 bonis
1140 2023 1269 2058 operibus
1285 2029 1415 2057 superare
1430 2029 1488 2054 eos,
1503 2022 1550 2056 qui
1567 2030 1686 2057 praesens

906 2074 1010 2097 tantum
1033 2068 1163 2096 saeculum
1188 2072 1291 2095 norunt
1314 2074 1321 2094 :
1347 2067 1423 2103 gnari
1451 2068 1534 2102 quod,
1559 2068 1583 2094 si
1604 2075 1685 2102 opera

905 2115 1013 2142 illorum
1028 2121 1090 2142 cum
1105 2114 1207 2142 nostris
1230 2113 1359 2149 operibus
1374 2113 1401 2140 in
1417 2113 1461 2141 die
1472 2113 1568 2147 judicii
1586 2114 1685 2141 collata

905 2161 979 2195 paris
995 2160 1084 2188 meriti
1100 2159 1281 2196 reperiantur,
1296 2158 1422 2187 confusio
1433 2159 1513 2187 nobis
1528 2159 1590 2192 erit,
1603 2163 1630 2187 et
1647 2159 1684 2186 illi

907 2213 953 2240 per
970 2213 1089 2233 errorem
1102 2205 1173 2240 quod
1190 2205 1224 2232 ad
1238 2204 1360 2233 futurum
1378 2205 1508 2232 sazculum
1524 2204 1627 2239 operati
1643 2204 1686 2231 in-

906 2250 1038 2278 teribunt.
1066 2249 1134 2277 Fore
1161 2254 1252 2277 autem
1279 2249 1360 2277 nobis
1384 2249 1635 2282 confusionem,'in
1653 2256 1686 2276 eo

906 2295 973 2329 dixi,
990 2295 1062 2331 quod
1087 2303 1141 2323 non
1157 2295 1274 2330 amplius
1297 2294 1443 2322 fecerimus
1455 2302 1536 2330 quam
1560 2295 1610 2328 illi,
1625 2295 1686 2330 qui-

907 2341 958 2369 bus
978 2342 1095 2376 amplius
1117 2341 1311 2369 intelleximus.
1334 2340 1412 2374 Quod
1434 2341 1458 2368 si
1473 2340 1598 2369 coniusio
1621 2341 1683 2374 erit,

906 2387 929 2414 si
946 2387 972 2414 in
988 2387 1116 2421 operibus
1131 2387 1210 2414 bonis
1223 2394 1274 2414 nos
1288 2386 1341 2414 illis
1361 2386 1479 2421 aequales
1497 2386 1683 2420 ostendemus,

906 2439 960 2459 non
973 2431 1138 2466 superiores,
1156 2435 1259 2466 quanto
1275 2431 1372 2466 magis,
1385 2430 1409 2458 si
1428 2431 1456 2458 in
1472 2430 1568 2459 iisdem
1592 2431 1684 2466 operi-

904 2478 955 2506 bus
971 2485 1022 2506 nos
1037 2477 1180 2505 inferiores
1196 2477 1420 2505 exbibucrimus?

699 2603 816 2631 VARUE
836 2603 1037 2631 LECTIONES.

104 2664 256 2707 ."lat'nobo.
282 2672 322 2707 7"
335 2670 372 2698 Ita
387 2671 409 2699 0
441 2679 466 2699 ι’.
481 2670 500 2698 S
515 2693 522 2705 ,
538 2670 698 2707 ἀνθρώπους
714 2671 743 2698 (ἶ.
782 2656 997 2707 τδ-ὲθρησδεύετε
1011 2669 1090 2707 5,9.
1110 2668 1273 2707 θρησκεύετε
1285 2668 1321 2707 C.‘
1353 2668 1375 2707 ξ’
1389 2667 1571 2707 Postea-Istis}
1581 2672 1683 2707 puncto

88 2699 212 2742 distinguit
236 2706 264 2742 ιι.
280 2706 300 2722 α·
314 2707 381 2741 Οὐχὶ
405 2707 499 2734 meo
515 2699 522 2737 ξ
539 2699 611 2742 otii
625 2699 692 2733 άλλᾶ
715 2706 734 2733 s
750 2699 959 2742 ,etAltuI‘.'IIec.
987 2699 1075 2742 “(is
1089 2699 1332 2742 ηονζιιαεεωειι.
1353 2703 1418 2742 Dein
1435 2699 1482 2729 ὲάν
1497 2703 1516 2730 s
1531 2699 1632 2742 ἱῖνᾷιι)
1656 2711 1681 2742 ο,

135 2735 179 2781 filii
194 2740 263 2774 conj.
277 2741 319 2781 ἵνα
330 2735 405 2781 sinet.
572 2735 603 2781 et
613 2749 646 2781 ex
661 2735 776 2781 copied.
790 2740 810 2767 C
826 2761 832 2772 ,
843 2740 942 2781 inncuj.
955 2735 1112 2781 deest.
1130 2739 1199 2766 Tum
1217 2735 1382 2781 μοιχειῦῃ
1394 2737 1416 2764 Ο
1428 2757 1438 2781 ‘,
1451 2738 1600 2781 μοιχεύει
1616 2739 1682 2781 ,Iqui

89 2771 183 2812 ﬂuidepi
195 2771 263 2802 recte
279 2777 314 2812 μή

90 2804 138 2849 Ξ-ιΔ
156 2807 176 2822 ⁸⁵
190 2804 351 2849 κρεῖττὸνίϐ.
387 2812 476 2849 λεδ-ιω
536 2817 563 2839 et
631 2804 749 2849 niaftRC
766 2831 773 2842 ,
786 2804 887 2849 ὃσαἾιι

320 2778 416 2804 deesse
428 2775 502 2804 vidit.
514 2775 518 2777 ’
539 2778 562 2795 ⁸³
570 2775 864 2812 ἐπιθυμηθῶμεννιξοιιὶ.
872 2776 902 2802 C.

907 2795 914 2806 ,
924 2773 998 2809 quod
1014 2783 1067 2801 nun
1081 2774 1204 2801 Graecum
1219 2773 1275 2809 est.
1284 2773 1375 2800 Lectio
1390 2774 1462 2809 vulg.
1470 2778 1541 2801 recte
1552 2782 1581 2801 se
1592 2773 1681 2809 habet.

902 2807 988 2837 testu.
1037 2809 1060 2825 ⁸⁸
1073 2809 1132 2844 καθ’
1147 2809 1235 2836 αὐτῶν
1252 2808 1290 2844 C.
1305 2808 1365 2844 καθ’
1379 2808 1477 2840 αὐτούς
1494 2809 1545 2843 leg.
1562 2812 1640 2844 putat
1652 2807 1681 2837 S.

90 2838 108 2856 ’τ
121 2839 155 2868 ιιι
167 2838 255 2878 scripsi
270 2838 373 2875 ratione
387 2847 477 2874 habita
493 2838 553 2874 lect.
569 2846 660 2874 Ottob.
672 2838 803 2879 δέίξιντα,
819 2853 862 2880 ap.
875 2846 893 2875 υ
903 2844 1045 2876 δείξαντες.
1061 2843 1160 2872 Verum
1169 2844 1225 2879 jam
1240 2843 1306 2871 vidit
1320 2843 1348 2872 S.
1387 2844 1409 2860 ⁸⁸
1423 2838 1480 2876 πῶς
1493 2838 1568 2877 fit);

233 2892 367 2924 ΡΔτιιοι..
395 2893 454 2923 Gn.
476 2893 516 2923 Il.

1507 2891 1544 2921 10
