1932 3100
241 113 294 141 299

645 114 674 143 S.
691 115 885 143 CLEMENTIS
902 115 912 142 1
933 115 1016 143 ROM.
1036 115 1137 144 PONT.
1155 117 1270 146 OPERA
1290 116 1404 146 DUBIA.

1811 121 1863 148 5011

277 171 396 200 XXXIII.
423 173 502 206 Quod
529 178 620 201 autem
641 181 702 201 vere
727 174 754 201 in
777 174 821 202 die
841 174 938 208 judicii
962 181 1024 201 cum

1112 175 1229 202 XXXIII.
1264 176 1324 202 Ὅτι
1348 175 1377 202 δὲ
1403 175 1486 207 ὅντως
1511 176 1540 202 ἐν
1563 175 1655 211 ἡμέρα
1671 176 1791 212 κρίσεως
1807 180 1864 209 ταῖς

240 219 321 247 bonis
341 218 470 254 operibus
500 219 651 247 errantium
682 224 879 255 comparentur
904 220 1025 248 actiones

239 265 465 301 cognoscentium
488 266 644 299 veritatem,
672 273 725 294 nos
748 265 843 293 docuit
868 265 915 301 qui
938 265 1026 292 nescit

240 311 370 345 mentiri,
392 311 486 339 dicens
510 312 545 339 ad
575 319 623 340 eos
647 312 756 347 quidem
781 312 827 346 qui
854 311 1025 346 negligebant

239 357 335 385 venire
348 362 375 384 et
393 358 488 385 audire
512 358 588 385 il'lum
604 366 610 384 :
625 357 726 393 Regina
741 357 834 385 Austri
855 362 945 392 surget
965 365 1024 384 cum

239 404 406 439 generatione
429 404 492 437 ista,
517 408 543 431 et
571 403 753 431 condemnabit
779 411 847 436 eam,
869 403 931 438 quia
955 402 1024 429 venit

239 457 256 475 ιι
266 449 363 484 ﬁnibus
378 453 455 476 teme
468 449 561 476 audire
584 450 741 484 sapientiam
755 448 916 482 Salomonis,
931 453 955 475 et
967 455 1024 474 ecce

238 494 379 531 plusquam
392 495 519 523 Salomon
539 495 600 529 hic,
621 500 647 522 et
668 503 720 522 non
745 494 851 522 creditis
867 500 891 522 ι.
912 493 953 521 Ad
975 501 1023 521 eos

238 549 304 570 vero
318 549 333 568 e
346 541 458 576 populo,
470 541 515 577 qui
530 541 658 569 nolebant
670 541 702 568 ad
717 541 790 568 illius
803 540 1022 575 praedicationem

238 595 319 622 agere
345 586 546 622 paenitentiam,
571 587 661 614 dixit:
681 586 738 614 Viri
764 585 892 613 Ninivin
916 590 1021 621 surgent

238 642 297 661 cum
317 633 483 669 generatione
504 633 553 660 hac
572 638 596 660 et
615 632 826 660 condemnabam
851 631 937 665 illam,
959 631 1022 666 quia

237 679 373 706 audientes
404 682 511 714 egerunt
540 677 723 713 pcenitcntiam
750 677 784 704 ad
807 676 1021 712 prtedicationem

235 723 314 751 lana:
327 743 335 757 ,
351 727 376 751 et
394 731 452 750 ecce
470 723 529 758 plus
546 723 605 756 hic,
623 727 649 750 et
677 730 751 750 nemo
770 723 852 750 credit
871 722 895 750 ιι.
922 721 1022 757 Sicque

236 770 271 797 ad
283 777 390 797 omnem
404 777 499 796 eorum
515 769 679 804 impietatem
696 776 836 804 opponens
848 768 1020 796 ethnicorum

235 815 305 843 bene
337 820 497 851 operantes,
523 815 550 842 in
571 815 825 843 condemnationem
848 823 944 843 eorum
972 814 1019 850 qui

235 862 263 889 in
286 867 349 888 vera
373 860 506 896 religione
530 862 665 888 bonorum
693 868 805 895 operum
834 861 949 896 aequalia
965 869 1018 889 non

234 907 372 935 iaciebant
387 906 544 933 errantibus
554 927 562 939 ,
577 906 743 933 admonebat
763 905 902 940 eordatos,
919 911 949 934 ut
965 914 1020 935 non

234 953 322 980 solum
336 952 484 981 bonitatem
500 952 643 988 gentilium
659 956 802 986 aequarent
815 952 956 987 operibus,
972 953 1020 981 sed

233 1001 317 1028 etiam
343 999 492 1027 vincerent.
509 997 575 1025 Mihi
603 1002 695 1025 autem
724 997 803 1024 ﬂuxit
831 998 876 1025 hic
903 1005 1018 1032 sermo,

233 1048 379 1077 occasione
403 1051 515 1082 accepta
535 1054 567 1074 ex
591 1053 624 1073 eo
641 1066 649 1078 ,
674 1046 748 1080 quod
772 1049 880 1080 oportet
910 1053 1020 1074 servare

233 1100 339 1130 tempus
369 1092 540 1129 purgationis
564 1096 592 1119 et
617 1095 678 1127 post
705 1090 882 1118 concubitum
916 1098 1018 1126 corpus

232 1142 352 1173 abluere.
368 1147 419 1168 nec
439 1138 554 1166 inﬁciari
573 1138 645 1165 hanc
667 1136 872 1170 castimoniam,
897 1137 959 1164 licet
972 1137 1020 1172 qui

232 1188 374 1216 averitate
397 1186 537 1218 aberrant,
556 1185 629 1212 illam
648 1189 836 1218 exsequantur
861 1190 869 1209 :
892 1184 1019 1218 quando-

232 1233 341 1269 quidem
357 1232 404 1268 qui
417 1231 444 1259 in
462 1238 556 1259 errore
569 1230 638 1257 bene
653 1233 746 1264 agunt,
762 1232 790 1256 et
802 1229 1020 1264 veraarcligionis

233 1279 357 1307 homines
374 1277 568 1308 condemnant,
591 1280 619 1304 et
638 1282 694 1302 non
720 1274 870 1307 salvantur,
889 1275 953 1309 quia
973 1283 1020 1302 ca-

231 1325 352 1353 stitatem
370 1323 464 1351 colunt
478 1326 589 1357 propter
610 1327 743 1353 errorem,
758 1327 813 1347 non
830 1327 895 1347 vero
910 1325 1020 1355 propter

232 1372 360 1407 pietatem
376 1369 404 1397 in
419 1376 513 1397 verum
526 1367 634 1395 Patrem
646 1374 679 1394 ac
692 1366 778 1394 Deum
791 1370 965 1394 cunctorum.

265 1459 388 1490 XXXIV.
407 1458 486 1493 Quod
505 1465 570 1486 cum
592 1457 721 1490 dixisset,
741 1455 836 1484 turbas
854 1455 970 1490 dimisit,
991 1460 1018 1483 et

231 1518 265 1539 ex
285 1515 363 1536 more
382 1514 445 1535 cum
470 1504 653 1533 familiaribus
676 1503 738 1530 cibo
763 1507 874 1537 sumpto
903 1502 1015 1537 quievit.

232 1555 271 1583 Ita
286 1561 352 1591 ergo
371 1552 475 1580 faciens
491 1557 518 1579 et
532 1549 654 1586 quotidie
673 1549 826 1582 disserens,
843 1548 1017 1577 accessiones

233 1602 327 1629 firmas
351 1598 401 1634 legi
417 1597 465 1625 Dei
481 1595 606 1628 adduxit,
622 1598 731 1629 putatos
750 1594 817 1621 deos
833 1601 896 1621 cum
915 1593 1017 1622 credita

232 1646 323 1682 genesi
337 1643 493 1676 confutans,
510 1641 712 1676 ostendensque
733 1641 908 1668 temerarium
926 1649 1018 1669 rerum

231 1700 326 1721 casum
341 1694 513 1726 nequaquam
525 1696 597 1722 esse,
613 1688 660 1717 sed
674 1687 806 1715 mundum
821 1695 855 1715 ex
870 1686 1019 1715 Providen-

232 1740 269 1768 tia
281 1737 438 1774 gubernari.

267 1824 376 1854 XXXV.
405 1823 554 1860 Completis
582 1830 648 1859 ergo
675 1823 763 1852 tribus
780 1823 931 1857 mensibus,
955 1831 1017 1851 cum

230 1881 278 1910 per
292 1873 352 1900 dies
371 1871 503 1907 iussisset
527 1878 570 1897 me
594 1870 733 1905 jejunare,
750 1869 854 1897 ducens
879 1869 912 1897 ad
929 1869 1019 1898 fontes

230 1919 316 1947 maris
339 1917 446 1945 vicinos
466 1920 497 1944 ut
517 1916 545 1943 in
567 1915 680 1951 perenni
704 1922 776 1951 aqua
798 1915 954 1950 baptizavit.
973 1915 1019 1944 Sic

231 1965 317 2000 igitur
339 1963 471 1990 fratribus
497 1961 602 1989 nostris
626 1960 732 1988 feriatis
751 1968 784 1988 ac
803 1960 872 1988 laetis
885 1968 934 1996 pro
951 1961 1018 1988 mihi

230 2018 246 2036 a
262 2008 318 2035 Deo
333 2014 464 2034 concessa
485 2005 605 2033 secunda
629 2005 787 2037 nativitate,
810 2004 909 2033 Petrus
925 2007 1019 2041 paucis

231 2059 296 2090 post
317 2054 415 2083 diebus
431 2058 583 2080 conversus
596 2050 629 2078 ad
644 2051 820 2087 presbyteros
835 2059 927 2079 coram
943 2052 1018 2079 omni

231 2101 354 2130 Ecclesia
377 2099 516 2136 praecepit,
527 2098 643 2126 dicens:
661 2097 714 2131 Qui
731 2097 807 2125 misit
824 2105 876 2125 nos
887 2097 1019 2127 Dominus

232 2153 325 2176 noster
342 2151 369 2174 et
380 2145 523 2182 propheta,
542 2143 665 2171 narravit
682 2142 771 2176 nobis,
787 2142 1018 2177 quemadmodum

1074 221 1128 247 τῶν
1144 221 1358 258 πεπλανημένων
1375 221 1508 254 εὐποιίαις
1523 222 1551 248 αἱ
1569 222 1623 248 τῶν
1635 221 1764 258 ἀλήθειαν
1780 224 1865 256 ἐγνω-

1075 267 1162 294 κότων
1188 268 1324 300 ἔσάζονται
1351 267 1482 303 πράξεις,
1508 267 1590 300 αὐτὸς
1611 269 1686 303 ἡμᾶς
1713 270 1728 296 ὁ
1743 269 1864 304 ἀψευδὴς

1074 313 1203 346 ἐδίδαξεν,
1220 314 1305 341 εἰπὼν
1329 314 1397 351 πρὸς
1420 314 1469 350 μὲν
1493 314 1556 345 τοὺς
1581 314 1749 349 ἀμελοῦντας
1778 314 1865 341 ἐλθεῖν

1074 359 1121 386 καὶ
1137 360 1281 387 ἐπακούειν
1310 360 1406 388 αὑτοῦ·
1426 360 1602 388 Βασίλισσα
1624 360 1714 387 νότου
1740 360 1864 396 ἐγερθή-

1070 413 1158 432 σεται
1183 405 1258 440 μετὰ
1275 405 1329 440 τῆς
1355 405 1460 441 γενεᾶς
1479 406 1600 440 ταύτης,
1618 405 1667 433 καὶ
1694 405 1868 440 κατακρινεῖ

1073 450 1179 485 αὐτὴν,
1204 451 1249 478 ὅτι
1263 451 1286 467 ⁸³
1298 451 1392 486 ἦλθεν
1416 451 1475 479 ἀπὸ
1496 450 1555 478 τῶν
1576 451 1710 486 περάτων
1730 451 1788 486 τῆς
1808 451 1865 486 γῆς

1072 497 1201 524 ἀκοῦσαι
1215 496 1272 531 τὴν·
1279 498 1391 532 σοφίαν
1401 497 1591 532 Σολομῶνος·
1606 497 1655 524 καὶ
1677 497 1742 524 16οὺ
1755 497 1865 524 πλεῖον

1073 541 1249 577 Σολομῶνος
1273 542 1340 575 ὧδε,
1350 542 1399 570 καὶ
1414 543 1450 570 σὺ
1467 543 1632 570 πιστεύετε.
1648 542 1719 578 Πρὸς
1735 542 1765 569 δὲ
1781 542 1864 578 252

1071 587 1135 619 τοὺς
1160 584 1189 614 ἐν
1216 587 1256 623 τῷ
1279 587 1336 623 λαῷ
1361 587 1398 623 μὴ
1420 587 1545 620 θέλοντας
1568 588 1732 623 μετανοῆσαι
1757 588 1805 614 ἐπὶ
1825 587 1865 622 τῷ

1072 632 1229 669 κηρύγματι
1243 632 1326 660 αὐτοῦ
1343 631 1429 660 εἶπεν·
1447 633 1570 667 Ἄνδρες
1585 633 1732 660 Νινευῖται
1744 633 1768 650 ⁹⁰
1779 632 1863 667 ἐτερ-

1072 678 1217 712 θήσονται
1230 679 1306 714 μετὰ
1319 679 1376 713 τῆς
1391 678 1497 714 γενεᾶς
1512 680 1633 713 ταύτης,
1651 678 1700 706 καὶ
1723 687 1862 712 κατακρι-

1070 724 1179 752 νοῦσιν
1203 725 1310 760 αὐτὴν,
1332 725 1377 752 ὅτι
1399 725 1584 758 ἀκούσαντες
1605 725 1797 760 μετενόησαν
1820 725 1864 757 εἰς

1070 771 1104 798 τὸ
1117 770 1252 806 κήρυγμα
1268 771 1360 798 Ἰωνᾶ⁶
1373 770 1421 798 καὶ
1433 770 1497 797 ἰδοὺ
1508 770 1613 798 πλεῖον
1625 770 1691 801 ὦδε,
1704 771 1753 797 καὶ
1764 771 1864 803 οὐδεὶς

1071 817 1214 844 πιστεύει.
1237 818 1293 844 Καὶ
1312 816 1400 849 οὕτως
1421 817 1490 853 πρὸς
1512 818 1601 844 πᾶσαν
1623 816 1750 844 ἀσέϐειαν
1771 817 1863 843 αὐτῶν

1037 850 1057 878 Β
1072 862 1265 898 ἀντιπαραθεὶς
1285 863 1350 895 τοὺς
1372 862 1426 889 ἀπὸ
1446 850 1501 889 τῶν
1517 862 1601 889 ἐθνῶν
1619 863 1641 880 ⁹¹
1663 862 1862 898 πεποιηκότας,

1070 906 1110 937 είς
1126 907 1289 943 κατάκρισιν
1304 907 1358 934 τῶν
1374 907 1403 933 ἐν
1418 907 1557 942 θεοσεϐείᾳ
1575 907 1645 943 μηδίέι
1658 907 1688 933 τὸ
1705 907 1762 933 ἴσον
1780 907 1862 934 καλὸν

1069 953 1126 983 τοῖς
1143 951 1358 988 πεπλανημένοις
1374 952 1572 989 πεποιηκότων,
1595 953 1658 984 τοὺς
1683 952 1796 988 ἔχοντας
1817 952 1860 979 λο-

1069 998 1167 1033 γισμὸν
1184 998 1328 1031 ἐνουθέτει,
1345 999 1381 1034 μὴ
1400 999 1479 1034 μόνον
1494 999 1545 1025 ὅσα
1561 999 1617 1031 τοῖς
1634 998 1721 1025 ἔθνεσι
1738 998 1773 1025 τὰ
1792 998 1860 1026 καλὰ

1070 1043 1136 1075 ἴσως
1150 1045 1247 1076 ποιεῖν,
1264 1043 1332 1070 ἀλλά
1347 1044 1378 1070 τὸ
1394 1043 1496 1070 πλεῖον.
1517 1044 1545 1070 '0
1558 1044 1587 1070 δὲ
1603 1044 1681 1078 λόγος
1699 1053 1744 1080 μοι
1761 1045 1859 1080 ἐῤῥὺη,

1069 1088 1205 1124 πρόφασιν
1220 1089 1309 1116 λαϐὼν
1325 1090 1357 1116 ἐκ
1372 1089 1419 1116 τοῦ
1435 1089 1489 1116 δεῖν
1506 1089 1652 1124 φυλάσσειν
1666 1090 1715 1125 τὴν
1732 1090 1858 1125 ἇφεδρον,

1069 1135 1116 1161 καὶ
1137 1135 1192 1162 ἀπδ
1212 1136 1353 1167 κοινωνίας
1377 1135 1565 1171 βαπτίζεσθαι,
1589 1136 1626 1171 μὴ
1646 1136 1789 1172 ἀρνεῖσθαι
1811 1136 1858 1172 τὴν

1068 1182 1194 1217 τοιαύτην
1206 1182 1327 1216 ἁγνείαν,
1339 1182 1390 1209 κάν
1406 1182 1431 1208 οἱ
1450 1182 1651 1217 πεπλανημένοι
1668 1182 1752 1217 αὐτὴν
1770 1183 1857 1218 πράτ-

1068 1236 1150 1254 τωσιν
1165 1228 1198 1260 ⁹²,
1221 1228 1267 1254 ὅτε
1283 1229 1323 1260 εἰς
1339 1228 1502 1263 κατάκρισιν
1517 1227 1572 1254 τῶν
1588 1228 1617 1254 ἐν
1633 1227 1774 1264 θεοσεϐείᾳ.
1788 1229 1858 1254 εἰσὶν

1069 1274 1093 1300 οξ
1120 1274 1148 1300 ἐν
1176 1273 1265 1310 πλάνῃ
1290 1274 1431 1305 ποιοῦντες
1453 1273 1544 1305 καλῶς
1568 1273 1638 1309 μετά
1653 1273 1700 1300 τοῦ
1718 1273 1756 1309 μὴ
1774 1274 1857 1307 σώζε-

1070 1319 1148 1346 σθαι·
1166 1319 1207 1346 ὅτι
1231 1321 1247 1355 ή
1272 1320 1338 1355 τιμὴ
1355 1319 1405 1354 τῆς
1421 1319 1532 1353 ἁγνείας
1547 1318 1637 1345 αὐτῶν
1657 1319 1715 1346 ἐστι
1740 1319 1785 1346 διὰ
1809 1319 1858 1355 τὴν

1069 1365 1182 1400 πλάνην,
1200 1365 1247 1392 καὶ
1262 1365 1293 1391 οὐ
1309 1364 1354 1391 διὰ
1369 1364 1514 1400 Θρησκείαν
1529 1364 1576 1391 τοῦ
1590 1363 1674 1397 ὅντως
1690 1365 1796 1401 Harpe;
1812 1366 1858 1392 καὶ

1068 1411 1137 1437 Θεοῦ
1152 1411 1206 1438 τῶν
1222 1411 1300 1438 ὅλων.

1104 1457 1225 1485 XXXIV.
1247 1456 1332 1484 Τοῦτο
1356 1456 1384 1483 δὲ
1408 1455 1504 1489 εἰπὼν,
1522 1456 1640 1483 ἀπέλυσε
1663 1457 1726 1488 τοὺς
1752 1456 1858 1492 ὄχλους.

1069 1505 1117 1532 καὶ
1138 1503 1259 1540 συνήθως
1281 1503 1352 1530 ἁλῶν
1376 1503 1424 1529 σὺν
1447 1504 1504 1535 τοῖς
1533 1503 1669 1538 φιλτάτοις
1686 1503 1855 1538 μεταλαϐὼν,

1068 1551 1215 1586 ἡσύχασεν.
1244 1549 1337 1581 Οὕτως
1351 1547 1398 1576 οὖν
1415 1549 1499 1576 ποιῶν
1520 1549 1566 1576 καὶ
1582 1549 1770 1584 διαλεγόμενος
1792 1550 1856 1576 ἐκά-

1070 1604 1157 1629 στοτε,
1175 1594 1355 1631 προσαγωγὰς
1375 1593 1431 1630 (54)
1448 1594 1518 1620 κατὰ
1537 1593 1567 1620 τὸ
1583 1594 1689 1629 βέϐαιον
1706 1594 1858 1630 προσέφερε

1068 1642 1108 1678 τῷ
1124 1642 1171 1669 τοῦ
1191 1640 1258 1668 Θεοῦ
1275 1641 1359 1676 νόμῳ,
1375 1641 1439 1672 τοὺς
1455 1640 1647 1676 νομιζομένους
1665 1641 1734 1676 μετὰ
1747 1641 1798 1677 τῆς
1815 1650 1858 1667 νο-

1071 1688 1219 1725 μιζομένης
1238 1687 1370 1722 γενέσεως
1391 1687 1519 1722 ἐλέγχων,
1536 1688 1584 1714 καὶ
1599 1688 1640 1714 ὅτι
1656 1689 1859 1724 αὐτοματισμὴ

1071 1736 1120 1771 μὲν
1136 1735 1187 1762 οὐκ
1207 1735 1289 1766 ἐστιν,
1305 1733 1373 1761 ἀλλά
1389 1733 1460 1761 κατὰ
1474 1734 1604 1770 Πρόνοιαν
1617 1734 1757 1762 διοικεῖται
1778 1736 1793 1762 ὁ
1814 1736 1860 1762 xo-

1071 1789 1148 1816 σμος.

1105 1825 1214 1852 XXXV.
1234 1823 1323 1860 Τριῶν
1339 1821 1390 1850 ὀὖν
1410 1823 1501 1860 μηνῶν
1517 1823 1724 1860 πληρωθέντων,
1743 1825 1858 1861 νηστεῦ-

1072 1872 1117 1898 σαί
1136 1880 1181 1907 μοι
1197 1870 1327 1902 κελεύσας
1343 1871 1465 1906 ἡμερῶν,
1482 1871 1562 1907 253
1574 1871 1685 1906 ἀγαγών
1703 1880 1737 1907 με
1754 1872 1795 1904 είς
1810 1872 1860 1903 τὰς

1069 1918 1097 1944 ἐν
1112 1918 1146 1953 τῇ
1169 1916 1291 1953 θαλάσσῃ
1313 1916 1427 1952 πλησίον
1448 1916 1531 1948 οὕσας
1557 1916 1658 1953 πηγὰς,
1682 1917 1720 1949 ὡς
1740 1918 1782 1949 εἰς
1797 1918 1859 1944 sev-

1068 1973 1131 1991 ναον
1147 1963 1170 1979 ³⁵
1187 1963 1334 1990 ἐϐάπτισεν
1355 1961 1438 1998 ὕδωρ,
1471 1962 1566 1995 Οὕτως
1593 1961 1639 1990 οὖν
1665 1963 1860 2000 εὐωχηθέντων

1068 2010 1123 2037 τῶν
1141 2009 1262 2044 ἀδελφῶν
1279 2009 1357 2045 ἡμῶν
1377 2009 1423 2035 ἐπὶ
1442 2010 1476 2045 τῇ
1494 2009 1652 2046 θεοδωρήτῳ
1676 2018 1727 2045 μου
1745 2011 1860 2045 ἀναγεν-

1068 2055 1159 2091 νήσει,
1185 2056 1243 2091 μετ’
1268 2055 1299 2081 οὺ
1324 2054 1426 2086 πολλὰς
1450 2054 1558 2091 ἡμέρας
1581 2056 1639 2087 τοῖς
1661 2055 1860 2092 πρεσϐυτέροις

1068 2101 1240 2136 ἐπιστρέφων
1261 2100 1308 2128 ἐπὶ
1328 2099 1421 2136 πάσης
1444 2100 1496 2135 τῆς
1525 2101 1687 2137 Ἑκκλησίας
1708 2102 1861 2128 ἐνετείλατο

1069 2146 1169 2181 λέγων·
1193 2147 1222 2173 '0
1241 2146 1405 2177 ἀποστείλας
1420 2147 1495 2181 ἡμᾶς
1509 2147 1611 2182 Κύριος
1627 2146 1705 2183 ήμῶν
1725 2148 1774 2174 καὶ
1791 2157 1860 2184 προ-

232 2194 359 2223 diabolus
381 2192 563 2228 quadraginta
587 2189 684 2218 diebus
709 2197 773 2217 cum
799 2197 832 2216 eo
855 2190 1016 2225 collocutus,

1071 2194 1158 2229 φήτης
1172 2193 1330 2228 ὑφηγήσατο
1344 2194 1421 2228 ἡμῖν,
1432 2193 1470 2225 ὡς
1482 2194 1496 2219 ό
1514 2193 1632 2228 πονηρὸς
1654 2193 1861 2236 τεσσαράκοντα

232 2240 355 2275 nihilque
373 2242 471 2267 contra
484 2238 588 2270 valens,
601 2235 759 2271 promiserit
768 2243 798 2263 se
808 2243 841 2263 ex
856 2236 914 2264 suis
926 2242 1016 2265 secta-

233 2287 339 2316 toribus
357 2283 496 2320 apostolos
522 2282 556 2310 ad
584 2281 709 2309 fraudem
741 2280 894 2309 faciendam
917 2283 1019 2311 missu-

233 2342 306 2362 rum.
323 2332 414 2367 Quare
428 2334 492 2358 ante
502 2328 594 2356 omnia
611 2334 748 2355 memores
759 2332 846 2356 estote
860 2328 935 2356 illum
952 2336 1018 2364 apo-

232 2380 334 2409 stolum
356 2378 400 2405 vel
417 2377 578 2412 maglstrum
602 2373 645 2402 vel
664 2374 827 2409 prophetam
851 2373 955 2410 fugere,
970 2374 1018 2410 qui

268 2451 282 2466 ι
301 2443 396 2472 Matth.
413 2450 465 2476 xu,
482 2441 527 2470 Ω.
577 2441 591 2461 δ
610 2440 678 2468 Luc.
692 2448 731 2474 ιι,
742 2439 788 2467 52.

1070 2240 1180 2275 ἡμέρας
1200 2239 1349 2274 διαλεχθεὶς
1372 2239 1447 2274 αὐτῷ
1470 2239 1516 2265 καὶ
1544 2238 1627 2275 μηδὲν
1649 2232 1775 2274 δυνηθεὶς
1793 2239 1861 2275 πρὸς

1071 2285 1161 2318 αὐτὸν,
1178 2286 1210 2312 ἐκ
1223 2285 1278 2312 τῶν
1293 2284 1375 2312 αὑτοῦ
1401 2284 1527 2320 ἐπηκόων
1541 2284 1564 2300 ’⁵
1591 2284 1776 2320 ἐπηγγέλλετο
1793 2285 1863 2321 πρὸς

1070 2331 1177 2366 ἀπάτην
1191 2330 1354 2361 ἀποστόλους
1371 2329 1486 2364 πέμψαι.
1502 2328 1548 2356 Διὸ
1561 2329 1615 2365 πρὸ
1629 2328 1738 2355 πάντων
1757 2329 1863 2364 μέμνη-

1070 2375 1116 2402 σθε
1134 2375 1281 2402 ἀπόστολον
1297 2375 1321 2391 ⁸⁸
1336 2375 1353 2411 ἢ
1370 2374 1530 2409 ᾷιδάσκαλον
1551 2374 1569 2410 ἢ
1588 2374 1730 2410 προφήτην
1750 2373 1862 2408 φεύγειν

906 2531 1022 2560 νΑιιιλΕ
1043 2531 1242 2561 LECTIONES.

267 2592 290 2608 ,ι
303 2583 458 2614 amomo,
495 2581 649 2611 ιοΝινευῖτα
694 2578 726 2607 0.
765 2578 787 2598 "
812 2577 877 2614 Post
902 2578 986 2614 ἐθνῶν
1022 2580 1174 2607 addendum
1203 2579 1265 2606 fort.
1293 2575 1322 2614 εὖ
1353 2577 1395 2614 vel
1423 2576 1512 2614 καλῶς
1527 2579 1598 2614 __post
1618 2574 1805 2614 πεποιηκρτας

234 2625 257 2660 '_'
269 2622 421 2660 πράττωσιν
436 2620 456 2646 S
475 2617 503 2660 ,Ο
517 2638 524 2650 ,
540 2617 708 2660 πράττουσιν

809 2613 833 2630 ⁸⁸
847 2613 886 2640 Ita
910 2612 932 2640 Ο
960 2622 984 2642 c.
1012 2615 1031 2642 S
1047 2636 1053 2647 ,
1068 2615 1163 2642 ἀέναον
1172 2614 1202 2641 C.

1443 2612 1512 2638 κύων
1526 2611 1554 2638 S.
1605 2614 1629 2630 ³1
1643 2610 1812 2641 ἀποστόλους
1826 2610 1860 2638 Ο.

1253 2617 1278 2633 εδ
1303 2613 1369 2646 Leg.
1386 2613 1400 2638 ὑ

234 2644 417 2686 Tulli—addidi
433 2644 542 2690 ᾧεύγεὶν
562 2644 600 2680 ἐι
631 2650 800 2685 conjectura,
826 2648 1008 2684 insoripsique
1032 2644 1136 2678 lacunae
1158 2650 1186 2676 in
1207 2648 1229 2676 Ο
1255 2644 1416 2676 οὺνὶςένοσ.
1434 2644 1588 2683 [ἀκριϐῶς].
1603 2644 1717 2673 Tacetc
1746 2644 1782 2672 de
1796 2646 1858 2672 cod.

234 2691 390 2723 Parisiensi.

902 2727 1083 2756 VARIORUM
1102 2726 1218 2754 ΝΟΤΑΞ.

269 2785 326 2820 (δι)
346 2782 543 2820 ζιροσαπτωπὰς
571 2775 833 2820 προσᾷένερξνιηᾼιι
847 2775 1013 2820 verbumlsic

234 2811 326 2847 vei-toi
341 2811 508 2852 Diuina-legi
522 2811 740 2852 firmaaradituxit
761 2812 942 2852 (rogationes;
959 2811 1010 2852 hoc

234 2861 288 2889 est,
307 2854 432 2882 homines
451 2850 596 2880 nonnullos
617 2851 655 2878 ita
669 2850 813 2881 convertit,
835 2853 863 2875 ut
878 2850 904 2874 in
922 2850 1012 2882 poste-

1065 2783 1127 2803 rum
1142 2774 1241 2801 divina:
1257 2772 1418 2800 revelationi
1438 2779 1472 2799 ex
1493 2771 1587 2799 animo
1605 2769 1751 2799 crederent
1769 2777 1797 2800 et
1809 2772 1858 2799 ad-

1065 2811 1209 2839 haereran
1223 2809 1319 2836 Davus.
