1932 3100
235 120 288 148 $03

650 119 679 147 S.
699 119 891 148 CLEMENTIS
911 120 921 146 Ι
941 119 1023 148 ROM.
1044 119 1144 148 PONT.
1160 121 1276 149 OPERA
1295 122 1409 151 DUBIA.

1811 125 1863 152 σοι

233 177 360 206 ciendum
370 175 523 210 audieritis,
533 175 652 205 duorum
665 186 718 205 non
729 178 897 214 integrorum
912 178 1018 205 dierum

1072 178 1280 214 άπολειπόμενοί
1291 180 1311 195 ¹⁰
1328 189 1378 215 μου
1390 180 1525 216 διάστημα
1536 181 1589 207 οὐδ
1599 180 1666 208 ὅλων
1677 181 1790 218 ἡμερῶν
1802 183 1858 210 δύο.

233 224 322 259 spatio
336 231 352 251 a
368 231 410 251 me
424 224 557 258 separari.
576 223 632 252 Vos
651 224 733 260 igitur
755 232 923 259 cognoscere
947 226 1019 259 volo,

233 269 306 305 quod
333 276 395 301 nos,
424 268 472 303 qui
497 269 696 303 persuasimus,
720 278 770 298 vos
787 270 835 305 qui
865 270 1021 298 credidistis

234 315 321 342 multo
332 314 452 350 amplius
465 314 615 350 diligimus,
640 323 722 350 quam
748 324 798 343 vos
823 316 944 351 diligatis
969 324 1020 344 nos

233 369 422 396 persuasores.
439 359 533 395 Itaque
551 365 648 388 mutuo
673 368 766 388 amore
780 361 926 396 ﬂagrantes
942 361 1019 389 inco-

233 407 366 434 lumitatis
393 414 487 434 curam
516 414 643 441 geramus
667 414 716 442 pro
739 407 854 441 viribus,
883 415 937 435 non
951 409 1019 436 citra

233 454 367 481 rationem
376 451 508 480 facientes
518 460 578 488 quae
591 453 728 487 cupimus.
742 453 782 480 Ad
797 454 854 481 haec
867 461 932 481 vcro
944 455 1018 482 nulla

232 499 277 526 die
301 506 316 526 a
340 506 384 526 me
404 498 561 533 disputante
584 499 707 526 aberitis.
734 498 787 527 Per
808 499 930 535 singulas
943 501 1017 527 enim

232 552 357 580 quasque
381 544 545 579 insigniores
559 545 761 580 provinciarum
777 545 900 573 civitates
916 554 1018 581 propo-

232 592 286 623 sui,
305 591 375 618 sicut
386 590 470 618 etiam
486 597 535 617 vos
549 590 637 623 scitis,
661 598 710 625 per
720 590 779 618 dies
801 591 919 618 residere
938 595 965 618 ct
975 592 1018 619 di—

231 641 366 673 sceptare.
382 635 461 664 Nunc
471 643 535 671 ergo
549 635 576 663 in
591 635 754 663 Laodiceam
771 636 851 664 nobis
863 637 1017 671 proximam

231 682 386 718 prmcedite,
397 686 425 709 et
439 686 501 716 post
516 680 630 709 biduum
646 685 673 709 et
685 681 820 714 triduum,
835 685 969 716 quantum
982 683 1015 709 ad

231 728 400 764 propositum
416 735 507 755 meum
522 731 638 762 spectat,
655 727 785 762 attingam
799 735 856 755 vos.
870 727 911 754 Ad
923 732 1016 763 portas

230 782 322 805 autem
340 784 388 805 vos
401 776 452 804 soli
474 775 585 811 recipite
597 783 649 807 me,
667 781 739 802 metu
756 775 916 808 murmuris,
929 780 959 802 ut
975 775 1016 803 sic

231 824 334 859 absque
350 823 463 857 strepitu
472 822 553 849 etiam
567 821 683 857 ingressi
695 828 750 848 una
761 821 902 848 vobiscum
915 821 1014 848 simus.
1032 839 1052 867 Β

231 867 264 894 l-lt
275 867 336 895 inde
352 867 489 899 similiter,
504 874 567 894 cum
583 866 641 894 dics
666 865 703 894 ibi
718 865 827 900 aliquot
849 866 1015 901 transegeri-

229 921 303 946 mus,
317 914 362 941 alii
382 920 432 949 pro
447 912 524 941 vobis
544 913 660 941 ulterius
687 920 736 948 per
759 913 832 941 vices
860 913 1016 949 praecedent

228 966 256 988 ct
268 960 386 995 hospitia
400 959 600 995 przeparabunt.

264 1005 308 1032 Ill.
326 1004 389 1033 llaec
408 1005 516 1034 dicente
529 1004 620 1038 Petro,
633 1005 791 1034 necessario
806 1005 1014 1041 acquieverunt,

228 1051 364 1079 dicentes:
383 1051 441 1079 Non
457 1051 535 1079 valde
549 1059 610 1083 nos,
639 1051 762 1085 domine,
790 1052 936 1080 contristat
962 1052 1015 1081 hoc

228 1105 318 1134 agere,
330 1098 459 1133 quoniam
473 1105 488 1126 a
500 1101 526 1125 te
538 1097 664 1132 julietur.
686 1097 780 1126 Primo
804 1099 933 1134 quidem,
949 1099 1014 1134 quia

229 1143 275 1171 liei
295 1144 463 1179 providentia
476 1143 598 1172 delectus
606 1151 646 1178 cs,
656 1144 756 1179 dignus
768 1145 813 1180 qui
828 1149 926 1172 cuncta
942 1153 1015 1180 pra:-

227 1189 302 1218 clare
315 1190 419 1226 cogites
427 1194 510 1225 atque
521 1190 659 1220 consulas.
674 1190 715 1218 Ad
728 1190 785 1218 lucc
796 1199 869 1224 vero,
882 1192 946 1226 quia
958 1192 1015 1226 ple-

227 1244 345 1272 rumque
356 1244 405 1272 per
418 1236 530 1264 biduum
545 1241 650 1264 tantum
666 1238 829 1265 necessitate
844 1238 1014 1273 prrecedendi

228 1291 243 1310 a
255 1289 280 1311 te
288 1283 443 1311 aberimus:
457 1283 522 1310 illud
534 1288 624 1310 autem
635 1282 752 1318 spatium
764 1284 889 1319 quamvis
903 1285 1013 1320 longum

228 1329 274 1362 sit,
284 1329 348 1357 dum
359 1333 385 1357 te
398 1337 452 1357 non
467 1329 592 1357 videmus
601 1329 742 1357 dominum
755 1335 879 1359 nostrum
891 1329 1013 1366 Petrum,

229 1379 349 1403 attamen
370 1374 535 1410 cogitainus,
558 1375 645 1402 multo
670 1375 813 1403 molestius
836 1375 949 1410 laturos,
966 1377 1013 1412 qui

228 1422 339 1458 longius
353 1421 488 1457 praemissi
503 1426 577 1455 sunt,
595 1427 688 1457 utpote
699 1423 793 1458 jussos
809 1427 836 1451 te
849 1424 953 1452 diutius
967 1433 1015 1460 per

229 1467 310 1495 urbes
324 1471 493 1503 exspectare,
511 1472 539 1494 et
554 1467 650 1495 anxios
665 1468 738 1503 quod
749 1474 859 1504 aspectu
875 1468 1015 1497 desidera-

1071 223 1176 250 Είδέναι
1187 221 1233 251 οὖν
1247 225 1319 260 ὑμᾶς
1333 225 1411 258 θέλω,
1427 225 1468 252 ὃτι
1485 225 1685 254 πολλαπλάσιον
1706 228 1858 263 ἀγαπῶμεν

1070 268 1150 303 ἡμεῖς
1164 268 1189 295 οι
1207 269 1350 301 πείσαντες
1374 270 1446 305 ὑμᾶς
1466 271 1529 302 τοὺς
1549 271 1727 304 πεισθέντας,
1748 272 1823 307 ἥπερ
1840 272 1859 289 ¹¹

1071 313 1149 348 ὑμεῖς
1160 313 1233 349 ἡμᾶς
1248 314 1312 346 τοὺς
1326 315 1498 347 πεπεικότας.
1517 315 1659 352 Ἀλλήλους
1669 315 1717 344 οὖν
1732 317 1860 353 στέργθν-

1069 367 1124 390 τες,
1140 358 1179 394 τῷ
1195 359 1216 375 ¹¹
1233 359 1270 396 μὴ
1285 359 1390 394 ἀλόγως
1407 362 1494 388 ποιεῖν
1510 361 1527 388 ἃ
1551 361 1682 397 θέλωμεν,
1699 362 1750 398 τῆς
1768 363 1860 398 ἀσφα-

1069 405 1153 438 λείας,
1164 407 1225 433 ὅσον
1234 407 1264 434 τὸ
1279 407 1322 442 ἐφ’
1333 408 1409 443 ἡμῖν,
1420 407 1615 444 φροντίζωμεν.
1630 410 1702 445 Πρὸς
1711 410 1817 442 τούτοις
1832 410 1860 437 δὲ

1069 451 1196 487 οὐδεμιᾶς
1207 452 1312 489 ἡμέρας
1322 453 1513 490 διαλεγομένου
1530 463 1581 490 μου
1593 455 1815 491 ὰπολιμπάνεσθε
1828 456 1859 482 ⁸³.

1069 497 1117 528 EE;
1139 497 1194 534 γὰρ
1218 497 1268 529 τὰς
1298 499 1500 535 ἐπισημοτέρας
1525 500 1579 526 τῶν
1602 501 1741 536 ἐπαρχιῶν
1768 501 1861 533 πόλεις

1069 542 1239 578 προῄρημαι,
1251 543 1289 575 ὡς
1302 543 1359 570 ἴστε
1373 544 1420 571 καὶ
1432 545 1522 580 ὑμεῖς,
1537 546 1647 581 ἡμερῶν
1660 546 1799 581 ἐπιμένειν
1814 547 1861 574 καὶ

1067 587 1247 622 διαλέγεσθαι.
1263 590 1318 615 Καὶ
1327 589 1357 616 τὸ
1368 589 1416 616 νῦν
1429 591 1469 622 είς
1482 590 1530 626 τὴν
1543 591 1693 627 ἐγγυτέραν
1710 592 1776 627 ἡμῖν
1790 592 1863 618 Λαοι

1067 633 1169 660 δίκειαν
1181 634 1327 670 προάξατε,
1341 635 1388 661 καὶ
1403 635 1461 671 μεθ’
1476 636 1582 671 ἡμέρας
1603 637 1648 663 δύο
1660 637 1675 672 ἦ
1689 638 1774 673 τρεῖς,
1797 638 1861 664 ὅσον

1068 681 1152 716 ὲπὶτῇ
1160 681 1212 716 ἐμῇ
1222 681 1389 716 προαιρέσει,
1401 681 1591 717 καταλήψομαι
1599 683 1680 718 ὑμᾶς.
1691 683 1752 709 Ἐπὶ
1766 683 1796 709 δὲ
1806 683 1860 710 τῶν

1067 727 1159 754 πυλῶν
1170 726 1313 760 ὲκδέξασθέ
1325 735 1359 762 με
1377 725 1457 762 ὑμεῖς
1472 727 1555 763 μόνοι,
1568 728 1650 764 256
1664 728 1708 755 διὰ
1717 729 1762 756 τὸν
1776 729 1859 764 ϐρύλ-

1067 772 1112 799 λον
1126 772 1158 805 ³⁸,
1172 772 1215 798 ἵνα
1228 771 1314 804 οὕτως
1334 772 1453 808 ἀψοφητὶ
1477 773 1692 806 συνεισελθόντες
1716 774 1776 810 ἅμα
1790 775 1857 810 ὑμῖν

1067 815 1151 853 ὦμεν.
1176 817 1310 844 Κάκεῖθεν
1334 818 1434 853 ὁμοίως
1458 818 1526 853 μετὰ
1548 820 1578 845 τὸ
1587 820 1724 855 ἐπιμεῖναι
1747 821 1862 856 ἡμερῶν

1066 863 1141 890 ἄλλοι
1151 863 1209 890 ἀνθ’
1219 864 1294 899 ὑμῶν
1305 864 1346 895 είς
1354 863 1387 890 τὰ
1395 864 1524 890 ἐπέκεινα
1532 864 1601 891 κατὰ
1609 865 1762 900 ἐφημερίας
1775 866 1863 902 προάσ

1067 910 1160 944 ξωσιν,
1171 911 1220 942 τὰς
1232 910 1322 943 ξενίας
1334 910 1534 946 ὲτοιμάζοντες.

1103 999 1150 1025 Ill.
1158 997 1250 1024 Ταῦτα
1259 998 1306 1024 τοῦ
1319 998 1423 1034 Πέτρου
1433 998 1566 1031 εἰπόντος,
1579 999 1795 1036 ἡναγκάσθησαν
1804 1010 1862 1029 συν-

1066 1044 1158 1072 θέσθαι
1171 1044 1310 1079 λέγοντεςο
1333 1044 1371 1071 Οὺ
1396 1044 1466 1070 πάνυ
1479 1045 1562 1080 ἡμᾶς,
1587 1045 1675 1081 κύριε,
1690 1046 1772 1073 λυπεῖ
1782 1047 1869 1075 τοῦτο.

1066 1091 1207 1127 πράττειν,
1230 1090 1274 1117 διὰ
1295 1090 1326 1117 τὺ
1339 1090 1392 1117 ὑπὸ
1406 1090 1453 1117 σοῦ
1476 1090 1645 1118 κελεύεσθαι.
1669 1092 1782 1128 Πρῶτον
1799 1093 1861 1128 μὲν,

1065 1138 1105 1165 ὅτι
1119 1138 1207 1164 πάντα
1221 1138 1311 1169 καλῶς
1322 1139 1391 1164 νοεῖν
1405 1138 1426 1154 ¹¹
1441 1146 1470 1164 τε
1488 1138 1534 1165 καὶ
1559 1139 1755 1174 συμϐουλεύειν
1786 1142 1861 1175 ἄξιος

1065 1184 1103 1210 ὢν
1117 1183 1170 1210 ὑπὸ
1179 1184 1229 1220 τῆς
1241 1183 1288 1210 τοῦ
1299 1183 1367 1210 Θεοῦ
1379 1184 1507 1220 προνοίας
1519 1184 1646 1220 ὲξελέγης
1654 1194 1661 1201 ’
1673 1186 1743 1222 πρὸς
1755 1188 1862 1220 τούτοις

1064 1229 1093 1256 δὲ
1104 1230 1150 1257 ὲπὶ
1167 1230 1189 1246 ¹⁶
1201 1230 1232 1256 τὸ
1243 1230 1311 1257 πολὺ
1337 1230 1449 1266 ἡμερῶν
1472 1230 1518 1257 δύο
1541 1231 1649 1267 ἀνάγκῃ
1662 1231 1710 1258 τοῦ
1725 1233 1860 1269 προάγειν

1065 1276 1310 1312 ἀπολιμπανόμεθά
1329 1284 1392 1302 σου·
1416 1276 1463 1303 καὶ
1476 1273 1553 1303 αὗται
1567 1277 1618 1312 μὲν
1629 1278 1726 1304 πολλαὶ
1746 1279 1818 1315 πρὸς
1829 1279 1860 1306 τὺ

1067 1323 1103 1359 μή
1111 1331 1140 1349 σε
1149 1323 1195 1350 τὸν
1207 1322 1300 1359 κύριον
1313 1322 1392 1359 ἡμῶν
1402 1323 1468 1359 όρᾷν
1480 1323 1591 1358 Πέτρον,
1603 1324 1672 1360 πλὴν
1682 1325 1859 1361 λογιζόμεθα,

1065 1370 1104 1395 ὅτι
1117 1368 1209 1396 πλεῖον
1230 1368 1432 1404 λυπηθήσονται
1450 1370 1474 1396 οἱ
1489 1371 1557 1397 πολὺ
1571 1371 1678 1407 μακράν
1693 1373 1859 1407 προπεμπό-

1067 1423 1152 1450 μενοι,
1167 1416 1205 1447 ὡς
1217 1415 1264 1441 ἐπὶ
1277 1415 1368 1441 πλεῖον
1379 1415 1525 1451 ἀναμένειν
1538 1424 1568 1442 σε
1583 1417 1652 1443 κατὰ
1673 1417 1752 1444 πόλιν
1775 1426 1859 1444 κεκε-

1064 1461 1209 1497 λευσμένοι
1223 1461 1254 1493 ⁸⁷,
1268 1459 1414 1495 ἀνιώμενοι
1426 1462 1454 1487 ὲν
1468 1461 1507 1496 τῷ
1520 1461 1567 1488 ἐπὶ
1580 1462 1672 1489 πλεῖον
1693 1462 1859 1498 ἐστερῆσθαι

227 1512 292 1541 bilis
304 1512 394 1540 vultus
409 1512 447 1539 tui
466 1520 515 1547 per
530 1513 647 1540 multum
664 1517 771 1549 tempus
788 1515 842 1543 sint
858 1516 968 1551 privati.
982 1515 1014 1543 Et

1068 1506 1111 1534 τοῦ
1125 1507 1192 1543 ὁρᾷν
1206 1515 1253 1533 σου
1273 1506 1304 1533 τὸ
1324 1506 1507 1542 περιπόθητον
1528 1507 1683 1543 πρόσωπον.
1701 1508 1758 1534 Καὶ
1778 1509 1859 1544 ἡμεῖς

229 1567 280 1587 nos
304 1567 360 1586 non
378 1559 470 1586 minus
494 1559 548 1587 illis
562 1559 653 1588 tristes
665 1559 754 1588 facere
781 1561 1013 1596 quemadmodum

228 1604 308 1640 jubcs
319 1609 429 1640 propter
444 1605 588 1633 utilitatem
603 1614 657 1633 non
670 1614 820 1635 moramur.
836 1608 869 1635 Et
880 1607 923 1636 his
934 1609 1015 1636 dictis

229 1659 405 1686 praecessere,
421 1655 532 1686 accepto
542 1651 682 1685 mandato,
705 1657 735 1680 ut
750 1653 775 1680 in
790 1653 879 1688 primo
895 1654 1015 1689 hospitio

228 1699 435 1734 alloquercntur
446 1699 648 1726 multitudinem
659 1700 739 1727 simul
753 1700 803 1727 iter
813 1705 949 1736 agentem,
960 1708 1015 1736 quo

228 1744 345 1779 sparsim
359 1747 386 1771 et
398 1751 413 1770 a
424 1751 454 1771 se
464 1748 559 1772 mutuo
570 1743 650 1772 divisi
661 1743 868 1779 ingrederentur
879 1744 1014 1772 civitates.

262 1833 308 1862 ιν.
324 1833 373 1861 llis
388 1832 471 1868 igitur
485 1832 627 1868 profectis,
643 1841 693 1868 ego
710 1832 836 1861 Clemens
844 1834 922 1861 valde
940 1834 1010 1869 gavi-

227 1889 274 1909 sus
286 1888 357 1913 sum,
373 1879 445 1914 quod
463 1886 506 1906 me
520 1887 613 1906 secum
625 1887 685 1906 csse
699 1879 840 1907 voluisset.
853 1880 941 1915 Atque
957 1881 1016 1908 haec

227 1927 261 1955 ad
276 1934 338 1954 eum
350 1926 434 1954 verba
451 1925 576 1961 profero:
593 1925 702 1954 Gratias
717 1933 768 1962 ago
782 1925 849 1959 Deo,
873 1927 946 1962 quod
971 1935 1015 1954 me

229 1981 283 2000 non
296 1973 431 2004 emlseris,
448 1976 478 1999 ut
491 1972 578 1999 alios;
605 1979 669 1998 nam
694 1979 752 2007 praa
779 1973 875 2000 dolore
901 1980 1014 2001 enectus

228 2018 352 2046 fuissem.
365 2018 412 2045 Ille
424 2024 510 2045 vero:
534 2016 604 2049 Quid
621 2023 723 2050 autem,
735 2019 834 2054 inquit,
853 2019 876 2046 si
892 2027 952 2054 qua:
965 2027 1015 2047 ne-

229 2063 343 2091 cessitas
358 2062 480 2099 exegerit
494 2062 566 2089 mitti
583 2067 609 2089 te
624 2062 716 2097 aliquo
730 2062 863 2090 doctrinae
877 2064 975 2098 gratia,
986 2069 1014 2091 tu

1066 1553 1116 1580 οὐκ
1130 1552 1240 1579 ἔλαττον
1248 1552 1269 1568 ¹⁸
1279 1552 1390 1579 ἐκείνων
1403 1552 1581 1588 ἀθυμοῦντες,
1591 1553 1628 1585 ὡς
1638 1553 1760 1585 κελεύεις
1772 1553 1817 1580 διὰ
1828 1554 1860 1580 τὸ

1067 1599 1205 1635 συμφέρον
1222 1600 1309 1625 ποιεῖν
1332 1598 1382 1625 οὐκ
1407 1599 1594 1634 ἀντιλέγομεν.
1624 1600 1713 1634 Ὀμῶς
1727 1600 1749 1616 ¹⁹
1770 1599 1859 1626 ταῦτα

1065 1645 1187 1677 εἰπόντες
1200 1644 1330 1681 προῆξαν,
1344 1644 1452 1679 ἐντολὴν
1464 1643 1580 1679 ἔχοντες,
1594 1644 1669 1680 ὲντῷ
1681 1644 1783 1680 πρώτῳ
1791 1654 1859 1672 παν-

1065 1690 1159 1726 δοχείῳ
1170 1689 1370 1726 προσομιλῆσαι
1381 1689 1419 1725 τῷ
1441 1689 1673 1725 συνοδοιποροῢντι
1687 1690 1769 1725 ὄχλῳ,
1783 1691 1859 1723 ὅπως

1067 1737 1204 1773 σποράδην
1217 1736 1340 1772 ἀλλήλων
1356 1736 1498 1771 γενόμενοι
1520 1737 1561 1768 είς
1583 1736 1632 1768 τὰς
1647 1736 1740 1769 πόλεις
1764 1738 1858 1774 εἰσέρ-

1065 1791 1176 1819 χωνται.

1100 1837 1146 1864 ιν.
1161 1836 1349 1873 Πορευθέντων
1359 1834 1405 1864 οὖν
1418 1837 1519 1870 αὐτῶν,
1533 1836 1588 1872 ἐγὼ
1601 1837 1716 1874 Κλήμης
1731 1839 1859 1874 μεγάλως

1065 1883 1172 1920 ἔχαιρον
1182 1903 1189 1915 ,
1205 1883 1245 1909 ὅτι
1258 1883 1306 1909 σὺν
1320 1882 1400 1918 257
1414 1883 1488 1918 αὑτῷ
1504 1892 1537 1919 με
1551 1883 1692 1910 ἐκέλευσεν
1707 1881 1788 1910 εἶναι.
1801 1884 1858 1910 Καὶ

1065 1929 1222 1965 ἀποκριθεὶς
1234 1926 1319 1955 εἶπον·
1335 1928 1494 1964 Εὑχαριστῶ
1504 1928 1543 1964 τῷ
1555 1928 1623 1964 Θεῷ,
1637 1929 1676 1955 ὅτι
1691 1938 1724 1964 με
1736 1930 1786 1956 οὐκ
1796 1930 1858 1963 ἑξα-

1066 1974 1231 2005 πέσταλκας,
1245 1975 1282 2006 ὡς
1295 1974 1358 2005 τοὺς
1370 1973 1489 2009 ἑτέρους,
1503 1973 1595 2009 ἐπειδὴ
1610 1974 1631 1989 ³³
1645 1974 1812 2010 ὀίυνώμενος
1824 1975 1859 2002 ἂν

1065 2020 1291 2055 διαπεφωνήκειν.
1314 2019 1343 2046 '0
1353 2019 1381 2045 δὲ
1396 2019 1418 2034 ²¹
1431 2018 1498 2054 ἔφη·
1514 2019 1546 2045 Τί
1556 2018 1598 2052 δέ;
1619 2019 1642 2045 εἰ
1656 2020 1702 2046 καὶ
1714 2021 1795 2056 χρεία
1815 2030 1858 2053 τις

1065 2065 1140 2092 ἔσται
1155 2064 1310 2101 πεμφθῆναί
1323 2064 1352 2091 σέ
1365 2073 1416 2091 που
1428 2065 1450 2079 ¹¹
1465 2063 1634 2100 μαθημάτων
1645 2064 1725 2100 χάριν
1734 2085 1741 2096 ,
1755 2066 1800 2097 σὺ,
1813 2066 1857 2093 διὰ

228 2109 293 2145 quia
309 2108 468 2143 aliquandiu
485 2116 500 2135 a
515 2116 559 2135 me
580 2108 683 2134 utiliter
702 2107 758 2135 eris
784 2113 938 2141 separatus,
954 2108 1015 2136 ideo

1068 2111 1095 2137 τὺ
1108 2110 1175 2146 πρὸς
1187 2110 1275 2144 ὀλίγον
1287 2109 1521 2145 ἀπολιμπάνεσθαί
1534 2118 1584 2145 μου
1598 2111 1802 2146 συμφερόντως,
1812 2112 1858 2138 διὰ

229 2155 379 2184 morieris?
400 2153 497 2181 Nonne
513 2154 614 2189 potius,
630 2158 720 2181 tecum
734 2159 876 2188 reputans,
903 2154 1014 2183 l‘crcnda

1068 2156 1144 2183 τοῦτο
1155 2156 1284 2192 τεθνήξῃς
1295 2156 1361 2190 Οὐχὶ
1373 2155 1401 2182 δὲ
1409 2176 1416 2187 ,
1430 2156 1632 2192 προσομιλήσας
1644 2157 1748 2192 σεαυτῷ
1762 2158 1856 2194 φέρειν

229 2210 292 2230 esse
304 2208 366 2236 qua:
383 2204 496 2235 propter
511 2200 700 2227 necessitatem
717 2199 766 2226 tibi
784 2199 912 2234 imposita
938 2206 1013 2234 sunt,

1068 2201 1100 2228 τὰ
1113 2200 1157 2228 διὰ
1169 2201 1217 2236 τὴν
1230 2201 1350 2236 ἀνάγκην
1364 2208 1404 2227 σοι
1415 2201 1642 2236 προσταγέντα¹³,
1650 2201 1777 2237 εὐθύμως
1788 2203 1855 2230 ὐπο-

229 2255 308 2283 aequo
321 2247 414 2275 animo
438 2245 807 2281 sustinebis?Autignoras,
830 2246 933 2275 amicos
958 2256 1013 2277 una

1068 2248 1163 2284 σταίης
1176 2247 1215 2280 “;
1228 2247 1264 2274 Ἦ
1273 2248 1323 2274 οὐκ
1344 2245 1421 2273 οἶσθα
1445 2247 1485 2274 ὅτι
1512 2247 1629 2274 σύνεισιν
1650 2249 1674 2274 οἱ
1702 2249 1773 2283 φίλοι
1795 2252 1857 2282 ταῖς

229 2302 291 2322 esse
317 2292 525 2325 recordatione,
557 2292 621 2320 licet
648 2292 811 2326 corporibus
833 2300 1012 2330 separentur,

1068 2294 1188 2330 μνήμαις
1198 2313 1206 2325 ,
1221 2293 1271 2320 κᾶν
1283 2294 1340 2325 τοῖς
1360 2292 1483 2328 σώμασιν
1503 2293 1746 2330 ἀπολιμπάνωνται
1760 2296 1784 2311 ³⁵
1795 2315 1802 2327 ,
1819 2297 1858 2328 ὡς

231 2341 303 2369 sicut
317 2339 440 2367 nonnulli
461 2346 576 2374 corpore
588 2345 743 2373 praesentes,
760 2339 833 2374 quod
847 2347 941 2368 eorum
956 2350 1011 2370 non

1068 2340 1141 2371 ἔνιοι,
1156 2339 1278 2370 συνόντες
1289 2340 1344 2370 τοῖς
1365 2337 1498 2373 σώμασιν,
1512 2339 1584 2375 ἁμνη
1589 2340 1707 2375 μοσύνης
1716 2340 1792 2376 αἰτίᾳ
1798 2343 1858 2373 ταῖς

231 2388 418 2420 recordentur,
432 2387 525 2414 animo
536 2386 743 2424 peregrinantur
759 2387 794 2414 ab
811 2387 928 2416 amicis?

1068 2386 1164 2422 ψυχαῖς
1177 2385 1200 2402 ’⁸
1212 2384 1380 2421 ἀποδημοῦσι
1391 2386 1446 2417 τοῖς
1459 2385 1546 2420 φίλοις
1558 2393 1566 2418 ;

878 2477 996 2505 VARUE
1016 2474 1217 2503 LECTIONES.

269 2535 291 2551 "
304 2533 497 2570 ἀπολιπόμενοί
512 2533 560 2570 (717.7
588 2533 637 2570 “7ﬁ
655 2532 733 2570 εἴπερ
744 2541 774 2570 p.
787 2534 871 2570 ᾗπερ.
893 2533 924 2570 (ᾖ,
941 2533 1156 2570 μιξεριὶριιοιῐιηίη
1179 2531 1202 2559 0
1229 2531 1486 2570 obviam_7pr:evi7tl_it
1498 2531 1536 2570 Ι),
1556 2532 1669 2570 1flta70
1690 2542 1714 2561 c.
1731 2534 1761 2570 D7,
1777 2535 1809 2561 τό
1823 2535 1853 2562 C.

232 2570 301 2597 Tum
317 2566 430 2604 θέλομεν
443 2568 476 2596 0.
516 2568 537 2584 ¹³
549 2566 769 2604 ἀπελιμπάνέσθε
782 2566 814 2596 0.
846 2566 877 2604 Ἰ)
900 2568 1010 2604 θλύλλον
1028 2566 1060 2594 0.
1074 2603 1077 2604 7
1091 2603 1096 2604 7
1112 2568 1134 2604 ’ξ
1154 2570 1240 2594 ποιεῖν
1252 2568 1325 2604 cod._
1336 2566 1468 2604 Reg._804
1480 2573 1507 2594 et
1520 2567 1582 2604 l_{uf.
1633 2569 1654 2585 "
1669 2570 1729 2595 ἐπεί
1741 2568 1772 2596 0.
1784 2571 1853 2597 Tum

231 2606 347 2644 άνάγκῃ⁵
357 2602 550 2644 τοῦ-,προάγειν
562 2602 669 2644 θριξὶ-ζα
685 2624 692 2635 ,
705 2604 812 2644 ανάγκῃ
826 2603 906 2644 τοῦτο
926 2603 1057 2644 προάγειν
1070 2603 1151 2644 7id.7in
1168 2607 1255 2644 testu,
1268 2608 1296 2629 ut
1309 2602 1333 2643 ρ
1346 2623 1353 2633 ,
1365 2602 1474 2644 ρινάγκῃ
1488 2602 1535 2628 τοῦ
1556 2603 1686 2644 πράττειν
1698 2605 1851 2644 τοῦτο-ευρ.

234 2631 298 2675 flag:
315 2631 378 2667 till”.
397 2631 529 2674 Epitonies
539 2646 564 2665 c.
582 2631 622 2675 η’
636 2631 692 2666 haec
709 2631 788 2665 habet
799 2631 812 2665 '2'
826 2639 940 2675 Ἔπειτα
949 2631 996 2669 ’δὲ,
1006 2631 1048 2675 ἔτι
1062 2631 1353 2675 ὼςᾷέπιπολὺγήμερῶν
1363 2636 1408 2663 δύο
1418 2631 1613 2675 ἀνάγκητοῧτο
1626 2639 1757 2675 πράττειν
1780 2631 1853 2675 ἡμᾶς

232 2672 503 2710 ἀπὸλιμπανομένουμς
522 2681 578 2710 σοι).
593 2673 720 2710 ortasse
731 2677 826 2710 nostro
839 2673 900 2699 loco
913 2677 976 2710 post
984 2672 1088 2710 τορτοις
1097 2673 1125 2699 δέ
1140 2672 1289 2710 addendum
1301 2673 1341 2710 δτι
1353 2673 1514 2710 secundunt
1522 2673 1550 2699 S.
1568 2673 1610 2710 77"7
1624 2672 1853 2710 κεκελευσάμενοι

231 2711 264 2739 0.
278 2706 347 2737 Tum
363 2706 524 2759 ἐστερῆσθαι
541 2708 572 2734 τὸ
587 2709 654 2743 ὁρᾶν
677 2710 709 2740 υ,
737 2708 827 2735 minus
848 2706 930 2734 recte.
970 2708 991 2724 ¹³
1003 2707 1131 2734 ἐλάττονα
1150 2707 1181 2734 Ο.
1221 2708 1240 2724 ¹⁹
1256 2708 1292 2735 Ita
1307 2708 1349 2738 8.,
1362 2707 1436 2742 ὅμως
1452 2707 1483 2738 C,
1496 2706 1528 2734 0.
1566 2708 1589 2723 ¹⁰
1604 2709 1664 2735 ἐπεί
1678 2707 1711 2736 0.
1752 2706 1807 2745 ²¹’ή
1820 2709 1851 2743 0,

233 2746 362 2759 ........t.....
437 2745 447 2758 Ι
460 2752 502 2759 ...υ
519 2743 569 2759 ιωά
586 2739 640 2759 νηί.
655 2743 674 2759 c
722 2743 745 2758 II
760 2743 945 2759 ηωηηηνιιρη
961 2743 1010 2759 ι-ιυΙ
1038 2742 1093 2759 nm.
1118 2743 1166 2759 mu
1182 2747 1205 2759 nl
1222 2742 1244 2759 n
1281 2741 1464 2759 ..ωρρηηέψιυι
1477 2742 1496 2759 r‘
1525 2743 1551 2759 :n
1568 2747 1640 2759 ..ι-ι..
1667 2745 1851 2759 ..-μ-,αμμ-

233 2746 372 2772 ιιιι-ιιάοεο.
425 2739 509 2779 ¹ξ’ποι
519 2743 570 2777 legi
586 2739 642 2770 vult
655 2743 683 2779 7S.
703 2739 707 2740 ν
722 2743 751 2779 "_
760 2743 946 2779 προσταγέντα
961 2743 1022 2779 cod_.
1037 2742 1168 2779 Πομ-804
1181 2747 1207 2769 et
1222 2742 1244 2770 0
1255 2764 1267 2779 7.
1281 2739 1466 2779 προσταθέντα
1477 2742 1507 2779 C.
1525 2743 1551 2779 in
1568 2747 1653 2779 tfxtn,
1667 2739 1853 2779 προστεθέντά

232 2781 259 2808 lu
281 2787 366 2813 marg.
404 2779 427 2794 “
438 2777 476 2804 Ita
492 2777 514 2804 0
526 2812 533 2813 7
545 2774 643 2813 e._co.-i.
661 2778 725 2812 Reg.
738 2774 801 2813 7804',
812 2774 945 2813 ὑποστέῃς
958 2778 988 2804 (ὲ.
1002 2777 1070 2805 Tum
1078 2774 1165 2804 νοῖσθα
1178 2779 1239 2805 cod.
1254 2774 1319 2812 Reg.
1335 2776 1386 2813 8075
1399 2774 1474 2813 ἦσθα
1488 2777 1557 2808 (2,0.
1574 2777 1638 2805 Post
1646 2774 1673 2804 οἱ
1688 2774 1711 2806 0
1737 2781 1800 2807 exh.
1818 2782 1853 2808 εἰ.

232 2816 255 2874 ἱ·
268 2811 630 2874 ῗποξῒπῗζῖξσιαϐὸτυηι
650 2814 714 2840 ἔνιοι
733 2812 765 2846 0,
785 2821 809 2841 e.
824 2813 885 2840 cod.
901 2811 966 2848 Reg.
982 2813 1034 2840 804
1047 2818 1074 2841 et
1085 2814 1153 2850 Epit.
1167 2821 1191 2841 c.
1210 2813 1254 2848 72,
1268 2813 1347 2844 ἐνίοις
1361 2811 1392 2839 C.
1430 2811 1452 2827 ²⁶
1465 2812 1502 2840 Ita
1519 2813 1579 2841 cod.
1596 2814 1652 2849 Reg
1678 2814 1732 2842 80.5
1745 2815 1852 2851 etEpit.

233 2851 249 2877 L
268 2859 304 2881 c.,
325 2847 373 2879 τάς
392 2848 480 2882 ψυχάς
504 2847 579 2878 0,0.
