1932 3100
65 161 110 189 505

622 157 849 186 CLEMENTINA.
861 171 896 178 —
907 156 1050 184 HOMILIA
1070 155 1127 183 ΧΠ.

1623 154 1674 182 506

95 219 124 246 ν.
134 217 219 253 Κάγὼ
233 218 443 254 ἀπεκρινάμην·
456 217 502 252 Μὴ
512 216 600 244 τοίνυν
611 217 723 253 νομίσῃς
732 237 739 247 ,
751 215 837 252 κύριε,

926 213 959 242 ν.
978 213 1011 241 Et
1026 222 1076 250 ego
1089 214 1217 249 respondi
1232 223 1239 241 :
1251 213 1309 241 Noli
1323 217 1414 241 autem
1425 217 1539 248 putare,
1553 212 1674 247 domine,

63 265 98 292 δτι
107 264 139 291 τὰ
149 264 237 300 λύπης
250 264 369 299 πάσχειν
377 263 490 300 ἤμελλον
501 263 630 299 ἀνοήτως,
639 262 705 289 ἀλλά
714 262 761 289 καὶ
771 262 840 288 πάνυ

60 310 123 346 ὀρθῷ
132 309 328 346 τινιλογισμῷ.
341 309 417 336 Ἐπεὶ
426 309 479 345 γάρ
490 318 530 341 σε,
545 309 623 345 κύριέ
635 318 695 344 μου,
706 308 766 336 ἀντὶ
775 307 841 335 πάν-

59 365 104 382 των
114 356 174 391 ἔχω,
182 355 290 392 πατρός
301 364 332 382 τε
343 355 390 382 καὶ
399 355 499 391 μητρὸς
507 355 553 382 καὶ
563 354 684 390 ἀδελφῶν
693 354 739 381 καὶ
748 362 842 388 συγγε-

60 402 114 433 νῶν,
127 401 210 428 αἴτιόν
225 409 273 437 μοι
283 401 429 437 γενόμενον
441 401 485 428 διὰ
496 400 543 428 τὸν
561 400 627 428 Θεὸν
642 400 692 436 τῆς
703 399 842 436 σωζούσης

61 446 192 483 ἀληθείας,
210 447 274 474 ἀντὶ
285 447 396 474 πάντων
404 447 472 483 ἔχων
483 456 513 474 σε
523 446 698 484 παραμυθίας
705 447 754 482 τῆς
766 446 842 481 μεγί-

62 501 118 528 στης
125 492 259 527 τυγχάνω.
268 492 344 528 Πρὸς
354 492 467 524 τούτοις,
474 491 566 524 δεδιώς
578 501 629 528 μου
639 492 741 527 καὶτῆς
750 492 841 528 ἀκμῆς

60 536 102 570 τὴν
117 536 147 561 ιχ
161 535 272 569 φύσεως
283 534 444 571 ἐπιθυμίαν,
455 535 590 570 ἠγωνίων,
604 535 643 570 μή
659 543 718 566 πως
734 534 842 561 ἀπολει-

61 581 130 615 φθείς
143 588 199 614 σου,
212 580 363 617 ἄνθρωπος
376 580 414 608 ὣν
425 580 567 617 νεώτερος,
579 580 694 616 δσπερ¹⁷
701 579 749 607 νῦν
757 578 845 612 οὕτως

61 628 201 660 ἐνστάσεως
213 627 282 663 ἔχω,
293 628 335 660 ὡς
352 629 384 656 ἂν
398 628 436 665 μὴ
449 629 521 656 κατά
532 637 592 656 τινα
605 628 683 664 χόλον
693 626 761 655 Θεοῦ
775 627 843 654 ἀπο-

61 669 143 705 στῆναί
159 679 206 697 σου
219 671 355 698 ἀδύνατον
371 669 476 704 εἷναι¹⁸,
489 672 578 708 ἦττων
591 672 674 708 258
697 673 841 711 ὲπιθυμίας

60 714 154 750 εσομαι.
170 716 239 742 Ἀλλ’
252 717 352 752 ἐπειδὴ
365 717 454 753 πολλῷ
464 718 574 753 ἄμεινον
583 719 629 745 καὶ
640 719 841 755 ἀσφαλέστερον

61 760 164 787 συνεῖναί
173 760 206 796 μέ
213 769 266 794 σοι,
273 761 373 797 τούτῳ,
383 758 404 796 ᾧ
412 762 433 778 ⁸³
441 763 455 789 ό
461 762 523 794 νοῦς
530 771 579 798 μου
586 763 717 791 αἰδεῖσθαι
725 764 840 798 εὐλόγως

61 805 220 842 προείληφεν,
237 807 280 833 διὸ
293 807 383 843 πάντη
399 815 439 834 σοι
451 807 474 824 ³⁸
488 810 606 836 συνεῖναι
622 808 746 845 εὔχομαι.
768 810 841 846 Πρὸς

60 849 149 882 τούτοις
157 851 185 877 δὲ
198 851 291 887 μέμνη
297 853 347 887 μαι
357 860 402 878 σου
411 853 438 879 ὲν
448 853 601 890 Καισαρείᾳ
611 854 732 886 είπόντος
739 862 746 869 ·
758 854 840 886 Εῐτις

62 895 170 930 βούλεταί
184 904 229 932 μοι
247 897 419 930 massam,
434 888 552 929 εὐσεϐῶς
565 888 770 926 συνοδευέτω³¹.
784 899 837 926 Εὐ-
855 888 875 915 Β

62 941 135 974 σιϐῶς
142 942 169 968 δὲ
179 942 258 978 ἔφης,
272 943 305 970 τὸ
319 943 419 979 μηδένα
431 943 525 971 λυπεῖν
534 944 605 971 κατά
616 944 692 977 Θεὸν,
703 943 758 972 οἷον
768 945 838 972 ἀπο-

61 987 157 1015 λιπόντα
167 988 189 1004 ³³
201 991 307 1023 γονεῖς,
320 991 437 1024 γυναῖκα
448 991 594 1026 ὁμόφρονα,
605 991 622 1027 ἢ
635 991 745 1028 ἑτέρους
762 991 839 1022 τινὰς

61 1035 88 1069 τῇ
102 1033 237 1071 θεοσεϐείᾳ
255 1035 484 1071 προσκειμένους.
503 1036 583 1064 Ὅθεν
594 1036 649 1071 ἐγὼ
660 1037 731 1064 κατά
749 1037 839 1064 πάντα

62 1080 196 1115 ἐπιτήδειός
220 1081 281 1117 είμί
307 1089 349 1109 σοι
375 1082 577 1118 συνοδοιπόρος,
599 1079 621 1117 ᾧ
643 1083 667 1110 εί
682 1083 731 1110 καὶ
741 1083 775 1110 τά
789 1082 838 1118 μέ-

61 1133 130 1159 γιστα
141 1126 252 1162 χαρίζῃ,
270 1127 325 1159 τὰς
340 1127 441 1154 δούλων
458 1136 504 1163 μοι
521 1128 672 1164 ὑπηρεσίας
689 1130 839 1164 συγχωρεῖς

63 1172 146 1198 ποιεῖν.

91 1234 129 1262 VI.
147 1236 200 1263 Kal.
212 1237 226 1263 δ
243 1236 362 1271 Πέτρος,
376 1236 504 1269 ἀκούσας,
516 1235 664 1271 γελοιάζων
675 1235 727 1272 ἔφη
736 1245 742 1251 ·
752 1237 784 1263 Τί
791 1235 839 1264 οὖν

63 1279 113 1312 οἴει,
125 1280 248 1317 Κλήμης,
269 1281 310 1317 μὴ
333 1281 378 1308 ὑπ’
395 1282 479 1318 αὐτῆς
494 1281 616 1317 ἀνάγκης
638 1289 667 1307 σε
683 1281 723 1312 είς
738 1280 838 1307 δούλων

64 1333 101 1360 ,ιοι
113 1326 224 1361 ταγῆναι
245 1327 350 1359 τόπονς
368 1327 444 1354 Ἐπεὶ
455 1326 498 1358 τίς
512 1326 562 1358 τὰς
575 1325 659 1358 καλὰς
676 1326 723 1352 καὶ
739 1325 838 1358 πολλάς

62 1370 167 1402 σινδόνας
179 1371 249 1406 μετά
265 1370 323 1398 τῶν
339 1370 479 1406 ἑπομένων
496 1378 542 1406 μοι
552 1369 701 1397 δακτυλίων
713 1369 760 1396 καὶ
772 1369 838 1395 ὑπο-

61 1415 151 1451 δήσεων
170 1417 307 1452 φυλάξεις
330 1417 378 1449 Τίς
393 1417 422 1444 δὲ
443 1417 490 1444 καὶ
505 1416 541 1444 τά
559 1416 624 1452 ἡδέα
641 1416 687 1443 καὶ
705 1415 837 1450 πολυτελῆ

62 1461 337 1499 ωα³³προετοιμάσεῃ
355 1463 442 1496 άτινα,
459 1461 567 1489 ποικίλα
584 1462 657 1495 ὄντα,
673 1460 776 1488 πολλῶν
791 1461 838 1488 καὶ

61 1508 176 1542 τεχνιτῶν
189 1509 211 1524 ³⁸
226 1509 317 1535 δεῖται
338 1508 490 1544 μαγείρων,
503 1508 550 1535 καὶ
570 1507 659 1535 πάντα
681 1507 772 1534 ἐκεῖνα
787 1508 838 1534 ὅσα

891 261 965 296 quod
982 260 1064 288 istum
1077 267 1222 288 mmrorem
1240 259 1400 295 insipienter
1416 259 1467 287 sim
1484 266 1673 294 perpessurns,

891 306 1016 342 quinimo
1029 306 1175 334 admodum
1189 311 1262 334 recta
1273 306 1388 333 ratione.
1401 304 1536 338 Quoniam
1548 305 1620 332 enim
1636 309 1673 338 te,

891 353 1001 381 domine
1017 353 1071 386 mi,
1086 359 1136 387 pro
1151 352 1277 380 omnibus
1291 351 1389 383 habeo,
1406 358 1456 385 pro
1471 355 1557 386 patre,
1576 354 1672 382 matre,

891 397 1024 426 fratribus
1040 403 1068 425 et
1085 397 1228 434 cognatis,
1244 396 1292 432 qui
1307 404 1357 432 per
1372 397 1457 424 Deum
1483 400 1580 424 auctor
1606 395 1674 423 mihi

891 443 968 471 fuisti
991 443 1169 478 agnoscenda!
1192 443 1349 471 servatricis
1373 442 1511 476 veritatis,
1533 442 1559 469 in
1583 442 1672 469 locum

891 490 1014 518 omnium
1039 490 1144 518 habens
1171 493 1198 518 te
1223 489 1342 516 maxima
1370 488 1448 516 fruor
1473 488 1671 516 consolatione.

890 534 1023 563 Praeterea
1038 535 1143 563 veritus
1157 534 1308 570 juventutis
1325 542 1392 562 mea:
1409 533 1560 562 naturalem
1572 541 1674 562 concu-

891 580 1051 615 piscentiam
1069 580 1168 608 anxius
1189 587 1262 607 eram
1275 600 1282 612 ,
1301 587 1334 607 ne
1356 579 1427 607 forte
1439 600 1446 613 ,
1464 579 1511 615 qui
1529 578 1612 606 homo
1625 578 1672 614 ju-

890 626 968 654 venis
984 633 1044 654 sum
1059 646 1066 659 ,
1084 625 1239 661 disjunctus
1255 634 1270 653 a
1287 630 1313 653 te
1330 625 1388 660 (qui
1406 632 1479 652 nunc
1495 625 1532 652 ita
1550 625 1673 652 animum

891 671 994 705 induxi,
1011 676 1040 699 ut
1056 672 1160 706 absque
1172 671 1263 698 divina
1277 671 1394 706 quadam
1413 671 1453 698 ira
1468 677 1523 698 non
1538 670 1640 706 possim
1657 678 1672 698 a

891 720 917 744 te
932 717 1054 753 divelli),
1069 724 1084 745 a
1105 717 1254 753 cupiditate
1271 717 1405 744 vincerer.
1422 716 1475 744 Sed
1497 717 1562 751 quia
1587 718 1673 743 multo

890 763 988 791 melius
999 770 1031 791 ac
1047 763 1133 791 tutius
1144 767 1195 796 est,
1211 770 1254 790 me
1269 770 1380 790 manere.
1392 762 1463 798 apud
1480 767 1517 795 te,
1534 762 1671 792 hominem

889 816 971 843 quem
992 809 1100 836 animus
1125 816 1203 836 meus
1225 809 1322 836 merito
1345 808 1464 836 revereri
1481 808 1616 840 instituit,
1632 808 1673 835 id-

890 853 965 881 circo
988 854 1101 882 omnino
1125 858 1214 881 tecum
1241 862 1301 882 esse
1317 858 1390 888 opto.
1420 853 1460 881 Ad
1478 853 1536 881 haec
1559 853 1672 881 memini

890 904 915 928 te
928 900 999 935 apud
1016 899 1168 928 Casaream
1185 901 1287 929 dixisse
1304 910 1312 928 :
1331 900 1359 928 Si
1376 901 1438 936 quis
1453 900 1511 928 vult
1527 907 1570 928 me
1586 901 1672 928 comi-

890 947 953 979 tari,
971 947 1015 981 pie
1029 947 1186 976 comitetur.
1203 947 1251 975 Pie
1268 952 1359 974 autem
1381 947 1510 981 dicebas,
1533 946 1671 975 neminem

890 991 1002 1019 tristitia
1016 993 1165 1020 secundum
1181 992 1264 1020 Deum
1279 993 1396 1025 allicere.
1408 993 1482 1020 velut
1494 993 1672 1028 relinquendo

888 1040 1025 1072 parentes,
1042 1045 1156 1066 uxorem
1178 1038 1347 1070 unanimem.
1365 1042 1413 1066 aut
1429 1038 1498 1066 alios
1515 1046 1586 1066 vera:
1604 1038 1672 1066 reli-

889 1083 962 1118 gioni
979 1083 1113 1112 addictos.
1134 1082 1212 1112 Unde
1226 1092 1277 1120 ego
1298 1092 1411 1120 prorsus
1432 1085 1482 1112 tibi
1503 1092 1563 1112 sum
1590 1090 1670 1120 aptus

889 1128 996 1157 itineris
1015 1136 1117 1162 comes,
1134 1137 1149 1156 a
1166 1137 1220 1164 quo
1240 1130 1264 1157 si
1279 1130 1427 1157 maximam
1443 1130 1510 1158 velis
1523 1129 1592 1158 inire
1608 1138 1671 1166 gra-

889 1174 967 1207 tiam,
985 1174 1139 1202 ministeria
1157 1182 1298 1202 servorum
1315 1174 1393 1202 obire
1404 1174 1473 1202 mihi
1489 1177 1633 1203 concedes.

924 1229 968 1257 Vl.
980 1229 1037 1259 Hoc
1050 1231 1153 1266 audito,
1168 1230 1264 1259 Petrus
1280 1229 1424 1260 subridens
1441 1232 1479 1260 ait
1493 1241 1500 1260 :
1517 1232 1587 1266 Quid
1603 1241 1669 1269 ergo

887 1280 977 1310 putas,
995 1275 1123 1305 Clemens
1135 1297 1143 1309 ,
1161 1277 1233 1312 quod
1255 1285 1310 1305 non
1329 1278 1386 1313 ipsa
1404 1279 1567 1307 necessitate
1588 1283 1617 1307 tu
1641 1280 1668 1307 in

887 1330 1028 1350 servorum
1045 1323 1135 1352 locum
1149 1323 1216 1352 mihi
1230 1324 1383 1360 redigeris?
1399 1324 1466 1353 Nam
1483 1327 1545 1362 quis
1561 1326 1670 1362 elegan-

888 1372 928 1396 tes
943 1376 976 1396 ac
992 1369 1092 1397 multas
1109 1369 1239 1398 sindones
1263 1378 1326 1398 cum
1352 1369 1488 1405 adjunctis
1512 1371 1620 1398 annulis
1642 1375 1670 1398 et

887 1414 986 1442 calceis
1003 1415 1069 1442 mihi
1086 1415 1242 1443 custodiet?
1257 1415 1325 1449 Quis
1339 1423 1404 1443 vero
1421 1420 1447 1443 et
1463 1416 1556 1443 suavia
1572 1416 1671 1451 exqui-

887 1460 995 1494 sitaque
1018 1460 1133 1496 opsonia
1150 1461 1331 1496 praeparabit,
1349 1468 1410 1496 qua:
1426 1468 1487 1488 cum
1505 1461 1578 1488 varia
1596 1461 1667 1494 sint,

887 1505 987 1533 multos
1003 1513 1036 1534 ac
1051 1506 1153 1541 peritos
1168 1506 1308 1541 postulant
1321 1514 1426 1542 coquos
1441 1515 1448 1535 :
1464 1511 1492 1535 et
1507 1507 1598 1535 omnia
1611 1507 1667 1540 illa,

62 1552 293 1589 ίκτιθηλυμμένων
306 1554 329 1570 ³⁵
346 1553 496 1590 ἀνθρώπων
509 1554 547 1585 ὡς
563 1553 649 1589 θηρίῳ
672 1553 780 1589 μεγάλῳ
800 1554 834 1588 τῇ

888 1559 949 1587 quae
965 1551 1037 1588 apud
1050 1551 1222 1581 en‘eminatos
1237 1552 1362 1581 homines
1373 1552 1524 1589 cupiditati,
1539 1557 1666 1588 tanquam

62 1596 178 1634 ἐπιθυμίᾳ
193 1600 226 1626 ὲκ
247 1598 340 1634 πάσης
354 1598 509 1632 πλεονεξίας
521 1597 684 1634 πορισθέντα
696 1596 836 1632 ἑτοιμάζε-

63 1649 112 1675 ται;
126 1643 196 1679 Πλὴν
211 1645 229 1680 ή
240 1644 264 1661 ³⁸
279 1645 396 1679 τοιαύτη
422 1652 452 1670 σε
475 1644 634 1680 προαίρεσις
659 1643 833 1678 ὑπεισῆλθεν.

63 1686 118 1720 ίσως
132 1689 167 1725 μὴ
190 1690 308 1717 συνέντα
324 1690 371 1716 καὶ
386 1690 432 1716 τὸν
447 1689 513 1725 ἐμὸν
533 1689 682 1723 ἀγνοοῦντα
705 1689 776 1724 βίον,
793 1689 835 1715 ᾶτι

62 1732 126 1769 ἄρτῳ
137 1735 206 1770 μόνῳ
220 1736 269 1762 καὶ
291 1735 395 1767 ἐλαίαις
410 1735 530 1771 χρῶμαι,
545 1734 592 1761 καὶ
614 1734 732 1765 σπανίως
752 1733 836 1768 λαχά-

63 1785 124 1810 Ws,
146 1780 190 1807 καὶ
200 1781 240 1807 δτι
255 1780 365 1816 ἱμάτιόν
380 1789 425 1816 μοι
443 1780 490 1807 καὶ
500 1779 641 1816 τριϐώνιον
652 1779 707 1815 (55)
718 1779 834 1815 ὑπάρχει

62 1823 122 1850 τοῦτ’
133 1824 153 1841 ³⁷
169 1826 233 1853 αὐτὸ
248 1826 263 1867 ξ
276 1825 487 1862 περιϐέϐλημαι,
502 1826 549 1853 καὶ
569 1825 663 1862 ἐτέρου
680 1825 772 1862 χρείαν
785 1825 834 1852 οὐκ

64 1868 107 1903 ἔχω
114 1871 168 1897 οὐδὲ
176 1872 258 1908 259
263 1872 352 1900 ἄλλων
361 1872 450 1899 τινῶν.
465 1873 507 1899 Ἐν
517 1872 570 1908 γάρ
580 1872 681 1904 τούτοις
690 1872 736 1898 καὶ
745 1879 778 1898 πε
782 1879 835 1907 ρισ-

65 1915 171 1951 σεύομαι.
186 1919 214 1946 ’0
230 1918 297 1950 νοῦς
315 1918 370 1953 γάρ
384 1927 445 1953 μου,
462 1918 497 1945 τά
509 1919 566 1945 ἐκεῖ
581 1918 670 1945 πάντα
681 1917 751 1953 ὁρῶν
768 1916 834 1944 αἰώ-

64 1968 99 1987 νια
111 1962 204 1996 ἀγαθὰ,
226 1965 305 1992 οὐδὲν
319 1964 375 1992 τῶν
397 1964 512 1992 ἐνταῦθα
531 1963 734 2000 περιϐλέπεται.
749 1963 832 1998 Πλὴν,

65 2006 103 2032 σοῦ
115 2008 159 2042 μὲν
173 2009 222 2045 τὴν
234 2009 343 2045 ἀγαθὴν
353 2009 511 2046 προαίρεσιν
523 2009 698 2045 ἀποδέχομαι,
711 2009 758 2036 καὶ
768 2009 833 2038 θαυ-

65 2051 144 2084 μάζων
159 2055 270 2088 ἐπαινῶ,
287 2054 346 2086 πῶς
361 2055 430 2090 ἀνὴρ
450 2056 483 2081 ὲκ
495 2054 646 2082 πολυτελῶν
658 2055 727 2082 ἐθῶν
747 2056 833 2093 ὑπάρ-

64 2105 108 2131 χων
127 2100 220 2135 ῥᾳδίως
238 2103 299 2133 τοῖς
314 2101 470 2135 ἀναγκαίοις
485 2101 531 2128 τὸν
549 2101 661 2128 σεαυτοῦ
679 2101 833 2137 ὑπήλλαξας

65 2142 119 2176 βίον.
140 2145 230 2181 Ἡμεῖς
246 2147 304 2183 γὰρ
321 2148 353 2174 ὲκ
365 2146 478 2179 παίδων,
496 2146 551 2181 ἐγώ
561 2156 591 2174 τε
607 2147 654 2173 καὶ
677 2148 800 2184 Ἀνδρέας
819 2149 833 2175 ό

65 2188 178 2226 σύναιμος
189 2193 236 2220 καὶ
251 2192 326 2220 κατά
347 2192 413 2220 Θεὸν
428 2193 540 2227 ἀδελφὸς
555 2192 592 2220 ῶν
609 2193 688 2228 ἐμὸς,
705 2193 735 2220 οὐ
753 2194 832 2229 μόνον

885 1597 998 1625 immani
1024 1597 1135 1632 bestiae,
1165 1606 1214 1634 per
1237 1606 1346 1626 omnem
1373 1599 1487 1635 quaesita
1514 1599 1608 1627 luxum
1635 1607 1668 1627 ac

886 1641 1008 1670 fraudem
1025 1643 1175 1678 parantur?
1190 1642 1245 1671 Sed
1263 1643 1356 1672 forsan
1375 1644 1426 1672 hoc
1447 1649 1474 1672 te
1496 1644 1581 1672 subiit
1604 1653 1668 1680 pro-

886 1688 1016 1723 positum,
1033 1689 1096 1725 quia
1113 1697 1167 1716 non
1185 1689 1350 1717 intellexeris
1371 1694 1454 1725 atque
1474 1690 1583 1726 ignores
1605 1691 1667 1718 vita:

885 1741 953 1762 meae
969 1735 1115 1768 rationem,
1133 1735 1180 1770 qui
1197 1743 1266 1771 pane
1286 1735 1346 1764 solo
1361 1739 1389 1763 et
1404 1735 1485 1763 olivis
1501 1741 1573 1769 utor,
1591 1743 1666 1763 rare-

885 1788 938 1816 que
951 1781 1083 1815 oleribus,
1095 1782 1195 1817 quique
1207 1781 1399 1809 vestimentum
1411 1789 1443 1809 ac
1454 1781 1566 1816 pallium
1579 1781 1666 1809 habeo

886 1828 937 1855 hoc
954 1827 1043 1864 ipsum
1060 1835 1114 1863 quo
1130 1828 1246 1856 amictus
1262 1836 1335 1861 sum,
1346 1833 1373 1855 et
1388 1828 1441 1855 alio
1458 1835 1527 1862 opus
1543 1835 1597 1855 non
1615 1828 1665 1854 ha-

884 1873 946 1907 beo,
965 1881 1053 1909 neque
1069 1873 1125 1901 ulla
1142 1881 1181 1901 re.
1198 1872 1265 1901 Nam
1282 1874 1310 1901 in
1327 1873 1370 1901 his
1385 1873 1467 1901 etiam
1478 1872 1585 1900 abunde
1599 1873 1664 1899 mihi

884 1924 936 1947 est.
960 1919 1018 1947 Mea
1041 1919 1140 1955 quippe
1165 1927 1243 1947 mens
1261 1926 1375 1947 cernens
1401 1919 1457 1947 illic
1477 1918 1569 1946 omnia
1593 1917 1665 1946 bona

884 1970 995 1998 aeterna,
1007 1965 1075 1992 nihil
1085 1973 1179 1993 eorum
1197 1973 1258 2002 quae
1272 1965 1317 1993 hic
1333 1969 1398 1993 sunt
1413 1963 1520 2000 aspicit.
1538 1965 1664 1992 Attamen

884 2015 961 2038 tuum
977 2010 1115 2046 egregium
1132 2011 1253 2046 approbo
1278 2011 1450 2045 institutum,
1472 2011 1610 2045 mirorque
1632 2018 1665 2037 ac.

883 2055 981 2088 laudo,
999 2062 1054 2090 quo
1078 2055 1158 2082 modo
1174 2063 1236 2083 cum
1253 2055 1292 2084 sis
1311 2056 1353 2082 vir
1377 2056 1404 2083 in
1426 2056 1480 2083 vita
1504 2059 1663 2090 sumptuOsa

883 2101 1015 2129 educatus
1026 2122 1033 2135 ,
1051 2100 1130 2129 facile
1151 2101 1260 2129 vivendi
1277 2102 1411 2130 rationem
1435 2102 1622 2130 immutaveris
1638 2107 1665 2129 et

883 2147 916 2175 ad
941 2147 998 2175 sola
1015 2147 1168 2175 necessaria
1185 2147 1350 2176 traduxeris.
1367 2147 1423 2175 Nos
1441 2148 1514 2176 enim
1535 2155 1550 2175 a
1567 2155 1663 2182 puero,

883 2200 934 2228 ego
950 2197 977 2220 et
993 2192 1125 2225 Andreas,
1140 2193 1187 2228 qui
1203 2193 1324 2229 ejusdem
1340 2201 1446 2221 mecum
1460 2193 1600 2229 sanguinis
1611 2198 1663 2226 est,

64 2234 87 2261 ὲν
97 2236 202 2274 ὀρφανίᾳ
214 2239 432 2275 ἀνατραφέντες,
445 2226 513 2266 ἀλλά
532 2239 580 2266 καὶ
602 2226 655 2266 suis
676 2226 770 2271 πενίας
785 2240 832 2266 καὶ

888 2248 1016 2275 meusque
1031 2240 1181 2268 secundum
1196 2240 1281 2268 Deum
1299 2240 1391 2273 frater,
1407 2248 1463 2268 non
1473 2240 1560 2268 solum
1573 2240 1599 2267 in
1612 2248 1664 2275 pu-

65 2284 195 2318 κακουχίας
215 2286 256 2316 εις
273 2285 436 2320 ὲργατίαν³⁸
453 2284 615 2316 ἐθισθέντες,
633 2285 760 2320 εὐμαρῶς
782 2285 829 2312 νῦν

63 2325 104 2358 τὰς
119 2328 168 2355 τῶν
186 2331 254 2358 ὁδῶν
267 2330 389 2366 φέρομεν
401 2330 535 2362 σκύλσεις.
560 2330 640 2357 Ὅθεν
651 2351 659 2363 ,
676 2331 701 2357 ει
721 2330 828 2358 ἐπείθου

884 2287 978 2321 pillatu
1002 2287 1132 2320 educati,
1149 2294 1242 2314 verum
1266 2287 1348 2315 etiam
1366 2291 1477 2322 propter
1503 2286 1621 2321 inopiam
1637 2292 1664 2313 et

882 2339 1018 2359 aerumnas
1035 2331 1068 2358 ad
1086 2331 1208 2358 laborem
1224 2331 1380 2364 assuefacti,
1397 2331 1520 2367 expedite
1534 2340 1606 2359 nunc
1618 2331 1662 2359 iti-

698 2407 810 2437 VARl/E
821 2406 1019 2435 LECTIONES.

122 2462 142 2500 ’ξ’
154 2463 235 2500 ὅσπερ
249 2464 301 2500 DL
312 2465 381 2500 ὅπερ
397 2466 428 2497 C,
440 2463 473 2492 0.
488 2464 558 2492 Tum
573 2464 611 2496 ὡς
625 2464 658 2492 ἂν
673 2465 710 2500 μή
729 2464 760 2496 D,
775 2465 825 2492 κᾶν
837 2463 903 2497 (Σ,Ο
918 2464 977 2500 ,ᾡς
992 2479 1028 2500 —_—
1038 2465 1063 2491 εί
1076 2464 1269 2500 μὴ-έΕρὶιΛε.
1283 2464 1327 2497 75,
1341 2466 1379 2496 ὼς
1394 2465 1445 2493 κάν
1457 2465 1569 2500 conis.
1587 2465 1664 2493 Dein-

65 2501 118 2528 θίῚᾺ
125 2497 269 2536 ἀποστῆναί
286 2499 319 2527 0.
334 2497 443 2541 cffﬂpit.
454 2500 472 2527 Ι.
486 2508 523 2532 c.,
535 2500 662 2527 ἀποστεῖν
672 2497 710 2527 Εἰ
740 2500 763 2516 ’⁸
780 2500 818 2526 Ita
826 2500 908 2535 Epit.,
922 2497 946 2525 εἷ
958 2499 989 2526 C.
998 2498 1030 2526 Ο.
1070 2497 1092 2515 ³⁸
1104 2497 1218 2532 τούτ..’.ς
1232 2499 1292 2540 (sic)
1305 2507 1354 2534 pro
1363 2499 1449 2540 τούτῳ
1561 2501 1584 2517 ³ο
1596 2502 1664 2528 πάν.

66 2531 115 2557 τοτὲ
125 2540 162 2558 σοι
173 2535 202 2560 0.
240 2535 263 2552 ⁸¹
281 2535 400 2560 εὐσεϐωε
410 2535 572 2560 συνοδευέτω
583 2541 639 2560 om.
657 2534 689 2560 Ο.
707 2534 778 2560 Idem
794 2534 888 2560 λυπεῖν
902 2542 927 2560 c.
937 2534 998 2560 cod.
1013 2533 1079 2560 Rea.
1096 2533 1159 2560 804.
1171 2534 1272 2560 λυπουν
1284 2534 1314 2560 C.
1326 2534 1444 2560 λυπησαι
1482 2540 1530 2560 mt.
1542 2543 1566 2560 c.
1583 2535 1628 2560 ⁵15.

66 2531 115 2570 ῖῇὲ
125 2540 164 2570 σοι
173 2535 202 2560 0.
217 2531 225 2570 ’ν
240 2535 263 2552 ⁸¹
281 2531 400 2567 εὐσεϐῶς
410 2535 572 2570 συνοδευέτω
583 2541 639 2570 orn.
650 2534 689 2570 70.
700 2534 778 2570 idem
794 2531 888 2561 λυπεῖν
902 2542 928 2570 (ιΖ
937 2534 998 2570 cod.
1013 2533 1079 2570 Reg.
1096 2533 1159 2570 804,
1171 2531 1272 2570 λυποῦν
1284 2531 1314 2566 C,
1326 2531 1444 2570 λυπῆσαι

68 2563 211 2604 ξιξερο.
219 2569 238 2597 1.
254 2578 294 2603 c.,
313 2563 454 2597 ἀπολιπών
473 2571 493 2597 C
518 2569 551 2597 0.
563 2603 569 2604 7
589 2569 612 2585 ⁸³

70 2566 86 2578 “
99 2566 131 2593 lia
143 2567 238 2604 Epinl.
254 2578 294 2603 c.,
313 2566 454 2597 ἀπολιπών
473 2571 493 2597 C
518 2569 551 2597 0.
589 2569 612 2585 ⁸³
626 2566 800 2604 δψαλερίιω.
818 2569 855 2596 74
869 2574 896 2596 et
912 2568 948 2601 0,
966 2568 1018 2609 ὕψη
1035 2566 1067 2596 αἶ
1105 2569 1129 2586 ³⁸
1141 2569 1273 2604 τεχνικῶν
1307 2570 1372 2605 epit.
1391 2566 1425 2585 ’³⁸
1440 2566 1524 2596 ὲκτεθ

70 2597 93 2626 5.
126 2601 146 2617 "
157 2603 222 2639 πλὴν
233 2606 258 2632 et
273 2606 336 2633 cod.
351 2604 419 2640 Reg.
437 2604 489 2632 804
502 2609 529 2632 et
553 2603 586 2632 0.
615 2603 684 2631 Tum
703 2604 827 2631 συνιέντα
838 2604 902 2639 epit.
940 2604 961 2620 ³⁷
973 2612 1052 2630 τουτο
1063 2604 1093 2632 C.
1132 2604 1155 2620 ³⁸
1171 2604 1316 2640 ἐργατείαν
1327 2604 1388 2632 cod.
1408 2604 1474 2640 Reg.
1490 2604 1524 2631 80

966 2535 998 2560 id.
1013 2535 1079 2569 Reg.
1096 2535 1159 2566 804,
1171 2535 1272 2561 λυποῦν
1284 2535 1314 2566 C,
1326 2535 1444 2570 λυπῆσαι
1457 2535 1530 2570 Epit.
1542 2543 1566 2563 c.
1583 2535 1628 2565 ⁵15.

966 2568 1018 2609 ὕψη
1035 2569 1067 2596 C.
1105 2569 1129 2586 "
1141 2569 1273 2604 τεχνικῶν
1307 2570 1372 2605 epit.
1402 2569 1425 2585 ³⁸
1440 2570 1664 2632 ὲκτεθηλυμένων

973 2612 1052 2630 τουτο
1063 2604 1093 2632 C.
1132 2604 1155 2620 ³⁸
1171 2604 1316 2632 ἐογατείαν
1327 2604 1388 2632 cod.
1408 2604 1474 2632 Rea.
1490 2604 1524 2631 80
1554 2611 1580 2632 et
1592 2604 1625 2632 0.

1554 2613 1580 2632 οι
1592 2613 1625 2632 υ.

716 2679 897 2708 VARIORUM
914 2680 1030 2709 ΝΟΤέΕ.

139 2727 317 2764 )Tplcdmar.
335 2726 530 2764 Tribunaljum
541 2725 643 2764 dicitur
663 2725 823 2764 non__se_rnel
877 2726 998 2764 [partem
1015 2728 1263 2764 κατατετριμμένον
1281 2727 1371 2764 ράκοςρ
1390 2727 1515 2764 παλλίον,
1526 2727 1554 2754 In
1570 2726 1662 2764 ᾼιιεο-

72 2758 93 2785 in
103 2758 246 2790 Narratione
257 2764 290 2790 de
301 2762 443 2797 Apollonio
460 2760 552 2797 Tyrio,
567 2763 696 2794 Augustas
707 2760 827 2797 Vindeli:

879 2763 934 2799 nio,
957 2762 1117 2799 epigramrm.
1131 2762 1176 2799 εξ,
1186 2762 1289 2799 ⁷ιτὶίιοηζ
1303 2762 1388 2789 Paulo
1403 2767 1464 2789 ante
1477 2762 1557 2790 Liber
1570 2762 1662 2799 Regis,

72 2796 827 2834 COHImedita,pr9tribonariumilyedespiciastribmgarii
877 2797 948 2834 πλὴν
963 2796 989 2825 εἰ
1004 2796 1129 2833 τοιαύτη.
1147 2797 1181 2826 Ει
1197 2798 1248 2826 sub
1267 2799 1347 2826 ﬁnem
1365 2798 1472 2833 capitis,
1491 2797 1659 2834 ὲργαστείαν.

72 2830 245 2863 ναιψυιωβπιῖ
262 2833 311 2860 Est
335 2836 425 2859 autem
457 2831 597 2866 τριϐώνιον
620 2839 668 2858 seu
693 2830 828 2866 τριβόνιον
876 2830 942 2860 cui.

75 2868 286 2896 Krammaticorum
302 2867 367 2895 ﬁliis
380 2866 411 2893 τὸ
427 2865 538 2893 παλαιὸν
554 2865 600 2893 καὶ
613 2865 789 2902 τετριμμένον
796 2865 827 2892 τὸ
