1932 3100
222 142 275 170 507

633 143 663 172 S.
682 142 876 171 CLEMENTIS
892 144 902 172 I
923 141 1005 172 ΗΘΜ.
1024 141 1124 169 ΡΟΝΤ.
1144 141 1259 169 OPERA
1276 141 1391 170 DUBIA.

1805 139 1867 166 508

223 208 319 228 norum
336 201 497 231 vexationes
509 200 634 230 ferimus.
648 200 739 234 Quare
755 201 778 229 si
791 201 917 229 crederes
930 200 1008 231 mihi.

1067 207 1124 234 μοι,
1147 199 1208 234 ἐμοὶ
1231 198 1264 226 ἂν
1279 199 1512 235 συγκεχωρήκεις,
1527 197 1607 234 ἀνδρὶ
1622 197 1745 234 ἐργάτῃ,
1764 197 1810 224 σοὶ
1825 196 1866 223 τὰ

223 254 366 274 servorum
383 247 472 275 ollicia
489 255 544 281 me,
561 247 702 275 hominem
715 247 882 282 operarium,
894 246 942 274 tibi
959 246 1012 274 im-

223 291 344 326 pendere
360 293 537 321 concederes.

261 336 318 364 VII.
335 337 372 365 At
387 345 439 373 ego
455 339 514 366 haec
531 337 647 366 audiens
664 338 817 366 contremui
834 342 861 365 et
877 338 1010 374 eollaery-

225 384 317 416 mavi,
342 385 418 420 quod
443 385 524 412 talem
551 385 692 413 habuisset
718 385 871 413 orationem
888 386 940 419 vir,
957 393 1013 420 quo

225 430 316 458 cuncti
342 430 421 465 hujus
444 431 534 458 aetatis
557 431 683 458 homines
706 431 813 459 ratione
836 431 958 459 scientiae
980 438 1013 459 ac

226 474 336 510 pietatis
360 475 480 503 minores
498 480 572 503 sunt.
597 475 667 503 Tum
689 475 735 503 ille
756 476 952 511 lacrymantem
969 484 1013 504 me

226 520 323 548 videns
337 528 449 548 causam
468 521 651 557 laerymarum
668 521 891 556 percontabatur.
909 521 943 548 Et
961 529 1012 556 ego

226 565 355 600 respondi
377 574 384 592 :
406 565 477 599 Quid
505 570 610 594 tantum
633 567 765 601 peccavi,
783 570 812 594 ut
828 566 896 594 mihi
913 566 1011 601 hujus-

227 610 302 637 modi
321 610 460 646 proferres
477 611 653 639 sermonem?
669 611 702 638 Et
718 611 817 639 Petrus
829 612 935 647 excepit
957 621 963 639 :
983 611 1012 639 Si

227 655 330 682 malum
344 661 402 687 est,
416 656 492 690 quod
508 656 583 689 dixi,
601 661 631 684 ut
655 657 773 684 serviam
790 657 860 690 tibi,
884 662 911 684 tu
938 657 1013 692 prior

228 702 362 735 peccasti,
378 701 430 729 hoc
447 702 514 729 mihi
534 702 677 737 postulans
695 703 796 730 facere.
812 702 845 729 Et
862 710 913 738 ego
929 712 936 730 :
952 702 1013 730 Non

227 751 290 778 est,
308 747 419 780 inquam
433 767 441 778 .
457 747 568 774 simile:
587 755 630 774 me
657 747 730 774 enim
758 747 811 774 hoc
834 754 914 782 agere
936 747 1014 774 decet

227 792 350 825 omnino,
366 797 392 820 te
409 797 512 824 autem,
526 793 572 827 qui
585 800 614 820 es
628 792 674 820 Dei
691 801 780 828 praeco
791 797 818 820 et
831 797 941 820 nostras
956 801 1013 820 ser-

228 845 276 865 vas
299 838 416 871 animas,
434 838 460 865 id
476 839 544 865 mihi
561 838 652 866 facere
675 847 758 874 grave
780 843 832 866 est:
858 838 891 867 Et
916 839 1012 867 Petrus

1060 244 1160 272 δούλων
1172 244 1350 281 ἀποπληροῦν
1366 245 1447 281 μέρη.

1097 333 1153 361 νυ.
1170 333 1241 369 Ἐγὼ
1253 333 1282 361 δὲ
1296 332 1415 365 ἀκούσας
1427 333 1577 369 σύντρομος
1587 332 1721 368 ἐγενόμην
1735 332 1786 358 καὶ
1800 331 1864 358 ἐπί-

1061 379 1177 416 δακρυς,
1200 379 1256 407 οἷον
1269 379 1346 413 λόγον
1362 376 1438 405 εἶπεν
1451 379 1533 414 ἀνὴρ,
1546 375 1577 406 οὗ
1591 377 1691 409 πάντες
1702 378 1728 404 οἱ
1741 376 1795 412 τῆς
1808 376 1863 402 νῦν

1061 427 1157 461 γενεᾶς
1170 426 1307 462 ἄνθρωποι
1322 426 1361 461 τῷ
1373 425 1423 461 τῆς
1435 424 1561 459 γνώσεως
1572 424 1620 452 καὶ
1630 423 1725 451 εὑσεὸε
1731 423 1773 454 ίας
1784 422 1863 457 λόγῳ

1062 474 1159 510 ἥττους
1169 473 1191 489 ³⁹
1204 473 1391 508 τυγχάνουσιν.
1404 472 1433 498 Ὀ
1446 471 1485 503 δὲ,
1499 470 1560 498 ἰδών
1577 480 1610 507 με
1623 470 1787 506 σύνδακρυν,
1801 467 1863 495 τῶν

1062 519 1186 554 δακρύων
1199 518 1311 545 ἐπύθετο
1323 518 1374 554 τὴν
1385 518 1484 544 αίτίαν.
1497 516 1582 552 Κάγὼ
1595 516 1662 552 ἔφην
1670 525 1677 532 ι
1691 515 1724 542 Τί
1734 514 1862 542 τοιοῦτον

1062 566 1198 601 ἥμαρτον,
1214 565 1257 592 ἴνα
1274 573 1319 600 μοι
1335 564 1454 591 τοιοῦτον
1463 564 1486 579 ⁸⁸
1503 563 1583 599 εἴπῃς
1595 562 1673 597 λόγον
1686 571 1693 595 ;
1707 562 1764 589 Καὶ
1777 562 1792 588 ό
1805 560 1863 587 Πέ-

1062 621 1127 649 τρος
1143 612 1323 648 ἀπεκρίνατο’
1338 611 1370 637 Εί
1385 610 1434 646 μὲν
1450 610 1544 642 κακῶς
1557 609 1655 646 εἴρηκα
1670 609 1700 636 τὸ
1711 607 1863 636 δουλεῦσαί.

1065 667 1116 690 σοι,
1131 658 1162 684 σὺ
1182 657 1289 694 πρῶτος
1301 657 1435 694 ἥμαρτες,
1451 656 1523 683 τοῦτ’
1534 656 1556 672 ’ί
1568 656 1630 692 ἐμοὶ
1645 655 1760 690 ποιῆσαι
1774 653 1863 687 ἀξιώ-

1064 703 1123 735 σας.
1136 704 1221 739 Κάγὼ
1230 704 1298 740 ἔφην
1306 713 1312 719 ·
1325 703 1380 739 οὺχ
1389 703 1480 738 ὅμοιόν
1490 703 1574 729 ἐστιν·
1584 703 1597 728 ὲ
1601 702 1647 737 μοὶ
1655 701 1704 737 μὲν
1710 700 1766 736 γὰρ
1776 699 1865 726 τοῦτο

1064 753 1152 778 ποιεῖν
1164 751 1264 788 πρέπει
1277 751 1360 781 πάνυ,
1382 750 1424 776 σοὶ
1445 749 1474 776 δὲ
1489 748 1529 784 τῷ
1540 748 1587 774 τοῦ
1599 747 1666 774 Θεοῦ
1681 748 1785 783 κήρυκι
1807 745 1863 777 τὰς

1063 797 1200 833 ἡμετέρας
1216 796 1329 829 σώζοντι
1345 795 1433 831 ψυχὰς
1448 795 1567 830 χαλεπὸν
1582 793 1661 820 τοῦτο
1677 794 1765 819 ποιεῖν
1782 791 1862 827 ἐμοί.

1064 845 1120 871 Καὶ
1134 844 1148 870 6
1162 843 1265 878 Πέτρος
1281 842 1447 877 ἀπεκρίνατο
1458 851 1464 857 ε
1483 840 1637 876 Συνεθέμην
1649 839 1681 866 ἄν
1695 847 1747 870 σοι,
1761 838 1827 864 ἐπεὶ
1839 838 1863 853 δ’

229 884 388 919 respondit:
401 885 611 919 Acquiescerem
624 885 683 918 tibi,
692 893 753 912 cum
765 884 897 912 Dominus
908 891 1014 919 noster,

1067 889 1195 925 6Ktiptoc
1216 887 1304 924 ἡμῶν,
1334 888 1348 913 ό
1372 887 1420 914 ἐπὶ.
1443 886 1565 922 σωτηρίᾳ
1589 885 1671 921 260
1689 884 1791 916 παντὸς
1810 883 1863 910 τοῦ

230 930 277 964 qui
301 930 335 958 ad
357 931 472 959 salutem
489 931 574 959 totius
591 931 685 958 mundi
705 931 788 964 venit,
807 939 933 966 unusque
953 939 1014 959 om-

228 975 303 1002 nium
320 980 362 1004 est
380 976 587 1010 nobilissimus,
610 976 769 1004 servitutem
794 977 968 1010 sustinuerit,
985 981 1015 1004 ut

229 1029 279 1049 nos
294 1021 421 1049 suaderet
438 1030 493 1049 non
506 1021 669 1049 erubescere
686 1022 818 1050 fratribus
834 1023 944 1059 nostris.
955 1030 1015 1050 ser-

227 1075 325 1095 vorum
349 1067 478 1096 exhibere
503 1068 656 1096 ministeria
668 1074 693 1101 ι,
724 1069 850 1103 quamvis
866 1069 1014 1096 admodum

228 1113 334 1141 nobiles
357 1114 454 1141 simus.
473 1113 542 1141 Tum
561 1118 612 1149 eg‘o
629 1114 686 1141 dixi
701 1122 708 1140 :
728 1113 756 1141 Si
774 1118 881 1149 putem,
898 1115 972 1150 quod
989 1121 1015 1143 te

228 1159 281 1187 sim
303 1164 485 1194 superaturus
500 1160 624 1187 oratione
635 1180 644 1193 ,
662 1160 764 1188 stultus
773 1167 835 1187 sum
851 1170 859 1188 :
876 1165 1014 1189 verumta-

229 1213 291 1233 men
308 1213 360 1241 ago
377 1206 480 1241 gratias
494 1207 674 1241 providentiae
695 1206 762 1240 Dei,
784 1207 849 1242 quia
870 1212 1014 1243 parentum

228 1253 290 1280 loco
306 1252 408 1280 habere
421 1256 447 1280 te
463 1253 562 1281 merui.

267 1297 332 1325 VIII.
358 1297 393 1324 Et
411 1297 508 1325 Petrus
532 1298 734 1334 interrogavit:
753 1299 874 1328 Nemone
894 1307 957 1327 vere
981 1305 1015 1326 ex

229 1350 330 1378 genere
342 1343 389 1370 tibi
405 1343 548 1378 superest?
559 1343 697 1379 Respondi
709 1353 716 1370 :
732 1344 802 1372 Sunt
813 1344 923 1380 quidem
935 1344 1014 1371 multi

227 1393 256 1416 et
272 1393 396 1424 potentes
412 1389 481 1423 viri,
499 1393 581 1425 atque
596 1397 629 1417 ex
646 1390 772 1426 prosapia
788 1390 918 1418 Caesaris.
945 1389 1014 1417 Nam

230 1433 301 1469 patri
317 1441 397 1468 meo,
422 1438 516 1470 utpote
532 1442 586 1462 una
603 1435 736 1467 educato,
757 1439 901 1470 cognatam
923 1434 1015 1462 Caesar

230 1481 288 1515 ipse
302 1479 394 1515 junxit
412 1487 537 1514 uxorem,
551 1480 586 1508 de
601 1488 655 1515 qua
673 1485 729 1508 tres
742 1481 820 1508 liberi
837 1480 889 1508 orti
908 1488 1014 1515 sumus,

230 1527 286 1555 duo
302 1527 412 1562 quidem
430 1531 495 1555 ante
510 1535 563 1561 me,
581 1528 628 1563 qui
645 1535 707 1554 cum
725 1531 817 1555 essent
833 1527 949 1563 gemini,
967 1528 1015 1554 ad-

231 1574 342 1601 modum
360 1573 413 1601 sibi
437 1573 555 1601 invicem
575 1574 680 1601 similes
695 1578 792 1608 erant,
810 1579 840 1601 ut
856 1574 914 1609 ipse
938 1578 1015 1609 pater

229 1620 321 1647 aiebat
340 1619 405 1647 mihi
422 1627 429 1645 :
446 1627 496 1654 ego
512 1619 584 1646 enim
601 1627 689 1655 neque
709 1619 770 1647 illos
794 1627 883 1653 neque
902 1619 1015 1655 genitri-

229 1674 288 1693 cem
303 1665 382 1693 valde
396 1665 472 1698 novi,
491 1665 539 1693 sed
553 1664 630 1700 quasi
650 1672 698 1700 per
713 1664 851 1693 somniufu
867 1665 1014 1693 obscuram

229 1719 326 1740 eorum
348 1710 467 1738 formam
492 1711 597 1739 recolo.
615 1710 701 1738 Mater
724 1717 789 1746 ergo
809 1718 871 1738 mea
892 1710 1015 1738 Mattidia

230 1757 383 1789 dicebatur,
399 1761 475 1792 pater
492 1761 583 1783 autem
597 1755 726 1788 Faustus,
740 1755 855 1783 fratrum
869 1764 933 1784 vero
948 1757 1016 1784 alter

231 1803 378 1831 Faustinus
390 1803 551 1836 vocabatur,
564 1802 632 1829 alter
649 1802 788 1830 dicebatur
807 1802 1014 1830 Faustiniauus.

229 1850 297 1878 Cum
314 1850 397 1886 igitur
414 1850 510 1877 tertius
527 1857 576 1884 ego
596 1853 659 1884 post
675 1857 724 1877 eos
741 1855 821 1877 natus
838 1857 938 1883 essem,
955 1853 1015 1876 ma-

229 1902 270 1924 ter
285 1895 526 1931 (quemadmodum
538 1900 614 1931 pater
629 1903 705 1923 meus
718 1895 863 1931 referebat)
876 1896 1014 1924 somnium

230 1943 307 1976 vidit,
323 1942 396 1978 quod
419 1942 471 1970 nisi
489 1941 635 1969 confestim
653 1942 761 1969 duobus
775 1942 839 1970 ﬁliis
854 1942 912 1970 suis
927 1943 1014 1977 gemi-

231 1990 274 2017 nis
297 1989 449 2024 assumptis
474 1989 569 2016 urbem
592 1988 709 2016 Romam
730 1988 828 2016 fuisset
846 1997 974 2025 egressa,
989 1994 1016 2017 et

230 2037 363 2064 abfuisset
379 2037 461 2064 anuis
475 2036 638 2069 duodecim,
656 2035 714 2070 ipsa
731 2044 794 2063 eum
813 2036 848 2064 iis
862 2036 936 2064 letho
950 2044 1014 2071 pes-

230 2082 301 2110 sinuo
317 2086 390 2109 esset
404 2081 558 2108 interitura.

265 2127 312 2155 IX.
328 2126 408 2154 Pater
420 2127 513 2161 igitur,
536 2126 583 2161 qui
598 2127 744 2154 liberorum
757 2134 854 2154 amans
865 2132 934 2160 erat,
952 2135 1014 2154 cum

231 2174 319 2201 servis
331 2178 358 2200 et
371 2173 490 2205 ancillis,
513 2180 546 2200 ac
557 2173 621 2200 dato
636 2173 779 2200 sufﬁcienti
793 2173 903 2204 viatico,
921 2173 949 2200 in
967 2181 1016 2200 na-

269 2259 281 2273 ι
297 2251 391 2279 Matth.
408 2259 455 2285 xx,
467 2250 512 2278 28.

1065 935 1167 969 κόσμου
1190 932 1325 969 ἐληλυθὼς
1336 952 1344 965 ,
1363 932 1441 968 μόνος
1464 932 1536 968 ὑπὲρ
1555 931 1659 963 πάντας
1675 930 1792 966 εὐγενὴς
1807 929 1861 961 ὢν,

1064 981 1184 1008 δουλείαν
1197 980 1354 1015 ὑπέμεινεν,
1366 978 1409 1006 ἵνα
1420 979 1494 1014 ἡμᾶς
1508 978 1590 1014 πείσῃ
1605 978 1642 1013 μὴ
1655 976 1789 1004 αἰδεῖσθαι
1801 977 1863 1006 τοῖς

1065 1026 1188 1062 ἀδελφοῖς
1204 1025 1282 1062 ἡμῶν
1307 1024 1357 1057 τὰς
1382 1024 1482 1051 δούλων
1504 1025 1589 1051 ποιεῖν
1614 1022 1786 1059 ὑπηρεσίας,
1804 1022 1862 1048 κᾶν

1065 1074 1135 1101 πάνυ
1150 1073 1272 1107 εὐγενεῖς
1290 1071 1477 1107 τυγχάνωμεν.
1495 1070 1581 1106 Κάγὼ
1597 1070 1663 1106 ἔφην
1674 1079 1680 1085 ·
1696 1070 1728 1096 Et
1746 1069 1798 1105 μὲν
1814 1078 1862 1095 νο-

1066 1119 1138 1155 μίζω
1156 1127 1185 1145 σε
1206 1119 1317 1154 νικῆσαι
1329 1119 1352 1134 ⁸³
1367 1119 1449 1153 λόγῳ,
1467 1116 1580 1153 ἀνόητός
1597 1117 1670 1152 εἰμι,
1692 1115 1762 1152 πλὴν
1777 1115 1863 1151 χάριν

1065 1164 1119 1199 ἔχω
1132 1164 1166 1199 τῇ
1183 1163 1230 1190 τοῦ
1250 1163 1318 1190 Θεοῦ
1336 1163 1460 1199 προνοίᾳ,
1476 1163 1517 1189 ὅτι
1540 1170 1570 1189 σε
1595 1163 1636 1194 είς
1654 1161 1756 1196 γονέων
1773 1161 1862 1188 τόπον

1064 1209 1136 1246 ἔχειν
1150 1208 1332 1246 κατηξιώθην.

1099 1307 1168 1337 VIII.
1188 1308 1244 1336 Kal.
1263 1308 1278 1334 ὀ
1301 1307 1404 1343 Πέτρος
1419 1307 1595 1334 ὲπυνθάνετο’
1614 1306 1709 1338 Οὐδεὶς
1724 1305 1754 1333 δέ
1774 1314 1822 1333 σου
1836 1305 1861 1321 ⁸⁸

1064 1354 1172 1391 άληθῶς
1188 1354 1256 1390 πρὸς
1266 1354 1360 1388 γένους
1369 1353 1391 1369 ⁸⁵
1404 1353 1520 1389 ὑπάρχει
1531 1361 1539 1385 ;
1553 1353 1639 1387 Κάγὼ
1649 1353 1842 1388 ἀπεκρινάμην
1849 1360 1858 1368 ·

1065 1401 1126 1427 Εἰσὶ
1144 1400 1193 1435 μὲν
1206 1399 1298 1425 πολλοὶ
1311 1399 1358 1425 καὶ
1377 1398 1490 1434 μεγάλοι
1505 1399 1612 1434 ἄνδρες,
1632 1399 1774 1434 Καίσαρος
1789 1398 1860 1434 πρὸς

1065 1445 1143 1480 γένος
1158 1444 1244 1476 ὄντες.
1263 1443 1343 1471 ὊΟεν
1358 1443 1397 1479 τῷ
1413 1443 1472 1479 ἐμῷ
1493 1444 1576 1479 πατρῖ
1595 1444 1633 1476 ὡς
1650 1443 1697 1470 καὶ
1714 1443 1860 1479 συντρόφῳ

1066 1491 1147 1523 αὐτὸς
1162 1492 1272 1526 Καῖσαρ
1293 1490 1438 1525 συγγενίδα
1450 1489 1473 1505 ⁸⁸
1490 1490 1702 1526 προσηρμόσατο
1722 1492 1857 1524 γυναῖκα,

1066 1537 1112 1571 ἀφ’
1128 1533 1162 1572 ἧς
1183 1537 1256 1572 τρεῖς
1277 1535 1426 1571 ἐγενόμεθα
1446 1535 1499 1562 υἱοὶ
1510 1555 1517 1567 ,
1534 1535 1580 1562 δύο
1599 1536 1648 1571 μὲν
1666 1536 1719 1571 πρὸ
1734 1536 1815 1571 ἐμοῦ,
1832 1538 1857 1563 οἱ

1067 1583 1114 1609 καὶ
1123 1582 1227 1617 δίδυμοι
1239 1582 1314 1613 ὄντες
1326 1581 1396 1608 πάνυ
1407 1581 1494 1616 ὅμοιοι
1505 1581 1630 1616 ἀλλήλοις
1640 1581 1800 1616 ἐτύγχανον,
1819 1582 1857 1613 ὡς

1066 1628 1146 1660 αὐτὸς
1160 1628 1174 1654 6
1189 1628 1279 1663 πατὴρ
1292 1627 1368 1661 ἐλεγέ
1387 1636 1441 1662 μοι.
1459 1627 1530 1661 Ἐγὼ
1537 1627 1591 1662 γὰρ
1599 1627 1660 1654 οὔτε
1671 1628 1782 1659 αὐτοὺς,
1794 1628 1857 1654 οὗτε

1065 1674 1114 1710 τὴν
1125 1673 1256 1700 τεκοῦσαν
1268 1674 1338 1700 πάνυ
1352 1673 1512 1708 ἐπίσταμαι,
1524 1673 1580 1699 ἀλλ’
1590 1672 1684 1709 ὥσπερ
1698 1674 1731 1700 δι’
1744 1673 1857 1709 ὀνείρων

1066 1720 1189 1755 ἀμαυρὸν
1206 1719 1295 1746 αὐτῶν
1310 1719 1341 1745 τὸ
1357 1717 1426 1750 εἶδος
1440 1719 1578 1754 ἀναφέρω.
1596 1719 1627 1745 Ἦ
1643 1719 1692 1754 μὲν
1703 1717 1750 1746 οὖν
1768 1720 1857 1754 μήτηρ

1067 1773 1117 1800 μου
1126 1764 1259 1792 Ματτιδία
1269 1764 1290 1780 ⁸⁷
1300 1764 1354 1799 (ὅϋ)
1361 1764 1478 1798 ἐλέγετο,
1489 1764 1504 1790 ὁ
1517 1764 1545 1790 δὲ
1562 1765 1653 1800 πατὴρ
1662 1765 1794 1796 Φαῦστος,
1802 1765 1856 1790 τῶν

1065 1811 1094 1838 δὲ
1109 1809 1229 1845 ἀδελφῶν
1241 1810 1288 1837 κα)⁸
1299 1809 1389 1837 αὐτῶν
1402 1811 1416 1836 6
1429 1810 1478 1845 μὲν
1493 1810 1638 1841 Φαυστῐνος
1653 1810 1788 1842 ἐκαλεῖτο,
1800 1811 1814 1836 6
1828 1811 1855 1837 δὲ

1065 1856 1257 1887 Φαυστινιανὸς
1278 1855 1395 1889 ἐλέγετο.
1417 1856 1500 1891 Ἑμοῦ
1521 1854 1567 1882 οὖν
1592 1856 1684 1891 τρίτου
1712 1856 1856 1892 ὲπιγεννη-

1066 1903 1157 1934 θέντος
1173 1903 1274 1934 αὐτοῖς,
1296 1903 1313 1937 ή
1343 1903 1433 1938 μήτηρ
1455 1902 1559 1938 ὄνειρον
1575 1902 1693 1938 ἑωράκει
1706 1922 1714 1933 ,
1732 1902 1827 1938 ὥςπερ
1841 1904 1856 1928 6

1066 1949 1158 1984 πατήρ
1171 1956 1220 1983 μου
1236 1948 1374 1983 ὑφηγεῖτο,
1388 1948 1440 1978 ὅτι,
1449 1947 1496 1973 ἐὰν
1508 1947 1625 1982 μὴ,τοὺς
1639 1946 1767 1982 διδύμους
1783 1947 1855 1979 υἱοὺς

1066 1993 1150 2028 αὐτῆς
1173 1992 1287 2028 ἐξαυτῆς
1311 1991 1525 2027 παραλαϐοῦσα,
1550 1991 1599 2026 τὴν
1620 1991 1763 2026 Ῥωμαίων
1788 1992 1855 2027 πρὸς

1067 2038 1222 2074 ἀποδημίαν
1242 2037 1336 2072 ἐξέλθῃ
1346 2037 1369 2053 ⁵⁸
1389 2037 1466 2064 πόλιν
1483 2038 1526 2063 ἐπ’
1544 2037 1589 2072 ἐτη
1606 2037 1712 2064 δώδεκα
1721 2038 1754 2069 ⁸³,
1772 2046 1854 2064 πανο-

1066 2084 1164 2120 λεορίῳ
1183 2084 1257 2118 μύρῳ
1274 2083 1331 2118 ἆμα
1347 2082 1437 2114 αὐτοῖς
1452 2082 1596 2109 ἀποθανεῖν
1610 2082 1677 2116 ἔχει.

1103 2131 1180 2165 261
1207 2129 1253 2155 ΙΧ.
1277 2129 1305 2155 ’0
1322 2128 1371 2163 μὲν
1387 2126 1433 2154 οὖν
1448 2128 1549 2163 πατὴρ,
1571 2127 1726 2162 φιλότεκνος
1742 2127 1791 2158 ὣν,
1807 2128 1854 2154 σύν

1066 2187 1096 2204 τε
1119 2177 1223 2208 δούλοις
1246 2177 1293 2202 καὶ
1313 2175 1420 2206 δούλαις
1443 2174 1589 2209 ὲφοδιάσας
1619 2174 1719 2205 ἱκανῶς
1744 2174 1791 2200 καὶ
1815 2175 1854 2205 εὶς

904 2309 1020 2337 VARI/['1
1039 2309 1238 2337 LECTIONES.

269 2356 291 2372 ⁸¹
304 2354 344 2382 Ita
359 2354 465 2390 Epitrc.
478 2354 514 2390 ξιδ
539 2359 566 2390 et
585 2353 736 2390 0,_ﬁttoysc
748 2353 810 2390 ς·οῴ
832 2353 969 2388 Reg.804,
986 2353 1065 2390 ἦττον
1079 2357 1110 2383 (1.
1149 2357 1172 2371 ὀ
1185 2355 1250 2383 l’ost
1265 2355 1384 2382 τοιοῦτον
1396 2359 1555 2388 repetuntur
1576 2354 1639 2390 vhl),
1660 2354 1785 2390 ἥμαρτον
1812 2354 1852 2381 ἵνα

237 2400 282 2427 μοι
296 2388 417 2416 τοιοῦτον
433 2389 461 2416 in
473 2388 506 2415 0.
544 2389 565 2427 δξ
581 2388 662 2427 τοῦτο
681 2388 722 2427 C._
750 2389 772 2427 δξ
791 2388 905 2427 Rufinus
919 2390 976 2427 lure
992 2388 1027 2418 ita
1045 2392 1238 2427 interpretatur
1255 2391 1475 2427 :ﬁAtquiesoercm
1494 2390 1611 2427 tibi,ni_si
1625 2389 1752 2427 Dominus
1769 2395 1853 2427 noster

233 2423 268 2444 '—
285 2433 378 2460 passus
394 2428 471 2456 esset,
485 2424 562 2458 quasi
581 2423 723 2460 legeritwsi
737 2424 783 2460 (HL
794 2423 824 2450 S.

233 2462 323 2488 detur.
344 2459 401 2486 (Σίν.
420 2460 496 2486 Ιιοιιι.
529 2467 577 2489 xu,
594 2459 636 2485 I5.

862 2425 887 2460 δέ
913 2425 1030 2460 νικήσειν
1046 2424 1125 2460 Epit;
1162 2426 1185 2441 “
1202 2434 1243 2452 σοι
1258 2424 1328 2460 Epit.
1339 2434 1362 2452 (η.
1380 2425 1423 2455 76,
1438 2425 1509 2459 quod
1527 2424 1722 2458 praaforemlulu
1738 2431 1798 2451 esse
1813 2426 1852 2451 vi-

675 2458 698 2474 “
714 2457 752 2494 na
767 2457 789 2485 Ο
816 2467 842 2486 c.
865 2459 936 2493 Epit.
949 2457 970 2485 Ι.’
983 2468 1007 2487 c.
1025 2465 1053 2487 et
1069 2457 1129 2487 eod.
1148 2460 1213 2493 Reg.
1226 2457 1289 2487 804'.
1306 2460 1364 2487 Huc
1389 2457 1494 2486 accetlit
1507 2457 1550 2486 ed.
1566 2467 1608 2494 pr.
1624 2459 1761 2490 Cotolerii,
1776 2460 1852 2492 cujus

235 2495 304 2531 πρὸς
328 2494 425 2531 γένους
443 2494 469 2520 in
492 2498 613 2531 utraun
626 2493 787 2531 (Elerici‘ed.
801 2498 982 2531 permutatum
999 2500 1041 2531 est
1057 2504 1119 2522 cum
1139 2496 1207 2531 πρὸς
1218 2496 1305 2529 γένος.
1335 2495 1412 2522 Unde
1440 2494 1850 2531 Schwrglerus‘AeniquIandjls.

234 2530 263 2547 “7
273 2530 355 2558 αὑτὸν
370 2530 460 2556 Καῖσα

234 2566 296 2593 cod.
311 2565 378 2599 Reg.
390 2564 452 2596 804,

233 2606 261 2629 et
276 2597 380 2636 Epitjl.
404 2607 430 2627 c.
455 2598 483 2625 In
512 2598 574 2626 cod.
588 2597 656 2633 Reg.
675 2597 727 2625 804
743 2597 799 2633 ἔχοι
812 2606 839 2633 p.
855 2598 920 2633 ἔχει.

499 2527 660 2570 conv/levio.
676 2528 769 2570 nobilis
779 2527 1017 2570 ρᾶαιῳις-[ᾳριίίίω
1032 2527 1366 2570 ﬁnitiuus;qua-silegisset
1379 2527 1592 2570 σονευγενίδὰῃϐ.
1631 2528 1728 2570 "ItaQ
1744 2537 1785 2570 λς..
1795 2529 1852 2570 Cft

495 2563 598 2590 ατθιδία
612 2562 755 2598 Rccogn.et
774 2562 852 2598 Epit.
881 2564 904 2579 "
921 2564 1022 2596 ἐξέλθοι
1034 2565 1065 2593 C.

1118 2566 1139 2582 ⁸⁸
1154 2565 1220 2592 δέκα
1232 2567 1264 2600 (2,
1280 2565 1356 2599 Ruf,
1370 2565 1435 2600 epit.
1451 2574 1476 2593 e.
1493 2565 1536 2592 76.
1547 2564 1617 2592 Tum
1633 2564 1808 2600 πανωλεθρίῳ
1819 2564 1840 2592 0

876 2676 1057 2705 VARIORL'M
1077 2676 1190 2703 NO'l/E.

270 2745 326 2781 (56)
343 2746 494 2773 Man-16m.
509 2745 554 2781 Sic
569 2752 679 2781 quoque
690 2752 764 2781 saape
777 2743 1017 2781 dictuspdicendus-

233 2789 287 2814 quo
299 2779 393 2808 codex.
408 2781 443 2808 At
464 2781 490 2807 in
516 2779 742 2814 Ilecoguitionibus
767 2779 948 2814 elﬁb‘pitome,
965 2780 1016 2806 im-

234 2813 336 2850 pressis
352 2823 487 2847 manuque
501 2813 630 2847 exaratis,
644 2814 786 2846 Ματθιδὶα,
799 2813 946 2850 Μιιῐῗῑιιίῶθ,
957 2822 1016 2850 quo

235 2848 316 2878 modo
333 2850 404 2886 apud
418 2849 600 2885 Nicephorum
613 2871 620 2884 ,
643 2855 668 2878 et
684 2849 770 2877 Graeci
789 2849 817 2877 in
832 2848 942 2877 Mena-0.
956 2848 1008 2876 Ex-

1070 2744 1129 2777 cipe
1144 2747 1232 2770 tamen
1248 2743 1420 2770 membranas
1442 2741 1653 2777 Rccoguitionum
1666 2749 1750 2775 penes
1762 2741 1790 2769 P.
1802 2741 1845 2768 Pe—

1071 2779 1148 2805 titqu
1163 2788 1170 2805 2
1186 2778 1314 2804 exhibent
1328 2779 1401 2804 enini
1415 2777 1555 2804 Malhidia.
1567 2777 1760 2808 Chronologus
1774 2778 1848 2804 Altis-

1070 2813 1240 2840 siodorensis
1252 2813 1402 2839 monachus
1422 2811 1568 2839 Hatidiam
1584 2815 1671 2840 vocat.
1692 2811 1791 2840 Ultima
1807 2820 1847 2840 ra-

1064 2848 1127 2883 pitis
1145 2856 1210 2877 voce
1225 2849 1323 2881 codex,
1337 2848 1487 2885 ἔχοι-αυτ.
