1932 3100
251 143 299 171 5η

676 145 705 172 S.
724 144 916 173 CLEMENTIS
935 143 946 171 Ι
965 142 1047 172 “OM.
1069 142 1169 170 PONT.
1187 141 1302 170 OPERA
1316 142 1430 170 DUBIA.

1832 142 1894 169 3B

284 200 343 229 XII.
360 200 415 229 Ista
429 205 573 237 postquam
590 200 706 229 dixisset
723 200 831 234 Petrus,
846 208 917 228 unus
930 207 964 227 ex
979 207 1031 227 no-

1119 196 1175 224 Xll.
1202 197 1294 224 Ταῦτα
1318 197 1366 224 τοῦ
1389 197 1494 234 Πέτρου
1513 196 1638 228 ειπὸντος
1653 193 1693 228 εἷς
1708 204 1754 228 τις
1770 195 1831 222 τῶν
1860 196 1892 222 ὲν

249 248 314 275 stris
328 247 442 275 audacia
462 250 569 282 sumpta
582 254 632 282 pro
645 246 772 274 omnibus
787 245 892 282 rogavit
911 253 985 278 eum,
1002 249 1032 272 ut

1083 243 1148 278 ἡμῖν
1159 243 1296 280 τολμήσας
1312 243 1373 270 ἀντὶ
1389 243 1498 270 πάντων
1513 241 1699 278 παρεκάλεσεν
1715 241 1812 273 αὑτὸν,
1834 241 1891 268 αὗ-

246 295 292 322 die
303 295 424 323 crastina
441 293 575 322 maturius
590 293 618 321 in
632 293 752 321 Aradum
764 313 771 326 ,
788 293 939 329 Oppositam
956 292 1032 320 insu-

247 341 312 373 lam,
325 349 387 376 quae
407 341 532 376 triginta,
546 341 654 376 opinor,
672 348 723 368 nec
744 340 808 368 totis
826 339 922 367 stadiis
936 338 1030 371 distat,

247 387 448 423 navigaremus,
465 387 500 414 ad
511 387 641 414 videndas
652 387 690 414 ibi
704 387 773 414 duas
789 386 932 413 columnas
944 389 1030 413 viteas

247 433 395 460 maximam
418 433 515 461 molem
540 433 680 461 habentes.
707 432 804 460 Petrus
823 439 899 467 ergo,
921 436 950 459 ut
971 434 1030 458 erat

245 478 486 513 clementissimus,
511 479 664 512 concessit,
690 478 785 506 dicens
803 487 810 505 :
831 477 900 505 Cum
928 485 944 504 e
965 476 1028 504 navi

244 523 347 559 egressi
364 523 472 552 fueritis
485 544 493 557 ,
511 532 546 552 ne
561 531 614 552 una
638 524 718 551 multi
734 522 887 558 procedatis
909 521 944 549 ad
964 530 1028 556 spe-

243 569 389 597 ctationem
401 577 496 598 eorum
517 577 578 605 quae
600 569 700 605 cupitis
725 578 732 596 :
753 568 817 597 nolo
838 568 911 596 enim
926 568 1027 596 civium

243 623 394 644 concursus
417 617 452 645 ad
474 625 524 645 vos
545 617 613 645 ﬁeri.
631 617 721 652 Atque
738 617 779 644 sic
793 616 953 652 navigantes
967 623 1027 643 mo~

243 666 335 689 mento
359 662 434 690 hora:
458 663 485 690 in
507 662 625 690 insulam
649 662 731 690 delati
745 669 851 690 sumus.
868 660 901 688 Et
915 662 1029 690 descen-

241 706 336 735 dentes
345 714 378 735 ex
391 709 491 743 scapha
504 715 537 736 eo
551 707 688 743 progressi
708 714 816 739 sumus,
830 706 877 733 ubi
888 711 967 733 erant
981 713 1027 733 co—

242 752 342 780 lumnae
361 753 458 786 vitem;
473 753 611 788 simulque
631 760 694 780 cum
718 751 856 780 columnis
867 751 937 780 alius
952 751 1027 779 aliud

240 807 273 826 ex
288 797 392 826 Phidiae
402 799 532 834 operibus
548 798 698 834 spectabat.

275 843 344 872 XIII.
373 843 450 873 Unus
470 849 562 873 autem
588 843 686 872 Petrus
712 850 824 872 necesse
844 849 899 871 non
923 841 1027 877 putavit

241 897 301 925 qua:
321 890 359 918 illi
373 895 452 918 erant
470 891 599 924 invisere,
622 891 670 919 sed
692 890 823 918 attentius
844 889 1026 918 considerans

241 935 382 963 mulierem
397 936 556 971 quamdam,
569 940 646 964 extra
662 944 712 971 pro
727 935 833 964 foribus
848 935 987 963 sedentem
998 939 1026 962 et

241 980 328 1009 vietus
349 981 438 1016 gratia
460 981 661 1009 mendicantem
677 991 684 1009 :
701 981 798 1008 Mulier
809 1002 817 1014 ,
836 980 935 1016 inquit,
950 980 1024 1015 quod

239 1027 286 1055 tibi
300 1028 453 1056 membrum
467 1028 553 1059 deest.
567 1032 597 1055 ut
610 1032 713 1055 tantam
724 1027 917 1055 contumeliam
930 1034 1025 1054 susce-

238 1074 321 1109 peris,
337 1074 462 1109 petendi,
477 1074 602 1110 inquam,
616 1074 712 1109 stipem
727 1078 755 1101 et
764 1081 819 1101 non
830 1073 921 1108 potius
936 1072 1024 1100 mani-

236 1119 288 1147 bus
303 1119 366 1153 tuis,
381 1128 451 1156 quas
462 1128 477 1147 a
490 1119 545 1147 Deo
554 1120 694 1155 accepisti,
707 1127 824 1154 operans
834 1119 1023 1154 quotidianum

236 1166 328 1194 cibum
339 1168 440 1202 quaeris
451 1166 462 1194 ?
473 1166 508 1194 At
522 1166 567 1194 illa
582 1167 725 1202 suspirans
733 1166 871 1201 respondit
889 1173 896 1192 :
913 1164 1022 1192 Utinam

237 1212 303 1240 mibi
318 1213 429 1248 quidem
448 1218 541 1241 essent
553 1221 661 1247 manus,
671 1220 733 1248 qua:
753 1217 865 1248 possent
878 1212 1021 1239 laboraret

235 1266 310 1286 nunc
322 1264 415 1287 autem
431 1259 500 1287 mibi
515 1259 603 1286 solam
619 1267 750 1287 manuum
765 1258 884 1294 speciem
901 1262 1021 1289 servant,

235 1312 297 1332 eum
312 1305 369 1333 sint
387 1309 519 1333 emortua:
530 1324 538 1338 ,
558 1305 696 1333 morsibus
709 1304 779 1332 meis
792 1308 904 1331 vexatae.
924 1303 957 1330 Et
971 1302 1022 1330 Pe-

236 1356 296 1379 trus
317 1351 494 1387 interrogavit
510 1360 517 1379 :
532 1350 599 1384 Quae
619 1359 685 1379 vero
700 1351 752 1378 I'uit
765 1358 860 1384 causa,
884 1355 916 1377 ut
937 1357 1021 1385 grave

235 1400 287 1427 hoc
298 1399 404 1426 malum
421 1397 674 1426 sustineres?Tum
691 1398 735 1425 illa
752 1397 892 1433 respondit
907 1406 914 1425 :
927 1396 1020 1424 Animi

234 1444 420 1477 imbecillitas,
444 1451 495 1472 nec
521 1444 596 1472 aliud
620 1444 781 1479 quidquam.
808 1443 837 1470 Si
859 1443 932 1470 enim
955 1441 1019 1470 forti

234 1491 328 1519 animo
343 1490 457 1519 fuissem
472 1490 597 1525 praedita,
613 1495 672 1518 erat
685 1490 878 1526 praecipitium,
893 1495 953 1517 erat
972 1497 1019 1524 pe-

234 1538 323 1574 lagus,
348 1537 422 1565 unde
442 1545 486 1565 me
505 1537 637 1572 dejiciens
660 1542 782 1572 poteram
802 1536 882 1564 malis
895 1536 1018 1564 dolorem

234 1585 301 1612 mihi
314 1584 490 1612 aﬂ'erentibus
505 1584 586 1612 tinem
599 1585 749 1619 imponere.

267 1629 339 1657 XIV.
354 1629 423 1657 Tum
438 1629 535 1658 Petrus
545 1630 604 1657 inti:
617 1639 624 1657 :
639 1629 672 1657 Et
683 1630 748 1664 quid
760 1629 772 1656 ?
782 1629 901 1657 Putasne
911 1630 1018 1663 mulier,

233 1676 307 1711 quod
321 1675 369 1711 qui
383 1675 545 1710 semetipsos
556 1675 704 1710 perimunt,
721 1675 834 1702 omnino
846 1683 862 1702 a
878 1675 1019 1710 suppliciis

233 1723 396 1756 liberantur,
411 1729 504 1750 annon
514 1722 606 1758 potius
617 1722 715 1750 anima:
728 1729 836 1755 eorum,
851 1722 899 1758 qui
912 1723 948 1750 ita
961 1731 1019 1751 mo-

232 1769 350 1802 riuntur,
367 1768 517 1804 majoribus
531 1769 682 1804 puniuntur
704 1768 775 1804 apud
796 1768 898 1797 inferos
917 1769 1018 1804 pomis,

233 1819 342 1851 propter
362 1815 407 1842 sui
426 1814 603 1842 homicidium
615 1814 626 1842 ?
638 1814 673 1842 At
686 1814 731 1842 illa
748 1823 755 1842 :
776 1813 895 1848 Utinam,
917 1815 1017 1850 inquit,

231 1867 394 1895 persuasum
408 1859 476 1887 mihi
492 1864 581 1893 esset,
593 1867 688 1888 revera
708 1860 734 1887 in
749 1860 844 1888 inieris
855 1860 961 1888 animas
977 1861 1019 1888 vi-

231 1913 279 1934 vas
295 1905 425 1940 reperiri;
443 1904 537 1940 utique
555 1906 720 1940 contemptis
741 1906 831 1940 poenis
847 1906 917 1934 mori
936 1906 1020 1942 elige-

232 1959 300 1984 rem,
321 1955 352 1978 ut
366 1951 461 1978 horam
473 1951 570 1978 saltem
588 1959 671 1978 unam
687 1951 806 1979 viderem
819 1952 886 1979 mihi
904 1958 1017 1987 exopta-

231 1997 363 2025 tissimos.
386 1996 420 2024 Et
435 1996 532 2025 Petrus
553 1997 623 2025 dixit
643 2005 650 2024 :
673 1997 808 2031 Quidnam
829 1998 875 2030 sit,
896 2000 969 2034 quod
993 2005 1018 2027 te

231 2043 381 2075 excruciet,
398 2043 468 2070 scire
480 2043 562 2070 velim
575 2063 583 2076 ,
605 2043 716 2071 mulier.
734 2044 762 2071 Si
774 2043 847 2072 enim
860 2052 904 2072 me
917 2045 1018 2073 docue-

233 2089 282 2121 ris,
306 2095 356 2123 pro
371 2095 404 2115 ea
418 2088 505 2123 gratia
518 2092 620 2116 certam
644 2093 669 2115 te
683 2088 781 2116 faciam
796 2089 830 2117 de
844 2090 943 2118 anima),
962 2091 1017 2118 vita

230 2134 303 2169 apud
317 2133 431 2166 inferos,
447 2138 475 2161 et
490 2141 540 2169 pro
555 2134 705 2169 praecipitio
725 2135 767 2162 vel
782 2135 918 2170 profundo
932 2137 1018 2164 medi-

231 2185 388 2208 camentum
409 2180 515 2208 tradam
550 2185 581 2208 ut
603 2181 662 2208 sine
677 2180 801 2209 cruciatu
821 2181 912 2210 valeas
933 2182 1016 2210 vitam

230 2232 409 2254 commutare.

265 2283 325 2312 XV.
338 2283 416 2311 Tunc
427 2284 535 2314 mulier,
548 2291 608 2319 qua:
622 2284 779 2320 ambiguum
792 2293 946 2313 sermonem
960 2293 1014 2312 non

1083 298 1138 324 ptov
1153 289 1338 326 ὀρθριαίτερον
1351 289 1373 305 ⁸⁸
1390 288 1446 324 (57)
1462 289 1503 320 είς
1518 287 1644 324 Ἀραδον,
1661 287 1711 323 τὴν
1728 287 1889 314 κατέναντι

1081 335 1171 370 νῆσον,
1184 334 1353 367 εἰσπλεῦσαι,
1369 334 1528 370 τριάκοντα,
1541 332 1629 369 οἶμαι,
1643 334 1698 372 οὐδ’
1713 333 1795 365 ὅλους
1812 332 1891 360 ἀπέ-

1080 389 1180 415 χουσαν
1191 380 1324 412 σταδίους,
1342 380 1380 411 ὼς
1390 379 1437 406 ἐπὶ
1455 380 1560 415 ἱστορίᾳ
1573 379 1627 406 τῶν
1643 379 1702 406 ἐκεῖ
1715 377 1888 414 ἀμπελίνων

1079 425 1126 452 δύο
1137 425 1240 452 στύλων
1255 426 1371 461 μέγιστα
1388 425 1503 461 ἑχόντων
1519 425 1605 461 πάχη.
1630 425 1659 452 '0
1675 421 1722 451 οὖν
1734 423 1889 459 πειθήνιος

1079 470 1379 507 Πέτρος,συνεχώρησεν
1391 470 1485 498 εἰπών’
1495 471 1578 498 Ἑπὰν
1590 471 1637 497 τοῦ
1651 470 1744 497 πλοίου
1756 469 1884 504 ὲκὸῆτε,

1080 515 1118 552 μὴ
1136 516 1195 552 ἅμα
1211 517 1303 543 πολλοὶ
1319 517 1475 553 εἰσέρχεσθε
1491 517 1532 548 είς
1550 516 1600 552 τὴν
1617 516 1734 551 θεωρίαν
1750 514 1790 542 ὧν
1810 515 1886 541 ἐπι-

1078 562 1199 598 θυμεῖτε
1224 563 1255 589 οὐ
1279 563 1334 599 γὰρ
1356 563 1484 598 βούλομαι
1509 563 1669 598 στρέμματα
1685 561 1811 596 γίνεσθαι
1831 562 1880 592 εἰς

1077 608 1149 644 ὑμᾶς
1156 609 1177 624 ⁶¹
1187 609 1240 636 τῶν
1257 609 1382 636 πολιτῶν.
1396 609 1453 636 Καὶ
1469 608 1540 635 οὕτω
1559 609 1595 642 ’³,
1613 607 1780 639 πλεύσαντες
1799 608 1881 642 ῥοπῇ

1077 653 1162 689 ὥρας,
1180 654 1354 690 κατήχθημεν
1375 655 1415 686 εἰς
1434 655 1484 690 τὴν
1495 655 1585 690 νῆσον.
1608 653 1753 684 Ἐκόάντες
1776 653 1806 679 δὲ
1828 652 1884 678 τοῦ

1078 700 1209 734 σκάφους,
1235 700 1374 736 εἰσῄειμεν
1396 700 1461 727 ἔνθα
1477 701 1501 727 oi
1517 700 1660 736 ἀμπέλινοι
1677 699 1768 726 στῦλοι
1790 696 1884 734 ἦσαν,

1075 745 1150 781 ὁμῶς
1167 746 1190 762 τι
1210 746 1268 782 ἆμα
1285 747 1377 778 αὐτοῖς
1393 746 1472 778 ἄλλος
1488 746 1552 774 ἄλλο
1561 755 1588 773 τι
1599 747 1622 762 ⁷¹
1638 746 1692 773 τῶν
1707 745 1814 772 Φειδίου
1827 745 1880 781 ἔρ-

1075 798 1132 824 γων
1148 790 1271 826 ἐθεώρει.

1111 836 1179 863 ΧΙΙΙ.
1197 837 1300 873 Πέτρος
1317 837 1345 863 δὲ
1363 837 1441 873 μόνος
1457 838 1507 864 οὐκ
1522 837 1669 872 ἀναγκαῖον
1683 836 1807 872 ἡγήσατο
1829 835 1881 862 ἐπὶ

1041 882 1062 910 Β
1075 881 1124 918 τὴν
1141 881 1195 908 τῶν
1219 882 1276 908 ἐκεῖ
1293 882 1412 918 ἱστορίαν
1428 882 1451 898 ⁷³
1476 883 1623 917 γενέσθαι,
1643 882 1754 916 γυναικὶ
1775 882 1804 908 δέ
1822 890 1881 908 τινι

1032 1553 1053 1582 C

1076 928 1129 962 ἔξω
1144 929 1197 964 πρὸ
1211 929 1264 956 τῶν
1283 928 1372 965 θυρῶν
1398 929 1567 965 καθεζομένῃ
1592 929 1640 955 καὶ
1664 928 1768 964 τροφῆς
1792 928 1882 964 χάριν

1077 974 1240 1011 μεταιτούσῃ
1256 975 1356 1007 πυκνὰ,
1378 976 1560 1011 κατανοήσας,
1575 975 1638 1011 ἔφη·
1659 974 1762 1006 Γύναι,
1786 974 1815 1000 τί
1835 982 1881 1000 σοι

1074 1020 1128 1048 τῶν
1146 1020 1233 1056 μελῶν
1243 1020 1342 1053 λείπει,
1359 1021 1401 1048 ὅτι
1417 1021 1550 1056 τοσαύτην
1563 1020 1641 1056 ὓϐριν
1658 1019 1786 1053 ἀνεδέξω,
1801 1019 1881 1054 λέγω

1074 1065 1106 1102 δὴ
1130 1066 1160 1092 τὸ
1177 1068 1350 1101 προσαιτεῖν,
1375 1066 1423 1094 καὶ
1440 1066 1477 1102 μὴ
1495 1066 1594 1102 μᾶλλον
1612 1067 1673 1098 ταῖς
1690 1065 1742 1092 ὑπὸ
1763 1064 1835 1091 Θεοῦ
1852 1065 1879 1080 ⁷⁵

1075 1119 1117 1137 σοι
1133 1111 1334 1146 δεδωρημέναις
1349 1112 1443 1146 χερσὶν
1459 1111 1632 1148 ἐργαζομένη
1647 1111 1696 1142 τὰς
1713 1110 1878 1146 ἐφημέρους

1073 1155 1172 1192 πορίζῃ
1200 1156 1224 1172 ’⁸
1248 1155 1369 1192 τροφάςς
1394 1156 1427 1184 Ἡ
1448 1157 1486 1189 δὲ,
1507 1156 1669 1189 στενάξασα,
1690 1156 1874 1192 ἀπεκρίνατο·

1073 1201 1136 1227 Είθε
1146 1201 1202 1237 γὰρ
1215 1198 1285 1237 ἦσαν
1297 1201 1437 1238 μοιζχεῐρες
1453 1202 1599 1238 ὑπουργεῖν
1611 1200 1693 1237 264
1704 1201 1872 1236 δυνάμεναιί

1074 1247 1122 1274 νῦν
1137 1247 1165 1274 δέ
1183 1256 1227 1283 μοι
1244 1248 1336 1283 σχῆμα
1349 1248 1427 1283 μόνον
1444 1247 1543 1284 χειρῶν
1560 1247 1754 1282 φυλάσσουσιν,
1773 1247 1876 1282 νεκραὶ

1073 1294 1277 1328 τυγχάνουσαι,
1300 1294 1354 1321 ὑπὸ
1368 1294 1514 1330 δηγμάτων
1532 1294 1606 1329 ὲμῶν
1628 1293 1872 1329 βεϐασανισμέναι.

1074 1339 1129 1366 Kal
1144 1341 1158 1366 ὁ
1174 1340 1276 1376 Πέτρος
1297 1340 1420 1367 ἐπύθετο·
1447 1340 1495 1372 Τίς
1523 1340 1552 1366 δὲ
1573 1341 1590 1375 ἡ
1616 1340 1691 1367 αἰτία
1707 1340 1754 1366 τοῦ
1782 1348 1813 1366 σε
1840 1339 1874 1366 τὸ

1074 1384 1190 1420 χαλεπὸν
1214 1385 1294 1412 τοῦτο
1323 1385 1484 1412 πεπονθέναι
1505 1385 1548 1417 ⁷⁶;
1573 1384 1603 1411 Ἦ
1630 1384 1659 1411 δὲ
1687 1385 1870 1420 ἀπεκρίνατο-

1073 1431 1170 1466 Ψυχῆς
1195 1430 1321 1457 ἀσθένεια
1339 1430 1388 1457 καὶ
1411 1430 1491 1457 πλέον
1509 1430 1599 1457 οὐθέν.
1617 1430 1649 1456 Εἰ
1669 1429 1724 1465 γὰρ
1746 1430 1872 1465 ἀνδρεῖον

1071 1474 1144 1511 εἶχον
1159 1476 1294 1512 φρόνημα,
1312 1474 1346 1512 ἦν
1364 1476 1496 1512 κρημνὸς,
1513 1473 1546 1511 ἦν
1564 1476 1586 1492 τ’
1598 1475 1688 1511 βυθὸς,
1706 1475 1768 1502 ὅθεν
1784 1476 1871 1510 ἐμαυ-

1071 1521 1119 1558 τὴν
1137 1522 1250 1558 ῥίψασα,
1258 1521 1313 1549 τῶν
1329 1521 1483 1549 ὁδυνὼντων
1501 1530 1534 1557 με
1551 1521 1708 1549 παύσασθαι
1725 1521 1870 1556 ἠδυνάμην

1071 1576 1172 1594 κακων.

1105 1632 1176 1660 XIV.
1196 1633 1251 1659 Kal
1265 1634 1279 1659 ὁ
1292 1633 1396 1669 Πέτρος
1409 1632 1472 1669 ἔφη·
1492 1632 1524 1659 Τί
1540 1629 1587 1659 οὖν
1599 1631 1697 1665 ποίει,
1714 1631 1808 1666 γύναι,
1827 1632 1868 1658 ὅτι

1071 1680 1179 1711 πάντως
1202 1681 1227 1706 οι
1250 1679 1425 1715 ἀναιροῦντες
1440 1679 1553 1711 ἑαυτοὺς
1568 1679 1707 1710 κολάσεως
1724 1679 1868 1706 ἀπαλλασ-

1071 1733 1173 1757 σονται,
1190 1725 1206 1761 ἢ
1225 1725 1291 1761 μήτι
1306 1726 1330 1741 ⁷⁸
1345 1725 1448 1761 χείρονι
1464 1725 1576 1752 κολάσει
1591 1725 1620 1751 ὲν
1637 1725 1688 1760 ᾂδῃ
1706 1725 1734 1751 αἱ
1750 1724 1805 1751 τῶν
1821 1724 1867 1751 οῦ-

1069 1779 1124 1803 τως
1148 1770 1320 1807 θνησκόντων
1333 1771 1418 1806 ψυχαὶ
1435 1772 1499 1807 περὶ
1514 1771 1565 1806 τῆς
1585 1770 1762 1802 αὑτοκτονίας
1785 1771 1865 1797 κολά-

1071 1816 1181 1850 ζοντας
1204 1817 1236 1843 Ἡ
1248 1817 1276 1843 δὲ
1291 1816 1343 1852 ἔφη
1357 1817 1391 1833 ⁷⁹θ
1408 1817 1471 1844 Εἴθε
1482 1817 1664 1852 ἐπεπείσμην,
1679 1817 1721 1843 ὄτι
1734 1817 1820 1848 ὅντως
1835 1817 1865 1843 ὲν

1070 1862 1122 1899 ᾄδῃ
1135 1861 1220 1897 ψυχαὶ
1236 1861 1408 1898 εὑρίσκονται
1424 1861 1526 1894 ζῶσαι,
1548 1862 1595 1889 καὶ
1611 1862 1738 1897 ἠγάπων,
1756 1861 1806 1896 τῆς
1818 1870 1864 1887 κο-

1069 1907 1173 1939 λάσεως
1189 1907 1432 1942 καταφρονήσασα,
1447 1907 1699 1939 θανεῖν,ὅπωςτοῦς
1714 1907 1799 1942 ἐμοὺς
1815 1915 1862 1932 πε-

1071 1953 1231 1988 ριποθήτους
1256 1953 1303 1980 ἴδω
1325 1953 1348 1969 ⁸⁰
1372 1953 1422 1980 κᾶν
1444 1953 1507 1988 μίαν
1523 1952 1616 1989 ὤρανῐ
1643 1953 1699 1979 Καὶ
1723 1953 1738 1980 ὁ
1762 1952 1863 1988 Πέτρος

1069 1998 1133 2034 ἔφη’
1151 1999 1183 2025 Τί
1202 1999 1257 2035 ἄρα
1273 1999 1332 2025 ἐστὶ
1347 1999 1378 2025 τὸ
1391 1999 1493 2026 λυποῦν
1511 2008 1552 2031 σε,
1575 1998 1670 2034 μαθεῖν
1691 1998 1797 2034 ἤθελον,
1815 1998 1862 2031 γύ-

1070 2052 1124 2070 ναι.
1146 2043 1208 2071 Ἐὰν
1224 2044 1279 2080 γάρ
1300 2052 1334 2079 με
1350 2044 1470 2079 διδάξῃς,
1491 2044 1551 2070 ἀντὶ
1566 2044 1669 2079 ταύτης
1686 2044 1736 2078 τῆς
1752 2043 1861 2079 χάριτος

1071 2089 1271 2126 πληροφορήσω
1292 2098 1322 2116 σε
1334 2110 1341 2123 ,
1368 2090 1409 2116 ἇτι
1433 2090 1461 2116 ὲν
1477 2089 1528 2126 ᾄδῃ
1549 2089 1632 2121 ζῶσιν
1652 2089 1680 2116 αἱ
1697 2089 1793 2124 ψυχαλ,
1815 2090 1861 2115 καὶ

1069 2134 1129 2161 ἀντὶ
1154 2133 1279 2170 κρημνοῦ
1307 2133 1323 2169 ἢ
1350 2133 1430 2168 βυθοῦ
1453 2134 1598 2169 φάρμακον
1622 2133 1700 2160 δώσω
1722 2133 1761 2164 ⁸³,
1787 2133 1860 2164 ὅπως

1069 2179 1256 2211 ἀϐασανίστως
1271 2178 1320 2206 τοῦ
1341 2178 1390 2214 ζῇν
1406 2179 1452 2206 τὸν
1479 2179 1535 2214 βίον
1558 2178 1614 2215 (58)
1632 2178 1797 2214 μεταλλάξαι
1814 2178 1859 2204 δυ-

1032 2233 1059 2263 ι)
1070 2225 1163 2260 νιὶθῇς·

1103 2289 1226 2318 XV.Kal
1242 2292 1258 2327 ἡ
1273 2292 1352 2327 γυνὴ,
1369 2291 1399 2318 τὸ
1413 2291 1569 2327 ἀμφιϐόλως
1587 2292 1668 2328 ῥηθὲν
1685 2291 1722 2328 μὴ
1738 2293 1856 2324 συνεῖσα,

231 2330 402 2365 intelligeret,
427 2330 608 2364 promissione
635 2335 773 2365 gratanter
797 2336 907 2365 accepta
931 2332 1015 2366 cmpit

1075 2335 1115 2361 ἐπὶ
1130 2336 1164 2371 τῇ
1180 2336 1324 2371 ὑποσχέσει
1340 2335 1464 2371 ἡσθεῖσα,
1481 2337 1527 2363 τοῦ
1542 2336 1632 2370 λέγειν
1645 2336 1746 2372 ἤρξατο
1761 2335 1854 2367 οὕτως·

229 2376 320 2403 dicere
335 2376 408 2403 hunc
427 2375 452 2402 in
466 2375 576 2402 modum
594 2385 601 2402 :
616 2375 708 2403 Genus
727 2376 836 2410 quidem
856 2380 883 2403 et
896 2377 1012 2410 patriam

1075 2379 1147 2411 Γένος
1156 2380 1204 2416 μὲν
1215 2381 1261 2408 καὶ
1271 2381 1387 2417 πατρίδα
1397 2382 1483 2409 εἰπεῖν
1489 2382 1512 2397 ⁸¹
1519 2401 1526 2414 ,
1535 2382 1586 2408 οὐκ
1593 2381 1673 2416 265
1680 2379 1757 2416 οἶμαι
1767 2381 1855 2408 πεῖσαί

894 2433 1013 2461 VARle
1032 2435 1232 2465 LECTIONES.

265 2477 288 2514 ‘_'
317 2477 354 2514 Ita
385 2478 407 2505 0
446 2486 470 2506 c.
489 2478 688 2514 8,ὀρθρίτερον
703 2479 734 2506 C.

798 2479 914 2524 Ἠελδεί
925 2479 1085 2524 91:30“;
1098 2481 1163 2522 “ss-
1180 2483 1232 2510 ⁸04
1249 2488 1276 2524 ει
1287 2483 1362 2524 βηίι-
1376 2491 1401 2524 9-
1420 2483 1484 2524 δον-
1493 2485 1573 2524 ἡμᾶς.
1594 2483 1625 2524 .C-

1677 2485 1700 2500 ⁷⁰
1713 2484 1800 2516 οὕτως
1823 2485 1851 2512 C.

230 2514 252 2554 ξε
269 2512 304 2539 lla
373 2513 448 2554 ὅμωξ
467 2512 559 2554 (:,__0'.
582 2512 621 2529 "-
640 2512 703 2554 ἄλλο
715 2513 806 2554 ari/nt
821 2512 1153 2554 οί-τχιστσρεᾳνονίιϊ
1171 2526 1226 2552 quo
1251 2512 1348 2546 deinde
1375 2512 1520 2554 θυρωρ‹ἷ›ν’.’
1555 2512 1642 2546 Mne
1665 2519 1713 2546 τοῦ
1732 2512 1798 2545 Θεοῦ
1823 2522 1850 2547 (ς.

230 2549 252 2564 "
271 2548 395 2584 πορίζεις
413 2549 458 2584 7C.
509 2549 533 2564 "
549 2549 728 2584 πεποιηκέναι
742 2548 786 2584 οη
830 2549 856 2584 ⁷⁷7
869 2550 886 2584 ἡ
901 2550 931 2576 C.

229 2584 250 2606 ι¹
268 2583 345 2611 δώσω
359 2584 386 2619 S,
406 2583 438 2619 0,
453 2584 492 2611 δῶ
509 2584 540 2612 C.
585 2584 609 2600 ³³
624 2583 699 2610 Fort.
716 2583 830 2610 εἰποῦσα
846 2583 874 2611 S.

983 2550 1007 2564 ⁷⁸
1021 2550 1067 2585 Μὴ
1088 2553 1121 2587 τῇ
1149 2550 1188 2588 p._
1200 2554 1264 2589 μήτι
1282 2554 1313 2581 C.

1363 2554 1386 2571 ⁷⁹
1405 2554 1428 2582 0
1462 2554 1506 2582 bis
1530 2554 1594 2582 exh.
1615 2554 1668 2590 ἔφη
1705 2555 1728 2570 ⁸⁸
1745 2555 1805 2581 εἰδῶ
1821 2555 1850 2582 0.

879 2641 1062 2670 VARIORUM
1081 2642 1196 2670 NOTAE.

265 2687 322 2722 ('57)
339 2687 459 2716 Insulam
477 2689 682 2722 Aradum,urbi
697 2687 836 2715 Antarado
850 2695 884 2715 ex
899 2687 1015 2715 adverso

229 2723 321 2755 sitam,
341 2729 491 2750 memorant
509 2723 611 2752 Herod.
625 2731 674 2757 vn,
695 2723 740 2751 98.
769 2723 860 2750 Strab.
881 2731 938 2756 va,
951 2722 1014 2750 755.

228 2758 347 2784 Casaub.
369 2757 510 2786 δαίνυσαι..

266 2793 323 2826 (ἥδ)
348 2792 460 2820 Videtur
472 2794 517 2820 τὸν
533 2794 590 2829 βίον
610 2801 671 2822 esse
689 2793 876 2829 interpretatio
889 2791 936 2829 τοῦ
957 2793 1015 2829 ζῇν.

231 2821 278 2867 εει
293 2818 1018 2867 ηιιράξάᾕφςέδλρῖἐ,..ῖῑιῖυξςιῖζῇιῆιξιξιιέςίιίεέςει

230 2863 263 2890 dc
283 2863 434 2890 mutatione
449 2864 509 2891 vita:
527 2866 555 2892 iu
567 2863 673 2898 melius,
690 2865 716 2892 id
732 2863 873 2892 Matlbidia
891 2863 925 2892 de
942 2870 1018 2891 com-

1069 2688 1231 2725 mutatione
1243 2688 1314 2725 vita;
1328 2696 1391 2715 cum
1413 2694 1501 2717 morte
1525 2690 1766 2725 interpretabatur.
1786 2690 1850 2724 Lege

1069 2731 1130 2761 cap.
1151 2723 1194 2750 18.
1211 2723 1279 2751 Co'r.
1295 2723 1408 2750 Fallitur
1419 2725 1468 2761 _G_,
1483 2732 1545 2752 cum
1558 2723 1605 2752 τὸν
1621 2725 1677 2761 βίον
1695 2726 1849 2761 interpreta-

1071 2758 1171 2796 tionem
1196 2766 1257 2796 esse
1277 2764 1370 2786 censet
1378 2759 1432 2796 »τοῦ
1451 2759 1510 2795 ζῇν,
1539 2768 1602 2787 nam
1621 2758 1678 2796 βίον
1696 2758 1848 2796 ζῇννάίῡιιηῑ

1071 2792 1146 2830 Plato
1165 2793 1314 2830 optimique
1329 2792 1545 2830 scriptoresalii.
1564 2792 1639 2823 Licet
1656 2792 1740 2830 igitur
1755 2795 1794 2822 hac
1807 2804 1848 2821 vu-

1071 2835 1116 2866 ccs
1129 2829 1156 2855 in
1167 2828 1238 2863 Epit.
1251 2837 1310 2862 cap.
1326 2828 1360 2854 8‘2
1376 2833 1403 2866 et
1420 2830 1490 2866 infra
1505 2839 1529 2866 ς.
1544 2831 1577 2857 IS
1597 2839 1653 2859 non
1663 2828 1781 2866 exstent,
1792 2838 1846 2859 oin-

1072 2863 1137 2892 nino
1151 2867 1240 2891 tamen
1258 2868 1321 2891 sunt
1336 2864 1491 2892 retiucndm.
1505 2865 1597 2895 DAVIS.
