1932 3100
58 152 98 180 διδ

57 216 108 234 ποτε
120 206 260 243 δυνηθῆναί
279 216 349 235 τινα.
364 208 440 245 Πλὴν
455 209 503 236 καὶ
518 209 559 236 σοί
574 209 600 236 τί
613 209 734 246 διαφέρει
745 209 824 236 τοῦτο
837 213 861 242 Α

57 253 144 289 μαθεῖν,
160 253 176 289 ἢ
194 253 276 289 μόνον
294 255 318 271 ⁸³
332 255 382 290 τὴν
394 256 495 288 αίτίαν,
511 253 546 291 ἦς
560 255 654 282 ἕνεκεν
669 255 822 291 όδυνωμένη

55 300 152 334 δήγμασι
160 299 208 331 τὰς
229 300 303 335 ἐμὰς
320 300 460 337 ἐνέκρωσα
483 303 594 337 χεῖρας·
615 301 684 336 πλὴν
705 301 740 328 τὰ
762 303 822 328 κατ’

55 345 163 379 ἐμαυτὴν,
178 345 216 376 ὡς
228 345 343 373 δυνατὸν
360 346 475 373 ἀκοῦσαί
491 355 531 378 σε,
543 347 717 383 διηγήσομαιΔ
741 346 822 381 Ἐγὼ,

55 391 110 417 πάνυ
129 391 237 427 εὐγενὴς
260 391 433 428 ὑπάρχουσα,
455 393 584 420 δυνάστου
594 393 617 409 ⁸⁵
640 393 712 425 τινὸς
737 401 823 428 προσ-

54 439 108 471 ταγῇ
123 437 193 472 ἀνδρὶ
208 438 279 474 πρὸς
300 439 396 473 γένους
418 439 490 475 αὺτῷ
510 440 660 476 ὑπάρχοντι
690 441 823 477 ἐγενόμην

54 483 116 518 γυνή.
135 484 186 510 Καὶ
206 483 276 519 μετὰ
292 484 390 521 δίδυμα
405 486 487 512 τέκνα
503 486 582 522 ἔσχον
596 487 690 522 ἕτερον
705 487 772 514 υἱόν.
793 487 822 514 '0

53 529 73 554 δὲ
82 528 121 554 τοῦ
132 529 195 564 ἐμοῦ
209 529 309 566 ἀνδρὸς
325 530 439 565 ἀδελφὸς
455 533 549 567 μανεὶς
564 532 614 560 οὐκ
630 532 738 559 ἔλαττον
753 533 823 569 ἠρά-

54 573 92 608 σθη
108 582 153 608 μου
166 573 214 608 τῆς
231 574 411 610 ταλαιπώρου
425 575 458 607 ⁸⁸,
477 575 579 612 σφόδρα
595 577 743 612 σωφρονεῖν
758 577 824 610 ἀγα-

54 617 138 653 πώσης.
161 619 215 646 Καὶ
231 619 383 656 βουλομένη
398 621 421 637 ⁸⁸
444 622 512 656 μήτε
536 621 575 656 τῷ
599 622 701 657 ἐραστῇ
729 621 823 648 συνθέ-

53 664 115 696 σθαι,
142 665 214 699 μήτε
226 665 267 700 τῷ
295 665 355 701 ἐμῷ
371 666 446 702 ἀνδρὶ
459 666 605 694 ἀναθέσθαι
623 667 669 694 τὸν
682 667 729 694 τοῦ
747 667 823 694 ἀδελ-

52 709 92 742 φοῦ
113 709 187 735 αὑτοῦ
216 711 288 746 πρὸς
319 711 371 746 ἐμὲ
394 711 500 747 ἔρωτα,
530 712 708 748 ἐλογισάμην,
732 713 776 740 ἵνα
798 714 820 730 ⁸⁷

53 755 108 790 μήτε
121 757 303 793 μοιχησαμένη
319 758 440 794 ἐμαυτὴν
465 759 567 794 μιανῶ,
595 760 663 795 μήτε
679 759 726 786 τοῦ
753 759 821 796 ἐμοῦ

52 801 129 836 ἀνδρὸς
154 802 201 837 τὴν
226 803 323 838 κοίτην
347 804 469 840 ὑϐρίσω,
494 805 561 841 μήτε
583 805 622 840 τῷ
645 805 751 841 ἀδελφῷ
775 806 821 833 τὸν

52 846 143 882 ἂδελςρὸν
177 848 309 884 πολέμιον
341 851 518 886 καταστήσω,
553 851 620 887 μήτε
652 851 711 878 ὅλον
743 852 821 886 γένος

52 892 109 926 μέγα
127 893 153 920 δν
167 894 205 926 είς
219 895 375 931 ὀνειδισμὸν
390 897 472 923 πᾶσιν
494 895 620 928 ὑποὸαλῶ
635 897 668 913 ⁸⁸·
684 897 722 929 ὡς
741 897 818 933 ἔφην,
835 893 857 923 Β

52 938 192 975 ἐλογισάμην
207 940 258 976 τὴν
273 941 353 968 πόλιν
375 941 444 977 μετὰ
459 941 512 968 τῶν
527 941 602 977 ἐμῶν
619 942 737 978 διδύμων
754 943 818 970 παί-

51 986 91 1012 δων
107 987 213 1023 ὲκὸῆναι
233 989 284 1016 ἐπὶ
304 990 400 1025 χρόνον
415 990 476 1017 τινὰ
487 1009 495 1022 ,
510 990 562 1022 ἔως
575 990 607 1017 ἂν
625 991 672 1018 καὶ
688 991 702 1017 ό
721 991 819 1027 μιαρὸς

52 1032 105 1068 ἔρως
116 1033 248 1070 παύσηται
264 1036 315 1062 τοῦ
332 1037 378 1063 ἐπὶ
401 1038 433 1072 τῇ
454 1038 506 1073 ἐμῇ
523 1036 602 1073 ὕϐρει
627 1037 819 1069 κολακεύοντός

52 1086 85 1112 με.
104 1079 149 1105 Τδν
171 1080 262 1115 μέντοι
289 1081 384 1117 ἕτερον
401 1082 457 1109 υἱὸν
478 1082 552 1119 παρὰ
568 1082 607 1118 τῷ
630 1083 713 1119 πατρὶ
729 1084 819 1118 μεῖναι

51 1124 80 1155 εἰς
93 1126 258 1161 παραμυθίαν
279 1128 435 1156 κατέλιπον.

76 1170 134 1199 XVI.
153 1172 223 1208 Πλὴν
231 1173 266 1205 ⁵⁸,
281 1174 328 1201 ἵνα
341 1174 427 1202 ταῦτα
451 1174 537 1207 οὕτως
549 1175 673 1210 γένηται,
685 1174 819 1211 ἐπενόησα

51 1216 134 1252 ινειρον
151 1218 319 1251 πλάσαςθαι,
338 1220 376 1251 ὡς
397 1220 428 1256 δή
445 1229 518 1252 τινος
531 1221 640 1257 νύκτωρ
656 1221 819 1253 ἐπιστάντος

51 1271 85 1296 μοι
99 1265 140 1290 καὶ
154 1265 312 1300 εἰρηκότος·
330 1266 422 1298 Γύναι,
437 1267 553 1302 ἐξαυτῆς
561 1267 584 1283 ⁸ο
600 1266 658 1302 ἅμα
679 1269 735 1299 τοῖς
749 1267 821 1294 διδύ-

52 1316 99 1341 μοις
111 1317 152 1336 σου
165 1311 270 1342 τέκνοις
281 1312 330 1338 ἐπὶ
345 1311 438 1347 χρόνον
451 1312 522 1344 τινὰ,
538 1313 633 1349 μέχρις
647 1314 691 1340 ὅτε
709 1313 820 1349 μηνύσω

49 1354 181 1382 ἐπανελθεῖν
200 1365 228 1382 σε
244 1357 375 1389 ἐνταῦθα,
391 1358 486 1394 ἔκϐηθι
500 1359 549 1394 τὴν
571 1359 659 1386 πόλιν·
688 1360 750 1386 ἐπεὶ
760 1359 819 1395 ἅμα

50 1399 111 1436 ἀνδρὶ
125 1402 169 1428 καὶ
183 1403 250 1429 πᾶσί
272 1412 322 1430 σου
337 1405 393 1436 τοῖς
405 1404 510 1436 τέκνοις
524 1405 606 1440 266
616 1405 756 1440 αἰφνιδίως
770 1414 821 1432 κα-

50 1445 93 1477 κῶς
118 1447 293 1484 τελευτήσεις.
321 1449 410 1485 Ὀμῶς
430 1450 518 1482 οὕτως
534 1452 659 1486 ἐπὸίησα.
677 1452 752 1487 Ἀμα
765 1452 820 1488 γὰρ

47 1491 78 1525 τῷ
88 1491 127 1518 τὸν
142 1493 243 1529 ὄνειρον
260 1494 414 1530 ψεύσασθαί
432 1505 465 1532 με
481 1496 520 1532 τῷ
536 1497 624 1532 ἀνδρὶ,
639 1498 730 1530 αὐτὸς,
741 1498 819 1535 περί-

49 1538 114 1570 ςοὸος
126 1541 276 1575 γενόμενος,
294 1541 364 1577 μετὰ
377 1542 429 1569 τῶν
447 1543 550 1578 ἐμῶν⁹¹
562 1543 608 1570 δύο
623 1544 699 1577 υἱῶν,
715 1545 818 1573 δούλων

48 1591 70 1609 τε
82 1585 122 1611 καὶ
136 1586 285 1614 παιδισκῶν
304 1588 351 1614 καὶ
366 1589 513 1624 χρημάτων
531 1590 636 1625 συχνῶν
649 1590 720 1618 κατὰ
736 1591 819 1619 πλοῦν

49 1631 80 1662 εἰς
94 1632 199 1667 Ἀθήνας
216 1642 250 1669 με
268 1633 435 1670 ἐξέπεμψεν,
453 1636 630 1663 ὲκπαιδεῦσαι
652 1637 716 1669 τοὺς
732 1639 818 1671 υἱοὺς,

49 1686 56 1702 ι
71 1677 154 1714 μέχρις
168 1678 211 1711 ἂν,
228 1679 296 1714 ἔφη,
308 1679 348 1715 τῷ
357 1680 555 1716 χρηματίσαντι
565 1681 628 1718 δόξῃ
637 1682 774 1710 ἐπανιέναι
789 1693 819 1711 σε

48 1724 101 1758 πρὸς
114 1725 169 1760 ἐμέ.
185 1736 195 1752 ι
221 1726 314 1762 ὐμῶς
332 1726 390 1762 ἅμα
413 1727 518 1759 τέκνοις
536 1728 552 1762 ἡ
573 1728 687 1756 τάλαινα
702 1721 826 1757 πλέουσα

47 1768 88 1795 ὑπὸ
101 1771 200 1807 ἀνέμων
213 1773 334 1806 ἀταξίας
347 1774 387 1805 εἰς
397 1774 508 1806 τούτους
523 1773 708 1811 ἀπορριιρεῖσα
718 1776 740 1791 ⁹¹
755 1777 819 1809 τοὺς

47 1814 135 1849 τόπους,
151 1818 245 1850 νυκτὸς
263 1818 318 1854 τῆς
333 1819 396 1854 νηὸς
405 1819 587 1855 διαλυθείσης,
602 1821 754 1857 ναυαγίῳ¹³
769 1831 818 1848 πε-

48 1860 149 1894 ριέπεσα.
166 1864 279 1891 Πάντων
299 1864 328 1891 δὲ
346 1864 490 1897 θανόντων,
516 1867 533 1901 ἡ
549 1866 652 1902 ἀτυχὴς
674 1867 730 1901 ἐγὼ
749 1868 818 1903 μόνη

48 1907 88 1933 ὑπὸ
96 1909 200 1945 σσοδροῦ
217 1911 342 1946 κύματος
355 1911 516 1946 ῥαπισθεῖσα
523 1912 556 1944 ⁸⁸,
570 1912 617 1939 ἐπὶ
629 1913 732 1949 πέτρας
742 1915 818 1950 ἐρρί-

47 1955 141 1989 φην,ὲφ“
153 1953 186 1990 ἦς
195 1956 362 1983 καθεσθεῖσα
376 1958 393 1993 ή
409 1957 488 1985 ἀθλία
498 1958 584 1984 ἐλπίδι
592 1958 640 1985 τοῦ
656 1959 691 1986 τὰ
701 1960 724 1976 ⁸⁸
735 1960 818 1987 τέκνα

49 2007 74 2032 με
87 1998 164 2031 ζῶντα
176 2002 279 2038 εὑρεῖν,
296 2004 336 2034 είς
351 2003 426 2029 Iov“
442 2003 522 2038 βυθὸν
541 2004 661 2040 ἐμαυτὴν
672 2006 722 2032 οὐκ
742 2005 817 2042 ἕρῤι-

47 2043 76 2076 ᾦα
86 2046 147 2078 τότε,
164 2048 216 2080 ὅτε,
232 2049 286 2083 τὴν
297 2049 386 2084 ψυχὴν
409 2049 617 2085 μεμεθυσμένην
632 2052 688 2082 τοῖς
699 2051 817 2087 κύμασιν

47 2088 137 2124 ἔχουσα,
154 2093 231 2120 τοῦτο
245 2094 360 2128 ποιῆσαι
376 2095 474 2130 ῥᾳδίως
487 2096 633 2131 ἐδυνάμην.

74 2135 143 2165 XVII.
162 2139 233 2174 Πλὴν
249 2140 346 2175 ἐπειδὴ
358 2140 458 2176 δρθρος
472 2141 590 2175 ἐγένετο,
605 2142 711 2177 μεγάλα
727 2142 816 2178 βοῶσα

48 2182 84 2206 καὶ
96 2184 172 2219 γοερὰ
187 2186 334 2212 κωκύουσα
341 2187 362 2202 ’⁷
383 2186 613 2223 περιεϐλεπόμην,
630 2188 750 2224 ζητοῦσα
763 2190 816 2216 τῶν

832 1569 854 1598 C

603 143 832 179 CLEMENTINA.
849 165 885 171 —
901 149 1041 177 HOMILIA
1060 148 1116 177 XII.

1608 147 1663 176 3H

875 209 898 237 si
913 209 1076 244 proferrem,
1095 217 1149 237 non
1164 208 1285 237 arbitror
1297 216 1341 236 me
1358 215 1442 244 posse
1451 207 1534 236 alicui
1548 215 1662 243 persim-

873 255 948 283 dere.
969 255 1022 283 Sed
1041 260 1069 283 et
1084 255 1150 291 quid
1169 255 1203 283 ad
1218 260 1244 282 te
1257 256 1354 283 attinet
1374 255 1400 282 id
1413 261 1591 289 cognoscere.
1610 254 1662 281 nisi

875 306 980 330 tantum
996 309 1120 335 causam,
1143 301 1180 329 ob
1196 309 1278 336 quam
1296 301 1392 328 dolore
1410 300 1508 328 affecta
1524 300 1662 330 morsibus

873 356 972 376 manus
987 355 1063 376 meas
1083 353 1208 375 mortuas
1221 347 1338 375 reddidi.
1361 346 1464 374 Tamen
1488 354 1560 379 mea,
1572 347 1662 381 quoad

873 395 968 422 audire
983 399 1071 429 potes,
1085 393 1216 422 referam.
1233 393 1290 429 Ego
1302 393 1451 421 admodum
1461 392 1572 423 nobilis,
1587 392 1663 426 prin-

873 441 943 475 cipis
965 440 1110 474 cujusdam
1134 440 1185 468 viri
1205 440 1331 474 imperio,
1349 439 1430 474 nupsi
1448 439 1508 466 viro
1528 439 1575 474 qui
1603 442 1664 466 erat

873 486 948 513 illius
969 485 1141 521 propinquus
1158 490 1207 514 :et
1234 491 1297 521 post
1317 485 1387 512 duos
1412 485 1535 520 geminos
1562 484 1663 511 liberos

873 531 957 558 alium
973 531 1082 566 suscepi
1095 532 1194 558 tilium.
1209 531 1262 558 Sed
1275 531 1360 558 frater
1375 530 1468 558 mariti
1483 529 1547 562 mei,
1563 538 1661 564 magna

872 583 1016 612 correptus
1032 577 1139 604 insania
1151 597 1160 609 ,
1179 577 1317 604 adamavit
1332 584 1376 604 me
1387 576 1528 608 miseram,
1539 584 1601 611 quae
1616 584 1663 603 ca-

873 627 915 650 ste
933 623 1024 650 vivere
1040 623 1185 658 cupiebam
1199 622 1357 650 admodum.
1366 622 1491 657 Cumque
1501 629 1551 649 nec
1564 621 1661 649 vellem

872 669 987 696 amatori
1008 669 1174 702 consentire,
1193 676 1243 696 nec
1265 668 1324 695 viro
1344 676 1405 695 meo
1419 675 1542 695 amorem
1561 667 1654 694 fratris

871 715 932 749 ejus
944 723 1008 750 erga
1024 723 1067 742 me
1079 722 1229 750 exponere,
1242 714 1339 747 statui,
1355 720 1385 741 ut
1399 721 1487 748 neque
1502 714 1659 742 adulteram

872 761 1021 795 polluerem
1043 768 1102 793 me,
1119 768 1169 787 nec
1184 760 1236 787 viri
1251 760 1304 787 mei
1321 765 1411 787 torum
1423 759 1589 786 contumelia
1605 759 1662 786 alli-

872 814 981 838 cerem,
1007 813 1095 841 neque
1119 805 1232 834 fratrem
1252 805 1330 833 fratri
1352 805 1492 832 redderem
1508 804 1660 837 inimicum,

872 859 961 886 neque
977 855 1062 879 totam
1080 850 1212 879 familiam
1224 872 1232 885 ,
1247 859 1308 886 qua;
1320 858 1418 886 magna
1434 855 1504 883 erat,
1519 850 1547 877 in
1561 858 1662 885 oppro-

871 896 961 924 brium
981 898 1088 925 cunctis
1104 897 1217 931 darem;
1241 897 1336 930 statui,
1365 897 1490 932 inquam,
1513 897 1580 924 urbe
1597 905 1660 924 cum

869 945 937 972 meis
947 946 1063 980 geminis
1079 946 1171 980 pueris
1187 945 1219 973 ad
1229 945 1370 980 quoddam
1383 949 1491 978 tempus
1504 944 1661 977 discedere,

868 990 955 1019 donec
969 995 998 1019 et
1013 991 1139 1026 impurus
1150 999 1226 1019 amor
1241 992 1325 1024 illius,
1340 991 1388 1026 qui
1404 990 1471 1018 mihi
1485 991 1518 1018 ad
1533 990 1654 1018 dedecus

870 1045 961 1065 meum
977 1037 1181 1070 assentabatur,
1205 1037 1287 1065 linem
1315 1037 1475 1072 accepisset.
1496 1036 1532 1063 At
1545 1037 1660 1064 alterum

869 1083 967 1116 ﬁlium,
993 1087 1023 1111 ut
1049 1084 1122 1119 apud
1142 1088 1248 1119 patrem
1271 1083 1299 1111 in
1317 1083 1448 1111 solatium
1467 1087 1605 1116 maneret,
1619 1091 1660 1111 re-

869 1129 946 1164 liqui.

903 1174 1079 1202 XVlNerum
1088 1182 1144 1210 quo
1150 1175 1209 1202 hac
1219 1174 1256 1202 ita
1265 1174 1372 1208 ﬂerent,
1384 1175 1411 1202 in
1421 1175 1544 1203 animum
1553 1175 1659 1208 induxi,

869 1223 1006 1250 somnium
1023 1221 1134 1257 tingere,
1150 1222 1229 1257 quasi
1240 1222 1342 1257 aliquis
1354 1222 1514 1250 miliinctu
1528 1222 1661 1250 astitisset

869 1278 901 1298 ac
911 1270 1043 1297 dixisset:
1055 1269 1162 1303 Mulier,
1178 1269 1324 1297 confestim
1336 1277 1390 1296 una
1405 1277 1467 1297 cum
1479 1270 1595 1305 geminis
1606 1270 1660 1297 tuis

869 1316 961 1351 pueris
972 1315 1040 1343 urbe
1051 1315 1161 1343 discede
1176 1315 1210 1343 ad
1225 1315 1338 1350 aliquod
1356 1319 1476 1350 tempus,
1492 1316 1582 1344 donec
1596 1324 1659 1343 rur-

870 1371 917 1390 sus
929 1363 1098 1395 indicavero,
1116 1366 1147 1388 ut
1166 1360 1262 1389 redeas
1277 1361 1349 1394 huc;
1365 1361 1468 1396 alioqui
1480 1369 1543 1390 cum
1558 1362 1659 1389 marito

869 1409 1031 1443 cunctisque
1044 1408 1098 1435 tuis
1111 1407 1204 1435 liberis
1220 1407 1255 1434 de
1268 1411 1380 1442 repente
1397 1408 1500 1442 peribis
1514 1407 1596 1435 male.
1611 1407 1661 1434 At—

869 1462 923 1490 que
939 1455 980 1482 ita
1009 1454 1073 1482 feci.
1091 1453 1189 1481 Statim
1202 1453 1276 1481 enim
1297 1458 1328 1493 ut
1343 1454 1482 1481 somnium
1496 1454 1659 1482 ementitum

870 1502 932 1528 viro
950 1501 1088 1534 enarravi,
1104 1501 1242 1534 extimuit,
1254 1505 1282 1528 et
1308 1507 1352 1528 me
1377 1508 1439 1528 cum
1457 1500 1569 1528 duobus
1587 1501 1658 1529 meis

871 1547 935 1575 ﬁliis
948 1554 1067 1582 cumque
1077 1547 1164 1574 servis
1179 1551 1206 1574 et
1219 1547 1327 1574 ancillis
1341 1551 1424 1581 atque
1437 1546 1523 1574 multa
1541 1547 1659 1582 pecunia

870 1593 992 1622 Athenas
1011 1601 1059 1629 per
1088 1601 1184 1620 navem
1212 1593 1310 1625 misit,
1339 1597 1369 1620 ut
1396 1597 1476 1621 natos
1499 1593 1658 1627 erudirem,

870 1640 977 1674 Quoad,
998 1640 1098 1675 inquit,
1113 1639 1230 1668 visionis
1251 1639 1358 1667 auctori
1381 1639 1515 1674 placuerit
1528 1644 1554 1667 te
1571 1640 1660 1668 redire

870 1686 904 1714 ad
923 1693 977 1713 me.
1001 1686 1139 1714 Cmterum
1163 1693 1214 1720 ego
1230 1685 1333 1712 misera
1354 1692 1408 1712 una
1424 1693 1488 1712 cum
1501 1685 1595 1714 liberis
1611 1694 1661 1714 na-

869 1732 965 1767 vigans
980 1736 1126 1760 ventorum
1153 1731 1180 1759 vi
1204 1730 1335 1767 projicior
1350 1731 1377 1758 in
1395 1731 1454 1758 haec
1470 1731 1542 1764 loca,
1554 1737 1581 1760 et
1596 1733 1659 1760 navi

869 1784 952 1807 noctu
971 1779 1104 1806 dissoluta
1117 1778 1144 1805 in
1158 1778 1331 1813 naufragium
1348 1777 1444 1806 incidi.
1457 1777 1584 1814 Cumque
1597 1786 1659 1806 om-

870 1833 919 1853 nes
943 1826 1112 1858 interissent,
1133 1833 1188 1852 una
1210 1833 1261 1859 ego
1286 1824 1401 1857 infelix,
1423 1825 1528 1859 magnis
1555 1825 1658 1860 agitata

870 1873 1010 1906 fluctibus,
1026 1872 1052 1899 in
1069 1879 1166 1900 saxum
1181 1871 1269 1906 ejecta
1286 1878 1346 1898 sum
1362 1879 1369 1897 :
1385 1871 1429 1898 ubi
1451 1879 1514 1898 cum
1538 1871 1658 1899 infortu-

869 1924 933 1946 nata
949 1918 1084 1952 sederem,
1099 1925 1148 1954 spe
1173 1917 1329 1952 reperiendi
1353 1922 1432 1945 natos
1446 1925 1522 1945 mcos
1538 1918 1616 1946 vivos
1630 1920 1658 1947 in

868 1965 1036 2001 profundum
1052 1973 1096 1992 mc
1115 1973 1171 1992 non
1190 1965 1358 2000 praecipitavi
1377 1968 1452 1996 tunc,
1467 1965 1578 1999 quando
1597 1966 1658 1993 ani-

868 2021 944 2041 mum
963 2012 1067 2040 habens
1080 2012 1185 2040 doloris
1209 2011 1340 2039 ﬂuctibus
1360 2010 1468 2039 ebrium
1484 2011 1538 2040 hoc
1562 2011 1656 2039 facere

867 2059 948 2087 facile
961 2063 1094 2094 poteram.

902 2138 985 2167 XVII.
1007 2138 1108 2167 Verum
1132 2143 1277 2174 postquam
1304 2136 1364 2166 dies
1390 2141 1504 2165 exortus
1524 2142 1656 2171 cst,cum

868 2186 988 2214 clamore
1006 2192 1106 2221 magno
1119 2189 1146 2212 ct
1161 2184 1311 2212 miserabili
1327 2184 1433 2212 ululatu
1447 2184 1640 2219 circumspicio

47 2226 106 2260 ἐμῶν
121 2230 298 2267 ταλαιπώρων
313 2231 421 2268 βρεφῶν
435 2232 470 2259 τὰ
479 2233 564 2268 νεκρὰ
578 2233 702 2269 σώματα.
724 2234 816 2270 Ἐλεή-

871 2233 942 2265 bam,
958 2240 1083 2267 qua-rens
1099 2231 1247 2259 infelicium
1267 2235 1394 2258 natorum
1407 2230 1550 2258 cadavera.
1569 2229 1654 2265 Igitur

48 2280 126 2307 σαντες
137 2274 178 2303 οὖν
193 2286 226 2313 με
240 2278 266 2304 οἱ
278 2277 430 2314 ἐπιχώριοι,
445 2280 552 2314 γυμνὴν
564 2280 673 2312 ἰδόντες,
688 2280 816 2308 ἐνδύσαν-

46 2318 82 2350 τές
96 2329 125 2355 με
137 2323 165 2348 τὸ
184 2324 303 2360 πρῶτον,
319 2323 364 2350 τὸν
376 2324 455 2359 βυθὸν
470 2325 637 2361 ἀνηρεύνων,
652 2327 687 2353 τὰ
700 2327 755 2362 ἐμὰ
766 2326 815 2363 ζη-

46 2366 135 2399 τοῦντες
152 2369 241 2396 τέκνα.
268 2371 325 2396 Καὶ
347 2370 408 2397 ἐπεὶ
426 2371 508 2406 μηδὲν
525 2371 655 2407 ηὕρισκον
665 2373 688 2389 ’⁸
700 2370 737 2400 ὦν
752 2374 815 2410 ἐζή-

46 2419 106 2443 τουν,
118 2416 288 2450 παραμυθίας
304 2416 384 2452 χάριν
400 2417 473 2448 τινὲς
487 2417 541 2445 τῶν
556 2418 702 2453 φιλοξένων
717 2428 814 2454 γυναι-

47 2458 91 2485 κῶν
101 2461 286 2496 προσελθοῦσαι
300 2462 441 2498 διηγοῦντο
455 2463 556 2500 ἑκάστη
568 2464 603 2491 τὰ
617 2465 716 2500 ἑαυτῆς
727 2465 811 2498 κακὰ,

48 2503 81 2530 ἵνα
93 2507 121 2541 τῇ
131 2506 153 2522 ”
165 2508 217 2534 τῶν
230 2508 333 2543 ὁμοίων
357 2510 484 2545 συμφορᾷ
498 2510 675 2546 παραμυθίας
693 2511 777 2547 τύχω,
795 2512 810 2539 ὃ

47 2547 71 2582 δή
82 2559 110 2584 με
125 2552 217 2586 μᾶλλον
232 2554 340 2582 ἐλύπει.
355 2555 392 2581 Οὐ
409 2555 464 2591 γὰρ
475 2555 544 2592 ἔφην
554 2556 626 2584 οὕτω
640 2557 721 2592 267
737 2557 810 2593 κακὴ

868 2279 1045 2307 miseratione
1060 2278 1190 2306 commoti
1211 2277 1320 2309 incolae,
1338 2277 1439 2304 nudam
1465 2276 1569 2309 intuiti,
1589 2284 1652 2303 cum

868 2327 957 2361 primo
972 2333 1016 2353 me
1030 2325 1194 2357 induissent,
1213 2323 1328 2351 scrutati
1350 2327 1415 2350 sunt
1442 2322 1527 2350 maris
1541 2322 1655 2357 profun-

867 2372 943 2406 dum,
958 2371 1104 2407 quaerendo
1118 2375 1197 2398 natos
1211 2377 1298 2398 meos.
1318 2369 1351 2396 Et
1365 2370 1429 2404 quia
1446 2369 1515 2396 nihil
1530 2369 1653 2396 invenie-

866 2418 933 2445 bant
947 2425 1044 2445 corum
1063 2424 1126 2452 qua:
1152 2416 1327 2451 indagabam,
1344 2415 1485 2442 nonnullae
1502 2414 1654 2449 hospitales

865 2464 994 2493 mulieres
1007 2462 1166 2491 consolandi
1182 2469 1225 2489 me
1239 2462 1326 2497 gratia
1340 2465 1525 2493 accesserunt,
1539 2465 1567 2488 et
1580 2468 1647 2488 suas

864 2510 977 2546 singula:
1000 2509 1167 2536 enarrabant
1193 2508 1331 2541 miserias,
1346 2511 1376 2535 ut
1390 2507 1522 2535 similium
1534 2507 1648 2534 calami-

865 2561 919 2584 tate
932 2555 1060 2584 solatium
1079 2561 1205 2590 caperem
1221 2563 1228 2581 :
1245 2554 1319 2590 quod
1343 2562 1388 2581 me
1401 2554 1489 2589 magis
1503 2554 1653 2581 contrista-

687 2613 805 2641 VARIAE.
825 2612 1026 2640 LECTlONES.

76 2655 95 2670 ⁸³
112 2656 186 2697 μένην
209 2657 242 2697 0;
264 2695 269 2697 _
287 2658 311 2674 ⁸³
325 2658 436 2697 δυνατοῦ
472 2659 544 2697 Epit.
587 2660 610 2676 "
628 2660 815 2697 ταλαιπωρίας

474 2693 498 2711 ⁸⁷
514 2696 557 2722 ἵνα
582 2703 638 2723 om.
668 2696 700 2723 0.
748 2693 771 2712 δ’
783 2695 911 2723 ὑποϐάλω
933 2693 972 2722 Οξ
1013 2695 1035 2711 ³⁸
1049 2693 1234 2725 οὕτωςταῦτα
1245 2693 1275 2719 (Σ.

50 2690 103 2723 μήτε
127 2691 146 2718 0
165 2690 205 2729 ‘et
221 2694 304 2729 Epit.,
334 2695 370 2729 μή
394 2695 425 2722 (ὲ.

49 2729 147 2766 illium;
168 2764 173 2766 _
188 2728 208 2743 ⁹¹
222 2728 295 2766 ἐμῷν
313 2729 390 2766 deest
407 2730 440 2766 jn
452 2729 496 2766 0.7
510 2765 514 2766 ν
532 2731 555 2746 ν’
567 2730 766 2766 ἀπορριφθείσα
779 2731 824 2758 .0.

929 2660 952 2698 5:
966 2658 1115 2698 βουλομένη
1146 2657 1197 2698 S.,~
1218 2654 1498 2698 poplopéxqcuc,‘0~.
1531 2655 1653 2698 §pbinde

1325 2692 1347 2707 ⁹⁰
1362 2691 1403 2723 ἐξ
1427 2691 1511 2726 αὐτῆς
1535 2691 1557 2718 0
1583 2699 1651 2718 con-

889 2730 913 2771 ".
928 2730 1088 2771 ναυφραγίν
1109 2726 1469 2771 υ;.δυμὲιάε..ιξρξέπςσξγ
1496 2726 1649 2771 F9919?“-

49 2758 100 2786 m.
131 2755 311 2801 -g,.....t.z..
327 2765 389 2801 ςριι.
405 2755 469 2799 negt
478 2755 554 2797 ⁷804,
569 2755 684 2801 asia:
694 2755 846 2801 gain
859 2766 893 2793 τά
907 2755 1011 2793 iuga-1.:
1021 2755 1048 2792 ες
1064 2755 1096 2792 ο.
1134 2762 1244 2801 «es.
1283 2761 1305 2801 υτ
1321 2755 1391 2801 vim,
1405 2761 1504 2798 ῥᾳδίως
1514 2755 1651 2801 eam;

53 2795 168 2839 ςῖοερὶιξ
178 2798 319 2839 κωκύουσα
336 2795 566 2839 desideranturin
581 2801 614 2828 Ο.
634 2795 640 2801 ’
652 2801 674 2817 ³⁸
693 2800 758 2839 Yide
770 2802 804 2829 de
818 2802 870 2839 hoc
884 2804 1029 2839 augmento
1042 2801 1094 2839 etsi
1116 2798 1281 2839 rarissimo”
1294 2795 1520 2839 ltobeckiumpad
1544 2795 1650 2839 “l’ltiiyn.

153 2833 314 2868 5.εῦρισκον
335 2833 358 2860 0
383 2840 407 2862 ct
437 2834 505 2869 Epit.
533 2837 554 2854 'v'
573 2838 607 2872 τῇ
636 2837 751 2871 ascripsi
774 2845 807 2864 ex
839 2836 871 2864 0.
899 2830 1001 2865 Dcinde
1014 2835 1066 2862 ὃδέ
1091 2833 1190 2870 μᾶλλόν
1212 2841 1245 2868 με
1261 2832 1292 2861 C.
1309 2831 1398 2863 Etiam
1416 2831 1442 2860 in
1458 2830 1529 2867 Epit.
1542 2831 1556 2858 ὃ
1577 2831 1609 2868 δή
1622 2840 1652 2867 p.

51 2862 103 2890 τιδέ.
