1932 3100
258 155 313 183 515

674 157 704 186 Β.
725 157 943 185 CLEMENTISI
961 157 1043 184 ROM.
1066 156 1165 184 PONT.
1187 157 1302 184 OPERA
1321 156 1433 185 DUBIA.

1839 157 1897 184 3N5

258 212 305 240 hat
321 221 328 240 :
347 211 405 239 Non
424 212 508 246 enim,
526 213 695 251 inquiebam,
708 216 777 243 adeo
793 217 864 243 mala
879 224 952 249 sum,
967 221 998 244 ut
1012 223 1046 243 ex

1100 213 1176 246 εἶναι,
1184 215 1222 246 ὡς
1234 215 1269 231 ¹⁰⁰
1279 216 1338 247 ταῖς
1348 215 1435 242 ἄλλων
1445 217 1597 252 συμφοραῖς
1609 214 1790 251 παραμυθίας
1803 214 1895 249 τύχω.

258 259 374 286 aliorum
390 259 594 288 calamitatibus
619 262 836 290 consolationem
850 263 995 298 accipiam.
1015 263 1048 291 Et

258 314 321 333 cum
334 313 377 332 me
391 306 482 333 multa:
495 306 614 341 hospitio
622 313 753 342 cuperent
765 309 895 344 recipere,
909 317 963 337 una
973 317 1048 344 quie-

258 351 322 378 dam
338 353 502 386 paupercula
518 353 562 380 hic
575 353 712 387 ihabitans
725 355 840 382 extorsit
854 355 921 382 mihi
937 355 1047 390 tugurio
1076 352 1078 355 ’

259 397 319 432 ejus
330 397 589 431 succedere,dicens
600 409 606 426 :
618 399 745 434 Confide,
757 401 855 429 mulier
867 411 874 429 :
889 403 990 429 etenim
1005 403 1048 430 vir

259 451 349 476 meus,
377 443 460 471 homo
484 449 578 479 nauta,
593 446 621 473 in
637 447 705 473 mari
722 447 812 475 adhuc
827 448 938 483 juvenis
961 449 1044 476 obiit:

260 493 342 524 atque
357 497 390 517 ex
406 498 439 518 eo
455 491 510 522 die,
527 492 654 527 quamvis
668 493 746 520 multi
761 501 805 521 me
819 493 997 522 sollicitarint
1012 495 1047 523 ad

260 535 381 569 nuptias,
397 543 447 571 ego
467 537 606 565 desiderio
625 538 675 565 viri
698 539 752 566 mei
770 540 855 567 malui
871 540 898 567 in
914 541 1048 569 viduitate

261 588 351 615 agere.
369 581 458 609 Erunt
472 590 537 618 ergo
553 585 722 619 communia,
738 593 910 622 quaecunque
920 588 1048 615 manibus

260 634 384 661 quarere
398 629 561 663 poterimus.

296 672 391 700 XVIII.
412 673 445 701 Et
471 682 506 702 ne
520 675 601 711 longa
629 683 662 704 ac
684 676 778 705 minus
808 677 867 705 utili
891 680 1048 708 narratione

261 724 334 752 utar,
354 720 472 748 habitavi
486 728 549 749 cum
569 730 612 755 ea,
626 727 738 758 propter
761 731 883 751 amorem
905 725 966 760 ejus
982 734 1048 762 erga

261 766 403 793 maritum.
419 766 476 794 Sed
492 775 547 795 non
564 769 650 796 multo
675 774 736 804 post
758 770 826 798 mihi
850 770 955 800 infelici
976 773 1049 801 lace-

261 817 328 839 ratae
344 813 483 841 morsibus
506 815 634 842 resoluta:
650 820 714 843 sunt
725 824 834 850 manus,
851 817 896 845 illa
910 826 974 845 vero
986 827 1049 854 quae

262 866 306 885 me
322 864 490 894 susceperat,
513 864 570 888 tota
596 861 693 889 morbo
719 863 838 897 quodam
862 870 995 899 oecupata
1021 869 1048 892 et

261 905 388 940 colligata
403 905 476 932 domi
487 906 571 940 jacet.
588 906 723 940 Quoniam
738 916 804 943 ergo
819 909 976 942 mulierum,
986 918 1047 946 qua:

261 950 338 984 prius
354 951 566 984 miserabantur,
582 953 705 987 elanguit
716 953 839 988 affectus,
849 962 881 982 ac
895 963 948 991 ego
959 961 987 983 et
1001 957 1047 985 illa

260 997 355 1024 clausa
374 997 449 1024 domi
465 999 553 1026 amba;
574 999 679 1027 debiles
698 1004 725 1027 et
742 1001 912 1029 calamitosae
938 1010 1046 1037 sumus,

259 1050 293 1070 ex
308 1043 395 1070 multo
409 1048 531 1079 tempore
546 1045 601 1078 hic,
620 1050 650 1073 ut
663 1046 749 1080 vides,
766 1047 860 1082 sedeo,
878 1049 978 1083 stipem
998 1057 1047 1085 pe-

260 1092 331 1122 tens,
346 1094 383 1123 et,
408 1090 432 1117 si
456 1090 522 1125 quid
550 1091 621 1119 forte
647 1100 791 1127 accepero,
809 1095 892 1122 etiam
919 1096 952 1123 ad
971 1096 1047 1124 illam

260 1135 362 1169 pariter
374 1136 503 1164 miseram
528 1137 562 1165 ad
577 1138 669 1165 cibum
686 1139 790 1167 defero.
808 1141 897 1176 Atque
912 1142 1047 1172 hactenus

261 1189 328 1208 mea
346 1182 456 1216 quidem
479 1190 525 1210 res
548 1184 715 1212 sufﬁcienter
729 1190 794 1213 sunt
809 1187 899 1215 dieue.
917 1188 959 1216 Tu
974 1198 1048 1219 nunc

259 1227 325 1261 quid
337 1228 454 1255 moraris
469 1228 582 1263 implere
596 1230 669 1264 quod
685 1232 862 1266 promiseras,
878 1238 905 1261 te
917 1234 1047 1264 daturum

259 1272 450 1300 medicamen?
459 1282 515 1309 quo
526 1275 607 1302 etiam
623 1275 661 1302 illi
675 1277 780 1304 obitum
793 1279 913 1313 cupienti
929 1282 1046 1316 tradam,

259 1324 286 1345 ct
304 1319 344 1346 sic
358 1327 409 1355 ego
423 1328 535 1355 quoque
550 1322 666 1356 possim,
690 1327 720 1350 ut
745 1324 798 1358 ais,
811 1325 895 1353 vitam
923 1335 1047 1356 commu-

259 1370 284 1392 ta
289 1373 327 1394 re.

292 1411 364 1440 XIX.
385 1412 447 1441 Haec
463 1414 571 1443 dicente
588 1416 715 1450 muliere,
740 1418 839 1447 Petrus
861 1420 948 1448 multa
970 1423 1043 1458 cogi-

259 1459 363 1486 tatione
375 1464 449 1488 stare
465 1469 616 1496 suspensus
631 1464 785 1493 videbatur.
805 1465 837 1493 Et
849 1474 899 1502 ego
917 1476 1047 1503 superve-

258 1504 338 1532 niens
355 1505 493 1541 :Dudum,
510 1507 633 1543 inquam,
648 1518 696 1544 per
710 1511 803 1538 omnia
814 1512 872 1540 loca
885 1513 1046 1543 discurrens

1097 261 1152 288 Καὶ
1172 261 1204 296 δὴ
1214 262 1255 293 εἰς
1280 261 1369 295 ξενίαν
1384 261 1489 288 πολλῶν
1512 271 1546 297 με
1562 262 1639 296 ἄγειν
1654 260 1791 294 ἀξιουσῶν
1803 260 1826 292 ί,
1844 263 1898 295 μία

1096 315 1139 338 τις
1153 307 1208 334 τῶν
1221 308 1338 335 ἐνταῦθα
1348 307 1464 344 πενιχρά
1478 308 1545 335 πολὺ
1562 307 1711 343 βιασαμένη
1725 309 1767 339 εἰς
1779 307 1813 334 τὸ
1829 308 1900 333 ἑαυ-

1097 354 1147 389 τῆς
1158 353 1246 380 ὲλθεῖν
1257 354 1395 389 ἠνάγκασε
1409 354 1551 390 σκήνωμα,
1569 353 1684 380 εἰποῦσά
1695 362 1740 388 μοι
1749 362 1756 367 ·
1773 352 1897 388 Θάρῤει,

1097 399 1188 434 γύναι,
1201 400 1316 436 καὶγὰρ
1330 401 1344 426 ὁ
1360 399 1426 436 ἐμὸς
1440 400 1510 435 ἀνὴρ
1527 399 1627 435 ναύτης
1642 399 1680 426 ὢν
1696 398 1768 426 κατὰ
1785 399 1898 425 θάλασ-

1099 454 1148 473 σαν
1157 447 1167 462 ⁸
1181 446 1324 481 τέθνηκεν,
1338 447 1367 473 ὲν
1376 447 1410 482 τῇ
1426 445 1557 482 νεαζούσῃ
1567 446 1708 480 τυγχάνων
1719 444 1832 481 ἡλικίᾳ·
1846 445 1898 470 καὶ

1098 491 1202 525 ἔκτοτε,
1214 492 1318 519 πολλῶν
1332 501 1365 528 με
1378 492 1534 525 ἀξιούντων,
1544 492 1612 527 πρὸς
1621 491 1709 527 γάμον
1720 490 1777 525 ὲγὼ
1786 489 1898 525 χηρεύ-

1098 548 1138 566 ειν
1149 539 1270 575 εἱλόμην,
1284 538 1331 565 τὸν
1345 538 1411 573 ἐμὸν
1431 537 1552 564 ποθοῦσα
1563 538 1656 573 ἄνδρα.
1672 537 1769 563 Ἔσται
1779 536 1809 562 δὲ
1823 537 1898 571 ἡμῖν

1098 585 1176 612 κοινὰ
1186 585 1204 612 ἃ.
1216 585 1260 612 διὰ
1272 584 1370 621 χειρῶν
1382 583 1536 620 ἀμφότεραι
1549 583 1670 619 πορίζειν
1682 583 1836 618 δυνάμεθα.

1133 675 1227 703 XVIII.
1238 676 1292 703 Καὶ
1303 676 1346 702 ἵνα
1362 677 1398 712 μή
1413 684 1453 702 σοι
1467 675 1579 711 μηκύνω
1590 674 1653 706 τοὺς
1660 674 1709 700 οὐκ
1721 673 1897 707 ἀναγκαίους

1099 722 1204 757 λόγους,
1220 722 1364 758 συνῴκησα
1378 722 1446 757 αὐτῇ
1460 721 1503 748 διὰ
1514 721 1563 757 τὴν
1575 719 1742 755 φιλανδρίαν.
1756 719 1814 746 Καὶ
1830 721 1895 754 μετ’

1099 769 1129 796 οὐ
1144 769 1210 796 πολὺ
1221 768 1288 804 ἐμοῦ
1300 769 1350 804 τῆς
1362 767 1535 803 ταλαιπώρου
1548 767 1577 794 αἱ
1590 768 1681 802 χεῖρες
1693 766 1745 792 ὑπὸ
1756 766 1812 792 τῶν
1824 765 1896 801 δηγ-

1101 815 1193 851 μάτων
1205 815 1216 831 ³
1240 814 1418 850 παρείθησαν,
1444 814 1492 840 καὶ
1511 814 1527 849 ἠ
1551 812 1737 848 ὑποδεξαμένη
1754 820 1787 847 με
1799 812 1894 846 γυνὴ,

1100 861 1147 897 ὅλη
1161 861 1214 888 ὑπὸ
1225 861 1327 892 πάθους
1336 861 1408 892 τινος
1420 859 1585 891 συνδεθεῖσα,
1594 859 1639 885 ἐπὶ
1649 857 1700 893 τῆς
1710 857 1799 889 οἰκίας
1815 857 1896 893 ἐρρι-

1098 917 1173 934 πται.
1189 908 1263 934 Ἐπεὶ
1270 905 1314 934 οὖν
1323 908 1337 933 ὁ
1348 907 1401 933 τῶν
1414 906 1496 933 πάλαι
1508 904 1642 939 γυναικῶν
1653 904 1726 935 ἔλεος
1738 904 1895 939 παρηκμα-

1100 963 1156 986 σεν,
1179 954 1234 989 ἐγὼ
1254 954 1282 980 δὲ
1305 955 1352 980 καὶ
1374 955 1390 989 ἡ
1415 954 1475 980 κατ’
1490 950 1564 979 οἷκον
1583 951 1736 987 ἀμφότεραι
1757 951 1895 981 ὲπισινείς

1098 1001 1278 1037 τυγχάνομεν,
1296 1001 1328 1026 ὲκ
1349 999 1454 1040 πολλῶν
1475 998 1579 1034 χρόνων
1597 996 1723 1029 ἐνταῦθα,
1749 995 1788 1027 ὡς
1811 996 1893 1031 ὁρᾷς,

1100 1048 1249 1083 καθέζομαι
1271 1046 1469 1083 προσαιτοῦσα,
1483 1046 1530 1071 καὶ
1549 1041 1587 1072 ὧν
1614 1044 1646 1071 ἂν
1660 1043 1806 1078 εὐπορήσω
1819 1042 1830 1057 ⁸
1844 1042 1894 1068 καὶ

1098 1095 1131 1129 τῇ
1145 1092 1358 1128 συνταλαιπώρῳ
1370 1092 1381 1107 ⁵
1397 1092 1436 1123 εἰς
1452 1090 1557 1126 τροφὰς
1570 1090 1684 1125 κομίζω.
1702 1090 1757 1116 Καὶ
1778 1088 1814 1116 τὰ
1839 1088 1893 1123 μὲν

1099 1139 1153 1174 ὲμὰ
1165 1139 1212 1166 ἐπὶ
1229 1139 1355 1166 τοσοῦτον
1373 1138 1518 1173 αὐτάρκως
1530 1136 1658 1172 εἰρήσθω.
1672 1135 1774 1163 Λοιπὸν
1788 1135 1822 1161 σὺ
1837 1143 1893 1161 κω-

1099 1185 1171 1216 λύεις
1183 1185 1193 1200 ⁸
1205 1185 1254 1220 τὴν
1269 1184 1414 1220 ὑπόσχεσιν
1428 1183 1571 1219 πληρῶσαι
1591 1182 1639 1208 τοῦ
1655 1181 1748 1208 δοῦναι
1769 1181 1804 1207 τὸ
1817 1180 1890 1215 φάρ-

1101 1239 1203 1266 μακον;
1218 1231 1291 1262 ὅπως
1309 1230 1422 1265 κάκείνῃ
1435 1228 1603 1264 ὲπιθυμούσῃ
1617 1228 1707 1254 θανεῖν
1720 1227 1769 1259 δῶ,
1783 1226 1832 1253 καὶ
1844 1225 1874 1252 οὗ
1884 1239 1891 1245 -

1098 1285 1152 1309 τως
1165 1277 1241 1311 κάγὼ
1251 1276 1298 1303 τοῦ
1311 1275 1416 1312 ζῇν,ὼς
1428 1275 1506 1311 ἔφης,
1523 1274 1684 1311 μεταλλάξαι
1697 1273 1817 1310 δυνηθῶ.

1132 1421 1204 1449 XIX.
1225 1420 1317 1448 Ταῦτα
1330 1421 1379 1457 τῆς
1390 1420 1517 1456 γυναικδς
1528 1419 1668 1455 εἰπούσης,
1682 1418 1735 1445 ὑπὸ
1748 1417 1890 1453 λογισμῶν

1099 1468 1204 1495 πολλῶν
1218 1468 1233 1494 ὁ
1250 1469 1351 1504 Πέτρος
1375 1468 1457 1502 268
1480 1466 1616 1502 μετέωρος
1638 1465 1726 1492 ἐδόκει
1749 1463 1887 1491 ῐστασθαι.

1106 1515 1176 1551 Ἐγὼ
1195 1515 1223 1542 δὲ
1241 1514 1362 1541 ἐπελθὼν
1376 1514 1444 1549 έφην
1457 1522 1463 1529 ·
1486 1514 1532 1539 Ἐκ
1544 1511 1642 1539 πολλοῦ
1657 1520 1686 1538 σε
1704 1509 1888 1546 περιερχόμε-

258 1551 414 1585 ιίυθποικιηι
429 1556 454 1580 te
471 1557 518 1581 :et
541 1562 624 1588 nunc,
651 1556 717 1591 quid
742 1557 866 1593 agimus?
887 1560 922 1586 At
943 1559 1044 1589 Petrus

1100 1571 1143 1594 νος
1165 1561 1256 1598 ζητῶ-
1280 1560 1329 1588 καὶ
1350 1560 1385 1587 τὰ
1406 1559 1452 1586 νῦν
1474 1559 1500 1585 τί
1523 1558 1672 1594 ποιοῦμεν;
1691 1557 1720 1584 Ὁ
1739 1556 1769 1583 δὲ
1783 1556 1887 1591 Πέτρος

258 1599 387 1633 przecepit
409 1599 487 1634 mihi,
506 1605 535 1627 ut
555 1601 589 1628 ad
604 1602 761 1630 naviculum
785 1605 979 1640 praecederem,
995 1607 1047 1634 ibi-

257 1653 312 1680 que
332 1646 408 1672 illum
428 1647 576 1681 opperirer.
600 1648 634 1676 Et
657 1649 721 1684 quia
738 1651 891 1679 contradici
918 1653 943 1680 ei
960 1653 1047 1688 impe-

258 1691 332 1718 ranti
351 1699 406 1719 non
423 1695 622 1728 poterat,quod
636 1695 721 1729 jussit
734 1696 797 1724 feci.
812 1696 872 1732 Ipse
882 1705 958 1732 vero,
974 1699 1047 1727 sicut

258 1738 326 1765 mihi
342 1743 444 1766 cuncta
463 1740 602 1774 posterius
627 1743 776 1776 enarravit,
801 1745 959 1778 suspicione
976 1754 1046 1781 qua-

257 1785 320 1812 dam
332 1785 433 1819 exigua
446 1786 529 1813 corde
544 1787 670 1822 pulsatus
689 1789 878 1825 interrogabat
892 1792 1046 1827 mulierem,

257 1832 353 1860 dicens
369 1841 375 1859 :
390 1831 471 1859 Refer
493 1833 570 1866 mihi,
587 1833 698 1868 femina,
714 1843 800 1870 genus
815 1842 841 1864 et
863 1838 999 1866 civitatem
1016 1848 1048 1868 ac

257 1879 377 1906 filiorum
394 1879 514 1912 nomina,
540 1884 568 1907 et
593 1880 650 1914 jam
676 1881 908 1911 medicamentum
931 1885 981 1913 tibi
998 1887 1045 1914 do.

257 1926 292 1953 At
308 1926 352 1953 illa
367 1926 422 1953 vim
442 1927 582 1954 sustinens
597 1935 686 1962 neque
700 1929 795 1957 volens
819 1929 923 1959 referre
937 1936 965 1959 et
988 1940 1047 1960 me-

257 1973 405 2000 dicamenti
426 1973 578 2008 accipiendi
595 1975 694 2009 cupida
720 1975 800 2004 tinxit
824 1977 877 2004 alia
904 1986 955 2013 pro
973 1979 1046 2013 aliis,

257 2025 285 2047 ct
297 2021 345 2053 ait,
364 2027 394 2047 se
409 2020 519 2054 quidem
533 2027 595 2048 esse
619 2020 778 2056 Ephesiam,
791 2023 881 2051 virum
897 2030 989 2054 autem
1006 2025 1049 2053 Si-

257 2068 362 2101 culum,
378 2066 424 2094 sed
435 2071 463 2094 et
479 2067 597 2095 ﬁliorum
612 2069 725 2096 nomina
739 2070 866 2098 similiter
878 2070 1045 2100 immutavit.

258 2115 329 2142 Tum
344 2113 453 2147 Petrus,
465 2114 627 2143 existimans
642 2123 702 2143 eam
719 2124 814 2144 verum
828 2119 962 2153 proferre,
979 2120 1019 2148 ait
1035 2130 1042 2148 :

258 2162 331 2189 Ileu!
347 2161 455 2195 mulier,
467 2162 595 2197 putabam
611 2162 714 2197 grande
729 2164 839 2199 aliquod
851 2165 979 2200 gaudium
997 2166 1048 2194 ho-

258 2210 354 2238 dierno
378 2209 422 2237 die
446 2218 490 2238 me
506 2215 726 2245 apportaturum,
750 2213 913 2247 suspicabar
927 2213 1001 2241 enim
1020 2221 1047 2242 te

257 2265 319 2285 esse
343 2257 490 2292 quamdam
506 2257 659 2291 mulierem,
674 2266 756 2293 quam
773 2259 934 2292 sentiebam,
950 2260 1045 2296 cujus-

258 2312 312 2339 que
330 2312 374 2331 res
388 2304 477 2331 audivi
494 2309 521 2331 et
538 2304 623 2339 probe
637 2304 711 2332 novi.
724 2303 759 2331 At
775 2304 818 2332 illa
831 2305 987 2340 adjurabat,
1004 2306 1047 2334 di—

257 2359 339 2379 cens;
354 2351 442 2386 Rogo,
455 2351 520 2378 mihi
535 2350 646 2384 referas,
657 2356 685 2379 ut
695 2352 791 2385 sciam,
809 2360 843 2379 an
857 2352 894 2381 sit
907 2353 961 2380 ulla
977 2353 1047 2381 inter

259 2398 389 2425 mulieres
406 2405 449 2424 me
461 2396 605 2424 infelicior.

293 2445 354 2471 XX.
378 2444 448 2472 Tum
475 2442 574 2472 Petrus
592 2444 701 2471 mentiri
717 2444 843 2472 nesciens
858 2452 916 2480 prae
931 2445 1046 2473 misera-

257 2492 333 2520 tione
345 2498 409 2527 erga
421 2491 495 2518 illam
511 2498 606 2517 verum
622 2490 705 2525 coepit
714 2490 805 2518 dicere
818 2499 825 2517 :
838 2489 887 2518 Est
903 2498 969 2518 sane
982 2491 1046 2526 qui-

257 2539 320 2566 dam
334 2537 504 2569 adolescens.
522 2540 644 2565 sectator
667 2544 755 2569 meus,
775 2537 884 2571 piorum
901 2537 1046 2572 religioso-

259 2591 375 2619 rnmque
391 2591 551 2612 sermonum
566 2583 682 2618 cupidus
699 2587 725 2610 et
740 2582 883 2610 Romanus
899 2582 978 2615 civis,
996 2583 1044 2618 qui

258 2631 327 2660 mihi
347 2631 479 2665 narravit,
495 2630 569 2666 quod
589 2634 695 2665 patrem
714 2628 842 2657 habuerit
870 2633 898 2656 et
911 2629 982 2658 duos
998 2637 1045 2665 ge<

1098 1607 1249 1646 προσέταξέ
1263 1616 1308 1643 μοι
1322 1605 1471 1643 προάξαντι
1486 1605 1576 1640 μένειν
1591 1603 1672 1631 αὑτὸν
1694 1603 1741 1629 ἐπὶ
1757 1601 1806 1629 τοῦ
1821 1602 1888 1628 σκά-

1098 1663 1173 1691 φους.
1188 1655 1243 1681 Καὶ
1255 1653 1349 1689 ἐπειδὴ
1363 1653 1501 1679 ἀντειπεῖν
1510 1651 1560 1678 οὐκ
1574 1648 1608 1687 ἦν
1628 1649 1703 1685 αὐτῷ
1715 1648 1885 1679 κελεύσαντι,

1098 1702 1212 1737 ἐποίησα
1222 1701 1252 1727 τδ
1265 1698 1445 1736 προσταχθέν.
1466 1698 1495 1725 Ὁ
1503 1698 1532 1725 δὲ
1545 1697 1647 1732 Πέτρος
1659 1696 1745 1732 μικρᾷ
1754 1703 1808 1721 τινι
1821 1694 1887 1720 ὑπο-

1097 1748 1156 1784 ψίᾳ,
1170 1748 1208 1779 ὼς
1230 1746 1311 1778 αὐτός
1325 1754 1370 1781 μοι
1388 1745 1477 1772 πάντα
1496 1744 1607 1779 ὕστερον
1619 1742 1776 1778 διηγήσατο,
1789 1740 1886 1767 παλλό-

1100 1802 1178 1830 μενος
1190 1793 1239 1829 τὴν
1254 1792 1368 1828 καρδίαν
1388 1790 1553 1817 ἐπυνθάνετο
1560 1789 1611 1824 τῆς
1624 1787 1768 1823 γυναικὸς,
1781 1786 1868 1820 λέγων
1877 1795 1883 1800 ·

1098 1839 1166 1868 Εἰπέ
1181 1848 1237 1875 μοι,
1250 1839 1339 1873 γύναι,
1352 1838 1382 1864 τὺ
1406 1837 1484 1871 γένος
1495 1836 1543 1863 καὶ
1553 1835 1604 1870 τὴν
1617 1834 1693 1861 πόλιν
1707 1833 1755 1860 κα)⁵
1774 1832 1830 1859 τῶν
1840 1831 1884 1858 τέ-

1098 1895 1169 1914 κνων
1181 1885 1216 1912 τὰ
1228 1885 1358 1919 ὀνόματα,
1378 1883 1426 1910 καὶ
1447 1882 1498 1918 ἤδη
1522 1880 1619 1916 δίδωμί
1633 1888 1673 1906 σοι
1686 1879 1716 1906 τδ
1728 1878 1882 1913 φάρμακον.

1104 1932 1135 1958 Ἦ
1145 1932 1184 1963 δὲ,
1199 1931 1258 1967 βίαν
1268 1930 1409 1964 πάσχουσα
1419 1928 1557 1955 καὶείπεῖν
1564 1927 1594 1953 οὺ
1606 1925 1729 1956 θέλουσα,
1739 1924 1803 1951 τὸδὲ
1814 1924 1885 1960 φάρ-

1100 1986 1186 2014 μακον
1195 1976 1288 2003 λαϐεῖν
1299 1974 1434 2010 ὲπιθυμοῦ
1439 1982 1482 2006 σα,
1494 1972 1639 2007 ἐσοφίσατο
1650 1971 1716 1998 ἄλλα.
1726 1971 1785 1997 ἀντὶ
1797 1970 1884 1998 ἄλλων

1098 2025 1186 2050 εἰπεῖν
1197 2031 1202 2038 ’
1218 2022 1266 2049 καὶ
1277 2020 1352 2056 ὁμῶς
1365 2020 1427 2055 ἐφη,
1441 2019 1526 2055 αὑτὴν
1537 2018 1586 2054 μὲν
1605 2017 1732 2052 Ἐφεσίαν
1745 2014 1824 2047 εἶναι,
1839 2016 1883 2043 τὸν

1098 2071 1127 2098 δὲ
1140 2070 1224 2105 ἄνδρα
1235 2068 1355 2099 Σικελὸν,
1368 2066 1444 2103 ὁμῶς
1457 2066 1504 2092 καὶ
1516 2065 1571 2091 τῶν
1582 2064 1666 2100 τριῶν
1673 2063 1776 2090 τέκνων
1787 2062 1883 2098 ἢλλαξε

1097 2116 1132 2143 τὰ
1147 2116 1276 2151 ὀνόματα.
1290 2113 1346 2140 Καὶ
1358 2113 1371 2139 ὁ
1384 2112 1498 2147 Πέτρος,
1511 2110 1624 2146 νομίσας
1635 2109 1719 2145 αὐτὴν
1730 2109 1881 2145 ἀληθεύειν,

1098 2163 1159 2198 ἔφη*
1173 2162 1261 2198 Οίμοι,
1274 2160 1364 2196 γύναι,
1378 2157 1500 2194 ἐνόμιζον
1514 2156 1633 2193 μεγάλην
1650 2157 1710 2185 τινὰ
1730 2155 1817 2192 χαρὰν
1835 2155 1883 2192 τὴν

1099 2210 1219 2245 σήμερον
1233 2208 1310 2242 ἄγειν
1320 2206 1438 2242 ἡμέραν,
1455 2203 1628 2234 ὑποπτεύσας
1640 2201 1670 2228 σέ
1683 2210 1743 2228 τινα
1755 2199 1834 2233 εἶναι,
1850 2202 1881 2236 ἦν

1099 2255 1232 2291 ἐνόμιζον,
1245 2252 1279 2290 ἦς
1295 2254 1329 2280 τὰ
1341 2253 1492 2289 πράγματα
1510 2249 1630 2280 ἀκούσας
1640 2248 1762 2285 ἀκριϐῶς
1773 2247 1880 2274 ἐπίστα-

1101 2311 1159 2338 μαι.
1178 2302 1211 2328 Ἡ
1222 2301 1251 2327 δὲ
1268 2299 1398 2336 ὲξώρκιζε
1419 2299 1548 2332 λέγουσα·
1562 2295 1673 2331 Δέομαι,
1687 2294 1748 2321 εἰπέ
1769 2303 1824 2330 μοι,
1840 2294 1881 2321 ἵνα

1098 2349 1161 2376 εἰδῶ
1177 2349 1201 2375 εἰ
1212 2347 1269 2374 ἔστι
1281 2355 1323 2379 τις
1336 2346 1365 2373 ὲν
1377 2344 1499 2380 γυναιξὶν
1513 2341 1662 2377 ἀθλιωτέρα
1675 2339 1752 2377 ἐμοῦ.

1131 2445 1254 2473 ΧΧ.Καὶ
1265 2445 1279 2472 ὁ
1289 2445 1402 2481 Πέτρος,
1410 2443 1551 2479 ψεύδεσθαι
1563 2443 1613 2469 οὐκ
1625 2440 1714 2474 εἰδὼς,
1728 2439 1781 2467 ὑπὸ
1793 2439 1879 2471 suo»;

1096 2493 1143 2520 τοῦ
1159 2493 1227 2529 πρὸς
1244 2493 1329 2528 αὐτὴν
1344 2491 1375 2518 τὸ
1395 2490 1493 2526 ἀληθὲς
1505 2489 1594 2524 λέγειν
1614 2483 1715 2524 ἦρξατο
1725 2495 1732 2502 ·
1753 2485 1829 2521 Ἐμοί
1840 2494 1878 2517 τις

1095 2539 1190 2566 λοιπὸν
1212 2538 1263 2574 ἤδη
1275 2539 1286 2554 ⁷
1299 2538 1408 2569 νεανίας
1428 2536 1466 2564 ὢν
1483 2535 1645 2572 παρέπεται,
1657 2533 1711 2560 τῶν
1722 2532 1774 2567 τῆς
1793 2532 1878 2558 θεοσε-

1096 2585 1172 2618 ϐείας
1182 2586 1344 2621 ὀρεγόμενος
1356 2584 1453 2618 λόγων,
1467 2582 1609 2617 Ῥωμαίων
1619 2580 1750 2615 ὑπάρχων
1760 2579 1875 2614 πολίτης,

1096 2632 1170 2663 ὅστις
1182 2640 1226 2667 μοι
1239 2631 1386 2667 διηγήσατο
1395 2630 1416 2662 ⁸,
1424 2629 1493 2662 πῶς,
1501 2627 1606 2663 πατέρα
1615 2626 1683 2662 ἔχων
1695 2626 1742 2653 καὶ
1753 2625 1875 2660 ἀδελφοὺς

911 2721 1029 2750 ἾΑΚΙᾹΞ
1048 2722 1247 2751 LECTIONES.

295 2789 327 2805 ’°°
347 2790 385 2822 ὡς
398 2789 421 2817 0
443 2795 471 2817 et
485 2797 518 2817 ex
535 2789 651 2823 conject.
662 2788 683 2817 C
698 2809 705 2821 ,
715 2789 744 2816 in
756 2789 811 2822 cuj.
822 2793 897 2816 textu
913 2788 999 2817 deest.
1040 2789 1049 2804 ί
1065 2788 1186 2822 ἀξιοῦσιν
1200 2790 1233 2818 0.

257 2823 280 2851 0
313 2825 429 2860 (ετΕρὶιη
454 2824 632 2859 εὐφορήσωϐ
681 2824 871 2860 δίταλαιπώρῳ
887 2824 919 2851 0.

259 2859 291 2885 σὺ
311 2859 348 2894 μὴ
363 2854 498 2895 κωλύσῃςξ
522 2854 608 2895 ’τ’ήδη
623 2866 678 2887 om.
688 2859 719 2887 Ο.
759 2860 770 2876 ⁸
784 2854 914 2895 διηγεῖται
928 2854 960 2888 Ὁ,

1281 2791 1290 2806 ²
1309 2790 1444 2817 θάλατταν
1455 2789 1489 2818 0.
1539 2789 1550 2805 ⁸
1568 2787 1720 2823 δειγμάτων
1733 2786 1766 2815 0.
1800 2785 1871 2823 V‘Vlta

974 2829 984 2844 θ
1001 2824 1027 2853 S.
1048 2824 1113 2861 Leg.
1131 2826 1157 2854 τί
1174 2834 1202 2853 σε
1217 2825 1324 2853 κωλύει.
1340 2826 1396 2854 Cfr.
1414 2833 1439 2853 e.
1455 2833 1481 2860 ε.
1496 2825 1571 2853 hom.
1588 2822 1648 2857 xui,
1664 2823 1690 2851 5.
1707 2823 1778 2858 Epit.
1798 2822 1872 2850 habet
