1932 3100
49 140 93 168 3H
623 139 854 168 CLEMENTINA.
874 155 911 161 —
929 140 1072 168 IIOMILLA
1090 140 1148 169 XII.

1630 141 1683 170 518

50 200 85 227 δύο
94 198 237 235 διδύμους,
253 199 355 227 οὐδένα
367 200 473 227 τούτων
490 199 548 235 ὁρᾷ.
565 199 602 226 Ἦ
623 207 654 226 τε
667 199 722 235 γὰρ
739 200 830 236 μήτηρ

895 200 985 228 minos
1000 199 1109 233 fratres,
1125 207 1159 228 ex
1168 200 1270 236 quibus
1285 200 1379 228 nullus
1391 199 1416 227 ei
1429 202 1597 234 compareat.
1613 196 1681 224 Nam

49 247 130 281 φησιν,
145 246 186 278 ὡς
200 247 216 272 ὁ
229 247 328 283 πατὴρ
340 247 462 283 διηγεῖτό
477 247 549 282 μοι’,
557 247 662 282 ὄνειρον
676 246 779 278 ἰδοῦσα,
791 247 841 282 τὴν

53 292 188 327 Ῥωμαίων
199 293 283 320 πόλιν
291 293 339 319 ἐπὶ
345 293 441 330 χρόνον
446 293 507 319 τινὰ
514 293 624 328 ἐξῆλθεν
634 292 704 328 μετὰ
710 292 764 319 τῶν
771 293 843 319 διδύ-

49 348 95 373 μων
107 338 198 374 αὐτῆς
208 339 296 375 269
303 339 418 371 τέκνων,
426 339 468 366 ἵνα
476 339 512 374 μὴ
519 338 595 374 κακῷ
602 339 840 375 μόρῳτελευτήσῃ,
861 349 867 359 -

47 385 83 411 καὶ
99 385 149 412 σὺν
162 386 262 417 αὐτοῖς
275 386 391 417 ἐκϐᾶσα,
407 386 457 420 οὐχ
469 386 636 421 εὑρίσκεται.
657 386 686 412 '0
699 385 728 412 δὲ
738 385 841 420 ταύτης

46 431 87 466 μὲν
98 433 184 468 ἀνὴρ,
199 432 288 459 αὑτοῦ
304 433 333 459 δὲ
349 433 452 468 πατὴρ,
467 433 513 459 καὶ
526 433 608 465 αὐτὸς
626 434 666 464 εἰς
677 432 840 468 ἐπιζήτησιν

44 478 122 513 αὑτῆς
134 479 226 510 ἐκϐὰς
235 479 258 495 ³⁸
273 480 323 514 οὐχ
335 479 500 514 εὑρίσκεται.

71 523 145 552 XXI.
165 525 265 552 Ταῦτα
281 526 329 552 τοῦ
345 526 449 562 Πέτρου
466 526 597 559 εἰπόντος,
615 527 785 562 ὲπιστήσασα
801 526 839 558 ὡς

43 570 81 596 ὑπ’
90 571 258 607 ἐκπλήξεως
275 571 413 607 ἁπέψυξεν
429 574 445 608 ἡ
463 572 578 608 γυνή.”0
589 572 618 599 δὲ
634 572 736 608 Πέτρος
753 581 838 608 προσ-

42 616 120 643 ελθὼν
145 618 198 644 καὶ
226 617 347 653 ἐπισχὼν
372 619 466 654 νήφειν
491 619 575 654 αὐτὴν
600 618 836 654 παρεκελεύσατο,

40 663 180 697 ὁμολογεῖν
205 664 292 700 αὐτὴν
315 665 415 692 πείθων
439 665 467 692 τί
488 665 553 692 ποτέ
569 667 642 692 ἐστιν
657 665 672 692 ὃ
688 665 796 701 πάσχει.
806 667 837 692 'H

38 709 70 739 δὲ,
87 709 191 745 ὥσπερ
217 711 251 737 ὲκ
275 710 360 746 μέθης
383 711 414 738 τὺ
436 711 526 738 λοιπὸν
545 712 593 738 τοῦ
611 711 736 747 σώματος
751 720 838 748 παρε-

38 755 124 787 Gaia-:1,
145 756 323 792 ὑπέστρεψεν
335 758 355 773 ¹¹
373 757 480 794 ἑαυτὴν,
498 758 646 793 ὑποστῆναι
662 759 805 794 δυνηθεῖσα
815 759 836 775 ¹²

35 803 58 828 τὸ
76 803 204 838 μέγεθος
216 804 269 839 τῆς
284 804 463 840 ἐλπιζομένης
479 806 576 841 χαρᾶς,
593 805 639 832 καὶ⁸
653 805 772 841 τρίψασα
788 806 836 832 αὑ-

32 850 78 883 τῆς
93 850 128 876 τὺ
146 850 301 886 πρόσωπον
312 860 319 867 ·
337 851 393 878 Ποῦ
410 852 491 883 ἐστιν,
509 852 572 888 ἔφη,
589 849 666 884 οὗτος
681 853 696 879 ὁ
709 852 835 885 νεανίας;

35 895 62 921 ’0
77 895 121 928 δὲ,
139 895 197 931 ἥδη
213 896 276 923 ὅλον
293 896 407 924 συνιδὼν
422 897 453 924 τὸ
468 898 593 934 πρᾶγμα,
610 897 662 934 ἔφη
674 906 680 913 ·
703 898 771 924 Εἰπέ
789 907 834 934 μοι

30 942 58 968 σὺ
78 942 209 976 πρῶτον,
224 943 314 975 ἄλλως
328 943 384 979 γὰρ
399 943 492 971 τοῦτον
515 944 579 971 ἰδεῖν
601 945 650 972 οὐκ
667 945 749 980 ἔχεις.
757 945 790 972 Ἦ
805 945 834 972 δὲ

30 987 193 1014 σπεύδουσα
204 987 226 1003 ¹³
238 987 335 1022 -Ἐγὼ,
348 988 439 1024 φησὶν,
453 989 510 1024 εἰμὶ
526 990 542 1024 ή
559 989 607 1016 τοῦ
624 990 766 1017 νεανίσκου
784 991 835 1026 μή-

27 1041 90 1067 τηρ.
106 1033 168 1059 Καὶ
185 1034 201 1059 ό
218 1033 322 1069 Πέτρος
339 1034 390 1069 ἔφη
403 1043 410 1050 ·
427 1035 459 1061 Τί
476 1034 562 1070 τούτῳ
577 1035 718 1071 δνομαςἩ
735 1036 763 1063 δέ
780 1045 833 1071 φη-

28 1087 80 1104 σιν·
101 1079 238 1115 Κλήμης.
258 1081 313 1107 Καὶ
328 1081 343 1106 ὀ
358 1080 460 1116 Πέτρος
477 1078 553 1108 εἶπεν
564 1091 570 1097 ·
585 1082 672 1114 Αὐτός
687 1083 771 1115 ἐστιν,
786 1082 835 1109 καὶ

27 1124 111 1156 αὐτὸς
127 1123 165 1160 ἦν
180 1126 196 1152 ὁ
212 1126 267 1161 πρὸ
285 1126 383 1162 μικροῦ
402 1135 446 1162 μοι
463 1127 591 1163 λαλήσας,
604 1125 626 1162 ᾧ
638 1129 783 1164 ἀναμένειν
799 1138 833 1165 με

28 1171 56 1195 ὲν
72 1170 116 1206 τῷ
133 1171 225 1206 πλοίῳ
242 1171 407 1207 προσέταξα.
421 1173 452 1199 Ἦ
468 1172 496 1199 δὲ
513 1173 708 1209 προσπεσοῦσα
723 1174 762 1210 τῷ
778 1174 832 1201 Πέ-

27 1225 86 1251 τρῳ
114 1217 273 1252 παρεκάλει
299 1217 424 1245 σπεύδειν
439 1219 486 1245 ἐπὶ
500 1219 531 1245 τὸ
548 1219 639 1246 πλοῖον
664 1220 760 1247 ἐλθεῖν.
778 1220 833 1247 Καὶ

28 1262 41 1287 ὁ
58 1262 187 1298 Πέτραν
206 1262 242 1290 Εἴ
267 1272 312 1298 μοι
334 1266 427 1300 τηρεῖς
448 1265 498 1296 τὰς
522 1265 667 1301 συνθήκας,
685 1268 732 1293 καὶ
753 1266 833 1294 τοῦτο

29 1308 148 1343 ποιήσω.
159 1308 192 1334 Ἦ
208 1308 238 1334 δὲ
254 1307 305 1344 ἔφη
319 1317 326 1324 ·
345 1309 437 1336 Πάντα
453 1309 532 1341 ποιῶ,
546 1310 625 1345 μόνον
638 1319 682 1346 μοι
694 1311 725 1337 τὸ
738 1311 832 1338 τέκνον

28 1353 58 1379 τὸ
77 1355 229 1389 μονογενὲς
251 1355 345 1389 δεῖξον.
364 1355 436 1389 Δόξω
452 1355 507 1392 γὰρ
523 1357 556 1383 δι’
570 1357 652 1384 αὐτοῦ
668 1358 703 1385 τὰ
716 1358 762 1385 δύο
780 1367 831 1394 μου

28 1400 61 1426 τὰ
72 1400 196 1427 ἐνταῦθα
207 1401 358 1436 τεθνηκότα
371 1402 436 1438 ὁρᾴν
449 1402 542 1430 τέκνα.
553 1404 607 1430 Καὶ
617 1405 632 1431 ὁ
643 1404 746 1440 Πέτρος
758 1404 810 1440 ἔφη
823 1413 830 1420 ·

30 1446 116 1472 Ὀταν
132 1446 216 1473 αὐτὸν
235 1447 302 1484 ἴδῃς,
314 1448 449 1483 ἡσύχασον
464 1449 559 1485 μέχρις
575 1449 607 1477 ἂν
623 1451 673 1486 τῆς
687 1454 770 1486 νήσου
785 1452 831 1478 ὲκ-

29 1491 135 1527 6ῶμεν.
145 1493 180 1519 Ἡ
195 1493 224 1519 δὲ
242 1492 293 1529 ἔφη
306 1502 312 1508 ·
332 1493 425 1526 οὕτως
441 1495 556 1530 ποιήσω.

894 250 991 279 mater,
1010 246 1109 281 inquit,
1125 246 1197 274 sicut
1215 247 1282 274 ntihi
1304 246 1457 274 edisseruit-
1470 251 1558 281 pater,
1571 245 1682 273 somnio

892 293 953 320 viso
969 292 1092 320 Romana
1111 293 1179 321 urbe
1195 293 1229 321 ad
1259 298 1368 328 tempus
1381 292 1499 320 excessit
1513 299 1576 320 eum
1592 291 1680 326 gemi-

892 340 936 368 nis
963 340 1020 368 suis
1046 341 1131 374 natis,
1159 348 1194 368 ne
1219 340 1320 368 misera
1337 344 1425 367 ntorte
1448 339 1583 369 interiret,
1598 342 1681 372 atque

891 393 955 414 cum
978 387 1030 414 illis
1053 395 1165 422 egressa
1187 395 1241 414 non
1255 387 1403 414 invenitur.
1423 386 1468 413 Vir
1487 390 1578 413 autem
1595 384 1680 416 illius,

891 432 973 468 hujus
987 441 1052 461 vero
1065 439 1152 468 pater.
1165 438 1192 461 et
1207 434 1267 468 ipse
1285 434 1318 461 ad
1334 432 1513 469 quaerendam
1532 439 1594 459 eam
1614 438 1679 466 pro-

890 478 978 506 fectus
994 487 1168 515 nequaquam
1187 480 1333 515 reperitur.

926 535 996 564 XXI.
1016 536 1080 564 Haec
1095 545 1157 564 cum
1174 537 1289 565 dixisset
1300 537 1410 570 Petrus,
1422 537 1531 569 mulier,
1544 544 1605 571 qua:
1618 536 1680 563 ani-

889 589 964 609 mum
981 582 1144 615 intenderat,
1165 588 1276 618 stupore
1301 584 1457 611 exanimata
1473 587 1524 611 est.
1540 582 1611 610 Tum
1627 581 1678 610 Pe-

889 632 948 655 trus
961 629 1104 662 accedens,
1121 637 1237 664 eamque
1249 634 1355 662 tenens,
1369 630 1402 657 ad
1421 638 1451 658 se
1468 629 1569 657 rediret
1583 629 1677 656 horta-

889 678 933 702 tus
948 679 999 706 est,
1015 676 1157 710 suasitque
1168 681 1197 702 ut
1212 675 1345 703 fateretur
1369 676 1500 711 quidnam
1513 680 1587 703 esset
1601 675 1677 710 quod

888 721 912 748 ei
927 721 1089 756 contigerat.
1103 721 1150 749 Illa
1171 729 1246 754 vero,
1261 722 1335 750 velut
1347 729 1381 749 ex
1395 722 1528 750 ebrietate
1543 727 1599 749 toto
1613 729 1676 749 cor-

887 775 955 802 pore
980 768 1112 800 resoluta,
1134 776 1190 804 quo
1214 773 1306 802 posset
1332 768 1548 803 magnitudinem
1575 767 1676 803 sperati

888 813 980 848 gaudii
1003 813 1149 846 sustinere,
1166 814 1342 848 semetipsam
1364 815 1502 848 reparavit
1518 813 1676 848 :simulque

888 859 1019 886 all‘ricans
1040 859 1145 886 vultum
1160 868 1166 885 :
1185 859 1238 887 Ubi
1252 864 1304 893 est,
1321 861 1420 895 inquit,
1436 860 1481 887 ille
1495 860 1677 888 adolescens?

886 905 921 932 At
935 905 1033 933 Petrus
1045 905 1102 940 jam
1118 906 1273 942 intelligens
1291 914 1349 934 rem
1372 911 1459 934 totam
1473 916 1480 934 :
1498 906 1555 940 Dic,
1576 907 1675 941 inquit,

884 952 952 979 mihi
976 957 1004 979 tu
1027 952 1113 987 prior.
1130 952 1208 980 aliter
1227 953 1299 980 enint
1319 961 1382 980 eum
1401 961 1456 981 non
1473 953 1586 980 videbis.
1603 952 1674 980 Tum

885 997 930 1024 illa
946 996 1080 1025 festinans
1094 998 1131 1025 ait
1149 1007 1156 1024 :
1172 997 1230 1033 Ego
1244 1007 1305 1026 sum
1330 999 1512 1026 adolescentis
1528 1003 1625 1026 mater.
1641 998 1675 1026 Et

883 1043 980 1071 Petrus
997 1053 1003 1071 :
1021 1043 1099 1077 Quod
1122 1045 1146 1073 ei
1171 1053 1270 1072 nomen
1293 1046 1353 1073 est?
1368 1045 1415 1072 Illa
1432 1053 1516 1072 vero:
1535 1045 1673 1076 Clemens,

883 1089 931 1117 ait.
941 1089 1039 1118 Petrus
1054 1100 1060 1117 :
1074 1089 1134 1125 Ipse
1148 1095 1191 1118 est
1204 1095 1232 1118 et
1243 1091 1302 1126 ipse
1316 1095 1377 1118 erat
1387 1091 1434 1126 qui
1446 1091 1528 1126 paulo
1538 1097 1601 1118 ante
1617 1099 1674 1118 me-

883 1144 945 1163 cunt
962 1136 1134 1171 loquebatur,
1149 1145 1230 1172 quem
1241 1137 1313 1171 jussi
1329 1145 1372 1165 me
1386 1137 1412 1164 in
1426 1137 1487 1164 navi
1502 1141 1672 1172 exspectare.

884 1181 961 1209 Tunc
984 1182 1029 1209 illa
1047 1183 1190 1217 procidens
1205 1184 1238 1211 ad
1256 1184 1338 1218 pedes
1360 1183 1432 1211 Petri
1449 1183 1574 1219 rogabat,
1591 1188 1619 1210 ut
1638 1183 1673 1211 ad

883 1238 980 1258 navem
1001 1229 1099 1258 festiue
1116 1231 1285 1266 procederet.
1307 1230 1405 1258 Petrus
1420 1236 1510 1258 autem
1528 1230 1578 1258 :Si
1594 1231 1672 1264 mihi,

882 1275 982 1310 inquit,
996 1284 1089 1303 servas
1108 1276 1199 1309 fidem,
1218 1276 1269 1303 hoc
1283 1284 1395 1311 quoque
1406 1284 1497 1311 agam.
1509 1275 1543 1304 At
1565 1276 1615 1303 illa-
1627 1283 1673 1304 re-

882 1321 1011 1355 spondit:
1027 1320 1125 1349 Omnia
1141 1321 1253 1354 faciam,
1277 1326 1382 1353 tantum
1399 1321 1465 1348 ntilti
1479 1322 1592 1349 ostende
1608 1320 1673 1348 uni-

882 1375 945 1395 cum
967 1376 1058 1395 meum
1084 1372 1190 1396 natum.
1208 1367 1314 1396 Putabo
1328 1369 1399 1396 enim
1419 1376 1467 1403 per
1481 1368 1570 1403 ipsum
1585 1366 1673 1402 gemi-

881 1421 932 1441 nos
948 1422 1023 1441 meos
1044 1414 1155 1446 liberos,
1171 1415 1217 1448 qui
1242 1414 1287 1442 hic
1306 1415 1407 1442 mortui
1421 1419 1497 1446 sunt,
1513 1413 1615 1441 videre.
1632 1413 1673 1440 Ac

881 1460 979 1487 Petrus
992 1460 1063 1488 dixit
1076 1469 1084 1488 :
1097 1460 1167 1487 Cum
1181 1461 1282 1488 videris
1296 1468 1370 1492 eum,
1380 1461 1471 1496 quieta
1484 1467 1575 1494 mane,
1585 1467 1673 1494 usque

880 1515 935 1542 quo
951 1507 1124 1542 egrediamur
1137 1508 1171 1535 ab
1183 1508 1284 1535 insula.
1297 1506 1344 1534 Illa
1355 1507 1461 1542 excepit
1478 1516 1485 1534 :
1502 1506 1548 1534 Sic
1559 1506 1671 1534 faciam.

65 1549 151 1584 27o
178 1549 262 1576 XXII.
292 1550 448 1586 Λαὸόμενος
468 1549 515 1578 οὖν
538 1552 587 1587 τῆς
609 1553 699 1589 χειρὸς
719 1554 830 1590 αὐτῆςὸ

917 1554 1000 1582 XXII.
1024 1555 1055 1582 Et
1067 1560 1177 1590 accepta
1194 1563 1276 1583 manu
1289 1555 1349 1590 ejus
1371 1554 1467 1582 Petrus
1479 1554 1596 1582 ducebat
1609 1561 1670 1582 eam

32 1596 136 1631 Πέτρος
160 1593 229 1631 ἦγεν
241 1596 263 1612 ’⁸
279 1597 325 1623 ἐπὶ
348 1597 379 1624 τὸ
402 1597 504 1624 πλοῖον.
514 1597 584 1633 Ἐγὼ
605 1598 644 1631 δὲ,
665 1599 725 1625 ἰδὼν
749 1600 830 1627 αὐτὸν

31 1641 257 1676 χειραγωγοῦντα
273 1643 400 1676 γυναῖκα,
412 1643 538 1677 ἐγέλασα,
550 1644 596 1670 καὶ
613 1644 778 1679 προσελθὼν,
790 1646 830 1677 εις

29 1687 112 1722 τιμὴν
128 1687 226 1719 αὑτοῦ,
242 1688 301 1714 ἀντ’
318 1688 400 1715 αὑτοῦ
416 1691 595 1725 χειραγωγεῖν
611 1690 696 1726 αὐτὴν
712 1690 829 1725 ἐπειρώ‹

33 1741 94 1766 μην.
102 1734 161 1760 Καὶ
176 1733 236 1769 ἆμα
249 1733 289 1768 τῷ
304 1733 423 1768 ἅψασθαί
441 1743 474 1769 με
490 1735 540 1770 τῆς
555 1735 647 1771 χειρὸς
657 1735 752 1771 αὐτῆς,
771 1736 830 1762 ὀλο-

32 1779 133 1812 λύξασα
158 1779 198 1811 ὡς
225 1780 316 1815 μήτηρ
344 1780 414 1815 μέγα
432 1781 480 1807 καὶ
501 1780 710 1816 περιπλακεῖσα,
730 1781 830 1817 σφόδρα

33 1825 172 1860 κατεφίλει
191 1834 225 1860 με
241 1825 287 1852 τὸν
305 1826 363 1853 υἱὸν
379 1826 462 1862 αὐτῆς
475 1826 505 1852 ¹⁸.
517 1826 587 1861 Ἐγὼ
599 1826 638 1858 δὲ,
649 1827 754 1861 ἀγνοῶν
770 1827 830 1854 ὅλον

32 1870 59 1896 τὸ
69 1872 197 1906 πρᾶγμα,
206 1871 244 1903 ὡς
260 1872 425 1906 μαινομένην
441 1872 618 1907 ἀπεσειόμηνο
631 1873 789 1909 αἰδούμενος
801 1873 829 1900 δὲ

33 1918 75 1943 καὶ
90 1918 138 1944 τὸν
156 1918 273 1953 Πέτρον,
291 1919 501 1954 ἐπικραινόμην.

64 1973 161 2003 XXIII.
178 1973 209 2000 ’0
230 1973 259 2000 δὲ
283 1973 387 2009 Πέτρος
407 1973 460 2008 ἔφη
472 1982 479 1989 ι
493 1974 555 2005 Ἔα,
572 1973 600 2000 τί
622 1975 718 2005 ποιεῖς,
734 1973 829 2000 τέκνον

31 2022 155 2057 Κλήμης,
162 2020 360 2055 ἀποσειόμενος
374 2020 423 2055 τὴν
441 2020 490 2055 σὴν
506 2020 590 2051 ὅντως
603 2019 752 2051 τεκοῦσανς
766 2019 829 2054 Εγὼ

31 2068 68 2099 δὲ,
86 2067 171 2094 τοῦτο
188 2066 310 2097 ἀκούσας
321 2065 488 2101 περίδακρυς
497 2065 641 2100 γενόμενος
652 2066 699 2092 καὶ
710 2073 830 2092 καταπε-

31 2114 112 2149 σηὺσῃ
136 2114 171 2149 τῇ
198 2111 319 2147 τεκούσῃ
335 2111 497 2147 προσπεσὼν
514 2110 685 2145 κατεφίλουν.
703 2111 758 2137 Καὶ
774 2111 829 2147 γὰρ

29 2160 83 2195 ἅμα
98 2160 141 2195 τῷ
159 2159 276 2195 ῥηθῆναί
295 2167 339 2193 μοι
355 2157 435 2184 τοῦτο
450 2157 583 2193 ἀμαυρῶς
594 2158 616 2174 ¹⁶
638 2166 697 2189 πως
712 2156 743 2184 τδ
759 2155 829 2189 εἶδος

28 2205 230 2240 ἀνεκαλούμην.
248 2203 345 2230 Πολλοὶ
363 2203 412 2239 μὲν
428 2201 473 2230 οὖν
489 2203 562 2238 ὄχλοι
580 2203 739 2240 συνέτρεχον
755 2204 827 2230 ιστο-

30 2253 106 2288 ρῆσαι
132 2253 186 2287 τὴν
210 2251 424 2287 προσαιτήτριαν
449 2251 575 2284 γυναῖκα,
592 2250 717 2284 λέγοντες
740 2250 824 2285 ἀλλή-

27 2299 89 2331 λοις,
107 2299 150 2325 ὅτι
169 2297 256 2332 αὐτὴν
273 2296 380 2330 ἐπέγνω
396 2296 410 2322 ὁ
426 2296 493 2327 υἱὸς,
503 2295 572 2331 ἀνὴρ
588 2295 738 2329 ἀξιόλογος.
757 2296 824 2322 Βου-

28 2346 148 2380 λομένοις
168 2341 218 2370 οὖν
239 2343 305 2378 ἡμῖν
326 2341 440 2377 ἐξαυτῆς
458 2342 506 2368 σὺν
522 2343 555 2376 τῇ
575 2342 659 2376 μητρὶ
674 2341 725 2377 τῆς
740 2342 823 2378 νήσου

27 2391 161 2418 ἐκϐαίνειν
178 2389 195 2424 ή
215 2388 307 2424 μήτηρ
320 2387 386 2422 ἔφη’
398 2387 499 2413 Τέκνον
513 2395 558 2422 μοι
569 2386 701 2419 ποθεινὸν,
714 2386 824 2422 εὔλογόν

28 2437 95 2463 ἐστιν
104 2433 297 2466 ἀποτάξασθαι
312 2434 347 2468 τῇ
364 2431 551 2467 ὑποδεξαμένῃ
568 2440 602 2467 με
617 2433 736 2466 γυναικὶ,
750 2433 821 2468 ἥτις,

28 2482 141 2518 πενιχρὰ
157 2479 228 2508 οὖσα
245 2479 292 2506 καὶ
308 2479 356 2514 ὅλη
374 2478 538 2513 παρειμένη,
555 2478 601 2504 ἐπὶ
617 2478 762 2513 τῆςοῑκίας
777 2478 824 2514 ἔρ-

30 2531 130 2565 ῥιπται.
140 2529 173 2556 '0
184 2528 214 2555 δὲ
228 2527 333 2562 Πέτρος
348 2524 469 2556 ἀκούσας
486 2524 640 2559 ἐθαύμασεν
652 2524 684 2556 ¹¹¹,
696 2525 743 2552 καὶ
757 2526 826 2552 πάν-

26 2586 65 2609 τες
88 2577 116 2604 oi.
144 2573 332 2611 mptzc-rdna;
358 2571 441 2607 ὄχλοι,
457 2571 507 2606 τῆς
530 2570 658 2606 γυναικὸς
677 2570 708 2597 τὸ
724 2571 825 2606 ἀγαθὸν

28 2623 161 2659 ᾳρόεςημα.
180 2621 236 2648 Καὶ
252 2619 355 2650 εὐθέως
376 2617 518 2644 ἐκέλευσεν
543 2617 558 2643 ὁ
582 2616 685 2652 Πέτρος
705 2618 759 2644 τισὶ
776 2627 825 2645 πο-

28 2669 152 2704 ρευθῆναι
173 2667 221 2694 καὶ
245 2665 296 2702 τὴν
322 2664 439 2699 γυναῖκα
455 2663 501 2689 ὲπὶ
517 2662 611 2698 κλίνης
627 2663 748 2698 κομίσαι.
768 2665 824 2692 Καὶ

881 1602 914 1630 ad
928 1601 1129 1634 navem.Queut
1143 1609 1194 1636 ego
1206 1601 1300 1629 videns
1314 1609 1396 1628 manu
1412 1601 1513 1629 dueere
1529 1601 1670 1628 mulierem

882 1649 941 1676 risi.
961 1647 1101 1675 Accedens
1123 1652 1225 1681 tamen,
1238 1647 1351 1675 honoris
1362 1655 1426 1682 erga
1435 1655 1498 1674 eutn
1512 1647 1610 1682 gratia,
1620 1654 1670 1682 pro

881 1695 942 1730 ipso
958 1703 1040 1721 manu
1057 1695 1130 1722 illam
1145 1695 1244 1722 ducere
1258 1694 1338 1728 cepi.
1356 1693 1442 1721 Simul
1459 1698 1548 1721 autem
1564 1701 1596 1720 ac
1610 1701 1670 1720 ma-

881 1748 946 1767 num
960 1740 1020 1775 ejus
1033 1740 1146 1775 conligi,
1163 1744 1193 1766 ut
1206 1745 1304 1773 mater,
1321 1740 1425 1767 ululatu
1439 1739 1541 1774 ingenti
1554 1739 1669 1772 reddito,

881 1785 909 1812 in
925 1785 1067 1820 amplexus
1082 1793 1158 1812 meos
1173 1785 1252 1812 irruit
1267 1792 1365 1819 nteque
1379 1784 1464 1811 filium
1488 1792 1569 1811 suum
1589 1785 1671 1812 vehe-

881 1836 988 1858 menter
1001 1830 1156 1858 deosculata
1168 1834 1220 1857 est.
1233 1829 1267 1857 At
1283 1837 1333 1865 ego
1349 1829 1479 1864 ignorans
1491 1837 1573 1856 omne
1587 1837 1671 1864 nego-

881 1877 947 1904 tium
971 1877 1050 1912 quasi
1071 1876 1251 1903 insanientem
1268 1875 1429 1910 repellebant
1444 1876 1511 1904 :sed
1525 1880 1553 1903 et
1567 1877 1670 1903 reveri-

881 1927 925 1951 tus
941 1923 1050 1950 Petrum
1067 1931 1110 1950 me
1126 1923 1246 1950 coercui.

916 1969 1012 1996 XXIII.
1033 1969 1102 1996 Tum
1129 1968 1226 1996 Petrus
1250 1969 1341 1996 dixit:
1357 1969 1444 2003 Eheu,
1460 1969 1526 2005 quid
1548 1970 1608 2006 agis
1631 1971 1670 1998 fili

880 2015 1016 2048 Clemens,
1029 2015 1136 2050 repellis
1151 2023 1213 2042 eam
1228 2023 1291 2050 quae
1303 2023 1365 2042 vere
1382 2020 1468 2043 mater
1480 2021 1525 2044 tua
1539 2017 1598 2044 est?
1613 2016 1670 2052 Ego

880 2069 955 2094 vero,
972 2061 1018 2087 ubi
1042 2061 1094 2088 ltoc
1109 2060 1212 2094 audivi,
1231 2060 1361 2096 lacrymis
1376 2060 1482 2088 obortis
1498 2062 1604 2089 concidi
1620 2070 1669 2090 su-

880 2115 928 2142 pra
941 2107 1078 2141 jacentetn
1093 2111 1207 2133 matrem
1221 2111 1248 2133 et
1260 2107 1407 2134 osculabar
1417 2107 1583 2135 eant.Simul
1595 2109 1668 2136 enim

880 2161 913 2180 ac
927 2153 952 2180 id
971 2152 1037 2179 milti
1054 2153 1157 2180 dictum
1181 2152 1243 2184 fuit,
1259 2152 1431 2180 subobscure
1446 2154 1586 2188 genitricis
1611 2154 1667 2181 for.

881 2207 952 2226 mam
979 2199 1152 2226 revocabant.
1178 2197 1322 2225 Multitudo
1352 2197 1460 2226 interim
1489 2200 1670 2227 concurrebat

880 2246 996 2280 plurima
1012 2245 1045 2272 ad
1061 2245 1204 2272 videndam
1229 2245 1382 2272 mendicant
1410 2246 1569 2279 mulierem;
1593 2246 1668 2273 dice-

879 2293 999 2327 bantque
1022 2297 1117 2320 mutuo
1135 2302 1142 2319 :
1160 2292 1277 2326 Agnovit
1291 2299 1350 2319 eam
1366 2292 1450 2325 filius,
1473 2293 1516 2320 vir
1539 2293 1668 2320 eximius.

878 2337 972 2373 Itaque
986 2345 1049 2365 cum
1066 2338 1198 2365 vellemus
1210 2336 1355 2365 confestim
1370 2346 1433 2366 cum
1450 2343 1536 2365 matre
1547 2346 1580 2365 ex
1596 2337 1670 2365 insu-

878 2385 903 2412 la
917 2385 1004 2417 exire,
1020 2390 1106 2411 mater
1121 2384 1160 2411 ait
1178 2393 1184 2411 :
1201 2384 1265 2417 Fili,
1279 2385 1346 2412 milti
1361 2389 1497 2419 exoptate,
1507 2392 1615 2418 aequum
1628 2387 1670 2411 est

879 2435 909 2458 ot
920 2431 980 2458 vale
998 2431 1086 2458 dicam
1104 2431 1213 2458 ntulicri
1231 2439 1293 2466 quae
1307 2438 1350 2458 me
1364 2431 1494 2465 suscepit,
1512 2437 1573 2465 qua:
1587 2437 1669 2465 egens

875 2481 900 2506 et
915 2482 970 2504 tota
984 2477 1132 2512 paralytiea
1148 2477 1222 2504 domi
1233 2477 1317 2511 jacet.
1334 2476 1383 2504 His
1399 2476 1515 2508 auditis,
1530 2475 1627 2503 Petrus
1641 2479 1670 2502 et

876 2531 984 2555 omnes,
1003 2523 1050 2558 qui
1070 2522 1179 2557 plurimi
1196 2524 1318 2557 aderant,
1336 2522 1461 2550 admirati
1482 2526 1546 2549 sunt
1565 2522 1667 2549 bonum

877 2569 986 2597 feminae
1000 2570 1157 2597 consilium.
1174 2569 1208 2597 Et
1222 2570 1353 2597 continuo
1372 2569 1456 2604 jussit
1477 2567 1575 2594 Petrus
1589 2567 1668 2594 abire

877 2616 1022 2651 quosdam,
1039 2623 1072 2643 ac
1092 2615 1198 2644 deferre
1213 2616 1356 2644 mulierem
1372 2616 1398 2642 in
1418 2614 1528 2642 lectulo.
1544 2614 1669 2648 Cumque

879 2662 976 2690 fuisset
989 2662 1082 2696 allata,
1100 2663 1261 2698 positusque
1276 2661 1374 2689 fuisset
1387 2661 1484 2693 lectus,
1502 2663 1600 2687 cuncta
1612 2659 1669 2694 pie-

698 2720 818 2748 VARIAE
838 2719 1044 2749 LECTIONES.

55 2775 65 2789 ο
85 2770 155 2797 Vbb.
177 2768 300 2805 διηγεῖτό
317 2775 364 2803 μοι
379 2774 432 2793 non
451 2766 604 2805 sunt‘i_n__0.

28 2806 46 2821 "
75 2805 220 2841 δυνηθῆναι
249 2805 281 2838 (ἶ,
314 2809 468 2841 permirum.

25 2842 43 2862 ἰ
56 2841 140 2875 αὐτῆς
153 2841 210 2868 υἱὸν
226 2841 257 2869 C.

24 2876 105 2911 μαζεν
117 2877 145 2905 C.

523 2801 544 2817 ’³
560 2801 661 2828 Vocah.
683 2803 699 2837 ἡ
717 2802 746 2828 δὲ
773 2804 924 2831 σπεύδουσα
939 2804 998 2830 des.
1012 2803 1038 2830 in
1050 2802 1082 2830 Ο.

303 2835 325 2855 ’³
340 2836 381 2864 Ita
393 2835 415 2864 Ο
439 2845 453 2865 e
478 2835 497 2864 S
512 2857 519 2870 ,
537 2835 705 2873 ἀμαυρώσεις
722 2837 741 2866 C
758 2859 765 2872 ,
782 2840 829 2874 qui
845 2840 872 2867 in
889 2847 975 2875 ntarg.
992 2838 1063 2874 conj.
1079 2835 1211 2874 ἀμαυρῶς
1227 2839 1260 2866 ἄν
1276 2838 1316 2867 vel
1330 2838 1508 2874 ἀμαυρώσαν.
1547 2835 1665 2863 ’νεναυ-

664 2767 685 2782 ¹⁰
701 2767 768 2794 Ante
786 2769 835 2795 ὲκϐ
856 2778 869 2801 ς
882 2770 908 2796 in
933 2768 955 2795 Ο
977 2773 1018 2795 est
1045 2767 1162 2794 ἔκϐασου
1176 2772 1368 2802 hexpunctumr.
1408 2765 1428 2781 “
1446 2765 1617 2802 ὑπέστρεφεν
1634 2763 1666 2792 0.

1140 2803 1161 2822 ⁸⁸
1174 2799 1242 2842 ἦγεν
1255 2803 1277 2830 0
1293 2807 1321 2842 et
1336 2801 1409 2842 Epit.
1421 2807 1446 2842 c_.
1457 2801 1502 2832 90,
1514 2799 1623 2842 ἤγειρεν
1633 2802 1665 2828 C.
