1932 3100
261 148 314 176 310

259 213 293 240 be
309 211 436 239 audiente
448 211 545 240 Petrus
560 212 598 240 ait
611 221 617 239 :
630 210 659 239 Si
671 211 792 238 veritatis
807 217 857 245 ego
871 217 932 237 sum
948 217 1046 244 praeco,
1063 211 1085 238 Α

261 257 295 284 ad
312 256 392 283 tidem
409 264 504 284 eorum
517 257 564 292 qui
577 257 722 288 assistunt,
738 259 768 282 ut
789 255 877 282 sciant
888 262 973 282 unum
988 261 1049 281 esse

260 303 496 338 Deunropilicem
519 303 626 336 mundi,
648 307 742 338 surgat
768 303 899 330 continuo
923 309 1000 329 sana.
1017 300 1049 327 Et

260 350 351 377 statim
370 354 401 376 ut
425 350 482 377 haec
506 350 620 377 dixisset
634 349 741 382 Petrus,
759 348 857 375 mulier
871 348 990 375 surrexit
1003 354 1048 374 sa-

260 399 322 421 nata
335 399 361 421 et
374 394 491 428 procidit
506 395 538 422 ad
553 395 635 429 pedes
646 393 730 427 Petri,
742 398 824 428 atque
835 393 951 420 amicam
969 400 1047 419 suam

259 449 292 469 ac
309 441 470 469 familiarem
479 442 602 469 osculata
612 441 825 477 percontabatur
835 440 902 475 quid
915 440 986 468 istud
1001 447 1047 466 es-

261 490 311 513 set.
328 486 362 514 At
377 487 423 514 illa
437 487 554 514 breviter
568 495 650 514 omne
662 487 686 514 ei
699 485 894 521 recognitioriis
909 485 1046 520 negotium

260 532 395 565 exposuit,
411 536 438 559 et
454 533 501 567 qui
517 532 663 559 audierunt
679 531 859 566 obstupefacti
868 535 941 558 sunt.
955 530 1046 557 Tunc-

260 585 312 612 que
329 583 415 605 mater
429 578 563 612 hospitem
578 583 700 605 curatam
712 577 808 605 videns
818 578 933 613 rogavit,
944 581 973 604 ut
988 577 1046 611 ipsa

260 631 370 658 quoque
386 623 530 651 sanitatem
544 623 690 658 acciperet.
715 623 763 651 llle
788 628 879 651 autem
893 631 975 650 manu
994 623 1047 650 im-

260 669 348 704 posita
364 669 451 704 ipsam
466 669 548 696 etiam
564 669 681 697 curavit.

294 811 390 840 XXIV.
412 812 511 847 Sicque
522 817 616 847 postea
629 812 726 840 Petrus
741 812 775 840 de
789 812 842 840 Deo
851 820 884 840 ac
897 812 931 839 de
943 811 990 839 Dei
1003 819 1046 840 re-

259 857 360 893 ligione
375 866 529 886 sermonem
545 859 639 885 habuit
654 863 681 886 et
694 858 720 886 in
737 858 790 886 line
805 858 926 886 addidit:
941 858 968 885 Si
982 858 1045 892 quis
1061 877 1082 905 Β

258 904 317 931 haec
329 904 385 931 vult
396 904 537 939 diligenter
549 912 723 939 cognoscere,
740 905 925 937 Antiochiam,
942 905 986 932 ubi
996 913 1041 939 per

258 951 358 977 multos
372 950 429 977 dies
444 951 563 978 residere
578 952 670 984 statui,
694 952 815 983 veniens,
830 959 891 986 quae
910 951 943 978 ad
967 951 1043 978 salua

259 999 310 1022 tem
334 1003 411 1023 suam
434 996 568 1030 pertinent
591 996 688 1024 discat.
708 996 767 1024 Non
787 997 871 1029 enim,
886 997 932 1032 qui
958 1005 1043 1030 nego-

258 1041 341 1068 tiandi
358 1048 405 1069 aut
421 1042 554 1069 militandi
570 1049 653 1070 causa
667 1043 783 1077 patriam
803 1043 958 1078 relinquere
971 1044 1042 1071 sole-

257 1086 291 1114 tis
312 1091 340 1113 et
354 1087 387 1114 ad
409 1088 468 1115 loca
491 1087 605 1114 multum
623 1088 718 1115 dissita
739 1088 824 1121 abire,
839 1093 949 1124 propter
962 1094 1042 1116 teter-

256 1139 318 1159 nam
339 1133 453 1160 salutem
468 1133 508 1160 vel
530 1133 614 1160 trium
629 1133 735 1161 dierum
749 1134 801 1162 iter
813 1135 951 1169 suscipere
967 1136 1043 1163 nole-

256 1178 300 1205 tis.
317 1177 410 1213 Itaque
422 1183 483 1214 post
499 1178 570 1206 Petri
599 1179 760 1206 concionem
777 1187 826 1214 ego
845 1180 963 1213 mulieri,
982 1188 1043 1216 qua:

255 1230 351 1252 sanata
366 1225 465 1256 fuerat,
482 1232 574 1252 coram
588 1225 662 1252 omni
681 1225 783 1259 populo
804 1225 878 1253 mille
897 1226 1043 1255 drachmas

255 1270 288 1297 ad
302 1270 404 1297 victum
427 1269 488 1297 dedi
512 1275 539 1296 et
563 1270 751 1297 commendavi
763 1278 823 1298 eam
840 1271 948 1299 cuidam
972 1272 1042 1300 bono

255 1316 325 1348 viro,
340 1315 471 1350 primario
485 1315 588 1350 oppidi,
601 1315 646 1350 qui
661 1320 756 1350 sponte
768 1316 794 1343 id
811 1324 873 1344 cum
889 1317 988 1352 gaudio
1002 1318 1043 1345 fa-

255 1370 317 1389 cere
330 1363 481 1397 proposuit.
499 1362 552 1389 Sed
567 1366 594 1389 et
605 1362 666 1389 aliis
681 1362 773 1390 multis
789 1363 931 1397 pecuniam
947 1363 1042 1392 distri-

256 1408 313 1440 bui,
324 1407 480 1443 gratiasque
491 1407 533 1443 egi
546 1407 599 1434 illis
611 1407 780 1440 mulieribus,
788 1416 849 1443 qua;
863 1409 942 1436 matri
955 1418 1044 1445 quon-

255 1454 318 1482 dam
345 1453 471 1481 solatium
496 1453 668 1487 przebuerant
683 1462 690 1480 :
706 1457 733 1481 et
757 1458 819 1489 post
835 1455 891 1483 haec
908 1464 961 1483 una
977 1464 1040 1484 cum

257 1506 351 1532 matre,
366 1499 456 1532 Petro,
472 1499 631 1534 caeterisque
646 1499 785 1527 sodalibus
797 1500 965 1529 Antaradum
977 1510 1043 1529 ena-

256 1546 447 1581 vigavi,atque
458 1545 495 1572 ita
510 1544 544 1572 ad
560 1545 710 1580 hospitium
721 1547 917 1580 processimus.
1054 1546 1077 1575 (ἓ

290 1634 375 1662 XXV.
395 1634 446 1662 Ubi
463 1643 525 1663 cum
540 1643 663 1663 essemus
675 1640 702 1663 et
715 1637 929 1672 sumpsissemus
949 1638 1041 1666 cibum

255 1688 288 1708 ac
300 1681 334 1708 de
347 1689 423 1709 more
438 1682 540 1716 gratias
553 1681 716 1716 egissemus,
732 1686 814 1717 atque
827 1683 918 1711 adhuc
934 1688 1041 1719 tempus

255 1731 420 1762 superesset,
434 1735 484 1762 ego
509 1727 661 1760 dixiJ’etro
676 1737 682 1755 :
697 1727 880 1757 Humanitatis
894 1737 974 1764 opus,
988 1731 1040 1758 do-

255 1774 329 1801 mine
349 1773 385 1800 mi
409 1773 499 1807 Petre,
519 1774 643 1802 exercuit
657 1782 717 1802 mea
731 1780 828 1809 mater,
845 1783 906 1811 quae
929 1776 1042 1812 hospita:

255 1821 378 1849 mulieris
396 1821 536 1849 recordata
549 1821 640 1848 fuerit.
655 1821 806 1856 Respondit
820 1821 918 1850 Petrus
932 1833 938 1850 :
955 1823 1040 1857 Itane,

254 1876 272 1895 ο
285 1867 421 1900 Clemens,
438 1876 500 1896 vere
515 1868 690 1901 existimasti,
707 1869 886 1897 humanitatis
907 1877 976 1904 opus
998 1870 1041 1898 fa—

254 1920 326 1943 ctum
343 1923 358 1942 a
382 1921 427 1943 tua
443 1916 582 1950 genitrice,
590 1915 700 1951 quando
712 1916 738 1943 ei
752 1923 812 1950 quae
826 1916 913 1950 ipsam
927 1924 960 1943 ex
974 1923 1043 1943 nau-

254 1959 342 1995 fragio
353 1965 492 1995 receperat
505 1961 619 1996 gratiam
635 1962 728 1988 retulit
742 1970 749 1988 :
766 1969 800 1988 an
816 1966 846 1988 ut
863 1962 942 1989 matri
958 1961 1044 1996 pluri-

255 2013 330 2032 mum
345 2006 550 2040 gratilicareris,
560 2006 733 2034 liuncdixisti
746 2007 919 2034 sermonem?
929 2006 957 2034 Si
968 2007 1041 2034 cnim

256 2060 309 2078 non
328 2056 358 2079 ut
372 2060 428 2078 rem
441 2056 546 2087 gratam
560 2052 675 2083 faceres,
689 2052 736 2079 sed
750 2057 780 2079 ut
790 2052 931 2079 veritatem
947 2053 1043 2087 loque-

256 2097 336 2129 reris,
354 2096 451 2124 eﬂ‘atus
465 2105 505 2129 es,
524 2097 624 2125 videris
641 2097 708 2124 mihi
726 2096 851 2132 ignorare
865 2105 990 2132 qumnam
1007 2097 1043 2125 sit

256 2140 416 2174 magnitudo
428 2141 615 2174 humanitatis,
626 2149 687 2175 quia
699 2145 741 2168 est
754 2149 833 2168 amor
845 2141 872 2168 in
882 2142 1042 2177 quemlibet,

255 2190 390 2220 quatenus
403 2186 553 2219 hominem,
571 2191 598 2213 et
612 2187 715 2220 absque
730 2186 785 2213 ullo
800 2187 918 2214 naturali
933 2187 1040 2215 aﬂ‘ectu.

256 2231 308 2258 Sed
326 2240 376 2259 nec
394 2232 540 2266 hospitem,
559 2241 620 2267 qua:
637 2237 750 2259 matrem
774 2237 849 2260 tuam
867 2241 882 2260 e
900 2233 1042 2267 naufragio
1059 2229 1080 2256 Ι)

255 2278 388 2312 suscepit,
403 2279 492 2305 ausim
507 2279 649 2306 hominum
672 2282 808 2305 amantem
823 2279 969 2314 appellare.
990 2279 1041 2306 Mi-

255 2324 403 2352 sericordia
419 2325 491 2352 enitn
505 2329 654 2358 commota,
673 2325 790 2360 impulsa
807 2330 850 2353 est
868 2325 904 2353 ad
918 2325 986 2353 bene
1001 2325 1042 2352 fa-

693 150 721 178 S.
740 149 934 178 CLEMENTIS
953 150 963 177 l
981 149 1063 177 ROM.
1083 149 1182 177 I’ONT.
1201 150 1315 178 ()PERA
1335 151 1447 180 DUBIA.

1837 155 1898 183 320

1098 209 1171 243 ὁμῶς
1198 209 1352 245 ἐνεχθείσης
1375 211 1421 237 καὶ
1444 210 1569 246 τεθείσης
1589 212 1638 247 τῆς
1661 211 1765 248 κλίνης,
1784 213 1898 239 πάντων

1099 253 1153 279 τῶν
1177 253 1263 288 ὄχλων
1287 255 1450 289 ἀκουόντων,
1468 256 1520 292 ἔφη
1536 258 1550 283 ό
1567 257 1669 293 Πέτρος
1680 265 1687 272 ο
1704 258 1736 284 Et
1762 258 1902 293 ἀληθείας

1099 298 1187 334 κῆρυξ
1198 299 1253 334 ἐγὼ
1266 300 1401 335 τυγχάνω,
1413 302 1452 333 εἰς
1463 302 1512 337 τὴν
1521 301 1576 328 τῶν
1592 302 1774 338 παρεστώτων
1788 303 1901 334 πίστιν,

1100 345 1143 370 ἵνα
1169 345 1269 379 γνῶσιν
1285 346 1334 372 -ὅτι
1358 343 1399 378 εἷς
1421 348 1478 373 ἐστι
1504 347 1580 379 Θεὸς,
1601 349 1615 374 ὁ
1631 347 1677 374 τὸν
1692 348 1794 384 κόσμον
1810 349 1901 384 271

1099 389 1224 424 ποιήσας,
1236 389 1353 425 ἐξαυτῆς
1366 390 1505 426 ὲγερθήτω
1519 392 1607 428 ὑγιής.
1621 393 1674 419 Καὶ
1686 393 1743 428 ἅμα
1754 393 1793 429 τῷ
1804 395 1903 420 εἰπεῖν

1098 433 1200 469 Πέτρον
1216 434 1301 461 ταῦτα
1316 436 1332 471 ή
1349 435 1418 471 γυνὴ
1429 436 1532 473 ἠγέρθη
1548 437 1716 472 ὑγιασθεῖσα,
1729 439 1775 465 καὶ
1788 439 1831 475 τῷ
1842 439 1906 466 Πέο

1096 486 1153 514 τρῳ
1165 479 1343 514 προσέπεσεν,
1356 481 1403 507 καὶ
1413 480 1461 516 τὴν
1474 481 1575 518 συνήθη
1589 483 1668 518 φίλην
1682 485 1904 520 καταφιλήσασα

1096 524 1260 552 ἐπυνθάνετο
1272 525 1298 552 τί
1314 526 1356 561 εἴη
1372 526 1460 553 τοῦτο.
1469 528 1501 554 Ἡ
1513 528 1541 554 δὲ
1552 528 1611 554 ὅλον
1624 529 1692 565 αὐτῇ
1701 530 1722 545 ⁸⁸
1731 530 1762 556 τὸ
1775 531 1905 566 πρᾶγμα.

1095 570 1142 596 τοῦ
1160 571 1368 607 ἀναγνωρισμώ
1387 573 1527 608 συντόμως
1541 573 1698 610 διηγήσατο,
1712 576 1758 602 καὶ
1769 576 1794 602 οἱ
1810 576 1904 602 ἀκού-

1097 624 1191 648 σαντες
1208 617 1426 653 κατεπλάγησαν.
1444 619 1511 645 Τότε
1532 620 1579 646 καὶ
1595 621 1612 655 ἡ
1629 621 1728 656 μήτηρ,
1747 621 1798 656 τὴν
1817 621 1902 654 ξενο-

1095 661 1172 697 δόχον
1202 662 1414 698 θεραπευθεῖσαν
1443 664 1603 701 θεωρήσασα
1613 666 1645 698 η,
1664 667 1817 702 παρεκάλει
1846 667 1902 693 καὶ

1094 707 1162 743 αὑτὴ
1173 708 1270 740 ἰάσεως
1285 711 1385 744 τυχεῖν.
1395 710 1423 737 Ὁ
1431 709 1470 744 δὲ,
1483 710 1587 743 ἐπιθεὶς
1602 711 1652 747 τὴν
1668 713 1758 748 χεῖρα,
1777 713 1828 738 καὶ
1844 713 1900 738 αὺ-

1094 751 1145 788 τὴν
1161 752 1353 789 ἐθεράπευσεν.

1130 809 1228 837 XXIV.
1249 811 1303 837 Καὶ
1319 809 1369 838 εἷθ’
1378 810 1466 843 οὕτως
1480 813 1494 838 ό
1509 812 1613 847 Πέτρος
1626 813 1691 848 περ).
1700 813 1767 840 Θεοῦ
1780 814 1831 840 καὶ
1841 814 1899 849 τῆς

1095 855 1169 890 αὐτῷ
1185 855 1365 892 διαφερούσης
1381 856 1529 892 θρησκείας
1546 857 1688 893 ὁμιλήσας,
1699 859 1831 894 προσθεὶς
1847 860 1899 885 ἐπὶ

1094 902 1176 934 τέλει,
1193 902 1242 928 ὅτι·
1257 902 1291 928 Εἴ
1302 910 1344 934 τις
1360 901 1483 937 βούλεται
1497 902 1584 929 ταῦτα
1597 903 1717 939 ἀκριϐῶς
1734 904 1899 939 μαθεῖν,εἰ;

1101 948 1275 983 Ἀντιόχειαν,
1285 948 1352 975 ὄπου
1368 948 1497 975 πλειόνων
1515 949 1626 985 ἡμερῶν
1642 950 1800 985 περιμένειν
1814 950 1896 985 ἔκρι-

1094 1002 1137 1026 να,
1155 993 1239 1020 ἐλθὼν
1256 994 1291 1020 τὰ
1311 994 1379 1029 πρὸς
1399 995 1449 1030 τὴν
1466 995 1548 1021 αὑτοῦ
1566 995 1701 1032 σωτηρίαν
1720 996 1895 1031 μανθανέτω.

1095 1041 1133 1067 Οὐ
1159 1039 1213 1076 γὰρ
1232 1040 1264 1076 δὴ
1281 1041 1336 1066 et"
1353 1041 1488 1077 ὲμπορίας
1503 1041 1583 1068 ἕνεκα
1599 1042 1614 1077 ἢ
1630 1042 1772 1077 στρατείας
1789 1042 1894 1078 πατρὶ-

1094 1086 1142 1118 δας
1164 1086 1381 1122 καταλιμπάνειν
1405 1087 1497 1114 οίδατε
1513 1088 1559 1114 καὶ
1575 1088 1615 1119 εἰς
1633 1088 1753 1123 μακροὺς
1769 1088 1895 1124 ἀπέρχε-

1095 1131 1156 1158 σθαι
1179 1131 1287 1164 τόπους,
1303 1131 1347 1158 διὰ
1370 1131 1398 1158 δὲ
1424 1132 1533 1160 αἰώνιον
1559 1133 1696 1168 σωτηρίαν
1723 1133 1790 1169 μηδὲ
1804 1134 1894 1169 τριῶν

1095 1177 1205 1213 ἡμερῶν
1230 1177 1289 1204 ὁδὸν
1311 1178 1475 1214 πορευθῆναι
1492 1178 1618 1215 θελήσετε
1630 1180 1662 1205 ³⁸.
1679 1179 1755 1205 Μετὰ
1773 1179 1825 1215 μὲν
1843 1178 1894 1206 οὖν

1093 1221 1142 1255 τὴν
1162 1221 1340 1257 προσομιλιαν
1356 1222 1459 1258 Πέτρου
1476 1222 1530 1258 ὲγὼ
1545 1225 1578 1259 τῇ
1596 1223 1755 1260 ὑγιασθείσῃ
1777 1226 1894 1258 γυναικὶ

1094 1265 1140 1292 ἐπὶ
1165 1266 1265 1298 παντὸς
1289 1266 1336 1293 τοῦ
1360 1267 1439 1302 ὄχλου
1462 1267 1549 1304 χιλίας
1574 1268 1697 1304 δραχμὰς
1719 1269 1760 1300 εἰς
1781 1269 1892 1304 τροφὰς

1094 1310 1284 1348 ὲδωρησάμην,
1302 1313 1493 1349 παραθέμενος
1513 1313 1596 1350 αὐτὴν
1619 1314 1713 1349 ἁγαθῷ
1728 1323 1781 1341 τινι
1797 1315 1890 1350 ἀνδρὶ,

1095 1356 1195 1392 πρώτῳ
1216 1357 1267 1392 τῆς
1290 1359 1394 1390 πόλεως
1419 1358 1486 1391 livet,
1503 1360 1582 1394 φύσει
1607 1359 1675 1395 μετὰ
1699 1361 1788 1395 χαρᾶς
1806 1360 1892 1386 τοῦτο

1094 1403 1179 1429 ποιεῦ]
1194 1403 1453 1438 προῃρημένῳ-Ἔτι
1467 1403 1495 1430 δὲ
1510 1404 1556 1430 καὶ
1572 1404 1665 1435 ἄλλαις
1681 1404 1791 1436 πολλαῖς
1798 1405 1823 1420 ’³
1836 1405 1891 1440 ἀρ-

1093 1455 1175 1483 γυρια
1199 1447 1349 1483 διανείμας,
1366 1451 1426 1480 ταῖς
1448 1457 1514 1475 ποτε
1534 1450 1584 1485 τὴν
1599 1450 1703 1486 μητέρα
1719 1451 1890 1486 παραμυθη-

1094 1495 1224 1529 σαμέναις
1241 1494 1449 1530 εὐχαριστήσας,
1468 1495 1548 1530 272
1564 1496 1708 1523 διέπλευσα
1724 1498 1765 1528 είς
1786 1497 1888 1523 Ἀντά-

1094 1539 1183 1575 ραδον,
1201 1540 1259 1576 ἅμα
1281 1542 1314 1576 τῇ
1342 1541 1425 1577 μητρὶ
1448 1542 1493 1568 καὶ
1509 1542 1605 1578 Πέτρῳ
1628 1543 1675 1569 καὶ
1698 1544 1755 1574 τοῖς
1780 1543 1889 1575 λοιπάς

1094 1586 1211 1622 ἑταίροις
1219 1586 1242 1602 ’³
1253 1594 1260 1601 ·
1279 1586 1324 1613 κα)⁵
1340 1586 1426 1618 οὕτως
1439 1587 1479 1619 εἰς
1494 1587 1543 1623 τὴν
1558 1587 1646 1620 ξενίαν
1663 1588 1844 1623 ὡρμήσαμεν.

1129 1641 1212 1669 XXV.
1233 1642 1388 1678 Γενομένων
1404 1642 1433 1669 δὲ
1449 1643 1525 1678 ἡμῶν
1537 1643 1559 1659 ’⁵
1577 1644 1623 1670 καὶ
1642 1644 1746 1680 τροφῆς
1768 1645 1888 1680 μεταλα-

1093 1687 1194 1714 ϐόντων
1211 1688 1257 1714 καὶ
1273 1687 1394 1723 συνήθως
1410 1689 1672 1724 εὐχαριστησάντων,
1689 1689 1729 1716 ἔτι
1745 1689 1822 1724 ὥρας
1837 1690 1888 1716 οὔ·

1093 1742 1154 1769 σης,
1171 1733 1238 1769 ἔφην
1253 1733 1308 1767 ἐγὼ
1324 1733 1363 1769 τῷ
1380 1733 1476 1769 Πέτρῳ
1495 1734 1776 1770 (59)·Φιλανθρωπίας
1791 1735 1886 1770 ἔργον,

1093 1779 1172 1814 κὺριέ
1189 1788 1239 1815 μου
1256 1779 1352 1814 Πέτρε,
1370 1780 1386 1815 ἡ
1413 1780 1466 1816 ὲμὴ
1489 1780 1601 1816 ἐποίησε
1623 1781 1725 1816 μήτηρ,
1741 1781 1790 1816 τῆς
1812 1781 1889 1813 ξενο-

1092 1825 1169 1860 δόχου
1185 1825 1389 1861 ὒπομνησθεῖσα
1402 1825 1538 1858 γυναικός.
1551 1826 1606 1852 Καὶ
1620 1827 1634 1852 ό
1650 1826 1752 1861 Πέτρος
1767 1827 1887 1862 ἀπεκρί-

1093 1878 1157 1896 νατο
1168 1867 1257 1905 ’Ἆρά
1273 1878 1314 1904 γε,
1329 1866 1352 1896 ὦ
1368 1870 1492 1905 Κλήμης,
1509 1870 1616 1906 ἀληθῶς
1631 1871 1773 1906 νενόμικας
1789 1872 1887 1905 φιλαν-

1094 1915 1216 1951 θρωπίας
1231 1915 1311 1950 ἔργον
1327 1916 1504 1951 πεποιηκέναι
1519 1915 1568 1951 τὴν
1591 1916 1639 1951 σὴν
1661 1917 1805 1949 τεκοῦσαν,
1824 1917 1885 1943 καθ’

1092 1959 1107 1987 ὅ
1120 1960 1170 1996 τὴν
1182 1960 1236 1986 ἀπὸ
1249 1960 1379 1995 ναυαγίου
1385 1960 1407 1975 ¹¹
1422 1960 1508 1995 αὐτὴν
1521 1960 1723 1996 ὑποδεξαμένην
1735 1961 1885 1996 ἠμείψατο,

1093 2005 1110 2040 ἦ
1135 2005 1173 2036 ὡς
1199 2014 1252 2040 μητ
1259 2005 1284 2041 pl.
1311 2005 1415 2041 μεγάλα
1425 2005 1447 2020 ¹⁶
1463 2006 1639 2041 χαριζόμενος
1654 2005 1753 2041 ,τοῦτον
1769 2006 1886 2042 εἴρηκας

1092 2051 1138 2078 τὸν
1153 2051 1251 2086 λόγον;
1268 2052 1300 2078 Εἰ
1325 2051 1352 2078 δὲ
1368 2051 1417 2087 οὐχ
1433 2051 1470 2083 ὡς
1486 2051 1673 2087 χαριζόμενος,
1690 2052 1747 2078 ἀλλ’
1764 2053 1802 2084 ὡς
1817 2053 1885 2088 ἀλη-

1094 2097 1179 2125 θεύων
1195 2097 1271 2134 ἔφης,
1284 2097 1374 2129 ἔοικάς
1391 2106 1434 2132 μοι
1451 2098 1557 2131 ἀγνοεῖν
1572 2098 1599 2124 τί
1616 2098 1673 2124 ποτ’
1686 2097 1746 2124 ἐστὶ
1756 2099 1778 2113 ’⁷
1792 2099 1886 2133 φιλαν-

1095 2143 1217 2180 θρωπίας
1233 2143 1356 2178 μέγεθος,
1367 2144 1427 2179 ἥτις
1443 2143 1516 2170 ἐστὶν
1533 2144 1549 2179 ή
1565 2144 1628 2170 ἄνευ
1638 2143 1684 2170 τοῦ
1695 2144 1819 2178 φυσικῶς
1830 2145 1888 2170 πεί-

1095 2189 1186 2221 θοντος
1198 2209 1206 2221 ,
1220 2189 1266 2224 ὴ¹⁸
1291 2189 1360 2224 πρὸς
1375 2186 1430 2215 οἶον
1444 2188 1541 2224 δήποτε
1559 2189 1660 2225 στοργὴ
1670 2208 1677 2221 ,
1700 2189 1768 2216 καθὸ
1779 2189 1887 2225 ἄνθρω-

1095 2235 1144 2267 πός
1161 2236 1244 2262 ἐστιν.
1254 2234 1323 2261 Ἀλλ’
1338 2235 1398 2261 οὐδὲ
1411 2234 1460 2270 τὴν
1477 2234 1612 2269 ξενοδόχον
1627 2235 1676 2270 τήν
1695 2235 1750 2261 ἀπὸ
1762 2244 1883 2271 ναυῳραι-

1095 2281 1155 2316 γίου
1170 2281 1373 2317 ἀποδεξαμένην
1381 2281 1404 2296 ¹⁹
1420 2279 1468 2316 τήν
1485 2279 1534 2315 σὴν
1548 2280 1678 2307 τεκοῦσαν
1697 2281 1774 2307 οὔπω
1789 2280 1886 2314 φιλάν-

1093 2325 1200 2362 θρωπον
1223 2325 1309 2352 είπεῖν
1322 2324 1422 2361 τολμῶ.
1432 2324 1492 2351 ¹Υπ⁹
1507 2323 1582 2351 ἐλέου
1605 2324 1659 2361 γὰρ
1676 2325 1884 2358 κολακευθεῖσα,

909 2414 1026 2442 ἾΑΠΙᾸΞ
1047 2414 1249 2443 LECTIONES.

293 2473 315 2489 "
330 2473 415 2508 αὐτῆς
437 2471 470 2500 0.
509 2473 530 2491 η
549 2472 714 2531 ίστορήσασα
731 2472 762 2499 C.
799 2472 823 2488 ¹⁰
837 2472 861 2498 εί
874 2471 977 2499 addidit
989 2471 1007 2499 S
1031 2471 1246 2512 deconjectnra,
1262 2471 1287 2497 εί
1304 2470 1358 2520 γὰρ
1380 2469 1411 2505 δή
1438 2470 1500 2498 cod.
1515 2470 1580 2505 Reg.
1596 2470 1648 2498 804
1659 2491 1667 2504 ,
1691 2472 1729 2502 sl:
1742 2472 1796 2508 γάρ
1809 2471 1883 2507 Epit.

298 2509 378 2531 himlp.
388 2508 536 2531 ὲιιποοείαε
552 2507 583 2531 ΟΔ
600 2508 606 2517 '
625 2516 668 2531 mn
685 2508 850 2531 στοατηγίαε
866 2515 892 2531 n.
911 2515 1057 2531 στοατειαε
1072 2506 1154 2531 idem.
1187 2506 1209 2521 ’ί
1223 2505 1260 2531 Ita
1273 2505 1302 2531 S.
1321 2505 1407 2531 θελειν
1422 2510 1535 2531 uteraue
1548 2506 1625 2531 Hom.
1639 2506 1811 2531 ροίιηθέλετε
1822 2517 1883 2531 cm.

600 2508 606 2517 ι

257 2508 378 2535 Subinde
388 2507 536 2543 έμπορείας
552 2507 583 2534 Ο.

257 2544 322 2578 Reg.
339 2542 625 2604 804,νπροθυμήσεσθε
643 2542 725 2577 Ερὶι.’
761 2543 784 2558 ¹¹
799 2542 884 2572 ἄλλοις

257 2579 331 2606 αὑτό.
369 2579 392 2595 ⁸⁸
409 2587 532 2613 ναυφραγ
545 2587 576 2604 ου
599 2579 628 2605 (ι.
684 2578 707 2593 ⁸⁸
728 2577 838 2613 μεγάλω
852 2575 884 2603 Ο.

761 2543 784 2558 ¹¹
799 2542 888 2572 ἄλλοις
905 2542 1012 2573 πολλοῖς
1024 2542 1053 2568 (ἶ.

256 2579 331 2606 αὑτό.
369 2579 392 2595 ⁸⁸
409 2578 576 2614 ναυφραγίου
599 2578 628 2605 C.

625 2505 668 2544 tim
685 2508 850 2544 στρατηγίας
866 2515 892 2541 p.
911 2515 1057 2544 στρατειας
1072 2506 1154 2544 idem.
1183 2506 1209 2544 ξι
1223 2505 1334 2544 lta_§,_6

924 2578 945 2592 ³⁷
958 2577 1023 2603 ποτέ
1036 2577 1095 2602 em
1108 2577 1129 2604 C

1383 2514 1407 2531 ιν
1422 2510 1535 2539 uterque
1547 2506 1628 2539 Hom.
1639 2506 1811 2539 οοιΙ.,θέλετε
1822 2506 1883 2533 tam.

1092 2541 1115 2556 "
1129 2540 1167 2568 Ita
1179 2540 1202 2568 Ο
1224 2549 1248 2568 c.
1262 2540 1346 2575 Epil.,
1364 2540 1407 2566 ἑτέ

1119 2576 1139 2603 Σ.
1177 2577 1200 2592 ’⁸
1210 2576 1227 2611 ἡ
1240 2584 1295 2603 om.
1309 2575 1342 2603 Ο.
1394 2576 1404 2591 “

1444 2549 1467 2571 ις
1483 2537 1515 2567 C.
1565 2537 1678 2573 ":Eptt.
1694 2537 1770 2569 addit
1793 2543 1842 2569 ἐπὶ
1854 2542 1885 2568 τὸ

1435 2575 1638 2611 ὑποδεξαμένην
1654 2575 1686 2603 Ο.

908 2657 1091 2686 VARIORUM
1109 2657 1223 2685 ΝΟΤᾸΞ.

296 2711 350 2748 (39)
371 2713 466 2747 Ἔφην
486 2713 543 2747 ἐγὼ
567 2712 607 2745 τῷ
623 2713 733 2746 Πέτρῳ.
762 2713 823 2741 llmc
847 2714 928 2741 verba
951 2721 1037 2748 usque

257 2747 291 2774 ad
315 2747 364 2774 ista
392 2748 462 2774 ποῖα
481 2748 506 2774 δ’
539 2749 595 2774 σὺκ
611 2748 660 2782 ἦν,
677 2749 799 2776 citantur
823 2757 838 2776 a
870 2748 971 2776 Nicone
987 2747 1045 2775 mo-

260 2782 347 2809 nacho
358 2782 502 2810 Palznstino
516 2783 542 2809 in
555 2783 689 2810 Pandecle
704 2783 958 2811 ititerln'etationuln
977 2783 1046 2811 divi—

260 2817 567 2852 norummandatorum,
579 2827 661 2845 scrin.
674 2818 709 2845 24
720 2823 745 2845 et
757 2817 801 2852 59,
815 2827 876 2846 cum
889 2819 942 2846 hoc
954 2819 1044 2846 titulo:

262 2850 302 2877 Τὰ
317 2851 486 2886 Κλημέντια,
517 2856 542 2879 ct
575 2853 623 2878 Ἐκ
651 2853 704 2879 τῶν
727 2850 919 2889 Κλήμεντίων,
940 2854 990 2882 hoc
1005 2858 1047 2882 est

1091 2722 1124 2742 ex
1139 2714 1226 2750 Opere
1240 2715 1312 2742 dicto
1333 2715 1504 2743 Clementiae.
1524 2715 1609 2743 Ornat
1622 2715 1883 2750 bililiothecamritc-

1096 2751 1168 2783 niani
1182 2750 1301 2784 optimus
1314 2751 1391 2782 liber,
1403 2751 1448 2784 qui
1461 2750 1591 2778 collectus
1600 2756 1683 2778 estex
1699 2750 1799 2778 divinis
1811 2749 1883 2777 Scri-

1096 2785 1194 2819 pturis,
1207 2785 1293 2812 sacris
1306 2785 1467 2818 canonibus,
1483 2785 1645 2813 testimoniis
1659 2791 1818 2813 sanctorum
1833 2784 1883 2811 Pa-

1097 2824 1180 2852 trum,
1199 2820 1314 2853 aliisque
1335 2820 1517 2850 monumentis
1530 2820 1736 2854 ecclesiasticis,
1763 2829 1813 2848 nec
1828 2828 1880 2847 non

1097 2855 1200 2889 legibus
1212 2854 1345 2883 civilibus.
1361 2854 1430 2887 Cur.
