1932 3100
26 131 63 160 Sil
587 132 815 162 CLEMENTINA.
834 149 869 154 —
883 132 1024 160 IIOMILIA
1048 133 1103 160 XII.

1608 135 1662 162 5⁸ἐῖ

24 191 200 219 ἑπέπειστοω
228 192 376 228 εὐεργέτις
400 192 521 227 γενέσθαι
548 193 675 226 γυναικδς
700 194 817 230 ναυαγίῳ

872 192 999 219 ciendmn
1017 192 1122 219 mulieri
1139 191 1312 227 naufragium
1329 199 1428 227 passae,
1453 196 1532 219 natos
1547 191 1660 226 lugenti.

23 239 238 276 περιπεσούσης,
253 239 340 266 τέκνα
357 239 517 275 πενθούσης,
535 240 623 276 ξένης,
640 241 756 276 γυμνῆς,
775 249 823 276 με-

22 285 214 321 μονωμένης³¹
233 286 281 312 καὶ
298 285 402 321 σφόδρα
418 286 463 312 ἐπὶ
479 287 536 318 ταῖς
554 288 705 323 συμφοραῖς
725 287 822 322 ὀλοφυ-

21 332 150 367 ρομένης.
161 332 210 358 Ἑν
224 331 372 362 τοσαύταις
385 329 430 357 οὖν
441 331 526 366 αὐτῆς
538 334 690 367 συμφοραῖς
697 332 719 347 ³¹
729 331 822 368 οὔσης,

19 378 54 408 τίς
71 378 123 404 καὶ
141 377 255 404 ἀσεϐῶν
273 376 334 404 ἰδὼν
352 377 403 404 οὐκ
416 376 448 403 ἂν
463 377 676 412 ὴλέησεν;Ὣστε
688 377 764 404 οὔπω
781 387 824 412 φι-

19 423 80 449 λανθ
85 423 200 458 ρωπίας
297 422 377 459 ἔργον
388 424 550 458 πεποιηκυὴ
561 422 681 457 φαίνεται
689 423 770 458 οὐδὲὴ
781 423 823 456 ξε‹

18 469 127 503 νοόόχος
144 469 230 504 γυνὴ,
241 469 308 496 ἀλλὰ
324 469 398 496 ὐπ“³³
414 468 488 495 ἐλέου
502 468 549 495 τοῦ
564 469 610 495 ἐπὶ
628 469 739 504 μυρίαις
753 477 821 504 συμ-

18 516 118 550 φοραῖς
132 515 208 550 πρὸς
218 514 379 550 εὐεργεσίας
395 514 559 549 κεκινημένη
572 514 605 529 ³⁸⁵
621 514 696 549 πόσῳ
710 523 741 548 γε
754 514 822 549 μᾶλ-

17 560 60 585 λον
77 560 97 595 ἡ
114 560 151 595 σὴ
170 559 300 592 τεκοῦσα,
320 559 377 594 βίου
394 559 567 595 εὐπορήσασα
590 560 636 585 καὶ
660 559 736 595 τὴν³¹
752 559 823 591 ξενο-

16 605 97 640 δὸχον
109 605 306 640 ἀμειψαμένη,
319 604 521 639 φιλανθρωπίας
531 604 610 639 ἔργον
623 605 672 631 οὐκ
685 605 821 640 εποίησεν,

17 650 87 676 ἀλλὰ
111 650 225 684 φιλίας;
244 649 331 685 Πολλὴ
355 649 383 676 δὲ
405 649 518 685 διαφορὰ
541 649 640 685 μεταξὺ
665 649 753 684 φιλίας
776 651 822 677 καὶ

16 696 244 731 φιλανθρωπίας,
260 696 300 722 an
315 697 332 731 ἡ
350 695 399 731 μὲν
417 696 491 730 φιλία
507 695 536 728 ἐξ
552 695 668 731 ἀμοιϐῆς
682 696 794 730 γίνεται,
805 698 822 733 ἡ

16 743 42 768 δὲ
65 741 268 778 φιλανθρωπία
288 742 352 768 ἄνευ
374 741 422 768 τοῦ
441 741 563 777 φυσικῶς
578 742 716 774 πείθοντος
736 743 823 769 πάντα

17 787 180 822 ἄνθρωπον,
197 786 267 812 καθὸ
289 785 431 822 ἄνθρωπός
449 787 517 818 ἐστι,
536 787 649 821 φιλοῦσα
672 787 821 822 εὐεργετεῖ.

17 833 47 858 Εἰ
66 833 120 867 μὲν
135 830 186 858 οὖν
204 833 221 867 ἠ
240 832 374 868 ἐλεήσασα
388 832 522 867 ξενοδόχον
539 832 586 858 xui
601 833 715 868 ἐχθροὺς
730 833 823 869 ἀδική-

19 888 122 910 σαντας
149 879 264 905 ὲλεοῦσα
274 879 296 894 ³⁸
313 878 452 914 εὐεργετεῖ
459 878 490 911 ³⁷,
508 879 696 915 φιλάνθρωπος
718 878 750 906 ἂν
769 877 802 914 ἦν
816 878 822 885 ’

18 925 42 950 εί
56 925 87 950 δὲ
100 925 123 940 ν’
138 925 187 951 διά
201 933 229 950 τι
245 924 310 959 φίλη
325 924 341 960 ἢ
357 924 449 960 ἐχθρὰ,
461 924 509 951 καὶ
522 924 566 951 διά
577 933 603 951 τι
615 924 699 960 ἐχθρὰ
713 924 729 959 ἦ
744 925 818 960 φίλη,

18 969 66 1003 ﬁ”
81 970 202 1004 τοιαύτη
216 969 265 996 τοῦ
280 969 351 1001 τινὸς
373 969 460 996 αίτίου
472 969 536 1005 φίλη
550 969 624 996 ἐστὶν
640 969 656 1005 ἢ
676 969 770 1005 ἐχθρὰ,
787 970 819 996 οὐ

19 1014 65 1040 τοῦ
81 1014 245 1051 ἀνθρώπου.

58 1102 157 1130 XXVI.
192 1102 279 1136 Κάγὼ
307 1103 508 1139 ἀπεκρινάμην·
537 1102 575 1129 Οὐ
603 1101 678 1130 δοκεῖ
705 1111 746 1129 σοι
773 1101 819 1130 οὖν

30 1148 220 1184 φιλάνθρωπος
248 1147 316 1175 εἶναι
350 1148 402 1175 κᾶν
422 1150 439 1184 ἡ
461 1148 605 1184 ξενοδόχος,
628 1148 706 1185 ξένην
722 1148 754 1185 ἡν
770 1150 819 1176 οὐκ

31 1194 157 1229 ἠπίστατο
184 1195 404 1230 εὐεργετήσασα;
423 1195 476 1221 Καὶ
499 1196 514 1221 ὁ
537 1195 648 1230 Πέτρος·
671 1195 820 1231 Ἑλεήμονα

31 1240 74 1273 μὲν
96 1239 186 1275 αὐτὴν
209 1241 297 1266 εἰπεῖν
326 1240 492 1276 ἐπίσταμαι,
521 1239 712 1276 φιλάνθρωπον
733 1241 761 1267 δὲ
788 1241 818 1267 οὺ

29 1286 114 1321 τολμῶ
135 1286 240 1320 λέγειν,
257 1286 304 1313 ἆτε
324 1286 355 1322 δὴ
368 1286 430 1313 οὔτε
440 1287 490 1323 τὴν
505 1286 638 1313 τεκοῦσαν
653 1286 815 1321 φιλότεκνον·

84 1332 189 1358 ὠδίνων
205 1332 261 1368 γὰρ
275 1333 322 1359 καὶ
337 1333 490 1369 ἀνατροφῆς
513 1332 639 1369 στέργειν
662 1333 816 1361 πέπεισται.

33 1380 73 1411 ’Πς
94 1381 145 1407 καὶ
161 1381 176 1406 ὁ
189 1381 259 1415 ὲρῶν
280 1381 332 1407 ὑπὸ
348 1381 398 1416 τῆς
420 1381 566 1417 συνηθείας
581 1383 759 1410 κολακεύεται
772 1383 819 1409 καὶ

29 1425 147 1460 sfw-71;”,
177 1426 226 1452 xui.
245 1426 263 1457 ἁ
278 1425 355 1460 φίλος
371 1426 424 1453 ὑπὸ
448 1426 498 1462 τῆς
510 1427 639 1463 ἀμοιϐῆς,
661 1426 734 1454 οὕτω
746 1428 793 1454 xui
804 1427 819 1453 ὁ

28 1470 105 1497 ἐλεῶν
118 1470 174 1497 ὑπὸ
191 1471 243 1506 τῆς
268 1472 417 1508 συμφορᾶς.
431 1471 503 1508 Πλὴν
513 1464 596 1507 ἐγγὺς
611 1474 625 1500 ὁ
640 1473 763 1509 ἐλεήμων
779 1473 818 1510 τῷ

28 1515 222 1552 φιλανθρώπῳ,
238 1517 279 1543 ὅτι
299 1517 364 1544 ἄνευ
380 1518 426 1544 τοῦ
439 1526 465 1544 τι
481 1518 614 1554 θηρᾶσθαι
631 1518 722 1545 λαϐεῖν

28 1561 159 1588 πείθεται.
174 1562 249 1598 Πλὴν
260 1561 335 1588 οὔπω
348 1563 536 1599 φιλάνθρωπός
547 1563 629 1591 ἐστιν.
641 1563 727 1599 Κάγὼ
741 1564 816 1601 ἔφην·
832 1558 853 1587 c
871 1570 1012 1598 nentiam;
1037 1580 1045 1598 ;

32 1606 91 1635 Ἐπὶ
113 1608 209 1639 ποίαις
229 1606 276 1635 οὖν
300 1608 415 1645 πράξεσι
432 1609 620 1645 φιλάνθρωπος
633 1610 702 1637 εἶναί
717 1619 758 1642 τις
774 1610 820 1638 δύ-

27 1663 120 1686 vacui;
154 1655 211 1681 Kui.
236 1655 251 1680 ὁ
282 1654 384 1691 Πέτρος
407 1655 582 1690 ἁπεκρίνατο’
601 1655 677 1683 Ἐπεὶ
704 1655 760 1692 ὁρῶ
788 1664 819 1682 σι

26 1699 185 1735 γλιχόμενον
215 1699 341 1732 ἀκοῦσαι,
367 1699 394 1726 τί
423 1700 483 1726 ποτ’
507 1700 594 1726 ccci."
615 1701 819 1736 φιλανθρωπίας

26 1746 112 1781 ἔργον,
129 1747 183 1773 οὐκ
201 1747 310 1782 ὀκνήσω
325 1746 424 1780 λέγειν.
445 1746 638 1781 Φιλάνθρωπός
653 1748 726 1774 ἐστιν
737 1748 751 1774 ὁ
770 1747 817 1774 xui.

26 1791 137 1827 ἐχθροὺς
150 1792 312 1827 εὐεργετῶν.
332 1792 391 1818 Ὅτι
404 1792 431 1817 δὲ
444 1791 528 1822 οὓτως
550 1791 614 1826 ἔχει,
629 1791 751 1819 ἄκουσον.
769 1793 816 1818 Φι-

27 1838 183 1874 λανθρωπία
195 1839 269 1865 ἐστὶν
281 1837 472 1874 ἀρῤενόθηλυς,
480 1835 513 1874 ἦς
522 1838 552 1864 τὸ
563 1837 628 1874 θῆλυ
639 1838 720 1874 μέρος
732 1840 816 1872 ἐλεη-

25 1885 143 1918 μοσύνη
157 1883 278 1918 λέγεται,
288 1883 319 1909 τὸ
335 1883 363 1909 δὲ
379 1882 463 1919 ἄρρεν
478 1883 564 1918 αὐτῆς
579 1882 678 1917 ἀγάπη
693 1884 760 1919 πρὸς
771 1884 817 1910 τὸν

27 1929 138 1964 πλησίον
151 1929 319 1964 ὠνόμασται,
332 1928 444 1961 πλησίον
457 1928 484 1954 δὲ
496 1928 632 1965 ἀνθρώπῳ
646 1929 720 1955 ἐστὶν
731 1930 745 1956 ὁ
764 1930 817 1962 πᾶς

27 1973 182 2008 αηνθρωπος,
198 1974 248 2008 οὐχ
260 1973 274 1999 ὃ
287 1981 329 2004 τις
340 1973 362 1988 δ’
376 1977 528 2007 ανυρωπος,
542 1972 686 2008 ἄνθρωπος
695 1973 752 2010 γάρ
762 1974 821 2001 ἐστι

27 2021 69 2045 καὶ
81 2021 97 2047 ὁ
120 2020 211 2051 κακὸς
226 2020 274 2046 καὶ
287 2021 301 2047 ὁ
320 2020 420 2054 ἀγαθὸς
435 2020 483 2047 καὶ
496 2021 510 2047 ὁ
525 2019 621 2056 ἐχθρὸς
639 2020 686 2046 καὶ
701 2021 715 2047 ὁ
733 2020 818 2055 φίλος.

27 2066 81 2102 Χρὴ
96 2064 147 2093 οὖν
167 2066 214 2093 τὸν
236 2066 441 2101 φιλανθρωπίαν
460 2066 595 2093 ἀσκοῦντα
618 2066 739 2102 μιμητὴν
750 2064 820 2093 εἶναι

25 2109 66 2138 τοῦ
78 2112 162 2144 Θεοῦ,
173 2111 372 2147 εὐεργετοῦντα
383 2112 502 2144 δικαίους
513 2113 559 2139 καὶ
565 2113 683 2145 ἀδίκους,
693 2113 730 2144 ὡς
739 2112 820 2144 αὐτὸς

25 2155 38 2180 ὁ
47 2155 113 2188 θεὸς
135 2157 222 2183 πᾶσιν
243 2157 272 2182 ὲν
287 2155 326 2191 τῷ
342 2155 389 2182 νῦν
405 2156 498 2192 κόσμῳ
508 2156 554 2183 τόν
565 2165 595 2183 τε
608 2157 683 2192 ἥλιον
694 2158 741 2183 καὶ
753 2158 816 2188 τοὺς

27 2202 118 2234 ὑετοὺς
147 2202 232 2229 αὐτοῦ
255 2202 382 2237 παρέχων
390 2202 422 2229 ⁸³.
438 2203 469 2229 Εἰ
484 2202 513 2229 δὲ
526 2202 612 2234 θέλεις
625 2203 743 2237 ἀγαθοὺς
766 2203 815 2238 μὲν

26 2248 189 2284 εὐεργετεῖν,
204 2248 306 2279 κακοὺς
317 2248 345 2274 δὲ
359 2248 493 2284 μηκέτι,ἢ
511 2248 558 2274 καὶ
572 2248 707 2280 κολάζειν,
720 2248 814 2284 κριτοῦ

24 2294 50 2320 τὸ
64 2295 147 2330 ἔργον
158 2294 292 2329 πράττειν
305 2295 451 2330 ἐπιχειρεῖς
459 2293 529 2326 δ’,οὑ
543 2294 574 2320 τὸ
593 2294 643 2330 τῆς
661 2294 814 2330 φιλανθρω-

26 2339 83 2371 πίας
98 2339 265 2371 σπουδάζεις
277 2339 358 2375 ἔχειν.

873 237 1032 272 peregrinae,
1051 237 1141 270 nudm,
1157 237 1304 270 destitutae,
1326 238 1496 272 multumque
1519 238 1662 265 calamita-

873 289 914 312 tes
928 292 992 312 suas
1005 284 1177 312 lamentanti.
1194 284 1223 312 In
1249 285 1331 312 tantis
1358 293 1423 320 ergo
1449 286 1661 315 adversitatibus

873 335 1026 357 versantem
1042 330 1104 365 quis
1118 330 1222 361 videns,
1240 330 1321 357 etiam
1336 338 1368 356 cx
1385 330 1492 365 impiis,
1507 338 1561 357 non
1578 331 1662 358 misev

873 379 948 402 ratus
964 375 1079 403 fuisset?
1090 376 1182 409 Quare
1206 383 1378 411 nequaquam
1395 375 1574 403 humanitatis
1591 384 1661 411 opus

872 429 924 448 nec
939 421 1037 448 mulier
1050 421 1158 456 hospita
1174 422 1280 448 videtur
1297 421 1446 456 peregisse,
1464 422 1510 449 sed
1530 422 1562 449 ad
1578 422 1660 450 henc-

873 465 1025 494 faciendum
1045 471 1118 494 mota
1132 467 1217 494 fuisse
1232 467 1417 494 misericordia
1429 475 1461 494 ex
1474 468 1600 502 plurimis
1615 468 1662 494 ad-

872 513 959 540 versis
974 517 1044 540 orta.
1060 512 1168 546 Quanto
1190 513 1276 548 magis
1298 521 1398 549 parcns
1414 518 1470 547 tua,
1486 514 1661 542 facultatibus

873 558 1016 586 abundans
1026 563 1054 586 ct
1065 559 1198 594 hospitam
1210 563 1395 593 remunerata,
1411 567 1464 586 non
1482 560 1662 588 humanitatis

873 612 943 639 opus
966 604 1063 637 etl‘ccit,
1081 613 1174 632 verum
1192 605 1333 633 charitatis
1350 614 1397 634 seu
1415 606 1561 634 amicitiae?
1578 607 1661 634 lllnlta

873 650 945 677 enim
957 649 1102 678 intercedit
1111 651 1262 678 dill‘ercntia
1274 652 1344 678 inter
1352 652 1513 680 charitatem
1526 658 1551 680 et
1564 653 1661 681 huma-

873 696 996 728 nitatem,
1013 696 1077 731 quia
1099 697 1218 724 charitas
1246 698 1356 732 quidem
1385 706 1417 725 ex
1440 700 1661 727 remuneratione

873 746 925 774 est,
933 741 1088 769 humanitas
1096 750 1158 770 vero
1169 743 1272 778 absque
1285 744 1338 771 ulla
1351 745 1466 771 naturali
1480 746 1661 780 propensione

874 788 1013 815 hominem
1028 796 1148 820 omnem,
1165 790 1229 824 quia
1247 790 1330 817 homo
1343 795 1395 824 cst,
1409 791 1498 826 diligit
1510 800 1542 819 ac
1559 793 1660 820 beneﬁ-

873 833 924 861 ciis
940 833 1032 862 allicit.
1048 833 1142 870 Itaque
1155 835 1178 862 si
1191 836 1300 870 hospes,
1313 844 1374 871 qua).
1387 837 1495 864 miserta
1511 843 1562 869 est,
1577 839 1658 865 etiam

841 877 862 906 II
876 879 969 907 hostes
983 880 1053 907 male
1078 881 1112 908 de
1137 889 1169 908 ea
1185 882 1298 909 meritos
1314 883 1442 910 miserata
1456 883 1587 910 beneficio
1602 885 1660 911 alli-

870 930 954 958 ceret,
969 925 1088 953 humana
1103 931 1174 954 esset
1189 936 1196 954 :
1213 927 1255 954 sin
1271 935 1337 954 vero
1351 933 1460 963 propter
1482 929 1547 964 quid
1569 931 1657 957 amica

869 975 912 997 est
928 971 969 998 vel
986 970 1096 998 inimica
1112 975 1139 998 et
1153 976 1264 1006 propter
1277 972 1341 1007 quid
1356 973 1466 1000 inimica
1491 974 1532 1001 vel
1557 975 1656 1007 amica,

870 1017 928 1044 haec
943 1017 1059 1052 alicujus
1075 1017 1125 1050 rei,
1139 1026 1200 1052 qua:
1220 1026 1302 1046 causa
1319 1019 1364 1053 sit,
1381 1019 1469 1047 amica
1491 1025 1533 1048 est
1549 1021 1591 1048 vel
1606 1021 1658 1048 iui-

870 1064 952 1095 mica,
970 1072 1023 1091 non
1038 1069 1130 1091 autem
1144 1064 1274 1092 hominis.

905 1109 1000 1136 XXVI.
1019 1109 1053 1136 Et
1074 1117 1124 1145 ego
1141 1111 1270 1145 respondi
1287 1120 1292 1138 :
1309 1110 1368 1138 Non
1388 1119 1453 1148 ergo
1474 1113 1522 1139 tihi
1545 1112 1654 1140 videtur

869 1163 930 1184 esse
956 1157 1073 1184 humana
1103 1157 1197 1184 saltem
1230 1158 1338 1193 hospes,
1354 1166 1416 1193 qua;
1437 1159 1464 1186 in
1486 1161 1655 1195 pcregrinam

869 1209 951 1236 quam
990 1209 1045 1229 non
1079 1207 1194 1229 noverat
1222 1202 1384 1230 beneficium
1417 1205 1550 1232 contulit?
1587 1204 1653 1232 Tum

870 1246 966 1274 I’elrus
977 1257 983 1273 :
994 1247 1060 1275 Eam
1077 1248 1187 1282 quidem
1206 1249 1410 1277 micericordcm
1429 1251 1567 1285 appellare
1579 1252 1655 1284 novi,

870 1293 1011 1320 hominum
1026 1298 1116 1322 autem
1134 1300 1269 1322 amantem
1283 1303 1336 1323 non
1351 1296 1438 1324 audeo
1453 1297 1553 1329 dicere,
1565 1305 1654 1333 quan-

869 1339 1016 1373 doquidem
1032 1347 1084 1367 nec
1096 1344 1212 1367 matrem
1229 1346 1367 1368 amantem
1385 1342 1657 1378 liberorum,quippe

868 1393 929 1419 qua;
948 1393 963 1412 a
984 1390 1080 1420 partus
1101 1386 1244 1414 doloribus
1266 1392 1293 1414 et
1317 1387 1351 1415 ab
1365 1389 1528 1416 educatione
1544 1390 1578 1416 ad
1595 1390 1656 1417 dili-

869 1431 985 1466 grndum
1013 1432 1153 1467 compulsa
1179 1433 1225 1460 sit.
1253 1432 1321 1460 Nam
1346 1434 1418 1461 sicut
1451 1435 1497 1470 qui
1529 1436 1657 1471 cupidine

872 1476 1068 1510 inﬂammatur,
1086 1485 1101 1505 a
1130 1479 1330 1506 consuetudine
1355 1482 1490 1507 mulcetur
1507 1486 1533 1508 et
1555 1489 1658 1508 concu-

870 1522 938 1554 bitu,
953 1524 999 1558 qui
1017 1531 1111 1551 amore
1127 1532 1174 1552 seu
1192 1525 1313 1552 amicitia
1328 1527 1514 1561 prosequitur,
1528 1535 1543 1554 a
1563 1535 1655 1554 rcmu-

1071 1571 1109 1598 ita
1132 1576 1159 1599 et
1186 1572 1233 1606 qui
1264 1573 1419 1606 miseretur,
1448 1582 1463 1601 a
1490 1575 1654 1603 calamitate.

869 1616 995 1644 Attamen
1020 1617 1178 1646 misericors
1195 1619 1315 1647 humano
1336 1620 1443 1648 vicinus
1457 1625 1508 1654 est,
1524 1622 1655 1656 quoniam

868 1662 974 1696 absque
1000 1664 1125 1692 muneris
1152 1664 1234 1692 ullius
1252 1665 1406 1700 captatione
1423 1667 1455 1694 ad
1472 1668 1655 1702 prmstandunt

869 1707 1028 1734 beneficium
1046 1707 1143 1737 fertur.
1157 1709 1284 1736 Nondum
1302 1715 1392 1738 tamen
1409 1711 1546 1740 humanus
1562 1717 1613 1739 est.
1624 1713 1657 1740 Et

867 1762 918 1790 ego
941 1755 997 1782 dixi
1015 1765 1022 1782 :
1040 1755 1080 1782 0b
1097 1764 1167 1791 quas
1193 1757 1276 1791 igitur
1293 1758 1415 1785 actiones
1431 1758 1567 1787 humanus
1593 1760 1655 1795 quis

867 1807 928 1827 esse
948 1801 1054 1836 potest?
1068 1800 1216 1836 Respondit
1237 1801 1335 1830 Petrus
1354 1812 1361 1830 :
1379 1802 1448 1836 Quia
1464 1804 1543 1831 video
1563 1808 1589 1832 te
1603 1813 1654 1832 cu—

867 1846 961 1880 pidum
977 1847 1116 1880 audiendi,
1130 1848 1268 1882 quodnam
1285 1849 1321 1876 sit
1335 1849 1514 1877 humanitatis
1525 1850 1654 1884 ollicium,

867 1898 922 1917 non
948 1891 1050 1926 pigebit
1080 1892 1182 1919 dicere.
1202 1891 1345 1920 Ilumanus
1356 1897 1409 1926 est,
1427 1893 1473 1928 qui
1491 1895 1574 1922 etiam
1600 1895 1654 1922 ini-

867 1935 948 1964 micis
977 1937 1047 1964 benc
1074 1937 1148 1965 facit.
1173 1938 1251 1971 Quod
1278 1944 1368 1966 autem
1397 1939 1435 1966 ita
1459 1939 1566 1973 habeat,
1579 1942 1653 1969 audi.

867 1979 1027 2009 Humanitas
1044 1986 1084 2009 cst
1099 1982 1334 2016 masculofcmina,
1353 1983 1431 2018 cujus
1449 1983 1566 2011 feminea
1590 1992 1654 2019 pars

867 2026 1053 2054 misericordia
1076 2028 1185 2060 dicitur,
1201 2028 1273 2063 quod
1290 2036 1356 2055 vero
1373 2028 1399 2055 in
1414 2028 1463 2056 illa
1490 2033 1531 2056 est
1547 2037 1654 2056 mascu—

866 2071 935 2104 lum,
948 2072 1057 2100 dilectio
1073 2080 1137 2108 erga
1153 2073 1307 2108 proximum
1328 2073 1495 2107 nominatur,
1512 2074 1654 2108 proximus

867 2123 956 2145 autem
973 2119 1079 2146 homini
1091 2124 1133 2147 est
1143 2120 1258 2155 quilibet
1279 2120 1408 2153 homo,et
1424 2129 1477 2147 non
1493 2121 1536 2148 hic
1548 2121 1590 2148 vel
1604 2122 1654 2148 istc

867 2164 964 2197 homo;
979 2165 1061 2192 homo
1073 2166 1145 2193 enim
1157 2170 1199 2193 est
1213 2172 1294 2193 etiam
1312 2167 1402 2194 malus
1419 2171 1446 2194 et
1456 2167 1555 2200 bonus,
1566 2168 1653 2195 hostis

867 2210 968 2244 pariter
982 2218 1014 2238 ac
1029 2211 1143 2239 amicus.
1161 2211 1275 2247 Oportet
1290 2220 1356 2247 ergo
1372 2220 1434 2239 eum
1454 2213 1499 2247 qui
1523 2213 1652 2240 humaui-

868 2258 950 2282 tatem
966 2257 1040 2289 colit,
1056 2257 1220 2285 imitatorem
1239 2258 1285 2285 Dei
1300 2266 1371 2291 esse,
1384 2263 1412 2285 et
1425 2259 1458 2285 de
1471 2259 1554 2293 justis
1571 2264 1652 2294 atque

867 2298 977 2334 injustis
993 2301 1061 2328 bene
1073 2303 1182 2335 mereri,
1203 2303 1276 2330 sicut
1290 2303 1347 2338 ipse
1358 2303 1429 2331 Deus
1444 2305 1549 2332 cunctis
1561 2305 1587 2331 in
1601 2305 1652 2331 hoc

868 2346 971 2372 mundo
986 2347 1070 2374 solem
1080 2348 1237 2383 imbresque
1249 2356 1315 2376 suos
1329 2350 1440 2384 praebet.
1454 2349 1530 2383 Quod
1547 2351 1569 2378 si
1584 2351 1651 2377 velis

26 2385 99 2413 bonis
116 2386 231 2421 quidem
261 2386 432 2419 benefacere,
457 2393 511 2413 non
538 2390 628 2414 autem
654 2386 743 2420 malisl
780 2387 822 2414 vel
855 2389 905 2418 hos
930 2393 1037 2426 punire,
1057 2393 1160 2428 judicis
1187 2402 1287 2422 munus
1320 2396 1433 2430 implere
1459 2396 1564 2430 nitcris,
1595 2405 1649 2424 non

21 2440 82 2459 Vero
99 2434 204 2460 habere
219 2433 417 2460 humanitatem
431 2434 550 2461 conaris.

55 2478 164 2506 XXVII.
192 2478 279 2513 Κάγὼ
290 2479 367 2514 ἔφην·
386 2477 460 2514 Ἀρά
481 2487 512 2513 γε
525 2480 572 2506 καὶ
587 2480 602 2506 ὁ
618 2479 693 2511 Θεὸς,
709 2480 814 2515 μέλλων

25 2524 83 2550 ππὲ
92 2525 116 2540 ⁸³
131 2524 249 2561 κρίνειν,
262 2524 300 2556 ὡς
318 2524 454 2556 διδάσκεις
466 2526 540 2560 ἡμᾶς
547 2526 570 2540 ⁸⁸
583 2545 591 2558 ,
604 2527 636 2552 οὐ
658 2526 812 2563 φιλάνθρω-

900 2482 1008 2511 XXVII.
1026 2484 1059 2512 Et
1089 2493 1138 2519 ego
1155 2485 1210 2512 dixi
1227 2485 1331 2520 :Igitur
1345 2486 1426 2520 Deus,
1440 2487 1486 2522 qui
1502 2487 1649 2522 aliquando

863 2528 1035 2564 judicaturus
1058 2535 1109 2562 csl,
1128 2535 1157 2557 ut
1173 2538 1223 2558 nos
1246 2531 1338 2565 doces,
1357 2540 1411 2559 non
1428 2537 1470 2560 est
1495 2533 1649 2561 humanus?

684 2604 802 2633 ΥΑΠΙᾹΞ
822 2605 1022 2633 LECTIONES.

57 2661 78 2676 ’³
91 2658 269 2703 Enen-mp,
286 2659 342 2702 quiT
357 2659 472 2703 subiqde
491 2668 545 2688 scr.
556 2662 712 2703 εὐεργέτης.
735 2663 803 2689 Tum
820 2663 984 2703 vuugpuﬂtp
995 2662 1024 2703 C_.
1039 2662 1085 2703 ﬁ“
1100 2662 1286 2703 μεμονομέχης
1367 2663 1471 2703 "_V_oe.
1483 2663 1648 2703 ὀλοφυρομέ-

28 2703 65 2734 Et:
93 2698 139 2723 Ἐν
152 2692 302 2734 τοσαύτῃ-ξ
311 2692 461 2734 οὗν-αιξτῆς
472 2692 808 2734 συμφοραῐςροῐὶ-εκειιωι
823 2698 857 2734 in_
934 2692 1019 2734 λδξὺτί
1081 2692 1106 2725 (ιζ
1121 2692 1152 2734 δ’,
1166 2692 1317 2734 ὑπόᾉϋί-ῧ
1331 2698 1366 2725 Ita
1382 2698 1451 2734 Epit.
1462 2692 1647 2734 κεκινημένου

28 2719 293 2766 κί’κεῇζρηᾷἐῐῆξόῖ

25 2803 104 2828 εὐγίς.
144 2802 167 2818 ⁵¹
188 2802 253 2828 ποτέ
268 2802 345 2827 ἐστιν
361 2801 393 2826 (3.

25 2803 104 2834 εὑεᾶς.
144 2802 167 2818 ⁵¹
188 2802 253 2828 ποτὲ
268 2802 345 2827 ἐστιν
361 2801 393 2826 (3.
431 2801 453 2815 "
469 2801 510 2827 ὅτι
523 2799 569 2833 εἷς’
580 2810 606 2836 p.
619 2799 674 2834 ὄτίς
692 2804 722 2830 C.

25 2835 46 2865 ll.
65 2825 135 2865 ‘l‘um
159 2837 240 2865 οέλης
256 2837 289 2865 C.
329 2836 355 2852 “
367 2836 515 2865 ἐπιγειρεῖς
537 2837 666 2865 πράττειν
682 2837 711 2865 C.

39 2860 46 2866 .
71 2846 135 2866 tum

159 2837 240 2874 θέλῃς
256 2837 289 2865 C.
329 2836 355 2852 “
367 2836 515 2871 ἐπιχειρεῖς
537 2837 666 2873 πράττειν
682 2837 711 2866 C.

345 2731 368 2774 i‘
379 2731 434 2774 ’τήν
447 2731 623 2774 pycterniisit
634 2732 653 2759 S
679 2741 714 2774 ρκ’
722 2733 762 2760 Cl.
785 2733 823 2774 ‘3“
838 2732 943 2774 ita?“qu
953 2733 984 2759 Ο.
1022 2733 1042 2748 ³⁷
1059 2732 1196 2774 εὐεργέῖει
1213 2732 1254 2774 δε.
1273 2732 1303 2774 1³⁸
1318 2734 1344 2774 εἰ
1365 2733 1393 2759 δέ
1407 2731 1503 2774 Epit”
1521 2731 1592 2774 sibi]
1603 2737 1622 2762 (λ
1636 2753 1648 2767 ,

27 2766 74 2799 ἥδέ
86 2767 120 2795 0.
132 2765 202 2793 Tum
217 2766 285 2793 διότι
299 2773 327 2799 p.
344 2765 390 2792 διά
406 2765 432 2791 τι
451 2765 536 2799 Epit.,
553 2768 624 2802 quod
645 2768 852 2801 przeferendttm.
891 2768 913 2784 ³⁹
933 2769 948 2803 ἡ
965 2765 1146 2802 δεευιιψείὀὶε
1161 2766 1193 2793 0.
1232 2767 1254 2783 ⁸ο
1272 2766 1300 2794 In
1316 2766 1348 2794 0.
1369 2765 1531 2803 expungitur
1542 2770 1570 2796 ὲν
1584 2765 1646 2797 ante
1696 2790 1699 2791 ν

27 2803 104 2836 εὐνῆς.
144 2802 167 2818 ⁵¹
188 2802 253 2828 ποτὲ
268 2802 345 2827 ἐστιν
361 2801 393 2826 (3.
431 2801 453 2815 "
469 2801 510 2827 ὅτι
523 2799 564 2833 εἷς
580 2810 606 2836 p.
619 2803 674 2834 ὅτις
692 2804 722 2830 C.
760 2803 783 2818 ’⁸³
797 2802 923 2829 Nonnulli
945 2802 1077 2836 Epilomea
1110 2802 1188 2829 codd.
1205 2802 1319 2836 παρέχει
1340 2808 1368 2830 ut
1393 2805 1532 2836 legendum
1554 2812 1646 2833 censet

760 2811 783 2818 "
798 2811 923 2829 nonnum
945 2811 1077 2837 npuomca
1110 2811 1188 2829 (1011“.
1205 2811 1319 2837 παρεχει
1340 2811 1368 2830 ιιι
1393 2811 1532 2836 legemlqu
1554 2813 1633 2832 (⁵4³1150

759 2838 781 2854 ⁸ο
793 2837 832 2865 Ita
845 2837 914 2872 Epit.
928 2838 972 2871 95,
984 2838 1045 2865 τότε
1056 2843 1168 2872 uterque
1183 2836 1260 2864 Ilotn.
1275 2843 1337 2866 eod.
1375 2842 1398 2858 ιθ
1416 2840 1487 2875 ἡμᾶς
1507 2847 1561 2867 om.
1576 2840 1608 2868 0.
