1932 3100
271 127 324 156 521

701 126 729 154 S.
748 125 941 154 CLEMENTIS
960 125 970 153 I
989 125 1072 153 ROM.
1095 123 1195 153 ΡΟΝΤ.
1213 124 1328 152 OPERA
1345 121 1460 152 DUBIA.

1851 127 1901 155 328

271 191 372 219 qucum
388 183 514 218 incidere
529 185 629 217 potest.
649 179 697 208 Sic
712 181 850 216 iustorum
863 180 946 208 etiam
965 179 1058 216 capilli

1111 179 1174 207 ἄνευ
1190 179 1244 215 γὰρ
1254 180 1304 215 τῆς
1317 179 1364 205 τοῦ
1385 179 1453 206 Θεοῦ
1468 173 1643 215 βῶλῆξόὺδὲ
1660 173 1791 216 στρουθὸς
1802 179 1833 206 ὲν
1853 189 1902 208 πα-

271 230 328 257 Dco
341 229 476 257 numerati
490 232 566 256 sunt.

307 321 415 349 XXXII.
433 321 481 348 Ille
495 324 585 348 autem
599 319 691 354 justus
707 322 758 349 est,
770 316 816 352 qui
831 320 943 352 propter
956 320 1059 344 rectam

271 368 408 396 rationem
419 369 523 402 pugnat
534 373 598 393 cum
615 368 724 391 natura.
742 362 822 391 Verbi
836 362 934 398 gratia,
952 362 1059 389 cunctis

271 423 286 442 a
303 419 399 442 natura
415 413 529 441 insitum
544 416 596 444 est,
611 411 754 446 diligentes
767 409 879 445 diligere
891 417 898 436 :
909 408 1002 444 justus
1013 416 1060 436 eo-

272 466 353 489 natur
365 461 448 488 etiam
460 459 574 494 diligere
589 458 716 486 inimicos
730 461 758 485 et
775 455 994 484 conviciantibus
1009 455 1060 482 be-

271 507 409 538 nedicere,
424 513 457 533 ac
470 509 601 540 praeterea
616 511 696 531 orare
713 510 762 538 pro
777 502 912 534 hostibus,
929 501 1058 536 injuriam

271 553 419 581 inferentes
431 551 569 579 miserari.
585 549 721 583 Quocirca
734 557 763 577 se
775 549 894 584 priorem
906 548 1006 584 injuria
1019 548 1060 576 af-

272 600 316 627 ilci
333 599 448 634 patitur,
470 598 535 625 item
550 595 778 624 maledicentibus
796 595 942 628 benedicit,
962 595 1059 622 verbe~

271 645 396 673 rantibus
418 644 565 676 eondonat,
593 642 666 670 cedit
688 641 931 677 persequentibus,
957 641 1059 668 salutat

270 698 319 717 eos
333 689 380 725 qui
402 697 457 717 non
481 689 612 720 salutant,
631 695 693 715 cum
718 694 772 714 non
796 686 960 714 habentibus
983 692 1059 714 com-

271 735 393 761 municat
414 741 475 768 qua:
499 732 591 764 habet,
616 731 779 758 irascentem
801 730 896 763 ﬂectit,
915 730 1057 758 inimicum

269 780 408 812 conciliat,
429 783 620 807 contumacem
642 777 780 809 hortatur,
795 776 967 804 incredulum
980 776 1059 803 insli-

270 828 332 859 tuit,
347 828 484 862 lugentem
503 825 672 858 consolatur,
693 825 847 859 exagitatus
861 824 986 856 sustinet,
1011 824 1055 850 in—

1111 225 1164 260 γίδι
1173 225 1195 241 ⁷⁰
1210 226 1339 260 ἐμπεσεῖν
1351 224 1417 260 ἔχει.
1429 224 1523 256 υῦτως
1535 225 1646 252 δικαίων
1657 226 1705 252 καὶ
1715 226 1744 252 αι
1760 228 1856 262 τρίχες
1865 227 1903 261 τῷ

1110 271 1169 307 Θεῷ
1186 271 1339 309 ἐναρίθμιοί
1355 271 1435 298 εἰσιν.

1145 317 1252 344 XXXII.
1275 317 1382 349 Δίκαιος
1404 317 1433 343 δέ
1455 317 1529 343 ἐστιν
1549 318 1663 350 ἐκεῖνος,
1687 318 1701 343 ὁ
1720 318 1767 344 τοῦ
1791 317 1904 352 εὐλόγου

1109 363 1190 391 ἕνεκα
1205 365 1238 400 τῇ
1262 363 1342 398 φύσει
1360 363 1523 399 μαχόμενος.
1549 361 1654 396 Οἷον⁷¹,
1670 365 1738 390 πᾶσι
1755 365 1906 400 πρόσεστιν

1111 410 1144 436 ὲκ
1172 409 1279 444 φύσεως
1303 409 1447 444 φιλοῦντας
1463 409 1560 444 φιλεῖν·
1577 410 1681 442 δίκαιος
1702 412 1834 447 πειρᾶται
1857 412 1905 438 καὶ

1110 455 1223 492 ὲχθροὺς
1241 455 1352 491 ἀγαπᾷν
1375 456 1423 482 καὶ
1438 455 1624 492 λοιδοροῦντας
1641 456 1771 490 εὐλογεῖν,
1793 457 1836 484 ἔτι
1850 458 1906 492 μὴν

1109 501 1157 528 καὶ
1172 501 1241 538 ὑπὲρ
1258 501 1362 537 ἐχθρῶν
1375 501 1513 537 εὔχεσθαι,
1532 501 1691 534 ἀδικοῦντας
1707 503 1835 529 ἐλεεῖντῆ
1858 503 1907 530 Διὸ

1109 548 1156 575 καὶ
1184 547 1390 584 προαδικεῐσθαι
1407 549 1431 564 ⁷³
1467 548 1620 584 ἀπέχεται,
1651 549 1698 576 καὶ
1730 549 1807 584 ὁμῶς
1834 558 1907 576 κατ-

1109 594 1268 630 αρωμένους
1284 594 1390 628 εὐλογεῖ
1402 614 1410 626 ,
1423 594 1555 622 τύπτουσι
1577 597 1714 632 συγχωρεῖ
1726 614 1733 628 ,
1756 596 1907 623 διώκουσιν

1110 641 1262 676 ὑποχωρεῖ,
1287 641 1324 677 μὴ
1352 640 1559 677 ἀσπαζομένους
1573 641 1749 677 ξάσπάζεται,
1766 644 1825 676 τοῖς
1852 644 1907 669 οὐκ

1109 686 1215 722 ἔχουσιν
1233 684 1270 714 ὧν
1286 687 1342 722 ἔχει
1358 688 1492 719 κοινωνεῖ,
1512 686 1689 723 ὀργιζόμενον
1711 688 1845 722 πείθειτδ,
1857 689 1906 716 τὸν

1109 733 1204 769 ἐχθρὸν
1226 733 1390 765 διαλλάσσει,
1409 733 1456 760 τὸν
1472 733 1571 769 ἀπειθῆ
1589 734 1752 770 παρακαλεῖ,
1768 735 1817 761 τὸν
1836 736 1906 762 ἄπι-

1110 787 1170 806 στον
1185 780 1268 814 279
1290 781 1413 815 κατηχεῖ,
1435 780 1482 807 τὸν
1505 780 1655 808 πενθοῦντα
1675 781 1885 817 παραμυθεῖται
1898 802 1905 813 ,

1110 825 1328 861 ἐπηρεαζόμενοε
1350 826 1451 861 στέγει,
1465 827 1726 862 ἀχαριστοῦμενοςη
1746 827 1798 854 οὐκ
1823 828 1907 862 ἄγαν.

270 856 346 909 grate
359 856 486 907 acceptus
501 879 556 898 non
579 856 689 906 indigne
701 856 766 904 fert,
789 877 943 905 propensus
957 874 1000 897 est
1020 869 1054 896 ad

1111 856 1193 899 ικτεῖ.
1267 871 1295 899 δὲ
1307 872 1338 899 τὸ
1349 856 1458 908 ἀγαπᾷν
1474 856 1646 909 πλησίον
1669 856 1708 905 di;
1721 874 1818 901 έαυτδν

269 919 437 954 diligendum
463 917 617 953 proximum
644 920 776 951 tanquam
801 924 842 949 se,
869 920 1056 951 paupertatem

270 972 325 992 non
343 965 430 997 timet,
444 971 538 991 verum
560 970 609 990 sua
625 970 679 989 non
700 961 865 989 habentibus
879 961 1005 989 dividens
1027 961 1057 988 ﬁt

271 1018 382 1045 pauper.
399 1010 452 1037 Sed
478 1016 529 1037 nec
552 1013 710 1044 peccantem
730 1008 884 1036 ulciscitur.
907 1008 959 1042 Qui
983 1008 1057 1035 enim

271 1057 426 1092 proximum
448 1056 523 1083 velut
552 1063 582 1083 se
605 1054 705 1090 diligit,
728 1054 960 1089 quemadmodum
983 1053 1056 1088 ipse,

269 1110 331 1130 cum
347 1102 480 1138 peccavit,
494 1101 545 1129 scit
566 1100 638 1128 nolle
660 1100 688 1127 in
706 1108 735 1128 se
750 1100 940 1132 animadverti,
956 1100 993 1127 ita
1008 1107 1059 1127 nec

269 1153 427 1184 peccatores
448 1148 575 1182 castigat,
595 1151 622 1174 et
637 1146 710 1174 sicut
724 1146 782 1174 vult
800 1146 959 1179 demulceri,
976 1146 1058 1174 bene-

268 1195 333 1227 dici,
351 1193 491 1226 honorari,
509 1192 688 1228 omniumque
702 1192 864 1220 delictorum
878 1193 986 1220 veniam
1009 1200 1056 1219 ac-

269 1241 379 1276 cipere,
400 1240 453 1267 hoc
479 1239 537 1274 ipse
554 1239 678 1274 proximo
699 1238 767 1266 facit
782 1245 806 1272 ιι,
831 1246 912 1274 quem
935 1238 1010 1266 velut
1029 1246 1059 1266 se

269 1291 355 1314 amat.
370 1285 432 1313 Uno
447 1285 542 1319 verbo,
563 1285 638 1321 quod
656 1284 709 1313 sibi
727 1284 812 1319 cupit,
829 1284 903 1320 cupit
916 1288 944 1312 et
966 1285 1060 1320 proxim

270 1339 326 1359 mo.
344 1330 407 1359 llaec
429 1331 502 1358 enim
525 1334 568 1358 est
592 1330 639 1358 Dei
661 1338 694 1357 ac
715 1331 912 1365 prophetarqu
931 1331 985 1364 lex,
1001 1330 1060 1358 hac

270 1378 394 1405 veritatis
409 1377 544 1404 doctrina.
562 1376 656 1412 Itaque
673 1376 794 1404 cbarilas
810 1384 875 1411 erga
892 1384 1000 1404 omnem
1012 1376 1060 1404 ho-

271 1423 373 1450 minem
388 1422 507 1457 perl‘ecta
531 1430 595 1457 pars
615 1427 656 1449 est
669 1422 792 1449 mascula
808 1422 999 1450 humanitatis.
1024 1422 1060 1450 Αι

246 1495 249 1498 ,
271 1469 458 1497 misericordia
479 1476 544 1504 pars
558 1472 598 1496 est
622 1468 696 1496 illius
711 1467 840 1496 feminea.
855 1468 922 1502 Quae
940 1474 982 1496 est
995 1475 1060 1496 esu-

1105 918 1240 951 δεδωκὼς,
1254 918 1349 946 πενίαν
1370 919 1401 946 οὐ
1423 919 1583 955 πεφόϐηται,
1601 919 1668 946 ἀλλὰ
1684 919 1719 946 τὰ
1734 920 1835 947 ἑαυτοῦ
1856 930 1907 956 με-

1108 965 1191 1002 ρίζων
1201 967 1258 998 τοῖς
1269 966 1319 993 οὐκ
1334 965 1427 1002 ἔχουσι
1446 966 1530 1002 πένης
1543 966 1657 1001 γίνεται.
1679 966 1748 993 Ἀλλ’
1769 967 1831 993 οὐδὲ
1850 968 1906 1003 μὴν

1108 1011 1296 1047 ἁμαρτάνοντα
1305 1012 1329 1028 ⁷⁸
1336 1013 1462 1047 τιμωρεῖ.
1485 1012 1514 1039 '0
1534 1012 1588 1048 γὰρ
1602 1012 1648 1039 τὸν
1664 1012 1778 1048 πλησίον
1785 1013 1906 1047 ἀγαπῶν

1107 1058 1145 1090 ὡς
1159 1058 1264 1089 ἑαυτὸν,
1286 1058 1325 1090 ὡς
1347 1058 1429 1090 αὐτὸς
1452 1059 1616 1094 ἁμαρτήσας
1633 1057 1686 1085 οἶδε
1711 1059 1905 1095 τιμωρηθῆναι

1109 1105 1146 1141 μὴ
1165 1105 1262 1137 θέλειν,
1286 1103 1373 1136 οὕτως
1390 1104 1450 1131 οὐδὲ
1467 1105 1531 1136 τοὺς
1549 1105 1755 1140 ἁμαρτάνοντας
1774 1108 1905 1141 τιμωρεῖ,

1108 1151 1162 1178 Καὶ
1178 1151 1216 1183 ὡς
1232 1151 1303 1178 θέλει
1317 1151 1512 1178 κολακεύεσθαι
1539 1152 1586 1178 καὶ
1602 1151 1771 1186 εὐλογεῖσθαι
1795 1153 1845 1179 καὶ
1865 1162 1906 1178 τι-

1110 1197 1211 1233 μᾶσθαι
1232 1198 1278 1224 καὶ
1303 1197 1392 1224 πάντα
1410 1197 1476 1224 τὰ⁷⁷
1492 1198 1678 1234 ἁμαρτήματα
1699 1198 1775 1233 αὐτῷ
1796 1207 1903 1234 συγχω-

1109 1243 1214 1279 ρεῖσθαι
1228 1264 1235 1276 ,
1251 1243 1330 1270 τοῦτο
1352 1243 1434 1275 αὐτὸς
1456 1243 1496 1279 τῷ
1512 1243 1626 1279 πλησίον
1648 1246 1729 1276 ποιεῖ,
1745 1244 1784 1276 ὡς
1806 1245 1905 1271 ἑαυτὸν

1108 1290 1210 1316 ἐκεῖνον
1228 1290 1353 1325 ἀγαπῶν.
1375 1290 1431 1317 Ἑνὶ
1449 1290 1530 1326 λόγῳ,
1540 1290 1554 1317 ὃ
1569 1290 1642 1317 θέλει
1657 1291 1756 1326 ἑαυτῷ,
1769 1290 1844 1317 θέλει
1857 1292 1906 1317 καὶ

1107 1336 1146 1372 τῷ
1161 1336 1284 1372 πλησίον.
1299 1333 1384 1368 Οὗτος
1405 1336 1460 1372 γάρ
1474 1337 1532 1363 ἐστι
1549 1336 1617 1363 Θεοῦ
1631 1336 1713 1372 νόμος
1730 1337 1779 1363 καὶ
1796 1345 1905 1372 προεξη-

1107 1382 1173 1414 τῶν,
1194 1382 1294 1419 αῦτη⁷⁸
1307 1382 1358 1418 τῆς
1370 1381 1498 1418 ἀληθείας
1512 1383 1529 1418 ὴ
1549 1383 1717 1410 διδασκαλία.
1738 1383 1794 1410 Καὶ
1815 1383 1905 1410 ταῦτα

1111 1429 1159 1465 μὲν
1177 1429 1270 1465 ἀγάπη
1286 1430 1303 1464 ἡ
1320 1428 1389 1465 πρὸς
1402 1429 1492 1456 πάντα
1509 1429 1651 1465 ἄνθρωπον
1664 1422 1801 1456 τελείατὸ
1816 1430 1906 1465 ἇρῤεν

1111 1476 1193 1512 μέρος
1221 1477 1295 1503 ἐστὶν
1323 1476 1373 1512 τῆς
1396 1475 1615 1511 φιλανθρωπίας,
1647 1475 1678 1502 τὺ
1705 1475 1733 1501 δὲ
1755 1475 1841 1502 ἐλεεῖν
1875 1476 1905 1502 τὺ

270 1515 384 1543 rientem
400 1514 484 1547 alere,
504 1519 596 1549 potum
616 1515 718 1543 sitienti
732 1515 808 1549 dare,
825 1515 929 1542 nudum
946 1515 1058 1546 vestire,

1111 1522 1178 1558 θῆλυ
1194 1523 1276 1559 μέρος
1286 1523 1360 1550 ἐστὶν
1376 1522 1470 1558 αὐτῆς.
1483 1523 1572 1558 Ὅπερ
1581 1522 1639 1549 ἐστὶ
1652 1522 1786 1549 πεινῶντα
1802 1522 1906 1557 θρέψαι

270 1562 382 1589 visitare
405 1561 601 1596 languentem,
627 1561 762 1596 hospitem
789 1561 922 1596 recipere,
950 1569 1060 1588 carcere

269 1608 431 1635 conclusum
455 1613 505 1641 pro
526 1606 630 1634 viribus
646 1606 766 1635 invisere
778 1607 925 1642 etjuvare,
947 1607 1060 1634 omnino

269 1653 388 1689 denique
399 1653 551 1682 calamitOsi
564 1653 699 1681 misereri.

306 1752 424 1781 XXXIII.
437 1753 494 1788 Ego
507 1761 572 1782 vero
586 1754 680 1782 audito
694 1753 748 1781 hoc
760 1753 818 1781 dixi
840 1761 846 1781 :
864 1752 928 1781 Haec
947 1752 1058 1788 quidem

270 1800 360 1828 facere
376 1808 534 1836 possumus,
551 1805 578 1828 at
591 1800 711 1828 inimicis
729 1799 891 1828 benefacere
909 1807 1060 1835 omnesque

269 1855 363 1874 eorum
379 1847 493 1882 injurias
508 1848 636 1880 tolerare,
650 1852 678 1874 ut
691 1846 757 1874 insit
769 1847 796 1873 in
813 1846 934 1874 humana
947 1851 1057 1880 natura,

270 1893 438 1929 impossibile
449 1897 524 1928 puto.
543 1893 613 1920 Tum
627 1892 724 1920 Petrus
745 1892 885 1927 respondit
899 1901 905 1919 :
923 1891 1006 1920 Recte
1018 1892 1061 1919 lo-

269 1945 349 1967 cutus
363 1947 403 1967 cs.
420 1938 489 1966 Cum
506 1939 578 1966 enim
592 1937 749 1965 humanitas
766 1945 850 1965 causa
863 1937 899 1965 sit
915 1937 1059 1964 immorta-

270 1986 366 2019 litatis,
389 1985 477 2012 multo
501 1988 619 2012 constat.
634 1983 694 2011 Dixi
714 1991 783 2019 ego:
804 1982 865 2016 Quo
880 1983 961 2010 modo
977 1983 1060 2017 igitur

270 2036 361 2058 mente
373 2035 463 2066 potest
486 2030 613 2065 concipi?
626 2029 777 2064 Respondit
789 2028 887 2057 Petrus
899 2037 906 2056 :
926 2028 1059 2056 Humani—

271 2081 321 2110 tas,
348 2077 446 2104 dilecte
470 2075 607 2108 Clemens,
623 2076 730 2111 acquiri
745 2079 845 2110 potest,
864 2075 887 2102 si
900 2075 963 2110 quis
980 2075 1060 2110 plene

270 2123 323 2150 sibi
335 2121 512 2156 persuadeat,
526 2121 664 2152 inimicos,
676 2122 740 2148 dum
753 2129 822 2156 quos
834 2121 950 2148 oderunt
961 2125 1060 2149 vexant

270 2169 304 2196 ad
313 2173 433 2203 tempus,
443 2169 536 2196 reterni
549 2168 674 2203 supplicii
688 2167 878 2195 liberationem
894 2167 947 2195 illis
959 2167 1058 2203 produ-

270 2223 351 2243 cere:
368 2215 463 2250 sicque
484 2214 503 2242 ii
522 2214 606 2241 etiam
625 2217 656 2241 ut
680 2213 795 2241 beneﬁci
830 2214 977 2241 admodum
995 2213 1058 2241 dili-
1072 2207 1096 2237 D

271 2266 378 2296 geritur.
403 2260 489 2288 Porro
509 2260 552 2287 via
573 2259 769 2287 humanitatem
791 2259 953 2294 accipiendi,
970 2259 1058 2287 amice

270 2306 407 2340 Clemens,
425 2306 507 2333 unica
521 2309 574 2336 est,
595 2305 724 2332 nimirum
741 2304 823 2332 timor
845 2304 904 2332 Dei.
923 2304 990 2332 Nam
1008 2304 1057 2340 qui

272 2352 349 2378 timet
361 2350 458 2381 Deum.
475 2357 530 2377 non
556 2349 666 2384 quidem
681 2353 772 2383 potest
794 2348 931 2383 principio
945 2349 1057 2384 diligere

271 2397 424 2432 proximum
441 2401 571 2431 tanquam
594 2402 643 2422 se:
657 2395 756 2422 etenim
773 2395 806 2422 ad
821 2395 874 2423 hoc
891 2398 1056 2430 praeceptum

271 2451 324 2471 nou
339 2443 443 2470 accedit
454 2444 560 2475 anima;
576 2445 603 2468 at
617 2441 716 2468 timore
727 2448 789 2476 erga
803 2441 887 2469 Deum
903 2440 1056 2468 amantium

270 2501 354 2528 opera
366 2497 454 2528 potest
470 2499 608 2528 peragere,
621 2491 716 2526 sicque
735 2495 841 2526 postea,
856 2491 902 2518 ubi
915 2498 997 2525 opera
1016 2489 1058 2518 di-

306 2577 319 2591 ι
336 2570 431 2598 Matth.
448 2577 498 2603 ru,
517 2570 560 2596 l2.

1112 1569 1159 1596 καὶ
1175 1569 1259 1596 ποτὸν
1272 1568 1382 1603 διψῶντι
1396 1569 1547 1604 παρασχεῖν
1561 1568 1608 1595 καὶ
1618 1568 1719 1604 γυμνὸν
1734 1568 1845 1595 ἐνδῦσαι
1856 1570 1905 1595 καὶ

1110 1615 1241 1642 νοσοῦντα
1262 1614 1462 1650 ἐπισκέψασθαι
1482 1615 1528 1641 καὶ
1545 1614 1619 1646 ξένον
1629 1613 1774 1650 Ιδέξασθαι,
1791 1614 1831 1650 τῷ
1839 1615 1864 1631 τ’
1876 1617 1905 1641 ἐν

1111 1661 1205 1697 εἱρκτῇ
1217 1660 1288 1687 κατὰ
1298 1661 1329 1687 τὸ
1342 1660 1453 1687 δυνατὸν
1461 1661 1670 1696 ἐπιφαινόμενον
1682 1660 1800 1696 βοηθεῖν,
1817 1661 1904 1695 ἁπαξ-

1110 1706 1203 1738 απλῶς
1217 1707 1262 1734 τὸν
1276 1707 1305 1732 ὲν
1317 1708 1471 1743 συμφοραῖς
1481 1706 1601 1741 ἐλεῆσαι.

1144 1752 1264 1780 XXXIII.
1291 1752 1361 1788 Ἐγὼ
1373 1753 1401 1779 δὲ
1415 1752 1534 1784 ἀκούσας
1549 1752 1628 1788 ἔφην’
1645 1752 1738 1779 Ταῦτα
1759 1752 1809 1788 μὲν
1821 1753 1903 1780 δυνα-

1110 1800 1155 1827 τὴν
1178 1800 1317 1836 πράττειν·
1334 1799 1448 1835 ἐχθροὺς
1466 1799 1494 1826 δὲ
1515 1799 1680 1835 εὐεργετεῖν,
1697 1800 1788 1826 πᾶσαν
1812 1800 1905 1826 αὐτῶν

1111 1847 1280 1882 ὑποφέροντα
1302 1845 1443 1881 ἐπήρειαν,
1459 1846 1509 1872 οὐκ
1522 1845 1614 1881 οἴομαι
1625 1846 1647 1862 ⁸⁸
1660 1845 1772 1872 δυνατὸν
1792 1845 1905 1881 ἀνθρω-

1111 1892 1176 1927 ιιιείᾳ⁵
1188 1893 1328 1927 προσεῖναι
1339 1891 1429 1926 φύσει.
1441 1891 1496 1918 Καὶ
1506 1892 1519 1918 ὁ
1532 1891 1635 1927 Πέτρος
1644 1891 1825 1928 ἀπεκρίνατο·
1846 1892 1903 1929 Ὀρη

1111 1938 1166 1971 θῶς
1177 1939 1254 1974 ἔφης·
1273 1938 1422 1969 ἀθανασίας
1436 1937 1491 1974 γὰρ
1503 1938 1578 1964 αἰτία
1592 1936 1659 1964 οὖσα
1678 1939 1693 1974 ἡ
1710 1938 1904 1974 φιλανθρωπία

1109 1984 1206 2012 πολλοῦ
1223 1984 1332 2011 δίδοται.
1351 1983 1436 2019 Κάγὼ
1457 1983 1534 2020 ἔφην·
1559 1983 1621 2015 Πῶς
1639 1984 1721 2019 280
1735 1982 1783 2011 οὖν
1796 1985 1821 2000 ⁸⁸
1842 1985 1905 2011 σύν-

1108 2040 1182 2058 εστιν
1196 2032 1225 2057 ὲν
1245 2031 1283 2066 νῷ
1302 2030 1410 2063 λαϐεῖν;
1427 2031 1483 2057 Καὶ
1493 2031 1507 2057 ὁ
1519 2030 1620 2066 Πέτρος
1631 2030 1810 2066 ἁπεκρίνατο·
1828 2032 1903 2058 Ταύ-

1108 2087 1168 2114 την,
1185 2074 1207 2104 ὦ
1220 2078 1279 2113 φίλε
1298 2077 1414 2113 Κλήμης
1428 2077 1461 2109 ⁸³,
1477 2077 1569 2104 λαϐεῖν
1590 2077 1674 2109 ἔστιν,
1690 2077 1737 2104 ἐὰν
1761 2078 1903 2114 πληροφο-

1109 2124 1179 2160 ρηθῇ
1190 2133 1241 2156 τις,
1254 2125 1295 2152 ὃτι
1312 2125 1336 2151 οἱ
1348 2123 1442 2160 ἐχθροὶ
1461 2124 1530 2160 πρὸς
1553 2124 1648 2160 καιρὸν
1668 2124 1691 2140 ⁸³
1701 2125 1906 2159 κακουχοῦντες

1108 2171 1154 2203 οὓς
1167 2171 1301 2207 μισοῦσιν,
1317 2171 1426 2198 αἰωνίου
1443 2170 1579 2202 κολάσεως
1592 2170 1751 2206 ἀπαλλαγῆς
1762 2171 1858 2203 αὐτοῖς
1867 2172 1904 2198 a:'-

1109 2226 1160 2244 τιοι
1173 2217 1301 2252 γίνονται·
1317 2218 1428 2254 προσέτι
1437 2218 1465 2244 δὲ
1478 2218 1575 2249 αὐτοὺς
1588 2217 1626 2249 ὡς
1638 2218 1785 2253 εὐεργέτας
1800 2219 1904 2255 σφόδρα

1110 2264 1305 2300 ἀγαπήσουσιν.
1328 2265 1398 2291 Ἡδὲ
1417 2265 1474 2296 ὁδὸς
1489 2264 1535 2291 τοῦ
1554 2265 1657 2300 ταύτην
1675 2264 1778 2295 λαϐεῖν,
1796 2261 1820 2291 ὦ
1841 2266 1903 2299 qm

1111 2311 1225 2346 Κλήμης
1233 2311 1265 2342 ⁸⁸,
1282 2311 1331 2346 μία
1342 2311 1383 2342 τίς
1403 2311 1488 2342 ἐστιν,
1504 2311 1577 2346 ἥπερ
1592 2311 1650 2336 ἐστὶ
1663 2310 1745 2344 φόϐος
1763 2310 1846 2337 Θεοῦ.
1873 2311 1902 2336 '0

1110 2355 1165 2392 γὰρ
1185 2356 1250 2383 Θεὸν
1264 2356 1429 2392 φοϐούμενος
1439 2357 1485 2383 τὸν
1500 2356 1611 2392 πλησίον
1630 2356 1668 2387 ὡς
1683 2356 1780 2383 ἑαυτὸν
1791 2357 1904 2392 ἀγαπᾷν

1113 2403 1162 2438 μὲν
1175 2402 1314 2438 καταρχὰς
1321 2403 1351 2429 οὐ
1366 2402 1486 2429 δύναται·
1502 2403 1562 2429 ἐπεὶ
1572 2402 1602 2429 τὸ
1614 2402 1734 2429 τοιοῦτον
1751 2402 1905 2429 κελεύεινω

1110 2449 1141 2475 οὺ
1153 2449 1334 2485 προσέρχεται
1347 2450 1380 2484 τῇ
1396 2449 1480 2484 ψυχῇ-
1495 2449 1534 2484 τῷ
1551 2449 1641 2484 μέντοι
1656 2449 1727 2484 πρὸς
1743 2449 1812 2475 Θεὸν
1829 2450 1904 2483 φόϐῳ

1110 2494 1145 2521 τὰ
1158 2494 1324 2528 ἀγαπώντων
1341 2496 1427 2521 ποιεῖν
1448 2495 1569 2527 δύναται,
1593 2496 1640 2522 καὶ
1654 2494 1703 2522 εἷθ’
1724 2495 1815 2527 οὕτως
1832 2497 1900 2532 πρέ⁵

922 2623 1040 2652 νΛΙὶΙΛΞ
1060 2623 1259 2653 LECTIONES.

296 2673 319 2690 το
332 2672 464 2708 gymnasi
479 2671 541 2699 eod.
560 2670 626 2708 Reg.
647 2667 784 2708 ἕξοι-ειν.
798 2667 864 2708 Luc:
881 2678 930 2708 xu,
942 2669 972 2708 ρ,
994 2670 1019 2708 'i.
1048 2669 1079 2708 Δξ¹¹
1093 2668 1167 2708 Fort.
1183 2669 1340 2708 addendum
1358 2671 1383 2708 εί
1400 2669 1546 2708 postroiov.
1568 2672 1619 2700 cfr.
1636 2673 1712 2702 hom.
1733 2683 1791 2708 xvr,
1810 2676 1854 2704 ιο,
1874 2676 1901 2704 S.

262 2707 284 2725 "
300 2704 370 2735 ὲλεέἶ
386 2704 427 2746 υί-
455 2708 482 2746 7:
495 2704 699 2746 προῷιιὶεῖσθαι
713 2705 744 2737 D,
763 2705 985 2746 προσαδικεῖσθαι
999 2705 1076 2746 (1..“
1092 2705 1160 2746 πρδς
1177 2704 1327 2746 ἀδικεῖσθαι
1344 2704 1412 2735 alter
1422 2707 1549 2746 caduci.
1567 2708 1593 2735 iu
1609 2717 1664 2746 quo
1676 2710 1758 2738 subiti
1772 2704 1794 2738 ’ἐ
1809 2712 1903 2746 ἀνέχον

262 2752 318 2782 sua.
336 2742 495 2782 "texti-.0
518 2739 556 2782 “?
571 2741 751 2782 ὀρτέξάμεγοε
764 2739 842 2782 “alii
855 2741 931 2782 ξοιικ
944 2740 1009 2782 Ira:
1026 2739 1094 2782 39L.
1115 2739 1150 2782 ἐξ
1171 2740 1401 2782 exeas-eirea;
1418 2743 1457 2782 0-.
1487 2743 1511 2782 '3
1527 2743 1736 2782 ἀεεριᾴνοντας
1753 2746 1818 2782 ειμι.
1835 2739 1900 2782 BE:-

261 2780 325 2806 804.
364 2779 385 2794 ⁷⁷
401 2778 436 2805 τά
452 2777 553 2805 inserui
575 2776 599 2804 c'.
614 2776 647 2804 Ο.
685 2777 708 2792 ⁷⁸
720 2776 771 2803 αΰτ

808 2776 837 2808 S,
854 2775 886 2805 Ο.
903 2776 970 2811 αὐτή
984 2776 1016 2806 C,
1031 2775 1099 2811 αὐτή
1120 2775 1165 2811 Cl.
1199 2776 1222 2791 ⁷⁵
1239 2775 1277 2810 τῷ
1294 2775 1357 2804 0⁷0.
1374 2777 1404 2804 1).
1423 2777 1478 2804 τῶν
1494 2779 1524 2805 0.
1548 2775 1637 2806 ’δ”ὀῖε

1641 2788 1689 2815 μαι
1707 2783 1739 2808 0.
1780 2781 1802 2797 ⁸¹
1820 2781 1866 2809 οὖν
1883 2786 1901 2807 lt

261 2820 288 2841 et
304 2822 337 2841 cx
357 2814 474 2846 conject.
493 2812 532 2843 Ο,
549 2813 575 2849 in
593 2812 648 2849 gij.
675 2815 750 2849 textu
764 2810 807 2849 οὐ.
845 2812 868 2827 ⁸¹
886 2810 987 2849 mm
1008 2812 1039 2849 (λ.
1077 2810 1100 2849 ﬁ”
1114 2810 1280 2849 πρόσκαιρον
1295 2811 1325 2839 0.
1363 2814 1386 2832 θ’
1405 2813 1506 2849 Κλήμη
1525 2814 1546 2840 0
1563 2810 1730 2844 constanter.
1771 2818 1794 2834 “
1809 2818 1856 2845 ἐπὶ
1872 2819 1901 2845 τὸ

261 2849 367 2876 τοιοῦτο
384 2848 581 2875 κελεῦσαντιῦ.
595 2847 664 2874 Tum
680 2848 696 2882 ἡ
709 2847 781 2882 ψυχή
798 2855 824 2882 p.
839 2848 872 2883 τῇ
890 2847 962 2883 ψυχῇ
978 2846 1029 2882 legi
1041 2846 1100 2874 vult
1113 2846 1142 2874 δέ
