1932 3100
266 147 321 175 515

682 152 712 181 Β.
733 152 950 181 CLEMENTISI
968 154 1052 182 ROM.
1073 155 1173 182 I‘ONT.
1195 155 1310 183 OI’ERA
1328 157 1441 185 DUBIA.

1841 160 1895 188 διο

266 204 312 232 bat
329 213 336 232 :
354 203 413 232 Non
431 205 516 239 enim,
533 207 703 246 inquiebam,
716 211 785 239 adeo
800 213 872 239 mala
887 220 959 246 sum,
974 218 1005 242 ut
1019 221 1053 241 ex

1105 211 1229 245 εῐναι,ὠς
1242 214 1276 230 ¹⁰⁰
1287 216 1346 246 ταῖς
1356 215 1442 242 ἄλλων
1452 218 1604 253 συμφοραῖς
1618 216 1796 253 παραμυθίας
1810 217 1894 253 τύχω,

265 251 381 278 aliorum
397 252 601 282 calamitatibus
626 257 844 285 consolationem
857 260 1002 294 accipiam.
1022 260 1055 289 Et

266 306 327 325 eum
340 305 384 325 me
398 299 489 326 multae
502 300 620 335 hospitio
628 308 759 337 cuperent
772 305 902 339 recipere,
915 313 969 333 una
979 314 1055 341 qum-

265 343 328 370 dam
345 346 508 379 paupercula
524 346 568 374 hic
582 347 718 381 :liabitans
732 351 846 378 extorsit
860 351 927 379 mibi
943 353 1054 387 tugurio

265 389 325 424 ejus
336 390 595 424 succedere,dicens
606 403 613 421 :
624 393 751 429 Confide,
763 397 861 425 mulier
873 407 880 425 :
896 399 996 426 etenim
1011 400 1054 427 vir

266 443 355 468 meus,
383 436 466 465 homo
489 443 583 472 nauta,
599 440 626 467 in
642 442 711 468 mari
727 443 818 471 adhuc
833 444 944 479 juvenis
967 446 1050 474 obiit:

266 485 348 516 atque
363 490 396 510 ex
411 491 444 510 eo
460 484 515 516 die,
532 487 659 520 quamvis
673 488 752 515 multi
766 497 810 516 me
825 490 1002 519 sollicitarint
1017 493 1052 520 ad

265 527 386 562 nuptias,
402 537 452 564 ego
472 530 610 559 desiderio
630 532 680 560 viri
703 534 756 561 mei
775 536 860 563 malui
876 537 903 564 in
919 537 1053 567 viduitate

265 579 356 606 agere.
375 573 462 602 Erunt
476 584 542 612 ergo
557 580 726 614 communia,
743 588 914 618 quaecunque
925 585 1053 612 manibus

265 626 388 653 quaerere
402 622 565 655 poterimus.

300 664 395 693 XVIII.
416 666 450 694 Et
475 675 510 695 ne
524 668 604 705 longa
633 678 666 699 ae
689 671 782 700 minus
812 674 872 701 utili
895 677 1052 706 narratione

265 716 338 744 utar,
358 712 476 741 habitavi
489 722 552 742 cum
573 724 615 749 ea,
630 722 742 753 propter
764 727 886 748 amorem
908 722 969 757 ejus
986 731 1051 760 erga

265 758 406 786 maritum.
423 759 479 788 Sed
495 769 550 789 non
567 763 653 791 multo
679 769 740 799 post
762 766 829 793 mihi
854 767 958 796 infelici
979 758 1052 798 lace-

264 808 331 831 rataa
347 806 486 834 morsibus
509 809 637 836 resolutae
653 815 716 838 sunt
729 819 837 846 manus,
854 814 899 841 illa
913 823 977 842 vero
989 824 1052 851 qute

265 858 309 877 me
324 857 492 887 susceperat,
515 858 572 882 tota
599 856 696 883 morbo
722 858 841 892 quodam
865 867 997 896 oecupata
1023 866 1051 890 et

264 896 390 932 colligata
405 898 478 926 domi
489 899 574 934 jacet.
590 901 726 934 Quoniam
741 911 807 939 ergo
822 906 1050 943 mulierumque:

263 942 340 976 prius
355 943 568 979 miserabantur,
584 947 707 982 elanguit
718 949 841 985 aﬂ'eclus,
851 959 884 979 ac
897 959 949 987 ego
961 942 1049 982 etiilla

262 988 356 1016 clausa
376 990 450 1018 domi
468 992 555 1020 ambae
576 993 681 1022 debiles
699 1000 727 1022 et
743 997 914 1025 calamitosae
939 1007 1047 1035 sumus,

261 1041 295 1061 ex
309 1036 396 1063 multo
410 1041 532 1073 tempore
548 1039 602 1073 hic,
621 1045 651 1068 ut
664 1041 750 1076 vides,
768 1043 862 1078 sedeo,
879 1045 979 1080 stipem
1000 1055 1048 1082 pe-

262 1084 332 1114 tens,
348 1087 384 1116 et,
409 1083 433 1110 si
457 1084 523 1118 quid
551 1085 622 1114 forte
647 1095 792 1123 accepero,
811 1091 894 1119 etiam
920 1093 953 1120 ad
972 1093 1047 1122 illam

262 1127 363 1161 pariter
375 1129 504 1157 miseram
529 1131 563 1159 ad
578 1133 670 1160 cibum
686 1134 790 1163 defero.
808 1137 898 1172 Atque
912 1139 1048 1170 hactenus

262 1180 329 1200 mea:
346 1175 456 1209 quidem
480 1184 525 1204 res
548 1177 715 1207 sufﬁcienter
729 1185 795 1208 sunt
809 1183 899 1211 dictae.
918 1185 959 1213 Tu
974 1195 1047 1216 nunc

260 1219 325 1253 quid
337 1221 454 1248 moraris
469 1221 582 1257 implere
596 1225 669 1259 quod
685 1228 862 1263 promiseras,
878 1234 905 1258 te
916 1231 1047 1261 daturum

259 1264 449 1293 medicamen?
459 1275 515 1302 quo
525 1269 607 1296 etiam
623 1270 660 1297 illi
675 1271 780 1300 obitum
793 1276 912 1309 cupienti
928 1279 1046 1314 tradam,

258 1315 285 1337 ct
303 1311 344 1338 sic
357 1319 408 1348 ego
423 1321 534 1349 quoque
549 1317 665 1351 possim,
690 1323 720 1345 ut
745 1319 797 1353 ais,
811 1322 894 1350 vitam
923 1332 1046 1354 commu-

258 1361 326 1385 tare.

291 1403 363 1432 XIX.
384 1404 446 1434 Haec
462 1407 570 1437 dicente
587 1411 714 1445 muliere,
739 1413 837 1443 Petrus
859 1417 946 1445 multa
968 1420 1041 1455 cogi-

257 1450 361 1478 tatione
374 1456 447 1481 stare
463 1462 615 1490 suspensus
629 1458 783 1488 videbatur.
803 1461 835 1489 Et
847 1470 898 1498 ego
915 1450 1045 1500 superve-

257 1495 336 1524 uiens
353 1497 491 1533 :Dudum,
507 1501 631 1536 inquam,
646 1512 694 1539 per
708 1507 801 1534 omnia
811 1508 870 1536 loca
883 1510 1044 1541 discurrens

1104 259 1160 286 Καὶ
1179 260 1211 294 δὴ
1222 261 1262 292 εἰς
1287 260 1376 294 ξενίαν
1391 261 1496 289 πολλῶν
1519 272 1553 298 με
1568 263 1647 297 ἄγειν
1662 263 1797 296 ἀξιουσῶν
1810 263 1830 295 ¹,
1845 267 1897 298 μία

1103 313 1146 336 τις
1159 305 1214 332 τῶν
1228 307 1344 334 ἐνταῦθα
1355 308 1470 344 πενιχρὰ
1485 309 1552 336 πολὺ
1569 309 1719 345 βιασαμένη
1734 311 1774 342 είς
1785 309 1818 336 τὺ
1833 311 1899 336 ἐαυ-

1082 350 1085 354 λ
1103 351 1153 387 τῆς
1164 352 1252 379 ἐλθεῖν
1263 354 1402 388 ἠνάγκασε
1415 355 1558 390 σκήνωμα,
1576 355 1691 382 εἰποῦσά
1702 364 1747 391 μοι
1757 364 1764 370 ”
1778 355 1897 392 Θάρρει,

1066 891 1088 920 Β

1104 398 1194 432 γύναι,
1208 399 1255 426 καὶ
1267 399 1322 436 γὰρ
1336 401 1351 426 ὁ
1366 400 1432 436 ἐμὸς
1447 401 1516 436 ἀνὴρ
1533 401 1634 437 ναύτης
1649 401 1686 428 ῶν
1703 401 1774 428 κατὰ
1790 401 1898 428 θάλασ-

1105 453 1154 471 σαν
1162 445 1173 460 ¹
1186 445 1330 481 τέθνηκεν,
1344 447 1372 472 ἐν
1381 448 1416 482 τῇ
1431 446 1563 483 νεαζούσῃ
1573 448 1715 482 τυγχάνων
1725 447 1835 484 ἡλικίᾳ’
1848 449 1898 474 καὶ

1104 489 1208 523 ἔκτοτε,
1219 491 1323 518 πολλῶν
1337 501 1370 528 με
1383 492 1540 526 ἀξιούντων,
1550 494 1617 529 πρὸς
1627 493 1714 529 γάμον
1726 493 1781 528 ἐγὼ
1790 493 1898 529 χηρεύ-

1103 546 1143 564 ειν
1154 537 1276 574 εἱλόμην,
1290 538 1336 565 τὸν
1351 538 1416 574 ἐμὸν
1436 538 1557 565 ποθοῦσα
1568 539 1661 575 ἄνδρα.
1677 540 1774 565 Ἔσται
1783 539 1814 566 δὲ
1826 540 1898 575 ἡμῖν

1103 584 1180 610 κοινὰ
1191 584 1209 611 ἃ
1221 584 1265 611 διὰ
1277 584 1375 620 χειρῶν
1387 584 1541 621 ἀμφότεραι
1554 585 1675 621 πορίζειν
1687 585 1839 622 δυνάμεθα.

1137 674 1231 702 XVIII.
1242 675 1296 702 Καὶ
1307 676 1350 702 ἵνα
1366 676 1402 712 μή
1417 684 1457 702 σοι
1471 677 1584 712 μηκὺνω
1594 676 1713 708 τοὺςοῦκ
1725 676 1898 710 ἀναγκαίους

1103 720 1208 756 λόγους,
1224 721 1368 758 συνῴκησα
1382 722 1450 758 αὐτῇ
1463 722 1506 749 διὰ
1518 722 1567 758 τὴν
1579 722 1746 758 φιλανδρίαν.
1760 723 1817 750 Καὶ
1833 724 1896 758 μετ’

1103 767 1133 794 οὺ
1148 768 1213 794 πολὺ
1225 767 1292 803 ἐμοῦ
1303 768 1354 803 τῆς
1365 768 1538 804 ταλαιπώρου
1552 769 1580 795 αἱ
1595 769 1685 804 χεῖρες
1697 769 1749 795 ὑπὸ
1759 769 1816 795 τῶν
1827 769 1897 804 δηγ-

1104 814 1196 850 μάτων
1209 814 1219 830 ³
1243 814 1422 850 παρείθησαν,
1448 815 1495 841 καὶ
1514 815 1530 850 ἡ
1554 814 1740 850 ὑποδεξαμένη
1757 823 1790 849 με
1803 815 1894 850 γυνὴ,

1103 859 1149 896 ὅλη
1164 860 1216 886 ὑπὸ
1227 860 1330 892 πάθους
1339 861 1412 892 τινὸς
1423 860 1588 893 συνδεθεῖσα,
1596 861 1642 887 ἐπὶ
1652 860 1703 896 τῆς
1713 861 1802 892 οἰκίας
1817 860 1897 896 Epp:—

1101 915 1175 933 πται.
1191 907 1266 933 Ἐπεὶ
1272 905 1317 933 οὖν
1326 907 1340 933 ὁ
1350 907 1404 933 τῶν
1417 907 1499 934 πάλαι
1510 906 1645 940 γυναικῶν
1655 906 1728 938 ἕλεος
1740 907 1896 942 παρήιμα-

1102 961 1158 985 σεν,
1181 953 1237 988 ἐγὼ
1256 953 1284 980 δὲ
1307 954 1354 980 xui.
1376 955 1392 989 ὴ
1417 955 1478 980 κατ’
1492 951 1565 980 οἷκον
1585 953 1738 989 ἀμφότεραι
1760 954 1896 984 ἐπισινεῖς

1099 999 1280 1036 τυγχάνομεν,
1298 1001 1330 1026 ἐκ
1351 999 1456 1041 πολλῶν
1477 999 1580 1035 χρόνων
1599 998 1726 1032 ἐνταῦθα,
1751 999 1789 1030 ὡς
1812 1000 1894 1034 ὁρᾷς,

1101 1046 1250 1082 καθέζομαι
1273 1046 1470 1082 προσαιτοῦσα,
1485 1046 1532 1072 καὶ
1551 1043 1588 1073 ὧν
1615 1046 1648 1072 ἂν
1661 1046 1807 1081 εὑπορήσω
1820 1045 1831 1061 ⁵
1844 1046 1895 1072 καὶ

1099 1093 1132 1127 τῇ
1145 1091 1359 1127 συνταλαιπώρῳ
1371 1092 1382 1108 ⁸
1398 1093 1437 1123 είς
1453 1092 1558 1127 τροφὰς
1571 1092 1686 1128 κομίζω,
1703 1093 1758 1119 Καὶ
1779 1091 1815 1119 τὰ
1839 1092 1894 1127 μὲν

1100 1138 1153 1173 ἐμὰ
1166 1138 1212 1165 ἐπὶ
1230 1138 1356 1165 τοσοῦτον
1374 1138 1518 1174 αὐτάρκως
1531 1138 1659 1174 εἰρήσθω.
1673 1138 1775 1165 Λοιπὸν
1788 1138 1822 1164 σὺ
1836 1147 1894 1164 κω-

1099 1183 1172 1215 λύεις
1183 1184 1193 1199 ⁶
1205 1183 1254 1219 τὴν
1269 1184 1415 1219 ὑπόσχεσιν
1429 1184 1572 1220 πληρῶσαι
1591 1184 1639 1210 τοῦ
1655 1183 1747 1210 δοῦναι
1770 1184 1803 1210 τὸ
1817 1184 1891 1219 φάρ-

1101 1238 1203 1265 μακον;
1218 1230 1291 1261 ὅπως
1309 1230 1421 1266 γάκείνῃ
1434 1230 1603 1266 ἐπιθυμούσῃ
1617 1230 1708 1256 θανεῖν
1720 1230 1769 1262 δῶ,
1783 1230 1831 1257 καὶ
1842 1229 1893 1256 οὗ⁴

1098 1283 1152 1307 τως
1164 1276 1241 1310 κάγὼ
1251 1275 1297 1302 τοῦ
1310 1275 1415 1312 ζῇν,ὼς
1428 1276 1506 1312 ἔφης,
1522 1276 1684 1312 μεταλλάξαι
1697 1276 1816 1312 δυνηθῶ,

1131 1420 1203 1448 XIX.
1224 1420 1316 1447 Ταῦτα
1329 1421 1378 1456 τῆς
1388 1421 1516 1456 γυναικὸς
1527 1421 1667 1457 εἰπούσης,
1680 1421 1733 1448 ὑπὸ
1747 1420 1890 1457 λογισμῶν

1098 1467 1202 1494 πολλῶν
1217 1467 1231 1493 ὁ
1248 1468 1350 1504 Πέτρος
1373 1468 1456 1503 268
1478 1468 1614 1504 μετέωρος
1636 1467 1724 1494 ἐδόκει
1747 1467 1887 1494 ιστασθαι.

1104 1513 1174 1549 Ἐγὼ
1192 1514 1221 1541 δὲ
1239 1514 1360 1541 ἐπελθὼν
1374 1514 1442 1549 ἔφην
1455 1523 1461 1529 ·
1484 1515 1531 1540 Ἐκ
1542 1513 1640 1541 πολλοῦ
1655 1523 1684 1540 σε
1701 1513 1889 1549 περιερχόμε-

256 1543 411 1576 quaerebam
427 1550 452 1572 te
469 1551 516 1574 :et
539 1556 622 1582 nunc,
648 1551 715 1585 quid
739 1553 863 1588 agimus?
885 1556 919 1583 At
941 1556 1042 1586 Petrus

1100 1543 1144 1592 νος
1163 1560 1254 1596 ζητῶ’
1278 1560 1326 1587 καὶ
1348 1561 1382 1587 τὰ
1395 1543 1450 1587 ,νθν
1472 1560 1498 1586 τί
1521 1560 1669 1595 ποιοῦμεν;
1689 1560 1717 1586 Ὁ
1736 1543 1766 1586 ie

256 1591 384 1625 praecepit
407 1593 485 1626 mihi,
503 1599 532 1621 ut
552 1595 586 1622 ad
602 1597 759 1625 naviculum
783 1601 977 1636 praecederem,
992 1604 1044 1631 ibi—

255 1645 310 1672 que
329 1638 405 1665 illum
425 1641 573 1674 opperircr.
598 1641 632 1670 Et
654 1644 718 1678 quia
735 1647 888 1675 contradici
915 1649 940 1676 ei
957 1650 1044 1685 impe—

1095 1606 1246 1643 προσέταξέ
1260 1615 1306 1642 μοι
1319 1606 1468 1643 προάξαντι
1483 1607 1573 1641 μένειν
1588 1605 1669 1633 αὑτὸν
1692 1605 1738 1632 ἐπὶ
1754 1605 1803 1632 τοῦ
1818 1605 1888 1632 σκά-

1095 1662 1170 1688 φους.
1185 1654 1239 1679 Καὶ
1252 1653 1345 1688 ἐπειδὴ
1360 1653 1498 1679 ἀντειπεῖν
1508 1653 1558 1679 οὐκ
1572 1650 1605 1688 ἦν
1625 1652 1700 1687 αὐτῷ
1712 1651 1885 1683 κελεύσαντι,

255 1683 328 1710 ranti
348 1691 403 1711 non
419 1689 619 1722 poterat,quod
633 1689 718 1724 jussit
731 1691 794 1720 feci.
809 1692 868 1727 Ipse
879 1702 955 1729 vero,
971 1683 1044 1724 sicut

1100 1683 1209 1735 ἐποίησα
1218 1699 1249 1726 τὸ
1261 1683 1442 1736 προσταχθέν.
1463 1699 1492 1726 '0
1500 1699 1529 1726 δὲ
1542 1683 1644 1734 Πέτρος
1656 1683 1741 1734 μιλιρᾷ
1750 1706 1804 1724 τινι
1817 1698 1887 1724 ὐπο-

254 1730 323 1757 milii
339 1736 440 1759 cuncta
460 1734 598 1767 posterius
623 1738 772 1772 enarravit,
797 1742 956 1774 suspicione
972 1751 1042 1778 qua-

254 1777 316 1804 dam
328 1777 429 1811 exigua
442 1780 525 1807 corde
540 1781 666 1815 pulsatus
685 1783 874 1820 interrogabat
888 1777 1042 1825 mulierem,

1093 1746 1152 1782 ψίᾳ,
1167 1746 1204 1777 ὡς
1226 1746 1307 1778 αὐτός
1321 1754 1366 1782 μοι
1384 1745 1473 1772 πάντα
1492 1745 1603 1781 ὕστερον
1615 1745 1772 1780 διηγήσατο,
1785 1743 1886 1770 παλλό-

1095 1801 1175 1828 μενος
1186 1792 1235 1828 τὴν
1250 1792 1364 1827 καρδίαν
1384 1791 1549 1818 ἐπυνθάνετο
1556 1791 1607 1826 τῆς
1620 1790 1764 1825 γυναικὸς,
1776 1789 1866 1824 λέγων
1876 1798 1883 1804 ·

253 1824 348 1852 dicens
364 1834 370 1851 :
385 1824 467 1852 Refer
488 1826 566 1860 mihi,
582 1827 694 1863 femina,
710 1838 796 1866 genus
810 1838 837 1860 et
858 1834 994 1864 civitatem
1012 1845 1044 1865 ac

1100 1824 1162 1866 Εἰπὲ
1177 1824 1232 1874 μοι,
1246 1824 1335 1872 γύναι,
1348 1837 1378 1864 τὸ
1401 1837 1479 1872 γένος
1491 1838 1538 1863 καὶ
1549 1824 1599 1871 τὴν
1613 1824 1688 1863 πόλιν
1703 1836 1750 1863 καὶ
1769 1835 1826 1862 τῶν
1837 1835 1884 1861 τέ-

252 1871 372 1898 ﬁliorum
389 1872 509 1906 nomina,
535 1878 563 1901 et
588 1874 645 1909 jam
672 1877 903 1908 medicamentum
927 1882 976 1910 tibi
993 1884 1040 1912 do.

251 1918 287 1945 At
302 1918 346 1946 illa
362 1919 417 1946 vim
436 1921 576 1949 sustinens
591 1929 681 1957 neque
696 1925 790 1952 volens
814 1925 917 1956 referre
932 1933 959 1956 et
983 1938 1042 1958 me-

251 1965 399 1993 dicamenti
420 1967 573 2001 accipiendi
590 1970 688 2003 cupida
714 1971 794 1999 tinxit
818 1973 871 2001 alia
898 1982 949 2010 pro
968 1976 1040 2010 aliis,

251 2017 278 2039 et
291 2013 339 2046 ait,
358 2020 388 2040 se
403 2013 513 2047 quidem
527 2021 589 2042 esse
613 2015 772 2052 Ephesiam,
785 2019 875 2047 virum
892 2027 983 2050 autem
1001 2023 1043 2051 Si-

251 2060 355 2093 culum,
371 2059 417 2087 sed
429 2064 457 2087 et.
473 2061 591 2089 filiorum
606 2064 718 2092 nomina
732 2066 859 2094 similiter
872 2067 1039 2098 immutavit.

252 2107 322 2134 Tum
338 2105 445 2140 Petrus,
458 2108 620 2137 existimans
635 2118 695 2138 eam
713 2119 808 2140 verum
821 2115 956 2150 proferre,
973 2117 1012 2145 ait
1028 2127 1036 2145 :

251 2154 324 2181 IIeu!
340 2154 448 2188 mulier,
459 2156 588 2190 putabam
604 2157 707 2192 grande
722 2159 832 2194 aliquod
844 2161 973 2196 gaudium
991 2163 1042 2191 ho-

1093 1893 1164 1912 κνων
1176 1884 1211 1911 τὰ
1223 1884 1353 1919 ὀνόματα,
1373 1884 1420 1910 καὶ
1442 1883 1493 1919 ἢδη
1517 1882 1614 1918 δίδωμί
1628 1890 1668 1908 σοι
1681 1882 1712 1908 τὸ
1723 1881 1881 1916 φάρμακον.

1099 1930 1130 1957 Ἦ
1140 1930 1179 1962 δέ,
1194 1929 1253 1966 βίαν
1263 1929 1404 1964 πάσχουσα
1414 1929 1552 1955 καὶείπεῖν
1559 1928 1589 1954 οὐ
1601 1927 1724 1959 θέλουσα,
1733 1927 1798 1954 τὸδὲ
1809 1927 1884 1963 φάρ-

1095 1985 1181 2012 μακον
1190 1975 1283 2002 λαϐεῖν
1293 1974 1477 2010 ἐπιθυμοῦσα,
1488 1973 1633 2008 ἐσοφίσατο
1644 1973 1710 2000 ἄλλα
1720 1973 1780 2000 ἀντὶ
1792 1973 1883 2001 ἄλλων

1092 2023 1196 2048 εἰπεῖν·
1213 2021 1260 2048 καὶ
1271 2020 1346 2056 ὁμῶς
1360 2020 1422 2055 ἔφη,
1436 2020 1521 2056 αὐτὴν
1531 2020 1580 2055 μὲν
1599 2019 1726 2054 Ἐφεσίαν
1739 2017 1820 2051 εἶναι,
1834 2020 1882 2046 τον

1092 2069 1120 2096 δὲ
1133 2069 1218 2104 ἄνδρα
1228 2067 1348 2098 Σικελὸν,
1362 2066 1438 2103 ὁμῶς
1450 2067 1498 2093 καὶ
1510 2065 1565 2092 τῶν
1576 2065 1660 2102 τριῶν
1667 2065 1770 2092 τέκνων
1781 2065 1882 2101 ἢλλαξε

1091 2114 1126 2142 τὰ
1140 2114 1269 2150 ὀνόματα.
1284 2113 1339 2139 Καὶ
1351 2113 1365 2139 ὁ
1378 2113 1491 2147 Πέτρος,
1505 2112 1618 2148 νομίσας
1628 2112 1712 2148 αὐτὴν
1724 2112 1880 2148 ἀληθεύειν,

1091 2161 1152 2196 ἔφη·
1167 2161 1254 2196 Οίμοι,
1267 2159 1357 2194 γύναι,
1370 2157 1493 2194 ἐνόμιζον
1507 2158 1626 2194 μεγάλην
1643 2159 1703 2187 τινὰ
1723 2158 1811 2195 χαρὰν
1830 2159 1882 2196 τὴν

250 2202 346 2230 dierno
371 2202 415 2230 die
438 2211 482 2231 me
498 2209 719 2240 apportaturum,
742 2208 907 2242 suspicabar
920 2210 994 2237 enim
1013 2217 1040 2238 te

1100 2208 1212 2243 ςήμερον
1226 2207 1302 2241 ἄγειν
1313 2205 1431 2242 ἡμέραν,
1447 2204 1621 2236 ὑποπτεύσας
1633 2203 1663 2230 σέ
1675 2212 1736 2231 τινα
1748 2202 1830 2237 εἶναι,
1846 2205 1880 2239 ἣν

249 2257 312 2277 esse
335 2250 482 2284 quamdam
498 2251 651 2285 mulierem,
667 2260 750 2288 quam
765 2254 927 2288 sentiebam,
943 2257 1038 2292 cujus-

250 2304 304 2331 que
322 2304 366 2324 res
379 2297 469 2324 audivi
486 2302 513 2325 et
529 2298 615 2332 probe
629 2299 704 2326 novi.
717 2298 752 2326 At
767 2299 811 2327 illa
824 2301 979 2336 adjurabat,
997 2303 1039 2330 di-

1091 2254 1224 2289 ὲνόμιζον,
1237 2251 1272 2289 ἧς
1287 2253 1322 2280 τὰ
1333 2253 1484 2289 πράγματα
1503 2251 1622 2282 ἀκούσας
1633 2251 1754 2287 ἀκριϐῶς
1765 2251 1880 2277 ἐπίστα-

1093 2309 1151 2336 μαι.
1170 2301 1202 2327 Ἦ
1215 2300 1243 2327 δέ
1259 2299 1390 2336 ἑξώρκιζε
1411 2299 1540 2333 λέγουσα·
1554 2297 1665 2333 Δέομαι,
1679 2297 1740 2323 εἰπέ
1761 2306 1818 2333 μοι,
1835 2298 1880 2325 ἴνα

248 2351 331 2372 cens;
345 2343 433 2380 Rogo,
446 2344 511 2371 mihi
526 2344 638 2378 referas,
649 2350 677 2373 ut
687 2346 783 2379 sciam,
801 2355 836 2374 an
850 2348 886 2376 sit
900 2349 953 2376 ulla
969 2349 1039 2378 inter

1100 2347 1153 2374 ;ἰδῶ
1168 2348 1192 2374 εἰ
1204 2346 1261 2373 ἔστι
1273 2355 1314 2379 τις
1328 2346 1356 2372 ἐν
1369 2344 1491 2381 γυναιξὶν
1504 2343 1654 2380 ἀθλιωτέρα
1667 2342 1743 2379 ἐμοῦ.

249 2390 380 2417 mulieres
396 2397 440 2417 me
452 2389 597 2418 infelicior.

284 2437 344 2464 XX.
368 2437 438 2465 Tum
466 2435 565 2465 Petrus
583 2438 693 2465 mentiri
709 2439 834 2467 nesciens
850 2447 908 2475 praa
922 2441 1038 2470 misera-

248 2483 323 2512 tione
335 2491 399 2519 erga
412 2483 486 2510 illam
502 2491 597 2511 verum
613 2484 696 2519 coepit
706 2484 796 2513 dicere
809 2494 815 2513 :
829 2485 877 2514 Est
893 2495 959 2515 sane
973 2489 1036 2523 qui-

247 2530 311 2557 dam
325 2529 495 2562 adolescens,
513 2533 635 2558 sectator
657 2539 745 2564 meus,
766 2532 874 2566 piorum
891 2534 1037 2569 religioso-

1122 2444 1245 2472 ΧΧ.Καὶ
1256 2445 1270 2471 ὁ
1280 2445 1393 2481 Πέτρος,
1401 2443 1542 2479 ψεύδεσθαι
1554 2444 1603 2470 οὐκ
1616 2442 1704 2476 εἰδὼς,
1719 2442 1773 2470 ὑπὸ
1784 2443 1878 2475 ἐλέους

1086 2491 1134 2518 τοῦ
1150 2491 1218 2527 πρὸς
1234 2492 1319 2527 αὐτὴν
1335 2491 1365 2518 τὸ
1385 2491 1484 2526 ἀληθὲς
1496 2490 1584 2525 λέγειν
1605 2485 1706 2526 ῆρξατο
1716 2497 1722 2504 ·
1744 2489 1823 2524 Ἐμοί
1835 2498 1877 2521 τις

1085 2537 1181 2564 λοιπὸν
1202 2537 1253 2573 ἤδη
1266 2538 1276 2553 ⁷
1289 2537 1398 2569 νεανίας
1418 2536 1457 2564 ὢν
1473 2536 1635 2572 παρέπεται,
1647 2535 1702 2562 τῶν
1712 2534 1764 2570 τῆς
1785 2535 1877 2562 θεοσε-

250 2584 366 2612 rumque
382 2583 541 2604 sermonum
557 2576 672 2611 cupidus
689 2581 715 2604 et
731 2577 872 2606 Romanus
889 2579 968 2613 civis,
986 2581 1034 2615 qui

1100 2584 1162 2616 ἱείας
1172 2584 1334 2620 ὀρεγόμενος
1346 2584 1443 2618 λόγων,
1457 2583 1599 2618 Ῥωμαίων
1609 2582 1739 2618 ὑπάρχων
1750 2582 1873 2618 πολίτης,

248 2623 317 2651 mibi
337 2623 469 2657 narravit,
485 2624 558 2658 quod
579 2627 684 2659 patrem
703 2624 831 2653 habuerit
859 2630 886 2654 et
900 2626 971 2655 duos
987 2635 1035 2663 εο-

1085 2630 1159 2662 ὂστις
1171 2639 1215 2665 μοι
1229 2630 1376 2667 διηγήσατο
1384 2629 1405 2662 ⁸,
1413 2629 1482 2662 πῶς,
1490 2629 1595 2665 πατέρα
1605 2628 1673 2664 ἔχων
1685 2628 1732 2655 καὶ
1743 2628 1874 2664 ἀδελφοὺς

899 2719 1018 2748 νΛΠΙιΕ
1037 2720 1236 2749 LECTIONES.

283 2781 315 2798 ³⁶⁰
336 2782 373 2819 ᾡς
386 2781 409 2810 0
431 2788 459 2810 ct
472 2790 506 2811 ex
523 2783 639 2818 conject.
650 2784 671 2812 C
686 2805 693 2817 ,
704 2785 731 2812 in
744 2786 799 2819 cuj.
809 2790 884 2813 textu
901 2786 987 2814 deest.
1028 2786 1037 2802 ¹
1054 2786 1174 2819 ἀξιοῦσιν
1188 2788 1221 2817 Ο.

1806 2789 1818 2806 ⁸
1832 2789 1869 2816 Ita

1269 2791 1278 2825 7
1297 2789 1432 2816 θάλατταν
1443 2789 1477 2818 Ο.
1528 2789 1538 2806 ³
1556 2789 1708 2825 δειγμάτων
1720 2788 1755 2817 0.

245 2815 271 2859 ο
301 2818 418 2861 eam",
441 2815 620 2861 eoeopﬁggic
668 2815 858 2861 «fama.qu
874 2821 936 2861 οἌ
962 2826 972 2841 ο
989 2821 1016 2850 δ.
1037 2815 1101 2858 ιεεξ.
1119 2824 1146 2852 τι
1162 2815 1426 2853 σε’κωλύείίοιτζε.
1443 2815 1767 2860 ἐξιιοιηξὶίιῖξεξιῖιῑίὶ.
1789 2815 1870 2853 habet

246 2852 278 2878 σὺ
298 2852 335 2888 μὴ
350 2854 482 2890 κωλύσῃς.
509 2852 595 2890 ’⁷’ήδη
610 2862 665 2882 om.
675 2854 707 2883 Ο.
747 2856 757 2872 ⁸
771 2852 902 2892 διηγεῖται
916 2852 948 2885 C.
