1932 3100
29 151 80 179 3H

613 141 843 172 CLEMENTINA.
862 155 900 162 —
918 139 1061 168 HOMILIA
1079 138 1137 166 XII.

1619 131 1672 160 5l8

25 211 72 238 δύο
82 209 230 246 διδύμους,
244 207 345 236 οὐδένα
357 207 462 234 τούτων
479 204 539 241 ὁρᾷ.
554 204 592 230 ’Ἦ
613 212 645 230 τε
657 202 712 238 γὰρ
729 203 830 238 μήτηρ,

890 200 975 227 minos
990 198 1099 231 fratres,
1114 205 1148 225 ex
1158 196 1260 233 quibus
1275 195 1368 223 nullus
1380 192 1405 221 ei
1419 193 1586 226 compareat.
1603 187 1671 215 Nam

24 257 122 292 φησὶν,
138 257 179 288 ὡς
193 257 208 282 ὁ
221 256 317 291 πατὴρ
330 253 452 290 διηγεῖτὸ
467 253 539 288 μοι’,
547 252 652 286 ὄνειρον
666 249 769 280 ἰδοῦσα,
782 249 830 284 τὴν

29 303 182 338 Ῥωμαίων
193 301 273 329 πόλιν
281 302 330 327 ἐπὶ
336 301 432 337 χρόνον
437 299 498 326 τινὰ
505 297 616 333 ἐξῆλθεν
626 295 695 332 μετὰ
701 295 755 322 τῶν
762 294 833 321 διδύ-

27 359 87 384 μων
100 349 192 383 αὐτῆς
201 347 286 384 269
294 347 409 378 τέκνων,
417 346 460 372 ἵνα
467 345 504 380 μὴ
511 343 587 378 κακῷ
594 341 831 378 μόρῳτελευτήσῃ,
852 351 859 360 ι

26 396 75 422 καὶ
93 396 144 422 σὺν
157 395 254 426 αὐτοῖς
265 393 383 424 ἐκϐᾶσα,
399 393 448 427 οὐχ
461 391 628 426 εὑρίσκεται.
649 389 678 415 '0
692 388 720 415 δὲ
730 387 833 422 ταύτης

28 442 79 477 μὲν
93 443 181 478 ἀνὴρ,
194 441 280 468 αὑτοῦ
296 441 325 468 δὲ
341 440 444 474 πατὴρ,
459 439 506 465 καὶ
519 438 601 469 αὐτὸς
620 437 659 468 εἰς
670 434 832 470 ἐπιζήτησιν

26 489 118 523 αὐτῆς
131 488 221 519 ἐκϐὰς
230 488 251 504 ³⁸
266 488 316 523 οὐχ
328 486 494 522 εὑρίσκεται.

63 534 143 562 XXI.
164 535 259 561 Ταῦτα
274 533 323 561 τοῦ
337 533 442 569 Πέτρου
459 531 591 563 εἰπόντος,
610 530 779 565 ὲπιστήσασα
795 528 833 559 ὡς

28 581 77 607 ὑπ’
86 580 252 616 ἐκπλήξεως
269 579 408 614 ἀπέψυξεν
423 580 440 614 ἡ
457 578 536 613 γυνή.
545 577 573 604 '0
584 576 613 603 δὲ
628 575 731 611 Πέτρος
747 582 833 610 προσ-

29 627 120 653 ελθὼν
144 627 195 653 καὶ
222 626 342 661 ἐπισχὼν
367 626 461 661 νήφειν
487 623 570 659 αὐτὴν
595 621 832 658 παρεκελεύσατο,

28 674 179 709 ὁμολογεῖν
202 673 287 708 αὐτὴν
310 672 411 699 πείθων
435 671 463 698 τί
484 671 549 697 ποτέ
565 671 638 696 ἐστιν
653 669 668 695 ὃ
684 667 833 703 πάσχει.Ἦ

29 720 70 749 δὲ.
88 719 190 755 ὥσπερ
215 720 247 746 ἐκ
271 718 356 754 μέθης
379 718 411 744 τὸ
432 717 523 744 λοιπὸν
542 716 590 743 τοῦ
608 715 733 751 σώματος
748 722 835 749 παρε-

31 766 125 797 θεῖσα,
146 765 320 801 ὑπέστρεψεν
331 765 352 780 ¹¹
370 764 478 800 ἑαυτὴν,
495 763 644 798 ὑποστῆναι
659 761 802 796 δυνηθεῖσα
811 760 833 776 ¹¹

30 814 61 840 τὸ
80 813 202 849 μέγεθος
215 813 266 848 τῆς
282 811 461 848 ἐλπιζομένης
476 811 574 846 χαρᾶς,
591 809 637 836 καὶ
651 808 770 844 τρίψασα
786 807 834 834 αὺ-

30 861 82 895 τῆς
98 860 131 887 τὸ
149 860 298 896 πρόσωπον
310 868 318 875 ⁸
334 858 391 886 Ποῦ
409 858 490 889 ἐστιν,
508 857 570 893 ἔφη,
587 852 665 887 οὗτος
680 856 694 882 ὁ
707 854 833 886 νεανίας;

37 906 68 932 ’0
84 906 124 938 δὲ,
213 905 274 932 ὅλον
292 904 406 932 συνιδὼν
421 903 452 930 τὸ
467 903 592 939 πρᾶγμα,
610 901 661 936 ἔφη
673 909 680 916 ·
702 900 771 927 Εἰπέ
788 908 833 935 μοι

36 954 68 979 σὺ
86 952 210 987 πρῶτον,
224 951 313 983 ἄλλως
328 950 383 986 γὰρ
398 950 492 977 τοῦτον
515 950 578 976 ἰδεῖν
600 949 650 975 οὐκ
667 947 790 983 έχεις.Ὶι
804 946 834 973 δὲ

43 997 194 1024 σπεύδουσα
205 997 227 1012 ¹³
238 1005 245 1012 ⁸
255 995 336 1030 Ἐγὼ,
348 995 440 1031 φησὶν,
453 995 510 1029 εἱμὶ
526 995 543 1029 ή
560 993 608 1020 τοῦ
625 993 766 1020 νεανίσκου
784 993 835 1027 μή-

42 1052 97 1079 τηρ.
113 1043 172 1070 Καὶ
187 1044 202 1069 ὁ
219 1042 322 1078 Πέτρος
339 1041 391 1076 ἔφη
404 1050 410 1057 ·
428 1041 460 1067 Τί
477 1039 563 1075 τούτῳ
578 1039 720 1075 ὅνομα;Ἡ
735 1039 763 1065 δέ
781 1046 834 1072 φη-

42 1098 88 1116 σιν·
107 1089 239 1124 Κλήμης.
259 1089 314 1115 Καὶ
330 1089 344 1114 ὁ
359 1087 462 1123 Πέτρος
479 1084 555 1113 εἶπεν
566 1095 572 1101 ·
587 1086 674 1118 Αὐτός
688 1086 772 1117 ἐστιν,
787 1083 836 1110 καὶ

42 1135 116 1167 αὐτὸς
132 1133 170 1170 ἦν
183 1136 198 1162 ὁ
215 1134 269 1170 πρὸ
286 1133 385 1170 μικροῦ
404 1143 448 1169 μοι
465 1133 594 1167 λαλήσας,
606 1129 628 1166 ᾦ
641 1131 785 1167 ἀναμένειν
801 1139 835 1166 με

42 1182 68 1207 ὲν
81 1180 121 1216 τῷ
138 1180 228 1215 πλοίῳ
244 1178 410 1216 προσέταξα.
423 1179 455 1205 Ἦ
470 1178 499 1205 δὲ
516 1176 710 1213 προσπεσοῦσα
726 1176 765 1212 τῷ
781 1175 835 1202 Πέ-

42 1235 93 1262 τρῳ
119 1226 276 1262 παρεκάλει
302 1225 427 1252 σπεύδειν
443 1225 489 1251 ἐπὶ
503 1224 534 1250 τὺ
551 1224 643 1250 πλοῖον
667 1223 764 1249 ἐλθεῖν.
781 1221 836 1249 Καὶ

42 1273 55 1298 ὁ
69 1273 191 1308 Πέτροςο
211 1271 246 1299 El
271 1281 316 1307 μοι
337 1273 431 1307 τηρείς
451 1271 502 1302 τὰς
526 1269 672 1305 συνθήκας,
689 1270 735 1296 καὶ
757 1267 836 1295 τοῦτο

43 1319 155 1353 ποιήσω.
165 1318 197 1343 Ἡ
214 1317 242 1344 δὲ
259 1316 311 1352 ἔφη
324 1326 329 1331 ·
350 1316 441 1342 Πάντα
457 1314 537 1347 ποιῶ,
551 1314 629 1350 μόνον
642 1322 686 1349 μοι
698 1313 729 1339 τὸ
742 1312 836 1339 τέκνον

41 1364 68 1391 τὺ
84 1364 233 1399 μονογενὲς
256 1363 351 1397 δεῖξον.
369 1362 441 1395 Δόξω
457 1361 512 1397 γὰρ
528 1361 560 1388 δι’
575 1360 657 1388 αὑτοῦ
673 1360 709 1388 τὰ
721 1360 767 1387 δύο
785 1368 836 1396 μου

41 1411 71 1437 τὰ
80 1410 202 1437 ἐνταῦθα
213 1409 364 1444 τεθνηκότα
376 1409 442 1444 ὀρᾷν
454 1407 548 1434 τέκνα.
559 1408 613 1434 Καὶ
622 1409 637 1434 ὁ
649 1407 751 1442 Πέτρος
763 1406 816 1441 ἔφη
828 1413 835 1421 ·

42 1457 123 1483 Ὅταν
140 1456 222 1482 αὐτὸν
240 1456 309 1492 ἴδῃς,
321 1455 454 1491 ήσύχασον
470 1454 565 1490 μέχρις
581 1453 614 1481 ἂν
629 1454 680 1489 τῆς
694 1456 776 1489 νήσου
792 1453 837 1479 ὲκ-

41 1502 186 1538 6ῶμεν.Ή
202 1502 230 1528 δὲ
248 1501 300 1537 ἐῳη
313 1509 320 1516 ο
339 1501 432 1532 Οὕτως
448 1501 562 1535 ποιήσω.

850 880 871 907 Β

884 250 981 278 mater,
1000 245 1099 280 inquit,
1115 243 1187 271 sicut
1205 242 1272 270 mihi
1294 239 1447 270 edisseruil-
1460 243 1549 274 pater,
1562 235 1672 264 somnio

883 293 944 321 viso
960 292 1082 319 Romana
1102 291 1170 318 urbe
1186 289 1220 317 ad
1249 293 1358 323 tempus
1371 285 1490 313 excessit
1504 291 1566 312 cum
1583 280 1671 317 gemi-

884 340 928 368 nis
954 339 1012 367 suis
1037 338 1122 371 natis,
1151 345 1185 365 ne
1210 335 1311 364 misera
1328 337 1416 361 morte
1439 331 1574 361 interiret,
1590 332 1673 362 atque

883 393 947 414 cum
969 385 1022 413 illis
1046 392 1157 420 egressa
1178 391 1233 410 non
1246 381 1395 410 invenitur.
1414 379 1460 407 Vir
1479 383 1571 405 autem
1586 375 1672 406 illitis,

884 433 966 467 hujus
979 439 1044 460 vero
1057 437 1145 466 pater,
1158 435 1185 458 et
1199 430 1259 464 ipse
1277 428 1311 456 ad
1327 424 1505 463 quaerendam
1525 429 1587 450 eam
1607 428 1672 456 pro-

883 478 972 506 fectus
987 484 1160 513 nequaquam
1180 475 1326 511 reperitur.

919 535 990 562 XXI.
1010 534 1074 562 Haec
1089 542 1151 561 cum
1167 533 1283 561 dixisset
1294 531 1404 563 Petrus,
1417 529 1525 562 mulier,
1537 535 1599 562 quae
1612 525 1673 553 ani-

884 589 959 609 mum
975 580 1139 612 intenderat,
1159 584 1271 614 stupore
1295 577 1452 605 exanimata
1467 579 1519 603 est.
1534 574 1605 600 Tum
1621 571 1673 600 Pe-

885 633 944 655 trus
956 627 1099 660 accedens,
1116 633 1232 660 eamque
1244 629 1350 657 tenens,
1364 623 1397 651 ad
1416 631 1446 651 se
1462 621 1564 649 rediret
1579 620 1672 646 horta-

885 678 930 702 tus
943 678 995 705 est,
1010 673 1153 707 suasitque
1164 678 1193 699 ut
1207 671 1340 698 fateretur
1365 669 1496 704 quidnam
1509 671 1583 695 esset
1597 664 1672 700 quod

884 721 909 748 ei
924 720 1085 755 contigerat.
1099 718 1146 746 Illa
1167 725 1242 750 vero,
1257 717 1332 744 velut
1343 723 1377 743 ex
1391 715 1524 743 ebrietate
1539 718 1595 740 toto
1609 720 1673 739 cor-

884 774 952 802 pore
977 766 1109 797 resoluta,
1131 772 1187 800 quo
1211 768 1303 798 posset
1329 760 1545 797 magnitudinem
1573 757 1673 793 sperati

885 812 977 848 gaudii
1001 811 1146 843 sustinere,
1163 809 1339 844 semetipsam
1361 807 1500 842 reparavit
1516 804 1674 838 :simulque

886 858 1017 886 aﬁ‘ricans
1038 857 1143 884 vultum
1158 864 1165 882 :
1183 855 1236 883 Ubi
1250 859 1303 888 est,
1319 855 1418 889 inquit,
1435 853 1479 880 ille
1493 850 1675 879 adolescens?

885 906 920 932 At
934 905 1032 932 Petrus
1045 903 1101 938 jam
1117 902 1272 937 intelligens
1290 909 1347 929 rem
1371 905 1457 928 totam
1472 908 1479 926 :
1497 898 1554 930 Dic,
1575 897 1674 931 inquit,

884 951 952 979 mihi
975 956 1004 978 tu
1026 950 1113 985 prior,
1130 949 1207 976 aliter
1226 948 1299 976 enim
1318 955 1381 975 eum
1401 954 1455 973 non
1472 945 1586 972 videbis.
1603 943 1674 970 Tum

885 997 930 1024 illa
946 996 1081 1024 festinans
1094 995 1132 1022 ait
1149 1003 1156 1022 :
1172 994 1230 1030 Ego
1244 1001 1305 1021 sum
1330 991 1513 1020 adolescentis
1527 993 1626 1017 mater.
1641 988 1675 1015 Et

884 1043 981 1071 Petrus
998 1052 1004 1069 :
1021 1041 1100 1075 Quod
1123 1042 1147 1070 ei
1171 1048 1271 1068 nomen
1294 1040 1353 1067 est?
1368 1038 1415 1066 Illa
1433 1045 1517 1064 vero:
1536 1036 1674 1066 Clemens,

885 1089 932 1116 ait.
943 1089 1040 1116 Petrus
1056 1098 1062 1114 :
1076 1087 1135 1123 Ipse
1150 1092 1192 1115 est
1206 1091 1234 1114 et
1244 1086 1303 1121 ipse
1318 1089 1378 1112 erat
1389 1084 1436 1119 qui
1447 1083 1529 1118 paulo
1539 1088 1602 1109 ante
1618 1088 1676 1108 me-

885 1144 947 1163 cum
964 1135 1136 1169 loquebatur,
1151 1141 1232 1169 quem
1243 1131 1315 1166 jussi
1331 1139 1374 1158 me
1388 1131 1414 1157 in
1427 1130 1489 1157 navi
1504 1132 1674 1163 exspectare.

887 1181 964 1208 Tunc
986 1181 1032 1208 illa
1049 1180 1192 1215 procidens
1207 1179 1241 1206 ad
1258 1178 1340 1213 pedes
1363 1176 1435 1205 Petri
1451 1175 1576 1211 rogabat,
1593 1178 1622 1201 ut
1641 1173 1675 1201 ad

886 1237 983 1257 navem
1004 1228 1102 1255 festine
1119 1227 1288 1262 procederet.
1310 1225 1409 1252 Petrus
1423 1228 1513 1251 autem
1531 1222 1582 1250 :Si
1596 1221 1675 1253 mihi,

886 1274 986 1310 inquit.
999 1281 1093 1302 servas
1112 1272 1202 1305 ﬁdem,
1221 1271 1273 1299 hoc
1287 1278 1399 1306 quoque
1410 1276 1501 1304 agam.
1512 1267 1547 1295 At
1568 1267 1618 1294 illa
1631 1273 1676 1294 re-

887 1320 1016 1355 spondit:
1032 1318 1129 1346 Omnia
1146 1317 1257 1350 faciam,
1281 1320 1386 1348 tantum
1403 1314 1469 1342 mihi
1484 1313 1597 1340 ostende
1612 1310 1677 1339 uni-

887 1375 950 1394 cum
972 1374 1063 1394 meum
1089 1370 1194 1392 natum.
1212 1363 1320 1391 Putabo
1333 1363 1404 1390 enim
1424 1369 1471 1396 per
1486 1360 1574 1395 ipsum
1590 1356 1678 1393 gemi-

887 1422 938 1441 nos
954 1420 1029 1439 meos
1049 1411 1161 1443 liberos,
1177 1410 1223 1445 qui
1248 1409 1292 1437 hic
1312 1408 1413 1436 mortui
1427 1411 1503 1438 sunt,
1519 1405 1620 1432 videre.
1637 1403 1678 1430 Ac

887 1460 985 1487 Petrus
999 1459 1069 1487 dixit
1082 1467 1090 1485 :
1103 1457 1173 1484 Cum
1187 1456 1289 1484 videris
1302 1463 1376 1486 eum,
1386 1454 1478 1490 quieta
1491 1459 1581 1484 mane,
1591 1457 1679 1485 usque

887 1514 943 1542 quo
958 1505 1130 1541 egrediamur
1143 1505 1178 1531 ah
1189 1503 1290 1531 insula.
1304 1501 1350 1529 Illa
1362 1500 1468 1535 excepit
1485 1509 1491 1526 :
1509 1499 1555 1525 Sic
1566 1497 1677 1525 faciam.

73 1559 159 1595 27o
185 1558 269 1585 XXII.
300 1557 455 1592 Λαὸόμενος
476 1555 522 1583 οὖν
545 1556 594 1591 τῆς
617 1555 707 1592 χειρὸς
727 1555 837 1591 αὐτῆςὸ

924 1553 1008 1581 XXII.
1029 1553 1062 1579 Et
1075 1556 1184 1587 accepta
1201 1559 1283 1578 manu
1297 1549 1356 1585 ejus
1379 1548 1474 1576 Petrus
1486 1546 1602 1574 ducebat
1616 1552 1678 1572 eam

42 1606 145 1641 Πέτρος
168 1603 271 1641 ἦγενη
287 1604 333 1630 ἐπὶ
356 1604 387 1630 τὸ
410 1601 592 1637 πλοῖον.Ἐγὼ
614 1602 652 1634 δὲ,
673 1601 733 1628 ἰδὼν
758 1601 838 1628 αὐτὸν

43 1650 265 1687 χειραγωγοῦντα
281 1650 408 1684 γυναῖκα,
421 1649 546 1683 ἐγέλασα,
559 1648 605 1674 καὶ
621 1646 787 1682 προσελθὼν,
799 1647 839 1678 εἰς

41 1697 121 1732 τιμὴν
139 1696 235 1728 αὑτοῦ,
251 1696 310 1722 ἀντ’
327 1695 410 1722 αὑτοῦ
425 1695 604 1730 χειραγωγεῖν
621 1693 705 1728 αὐτὴν
722 1691 839 1727 ἐπειρῶ-ν

43 1743 170 1778 μην.Καὶ
186 1742 245 1778 ἃμα
259 1741 299 1776 τῷ
314 1740 433 1775 ἅψασθαί
452 1749 485 1775 με
500 1740 550 1775 τῆς
565 1739 657 1774 χειρὸς
667 1738 763 1773 αὐτῆς,
782 1737 840 1764 ὀλο-

42 1789 144 1823 λύξασα
169 1789 209 1820 ὡς
236 1789 327 1823 μήτηρ
355 1786 425 1822 μέγα
443 1786 490 1813 καὶ
512 1784 721 1820 περιπλακεῖσα,
741 1783 841 1818 σφόδρα

42 1835 183 1870 κατεφίλει
203 1843 236 1869 με
252 1833 299 1860 τὸν
316 1833 374 1860 υἱὸν
390 1832 473 1867 αὐτῆς
486 1832 517 1857 *⁵.
529 1830 598 1865 Ἐγὼ
611 1830 649 1861 δὲ,
661 1828 765 1864 ἀγνοῶν
782 1829 842 1855 ὅλον

42 1881 69 1908 τὸ
79 1880 256 1917 πρᾶγμα,ὠς
272 1879 437 1915 μαινομένην
453 1877 630 1911 ἀπεσειόμην·
643 1875 800 1911 αἰδούμενος
813 1874 842 1901 δὲ

43 1928 88 1954 καὶ
103 1928 152 1954 τὸν
169 1927 286 1962 Πέτρον,
304 1924 514 1960 ὲπικραινόμην.

74 1983 175 2013 XXIII.
192 1983 222 2009 Ὀ
244 1982 272 2008 δὲ
295 1981 400 2016 Πέτρος
421 1979 473 2014 ἔφη
485 1987 492 1994 ·
506 1978 568 2010 Ἔα,
585 1977 613 2004 τί
636 1977 732 2007 ποιεῖς,
747 1975 842 2002 τέκνον

41 2033 170 2068 Κλήμης,
177 2028 374 2063 ἀποσειόμενος
388 2027 437 2061 τὴν
455 2025 503 2061 σὴν
519 2025 604 2055 ὅντως
617 2021 766 2054 τεκοῦσαν,
781 2020 843 2055 Εγὼ

40 2079 82 2109 δὲ,
101 2077 186 2104 τοῦτο
204 2075 324 2105 ἀκούσας
335 2072 502 2108 περίδακρυς
512 2069 656 2105 γενόμενος
667 2068 713 2094 καὶ
725 2075 845 2093 καταπε-

44 2125 128 2159 σοὺσῃ
152 2123 188 2158 τῇ
213 2119 334 2155 τεκούσῃ
350 2116 512 2154 προσπεσὼν
529 2114 700 2148 κατεφίλουν.
719 2113 774 2139 Καὶ
789 2112 844 2148 γὰρ

43 2171 99 2207 ἅμα
177 2157 291 2204 ῥηθῆναι
310 2174 354 2201 μοι
371 2164 450 2191 τοῦτο
466 2161 599 2198 ἀμαυρῶς
610 2161 632 2178 ¹⁸
654 2169 713 2191 πως
728 2159 759 2185 τδ
775 2157 845 2189 εἶδος

43 2205 247 2249 ἀνεκαλούμην.
264 2211 362 2238 Πολλοὶ
379 2210 428 2245 μὲν
444 2207 490 2235 οὖν
506 2208 579 2242 δχλοι
597 2206 756 2242 συνέτρεχον
771 2205 843 2231 ἱστο-

46 2264 125 2300 ρῆσαι
151 2262 204 2296 τὴν
228 2258 440 2295 προσαιτήτριαν
466 2256 592 2289 γυναῖκα,
609 2253 734 2287 λέγοντες
758 2251 841 2286 ἀλλή-

44 2297 108 2341 λοις,
125 2309 170 2335 ὅτι
189 2306 274 2340 αὐτὴν
291 2303 397 2337 ἐπέγνω
414 2302 428 2328 ὁ
444 2301 511 2332 υἱὸς,
521 2299 590 2335 ἀνὴρ
606 2298 756 2332 ἀξιόλογος.
775 2297 842 2323 Βου-

44 2356 168 2391 λομένοις
189 2350 237 2379 οὖν
257 2351 323 2386 ἡμῖν
344 2348 459 2383 ἐξαυτῆς
476 2347 524 2373 σὺν
540 2347 574 2381 τῇ
593 2345 677 2380 μητρὶ
693 2343 743 2379 τῆς
759 2343 841 2379 νήσου

45 2387 183 2429 ἐκέαίνειν
198 2399 215 2433 ἡ
235 2397 326 2432 μήτηρ
339 2394 405 2429 ἔφη·
418 2393 518 2419 Τέκνον
532 2399 577 2426 μοι
588 2389 720 2421 ποθεινὸν,
733 2387 842 2422 εὔλογόν

46 2448 115 2474 ἐστιν
126 2441 316 2474 ἀποτάξασθαι
332 2441 367 2475 τῇ
384 2436 570 2472 ὑποδεξαμένῃ
588 2444 622 2470 με
637 2435 756 2470 γυναικὶ,
769 2435 841 2469 ἥτις,

46 2491 163 2528 πενιχρὰ
179 2487 247 2517 οὖσα
264 2487 312 2514 καὶ
328 2486 376 2521 ὅλη
394 2483 558 2519 παρειμένη,
575 2481 622 2507 ἐπὶ
637 2479 782 2516 τῆςοίκίας
797 2479 844 2515 ἕρ-

48 2527 153 2577 ῥιπται.
163 2538 194 2565 '0
205 2536 234 2563 δὲ
247 2535 353 2570 Πέτρος
369 2530 490 2561 ἀκούσας
507 2528 661 2563 ἐθαύμασεν
673 2527 704 2558 ¹⁷,
717 2527 764 2553 καὶ
778 2527 847 2553 πάν-

890 1602 923 1630 ad
936 1599 1137 1632 navcm.Quem
1151 1605 1202 1633 ego
1214 1597 1308 1624 videns
1322 1603 1404 1622 manu
1421 1594 1520 1621 ducere
1537 1591 1678 1619 mulierem

891 1648 951 1676 risi.
970 1646 1110 1674 Accedens
1132 1648 1233 1676 tamen,
1246 1641 1360 1670 honoris
1371 1648 1434 1675 erga
1444 1647 1507 1667 eum
1521 1638 1619 1673 gratia,
1629 1645 1679 1672 pro

891 1695 951 1730 ipso
968 1701 1049 1720 manu
1066 1692 1139 1719 illam
1155 1691 1253 1718 ducere
1267 1689 1347 1723 cmpi.
1365 1687 1451 1714 Simul
1468 1690 1557 1713 autem
1574 1692 1606 1711 ac
1619 1691 1680 1711 ma-

891 1748 956 1767 num
970 1739 1030 1773 ejus
1043 1737 1156 1772 conligi,
1173 1740 1203 1762 ut
1217 1739 1313 1767 mater,
1331 1733 1434 1760 ululatu
1449 1731 1551 1766 ingenti
1564 1730 1680 1762 reddito,

892 1785 919 1812 in
936 1784 1077 1818 amplexus
1092 1789 1168 1809 meos
1183 1780 1262 1808 irruit
1277 1785 1376 1813 meque
1389 1777 1475 1805 ﬁlium
1499 1783 1579 1804 suum
1599 1775 1682 1802 vehe~

893 1835 999 1858 menter
1012 1828 1167 1855 deosculata
1179 1830 1231 1853 est.
1245 1824 1278 1852 At
1294 1831 1344 1859 ego
1360 1823 1490 1858 ignorans
1503 1828 1584 1848 omne
1599 1827 1682 1854 nego-

892 1877 959 1904 tium
983 1874 1063 1910 quasi
1083 1873 1262 1900 insanientem
1280 1869 1441 1905 repellebam
1456 1876 1463 1895 :
1476 1868 1523 1896 sed
1537 1871 1565 1894 et
1579 1867 1682 1894 reveri-

894 1927 938 1951 tus
953 1921 1063 1949 Petrum
1080 1928 1123 1947 me
1138 1918 1258 1947 coercui.

929 1967 1025 1995 XXIII.
1047 1966 1116 1993 Tum
1142 1965 1239 1993 Petrus
1264 1963 1354 1991 dixit:
1370 1962 1457 1996 Eheu,
1473 1961 1539 1996 quid
1561 1960 1620 1996 agis
1643 1960 1683 1987 ﬁli

894 2015 1030 2045 Clemens,
1043 2012 1150 2048 repellis
1165 2019 1227 2038 eam
1242 2018 1304 2045 quae
1316 2017 1379 2037 vere
1395 2013 1482 2036 mater
1494 2012 1539 2035 tua
1552 2007 1611 2034 est?
1626 2006 1684 2042 Ego

894 2068 969 2093 vero,
987 2059 1033 2086 ubi
1057 2058 1108 2085 hoc
1123 2056 1226 2089 audivi,
1246 2054 1375 2090 lacrymis
1391 2053 1496 2081 obortis
1512 2052 1618 2080 concidi
1634 2060 1683 2080 su-

895 2114 943 2142 pra
957 2106 1093 2140 jacentem
1108 2107 1222 2130 matrem
1236 2106 1264 2128 et
1275 2100 1421 2128 osculabar
1431 2098 1598 2127 eam.Simul
1609 2098 1683 2126 enim

896 2160 928 2180 ac
943 2152 968 2178 id
986 2150 1052 2178 mihi
1070 2150 1172 2177 dictum
1196 2147 1258 2179 fuit,
1275 2146 1446 2174 subobscure
1461 2145 1601 2180 genitricis
1626 2144 1683 2171 for-

897 2206 968 2225 mam
995 2196 1168 2223 revocaham.
1193 2192 1338 2220 Multitudo
1368 2190 1476 2219 interim
1506 2190 1687 2218 concurrebat

897 2245 1013 2280 plurima
1029 2243 1062 2270 ad
1078 2241 1221 2269 videndam
1245 2240 1399 2267 mendicam
1426 2237 1586 2270 mulierem;
1610 2236 1685 2264 dice-

897 2293 1017 2326 bantque
1039 2294 1135 2317 mutuo
1153 2298 1159 2315 :
1177 2287 1295 2322 Agnovit
1308 2294 1368 2313 eam
1383 2286 1467 2317 ﬁlius,
1490 2284 1532 2312 vir
1556 2283 1686 2310 eximius.

896 2337 990 2372 Itaque
1004 2343 1067 2362 cum
1084 2334 1216 2362 vellemus
1228 2331 1373 2360 confestim
1388 2339 1451 2359 cmn
1467 2334 1554 2357 matre
1565 2337 1598 2356 ex
1614 2328 1689 2355 insu-

897 2385 922 2412 la
936 2383 1024 2415 exirc,
1038 2387 1124 2408 mater
1140 2380 1179 2408 ait
1197 2389 1202 2407 :
1219 2379 1283 2411 Fili,
1298 2378 1365 2406 mihi
1379 2381 1516 2412 exoptate,
1526 2382 1634 2409 saluum
1646 2377 1689 2401 est

898 2435 928 2457 ut
940 2429 1000 2456 vale
1017 2428 1105 2456 dicam
1123 2427 1232 2454 mulieri
1251 2433 1312 2461 quae
1326 2432 1369 2452 me
1383 2422 1513 2457 suscepit,
1531 2428 1592 2456 qua:
1606 2427 1689 2455 egens

895 2481 920 2505 et
934 2481 989 2503 tota
1004 2474 1152 2510 paralytica
1168 2473 1241 2500 domi
1254 2472 1337 2506 jacet.
1354 2469 1403 2498 His
1419 2468 1534 2500 auditis,
1549 2466 1647 2494 Petrus
1661 2469 1690 2492 et

897 2530 1004 2554 onincs,
1024 2520 1071 2556 qui
1090 2519 1200 2554 plurimi
1216 2519 1339 2550 aderant,
1357 2515 1482 2544 admirati
1502 2517 1567 2541 sunt
1585 2513 1688 2539 bonum

46 2558 94 2620 εξ
109 2558 153 2615 :1"
167 2558 354 2620 περιεστῶὲεξ
379 2577 462 2613 ὄχλοι,
551 2558 679 2609 γυναικὸς
698 2572 730 2599 τὸ
745 2572 838 2607 ἀγαθὺι

898 2568 1007 2596 feminae
1021 2566 1178 2594 consilium.
1195 2564 1229 2592 Et
1243 2564 1373 2592 continuo
1394 2561 1478 2597 jussit
1498 2559 1596 2587 Petrus
1611 2558 1689 2584 abire

978 2615 985 2620 ·
1123 2612 1130 2620 ι
1150 2612 1162 2620 ι’
1243 2619 1247 2620 ν
1273 2610 1376 2620 έπεμμμ
1394 2609 1419 2620 ι..
1439 2607 1538 2620 Imma-
1566 2605 1689 2620 τ’...ηηηη

46 2633 183 2670 φρόνῃμα.
201 2629 258 2657 Καὶ
274 2626 377 2656 εὐθέως
398 2623 541 2650 ἐκέλευσεν
566 2621 580 2647 ὁ

48 2665 173 2717 ρέυθῆναι
195 2677 243 2704 καὶ
268 2673 320 2709 τὴν
345 2670 461 2706 γυναῖκα
477 2667 524 2695 ἐπὶ
540 2666 634 2701 κλίνης
649 2665 771 2701 κομίσαι.

604 2620 707 2655 Πέτρος
727 2605 782 2646 τισι
799 2627 838 2645 πο

899 2615 1044 2650 quosdam,
1061 2621 1094 2640 ae
1114 2612 1220 2640 deferre
1235 2610 1378 2638 mulierem
1394 2609 1420 2635 in
1439 2607 1550 2634 lectulo.
1566 2605 1691 2638 Curaque

791 2666 847 2692 Καὶ
901 2661 998 2689 fuisset
1011 2660 1104 2692 allata,
1123 2659 1283 2695 positusque
1299 2656 1396 2683 fuisset
1410 2654 1507 2686 lectus,
1525 2655 1623 2679 cuncta
1635 2650 1692 2685 ple-

721 2721 841 2749 νΑιιιΑΕ
862 2718 1067 2749 LECTIONES.

80 2786 90 2799 ⁹
108 2780 175 2808 νων.
199 2775 325 2814 διηγεῖτό
343 2781 389 2809 μοι
404 2780 456 2799 non
475 2770 628 2814 sunt.i_u"0.

53 2818 72 2832 "
98 2812 308 2852 6wr,0-F,yai_C,
339 2815 492 2852 perneganti.

51 2854 68 2873 ἰ
81 2849 161 2886 αὑτῆέ
175 2849 233 2877 υἱόν
251 2849 282 2877 C.

51 2887 126 2923 μαζεν
137 2888 166 2916 C.

688 2769 709 2784 ¹⁰
724 2769 793 2796 Ante
810 2769 859 2795 ὲκΰ
880 2778 894 2800 ς
907 2769 933 2795 in
957 2766 979 2794 Ο
1001 2770 1042 2793 est
1069 2764 1186 2800 ἔκϐασου
1199 2766 1391 2800 _expunclum_.

547 2806 568 2821 "
585 2804 686 2840 νοω).
707 2805 723 2840 ἡ
742 2804 770 2840 δὲ
798 2799 949 2830 σπεύδουσα
964 2803 1022 2829 des.
1036 2799 1107 2840 in

503 2840 522 2869 S
537 2862 544 2875 ,
562 2828 730 2877 ἀμᾱ-ᾷῇᾦξάξ
745 2828 768 2867 C
783 2860 790 2874 ,
801 2828 999 2875 quiin-niam.
1017 2835 1088 2871 conj.
1104 2828 1236 2870 ὰμανρῶξ
1252 2833 1284 2862 ἄν
1301 2833 1341 2861 vel
1355 2831 1533 2868 ὰμαυρώσαν.
1571 2828 1593 2848 ’τ
1610 2828 1690 2853 am-

1431 2758 1452 2774 “
1470 2757 1641 2790 ὑπέστρεφεν
1658 2754 1690 2782 0.

1164 2799 1185 2818 ει
1198 2790 1266 2838 ᾖγεὶί
1279 2798 1302 2825 0
1318 2801 1345 2838 et.
1361 2794 1433 2838 lipil.
1445 2799 1470 2834 e_.
1481 2793 1527 2824 νυ,
1538 2790 1648 2838 ηηειςτεγ
1657 2792 1690 2818 c.
