1932 3100
259 148 312 176 519

258 212 291 240 be
307 211 434 239 audiente
446 211 543 240 Petrus
558 212 596 240 ait
609 221 615 240 :
628 211 657 239 Si
669 211 790 238 veritatis
805 218 855 245 ego
870 217 930 238 sum
946 217 1044 244 przeeo,
1061 211 1083 238 Α

259 257 293 284 ad
310 257 390 283 tidem
407 264 502 284 eorum
515 257 562 292 qui
575 258 720 288 assistunt,
736 259 766 283 ut
786 255 875 282 sciant
886 263 971 282 unum
986 262 1047 281 esse

259 303 494 339 Deum-opiﬁcem
518 304 623 336 mundi,
646 307 740 338 surgat
765 303 896 330 continuo
921 310 998 329 sana.
1015 300 1047 328 Et

258 350 349 377 statim
369 355 399 377 ut
422 350 479 378 haec
504 350 618 377 dixiSset
631 349 739 382 Petrus,
757 349 855 375 mulier
869 348 988 376 surrexit
1001 354 1046 374 sa-

259 399 320 421 nata
334 399 360 421 et
373 395 489 429 procidit
504 395 536 422 ad
551 395 633 430 pedes
644 393 728 427 Petri,
740 398 822 428 atque
833 393 949 420 amicam
967 400 1045 419 suam

258 450 290 469 ac
307 441 467 469 familiarem
477 442 599 470 osculata
610 441 823 477 percontabatur
833 440 900 476 quid
913 440 985 467 istud
999 448 1046 467 es-

259 491 309 513 set.
326 487 360 514 At
375 487 421 514 illa
435 487 552 515 breviter
567 495 648 515 omne
659 487 684 515 ei
697 485 891 521 recognitionis
906 486 1044 520 negotium

258 532 394 566 exposuit,
410 536 436 560 et
452 533 499 568 qui
515 532 661 559 audierunt
677 531 856 567 obstupefacti
866 535 939 558 sunt.
953 530 1044 558 Tunc—

258 585 311 612 que
327 582 413 605 mater
428 579 560 612 hospitem
576 583 698 606 curatam
710 578 806 605 videns
816 578 931 613 rogavit.
942 581 971 604 ut
986 577 1044 611 ipsa

258 631 368 658 quoque
384 623 528 651 sanitatem
542 624 687 658 acciperet.
713 623 761 651 Ille
786 628 876 651 autem
891 631 973 650 manu
992 623 1045 650 im-

258 669 347 704 posita
363 669 449 704 ipsam
464 670 546 696 etiam
562 670 679 698 curavit.

292 811 388 840 XXlV.
410 812 509 847 Sicque
521 817 614 847 postea
627 812 724 840 Petrus
739 813 773 840 de
787 812 840 840 Deo
849 820 882 840 ac
895 812 929 840 de
941 811 988 840 Dei
1000 820 1044 840 re-

257 857 358 893 ligione
373 866 527 885 sermonem
543 859 637 886 habuit
652 864 679 886 et
692 859 719 886 in
735 859 788 886 line
802 859 924 886 addidit:
938 858 966 885 Si
980 858 1043 892 quis
1059 877 1080 905 Β

257 904 314 931 1ιίιιο
327 905 383 931 vult
394 904 535 939 diligenter
547 913 722 939 cognoscere,
738 905 922 938 Antiochiam,
939 905 985 932 ubi
993 912 1039 939 per

257 951 355 977 multos
370 951 427 978 dies
442 951 561 978 residere
577 952 668 984 statui,
691 952 813 983 veniens,
828 959 889 986 quae
908 952 941 979 ad
965 952 1041 979 salut-

257 999 308 1022 tem
332 1003 409 1023 suam
431 996 567 1030 pertinent
589 996 686 1024 discat.
705 995 765 1024 Non
785 998 869 1030 enim,
884 997 930 1032 qui
955 1005 1041 1031 nego-

255 1041 340 1068 tiandi
357 1047 403 1068 aut
418 1041 552 1069 militandi
568 1049 651 1070 causa
665 1043 781 1077 patriam
801 1043 955 1078 relinquere
968 1044 1040 1071 sole-

254 1086 289 1114 tis
310 1091 338 1113 et
352 1087 384 1114 ad
407 1087 466 1115 loca
489 1088 603 1115 multum
621 1088 716 1115 dissita
737 1088 822 1121 abire,
837 1093 947 1123 propter
959 1093 1040 1116 aeter-

254 1139 316 1159 nam
337 1133 451 1161 salutem
466 1133 507 1160 vel
528 1133 612 1160 trium
627 1134 733 1161 dierum
747 1135 799 1162 iter
811 1135 949 1170 susoipere
964 1136 1041 1163 nole-

254 1178 298 1205 tis.
315 1177 408 1213 Itaque
420 1183 481 1214 post
497 1178 568 1206 Petri
597 1179 758 1207 eoncionem
775 1188 824 1215 ego
842 1181 961 1214 mulieri,
979 1188 1041 1216 qum

253 1230 348 1252 sanata
364 1225 463 1256 fuerat.
480 1233 572 1252 coram
586 1225 660 1252 omni
679 1225 780 1260 populo
802 1226 876 1253 mille
896 1226 1040 1255 drachmas

252 1270 286 1297 ad
299 1270 401 1297 victum
425 1270 486 1297 dedi
510 1275 537 1297 et
561 1270 749 1298 commendavi
761 1278 821 1298 eam
838 1271 946 1299 cuidam
970 1272 1040 1300 bono

252 1316 323 1349 viro,
339 1315 469 1350 primario
483 1315 586 1350 oppidi,
599 1315 644 1350 qui
659 1321 754 1350 sponte
766 1316 792 1343 id
808 1324 871 1344 cum
887 1317 986 1352 gaudio
999 1318 1041 1346 fa-

252 1371 315 1390 cere
328 1362 479 1397 proposuit.
497 1362 550 1389 Sed
564 1365 592 1388 et
603 1362 663 1389 aliis
679 1362 771 1390 multis
786 1363 929 1397 pecuniam
945 1364 1040 1392 distri‘

254 1408 310 1440 hui,
322 1408 478 1443 gratiasque
489 1407 531 1442 egi
544 1407 597 1434 illis
609 1407 778 1440 mulieribus,
786 1416 847 1443 qure
860 1409 940 1436 matri
953 1418 1041 1445 quon-

253 1455 316 1482 dam
342 1454 468 1481 solatium
493 1453 665 1488 praabuerant
681 1462 688 1480 τ
704 1457 731 1480 et
755 1458 817 1489 post
833 1455 889 1483 haec
906 1464 960 1484 una
976 1464 1038 1484 cum

254 1506 350 1532 matre,
365 1499 454 1532 Petro,
470 1499 629 1533 cauet-isque
644 1499 783 1527 sodalibus
796 1500 964 1529 Antaradum
975 1510 1040 1530 ena-

253 1546 444 1581 vigavi,atque
456 1545 493 1572 ita
508 1545 542 1572 ad
558 1545 708 1580 hospitium
719 1547 915 1580 processimus.
1053 1546 1075 1575 C

288 1634 373 1662 XXV.
393 1634 444 1662 Ubi
461 1643 523 1662 cum
538 1643 661 1663 essemus
674 1640 701 1663 et
714 1636 927 1671 sumpsissemus
947 1638 1039 1667 cibum

253 1688 286 1708 ac
298 1681 332 1708 de
345 1689 421 1709 more
437 1681 538 1717 gratias
551 1681 714 1716 egissemus,
731 1686 813 1717 atque
826 1683 916 1711 adhuc
932 1688 1039 1719 tempus

253 1731 419 1762 superesset,
433 1735 483 1762 ego
508 1726 659 1759 dixi_Petro
675 1737 681 1755 :
696 1727 879 1758 Humanitatis
892 1737 972 1764 opus,
986 1731 1038 1758 do-

253 1774 328 1801 mine
347 1773 384 1800 mi
408 1773 498 1806 Petre,
517 1773 642 1801 exercuit
656 1781 716 1801 mea
730 1779 827 1808 mater,
844 1783 904 1810 quae
927 1776 1040 1812 hospita:

253 1821 377 1848 nutlieris
395 1821 535 1848 recordata
548 1820 640 1848 fuerit.
655 1820 805 1856 Respondit
819 1821 916 1851 Petrus
930 1833 936 1850 :
953 1823 1038 1857 Itane,

252 1876 270 1895 o
283 1868 420 1900 Clemens,
438 1876 499 1895 vere
515 1867 690 1900 existimasti,
707 1868 885 1896 humanitatis
906 1877 974 1905 opus
997 1870 1039 1898 fa«

253 1920 326 1943 ctum
342 1923 357 1942 a
381 1920 426 1942 tua
443 1915 582 1950 genitricc,
590 1914 700 1950 quando
713 1915 737 1942 ei
752 1923 812 1949 qua:
825 1915 911 1950 ipsam
925 1923 958 1943 ex
971 1923 1040 1944 nau-

253 1959 341 1996 fragio
352 1964 492 1995 receperat
505 1961 620 1995 gratiam
635 1960 728 1987 retulit
742 1969 748 1987 :
766 1969 799 1987 an
815 1965 844 1988 ut
861 1962 940 1989 matri
955 1962 1041 1996 pluri-

253 2014 329 2033 mum
344 2006 549 2040 gratilicarcris,
560 2005 733 2033 hunedixisti
746 2014 897 2033 sermonem
906 2008 917 2033 ?
927 2006 954 2034 Si
966 2008 1039 2034 enim

254 2059 308 2078 non
327 2056 357 2078 ut
371 2059 427 2078 rem
440 2056 546 2087 gratam
560 2051 675 2082 faceres,
688 2051 735 2078 sed
750 2056 779 2079 ut
789 2052 929 2079 veritatem
945 2053 1041 2087 loque-

255 2097 334 2129 reris,
353 2096 451 2124 eﬂ‘atus
464 2104 505 2129 es,
523 2097 624 2124 videris
641 2096 708 2123 mihi
725 2097 849 2131 ignorare
863 2105 987 2132 quamam
1005 2098 1041 2125 sit

255 2140 415 2175 magnitudo
427 2141 615 2174 humanitatis,
625 2148 686 2175 quae
698 2145 740 2168 est
752 2149 830 2169 amor
842 2142 869 2169 in
880 2143 1039 2177 quemlibet,

253 2190 389 2220 quatenus
402 2186 552 2219 hominem,
569 2191 596 2213 et
611 2186 713 2221 absque
728 2186 783 2214 ullo
798 2188 915 2215 naturali
931 2188 1038 2215 aii‘ectu.

691 151 718 178 S.
738 150 932 178 CLEMENTIS
951 150 961 177 Ῑ
979 149 1062 177 ROM.
1081 149 1180 178 ΡΟΝΤ.
1199 150 1313 178 OPERA
1333 151 1445 180 DUBIA.

1839 156 1894 183 320

1097 209 1170 243 ὁμῶς
1196 209 1350 245 ἐνεχθείσης
1373 211 1419 237 καὶ
1442 210 1566 247 τεθείσης
1587 212 1636 248 τῆς
1659 212 1764 249 κλίνης,
1782 213 1895 240 πάντων

1097 253 1151 279 τῶν
1175 254 1261 289 ὄχλων
1285 255 1448 289 ἀκουόντων,
1466 256 1517 292 ἔφη
1534 259 1548 284 ὁ
1565 257 1667 293 Πέτρος
1678 266 1684 272 ·
1702 259 1734 284 El.
1761 258 1896 294 ἀληθείας

1097 299 1185 335 κῆρυξ
1196 299 1251 334 ἐγὼ
1264 300 1399 335 τυγχάνω,
1411 302 1450 333 εἰς
1461 302 1510 337 τὴν
1519 302 1574 329 τῶν
1590 302 1772 338 παρεστώτων
1787 304 1894 335 πίστιν,

1098 345 1141 371 ἵνα
1167 345 1267 379 γνῶσιν
1283 346 1332 372 -ὅτι
1356 343 1397 378 εἷς
1419 348 1476 374 ἐστι
1502 347 1578 380 Θεὸς,
1599 349 1613 374 ὁ
1629 348 1675 374 τὸν
1691 348 1793 384 κόσμον
1808 350 1893 384 27],

1097 389 1222 424 ποιήσας,
1235 390 1351 425 ἐξαυτῆς
1364 391 1504 427 ὲγερθήτω
1517 392 1605 428 ὑγιής.
1619 393 1672 419 Καὶ
1684 393 1741 428 ἅμα
1752 393 1792 429 τῷ
1802 395 1895 420 εἰπεῖν

1096 433 1198 469 Πέτρον
1213 435 1299 462 ταῦτα
1314 437 1330 471 ή
1347 435 1416 471 γυνὴ
1427 436 1530 473 ἠγέρθη
1546 437 1714 472 ὑγιασθεϊσα,
1726 439 1773 466 καὶ
1787 440 1828 475 τῷ
1839 440 1896 466 Πέ-

1094 486 1151 514 τρῳ
1163 479 1341 514 προσέπεσεν,
1354 481 1401 507 καὶ
1411 481 1459 516 τὴν
1472 482 1573 518 συνήθη
1587 483 1666 518 φίλην
1680 485 1895 520 καταφιλήσασα

1095 525 1258 552 ἐπυνθάνετο
1269 526 1296 552 τί
1312 526 1354 561 εἴη
1370 526 1458 554 τοῦτο.
1468 529 1499 554 ’Π
1511 528 1539 554 δὲ
1550 528 1609 555 ὅλον
1623 529 1690 565 αὐτῇ
1699 530 1720 545 ¹⁸
1729 530 1760 557 τὺ
1773 531 1895 566 πρᾶγμα

1094 570 1140 596 τοῦ
1158 571 1366 607 ὰναγνωρισμοῦ
1385 573 1525 608 συντόμως
1539 574 1696 610 διηγήσατο,
1710 576 1756 602 καὶ
1766 577 1792 602 οἱ
1808 576 1895 602 ἁκού-

1095 624 1189 649 σαντες
1205 617 1424 653 κατεπλάγησαν.
1442 619 1509 646 Τότε
1530 621 1577 646 καὶ
1593 621 1610 656 ἠ
1627 621 1727 657 μήτηρ,
1745 622 1796 657 τήν
1815 622 1893 654 ξενο-

1093 661 1169 697 δόχον
1200 662 1412 698 θεραπευθεῖσαν
1441 665 1601 701 θεωρήσασα
1611 666 1643 698 ¹⁹,
1662 667 1814 702 παρεκάλει
1842 668 1894 694 καὶ

1092 708 1160 743 αὐτή
1172 708 1268 741 ἰάσεως
1283 711 1383 744 τυχεῖν.
1394 710 1421 737 '0
1429 710 1468 744 δὲ,
1481 710 1585 744 ἐπιθεὶς
1600 711 1650 748 τὴν
1667 714 1756 748 χεῖρα,
1774 713 1824 739 καὶ
1839 713 1892 739 αὑ-

1093 752 1142 788 τήν
1158 752 1351 789 ἐθεράπευσεν.

1129 809 1225 837 XXIV.
1247 811 1301 838 Καὶ
1317 809 1367 838 εἷθ’
1377 811 1464 844 οὕτως
1478 813 1492 839 ὁ
1507 812 1610 848 Πέτρος
1624 813 1689 849 περὶ
1698 813 1766 841 Θεοῦ
1778 814 1891 850 καὶτῆς

1093 855 1167 890 αὕτῷ
1183 856 1363 892 διαφερούσης
1379 857 1527 892 θρησκείας
1544 858 1687 893 ὁμιλήσας,
1697 859 1827 894 προσθεὶς
1844 860 1893 885 ἐπὶ

1092 902 1173 934 τέλει,
1190 902 1240 928 ὃτι·
1255 902 1289 928 Εἴ
1299 911 1341 934 τις
1358 902 1481 937 βούλεται
1495 903 1582 930 ταῦτα
1595 904 1716 939 ἀκριϐῶς
1733 905 1892 940 μαθεῖν,εἱς

1100 948 1272 983 Ἀντιόχειαν,
1283 948 1350 975 ὅπου
1366 948 1495 975 πλειόνων
1513 949 1624 985 ἡμερῶν
1641 950 1798 985 περιμένειν
1811 950 1891 985 ἔκρι-

1092 1002 1135 1026 να,
1153 994 1237 1021 ἐλθὼν
1255 994 1290 1021 τὰ
1308 994 1377 1030 πρὸς
1397 995 1447 1030 τὴν
1464 995 1546 1022 αὐτοῦ
1565 996 1700 1032 σωτηρίαν
1718 997 1889 1032 μανθανέτω.

1093 1041 1131 1067 Οὐ
1157 1039 1211 1076 γὰρ
1231 1040 1262 1076 δὴ
1279 1041 1334 1067 si“
1351 1041 1486 1078 ἐμπορίας
1501 1041 1581 1068 ἓνεκα
1596 1042 1613 1077 ἢ
1628 1042 1769 1077 στρατείας
1786 1043 1890 1078 πατρί-

1092 1086 1140 1118 δας
1162 1086 1380 1122 καταλιμπάνειν
1403 1087 1495 1114 οἴδατε
1511 1088 1558 1114 καὶ
1573 1088 1613 1120 εἰς
1631 1089 1751 1123 μακροὺς
1766 1088 1891 1124 ἀπέρχε-

1093 1132 1154 1158 σθαι
1177 1131 1285 1165 τόπους,
1301 1131 1345 1159 διὰ
1368 1132 1397 1158 δὲ
1422 1132 1531 1160 αἰώνιον
1557 1133 1694 1168 σωτηρίαν
1721 1133 1788 1169 μηδὲ
1803 1134 1891 1170 τριῶν

1093 1177 1203 1213 ἡμερῶν
1228 1177 1287 1204 ὁδὸν
1309 1179 1473 1214 πορευθῆναι
1490 1179 1617 1215 θελήσετε
1628 1180 1660 1205 ¹¹.
1676 1179 1753 1206 Μετὰ
1771 1179 1821 1215 μὲν
1839 1179 1890 1207 οὖν

1091 1222 1140 1256 τὴν
1161 1222 1338 1258 προσομιλίαν
1354 1223 1457 1258 Πέτρου
1474 1223 1528 1258 ἐγὼ
1543 1225 1576 1259 τῇ
1594 1224 1752 1260 ὑγιασθείσῃ
1774 1226 1890 1258 γυναικὶ

1092 1266 1138 1292 ἐπὶ
1163 1267 1263 1298 παντὸς
1287 1266 1334 1293 τοῦ
1358 1267 1437 1302 ὗχλου
1460 1268 1547 1304 χιλίας
1572 1269 1695 1304 δραχμὰς
1717 1269 1758 1301 εἰς
1778 1269 1889 1305 τροφὰς

1092 1310 1282 1348 ὲδωρησάμην,
1300 1313 1491 1349 παραθέμενος
1511 1314 1594 1350 αὐτὴν
1617 1313 1711 1350 ἁγαθῷ
1726 1323 1778 1341 τινι
1795 1315 1886 1350 ἀνδρὶ,

1093 1356 1193 1392 πρώτῳ
1214 1357 1265 1393 τῆς
1289 1359 1392 1391 πόλεως
1416 1359 1483 1391 ὄντι,
1501 1360 1580 1394 φύσει
1606 1359 1673 1395 μετὰ
1697 1361 1785 1395 χαρᾶς
1804 1360 1888 1387 τοῦτο

1091 1403 1177 1430 ποιεῖν
1192 1403 1451 1439 προῃρημένῳ.Ἔτι
1465 1404 1493 1430 δὲ
1508 1405 1554 1430 καὶ
1570 1404 1663 1436 ἄλλαις
1679 1404 1789 1436 πολλαῖς
1797 1405 1820 1420 ¹¹
1832 1406 1887 1440 ἁρ-

1091 1455 1173 1484 γυρια
1198 1448 1347 1483 διανείμας,
1364 1451 1424 1481 ταῖς
1446 1457 1511 1475 ποτε
1531 1450 1582 1485 τὴν
1597 1450 1700 1486 μητέρα
1717 1451 1886 1486 παραμυθη-

1092 1495 1222 1529 σαμέναις
1239 1495 1447 1531 εὐχαριστήσας,
1466 1495 1545 1530 272
1562 1496 1706 1523 διέπλευσα
1722 1497 1763 1528 είς
1785 1497 1884 1524 Ἀντά-

1092 1540 1181 1575 ραδον,
1199 1539 1257 1575 ἅμα
1280 1542 1311 1576 τῇ
1340 1541 1422 1577 μητρὶ
1445 1542 1491 1568 καὶ
1508 1542 1602 1578 Πέτρῳ
1626 1543 1673 1569 καὶ
1695 1544 1753 1574 τοῖς
1779 1543 1885 1575 λοιποῖς

1091 1586 1209 1622 ἑταίροις
1217 1586 1240 1601 ³³
1251 1595 1258 1601 ·
1276 1587 1322 1613 καὶ
1338 1586 1424 1618 οὕτως
1437 1587 1477 1619 εἰς
1492 1588 1541 1623 τὴν
1555 1587 1644 1620 ξενίαν
1660 1588 1841 1624 ὡρμήσαμεν.

1127 1641 1210 1670 XXV.
1231 1642 1386 1678 Γενομένων
1403 1642 1430 1669 δὲ
1446 1643 1523 1678 ήμῶν
1535 1644 1557 1660 ⁵⁸
1575 1644 1621 1670 καὶ
1639 1645 1745 1680 τροφῆς
1766 1645 1885 1680 μεταλα-

1091 1687 1192 1714 ϐόντων
1208 1688 1255 1714 καὶ
1271 1687 1392 1723 συνήθως
1407 1689 1670 1724 εὐχαριστησάντων,
1687 1690 1727 1716 ἔτι
1743 1689 1820 1725 ὥρας
1835 1690 1885 1716 οὓ-

1091 1742 1152 1769 σ-ης,
1169 1733 1235 1769 ἔφην
1251 1733 1306 1767 ἐγὼ
1321 1732 1361 1768 τῷ
1378 1733 1474 1769 Πέτρῳ
1492 1734 1775 1770 (59)·Φιλανθρωπίας
1790 1735 1884 1771 ἔργον,

1091 1779 1169 1814 κύριέ
1187 1788 1237 1815 μου
1253 1779 1350 1815 Πέτρε,
1368 1780 1384 1815 ὴ
1410 1779 1464 1815 ἐμὴ
1487 1780 1598 1816 εποίησε
1620 1781 1722 1816 μήτηρ,
1738 1782 1789 1817 τῆς
1811 1781 1886 1813 ξενο-

1090 1825 1167 1860 δόχου
1183 1825 1387 1861 ὑπομνησθεῖσα
1399 1825 1536 1858 γυναικός.
1549 1826 1603 1852 Καὶ
1618 1827 1632 1852 ὁ
1648 1826 1750 1862 Πέτρος
1766 1827 1884 1862 ἀπεκρί-

1091 1878 1155 1896 νατο
1166 1867 1255 1905 ·“Ἀρά
1270 1878 1312 1904 γε,
1327 1866 1349 1896 ὦ
1365 1870 1489 1905 Κλήμης,
1507 1870 1613 1906 ἀληθῶς
1629 1871 1772 1906 νενόμικας
1787 1872 1884 1906 φιλαν-

1091 1915 1213 1952 θρωπίας
1229 1915 1308 1951 ἔργον
1324 1916 1501 1951 πεποιηκέναι
1516 1916 1566 1952 τὴν
1589 1916 1637 1952 σὴν
1659 1917 1804 1949 τεκοῦσαν,
1822 1918 1883 1944 καθ’

1090 1960 1104 1986 ὃ
1118 1961 1167 1996 τὴν
1179 1960 1234 1987 ἀπὺ
1247 1960 1405 1995 ναυαγίου¹¹
1420 1960 1505 1995 αὐτὴν
1519 1960 1720 1996 ὑποδεξαμένην
1732 1961 1883 1997 ἠμείψατο,

1091 2005 1107 2041 ἢ
1132 2006 1170 2037 ὡς
1196 2005 1282 2041 μητρὶ
1309 2005 1413 2041 μεγάλα
1423 2005 1444 2020 ’⁸
1461 2006 1637 2042 χαριζόμενος
1651 2006 1752 2042 ,τοῦτον
1768 2006 1884 2042 εἴρηκας

1090 2052 1135 2078 τὸν
1151 2051 1248 2086 λόγονς
1266 2052 1298 2078 Et
1322 2052 1350 2078 δὲ
1366 2052 1414 2087 οὐχ
1431 2051 1468 2084 ὡς
1483 2051 1670 2088 χαριζόμενος,
1687 2052 1744 2078 ἀλλ’
1762 2053 1801 2085 ὡς
1814 2053 1883 2089 ἁλη-

1092 2097 1177 2125 θεύων
1192 2097 1269 2134 ἔφης,
1281 2097 1371 2129 ἔοικάς
1389 2106 1432 2133 μοι
1449 2098 1554 2132 ἀγνοεῖν
1570 2098 1596 2124 τί
1613 2098 1670 2124 ποτ’
1683 2098 1744 2124 ἐστὶ
1754 2099 1776 2113 ’⁷
1790 2099 1884 2133 φιλαν-

1092 2144 1215 2180 θρωπίας
1231 2143 1354 2179 μέγεθος,
1364 2144 1424 2179 ἥτις
1440 2143 1513 2170 ἐστὶν
1530 2145 1547 2179 ἡ
1563 2144 1625 2171 ἄνευ
1635 2143 1681 2170 τοῦ
1693 2144 1817 2178 φυσικῶς
1828 2145 1885 2170 πεί-

1093 2189 1183 2220 θοντος
1196 2209 1204 2222 ,
1218 2190 1264 2224 ή¹⁸
1289 2189 1357 2224 πρὸς
1373 2186 1428 2215 οἷον
1441 2189 1538 2224 δήποτε
1556 2189 1657 2225 στοργή
1667 2209 1675 2221 ,
1698 2189 1766 2215 καθὸ
1777 2189 1884 2225 ἄνθρω-

254 2231 307 2259 Sed
324 2240 374 2259 nec
393 2233 538 2267 hospitem,
557 2241 618 2268 quae
635 2237 748 2260 matrem
772 2238 846 2261 tuam
864 2241 880 2261 e
897 2234 1040 2268 naufragio

1094 2235 1142 2268 πός
1159 2236 1241 2262 ἐστιν.
1251 2235 1320 2261 Ἀλλ’
1336 2235 1396 2261 οὐδὲ
1409 2234 1457 2270 τὴν
1475 2234 1610 2269 ξενοδὸχον
1625 2235 1673 2271 τὴν
1693 2235 1746 2262 ἀπὸ
1759 2244 1881 2271 ναυφρα-

253 2278 386 2313 suscepit,
402 2279 490 2306 ausim
506 2279 648 2306 hominum
670 2283 806 2306 amantem
821 2280 966 2314 appellare.
988 2279 1038 2307 Mi-

252 2325 402 2352 sericordia
417 2325 489 2353 enim
504 2330 652 2358 commota,
671 2326 788 2361 impulsa
804 2331 847 2354 est
866 2325 901 2353 ad
916 2327 984 2354 bene
998 2326 1039 2353 fa-

1093 2281 1153 2316 γίου
1168 2281 1371 2317 ἀποδεξαμένην
1379 2281 1401 2296 ’⁸
1417 2280 1466 2316 τὴν
1483 2280 1531 2316 σὴν
1546 2280 1676 2307 τεκοῦσαν
1693 2280 1772 2307 οὖπω
1788 2281 1884 2315 φιλάν-

1091 2326 1198 2362 θρωπον
1221 2326 1306 2352 εἰπεῖν
1319 2325 1419 2361 τολμῶ.
1429 2324 1489 2351 ’Υπ’
1505 2324 1579 2351 ἐλέου
1602 2325 1656 2361 γὰρ
1673 2325 1882 2359 κολαηυθείσα,

907 2415 1024 2442 VARUE
1045 2414 1246 2443 LECTIONES.

290 2473 413 2515 ιεαύτῆς
435 2472 467 2501 ο,
507 2474 528 2492 η
547 2473 712 2535 “Wfﬁn”
729 2473 760 2500 ρ,
798 2473 821 2488 ιο
835 2472 859 2498 ει
873 2472 975 2499 addidit
987 2471 1005 2499 S
1030 2471 1243 2512 de_eonjectura,
1259 2471 1284 2497 εί
1301 2470 1356 2521 γὰρ
1378 2469 1409 2506 δή
1436 2470 1497 2498 eod.
1512 2470 1578 2532 Reg.
1593 2471 1645 2499 804
1656 2492 1664 2505 ,
1689 2472 1727 2502 eis
1739 2473 1794 2509 γάρ
1808 2473 1881 2508 Epit.

290 2510 376 2535 liilllliﬂ
386 2508 534 2535 ὲιιποοείας
550 2508 581 2535 0.
623 2517 666 2535 um
683 2508 848 2535 στρατηγίας
864 2515 890 2535 o.
910 2515 1055 2535 στρατείας
1070 2506 1151 2533 idem.
1185 2506 1205 2521 ²¹
1221 2506 1258 2532 Ita
1271 2505 1299 2535 S.
1318 2505 1404 2532 θελειν
1420 2510 1532 2535 uterque
1545 2506 1555 2533 Ι
1570 2515 1623 2533 om.
1637 2507 1810 2535 οοᾱ..θέλετε
1821 2518 1881 2534 ωλι.

255 2509 376 2536 Subinde
386 2508 534 2544 ὲμπορείας
550 2508 581 2535 0.

255 2544 320 2579 Reg.
337 2542 623 2606 804,’πρόθυμήσεσοε
640 2542 723 2578 Ερίι.’
759 2542 782 2558 ’ί
797 2543 886 2573 ἄλλοις
903 2542 1010 2573 πολλοῖς
1022 2542 1051 2568 (ἶ.

255 2579 330 2606 αὑτό.
367 2580 390 2596 ’⁵
406 2588 530 2606 ναυιοοαγ
542 2588 573 2605 ου
597 2580 627 2606 (Α.
682 2579 704 2594 ’⁸
726 2577 835 2606 μεγάλω
849 2576 882 2604 Ο.
922 2577 943 2592 ⁸⁷
956 2577 1021 2603 ποτέ
1034 2577 1047 2603 ὲ

254 2576 330 2606 αὑτό.
367 2580 390 2596 ’⁵
406 2576 573 2615 ναυφραγίου
597 2579 627 2606 C.
663 2576 704 2594 ἠ
726 2577 835 2613 μεγάλω
849 2576 882 2604 Ο.

623 2505 666 2544 um
683 2508 848 2544 στρατηγίας
864 2515 890 2542 p.
910 2515 1055 2544 στρατειας
1070 2506 1151 2544 idem.
1180 2506 1205 2544 1‘
1221 2505 1331 2544 lta_S,_6

922 2577 943 2592 ⁸⁷
956 2577 1021 2603 ποτέ
1034 2577 1092 2603 ἐστι
1106 2575 1136 2604 C.
1175 2577 1197 2592 ⁸⁸
1208 2576 1224 2611 ἡ
1237 2584 1293 2603 om.
1307 2575 1339 2603 0.

1305 2541 1310 2546 _
1317 2507 1404 2547 θέλειν
1420 2510 1532 2547 uterque
1545 2507 1626 2547 ψ)ιῆζ
1637 2507 1710 2547 cod.,
1717 2507 1810 2547 θέλετε
1821 2507 1882 2547 qua:

1090 2540 1165 2584 "‘lta
1177 2540 1199 2568 Ο
1213 2549 1246 2583 ἐ.
1259 2539 1344 2575 Epit.,
1361 2540 1464 2591 ἑτέροις
1563 2538 1675 2573 ὀξΕρὶι.
1691 2538 1768 2570 addit
1791 2544 1841 2570 ἐπὶ
1854 2544 1884 2569 τὸ

1090 2596 1092 2602 ,
1106 2577 1136 2604 (ι.
1175 2577 1197 2592 ⁸⁸
1208 2584 1224 2611 η
1237 2584 1293 2603 om.
1307 2575 1339 2603 0.
1392 2576 1402 2591 '
1433 2575 1636 2612 ὑποοεξαμένην
1652 2576 1684 2604 0.

906 2657 1088 2686 VARIORUM
1106 2657 1221 2685 NOTIE.

294 2712 348 2749 (59)
369 2714 464 2748 Ἐςςην
484 2713 541 2749 ἐγὼ
565 2713 605 2746 τῷ
622 2713 731 2747 Πέτρῳ.
760 2713 821 2742 lla‘c
844 2714 925 2741 verba
948 2722 1034 2748 usque

255 2747 289 2775 ad
312 2747 362 2775 ista
390 2747 460 2775 ποῖα
479 2747 508 2775 δί
537 2749 593 2775 οὐκ
609 2749 659 2782 ἦν,
676 2749 797 2775 citantur
821 2757 836 2776 a
868 2749 968 2777 Nicone
984 2747 1042 2776 mo-

258 2783 345 2810 nacho
356 2783 500 2810 Palmstino
514 2783 540 2809 in
554 2783 687 2810 Pandeete
702 2783 955 2811 interm-elationnm
974 2784 1043 2811 divi-

258 2818 565 2851 uorummandatorum,
577 2827 659 2845 serm.
672 2817 707 2844 24
718 2823 743 2845 ct
755 2817 800 2852 39,
813 2827 874 2846 cum
887 2819 939 2846 hoc
952 2820 1041 2846 titulo:

259 2852 299 2878 Τὰ
314 2852 485 2888 Κλημέντια,
514 2857 540 2879 et
574 2853 621 2879 Ἐκ
649 2852 702 2878 τῶν
726 2853 916 2888 Κλημεντίων,
937 2854 987 2882 hoc
1002 2858 1044 2882 est.

1088 2723 1122 2742 ex
1136 2715 1223 2750 Opere
1237 2715 1310 2743 dicto
1331 2715 1502 2743 Clementiae.
1521 2715 1607 2743 Ornat
1620 2716 1813 2744 bibliothecam
1829 2716 1882 2743 Re-

1093 2751 1165 2784 giam
1179 2751 1298 2784 optimus
1312 2750 1388 2782 liber,
1401 2751 1446 2785 qui
1460 2751 1589 2778 collectus
1598 2757 1681 2778 estex
1696 2751 1798 2779 divinis
1810 2750 1882 2778 Scri-

1094 2786 1191 2820 pturis,
1205 2785 1290 2812 sacris
1304 2785 1465 2819 canonihus,
1481 2786 1642 2813 testimoniis
1657 2792 1818 2813 sanctorum
1833 2785 1882 2812 Pa-

1094 2825 1177 2853 trum,
1196 2820 1311 2853 aliisque
1332 2820 1515 2850 monumentis
1527 2820 1733 2854 ccclcsiasticis,
1761 2829 1812 2849 nec
1827 2829 1879 2848 non

1094 2855 1198 2890 legibus
1210 2855 1343 2883 civilibus.
1358 2854 1428 2887 ϐυτ,
