1932 3100
49 123 88 150 5Ξ5

592 118 823 146 CLEMENTINA.
837 133 872 138 —
891 117 1035 146 "0Mle
1054 119 1111 148 Xll.

1598 127 1651 156 528

47 180 85 214 τῆς
97 179 137 205 τοῦ
146 178 209 206 Θεοῦ
223 178 351 215 προνοίας
359 177 472 205 διελθεῖν
482 177 504 193 ⁵⁸
517 177 697 212 ᾠκονόμηται.
703 177 782 204 Ἐπεὶ
789 177 806 192 ⁶⁴

863 185 925 204 cum
950 185 965 205 a
982 181 1091 213 propria
1112 179 1232 207 hominis
1246 180 1302 208 sint
1312 181 1462 216 voluntate,
1475 188 1508 211 ut
1524 186 1651 214 exorian-

49 234 118 263 ιρισις
130 225 193 261 αῦτη
206 224 276 261 Θεῷ,
294 224 390 262 ὥσπερ
409 224 451 251 ἐπ’
467 223 572 258 ἀγῶνος
592 223 637 250 τὸν
654 222 698 249 διὰ
719 223 809 258 πάσης

47 271 171 306 κακουχίας
198 270 374 306 διεληλυθότα
407 270 454 297 καὶ
482 270 626 306 ἄμεμπτον
653 268 808 304 εὑρεθέντα,

47 318 128 344 ἐκεῖνον
149 317 218 352 ζωῆς
236 317 345 344 αἰωνίου
362 315 563 349 καταξιοῦσθαι.
580 315 612 341 Οἱ
625 315 679 350 γὰρ
696 315 725 341 ἐν
740 315 809 349 ἀγα-

48 363 90 395 θοῖς
103 363 149 398 [δίᾳ
161 362 238 398 βουλῇ
254 362 440 398 προκόψαντες
452 362 504 388 ὑπὸ
516 361 570 388 τῶν
596 361 648 396 ἰδία
671 360 752 396 βουλῇ
780 361 809 387 ἐν

48 409 140 444 tanta"
163 409 388 444 παραμεινάντων
417 406 609 444 πειράζονται,
639 407 808 442 διωκόμενοι,

47 455 187 490 μισούμενοι,
210 453 422 490 λοιδορούμενοι,
447 452 694 488 ὲπιὸουλευόμενοι,
710 453 810 479 τυπτό-

47 509 115 535 μενοι,
125 500 359 536 πλεονεκτούμενοι
370 521 377 534 ,
395 499 639 535 διαδαλλόμενοι¹¹¹,
661 499 810 535 ἀγγαρευό-

47 553 114 580 μενοι,
144 545 377 581 ἐπηρεαζόμενοι,
418 545 507 572 πάντα.
531 545 621 571 ἐκεῖνα
648 545 808 580 πάσχοντες,

45 591 70 616 δι’
89 587 121 616 ὧν
137 591 250 625 εὐλόγως
261 591 338 617 δοκεῖ
358 590 389 617 τὸ
416 590 572 627 ὀργίζεσθαι
596 590 717 625 γίνεσθαι
726 591 748 607 ⁵³
762 591 810 618 καὶ

45 638 98 671 τοὺς
108 639 205 674 άμυναν
222 639 324 675 ὀρμᾷν.

71 685 138 720 27⁷
154 684 234 711 XXX.
258 685 289 711 '0
305 685 333 711 δὲ
349 684 508 716 διδάσκαλος
521 684 608 716 εἰδὼς,
626 684 667 711 ὅτι
682 684 707 711 οἱ
723 683 810 711 ταῦτα

45 730 123 762 ἀδίκως
135 730 269 763 ποιοῦντες
290 732 324 758 ἐκ
347 731 485 767 προτέρων
501 731 706 766 ἁμαρτημάτων
723 730 809 758 κατά-

44 777 97 803 δικοί
116 778 186 809 εἰσιν,
212 778 260 804 καὶ
285 778 327 805 ὅτι
352 778 396 805 διὰ
413 777 568 804 καταδίκων
583 777 615 804 τὸ
639 777 689 813 τῆς
710 777 810 809 κακίας

45 822 130 858 πνεῦμα
136 823 217 850 ταῦτα
222 825 340 860 ἐνεργεῖ,
348 824 410 856 τοὺς
418 824 465 859 μὲν
475 823 523 850 ἀνθ
528 822 642 859 ρώπους,
652 823 723 850 καθὰ
732 824 754 839 ⁸⁸
763 824 809 850 ἆν-

45 868 126 903 θρωποί
142 870 217 901 εἰσιν,
244 869 294 896 καὶ
317 870 350 896 δι’
368 869 505 905 ἁμαρτίας
524 869 628 905 ὄργανα
650 870 808 905 γινομένους

45 915 130 946 κακίας,
154 915 235 942 ἐλεεῖν
263 915 515 947 συνεϐούλευσεν⁶¹,
540 915 578 947 ὡς
604 915 807 952 φιλανθρωπίαν

45 960 155 992 ἀσκοῦσιν,
172 961 217 988 καὶ
231 961 262 988 τὺ
278 962 342 988 ὅσον
358 962 401 988 ἐπ’
413 962 506 993 αὐτοῖς
517 962 599 993 ἐστιν,
616 961 807 997 ἀδικουμένους

45 1006 80 1032 καὶ
92 1007 205 1034 ἀπολύειν
215 1008 237 1023 ⁸⁸
249 1008 302 1043 τῆς
325 1007 474 1043 καταδίκης
496 1008 559 1039 τοὺς
577 1007 746 1040 ἀδικοῦντας,
764 1008 807 1035 ἵνα

45 1052 116 1088 ὥσπερ
129 1054 151 1080 οἱ
165 1054 295 1089 νήφοπες
311 1055 368 1086 τοῖς
385 1054 511 1090 μεθύουσι
533 1053 677 1089 βοηθῶσιν,
693 1054 786 1090 εὐχαῖς
798 1074 806 1086 ,

44 1099 163 1134 νηστείαις,
179 1100 326 1135 εὐλογίαις,
346 1100 383 1136 μὴ
400 1099 601 1135 ἀνθιστάμενοι,
618 1100 654 1136 μὴ
670 1100 807 1135 ἀμυνόμε-

45 1152 80 1175 νοι,
94 1145 130 1172 ίνα
145 1146 179 1181 μὴ
193 1146 240 1173 ἐπὶ
253 1145 285 1172 τὸ
302 1146 393 1172 πλεῖον
417 1146 516 1178 αὐτοὺς
532 1146 664 1182 ἁμαρτεῖν
687 1147 807 1181 ἀναγκά-

46 1199 115 1217 σωσιν.
130 1191 178 1218 Τοῦ
200 1192 255 1228 γὰρ
280 1192 377 1219 παθεῖν
400 1192 510 1224 πάντως
531 1193 694 1229 κεκριμένου
708 1194 762 1220 τινὶ
772 1194 805 1225 ⁸³,

45 1237 80 1263 οὐκ
92 1237 187 1272 εὔλογον
202 1239 368 1273 ἀγανακτεῖν
383 1239 489 1274 ἐκείνῳ,
506 1239 539 1265 δι’
556 1235 587 1266 οὗ
604 1239 634 1266 τὸ
648 1240 744 1267 παθεῖν
764 1240 807 1275 γί-

45 1291 108 1315 νεται,
122 1283 307 1320 λογισάμενον,
322 1285 374 1317 ὅτι,
390 1286 414 1311 εἰ
434 1285 481 1312 καὶ
503 1285 606 1317 ἐκεῖνος
626 1286 676 1312 οὐκ
692 1285 806 1313 ἐκακού-

45 1337 108 1364 χηιτεν
121 1330 207 1364 αὑτὸν,
223 1331 268 1357 διὰ
293 1331 324 1357 τὸ
348 1331 457 1362 πάντως
475 1331 679 1367 κακουχηθῆναι
698 1332 805 1367 μέλλειν

43 1375 102 1401 διὰ⁶⁵
111 1376 198 1412 ἐτέρου
214 1377 244 1403 τὸ
261 1376 361 1403 παθεῖν
376 1374 420 1412 ἦν.
437 1377 469 1403 Τί
484 1375 531 1403 οὖν
545 1377 692 1412 ἀγανακτῶ
702 1377 741 1413 τῷ
752 1377 806 1405 δια-

44 1421 136 1458 θεμένῳ,
154 1423 219 1459 ἐμοῦ
235 1423 349 1455 πάντως
364 1422 461 1450 παθεῖν
476 1423 655 1460 κεκριμένου;
680 1424 749 1451 Ἀλλ’
764 1424 805 1451 ἔτι

44 1469 92 1504 μὴν,
108 1470 130 1496 εἰ
143 1469 175 1496 τά
188 1470 257 1497 αὐτὰ
273 1471 332 1501 τοῖς
342 1471 437 1502 κακοῖς
449 1469 585 1506 προφάσει
597 1469 704 1506 ἀμύνης
722 1470 805 1497 ποιῶ-

44 1523 88 1548 μεν,
103 1516 170 1552 παρὰ
179 1517 208 1543 τὸ
223 1516 341 1552 πρῶτοι,
351 1516 471 1553 δεύτεροι
487 1516 517 1543 τὸ
533 1516 598 1543 αὐτὸ
607 1518 663 1549 τοῖς
679 1519 773 1550 κακοῖς
782 1517 804 1533 ⁸⁸
819 1540 839 1569 C

43 1561 60 1585 al
72 1561 154 1595 ἀγαθοὶ
175 1563 346 1598 πράσσομεν.
370 1562 425 1589 Καὶ
449 1563 487 1594 ὡς
503 1562 582 1598 ἔφην,
599 1563 630 1589 οὐ
649 1564 701 1599 χρὴ
721 1564 806 1598 ἀγαν-

42 1610 122 1640 ακτεῖν,
138 1609 173 1641 ὠς
185 1609 274 1637 εἰδότα
283 1609 306 1625 ⁸·
323 1610 364 1636 ὃτι
380 1608 447 1636 Θεοῦ
471 1609 584 1645 προνοίᾳ
598 1609 624 1636 οί
641 1610 723 1637 κακοὶ
741 1611 806 1643 τοὺς

42 1653 138 1687 ἀγαθοὺς
159 1655 336 1691 τιμωροῦσιν.
358 1656 390 1682 Ol.
413 1652 460 1682 οὖν
474 1657 530 1687 τοῖς
538 1655 559 1671 ⁸⁷
573 1656 739 1692 τιμωροῦσιν
754 1665 805 1692 χα-

43 1699 196 1733 λεπαίνοντες,
211 1701 250 1733 ὡς
259 1702 327 1733 τοὺς
353 1700 519 1733 ἀποστόλους
544 1701 612 1728 Θεοῦ
637 1701 802 1738 ὑϐρίζοντες,

42 1745 223 1782 ἁμαρτάνουσιν·
230 1747 368 1784 τιμῶντες
380 1747 409 1774 δὲ
416 1747 463 1774 καὶ
472 1747 507 1774 τὰ
517 1747 624 1775 ἐναντία
634 1750 690 1780 τοῖς
703 1748 804 1775 ἀδικεῖν

42 1793 198 1828 νομιζομένοις
210 1793 298 1829 278
312 1792 490 1828 διατιθέμενοι
504 1793 612 1827 αὐτοὺς,
625 1794 666 1826 εις
676 1794 721 1821 τὸν
738 1794 804 1821 Θεὸν

42 1837 76 1864 τὸν
88 1838 149 1866 οὕτω
162 1839 378 1875 βουλευσάμενον
393 1839 562 1866 εὐσεϐοῦσιν.

66 1927 147 1955 XXXI.
163 1928 246 1964 Κάγὼ
262 1928 334 1964 πρὸς
347 1927 432 1955 ταῦτα
444 1928 644 1965 ἀπεκρινάμην·
661 1927 765 1956 Οὐκοῦν
777 1929 803 1955 οἱ

42 1973 169 2008 ἀδικοῦντες
181 1975 230 2002 οὐκ
246 1975 320 2002 είσὶν
336 1974 426 2006 αἴτιοι,
444 1975 485 2001 ὅτι
496 1974 584 2011 κρίσει
598 1973 665 2001 Θεοῦ
680 1975 803 2002 ἀδικοῦσι

41 2021 89 2052 τοὺς
104 2022 223 2054 δικαίους.
242 2021 301 2048 Καὶ
317 2021 331 2048 ὁ
352 2020 457 2057 Πέτρος
473 2021 535 2057 ἔφη·
551 2022 606 2048 Καὶ
623 2021 693 2048 πάνυ
713 2023 804 2058 ἁμαρ-

42 2067 151 2101 τείνουσιν,
164 2069 230 2106 πρὸς
242 2068 301 2104 γὰρ
315 2067 346 2094 τὸ
360 2067 526 2103 ἁμαρτάνειν
543 2068 657 2100 ἑαυτοὺς
670 2069 803 2096 ἀποδεδω-

43 2114 110 2146 κότες.
125 2116 199 2142 Ὅθεν
213 2115 295 2146 εἰδὼς
309 2115 357 2142 ἀπ’
374 2113 463 2141 αὐτῶν
477 2114 499 2131 ⁸⁸
514 2114 654 2149 ἐκλέγεται
672 2117 803 2151 τιμωρεῖν

42 2160 89 2192 τοὺς
100 2162 139 2188 ἐπὶ
149 2163 201 2194 τοῖς
213 2161 360 2198 προτέροις
376 2161 556 2196 ἁμαρτήμασι
568 2161 804 2197 μεταμεληθέντας

861 226 917 255 tur,
932 222 1024 250 divina
1043 223 1161 251 instituit
1175 224 1462 262 Providentia.ltaque
1476 229 1530 257 hoc
1541 234 1584 258 est
1601 231 1650 259 Dei

859 266 1005 301 judicium,
1020 272 1051 295 ut
1072 268 1119 303 qui
1141 277 1190 304 per
1204 277 1313 298 omnem
1336 272 1521 306 vexationem,
1534 275 1608 303 velut
1622 277 1650 304 in

860 320 958 347 agone,
983 314 1125 342 transierit
1149 319 1177 342 et
1197 315 1325 344 inventus
1339 316 1421 345 fuerit
1445 318 1611 354 inculpatus,
1626 321 1650 348 is

860 357 977 385 donetur
1002 359 1058 386 vita
1084 363 1196 387 aeterna.
1223 359 1290 388 Nam
1317 362 1364 397 qui
1391 363 1418 390 in
1440 363 1520 392 bonis
1539 367 1649 402 propria

859 404 998 432 voluntate
1025 404 1210 440 profecerunt,
1226 406 1261 434 ab
1286 407 1320 435 iis
1339 408 1385 443 qui
1406 417 1454 437 sua
1475 419 1584 447 quoque
1598 421 1646 440 vo-

859 449 963 478 luntate
976 450 1003 477 in
1026 451 1097 478 mala
1113 452 1274 480 tractatione
1289 460 1473 489 perseverant,
1493 461 1648 491 tentantur,

859 496 1048 531 exagitantur,
1072 497 1153 529 odia,
1183 499 1325 533 convicia,
1353 500 1476 534 insidias,
1507 504 1637 538 verbera,

860 541 980 575 fraudes,
992 543 1155 577 calumnias,
1169 543 1223 570 vim
1238 546 1387 581 patiuntur,
1403 547 1564 578 afliciuntur
1580 559 1649 578 con-

863 589 996 622 tumeliis,
1015 594 1171 625 cunctaque
1197 590 1243 619 illa
1270 592 1421 628 perferunt,
1435 603 1483 630 per
1495 604 1557 631 qua:
1573 597 1649 633 jusla

859 633 966 661 videtur
981 642 1042 662 esse
1058 635 1097 662 ira
1113 639 1140 662 et
1158 636 1236 664 ultio.

894 679 979 708 XXX.
989 680 1118 716 Magister
1131 689 1196 710 vero
1208 683 1309 717 sciens,
1325 686 1397 720 quod
1411 687 1457 721 qui
1475 687 1533 716 haec
1544 689 1648 724 injuste

860 726 975 761 laciunt,
997 735 1031 755 ex
1054 728 1193 763 prioribus
1215 731 1334 764 peccatis
1358 733 1397 759 rei
1424 739 1503 767 sunt,
1519 736 1648 771 quodque

859 781 907 808 per
923 780 1015 802 sontes
1030 775 1143 809 spiritus
1167 775 1278 803 malitiaz
1301 776 1352 804 ista
1379 779 1470 813 ellicit,
1491 781 1646 815 hominum,

860 824 997 855 quatenus
1021 820 1146 848 homines
1170 827 1244 855 sunt,
1262 823 1314 850 etsi
1332 829 1443 859 propter
1456 831 1568 860 peccata
1583 827 1647 856 facti

858 865 960 893 fuerint
977 865 1086 894 malitia:
1103 866 1295 902 instrumenta,
1314 869 1439 897 misereri
1463 872 1551 899 suasit
1568 873 1645 905 suis,

858 914 988 945 tanquam
1004 910 1199 940 misericordiae
1214 912 1376 947 cultoribus,
1399 919 1492 950 utque,
1512 922 1645 951 quantum

863 956 889 982 in
907 963 936 982 se
950 960 1001 989 cst,
1019 956 1119 991 injuria
1133 958 1221 985 οπρειί
1244 959 1372 994 injuriam
1388 959 1519 989 facientes
1539 970 1554 989 a
1569 963 1647 990 «latn-

858 1002 968 1029 natione
984 1002 1142 1035 absolvant;
1158 1012 1214 1039 quo
1231 1005 1304 1032 velut
1318 1006 1406 1033 sobrii
1421 1007 1507 1035 ebriis
1531 1017 1646 1036 succur-

857 1051 930 1080 rant,
946 1055 994 1082 per
1008 1048 1158 1082 orationes,
1170 1049 1285 1084 jejunia,
1303 1050 1519 1085 benedictiones,
1536 1061 1591 1080 non
1603 1061 1642 1081 re-

857 1093 989 1127 sistendo,
1014 1102 1068 1121 non
1085 1095 1259 1129 vindicando,
1277 1103 1327 1124 nec
1346 1105 1395 1124 eos
1407 1103 1508 1133 cogant
1528 1100 1645 1134 amplius

858 1147 982 1174 peccare.
1003 1140 1072 1167 Cum
1095 1141 1168 1168 enim
1185 1142 1287 1177 aliquis
1306 1143 1419 1170 omnino
1433 1145 1466 1172 ad
1487 1146 1644 1179 patiendum

859 1185 1056 1214 condemnatus
1083 1192 1144 1220 est,
1173 1195 1229 1215 non
1259 1193 1301 1216 est
1328 1197 1438 1224 aequum
1462 1196 1492 1218 ut
1519 1192 1558 1218 illi
1588 1192 1644 1220 ira-

857 1237 951 1259 scatur
975 1240 1023 1267 per
1041 1241 1122 1268 quem
1149 1234 1260 1268 patitur,
1281 1243 1373 1263 secum
1399 1241 1539 1272 reputans,
1560 1239 1644 1274 quod,

857 1277 908 1304 etsi
933 1277 978 1305 ille
1010 1286 1064 1305 non
1094 1278 1236 1307 alllixisset
1263 1289 1345 1315 eum,
1377 1287 1468 1310 tamen
1495 1285 1559 1319 quia
1586 1293 1645 1312 om—

857 1324 924 1350 nino
941 1323 1021 1359 allligi
1043 1324 1134 1358 debet,
1156 1333 1204 1360 per
1220 1326 1304 1354 alium
1326 1328 1381 1362 pati
1397 1329 1449 1356 sibi
1464 1331 1643 1365 contingeret.

856 1369 912 1396 Cur
926 1378 991 1405 ergo
1007 1370 1134 1406 indignor
1145 1373 1276 1400 adversus
1292 1379 1442 1407 auctorem,
1458 1376 1504 1410 qui
1520 1378 1598 1411 plane
1609 1378 1643 1405 ad

856 1417 1062 1451 perpessionem
1079 1425 1139 1445 sum
1154 1418 1324 1447 destinatus?
1339 1419 1390 1447 Sed
1407 1425 1434 1447 et
1450 1422 1549 1456 adhuc,
1564 1423 1587 1450 si
1599 1431 1644 1450 ea-

856 1461 918 1490 dem
931 1470 993 1490 cum
1006 1463 1138 1498 improbis
1148 1470 1278 1499 prmthu
1291 1466 1404 1494 ultionis
1416 1467 1562 1500 faciamus,
1576 1477 1644 1504 pra:-

857 1512 982 1542 terquam
999 1508 1070 1543 quod
1087 1508 1167 1543 primi
1188 1516 1241 1536 non
1258 1517 1364 1543 sumus,
1385 1511 1498 1537 secundi
1514 1511 1585 1538 idem
1607 1512 1645 1539 fa-

857 1552 947 1580 cimus
961 1561 993 1580 ac
1008 1553 1083 1585 mali,
1108 1562 1159 1581 nos
1173 1554 1221 1588 qui
1237 1555 1300 1582 boni
1316 1555 1444 1582 dicimur.
1463 1555 1496 1583 Et
1512 1558 1644 1591 quemad-

856 1599 967 1626 modum
992 1599 1110 1634 aiebam,
1128 1600 1264 1635 indignari
1287 1609 1340 1628 non
1357 1606 1474 1636 oportet,
1488 1610 1551 1630 cum
1570 1604 1643 1632 scias

855 1652 871 1672 a
886 1645 965 1672 malis
977 1645 1065 1673 bonos
1082 1654 1130 1680 per
1145 1645 1192 1673 Dei
1210 1646 1408 1681 providentiam
1425 1649 1564 1684 castigari.
1588 1650 1641 1684 Qui

855 1698 920 1726 ergo
935 1691 1038 1719 ultores
1051 1700 1121 1727 aegre
1137 1692 1238 1726 ferunt,
1256 1697 1386 1728 tanquam
1402 1695 1448 1729 qui
1467 1703 1482 1722 a
1496 1695 1551 1723 Deo
1571 1698 1641 1725 mis-

854 1745 900 1765 sos
916 1737 1082 1765 contumelia
1106 1737 1235 1771 alliciant,
1253 1739 1436 1774 delinquunt;
1462 1741 1509 1776 qui
1527 1749 1591 1769 vero
1614 1742 1640 1769 in

855 1783 942 1818 pretio
960 1783 1071 1816 habent,
1087 1788 1114 1810 et
1131 1784 1268 1811 contrarie
1291 1784 1413 1812 sentiunt
1427 1793 1491 1820 erga
1512 1794 1577 1819 eos,
1593 1787 1641 1822 qui

855 1828 922 1864 ipsis
937 1828 1065 1862 injuriam
1090 1828 1191 1856 inferre
1217 1833 1358 1864 putantur,
1379 1830 1406 1857 in
1430 1829 1517 1858 Deum
1539 1831 1586 1866 qui
1604 1833 1640 1859 ita

854 1875 949 1902 statuit
963 1875 1000 1910 pii
1016 1880 1091 1903 sunt.

888 1931 985 1960 XXXI.
1001 1931 1034 1959 Et
1049 1941 1099 1967 ego
1111 1933 1143 1960 ad
1156 1933 1213 1960 haec
1226 1933 1282 1960 dixi
1297 1943 1303 1961 :
1316 1933 1410 1968 Itaque
1424 1934 1470 1969 qui
1485 1934 1588 1962 faciunt
1599 1935 1641 1962 in-

851 1977 964 2012 juriam,
982 1976 1020 2004 rei
1040 1984 1094 2004 non
1111 1981 1185 2010 sunt,
1202 1979 1332 2012 quoniam
1356 1978 1402 2007 Dei
1420 1979 1524 2014 judicio
1538 1980 1639 2015 injuria

851 2023 942 2058 justos
959 2023 1091 2050 alliciunt.
1112 2023 1263 2058 Respondit
1276 2025 1373 2053 Petrus
1387 2035 1394 2053 :
1420 2025 1501 2054 Valde
1514 2033 1639 2062 peccant,

853 2069 953 2104 quippe
971 2069 1018 2104 qui
1037 2077 1067 2096 se
1081 2069 1114 2096 ad
1131 2071 1297 2104 peccandum
1322 2072 1432 2099 dedant.
1455 2071 1533 2100 Unde
1551 2074 1641 2102 sciens

853 2112 925 2141 Deus
936 2121 969 2141 ex
983 2114 1017 2141 iis
1029 2114 1090 2141 illos
1099 2113 1196 2149 punire
1206 2115 1310 2151 deligit,
1321 2117 1368 2152 qui
1379 2117 1413 2144 de
1427 2118 1566 2153 prioribus
1577 2127 1642 2154 pec-

853 2160 922 2187 catis
932 2159 1006 2195 juste
1019 2164 1104 2195 agunt
1117 2161 1317 2195 pmnitentiam,
1333 2167 1363 2189 ut
1374 2163 1458 2198 justis
1469 2164 1578 2199 quidem
1592 2173 1640 2200 per

42 2205 138 2240 δυιαως,
156 2208 197 2235 ἶνα
217 2210 276 2240 τοῖς
295 2207 342 2243 μὲν
361 2206 476 2238 δικαίοις
493 2206 537 2233 διὰ
551 2207 602 2242 τῆς
616 2207 744 2243 τοιαύτης
759 2216 801 2234 τι-

858 2205 905 2233 has
919 2213 1016 2240 pcenas
1036 2206 1211 2234 dimittantur
1227 2215 1288 2242 qum
1310 2212 1373 2235 ante
1391 2210 1582 2243 pmnitentiam
1597 2209 1638 2237 fe-

44 2253 128 2287 μωρίας
147 2254 179 2281 τὰ
207 2256 260 2291 πρὸ
287 2253 337 2288 τῆς
363 2252 505 2287 μετανοίας
532 2252 689 2289 πραχθέντα
714 2254 801 2290 ἀφεθῇ

43 2299 107 2326 κακά.
121 2301 177 2332 Τοῖς
194 2301 221 2328 δὲ
237 2299 406 2336 τιμωροῦσιν
421 2299 532 2326 ἀσεϐέσι
548 2301 692 2335 κακουχεῖν
708 2299 803 2327 ἐπιθυ-

44 2344 107 2377 μοῦσι
124 2347 165 2373 καὶ
186 2347 326 2382 μετανοεῖν
348 2345 385 2381 μὴ
407 2344 530 2371 θέλουσιν
550 2346 591 2377 είς
609 2345 804 2382 ἀναπλήρωσιν

43 2390 121 2423 ὶδίας⁶⁹
139 2393 270 2425 κολάσεως
296 2392 417 2423 δικαίους
441 2393 586 2426 κακουχεῖν
610 2391 801 2428 συνεχωρήθη·

856 2257 953 2279 cerunt
977 2252 1058 2279 mala.
1081 2251 1175 2287 lmpiis
1197 2261 1262 2280 vero
1276 2254 1323 2288 qui
1340 2255 1475 2290 castigant
1494 2259 1521 2282 et
1541 2263 1639 2283 vexare

851 2297 977 2332 cupiunt,
1003 2305 1053 2325 nec
1077 2297 1267 2332 pmnitentiam
1290 2299 1388 2327 volunt
1409 2308 1501 2335 agere,
1528 2301 1562 2328 ad
1585 2301 1638 2328 im—

851 2344 948 2379 plenda
965 2344 1062 2371 delicta
1083 2345 1250 2379 permittitur
1268 2345 1359 2380 jnstos
1373 2347 1508 2382 castigare
1522 2352 1549 2375 et
1569 2347 1637 2375 aﬂli-

852 2398 924 2425 gere.
937 2389 1004 2417 Nam
1022 2390 1126 2426 absque
1140 2390 1186 2419 Dei
1199 2392 1338 2420 voluntate
1348 2400 1437 2428 neque
1451 2401 1546 2428 passer
1560 2394 1586 2420 in
1599 2394 1636 2422 la-

650 2503 766 2531 VARIIE
785 2502 984 2532 LECTlONES.

44 2618 61 2657 ξ·
72 2619 103 2657 ita
125 2618 297 2657 Ottoboniani'
313 2621 359 2648 ἐπί
376 2618 462 2657 intcrp

78 2585 255 2648 uesanam.
280 2586 352 2622 quod
376 2585 575 2628 praeferendum
591 2607 598 2617 ,
624 2585 685 2612 cod.
715 2583 793 2611 Joan.
824 2583 982 2628 Damasceni
998 2605 1005 2616 ,
1032 2584 1065 2627 δι’
1089 2585 1172 2625 αὑτοῦ
1200 2585 1286 2612 ἐλθεῖν
1316 2586 1388 2626 conj.
1411 2585 1536 2612 Ncander
1554 2585 1579 2626 .l.
1609 2593 1634 2612 (ι.

78 2625 103 2646 ita
147 2622 290 2648 ttoboniani
313 2621 359 2648 ἐπί
376 2626 537 2648 Intcroretor
547 2641 554 2648 .
569 2621 615 2647 ἐπὶ
628 2618 674 2646 οὖν
686 2620 716 2648 C.
734 2620 794 2646 ἐπεὶ
809 2628 855 2646 ουν
865 2619 895 2646 [).
911 2619 1012 2646 Deinde
1031 2619 1099 2648 αυτὴ
1115 2620 1176 2646 Θεω
1190 2621 1219 2648 C.
1237 2620 1305 2648 αὕτη
1318 2620 1384 2647 Θεου
1400 2620 1472 2648 (cum
1486 2621 1542 2648 haec
1554 2625 1588 2647 ita
1606 2629 1634 2646 su

465 2626 537 2649 retor
547 2641 554 2652 ,
569 2621 615 2647 ἐπὶ
628 2618 674 2646 οὖν
686 2620 716 2652 C,
734 2620 794 2646 ἐπεὶ
809 2618 855 2646 οὖν
865 2619 895 2646 D.
911 2619 1012 2646 Deinde
1031 2619 1100 2655 αὑτὴ
1115 2620 1176 2655 Θεῷ
1190 2621 1219 2651 C,
1237 2620 1305 2655 αῦτη
1318 2618 1384 2647 Θεοῦ
1400 2620 1472 2655 (cum
1486 2621 1542 2648 haec
1554 2621 1588 2647 ita
1606 2629 1636 2646 si:

45 2647 513 2698 habent,"
526 2647 564 2682 Ita
578 2655 600 2682 0
611 2663 636 2682 c.
649 2647 716 2695 eod:
729 2655 793 2698 Elea.
885 2655 1063 2698 κακοτυχίᾳὲὶὲ
1094 2647 1125 2698 Ἲς
1132 2647 1346 2698 διαβαλλόμενοι,
1366 2647 1538 2698 μιξιούμενοι·¹
1552 2655 1636 2698 λοιδο-

44 2689 162 2748 ρούμενοι·
176 2689 274 2719 ultimis
287 2689 400 2720 duabus
409 2692 521 2719 vocibus
531 2690 673 2724 expunctis
687 2699 712 2724 [ι.
726 2690 931 2725 διαῦαλλόμενοι
947 2689 981 2716 0.
1006 2689 1041 2708 ⁷⁵⁹
1049 2690 1137 2716 δοκεῖν
1155 2690 1186 2716 τὺ
1199 2689 1356 2732 ρργίζεσθαι
1366 2689 1475 2725 ’γίνεται
1489 2691 1551 2718 cod.
1568 2690 1633 2724 lleg.

57 2723 162 2749 0LTnm
174 2726 270 2749 ἇιωνην
287 2727 318 2749 0
360 2727 384 2744 σο
402 2727 469 2749 καθὸ
480 2727 511 2749 ἢ.
550 2726 572 2742 ⁶¹
590 2725 797 2749 συνεϐούλευσεν
814 2725 844 2749 C.
883 2725 905 2740 ⁶¹
919 2725 1106 2749 ἀδικουμένοις
1121 2725 1249 2749 ἀπολυειν
1258 2725 1317 2749 and.
1336 2725 1401 2749 R911.
1422 2726 1483 2749 80L
1523 2725 1547 2742 ⁸³
1562 2725 1633 2749 τινός

71 2725 92 2761 ᾧ.
102 2724 162 2753 Tum
174 2726 270 2761 ἄμυνον
287 2727 320 2755 Ο.
360 2727 384 2744 ⁸⁸
402 2727 469 2754 κάθό
480 2727 511 2754 0.
550 2726 572 2742 “
590 2725 797 2752 συνεϐούλευσεν
814 2725 844 2752 C.

883 2725 905 2740 “
919 2725 1106 2760 ἀδικουμένοις
1121 2725 1249 2761 ἀπολύειν
1258 2725 1317 2752 cod.
1336 2725 1401 2761 Reg.
1422 2726 1483 2752 804.
1523 2725 1547 2742 ⁸³
1562 2725 1636 2758 τινός

39 2759 86 2787 rod.
100 2761 158 2798 Reg.
172 2759 230 2792 80L
267 2766 291 2782 ⁸⁵
304 2765 340 2792 δι’
353 2764 383 2792 C.
422 2765 444 2780 "
458 2764 525 2790 Vbb.
540 2763 676 2798 προφάσει
690 2761 796 2798 ῗ-Δτοῖς
812 2760 908 2798 κακοῖς
922 2767 975 2798 non
998 2759 1062 2798 sunt
1077 2761 1104 2787 in
1122 2760 1154 2798 ρ.
1176 2760 1213 2798 Ex
1227 2760 1288 2787 Cot.
1304 2759 1544 2798 versione’liquet,
1561 2761 1638 2798 illuni

41 2793 212 2837 {rescribendum
225 2801 355 2828 statuisse
370 2799 445 2836 παρὰ
461 2799 492 2825 τὸ
508 2798 545 2834 μὴ
561 2793 682 2837 πρῶτοι,
696 2795 826 2830 δεύτεροι.
843 2794 1064 2837 Sydhadjec‘tione
1075 2795 1214 2837 particula
1227 2796 1350 2837 negantis
1366 2795 1439 2837 haud
1454 2793 1588 2837 (ψει-εδει.
1608 2793 1640 2837 D:

40 2827 93 2870 Τξιῐιι
113 2826 349 2870 maecenas—gi)
359 2855 366 2864 .
381 2826 553 2870 np‘asamy‘iei
569 2826 606 2870 Ci.
625 2826 872 2870 πράσσοντέερυθ.
894 2826 958 2870 {leg}
975 2831 1051 2870 804A.“
1062 2826 1098 2870 ,δ’
1113 2830 1217 2870 εἰδότας
1232 2826 1293 2870 ορῖί.
1310 2831 1374 2868 lli-g.
1391 2831 1452 2859 804.
1472 2826 1479 2830 ”
1492 2831 1513 2847 ⁸⁷
1528 2829 1598 2858 Vbb.
1614 2831 1639 2856 οι

40 2862 76 2890 οὖν
87 2858 138 2900 τοῖς¹
149 2858 254 2898 δίιςξῦῗ
273 2858 310 2888 ‘u'
319 2858 453 2898 ἐπειρῶ
462 2858 554 2905 ,ῖῖῖ
569 2858 658 2897 άξτῶς
674 2868 704 2895 ο.
744 2867 765 2884 σε
781 2859 848 2897 ἰδίας
861 2858 1126 2901 εοιὶ.’1ὶθς.804,τε
1140 2865 1183 2894 διά
1198 2858 1228 2900 (Ξ,
1241 2865 1272 2894 0.
