1932 3100
284 147 332 175 531

699 146 728 173 S.
748 138 940 175 CLEMENTIS
959 144 968 172 l
987 142 1069 172 ROM.
1087 142 1186 171 PONT.
1206 143 1321 172 OPERA
1337 143 1450 173 DUBIA.

1851 149 1897 177 352

284 207 373 238 nium,
389 212 517 233 verumne
530 206 644 238 esthoc,
660 213 694 233 an
710 209 751 234 est
764 206 918 233 somnium?
933 205 1002 232 Tum
1020 204 1060 232 Pe-

1116 201 1189 240 *Δρά
1211 213 1252 239 γε,
1276 205 1398 232 Δέσποτα
1418 205 1465 232 καὶ
1485 205 1570 240 Κύριε
1592 203 1646 232 τῶν
1667 204 1813 238 ἁπάντων,
1829 205 1899 232 τοῦτο

282 259 342 280 trus
359 252 416 279 ait:
433 251 489 279 lei
505 251 674 285 dormimus,
691 258 784 279 verum
797 256 847 280 est.
869 252 903 279 At
919 251 957 278 illi
971 251 1065 287 paulu-

282 297 338 324 lum
357 297 483 324 remorati
499 301 526 324 et
543 296 715 331 cogitabundi
735 297 879 324 diXerunt:
897 296 951 324 Nos
971 303 1065 324 sumus

281 343 430 371 Faustinus
453 348 480 370 et
496 342 698 376 Faustinianus,
713 347 739 370 et
759 343 792 370 ab
809 343 896 375 initio,
914 350 978 369 'cum
1002 350 1065 369 nar-

282 396 343 416 rare
360 388 476 422 coepisti,
491 387 558 415 alter
580 387 693 416 alterum
717 387 899 422 inspicientes,
917 387 1063 422 plurimum

281 435 353 462 circa
371 442 421 461 nos
437 433 687 465 considerabamus,
700 441 764 460 num
784 434 816 460 ad
833 441 883 460 nos
899 433 1064 468 pertinerent

281 481 521 515 qu:e«licebantur,
535 484 690 514 reputantes
712 479 795 506 multa
818 479 917 507 similia
941 479 1064 506 accidere

280 526 307 553 in
322 526 376 553 vita
393 527 532 553 hominum
545 548 552 559 ,
570 526 698 560 quocirca
714 525 859 557 tacuimus,
872 525 933 552 licet
945 531 993 552 cor
1013 531 1063 550 no-

280 577 367 599 strum
395 572 545 606 palpitaret.
570 570 661 598 lntuiti
679 575 769 598 autem
788 571 815 598 in
842 571 894 598 ﬁne
917 570 1060 602 sermonis,

279 618 349 644 dicta
366 617 500 652 pertinere
522 617 554 644 ad
574 624 634 647 nos.
658 622 721 644 tunc
742 623 791 643 nos
807 615 1012 643 declaravimus.
1029 614 1062 642 Et

278 668 422 698 postquam
447 664 499 690 hoc
522 663 664 694 dixissent.
688 662 867 698 lacrymantes
892 662 925 689 ad
947 667 1060 688 matrem

278 709 460 742 accedebant,
488 714 602 744 eamque
633 708 810 736 dormientem
841 707 913 735 nacti
937 707 1060 742 protinus

278 755 419 790 complecti
438 755 572 782 volebant.
589 754 684 782 Petrus
705 761 768 781 vero
782 753 929 788 prohibuit,
944 753 1036 781 dicens
1052 763 1058 780 :

279 800 364 827 Sinite
377 808 430 833 me,
446 800 579 828 adducam
594 808 640 828 vos
655 804 681 827 et
693 799 825 826 exhibebo
839 799 929 832 matri,
944 807 977 826 ne
992 799 1060 826 forte

277 847 362 873 multo
375 851 402 873 et
415 846 505 873 subito
520 845 618 880 gaudio
640 845 666 871 in
687 844 770 872 animi
794 849 930 880 stuporem
947 845 1058 877 incidat,

276 895 367 926 utpote
383 899 442 926 quae
455 891 535 918 etiam
549 890 675 924 dormiat,
697 891 877 926 spiritumque
892 898 989 918 somno
1005 891 1056 918 ha-

275 937 337 965 beat
349 942 520 972 occupatum.

308 1024 351 1052 IV.
366 1026 450 1061 Igitur
461 1026 505 1053 ubi
518 1033 643 1054 somnum
663 1026 696 1053 ad
714 1026 864 1053 satietatem
881 1026 951 1061 copit
964 1033 996 1054 ac
1008 1033 1055 1053 ex-

272 1077 394 1107 perrecta
415 1077 457 1099 est
474 1076 571 1106 mater,
585 1071 691 1104 Petrus,
709 1072 832 1099 adductis
849 1072 912 1104 illis,
934 1073 1016 1107 coepit
1028 1072 1053 1099 ei

272 1120 305 1146 de
318 1118 364 1146 Dei
381 1118 453 1145 cultu
465 1117 597 1145 disserere
620 1118 697 1153 prius
709 1118 802 1145 dicens
817 1127 824 1145 :
843 1117 918 1145 Scire
939 1122 964 1145 te
980 1118 1052 1151 volo,

271 1164 377 1197 mulier,
393 1164 530 1198 religionis
553 1168 653 1190 nostra:
671 1164 879 1191 observantiam.
897 1163 952 1191 Nos
968 1171 1052 1191 unum

270 1209 386 1236 colimus
409 1209 504 1241 Deum,
529 1209 576 1243 qui
598 1208 661 1236 fecit
682 1215 762 1243 quem
783 1209 872 1236 cernis
898 1208 1051 1236 mundum:

270 1255 342 1282 illius
359 1260 385 1282 et
403 1255 489 1290 legem
505 1262 657 1288 servamus,
675 1262 735 1289 quze
755 1254 782 1281 in
806 1254 900 1289 primis
922 1256 1050 1289 continet,

270 1300 359 1335 ipsum
373 1301 458 1327 solum
474 1301 617 1328 colendum
629 1308 699 1333 esse,
713 1300 936 1327 sanctilicandum
952 1309 1051 1329 nomen

269 1346 338 1380 ejus,
350 1348 474 1380 parentes
486 1345 669 1377 honorandos,
682 1345 823 1372 colendam
833 1345 1049 1380 temperantiam,

268 1396 295 1418 et
307 1391 350 1426 pie
364 1391 517 1418 vivendum.
534 1390 574 1418 Ad
588 1391 644 1418 haec
664 1397 717 1417 non
731 1391 846 1418 vivimus
859 1391 1048 1426 indiﬂ‘erenter,

268 1445 343 1464 nece
357 1436 496 1471 gentilium
513 1443 606 1463 mensa
618 1436 708 1463 cibum
723 1437 867 1468 sumimus,
884 1444 972 1472 neque
987 1445 1049 1465 eum

267 1483 300 1510 iis
312 1489 458 1517 possumus
468 1481 620 1514 comedere,
630 1482 702 1516 quod
712 1482 845 1516 impuram
860 1482 940 1509 vitam
954 1487 1046 1518 agunt.

1116 251 1214 287 ἀληθὲς
1236 252 1253 288 ἢ
1279 252 1382 288 ὄνειρός
1396 252 1419 269 ³⁸
1434 253 1525 286 estw;
1543 252 1598 279 Kal.
1621 253 1635 279 ὁ
1661 252 1763 288 Πέτρος
1783 252 1848 287 ἔφη·
1872 254 1900 280 El

1118 299 1154 334 μὴ
1178 298 1335 334 κοιμώμεθα
1357 299 1390 331 ’⁸,
1413 299 1510 335 ἀληθὲς
1529 299 1664 334 τυγχάνει.
1690 299 1723 325 Οἱ
1741 299 1795 333 βὲ,
1820 298 1901 334 βραχῦ

1117 343 1256 379 μείναντες
1279 345 1324 371 καὶ
1342 344 1429 371 σύννοι
1453 344 1486 360 ¹⁰⁰
1503 344 1652 379 γενόμενοι,
1670 343 1788 378 ἔφασαν·
1812 344 1903 379 Ἡμεῖς

1115 389 1196 424 ἐσμεν
1212 390 1357 421 Φαυστῖνος
1371 390 1417 416 καὶ
1432 390 1632 422 Φαυστινιανὺς,
1650 390 1696 415 καὶ
1712 390 1839 425 ampli};
1857 398 1902 416 σου

1114 435 1301 471 διαλεγομένου
1318 435 1440 472 ἀλλήλοις
1456 436 1636 471 ἐμϐλέποντες
1653 435 1737 462 πολλὰ
1757 435 1822 471 περὶ
1843 436 1905 462 ἐαυ-

1113 481 1166 507 τῶν
1182 481 1444 517 κατεστοχαςόμεθα,
1463 482 1500 518 μὴ
1520 483 1574 518 ἄρα
1599 482 1648 517 οὐχ
1674 482 1739 517 ἡμῖν
1761 481 1878 518 διαφέρῃ
1896 483 1904 497 ⁸

1112 526 1146 552 τὰ
1162 525 1302 561 λεγόμενα,
1317 527 1484 563 λογιζόμενοι
1496 528 1536 554 ὅτι
1550 527 1634 554 πολλὰ
1649 527 1785 564 παρόμοια
1799 527 1904 561 γίνεται

1113 571 1142 596 ὲν
1157 570 1195 605 τῷ
1213 570 1276 605 βὶῳ⁶
1294 571 1334 597 διὸ
1348 571 1510 607 ἐσιωπῶμεν
1532 571 1693 608 παλλόμενοι
1714 572 1763 604 τὰς
1779 572 1903 607 καρδίας.

1112 615 1183 651 Πρὸς
1195 616 1224 642 δὲ
1240 616 1269 642 τὸ
1285 616 1360 647 τέλος
1381 617 1427 643 τοῦ
1443 616 1587 652 λεγομένου
1611 617 1812 651 ἀποϐλέψαντες
1824 618 1845 649 ¹,
1863 618 1904 644 ὃτι

1110 662 1177 697 ἡμῖν
1190 661 1311 697 διαφέρει
1326 662 1360 689 τὰ
1376 663 1518 698 λεγόμενα,
1535 663 1596 690 τότε
1612 656 1724 694 ἑαυτοὺς
1733 663 1816 698 283
1831 663 1905 698 ὡμι-

1111 707 1274 743 λογήσαμεν.
1304 709 1359 735 Καὶ
1385 707 1458 735 τοῦτ’
1487 702 1497 724 ί
1519 704 1642 741 εἰπόντες
1670 709 1739 745 μετὰ
1764 709 1902 745 δακρύων,

1110 753 1268 788 ἐπεισῆλθον
1283 754 1315 788 τῇ
1333 754 1424 790 μητρὶ,
1448 754 1493 780 καὶ¹
1511 754 1684 790 κοιμωμένην
1704 754 1832 790 εὑρόντες
1850 755 1902 790 ήδη

1110 798 1320 834 περιπλέκεσθαι
1343 799 1354 814 ⁸
1377 799 1525 827 ἐϐούλοντο.
1549 800 1577 826 ’0
1600 799 1628 826 δὲ
1654 800 1756 836 Πέτρος
1772 800 1905 826 ’ἐκώλυεν

1109 844 1208 875 αὐτοὺς
1222 844 1319 870 εἰπών·
1343 844 1455 871 Ἐάσατέ
1478 854 1521 880 με,
1539 845 1706 881 προσαγάγω
1723 846 1795 881 ὑμᾶς
1812 855 1904 882 παρα-

1110 888 1206 923 στῆσαι
1221 889 1254 924 τῇ
1271 888 1363 924 μητρὶ,
1382 889 1417 924 μή
1434 897 1492 920 πως
1511 888 1563 915 ὑπὸ
1582 888 1633 923 τῆς
1649 888 1748 924 πολλῆς
1765 889 1903 924 αἰφνιδίου

1106 934 1193 969 χαρᾶς
1207 934 1247 965 εἰς
1269 933 1395 960 ἔκστασιν
1410 934 1480 960 ἔλθοι
1497 934 1613 970 φρενῶν,
1626 935 1674 961 ἅτε
1689 935 1721 970 δὴ
1738 928 1903 971 κοιμωμέντι

1105 980 1152 1006 καὶ
1163 979 1193 1006 τὸ
1204 979 1311 1015 πνεῦμα
1323 979 1375 1006 ὑπὸ
1387 979 1434 1006 τοῦ
1450 979 1534 1006 ὕπνου
1549 980 1688 1015 ἀπηοχολη
1693 981 1773 1016 μένον
1788 981 1899 1016 ἔχουσα.

1139 1025 1182 1052 IV.
1198 1026 1291 1061 Ὅμως
1307 1025 1368 1052 ἐπεὶ
1380 1025 1459 1060 κόρον
1475 1024 1553 1060 ἔσχεν
1568 1024 1663 1057 ὕπνου,
1680 1026 1854 1063 διεγερθείσῃ
1868 1026 1901 1062 τῇ

1107 1071 1190 1107 μητρὶ
1212 1072 1226 1097 ό
1250 1071 1352 1106 Πέτρος
1368 1070 1468 1106 ἤρξατο
1492 1070 1556 1105 περὶ
1576 1070 1624 1106 τῆς
1647 1071 1803 1103 ϐεοσεὸείας
1828 1073 1900 1106 αὐτῇ

1103 1115 1271 1150 διαλέγεσθαι
1294 1115 1424 1150 πρότερον
1447 1115 1533 1149 λέγων
1547 1114 1572 1130 ⁸σ
1590 1114 1736 1142 Γινώσκειν
1763 1124 1792 1142 σε
1817 1116 1902 1148 θέλω,

1102 1162 1192 1196 γύναι,
1202 1162 1251 1197 τῆς
1263 1162 1399 1197 ἡμετέρας
1416 1161 1564 1198 θρησκείας
1575 1162 1626 1198 τὴν
1644 1161 1790 1189 πολιτείαν.
1801 1162 1903 1197 Ἡμεῖς

1102 1208 1149 1234 ἕνα
1169 1207 1235 1234 Θεὸν
1258 1207 1382 1243 σέϐομεν,
1399 1207 1443 1234 τὸν
1466 1208 1635 1243 πεποιηκότα
1650 1208 1680 1234 δν
1693 1209 1759 1244 ὁρᾷς
1781 1208 1900 1244 κόσμον,

1101 1255 1147 1280 καὶ
1170 1254 1264 1280 τούτου
1287 1254 1460 1289 φυλάσσομεν
1485 1254 1531 1280 τὸν
1554 1255 1650 1290 νόμον,
1680 1255 1843 1290 περιέχοντα
1870 1255 1902 1280 ὲν

1101 1298 1228 1334 πρώτοις,
1250 1299 1329 1325 αὑτὸν
1350 1299 1438 1325 σέϐειν
1463 1299 1541 1334 μόνον
1557 1300 1649 1326 καὶτὸ
1669 1300 1751 1326 αὑτοῦ
1769 1299 1902 1333 ἁγιάζειν

1100 1345 1194 1380 ὄνομα,
1209 1346 1289 1380 τιμᾷν
1303 1354 1333 1371 τε
1352 1346 1449 1378 γονεῖς,
1466 1345 1513 1372 καὶ
1534 1347 1690 1382 σωφρονεῖν,
1710 1345 1784 1380 βιοῦν
1800 1355 1832 1372 τε
1852 1354 1899 1372 σε-

1101 1390 1173 1425 μνῶς
1192 1391 1211 1417 “.
1239 1390 1310 1426 Πρὸς
1330 1390 1434 1422 τούτοις
1453 1390 1482 1417 δὲ
1503 1391 1655 1426 ἀδιαφόρως
1674 1392 1685 1407 ⁷
1705 1392 1742 1427 μὴ
1771 1392 1899 1426 βιοῦντες

1098 1430 1235 1470 τραπέζης
1256 1435 1339 1462 ἐθνῶν
1353 1435 1404 1461 οὐκ
1427 1435 1606 1471 ἀπολαύομεν,
1629 1436 1676 1462 ἅτε
1699 1436 1731 1471 δὴ
1752 1437 1814 1462 οὐδὲ
1833 1445 1901 1463 συν-

1098 1480 1237 1508 εστιᾶσθαι
1249 1481 1340 1512 αὐτοῖς
1354 1481 1506 1517 δυνάμενοι,
1519 1481 1563 1508 διὰ
1574 1482 1604 1508 τὸ
1617 1481 1780 1517 ἀκαθάρτως
1793 1482 1900 1513 αὐτοὺς

269 1527 366 1555 Verum
382 1535 442 1554 cum
456 1527 494 1554 eis
508 1527 721 1562 persuaserimus
737 1526 837 1554 sentire
855 1534 888 1554 ac
907 1527 996 1555 facere
1012 1535 1043 1555 ea
1057 1546 1060 1563 η

1108 1527 1182 1554 ιιοῦν.
1207 1527 1280 1563 Πλὴν
1300 1527 1398 1554 ὁπόταν
1423 1528 1520 1559 αὐτοὺς
1541 1528 1678 1563 πείσωμεν
1693 1528 1727 1554 τὰ
1749 1529 1800 1563 τῆς
1825 1529 1898 1567 ἀληῂ

265 1579 325 1606 (ιυπιι
344 1571 378 1598 ad
401 1571 540 1599 veritatem
559 1576 690 1607 spectant,
706 1575 733 1598 et
751 1571 977 1606 baptizaverimus
999 1580 1047 1602 eos

265 1614 292 1640 in
306 1619 346 1641 ter
359 1614 437 1641 beata
450 1614 565 1648 quadam
581 1615 698 1642 nominis
717 1615 898 1649 invocatione,
916 1621 979 1645 tunc
993 1626 1047 1646 una

264 1667 326 1686 cum
341 1659 379 1687 eis
392 1660 538 1687 vescimur.
559 1660 685 1695 Alioquin
698 1661 779 1688 etiam
802 1662 825 1689 si
841 1668 918 1697 pater
931 1663 977 1696 sit,
999 1669 1048 1692 aut

264 1712 343 1738 uxor,
357 1709 403 1732 aut
415 1706 514 1740 proles,
529 1710 577 1733 aut
598 1706 690 1740 frater,
706 1711 753 1734 aut
774 1707 863 1742 quivis
879 1708 948 1736 alius
965 1714 1046 1737 natu-

263 1751 311 1778 rali
326 1759 418 1778 amore
432 1751 541 1784 charus,
559 1759 692 1787 nusquam
707 1753 839 1780 audemus
855 1757 889 1781 ac’
899 1762 1045 1789 possumus

261 1804 323 1824 cum
338 1797 396 1832 ipso
406 1797 495 1825 cibum
507 1805 623 1825 sumere.
635 1797 691 1826 Hoc
701 1799 800 1834 quippe
812 1799 948 1835 religionis
962 1809 1045 1829 causa

260 1842 393 1877 praecipue
405 1842 531 1871 facimus.
543 1843 582 1871 Ne
594 1851 659 1879 ergo
673 1844 720 1872 tibi
735 1844 896 1879 injuriosum
912 1846 1043 1880 videatur,

260 1889 283 1916 si
301 1893 389 1917 meum
415 1889 487 1917 ﬁlius
503 1890 594 1917 cibum
615 1898 669 1917 non
690 1891 788 1926 capiat,
806 1899 892 1926 usque
911 1900 966 1927 quo
988 1901 1043 1921 non

259 1935 352 1962 eadem
366 1943 428 1963 cum
441 1936 488 1962 illo
504 1937 606 1964 sentias
623 1940 650 1963 et
665 1944 738 1971 agas.

295 1974 324 2007 V.
344 1981 449 2014 Quibus
464 1981 509 2009 illa
523 1982 623 2010 auditis
641 1991 647 2009 :
661 1980 694 2009 Et
708 1982 784 2017 quid,
796 1983 893 2018 inquit,
909 1989 980 2012 vetat
990 1985 1042 2012 hoe

259 2027 303 2054 die
316 2034 360 2054 me
376 2027 526 2062 baptizari?
537 2035 597 2062 qua:
611 2028 686 2062 prius
699 2035 780 2062 quam
797 2035 823 2056 te
835 2029 966 2063 viderem,
980 2030 1041 2058 illos

258 2079 328 2107 quos
342 2077 439 2099 vocant
450 2072 515 2100 deos
528 2077 651 2100 aversata
665 2073 727 2106 sim,
746 2081 795 2108 per
811 2074 880 2101 hanc
894 2075 1036 2103 ratiocina-

258 2117 370 2148 tionem.
389 2118 452 2152 quia
466 2118 532 2144 mihi
548 2118 632 2145 multa
650 2117 706 2146 fere
725 2118 844 2153 quotidie
858 2119 924 2154 ipsis
940 2120 1039 2147 immo-

258 2163 324 2189 lanti
342 2163 369 2189 in
386 2163 507 2190 adversis
523 2164 605 2191 rebus
622 2171 676 2191 non
702 2164 853 2191 adfuerunt.
881 2158 919 2192 De
935 2165 1039 2193 adulte-

1099 1572 1172 1605 θείας
1198 1574 1305 1609 φρονεῖν
1333 1582 1363 1600 τε
1385 1573 1432 1599 κα)⁴
1461 1575 1557 1606 ποιεῖν,
1586 1574 1766 1609 βαπτίσαντες
1791 1572 1901 1601 αὐτοὺς

1097 1620 1284 1655 τρισμακαρίᾳ
1300 1619 1353 1646 τινὶ
1376 1620 1551 1655 ὲπονομασίᾳ,
1569 1620 1629 1646 τότε
1650 1621 1741 1652 αὐτοῖς
1762 1621 1899 1647 συναυλικ

1097 1665 1198 1701 ζόμεθα
1214 1666 1234 1692 ⁸.
1257 1665 1331 1692 Ἐπεὶ
1355 1665 1408 1691 οὐδ’
1425 1665 1457 1692 ἂν
1474 1666 1484 1681 ⁰
1507 1665 1597 1701 πατὴρ
1624 1666 1756 1702 τυγχάνῃ,
1774 1666 1791 1701 ἢ
1810 1668 1896 1702 γυνὴ,

1095 1708 1112 1743 ἦ
1126 1707 1228 1740 τέκνον,
1243 1707 1259 1744 ἦ
1275 1708 1396 1743 ἀδελφὸς,
1413 1708 1430 1744 ἢ
1445 1708 1523 1741 ἄλλος
1537 1718 1578 1741 τις
1593 1710 1626 1736 ἐκ
1640 1710 1748 1744 φύσεως
1770 1712 1899 1746 στοργὴν

1095 1753 1179 1788 ἔχων,
1203 1754 1389 1781 συνεστιᾶσθαι
1416 1754 1489 1790 αὐτῷ
1511 1755 1611 1791 τολμᾷν
1637 1756 1784 1792 δυνάμεθα.
1814 1757 1895 1792 Θρη-

1095 1801 1173 1836 σκείᾳ
1194 1800 1275 1836 284
1285 1800 1339 1836 γὰρ
1353 1801 1534 1836 διαφερόντως
1550 1801 1572 1817 ¹⁶
1586 1801 1663 1828 τοῦτο
1682 1801 1824 1838 ποιοῦμεν.
1842 1797 1895 1839 Μὴ

1093 1844 1139 1873 οὖν
1156 1846 1233 1882 ὓϐριν
1255 1840 1344 1883 ἡγήσῃ
1364 1846 1394 1873 τὸ
1418 1847 1455 1882 μὴ
1473 1847 1661 1874 συνεστιᾶσθαι
1689 1857 1729 1874 σοι
1746 1849 1792 1875 τὸν
1818 1849 1893 1881 υἱον,

1095 1892 1189 1928 μέχρις
1204 1892 1236 1919 ἂν
1254 1892 1291 1928 μὴ
1305 1892 1340 1918 τὰ
1354 1892 1423 1919 αὐτὰ
1436 1892 1509 1928 αὐτῷ
1522 1894 1622 1928 φρονῇς
1637 1894 1657 1909 ¹¹
1671 1894 1719 1920 καὶ
1732 1896 1824 1930 ποιῇς.

1127 1979 1159 2006 V.
1179 1980 1212 2006 Ἦ
1230 1979 1259 2006 δὲ
1279 1979 1418 2006 ἀκούσασα
1432 1980 1498 2016 ἔφη·
1521 1981 1553 2007 Τί
1573 1979 1619 2009 οὖν
1640 1982 1740 2009 κωλύει
1764 1984 1896 2020 σήμερον

1092 2034 1126 2062 με
1142 2025 1163 2041 ¹¹
1178 2025 1372 2061 βαπτισθῆναι;
1387 2027 1447 2061 ἥτις
1464 2027 1517 2063 πρὸ
1532 2027 1578 2053 τοῦ
1596 2036 1626 2054 σε
1648 2028 1713 2056 ἰδεῖν
1729 2029 1794 2061 τοὺς
1808 2030 1894 2064 λεγο-

1092 2071 1187 2107 μένους
1201 2071 1278 2102 θεοὺς
1293 2071 1479 2107 ἀπεστράφην,
1494 2071 1615 2107 λογισμῷ
1629 2073 1724 2109 τούτῳ,
1742 2074 1783 2100 ὃτι
1798 2075 1894 2102 πολλὰ

1090 2116 1182 2151 σχεδὸν
1200 2116 1259 2143 καθ’
1274 2117 1380 2152 ἡμέραν
1397 2117 1419 2133 ¹³
1436 2116 1534 2153 θυούσῃ
1554 2119 1646 2150 αὐτοῖς
1670 2119 1700 2146 ὲν
1720 2121 1781 2152 ταῖς
1797 2121 1893 2155 ἀνάγ-

1089 2170 1150 2192 καις
1171 2161 1201 2187 οὐ
1219 2161 1426 2197 παρεστάθησάν
1448 2169 1502 2196 μοι.
1522 2162 1588 2198 Περὶ
1603 2163 1632 2189 δὲ
1649 2163 1773 2199 μοιχείας
1794 2165 1822 2191 τί
1846 2166 1897 2193 δεῖ

258 2207 300 2234 rio
313 2212 402 2234 autem
416 2208 480 2242 quid
491 2208 581 2235 verbis
595 2216 663 2243 opus
678 2209 736 2236 est?
750 2216 811 2236 cum
829 2217 914 2244 neque
930 2211 1040 2245 quando
1057 2208 1060 2235 1

1108 2206 1136 2232 αὶ
1145 2206 1232 2240 λέγειν
1242 2214 1249 2238 ;
1258 2206 1336 2233 ὁπότε
1345 2206 1397 2233 οὐδ’
1409 2207 1452 2233 ὅτε
1464 2207 1617 2239 ἐπλούτουν,
1627 2209 1715 2245 τρυφή
1728 2216 1762 2244 με
1771 2210 1856 2238 τοῦτο
1866 2213 1895 2227 ιδ

257 2252 333 2278 dives
356 2259 440 2285 eram,
460 2252 562 2279 deliciae
583 2260 626 2280 me
642 2253 667 2279 in
686 2253 738 2280 hoc
754 2253 922 2288 deceperint,
953 2262 1039 2289 neque

258 2297 402 2324 subsecuta
418 2302 563 2332 paupertas
586 2298 705 2333 potuerit
717 2298 750 2326 ad
769 2306 802 2326 eo
818 2300 978 2327 veniendum
993 2308 1040 2328 co-

257 2349 330 2376 gere,
347 2342 419 2376 quod
436 2343 593 2377 pudicitiam
607 2350 694 2370 meam
710 2344 782 2370 velut
795 2344 943 2371 maximum
956 2345 1039 2372 decus

257 2393 439 2421 capesserem,
453 2386 531 2421 cujus
545 2387 628 2422 gratia
642 2387 669 2413 in
683 2391 785 2414 tantam
798 2388 978 2416 calamitatem
992 2390 1039 2417 de-

1090 2251 1246 2285 ὴπάτησεν,
1273 2251 1327 2277 οὐδ’
1350 2252 1366 2286 ἡ
1397 2251 1464 2286 μετὰ
1494 2252 1594 2286 ταύτην
1623 2253 1702 2280 πενία
1727 2253 1774 2280 ἐπὶ
1801 2255 1895 2282 τοῦτο

1090 2296 1176 2322 ἐλθεῖν
1201 2297 1350 2330 ἀναγκάσαι
1372 2296 1527 2331 δεδύνηται,
1550 2298 1775 2335 ἀντιποιουμένην
1794 2300 1817 2316 ¹⁵
1830 2309 1894 2335 μου

1090 2341 1138 2376 τῆς
1163 2341 1336 2376 σωφροσύνης
1360 2342 1397 2372 ὡς
1416 2342 1540 2377 μεγίστου
1567 2343 1681 2375 κάλλους
1693 2344 1724 2375 ³⁸,
1744 2341 1779 2379 ἧς
1799 2346 1893 2373 ἕνεκα

1090 2387 1130 2418 εἰς
1142 2386 1272 2422 τοσαύτην
1288 2384 1367 2421 ἦλθον
1392 2387 1560 2422 περίστασιν.
1581 2387 1649 2414 Ἀλλ’
1666 2388 1719 2415 οὐδ’
1742 2387 1821 2424 οἶμαί
1841 2400 1892 2420 σε,

895 2455 1010 2482 VARUS
1031 2454 1230 2482 LECTIONES.

290 2513 313 2532 ’⁸
327 2512 429 2553 δνειρον
445 2513 476 2540 0.
515 2512 630 2553 θέημα-ιρι
656 2512 896 2553 ζῷα-,μαινώμεθα
913 2513 1012 2546 (insani
1026 2511 1245 2553 symus).ﬁu'ﬁrt‘.
1261 2510 1373 2546 Recogn.
1391 2518 1452 2553 _vn,
1464 2511 1517 2553 ἓξ,
1550 2512 1583 2528 ¹⁶⁶
1597 2511 1636 2539 Ita
1656 2511 1702 2553 ξι,
1717 2513 1887 2553 σύννοες-(ζ,

255 2548 288 2579 0.

256 2588 303 2611 ιιιιι

323 2545 391 2574 υειηί
400 2547 516 2575 formam
529 2547 574 2574 ille
586 2545 704 2574 librariis
718 2545 808 2582 deberi
821 2545 915 2582 putati:
927 2556 987 2575 esse
1000 2549 1072 2575 enim
1088 2545 1176 2574 .etatis
1189 2546 1298 2578 inﬁma),
1312 2545 1372 2580 quae
1391 2545 1461 2573 Lob.
1483 2547 1704 2582 Phrynaptas?)
1718 2548 1804 2582 hujus
1815 2545 1886 2578 vitii

307 2581 384 2622 derit
393 2583 525 2622 exempla.
557 2584 573 2622 ,ξ
586 2581 745 2622 διαφέρει
759 2587 794 2622 ,οι
803 2581 833 2622 (ΣΔ
846 2581 871 2608 in
884 2581 1066 2622 "Corrigenda,
1086 2582 1203 2622 διαφέρῃ
1221 2582 1246 2607 in
1266 2585 1351 2608 textu.
1390 2581 1569 2622 ξὰτξορλέψαχ
1631 2581 1700 2609 Tum
1711 2581 1817 2622 ἀύτούς
1831 2586 1853 2622 ς
1875 2606 1888 2618 ,

255 2602 351 2649 ἆδξούς
368 2602 536 2657 {eam
554 2617 584 2645 ο,
623 2602 908 2657 ιγπέριπλέπεὲθαέ-ςῖ
926 2602 1066 2657 ιηῷάοεεξῖ
1102 2602 1226 2657 τῆτρέάτο
1243 2615 1423 2657 προσαγαγων
1443 2602 1533 2650 λέγειῖ
1544 2617 1564 2644 C
1579 2638 1586 2650 ,
1600 2618 1772 2657 intermediis
1786 2602 1889 2647 cinis:

255 2654 303 2680 sis.
326 2657 352 2693 ,ε
373 2652 458 2688 ἡδέως
469 2652 501 2687 0,
514 2660 596 2686 supra
609 2650 724 2687 σεμνῶς,
739 2659 783 2686 ap.
801 2652 821 2679 (ἐ
852 2651 945 2713 Ἰδέως.
962 2650 1038 2678 Hanc
1050 2650 1192 2691 lectionem
1207 2650 1359 2684 corruptela
1374 2651 1498 2678 laborare
1513 2657 1585 2679 recte
1600 2652 1667 2680 vidit
1685 2652 1705 2679 S
1720 2673 1727 2685 ,
1745 2654 1793 2688 qui
1808 2662 1887 2688 pro-

255 2688 451 2713 nosurtdwimc.
489 2690 498 2705 ⁷
518 2687 653 2713 διαωόοως
663 2687 722 2713 cod.
737 2685 801 2713 Rea.
822 2686 856 2712 80
877 2706 884 2712 .
921 2686 931 2701 ⁸
948 2686 983 2712 Ita
999 2685 1021 2713 0
1051 2693 1075 2713 ο.
1090 2685 1383 2713 Ευιι..συναλιζόιιεθα
1396 2686 1426 2713 C.
1465 2686 1475 2701 ⁹
1488 2686 1525 2712 Ita
1549 2686 1571 2713 0
1605 2695 1630 2713 c.
1644 2687 1707 2713 cod.
1729 2684 1797 2713 Rea.
1820 2689 1887 2713 ειη

254 2685 451 2728 ροεμίιέιΐίφξ-
489 2685 653 2728 iisetiam?
663 2687 722 2714 οοά-
737 2685 801 2728 “ieg-
815 2686 838 2728 ἓ

253 2719 280 2761 ξι
288 2719 798 2761 ⁸Ερῇι.,ξορδιιμοιῖ(12])ῥίιιιΙε-ειτυγχόικξῃ
813 2720 835 2748 Ο
859 2729 884 2761 9.
899 2719 989 2761 E‘pitql
1006 2721 1133 2761 τυγχάνει
1219 2719 1386 2761 τέκνονόιη.
1406 2720 1445 2761 _0.

877 2706 884 2712 .
905 2686 931 2723 _‘
945 2686 983 2723 _lta
999 2685 1021 2713 Ο
1051 2685 1383 2723 οηΕρῐιη-συναλιζόμεθα
1396 2686 1431 2723 (Ζἒ
1465 2686 1475 2701 ⁸
1488 2686 1525 2723 Ita
1546 2686 1571 2723 0
1605 2695 1630 2714 c.
1644 2687 1707 2715 cod.
1721 2684 1797 2723 'R'cg.
1808 2684 1888 2718 ’804

1503 2721 1523 2736 ¹⁰
1542 2722 1718 2757 διαφέροντες
1742 2721 1818 2758 conj.
1844 2724 1886 2753 S-

251 2753 275 2773 ὐ
287 2753 386 2791 Scripsi
399 2757 431 2792 ᾂν
444 2753 480 2792 ιέὴ
490 2757 523 2784 τὰ
532 2757 598 2783 αὐτὰ
613 2757 687 2791 αὺτῷ
703 2753 803 2792 (pem;—
816 2763 845 2792 c.
857 2755 879 2782 Ο
894 2753 947 2792 ,Αᾶν
962 2755 996 2792 τὰ
1013 2753 1086 2792 αὐέῷ
1100 2764 1149 2792 φρ,
1162 2755 1182 2792 _C
1197 2776 1205 2792 ,_
1216 2755 1261 2792 qui
1277 2757 1370 2792 deesse
1383 2756 1453 2792 αὑτά
1464 2760 1537 2792 recte
1553 2753 1774 2792 suspi'catus’est,
1791 2753 1824 2785 ἄν
1839 2761 1888 2788 τὰ

253 2791 323 2817 αὐτὰ
335 2800 382 2827 φρ.
400 2791 478 2825 Epit.
523 2792 543 2807 "
560 2801 592 2827 με
610 2791 730 2827 σήμερον
743 2791 772 2818 C.

254 2827 345 2856 αὐτοῖς
356 2826 387 2852 0.

254 2869 296 2892 τις
309 2858 511 2896 ἐξαπατηθῆναι
523 2861 606 2888 οἴεται
619 2858 704 2888 ταὺτα
722 2858 756 2888 δῖ
793 2861 813 2877 ²⁵
836 2858 1062 2894 ἀντιποιουμένης
1081 2858 1149 2893 Epit.

828 2791 848 2806 ¹³
864 2790 1028 2824 καθημέρων
1045 2789 1076 2816 0.
1104 2789 1224 2817 Subinde
1250 2789 1331 2816 θυούσ

430 2824 624 2863 inpegit-$610
637 2824 813 2863 Epitnkqun‘d‘
839 2826 865 2863 in
891 2829 964 2851 textu
977 2825 1038 2863 poni
1057 2824 1157 2863 vult
1171 2824 1293 2863 Frustra.
1307 2824 1361 2863 -Οῇ
1381 2824 1405 2853 οξ
1424 2835 1448 2861 g.
1468 2825 1539 2855 Xeu.
1555 2824 1644 2855 A'nab.
1669 2835 1696 2862 v,
1717 2827 1745 2863 7,
1776 2829 1807 2857 Η
1823 2839 1830 2845 ·
1843 2824 1888 2857 ὲῖ

1377 2791 1458 2826 Epil.,
1468 2791 1592 2829 θυούσης
1604 2791 1654 2829 ⁷-0,
1670 2791 1703 2819 Ο.
1717 2793 1826 2829 *αὑτοῦ
1843 2803 1883 2829 p.

1202 2859 1223 2879 ¹⁶
1239 2859 1319 2886 καλοῦ
1335 2860 1367 2888 Ο.
