1932 3100
59 131 102 159 557

587 139 812 168 CLEMENTINA.
822 157 857 162 —
875 142 1014 171 HOMlLlA
1029 144 1096 172 Xlll.

1603 150 1654 177 33

59 196 105 217 tam
128 194 255 218 aeternam
277 199 338 219 cum
362 193 440 221 bonis
460 195 588 229 operibus
604 206 619 224 a
634 197 687 225 Deo
713 204 816 233 proplct

872 199 961 234 ἔργοις
986 201 1076 233 καλοῖς
1097 202 1240 237 δωρεῖσθαι
1267 203 1312 230 τὸν
1341 203 1406 230 Θεὸν
1428 203 1474 230 ἐπὶ
1492 204 1529 239 τῷ
1557 204 1653 239 βαπτί-

58 237 208 270 baptismum
222 237 332 270 donari,
346 239 449 274 absque
469 241 616 276 dilatione,
637 251 706 278 quos
729 245 824 279 dilige~

57 287 116 314 rent,
125 283 156 309 ad
166 290 229 310 eum
242 284 446 318 suscipiendum
458 288 675 317 exhortarentur.
693 290 744 317 Sed
753 291 825 319 dicet

57 333 162 355 vestrum
183 330 247 363 quis
260 339 267 357 :
280 329 404 366 Diligunt
416 339 472 363 eos,
486 340 517 360 ac
530 333 564 360 de
576 334 610 362 iis
621 340 685 362 sunt
700 336 821 365 solliciti.

56 373 78 400 ιιι
100 376 206 403 stultum
222 382 274 405 est.
292 377 360 405 Nam
372 386 421 406 cur
431 380 538 406 tandem
555 388 603 408 eos
625 386 754 416 aegrotare
780 384 822 410 vi-

55 420 152 453 dentes,
165 427 212 450 aut
242 424 271 450 in
289 425 386 453 mortis
405 426 476 452 viam
502 426 610 459 abduci,
632 432 679 454 aut
698 429 820 463 quaedam

55 465 98 492 alia
121 466 233 494 molesta
253 469 400 501 sustinere,
417 474 528 504 gemunt
543 475 624 505 atque
637 472 823 501 miserantur?

55 510 87 536 ita
105 511 125 538 si
145 513 327 541 credidissent
364 515 452 550 ignem
475 520 606 543 aeternum
637 525 746 545 manere
774 526 822 547 eos

54 556 92 590 qui
113 555 193 583 Deum
206 565 262 584 non
276 558 381 591 colunt,
411 567 464 586 non
487 564 627 588 cessarent
649 569 760 590 monere
779 564 820 591 vel

55 606 168 636 tanquam
183 603 217 630 de
244 604 402 633 inﬁdelibus
428 606 530 638 dolere,
549 607 612 634 dum
634 615 681 635 eos
704 613 820 636 cernunt

54 647 202 681 incredulos,
214 650 283 676 certi
309 649 406 678 futurae
420 651 528 680 illorum
554 661 650 688 pinnae.
664 653 742 682 Nunc
756 663 820 690 ergo

54 693 173 727 hospitam
210 696 376 724 accersitam
409 697 602 733 interrogabo,
630 707 696 726 num
732 700 818 735 legem

54 745 158 766 nostram
175 740 239 768 velit
259 741 399 776 amplecti.
416 748 443 770 et
452 749 533 778 prout
550 751 721 779 consequens
736 745 819 773 fuerit

54 792 159 818 agemus.

82 830 121 858 XI.
137 833 171 858 At
185 837 276 860 vestra
293 838 390 868 mater,
403 835 542 869 quoniam,
565 839 595 863 ut
608 836 686 864 decet
698 836 816 871 ﬁdelem,

54 875 75 902 in
89 876 243 911 baptismum
268 879 390 906 animata
411 884 464 913 est,
480 881 521 907 vel
535 888 590 908 uno
602 880 646 909 die
657 885 720 909 ante
731 882 818 917 bapti-

54 929 126 949 smum
149 923 264 958 jejunet.
289 924 338 951 Illa
357 932 421 952 vero
434 926 554 960 jurabat,
579 926 692 954 dicens:
708 926 818 955 Duobus

54 969 223 1002 superioribus
245 970 356 1003 diebus,
378 970 443 998 dum
464 979 547 999 narro
567 973 674 1000 mulieri
691 973 817 1008 recogni-

54 1013 121 1041 tionis
146 1021 286 1048 eventum,
306 1024 362 1050 pm
378 1017 464 1044 multo
488 1017 587 1052 gaudio
611 1018 700 1045 cibum
723 1027 818 1054 capere

54 1059 145 1092 nequivi
161 1069 168 1093 ;
184 1060 238 1087 nisi
275 1061 350 1096 quod
387 1062 513 1090 hesterna
541 1063 584 1091 die
607 1064 718 1098 paulum
740 1073 818 1100 aquas

53 1106 148 1139 sumpsi.
174 1105 336 1134 Juramento
371 1112 460 1135 autem
494 1109 680 1137 testimonium
701 1111 817 1145 praebuit

53 1157 108 1176 osor
125 1150 203 1184 Petri,
220 1152 318 1180 dicens
333 1162 339 1180 :
354 1152 422 1180 Vere
432 1154 498 1180 nihil
516 1155 645 1190 gustavit.
659 1155 693 1183 Et
707 1157 816 1192 Aquila,

53 1195 123 1229 magis
146 1204 209 1224 vero
236 1198 368 1233 deinceps
396 1199 553 1233 Faustinus,
575 1201 636 1228 ait:
656 1201 728 1229 Nihil
752 1211 817 1238 ergo

53 1241 125 1268 obstat
136 1243 198 1276 quin
224 1244 390 1279 baptizetur.
409 1245 476 1272 Tum
495 1245 593 1274 Petrus
605 1247 761 1279 subridens,
774 1257 817 1276 re-

53 1288 143 1320 spondit
157 1298 163 1315 :
179 1289 231 1317 Sed
244 1299 302 1318 non
316 1296 357 1319 est
373 1293 424 1321 hoc
443 1294 577 1329 jejunium
594 1294 732 1329 baptismi,
743 1296 815 1330 quod

54 1338 96 1358 non
119 1339 223 1369 propter
244 1336 325 1364 illum
357 1344 511 1374 susceptum
534 1344 586 1367 est.
610 1339 644 1367 Et
668 1339 817 1370 Faustinus

52 1381 159 1413 excepit:
175 1381 226 1409 Sed
250 1382 323 1410 forte
343 1384 436 1412 volens
459 1385 531 1413 Deus
554 1390 668 1414 matrem
691 1391 815 1414 nostram

54 1430 92 1450 nec
114 1433 162 1452 una
181 1427 235 1461 die,
260 1429 364 1465 agnitis
387 1431 476 1464 nobis,
503 1431 625 1467 separari
641 1439 657 1459 a
676 1433 816 1460 consortio

53 1476 137 1497 mensa:
156 1476 267 1505 nostrae,
296 1475 485 1508 pratordinarit
504 1477 556 1505 hoc
569 1477 714 1512 jejunium.
738 1477 816 1505 Sicut

876 254 956 280 σματι
971 247 1008 277 δ’,
1030 247 1220 283 άνυπερθέτως
1245 248 1292 280 οὒς
1315 249 1430 283 ἠγάπων
1455 250 1653 285 προετρέποντο

875 291 1064 328 βαπτισθῆναι.
1099 293 1167 319 Ἀλλ’
1181 295 1239 329 ἐρεῖ
1251 303 1294 326 τις
1325 294 1401 329 ὑμῶν
1411 303 1417 310 ’
1440 293 1592 329 ’Δγαπῶσιν
1606 297 1653 322 αδ-

873 338 936 368 τοὺς
963 339 1013 364 καὶ
1029 339 1214 374 φροντίζουσιν
1231 339 1329 366 αὐτῶν.
1348 341 1432 366 Τοῦτο
1451 340 1545 376 εὔηθές
1570 342 1651 368 ἐστιν.

881 382 956 408 Ἐπεὶ
969 383 995 409 τί
1005 383 1037 418 δή
1054 392 1118 410 ποτε
1129 383 1273 416 νοσοῦντας
1287 384 1415 420 ὁρῶντες,
1435 385 1452 420 ἢ
1465 385 1654 420 ἀπαγομένους

872 427 921 462 τὴν
945 428 990 455 ὲπὶ
1004 429 1117 456 θάνατον
1134 430 1169 460 ¹⁰,
1183 429 1199 465 ἢ
1216 430 1282 457 ἄλλα
1293 430 1353 457 τινὰ
1365 430 1470 465 χαλεπὰ
1488 431 1652 466 πάσχοντας,

872 472 1012 507 ὀδύρονται
1034 475 1080 501 καὶ
1091 474 1210 501 ἐλεοῦσιν
1219 476 1240 491 ³⁸
1253 484 1261 508 ;
1286 475 1378 507 Οὖτως
1392 477 1416 502 εί
1427 476 1654 504 πεπιστεύκεισαν

872 517 978 544 αἰώνιον
996 518 1050 554 πῦρ
1065 519 1154 554 μένειν
1177 520 1240 552 τοὺς
1257 520 1279 535 ⁵⁸
1295 520 1341 546 τὸν
1361 519 1427 546 Θεδν
1451 520 1487 555 μὴ
1504 519 1632 552 σέῦοντας
1643 540 1651 552 ,

871 563 920 589 οὐκ
936 562 968 589 ἂν
983 564 1136 591 ἐπαύσαντο
1151 565 1355 597 νουθετοῦντες,
1371 565 1388 600 ἢ
1410 566 1457 592 καὶ
1474 565 1653 597 ἀπειθοῦντας

870 610 994 644 ὁρῶντες,
1010 611 1048 642 ὡς
1063 611 1126 646 περὶ
1140 611 1261 638 ἀπίστων
1275 611 1453 647 ὀδυνώμενοι,
1470 613 1519 648 τὴν
1532 614 1590 639 κατ’
1604 614 1652 640 αύ-

869 655 924 682 τῶν
939 656 1048 683 κόλασιν
1077 657 1362 693 πεπληροφορημένοι.
1379 658 1462 693 289
1488 659 1541 686 Kal
1556 659 1590 686 τὰ
1606 659 1653 686 νῦν

868 701 917 736 τὴν
930 701 1064 737 ξενοδάχον
1079 703 1187 738 πέμψας
1202 703 1372 739 ὲπανακρινῶ
1385 705 1408 720 ⁸³
1419 705 1443 730 εί
1456 704 1501 731 τὸν
1515 705 1594 740 νόμον
1607 705 1652 732 τὸν

868 747 901 774 δι’
917 747 941 764 ⁸⁸
954 749 1031 783 ἡμῶν
1047 750 1155 784 ἀγαπᾷν
1170 750 1294 785 αἱρεῖται·
1309 751 1355 776 καὶ
1370 750 1455 782 οὕτως
1471 751 1622 784 ἀκολούθως
1635 751 1652 778 ἃ

868 791 908 818 δεῖ
926 792 1076 828 πράξομεν.

903 836 947 863 ΧΙ.
974 837 1006 863 Ἦ
1019 837 1047 863 δὲ
1069 838 1159 873 μήτηρ
1177 837 1264 873 ὑμῶν,
1287 839 1382 875 ἐπειδὴ
1399 839 1504 871 πιστῶς
1519 840 1651 868 διάκειται

868 882 932 917 περὶ
947 882 994 908 τοῦ
1011 882 1207 918 βαπτίσματος,
1219 883 1269 910 κᾶν
1285 884 1348 919 μίαν
1365 885 1418 920 πρὸ
1432 884 1480 911 τοῦ
1497 885 1651 920 βαπτίσμα-

867 934 912 958 τος
927 928 1100 962 νηστευσάτω
1125 928 1239 969 ἡμέραν.
1271 928 1302 955 'H
1324 929 1352 956 δὲ
1375 929 1501 964 ὤμνυεν·
1526 930 1578 956 Δύο
1597 929 1652 958 τῶν
1698 945 1708 956 ρ

866 971 1025 999 διελθουσῶν
1047 973 1166 1008 ἡμερῶν,
1192 975 1225 1009 τῇ
1239 975 1348 1008 γυναικὶ
1368 975 1403 1001 τὰ
1425 974 1495 1001 κατὰ
1516 975 1561 1001 τὸν
1586 976 1651 1002 ἁνα-

866 1018 1020 1053 γνωρισμὺν
1043 1018 1217 1054 διηγουμένη,
1235 1019 1286 1046 ὑπὸ
1301 1019 1350 1055 τῆς
1372 1019 1471 1056 πολλῆς
1487 1021 1574 1056 χαρᾶς
1586 1029 1650 1056 τρο-

867 1063 921 1098 φῆς
949 1064 1108 1099 μεταλαὸεῖν
1124 1064 1147 1080 ⁸⁵
1164 1065 1215 1092 οὐκ
1241 1065 1385 1101 ἠδυνήθην,
1416 1065 1432 1100 ἢ
1462 1066 1539 1101 ἐχθὲς
1571 1066 1650 1101 μόνον

867 1109 981 1144 βραχέος
1001 1109 1104 1141 ὓδατος.
1125 1110 1315 1146 Ἐμαρτύρησέ
1329 1111 1352 1126 ⁸³
1368 1120 1397 1137 τε
1413 1111 1452 1147 τῷ
1466 1112 1539 1147 ὅρκῳ
1555 1111 1650 1147 ἡγυνὴ

866 1153 969 1189 Πέτρου
998 1154 1129 1189 λέγουσαι
1161 1155 1278 1191 ’Δληθῶς
1300 1157 1350 1183 οὐκ
1376 1157 1514 1191 ἐγεύσατο.
1551 1158 1606 1183 Kal
1633 1159 1647 1184 δ

873 1199 995 1230 Ἀκύλας,
1015 1199 1113 1234 μᾶλλον
1135 1200 1163 1226 δὲ
1185 1200 1231 1227 τοῦ
1257 1200 1350 1228 λοιποῦ
1374 1201 1518 1233 Φαυστῖνος
1527 1201 1560 1234 ⁸⁷,
1577 1202 1646 1237 ἔφη·

865 1245 970 1272 Οὐκοῦν
985 1246 1061 1272 οὐδὲν
1078 1246 1177 1273 κωλύει
1193 1247 1278 1282 αὐτὴν
1298 1247 1485 1283 βαπτισθῆναι.
1500 1249 1555 1275 Καὶ
1571 1249 1585 1274 ό
1600 1247 1648 1274 Πέ-

864 1299 928 1326 τρος
954 1291 1070 1325 γελάσας
1092 1292 1255 1328 ἁπεκρίνατο
1265 1301 1272 1308 ·
1296 1292 1364 1319 Ἀλλ’
1375 1293 1423 1319 οὒκ
1436 1292 1493 1320 ἔστι
1508 1293 1587 1320 τοῦτο
1603 1301 1649 1329 νη-

866 1336 941 1362 στεία
959 1335 1154 1372 βαπτίσματος,
1168 1337 1182 1363 ὃ
1195 1337 1218 1353 ⁵⁸
1236 1337 1273 1372 μὴ
1291 1337 1324 1363 δι’
1342 1337 1407 1364 αὐτὸ
1422 1338 1541 1372 γέγονεν.
1565 1339 1619 1365 Kal
1633 1339 1648 1365 6

864 1381 1009 1413 Φαυστῖνος
1034 1382 1200 1418 ἁπεκρίνατο
1210 1390 1216 1397 ·
1237 1382 1317 1414 Ἴσως
1330 1379 1375 1409 οὖν
1390 1383 1404 1409 ὁ
1418 1382 1494 1415 θεὸς,
1517 1382 1645 1418 βουλόμε-

864 1435 908 1458 νος
922 1426 999 1462 ἡμῶν
1021 1427 1070 1462 τὴν
1097 1428 1201 1463 μητέρα
1226 1428 1359 1463 μηδεμίαν
1379 1428 1484 1463 ἡμέραν
1512 1428 1581 1464 μετὰ
1601 1428 1647 1456 τὸν

864 1472 1069 1508 ἀναγνωρισμδν
1098 1472 1213 1508 χωρίσαι
1240 1472 1289 1506 τῆς
1320 1473 1456 1508 ἡμετέρας
1490 1472 1645 1508 τραπέζης,

53 1515 111 1542 enim
136 1518 294 1551 pudicitiam
325 1522 442 1549 servavit
464 1523 491 1550 in
516 1523 682 1558 ignorantia,
709 1524 814 1556 faciens

868 1517 1091 1552 προῳκονὸμησεν
1120 1518 1169 1553 τὴν
1202 1517 1337 1552 νηστείαν.
1362 1517 1404 1548 Ὡς
1422 1517 1475 1553 γὰρ
1499 1518 1645 1553 ἐσωφρόνει

53 1561 112 1593 quod
125 1564 261 1592 veritatem
276 1566 366 1600 decet,
381 1567 418 1593 ita
435 1572 462 1595 et
476 1575 549 1595 nunc
560 1568 631 1596 Deus
643 1569 736 1597 forsan
750 1578 815 1605 pro-

54 1606 116 1639 vidit,
130 1616 186 1636 eam
204 1615 267 1638 ante
284 1620 370 1639 unum
385 1613 457 1640 diem
477 1614 603 1649 jejunare
622 1622 672 1650 pro
687 1623 750 1643 vero
765 1616 814 1644 ba—

54 1653 145 1686 ptismo,
158 1660 209 1683 uta
221 1657 313 1691 primo
324 1657 367 1685 die
386 1659 531 1694 agnitionis
552 1664 652 1688 nostrae
670 1661 813 1689 nobiscum

54 1704 129 1732 posset
140 1701 219 1729 salem
234 1711 285 1731 seu
299 1703 389 1731 cibum
407 1712 514 1740 capere.

84 1776 133 1807 ΧΠ.
147 1779 213 1807 Tum
228 1783 327 1810 Petrus
342 1792 348 1808 :
363 1781 423 1809 Non
445 1791 505 1816 nos,
528 1784 627 1819 inquit,
649 1786 739 1814 vincat
756 1795 815 1815 ma-

55 1822 109 1857 litia,
122 1832 277 1860 praztextum
301 1833 379 1856 nacta
402 1828 600 1858 Providentiam
617 1835 643 1859 et
658 1834 754 1861 matris
769 1833 812 1861 af-

56 1867 136 1897 fectum
152 1881 158 1898 :
172 1873 217 1900 sed
232 1874 323 1909 magis
337 1882 385 1902 vos
405 1879 431 1902 et
452 1884 503 1910 ego
527 1877 667 1905 vobiscum
690 1879 770 1906 hodie
785 1881 813 1907 in

54 1913 138 1948 jejunio
151 1925 359 1951 permaneamus
375 1928 381 1951 ;
397 1924 423 1947 et
438 1928 499 1947 cras
513 1921 702 1956 baptizabitur.
720 1923 813 1960 Neque

55 1960 112 1987 enim
133 1962 266 1991 hodierna:
287 1964 341 1992 diei
367 1965 433 1992 hora
449 1966 483 1993 ad
499 1966 665 2002 baptismum
682 1973 744 2004 apta
759 1975 810 1997 est.

56 2003 130 2041 Itaque
140 2009 176 2036 sic
190 2010 248 2037 fieri
262 2018 359 2038 omnes
373 2012 573 2040 consensimus.

82 2095 140 2123 Xlll.
160 2098 213 2126 Hac
227 2107 295 2135 ergo
311 2107 422 2135 vespera
439 2102 531 2128 cuncti
545 2101 619 2130 fruiti
633 2110 727 2131 sumus
740 2103 811 2131 Petri

56 2139 167 2176 doctrina,
179 2145 224 2179 qui
239 2146 319 2173 nobis
333 2147 449 2174 ostendit
460 2155 508 2182 per
518 2149 687 2177 occasionem
704 2151 810 2184 matris,

866 1562 895 1588 ἐν
910 1563 1005 1597 ἀγνοίᾳ
1020 1561 1051 1588 τὸ
1064 1562 1167 1597 πρέπον
1190 1563 1222 1597 τῇ
1241 1561 1354 1597 ἀληθείᾳ
1373 1563 1517 1598 ποιήσασα,
1537 1563 1608 1589 οὕτω
1622 1563 1645 1579 "’

865 1609 913 1636 καὶ
928 1608 975 1634 νῦν
988 1609 1002 1635 ὁ
1012 1608 1076 1640 θεὸς
1088 1607 1152 1639 ἴσως
1165 1608 1337 1643 ᾠκονόμησεν
1353 1609 1436 1644 αὐτὴν
1457 1608 1510 1644 πρὸ
1526 1604 1589 1644 μιᾶς
1599 1619 1646 1645 νη-

866 1653 975 1681 στεῦσαι
991 1654 1012 1669 ⁶⁰
1027 1654 1098 1689 ὑπὲρ
1114 1652 1161 1680 τοῦ
1182 1653 1298 1689 ἀληθοῦς
1322 1653 1515 1690 βαπτίσματος,
1533 1655 1576 1682 ἵνα
1592 1655 1645 1682 άπὸ

865 1698 975 1736 πρώτης
991 1699 1094 1734 ἡμέρας
1114 1698 1161 1725 τοῦ
1177 1698 1307 1734 γνωρίσαι
1334 1700 1407 1735 ἡμᾶς
1426 1700 1473 1726 σὺν
1490 1701 1554 1735 ἡμῖν
1572 1700 1644 1727 ἁλῶν

865 1744 1025 1782 μεταλαϐεῖν
1038 1744 1146 1781 δυνηθῇ.

899 1790 980 1825 290
997 1790 1052 1816 ΧΠ.
1078 1791 1133 1817 Kal
1148 1792 1162 1817 ὁ
1178 1790 1280 1825 Πέτρος
1303 1789 1372 1825 ἔφη·
1390 1791 1435 1826 Μὴ
1456 1792 1528 1826 ἡμᾶς
1541 1792 1643 1819 νικάτω

864 1839 880 1873 ἠ
895 1837 987 1869 κακία,
1004 1836 1139 1872 πρόφασιν
1153 1835 1270 1871 εὑροῦσα
1284 1836 1333 1871 τὴν
1344 1836 1469 1871 πρόνοιαν
1487 1837 1533 1863 καὶ
1547 1838 1642 1865 τεκού-

864 1892 913 1918 σης
930 1882 1060 1918 στοργήν·
1074 1881 1142 1908 ἀλλὰ
1169 1881 1267 1917 μᾶλλον
1295 1882 1372 1916 ὑμεῖς
1399 1881 1475 1916 κάγὼ
1505 1883 1552 1909 σὺν
1579 1883 1643 1918 ὑμῖν

862 1928 1043 1963 διαμείνωμεν
1057 1926 1107 1962 τὴν
1130 1927 1248 1961 σήμερον
1264 1926 1292 1952 ἐν
1305 1925 1418 1960 νηστείᾳ
1432 1925 1464 1957 ⁸¹,
1481 1926 1527 1952 καὶ
1551 1925 1642 1962 αὔριον

863 1972 1083 2008 βαπτισθήσεται.
1109 1970 1175 1997 Οὐδὲ
1195 1970 1249 2005 γὰρ
1270 1971 1285 2005 ἡ
1302 1969 1360 2005 ὥρα
1374 1970 1422 2005 τῆς
1442 1971 1559 2006 σήμερον
1576 1971 1643 2006 ἠμέ-

863 2027 912 2054 ρας
924 2017 1073 2053 ὲπιτήδειός
1087 2016 1160 2042 ἐστιν
1175 2015 1214 2046 είς
1232 2014 1377 2050 βάπτισμα.
1400 2015 1454 2043 Kal
1469 2014 1543 2050 ὁμῶς
1557 2014 1643 2047 οὕτως

861 2063 985 2098 γενέσθαι
998 2063 1022 2088 oi
1039 2062 1136 2093 πάντες
1153 2062 1396 2097 συνευδοκήσαμεν.

896 2107 961 2134 Xlll.
981 2107 1068 2142 Αὐτῆς
1092 2103 1138 2133 οὖν
1165 2106 1214 2141 τῆς
1235 2106 1257 2121 ⁶¹
1274 2106 1393 2141 ἑσπέρας
1417 2105 1466 2141 τῆς
1492 2105 1594 2142 Πέτρου
1616 2107 1641 2133 οἱ

863 2155 960 2186 πάντες
984 2153 1156 2183 διδασκαλίας
1186 2152 1367 2188 ἀπελαύομεν,
1398 2153 1549 2185 δεικνύντος
1575 2154 1641 2189 ἡμῖν

56 2194 98 2220 quo
108 2190 180 2217 modo
192 2192 328 2225 pudicitiae
348 2192 415 2220 ﬁnes
428 2193 483 2220 sint
496 2194 570 2227 boni,
584 2195 650 2222 ﬁnes
667 2204 730 2223 vero
745 2204 809 2224 mo.»

868 2210 891 2228 :x
906 2201 955 2236 τῆς
971 2199 1039 2226 κατὰ
1054 2200 1104 2234 τὴν
1125 2198 1230 2234 μητέρα
1253 2193 1436 2234 προφάσεως]
1448 2200 1501 2226 τίνι
1521 2199 1592 2235 λόγῳ
1607 2200 1641 2227 τὰ

56 2232 109 2259 chize
122 2236 247 2270 exitiales,
260 2242 289 2265 et
304 2238 340 2265 ita
358 2242 457 2265 natura
481 2240 640 2274 comparati,
658 2246 686 2268 ut
702 2243 750 2269 toti
764 2252 809 2278 ge-

56 2278 102 2304 neri
116 2282 252 2313 perniciem
267 2283 397 2315 inferant,
412 2285 518 2312 ctiamsi
535 2293 586 2313 non
601 2287 704 2320 statim,
720 2292 808 2317 tamen

57 2321 105 2349 licet
115 2326 192 2354 tarde.
208 2327 236 2354 lu
255 2333 361 2355 tantum
374 2333 475 2363 autem,
490 2330 587 2365 inquit,
613 2333 742 2366 pudicitia
756 2333 809 2362 Deo

57 2368 136 2402 placet,
151 2377 178 2398 ut
194 2374 274 2400 etiam
291 2374 342 2408 his,
357 2375 403 2409 qui
416 2375 442 2402 iu
456 2383 547 2404 crrorc
562 2381 624 2404 sunt
635 2378 726 2412 positi,
740 2387 809 2406 non-

58 2414 111 2442 nihil
123 2418 207 2451 gratize
215 2427 264 2454 pro
275 2421 321 2448 illa
334 2422 360 2449 in
384 2423 508 2457 praesenti
524 2422 648 2451 conferat
663 2424 726 2451 vita.
740 2424 808 2452 Nam

859 2247 923 2282 τέλη
939 2247 988 2282 τῆς
1005 2245 1179 2281 σωφροσύνης
1205 2245 1284 2276 καλά,
1301 2245 1336 2271 τὰ.
1348 2245 1376 2271 δὲ
1390 2245 1439 2280 τῆς
1455 2246 1576 2281 μοιχείας
1591 2255 1640 2281 χα-

859 2291 929 2319 λεπὰ
944 2292 1007 2318 ὄντα
1023 2292 1075 2327 ὅλῳ
1090 2291 1162 2326 γένει
1173 2291 1195 2306 ⁸³
1211 2290 1319 2327 ὄλεθρον
1348 2293 1433 2318 ποιεῖν
1464 2292 1543 2327 φύσιν
1573 2292 1639 2327 ἔχει,

861 2338 911 2365 κᾶν
923 2338 959 2374 μὴ
975 2338 1087 2372 ταχέως,
1104 2337 1160 2364 ἀλλ’
1177 2335 1223 2365 οὖν
1238 2346 1270 2372 γε
1292 2337 1342 2364 κᾶν
1359 2337 1486 2373 βραδέως.
1506 2339 1566 2365 Ἐπὶ
1580 2348 1641 2365 τοσ-

859 2383 934 2410 οῦτον
950 2383 995 2415 δὲ,
1022 2383 1117 2417 φησὶν,
1138 2382 1172 2409 τὰ
1188 2382 1237 2418 τῆς
1262 2383 1435 2419 σωφροσύνης
1464 2384 1575 2418 ἀρέσκει
1600 2384 1640 2419 τῷ

861 2429 930 2463 Θεῷ,
947 2429 987 2455 ὅτι
1000 2428 1022 2444 ⁸⁸
1038 2428 1148 2460 καὶτοῖς
1159 2429 1187 2455 ὲν
1197 2428 1284 2464 πλάνῃ
1297 2426 1356 2455 οὖσι
1365 2428 1492 2465 βραχεῖάν
1499 2438 1559 2456 τινα
1571 2430 1640 2465 ὑπὲρ

677 2516 791 2545 VARle
811 2516 1009 2545 LEGTIONES.

86 2585 104 2601 δ’
117 2587 175 2616 Vbb.
191 2591 234 2617 ἐπὶ
256 2591 295 2627 τῷ
312 2590 477 2628 βαπτίσματι
488 2593 575 2628 recepi
600 2602 632 2621 ex
645 2593 677 2622 0.
710 2595 847 2631 ὐθανάτῳ
865 2595 897 2623 C.
935 2595 957 2611 "
978 2594 1089 2621 ὲλεῶσιν
1102 2593 1133 2621 C.
1182 2595 1204 2611 ⁸¹
1219 2595 1279 2621 ἐπεὶ
1296 2597 1359 2636 τούς
1381 2603 1438 2622 var.
1467 2596 1528 2638 lect.
1547 2594 1625 2639 aut";

89 2621 208 2664 ἀνακρινῷ
220 2626 249 2653 C.
297 2627 321 2664 ¹ξδ
335 2627 380 2664 τον
395 2628 433 2664 διἈ
446 2636 501 2655 om.
519 2636 576 2655 var.
595 2629 657 2656 lect.
673 2638 716 2664 ap.
730 2630 761 2658 C.
817 2631 840 2647 ⁸⁵
853 2630 956 2664 τροφῆς
981 2629 1017 2664 μὴ
1036 2629 1194 2664 μεταλαϐεῖν
1210 2629 1243 2661 0,
1262 2638 1308 2664 qur
1325 2638 1381 2657 om.
1397 2630 1460 2657 vbb.
1473 2638 1522 2656 ουκ
1538 2630 1636 2664 +16qu-

61 2653 72 2678 θ
89 2638 208 2671 ξυιιψινω
220 2638 249 2653 υ.
297 2638 321 2667 -_'
335 2638 380 2670 τον
395 2638 433 2668 οι.
446 2638 501 2655 om.
519 2638 576 2655 var.
595 2638 657 2656 lect.
673 2638 716 2665 ap.
730 2638 761 2658 υ.
817 2638 956 2671 ὐθτροφης
981 2638 1017 2665 μη
1036 2638 1194 2664 μεταλαηειν
1210 2638 1247 2672 υ»,
1262 2638 1308 2664 ill“
1325 2638 1381 2657 °m~
1397 2638 1460 2691 νῆρ-
1473 2638 1530 2691 audii
1538 2638 1620 2690 7101:}?

61 2660 321 2728 'ﬁ&ua;:v:;:6:‘f£"
791 2664 1511 2735 gfoﬁéivgg‘g?pﬁzoﬁgépaipgr‘f:Lijpjféwneﬂggtbgsﬂzg
1521 2672 1620 2734 ίωρίέσ

59 2619 77 2665 1‘
89 2621 208 2665 ἁνακρινῷ
220 2626 249 2653 C.
280 2619 286 2627 ⁸
297 2619 321 2665 ’ξί
335 2627 380 2665 τον
395 2619 433 2665 δῖ’.
446 2619 576 2655 οπιίνεῖ
595 2619 662 2656 lect:
671 2619 716 2665 ap.

60 2688 255 2728 ’ζοαυστινιανός
269 2688 320 2723 0.(
339 2697 362 2713 "

1182 2595 1204 2611 ⁸¹
1219 2595 1279 2621 ἐπεὶ
1296 2597 1359 2627 τούς
1381 2603 1438 2622 var.
1467 2596 1528 2622 lect.
1547 2602 1590 2629 ap.
1604 2594 1625 2621 C

1146 2662 1299 2707 ἐμαρτύρει
1322 2665 1445 2708 nonnulli
1464 2664 1540 2691 codd.
1550 2662 1555 2664 ⁷
1566 2662 1640 2708 Ῑξηίι.

1034 2700 1044 2735 ἦ
1057 2699 1162 2735 ἡμέραν
1177 2699 1226 2735 τῆς
1242 2699 1320 2734 μῶν
1334 2699 1511 2735 ἐπιγνώσεως
1521 2699 1636 2734 χωρίσαι

61 2729 244 2776 :i‘Paj‘éCni,‘
256 2729 480 2776 trp-ontpzcovdjtqaev
495 2733 543 2768 τὴν
555 2734 690 2776 νηστείαν.
714 2729 765 2775 τῆξ,
771 2735 824 2771 γὰρ
837 2729 1024 2776 ἐσωφρρνησεν
1039 2729 1182 2776 hyalinoqu
1242 2729 1345 2776 πρέπον
1360 2729 1546 2776 τῆς-ἀληθείας
1559 2729 1637 2776 ποιη-

63 2766 126 2801 σξξα,
137 2763 215 2796 οὕτως
225 2766 254 2793 C.
279 2763 499 2808 Ἱσίξικοιῖὁμησεν
516 2763 536 2794 π
554 2768 568 2794 ὸ
580 2763 644 2804 μιᾶς
667 2763 816 2804 νηστεῦσαί
834 2763 919 2805 αὐτην
936 2763 1081 2805 ὲν”ἀγνοίᾳ
1094 2763 1124 2797 C.
1157 2763 1184 2785 ’⁸ἰ
1198 2763 1588 2833 τὴν-σημεῖον”ἓιαμείνωμεν
1604 2763 1634 2797 C.

64 2793 163 2828 Epilome
174 2804 200 2825 ut
211 2799 242 2827 0.
279 2801 300 2816 “
314 2810 364 2833 της
379 2802 479 2832 inserui
495 2810 518 2829 c.
603 2803 625 2819 ⁵³
645 2804 749 2833 γαλεπὰ
765 2805 837 2833 ὄντα.
852 2804 903 2831 ὅλω
916 2804 988 2833 γένει
1006 2813 1030 2833 u.
1049 2804 1154 2833 γαλεπὰ
1170 2804 1233 2833 ὄντα
1249 2805 1302 2833 ολω
1318 2813 1334 2833 γ
1350 2812 1390 2832 νει
1430 2825 1436 2832 .
1475 2812 1519 2832 um
1535 2805 1570 2832 td.
1586 2803 1634 2832 πέ-

64 2793 163 2837 ξρίιοηιε
174 2793 242 2837 ιιιὈ.
261 2836 266 2837 γ
279 2801 300 2816 ⁸³
314 2793 364 2837 τῆς
379 2793 479 2832 ἰηξὲοέὰἰ
495 2810 518 2829 c.

603 2803 625 2819 ⁵³
644 2803 749 2839 χαλεπὰ
765 2805 837 2836 ὅντα,
852 2803 903 2831 ὅλώ
916 2804 988 2867 γένὲι
1049 2803 1154 2840 χαλεπὰ
1170 2803 1233 2834 ὄντα
1249 2803 1309 2840 ὂλῴ
1318 2803 1390 2839 γένει

606 2859 613 2867 .
632 2840 673 2867 vel
689 2840 793 2867 ὄσον-
808 2839 953 2867 ἀπονέμειν
986 2860 992 2866 .

1475 2812 1519 2832 um
1535 2803 1570 2832 id.
1586 2803 1635 2832 πέ-

64 2834 119 2862 φυκε
131 2839 154 2867 p.
170 2834 243 2869 φύσιν
255 2836 318 2872 ἔχει.
341 2834 347 2837 ⁷
357 2837 379 2853 ⁸⁸
395 2837 520 2866 Fortasse
534 2838 613 2871 ὥστε,
632 2834 673 2867 γ’ἐι
689 2840 793 2867 ὅσον-
808 2834 953 2877 ἀπονέμειν
