1932 3100
256 127 307 156 359

698 123 725 151 S.
747 121 942 155 CLEMENTIS
959 122 970 150 Ι
988 122 1070 150 ROM.
1091 121 1189 149 PONT.
1211 122 1324 150 OPERA
1342 123 1455 151 DUBlA.

1829 120 1877 148 55d

258 185 349 212 futura
364 184 504 212 beatitudo
519 185 572 213 illis
591 185 680 212 solum
697 185 869 217 retribuitur,
885 185 931 219 qui
954 183 1042 219 bapti-

1095 181 1179 217 αὐτῆς
1192 181 1271 218 ἐντῷ
1287 181 1334 210 νῦν
1360 181 1410 217 βίῳ
1435 181 1566 217 ἀπονέμει
1598 180 1677 217 χάριν
1699 179 1728 216 (ἡ
1749 179 1804 216 γὰρ
1825 181 1876 206 ἐκεῖ

257 232 310 259 zati
323 235 388 260 sunt
405 235 516 266 propter
531 239 606 266 spem
621 232 648 258 in
664 239 738 265 eum,
763 231 867 266 quique
881 231 1041 266 pudicitiam

256 281 284 306 et
295 276 431 312 justitiam
454 282 576 305 servant.
602 277 836 311 Quemadmodum
860 277 966 305 vidistis
982 285 1042 312 quae

257 323 337 351 matri
352 328 450 351 vestrae
472 323 657 359 contigerunt,
679 325 761 356 bona,
781 325 904 359 inquam,
929 331 989 359 qua:
1013 324 1040 350 in

258 370 310 396 fine
322 369 452 397 obtinuit.
480 370 562 398 Forte
585 370 659 397 enim
674 370 696 397 si
713 370 906 402 adulterasset,
922 377 938 397 e
953 369 1042 397 medio

257 415 354 443 fuisset
365 416 482 444 sublata.
499 416 634 450 Quocirca
659 417 785 452 pudicam
810 417 955 449 miseratus
970 416 1042 444 Deus

257 469 351 488 necem
374 462 400 489 ei
425 461 611 494 imminentem
641 463 748 497 avertit,
767 468 794 491 et
809 463 916 491 ablatos
939 462 1041 491 liberos

257 507 353 534 reddit.

291 552 360 580 XIV.
380 552 481 581 Verum
496 553 611 582 fortasse
621 555 694 583 dicet
713 554 812 590 aliquis
829 564 835 582 :
851 555 923 588 Quot
935 555 971 582 ob
987 563 1041 590 pu-

255 599 376 627 dicitiam
389 600 493 634 periere
508 601 519 627 ?
534 600 601 629 Dico
614 611 620 629 :
638 601 709 635 Quia
725 609 778 629 non
792 606 946 630 senserunt.
961 601 1042 629 Certe

255 647 328 672 enim
343 651 448 681 oportet
459 651 498 680 ut,
516 655 577 682 quae
590 649 672 676 sentit
701 649 818 684 aliquem
841 649 883 677 vel
906 649 1040 676 amasium

255 693 298 720 vel
325 697 486 726 amatorem,
516 693 603 729 fugiat
623 695 714 722 statim
743 696 961 723 commistionem
977 704 1040 724 eum

256 745 300 770 eo,
325 742 454 774 tanquam
473 740 543 775 ignis
559 739 708 775 ﬂammam,
723 742 765 768 vel
782 750 879 769 canem
903 742 1040 771 rabidum.

256 784 492 817 Quemadmodum
511 785 574 814 fecit
588 794 648 823 qua;
665 795 713 815 vos
729 788 844 825 peperit,
858 795 952 816 revera
966 787 1042 824 pudi-

256 830 326 858 citite
340 831 441 858 bonum
457 831 583 867 diligens.
602 832 717 868 Propter
730 833 803 868 quod
828 838 936 861 servata
947 834 1042 861 vobis-

1094 228 1215 264 σωτηρία
1233 228 1323 263 μόνοις
1338 229 1394 260 τοῖς
1410 227 1454 254 διὰ
1477 227 1525 263 τὴν
1551 227 1591 258 εἰς
1615 226 1695 257 αυτὸν
1715 226 1810 253 ἐλπίδα
1832 226 1878 261 βα-

1093 273 1228 301 πτισθεῑσι
1259 273 1307 303 καὶ
1337 273 1481 309 σωφρόνως
1500 271 1877 308 δικαιοπραγοῦσιναποδίᾶο-

1091 318 1156 353 ται).
1174 319 1280 354 Ὥσπερ
1307 317 1444 352 ἐγνώκατε
1469 318 1516 344 ἐπὶ
1545 318 1594 353 τῆς
1618 318 1754 353 ὑμετέρας
1779 317 1878 353 μητρὸς

1091 365 1235 400 γενόμενα,
1261 364 1333 399 λέγω
1351 364 1383 400 δὴ
1411 364 1445 391 τὰ
1464 364 1510 393 ἐπὶ
1533 364 1605 390 τέλει
1621 363 1699 390 καλά.
1720 364 1800 395 Ἴσως
1814 363 1842 391 δὲ
1854 363 1878 389 εί

1091 412 1264 448 ὲμοιχήσατο,
1291 411 1409 447 ἀνῄρητο
1423 411 1465 438 ἄν.
1483 411 1528 438 Διὸ
1542 411 1753 446 σωφρονήσασαν
1769 411 1879 445 ἐλεήσας

1090 459 1105 484 ὁ
1121 457 1187 488 Θεὸς
1203 456 1249 483 τὸν
1268 457 1328 483 κατ’
1345 457 1430 492 αὐτῆς
1453 456 1622 493 ἀπέστρεψεν
1653 457 1742 492 φόνον,
1773 457 1820 483 καὶ
1845 456 1881 482 τὰ

1091 501 1273 538 ἀφαιρεθέντα
1286 502 1369 531 τέκνα
1386 502 1536 530 ἀπέδωκεν.
1800 527 1807 536 ,

1126 548 1195 575 XIV.
1223 548 1292 576 Ἀλλ’
1309 549 1366 584 ἐρεῖ
1381 557 1422 580 τις
1435 549 1499 581 ἴσως
1512 557 1518 564 ·
1533 549 1614 576 Πόσοι
1643 549 1688 576 διὰ
1704 549 1880 584 σωφροσύνην

1090 594 1250 627 ἀπώλοντο;
1267 595 1340 630 Φημὶ
1369 594 1546 630 ἀναισθησίας
1570 595 1660 630 αἰτίᾳ·
1682 595 1734 630 χρὴ
1751 595 1805 630 γὰρ
1830 595 1880 630 τὴν

1091 640 1288 676 αἰσθανομένην
1308 640 1325 676 ἢ
1347 640 1483 676 ἐρωμένου
1502 641 1525 656 ⁸⁸
1546 640 1618 672 τινὸς
1635 640 1651 676 ἢ
1673 641 1696 656 ⁶⁶
1712 640 1791 675 29].
1818 641 1881 676 ἐρα·

1091 686 1155 713 σειοῧ
1172 687 1237 723 παρ’
1253 686 1319 713 αὐτὸ
1344 688 1438 721 φυγεῖν
1454 687 1504 722 τῆς
1520 686 1588 723 πρὸς
1610 687 1691 713 αὑτὸν
1720 685 1880 722 ὲπιμίξεως,

1089 733 1128 765 ὡς
1143 732 1199 769 πῦρ
1215 733 1312 768 φλέγον
1327 732 1344 768 ἦ
1362 733 1511 760 λυσσοῦντα
1525 733 1547 749 ⁸⁷
1565 733 1647 760 κύνα·
1672 733 1756 769 ὅνπερ
1780 734 1882 768 τρόπον

1091 779 1219 814 ἐποίησεν
1234 780 1250 814 ή
1265 779 1337 814 ὑμᾶς
1353 779 1480 811 τεκοῦσα,
1494 779 1525 806 τὸ
1537 779 1588 815 τῆς
1602 779 1778 815 σωφροσύνης
1796 779 1885 812 ὅπως

1091 823 1258 860 ἀγαπήσασα
1285 824 1377 851 καλὸν.
1392 825 1439 851 Διὸ
1453 825 1485 857 ⁸⁸,
1504 825 1671 860 φυλαχθεῖσα
1688 825 1736 852 σὺν
1759 825 1824 860 ὑμῖν
1843 826 1880 857 ρ’,

255 884 317 903 eum
330 877 405 912 regni
421 878 576 912 sempiterni
600 878 706 914 accepit
730 879 926 915 cognitionem.
944 879 1040 906 Mulier

1091 869 1199 896 αἰωνίου
1217 869 1355 904 βασιλείας
1372 869 1450 896 ἔλαϐε
1465 870 1516 905 τὴν
1537 871 1693 905 ἐπίγνωσιν.
1721 871 1754 898 Ἦ
1772 879 1882 907 σωφρο-

255 930 316 956 qua:
329 923 426 958 pudice
442 924 516 958 cupit
529 925 629 957 vivere,
643 925 714 952 seire
730 925 820 957 debet,
845 925 896 952 sibi
909 933 924 952 a
938 925 1041 952 malitia

255 968 381 1002 invideri,
406 970 561 1006 multosque
585 979 614 1001 se
631 972 733 1000 amoris
750 980 832 1000 causa
857 972 959 1000 habere
972 972 1040 1000 insi-

254 1014 383 1043 diatores.
403 1015 464 1049 Uno
490 1022 581 1053 autem
606 1018 745 1053 pudicitiae
769 1019 866 1051 affectu
888 1023 963 1046 casta
977 1027 1040 1054 per—

254 1069 378 1095 manens,
392 1068 499 1099 sumpta
516 1064 550 1092 de
565 1065 694 1092 omnibus
710 1065 824 1092 victoria
842 1065 956 1092 salutem
973 1073 1041 1092 con-

255 1116 396 1143 sequetur.
409 1109 516 1138 Etenim
529 1111 592 1138 licet
605 1112 667 1146 quis
689 1116 803 1140 cunctas
825 1112 973 1139 excoluerit
986 1112 1041 1139 vir-

254 1157 338 1188 tutes,
351 1156 387 1185 ob
399 1156 511 1194 unicum
538 1157 667 1185 adulterii
685 1161 828 1192 peccatum
845 1157 920 1185 dabit
933 1165 1040 1192 poenas,

254 1201 342 1236 inquit
354 1203 494 1236 propheta.

289 1245 347 1273 XV.
369 1246 465 1273 Mulier
477 1247 586 1282 pudica,
603 1247 650 1276 Dei
667 1249 835 1277 voluntatem
854 1249 968 1283 faciens,
984 1251 1041 1285 pri-

254 1299 306 1318 ma:
330 1299 387 1318 suae
409 1293 555 1322 ereationis
580 1295 711 1329 pra:clara
732 1299 774 1323 est
791 1297 1038 1330 commemoratio;

254 1338 318 1373 quia
336 1338 407 1367 Deus
430 1341 476 1374 qui
490 1347 562 1375 unus
574 1345 625 1375 est,
647 1341 751 1376 homini
773 1342 821 1369 uni
840 1351 922 1370 unam
937 1344 1040 1371 creavit

254 1384 408 1412 mulierem.
425 1386 523 1413 Adhuc
548 1394 611 1413 vere
640 1388 757 1422 amplius
783 1395 875 1416 manet
892 1390 1001 1424 pudica,
1016 1390 1039 1418 si

254 1430 399 1458 ereationis
423 1439 476 1458 non
502 1432 692 1467 obliviscatur,
728 1434 850 1463 futurum
876 1437 1039 1471 supplicium

255 1476 410 1510 prmvideat,
427 1485 477 1504 nee
493 1477 598 1512 ignoret
614 1483 778 1508 :eternorum
803 1480 936 1508 bonorum
955 1483 1041 1509 amis--

254 1522 372 1550 sionem.
395 1521 498 1554 Pudica
526 1524 634 1557 mulier,
659 1525 692 1552 iis
721 1526 854 1559 delectata
880 1527 926 1562 qui
945 1528 1039 1561 volunt

254 1567 322 1594 salvi
336 1568 405 1599 ﬁeri,
420 1573 462 1596 est
478 1569 552 1604 pium
578 1571 733 1606 exemplum
759 1572 912 1600 cultoribus
934 1573 1038 1601 Divini-

255 1614 317 1641 tatis
333 1623 340 1641 :
360 1618 452 1649 utpote
465 1615 544 1643 bona;
560 1616 623 1643 vita:
635 1617 688 1646 lex.
701 1617 767 1650 Quae
780 1619 854 1653 cupit
866 1619 963 1654 pudice
977 1627 1040 1654 age-

254 1668 294 1692 re,
320 1662 480 1690 occasiones
514 1663 653 1690 maledicti
687 1668 828 1699 amputat:
846 1665 869 1702 si
884 1659 961 1698 vero
984 1673 1038 1693 non

254 1706 319 1734 data
342 1708 488 1735 occasione
518 1713 649 1744 tanquam
666 1711 701 1738 ab
719 1711 830 1739 inimico
852 1712 923 1751 male
951 1713 1036 1745 audit,

253 1760 269 1779 ι
282 1752 336 1780 Deo
349 1753 520 1781 bencdicitur
534 1763 566 1783 ac
579 1755 744 1784 vindicatur.
766 1756 869 1785 Pudica
895 1757 979 1795 Deum
991 1759 1039 1786 dc-

253 1798 365 1833 siderat,
379 1798 464 1826 Deum
489 1800 587 1835 diligit,
612 1800 697 1835 Deum
711 1801 839 1836 oblectat,
856 1801 911 1835 Deo
924 1803 1038 1838 gloriam

253 1843 362 1876 defert;
385 1845 543 1874 hominibus
579 1847 752 1875 occasionem
787 1848 953 1883 obloquendi
981 1839 1037 1876 non

253 1889 363 1923 praebet.
384 1890 481 1918 Mulier
505 1892 606 1926 pudica
637 1893 779 1923 excellenti
806 1894 937 1929 dignitate
954 1895 1039 1930 replet

254 1934 400 1964 Ecclesium
418 1942 500 1972 atque
517 1938 589 1965 bono
614 1939 720 1967 odore:
747 1944 774 1969 et
796 1945 925 1975 praeterea
951 1943 1038 1977 magi-

253 1986 372 2010 strorum
395 1983 454 2011 laus
476 1989 528 2016 est,
554 1985 730 2021 adjutrixque
757 1987 916 2021 pudicitiam
944 1988 1037 2022 colen-

252 2030 336 2058 tibus.

287 2076 358 2104 ΧΠ.
378 2076 480 2104 Pudiea
503 2077 602 2104 mulier
628 2082 757 2114 tanquam
781 2086 883 2114 sponso
908 2080 977 2108 Filio
989 2079 1037 2108 Dei

252 2125 377 2154 ornatur,
396 2122 494 2149 vestita
508 2130 589 2149 sacro
602 2123 715 2150 lumine.
741 2123 794 2158 Ipsi
806 2129 897 2152 autem
913 2125 996 2153 decus
1009 2126 1038 2158 in

252 2165 344 2192 anima
360 2171 412 2198 est,
425 2166 537 2194 honesta
555 2167 621 2194 vita.
645 2167 819 2201 Unguentum
834 2177 898 2196 vero
912 2169 975 2203 olet,
989 2171 1034 2198 bo-

1091 915 1146 940 νεῖν
1162 913 1310 949 βουλομένη
1326 914 1394 950 γυνὴ
1411 914 1509 945 εἰδέναι
1523 915 1636 949 ὀφείλει,
1648 916 1690 942 ὅτι
1711 915 1884 951 φθονουμένη

1092 959 1144 986 ὑπὸ
1159 960 1258 992 κακίας
1273 960 1407 996 προφάσει
1421 960 1520 996 ἔρωτος
1539 961 1652 992 πολλοὺς
1668 961 1725 997 ἔχει
1739 961 1804 993 τοὺς
1819 962 1882 988 ἐπι-

1092 1005 1211 1038 ϐούλους.
1234 1006 1292 1041 Μιᾷ
1320 1005 1349 1032 δὲ
1365 1007 1397 1042 τῇ
1425 1005 1493 1042 πρὸς
1521 1006 1552 1032 τὸ
1580 1008 1727 1042 σωφρονεῖν
1756 1007 1883 1037 ὲνστάσει

1092 1051 1177 1087 σεμνὴ
1209 1051 1334 1086 μείνασα,
1357 1051 1405 1087 τὴν
1422 1051 1493 1078 κατὰ
1505 1052 1528 1067 ⁷⁰
1543 1051 1650 1079 πάντων
1667 1052 1745 1087 νίκην
1760 1052 1883 1083 λαϐοῦσα

1091 1097 1208 1133 σωθῆναι
1224 1097 1289 1132 ἔχει.
1308 1097 1363 1124 Καὶ
1377 1096 1432 1133 γὰρ
1450 1097 1474 1124 εἰ
1498 1097 1585 1124 πάντα
1604 1098 1674 1125 καλὰ
1701 1098 1883 1134 διαπράξαιτό

1089 1153 1140 1176 τις,
1160 1145 1209 1180 μιᾷ
1223 1145 1256 1180 τῇ
1273 1144 1342 1180 πρὸς
1357 1144 1387 1171 τὸ
1405 1144 1584 1180 μοιχήσασθαι
1609 1145 1730 1181 ἁμαρτίᾳ.
1747 1145 1882 1181 κολασθῆ-

1089 1198 1132 1216 ναι
1148 1189 1188 1216 δεῖ
1199 1190 1232 1222 τι,
1246 1190 1261 1216 ὁ
1274 1190 1416 1226 προφήτης
1432 1189 1494 1225 ἔφη.

1125 1246 1182 1274 XV.
1210 1247 1242 1273 Ἠ
1254 1246 1369 1282 σώφρων
1379 1247 1457 1282 γυνὴ,
1472 1247 1503 1273 τὸ
1518 1245 1566 1273 τοῦ
1582 1246 1648 1273 Θεοῦ
1665 1246 1770 1281 θέλημα
1786 1245 1883 1273 ποιοῦ-

1091 1301 1134 1325 σα,
1147 1293 1200 1328 τῆς
1214 1292 1296 1319 αὑτοῦ
1308 1292 1419 1329 πρώτης
1435 1293 1550 1324 κτίσεως
1564 1292 1653 1328 ἀγαθὴ
1668 1293 1822 1328 ὑπόμνησις
1837 1293 1882 1326 γί-

1089 1346 1180 1365 νεται·
1197 1339 1238 1365 ὅτι
1254 1335 1294 1370 εἷς
1307 1338 1346 1365 ὢν
1361 1339 1375 1365 ὁ
1388 1338 1455 1370 Θεὸς
1465 1337 1505 1364 ἐνὶ
1521 1338 1544 1354 ⁷¹
1559 1337 1694 1374 ἀνθρώπῳ
1709 1337 1773 1373 μίαν
1787 1338 1881 1365 ἔκτισε

1089 1387 1214 1419 γυναῖκα.
1231 1386 1290 1412 Ἔτι
1307 1385 1335 1412 δὲ
1355 1385 1453 1421 μᾶλλον
1471 1383 1586 1420 σώφρων
1599 1384 1685 1420 μένει,
1703 1384 1751 1410 ἐὰν
1765 1384 1881 1420 τῆςκτί-

1090 1440 1159 1463 σεως
1174 1432 1197 1448 ⁷⁸
1216 1431 1253 1468 μὴ
1278 1431 1497 1466 ὲπιλανθάνηται,
1524 1430 1572 1457 καὶ
1597 1430 1647 1466 τὴν
1673 1430 1782 1457 κόλασιν
1812 1439 1882 1465 προ-

1089 1477 1186 1514 ΰλέπῃ,
1216 1477 1262 1504 καὶ
1283 1477 1337 1504 τῶν
1366 1476 1482 1503 αἰωνίων
1511 1476 1621 1511 ἀγαθῶν
1644 1476 1693 1511 τὴν
1715 1475 1816 1511 ζημίαν
1841 1476 1882 1511 μὴ

1089 1524 1183 1558 ἀγνοῇ.
1203 1523 1235 1549 Ἡ
1248 1522 1363 1558 σώφρων
1379 1522 1458 1558 γυνὴ,
1476 1522 1521 1548 ἐπὶ
1534 1523 1590 1553 τοῖς
1607 1521 1738 1553 σώζεσθαι
1756 1521 1881 1547 θέλουσιν

1089 1568 1217 1604 ἡδομένη,
1242 1567 1417 1604 παράδειγμα
1441 1566 1552 1598 εὐσεϐὲς
1567 1568 1623 1598 τοῖς
1639 1566 1794 1593 θεοσεϐοῡσι
1811 1575 1880 1601 τυγ-

1089 1614 1180 1650 χάνει·
1197 1613 1299 1648 ἀγαθοῦ
1316 1613 1369 1649 γὰρ
1394 1613 1451 1648 βίου
1467 1613 1548 1648 νόμος
1576 1612 1658 1639 ἐστίν.
1678 1613 1710 1639 Ἠ
1725 1613 1882 1648 σωφρονεῖν

1089 1660 1203 1687 θέλουσα
1218 1659 1267 1691 τὰς
1284 1659 1434 1695 προφάσεις
1449 1659 1499 1694 τῆς
1514 1659 1647 1695 λοιδορίας
1673 1658 1812 1690 ἐκκόπτει,
1831 1658 1881 1685 ἐὰν

1088 1705 1117 1732 δὲ
1139 1706 1176 1742 μὴ
1206 1705 1365 1742 παρέχουσα
1390 1705 1524 1741 πρόφασιν
1546 1704 1705 1740 λοιδορεῖται
1720 1704 1743 1719 ⁷⁸
1765 1704 1804 1735 ὠς
1827 1703 1887 1734 ὑπὸ,

1088 1752 1197 1788 ἐχθροῦ,
1286 1751 1353 1787 Θεοῦ
1371 1752 1520 1787 εὐλογεῖται
1536 1752 1583 1785 καὶ
1597 1752 1751 1778 ὲκδικείται.
1776 1752 1809 1778 'H
1825 1751 1882 1778 mb-

1088 1792 1164 1835 φρων
1177 1799 1222 1826 τὸν
1239 1799 1304 1825 Θεὸν
1322 1799 1408 1830 ποθεῖ,
1431 1798 1476 1825 τὸν
1495 1797 1561 1824 Θεὸν
1578 1798 1658 1833 φιλεῖ,
1675 1799 1721 1825 τὸν
1736 1798 1804 1825 Θεὸν
1817 1799 1883 1834 τέρ-

1088 1854 1143 1878 πει,
1170 1845 1214 1871 τὸν
1234 1845 1299 1871 Θεὸν
1327 1844 1449 1878 δοξάζει·
1467 1844 1619 1880 ἀνθρώποις
1645 1845 1780 1880 πρόφασιν
1809 1845 1883 1881 πρὸς

1087 1881 1220 1926 λοιδορίαν
1236 1891 1267 1917 οὐ
1285 1891 1410 1926 παρέχει,
1431 1890 1463 1916 Ἠ
1476 1889 1590 1925 σώφρων
1603 1891 1671 1926 γυνὴ
1687 1891 1736 1927 τὴν
1763 1890 1882 1927 Ἐκκλη-

1089 1937 1149 1964 σίαν
1168 1937 1257 1972 ἀγαθῇ
1285 1930 1351 1972 τιμῇ
1381 1936 1487 1972 μυρίζει
1504 1937 1550 1964 καὶ
1564 1937 1610 1963 ἐπὶ
1635 1937 1778 1971 σεμνάεητι
1796 1937 1882 1971 292

1087 1983 1206 2016 δοξάζει·
1225 1982 1310 2009 ἔτιδὲ
1331 1983 1376 2008 καὶ
1397 1982 1564 2009 διδασκάλων
1589 1982 1698 2014 ἔπαινός
1720 1983 1805 2015 ἐστιν,
1833 1983 1882 2009 καὶ

1089 2029 1217 2066 συνεργὸς
1234 2029 1327 2060 αὐτοῖς
1344 2028 1510 2063 σωφρονοῦσι
1526 2029 1662 2064 τυγχάνει.

1122 2076 1192 2103 XVI.
1219 2076 1251 2102 Ἦ
1266 2075 1380 2110 σώφρων
1397 2074 1465 2110 γυνὴ
1490 2074 1528 2106 ὡς
1549 2074 1658 2110 νυμφίῳ
1683 2073 1722 2109 τῷ
1747 2074 1806 2110 Υίῷ
1829 2075 1882 2101 τοῦ

1087 2122 1154 2149 Θεοῦ
1170 2122 1192 2138 ⁷⁵
1208 2123 1360 2156 κοσμεῖται,
1378 2114 1536 2156 ἐνδεδυμένη
1552 2120 1582 2146 τὸ
1598 2120 1694 2156 σεμνὸν
1710 2120 1777 2155 φῶς.
1798 2120 1882 2148 Ἐστι

1087 2168 1116 2195 δὲ
1132 2168 1199 2203 αὐτῇ
1216 2167 1312 2198 κάλλος
1328 2167 1345 2202 ἡ
1361 2166 1384 2182 ⁷⁸
1399 2167 1428 2192 ὲν
1440 2167 1473 2202 τῇ
1501 2165 1573 2202 ψυχῇ
1597 2166 1718 2201 εὐνομία.
1737 2159 1834 2201 Μύρου
1851 2167 1883 2193 δὲ

251 2219 314 2238 nam
330 2211 440 2238 famam.
455 2211 587 2240 Praeclare
600 2213 698 2240 amicta
713 2217 763 2246 est,
777 2214 908 2248 pudorem
925 2215 1032 2249 induta;

1091 2215 1162 2250 τςνεει
1172 2214 1222 2250 τῆς
1235 2213 1338 2248 ἀγαθῆς
1359 2212 1461 2248 φήμης.
1477 2212 1553 2239 Καλὰ
1576 2212 1664 2248 φάρεα
1679 2212 1829 2248 ἠμφίεσται
1844 2213 1881 2245 ”,

250 2261 333 2292 atque
350 2257 477 2292 pretiosis
501 2259 655 2293 margaritis
681 2260 816 2293 redimita,
837 2260 966 2288 castiiicis
979 2269 1038 2289 ser-

249 2303 388 2331 monibus.
415 2303 537 2331 Candida
561 2309 651 2332 autem
668 2310 723 2339 est,
741 2311 770 2333 ut
785 2307 876 2334 animo
890 2307 1034 2334 illustrata.

248 2349 278 2376 ln
292 2351 426 2385 optimum
439 2351 561 2378 intuetur
572 2352 724 2386 speculum.
744 2360 804 2387 quae
820 2353 847 2380 in
865 2353 949 2380 Deum
963 2354 1036 2389 aspi-

249 2397 312 2423 ciat.
327 2395 445 2424 Pulchro
458 2401 555 2424 ornatu
577 2398 672 2432 utitur,
686 2399 783 2426 timore
799 2407 862 2434 erga
878 2399 961 2427 Deum
977 2401 1035 2428 ani-

248 2449 321 2468 mam
346 2441 500 2469 insuucns.
527 2441 641 2478 Egregia
667 2443 778 2474 mulier,
805 2451 859 2471 non
884 2452 945 2479 quae
968 2452 1034 2472 auro

248 2488 352 2515 irretita
377 2493 429 2520 est,
455 2489 502 2516 sed
527 2497 587 2524 quae
603 2497 619 2516 a
642 2490 814 2525 temporariis
837 2491 1031 2526 cupiditatibus

247 2534 348 2562 soluta.
364 2533 467 2562 Pudica
484 2536 582 2562 mulier
596 2543 611 2562 a
628 2544 727 2572 magno
751 2536 825 2572 Rege
849 2537 1031 2572 desideratur,

246 2580 439 2615 desponsatur,
453 2581 617 2615 custoditur,
631 2582 764 2618 diligitur.
779 2583 881 2610 Pudica
900 2591 953 2610 non
967 2591 1033 2618 pra:-

1085 2262 1135 2297 τὴν
1152 2261 1232 2288 αἰδῶ·
1249 2261 1295 2287 καὶ
1311 2260 1418 2296 τιμίους
1433 2259 1604 2296 μαργαρίτας
1632 2259 1797 2295 περίκειται,
1813 2260 1882 2291 τοὺς

1087 2308 1303 2345 σωφρονίζοντας
1325 2307 1429 2342 λόγους.
1455 2306 1546 2341 Λευκὴ
1563 2306 1591 2332 δὲ
1614 2305 1754 2345 τυγχᾴνει,
1771 2306 1839 2332 ὅταν
1855 2306 1881 2321 ⁷⁸

1083 2354 1133 2386 τὰς
1155 2355 1256 2392 φρένας
1307 2352 1529 2389 λελαμπρυμὲνη.
1561 2351 1644 2387 Καλῴ
1670 2351 1798 2387 ὲσρτπρῳ
1814 2352 1880 2387 ὁρᾷ,

1083 2401 1123 2432 είς
1138 2399 1183 2429 τὸν
1202 2399 1268 2426 Θεὸν
1293 2398 1465 2434 ὲμσλέπουσα
1479 2398 1511 2424 ⁷⁸.
1538 2397 1620 2433 Καλῷ
1642 2397 1737 2432 κόσμῳ
1762 2398 1880 2434 χρῆται,

1085 2444 1124 2480 τῷ
1146 2444 1214 2480 πρὸς
1227 2444 1292 2470 Θεὸν
1303 2444 1326 2459 ⁸ο
1342 2443 1417 2478 φόϐῳ
1426 2442 1475 2478 τὴν
1490 2442 1582 2478 ψυχὴν
1606 2442 1777 2470 νουθετοῦσα,
1796 2444 1880 2481 Καλὴ

1085 2493 1102 2527 ἡ
1117 2491 1195 2527 γυνὴ,
1210 2491 1258 2526 οὐχ
1272 2489 1392 2526 ήχρυσῴ
1411 2489 1596 2524 πεπεδημένη,
1612 2489 1669 2516 ἀλλ’
1684 2490 1701 2524 ή
1715 2489 1770 2516 τῶν
1788 2499 1880 2526 προσ-

1083 2537 1187 2572 καίρων
1211 2535 1362 2572 ἐπιθυμιῶν
1393 2533 1536 2570 λελυμένη.
1559 2534 1591 2560 Ἠ
1610 2533 1724 2570 σώφρων
1738 2535 1809 2571 γυνὴ
1827 2545 1879 2571 με-

1082 2583 1158 2618 γάλῳ
1170 2582 1279 2609 Βασιλεῖ
1304 2580 1486 2617 περιπόθητος
1499 2581 1582 2612 ἐστιν,
1601 2581 1676 2616 αὐτῷ
1699 2583 1877 2617 μεμνήστευυ

896 2636 1014 2664 ΥΑΚΙίΕ
1034 2638 1232 2666 LECTIONES.

283 2681 304 2697 ⁸⁸
319 2682 464 2717 γενομένου
485 2691 512 2718 p.
528 2683 544 2718 ἣ
560 2682 698 2718 ἐρωμένου
715 2682 750 2725 Ο..
788 2683 811 2700 ⁸⁸
828 2684 910 2726 ἥξοιμι.
932 2683 973 2726 1).-
992 2685 1064 2726 Tum_
1077 2686 1126 2729 τὴν
1145 2686 1218 2736 πρὸς·
1229 2684 1464 2728 αὐτὸνηὲπιμιξίαν
1478 2683 1510 2712 0.
1546 2684 1567 2728 ⁶ξ¹
1586 2685 1724 2712 λυσσῶντα
1735 2685 1770 2727 _0,
1789 2687 1874 2714 bene.

286 2716 319 2742 δι’
333 2717 347 2743 ὅ
363 2718 394 2744 C.
433 2718 455 2733 θ’
474 2719 539 2748 ἡμῖν
556 2718 587 2747 C.
626 2719 647 2734 7°
663 2719 715 2744 ὑπό
731 2719 761 2745 (Α.
800 2719 822 2734 '”
837 2726 869 2748 οη
880 2718 902 2745 Ο
914 2740 920 2748 .
933 2719 987 2746 δειν
1005 2728 1076 2748 com.
1089 2722 1119 2748 (ι.
1181 2722 1190 2736 ²
1202 2721 1240 2748 [ta
1262 2721 1292 2747 Ι).
1310 2729 1338 2747 εν
1354 2720 1383 2748 C.
1402 2720 1432 2747 0.
1482 2721 1506 2739 ⁷³
1520 2728 1641 2748 κτησεωε
1650 2720 1682 2748 Ο.
1695 2720 1800 2748 Deinde
1811 2722 1874 2748 λαν-

248 2716 269 2754 ’ξ“
286 2716 319 2742 δι’
333 2717 347 2754 ξ
363 2716 394 2744 CL
431 2718 455 2754 ξίν
474 2716 544 2754 ἡμῖν’
556 2716 587 2747 (ἶ,
608 2716 647 2754 ξ⁷⁰
663 2719 715 2744 ὑπό
731 2718 761 2745 (Σ.
800 2719 822 2734 '”
837 2718 869 2752 δή
880 2718 902 2745 Ο
914 2740 920 2750 .
933 2719 987 2746 δεῖν
1005 2721 1076 2754 conj.
1089 2716 1109 2748 (ί

247 2751 315 2788 θάνῃ
328 2752 359 2778 C.
399 2753 420 2768 ⁷”
431 2751 582 2789 λοιδόρῆται
599 2753 632 2781 Ο.
669 2754 693 2770 ⁷⁸
712 2754 819 2789 νυμφίῳ
836 2751 886 2789 υἱῷ
897 2754 964 2780 θεοῦ
981 2756 1011 2782 C.
1047 2751 1069 2772 ⁷’δ
1083 2758 1099 2790 ὴ
1115 2756 1227 2790 ascripsi
1242 2763 1275 2782 ex
1286 2755 1318 2783 0.
1336 2755 1409 2782 Fort.
1436 2751 1578 2790 legendum
1599 2751 1684 2791 αὐτῆς
1700 2756 1799 2788 κάλλος
1813 2758 1830 2792 ἡ
1845 2759 1876 2784 ἐν

248 2795 273 2812 κ.
291 2795 315 2826 τ.
339 2787 363 2813 λ.
381 2789 541 2826 secundum
576 2789 604 2816 S.
658 2789 679 2806 ⁷⁷
692 2788 778 2825 φορεῖ·
813 2789 960 2824 ἠμφίεσται
985 2791 1015 2818 C.
1067 2791 1138 2818 "51."
1161 2791 1193 2818 ἄν
1223 2791 1253 2819 C.
1292 2791 1314 2807 ⁷⁹
1329 2790 1517 2826 ὲμϐλέπτουσα
1529 2790 1561 2818 0.
1578 2799 1585 2808 ι
1600 2791 1622 2809 δα
1639 2790 1707 2823 Θεόν
1731 2791 1826 2820 Sadd.
1840 2800 1876 2824 ex

248 2795 273 2812 κ.
291 2795 315 2813 τ.
339 2787 363 2813 λ.
392 2787 541 2816 secundum
576 2789 604 2816 S.

658 2789 679 2806 ⁷⁷
692 2788 778 2825 φορεῖ·
806 2788 960 2824 ἠμφίεσται
985 2791 1015 2818 C.

248 2823 363 2856 conject.
377 2823 417 2850 Ci.

1262 2721 1301 2756 1).,
1310 2720 1383 2756 éviC,
1402 2720 1442 2756 0.7
1482 2721 1506 2739 ⁷³
1520 2721 1641 2756 κτήσεως
1650 2720 1682 2748 Ο.
1695 2720 1800 2749 Deinde
1811 2722 1877 2748 λαν-

1115 2756 1227 2792 aseripsi
1242 2763 1275 2782 ex
1286 2755 1318 2783 0.
1336 2755 1410 2792 Fort.
1436 2755 1578 2792 legendum
1599 2756 1690 2792 αιὶτῆςΔ
1700 2756 1799 2792 κάλλος
1813 2758 1830 2792 ἡ
1845 2759 1877 2784 ἐν
