1932 3100
279 145 330 172 345
717 145 746 172 S.
766 142 960 171 CLEMENTIS
977 142 988 169 Ι
1006 141 1087 169 ROM.

1109 140 1208 168 ΡΟΝΤ.
1229 139 1344 168 OPERA
1361 139 1474 168 DUBIA.
1845 140 1893 169 3H

313 203 385 231 XIX.
404 203 492 231 Testis
513 207 554 231 est
578 203 649 231 Deus
667 213 674 230 :
695 203 779 230 multa
801 203 945 230 homicidia
971 208 1048 228 unnn

1142 197 1212 225 XIX.
1229 198 1341 234 Μάρτυς
1351 198 1426 230 Θεὸς,
1440 197 1531 224 πολλοὶ
1540 197 1613 232 φόνοι
1625 197 1733 232 μοιχεία
1744 197 1800 233 (53)
1814 198 1892 232 pia".

278 249 451 282 adulterium;
465 253 491 276 et
507 248 579 284 quod
597 256 680 284 grave
692 253 744 281 est,
762 249 971 276 homicidiorum
986 248 1058 276 illius

278 297 376 324 horror
398 303 430 323 ac
450 295 574 330 impietas
589 303 641 323 non
663 295 796 322 cernitur.
824 293 891 321 Nam
914 294 974 322 fuso
996 302 1059 322 san-

277 341 359 376 guine
371 348 471 375 corpus
485 346 624 368 mortuum
637 340 721 376 jacet,
737 344 764 367 et
776 340 939 368 calamitatis
953 340 1059 375 magni-

276 387 369 414 tudine
395 394 492 414 omnes
523 390 641 422 stupent.
663 386 698 413 At
722 394 802 414 neces
829 387 981 413 animarum
1010 393 1058 421 per

276 432 452 464 adulterium,
464 439 527 459 cum
545 431 601 458 sint
613 432 700 466 magis
717 430 871 463 horribiles,
885 431 948 466 quia
966 435 1057 457 tamen

275 479 310 505 ab
323 478 480 505 hominibus
498 485 552 505 non
565 477 701 510 videntur,
716 477 923 512 aggressoribus
934 476 1057 504 occasio-

275 532 337 551 nem
359 523 490 552 indesidis
514 524 631 558 impetus
653 522 785 557 prabent.
799 522 949 557 Cognosce,
964 522 1056 554 homo,

274 570 354 605 cujus
370 569 497 605 spiritum
524 569 625 596 habeas
639 568 673 596 ad
690 568 851 601 vivendum,
873 572 899 595 et
922 575 956 595 ne
980 567 1056 594 illum

274 616 387 652 patiaris
404 616 499 651 pollui.
512 615 535 643 A
549 615 607 643 solo
621 614 757 642 adulterio
779 613 910 649 polluitur
926 613 974 641 Dei
998 614 1038 648 spi
1049 628 1056 634 -

272 663 343 690 ritus
357 672 363 690 :
377 667 458 697 atque
476 662 536 690 ideo
549 662 594 689 ille
607 662 640 689 ad
656 661 745 696 ignem
760 660 842 688 trahit
858 659 994 687 hominem
1009 659 1055 694 qui

273 709 377 744 polluit.
385 708 504 736 Festinat
514 708 586 736 enim
598 707 825 736 contumeliosum
838 706 943 734 tradere
954 711 1055 734 attento

272 755 415 790 supplicio.

306 801 366 830 ΧΧ.
382 801 444 829 Haec
460 809 520 829 cum
536 801 638 829 diceret
650 799 758 832 Petrus,
775 799 934 833 videretque
954 799 1054 825 bonam

270 848 451 883 pndieamque
464 847 615 875 Mattidiam
629 846 693 874 ﬂere
707 853 762 881 pra:
775 845 883 881 gaudio,
907 845 1054 872 arbitratus

1110 244 1158 272 καὶ
1170 244 1201 271 τὸ
1219 244 1315 277 δεινὸν,
1338 244 1378 270 ὅτι
1393 243 1447 270 τῶν
1467 243 1552 278 φόνων
1569 243 1653 278 αὐτῆς
1670 243 1700 269 τὸ
1713 243 1829 279 φοϐερὸν
1851 245 1895 270 καὶ

1109 291 1206 323 ἀσεϐὲς
1220 291 1250 318 οὐ
1265 290 1401 325 βλέπεται.
1423 290 1493 322 Ὅτι,
1514 290 1626 325 αἵματος
1644 289 1782 324 χυθέντος,
1801 289 1894 325 νεκρὸν

1108 337 1197 363 κεῖται
1218 335 1307 370 σῶμα,
1326 335 1373 361 atat
1393 334 1423 360 τὸ
1444 334 1493 369 τῆς
1520 335 1660 370 συμφορᾶς
1681 334 1766 360 δεινὸν
1791 335 1896 366 πάντας

1108 381 1265 416 ἐκπλήσσει.
1277 381 1333 416 Τῆς
1344 380 1373 407 δὲ
1388 380 1508 416 μοιχείας
1516 381 1538 396 ⁹⁴
1553 381 1577 406 οἱ
1588 380 1637 415 τῆς
1649 380 1738 415 ψυχῆς
1759 380 1835 414 φόνοι
1854 389 1896 414 φο-

1107 426 1254 463 ϐερώτεροι
1280 427 1366 459 ὅντες,
1386 427 1448 453 ἐπεὶ
1470 427 1507 462 μὴ
1530 426 1683 462 ἀνθρώποις
1702 426 1848 461 βλέπονται
1861 427 1895 459 ’⁷,

1106 474 1163 504 τοῖς
1178 472 1312 508 τολμῶσιν
1326 473 1422 500 ἄοκνον
1436 472 1485 508 τὴν
1498 472 1585 508 ὁρμὴν
1598 472 1763 508 παρέχουσιν
1775 481 1781 488 ·
1799 472 1896 507 γνῶθι,

1108 518 1245 554 ἄνθρωπε,
1265 518 1336 550 τίνος
1354 518 1438 553 πνοὴν
1457 517 1528 553 ἔχεις
1548 517 1616 552 πρὸς
1630 518 1662 544 τὸ
1676 518 1734 553 ζῇν,
1748 517 1795 544 καὶ
1811 518 1842 543 οὺ
1859 517 1897 552 μὴ

1106 564 1190 599 αὐτὴν
1205 563 1345 599 μιανθῆναι
1361 562 1484 599 θελήσῃς.
1500 563 1566 589 Ὑπὸ
1583 563 1703 598 μοιχείας
1718 563 1803 599 μόνης
1821 563 1898 598 μιαί-

1106 618 1182 637 νεται
1197 611 1214 646 ἡ
1236 610 1303 637 Θεοῦ
1317 611 1401 646 πνοή-
1417 611 1464 637 καὶ
1477 610 1521 637 διὰ
1530 609 1608 637 τοῦτο
1622 610 1690 645 αὐτὴ
1699 610 1744 636 τὸν
1761 609 1899 644 μιάναντει

1105 657 1145 688 εἰς
1161 655 1217 692 πῦρ
1232 657 1368 692 κατασπᾷ.
1389 656 1500 683 Σπεύδει
1515 656 1569 692 γὰρ
1587 655 1632 682 τὸν
1648 655 1776 691 ὑϐριστὴν
1793 656 1898 690 αἰωνίῳ

1105 703 1272 739 παραδοῦναι
1286 702 1404 730 κολάσει.

1140 787 1199 816 XX.
1215 787 1306 815 Ταῦτα
1317 787 1403 822 λέγων
1418 788 1433 814 ὁ
1446 787 1559 823 Πέτρος,
1570 786 1619 822 τὴν
1627 785 1651 802 ’⁸
1663 786 1768 822 ἀγαθὴν
1781 786 1831 812 καὶ
1846 785 1897 812 σώ-

1105 844 1192 872 φρονα
1206 835 1353 862 Ματτιδίαν
1366 835 1388 851 ⁹⁹
1405 834 1457 861 ὑπὸ
1475 834 1562 869 χαρᾶς
1583 833 1751 870 δακρύουσαν
1767 832 1843 866 ἰδὼν,
1857 832 1896 864 ὡς

268 893 360 921 dolere
375 901 434 921 eam
453 893 486 920 de
508 892 630 920 toleratis
646 892 766 925 casibus,
782 891 839 918 ait:
853 890 973 923 Conlidc,
991 898 1048 917 mu-

1101 883 1147 909 ὲπὶ
1171 882 1317 917 ὑποσχέσει
1334 881 1388 908 τῶν
1409 880 1558 916 γεγονότων
1585 880 1736 916 λυπηθῆναι
1758 879 1895 914 νομίσας,

269 939 328 966 lier.
351 939 419 966 Cum
443 939 521 967 multi
547 938 633 966 multa
660 939 731 966 mala
756 937 918 974 pertulerint
940 941 1051 972 propter

267 985 448 1019 adulterium,
471 989 498 1012 tu
519 990 630 1020 propter
645 980 803 1019 pudicitiam
822 991 901 1020 passa
915 991 954 1017 es,
976 983 1050 1010 ideo-

266 1039 320 1066 que
335 1039 389 1058 non
410 1031 547 1058 intcriisti.
566 1030 618 1059 Sed
636 1036 663 1059 et
684 1031 708 1059 si
722 1031 849 1064 obiisscs,
863 1031 961 1057 animae
976 1029 1049 1056 salu-

266 1081 319 1103 tem
335 1076 435 1104 fuisses
455 1083 613 1105 consecuta.
635 1076 753 1105 Patriam
778 1076 891 1104 Romam
913 1075 1049 1110 pudicitize

265 1131 329 1158 ergo
348 1123 501 1159 reliquisti:
520 1123 567 1151 sed
585 1124 637 1151 hac
658 1123 805 1150 occasione
826 1121 952 1149 invenisti
977 1121 1049 1149 veri—

268 1175 360 1202 tatem,
371 1171 465 1198 etei-ni
478 1170 553 1205 regni
567 1169 702 1198 diadema.
716 1169 744 1196 In
760 1169 829 1196 mari
844 1168 993 1204 periclitata
1006 1175 1046 1199 cs,

265 1219 293 1243 at
307 1223 361 1242 non
378 1220 501 1248 mortua;
516 1222 610 1242 verum
625 1214 688 1241 licet
707 1218 813 1241 mortua
829 1213 937 1245 fuisses,
957 1212 1047 1247 ipsum

264 1261 312 1288 tibi
339 1261 451 1296 pelagus
477 1265 588 1296 propter
611 1260 770 1296 pudicitiam
797 1259 894 1287 fuisset
921 1257 1046 1286 morienti

265 1307 416 1342 baptismus
433 1306 467 1334 ad
489 1306 586 1334 animze
601 1306 728 1334 salutem.
743 1306 784 1334 Ad
808 1312 924 1339 paucum
940 1308 1047 1338 tempus

263 1353 358 1380 orbata
370 1360 399 1380 es
415 1352 518 1385 liberis,
532 1352 578 1387 qui
592 1359 653 1379 cum
667 1359 682 1379 e
695 1351 815 1387 legitimo
826 1355 918 1378 essent
931 1350 1045 1383 semine,

265 1399 368 1426 inventi
388 1404 452 1427 sunt
467 1399 494 1426 in
509 1398 620 1426 meliore
636 1403 718 1426 sorte.
732 1397 814 1425 Fame
831 1405 924 1433 pressa
940 1397 1046 1424 mendi-

264 1445 332 1472 casti
352 1444 442 1472 cibum
457 1453 465 1471 :
479 1444 525 1471 sed
537 1448 632 1480 stupro
648 1449 723 1473 tuum
739 1451 838 1479 corpus
855 1451 908 1470 non
926 1443 1044 1472 ftedasti.

263 1491 369 1526 Corpus
394 1491 534 1519 aﬂlixisti:
552 1495 579 1519 at
602 1491 717 1519 servasti
737 1491 868 1518 animam.
884 1490 1045 1517 Adulterum

264 1537 366 1572 fugisti,
382 1545 414 1564 ne
432 1538 522 1565 mariti
537 1537 627 1566 cubile
642 1537 794 1564 macularcs
806 1546 813 1564 :
827 1544 920 1563 verum
937 1536 984 1572 qui
1002 1535 1044 1563 fu-
1058 1553 1080 1583 ϐ

262 1590 324 1618 gam
337 1583 405 1610 vidit
419 1583 500 1617 Deus,
516 1589 625 1619 propter
639 1583 796 1618 pudicitiam
813 1582 902 1609 locum
915 1583 964 1609 viri
979 1590 1043 1616 sup-

263 1629 356 1664 plebit.
369 1629 408 1657 Ad
425 1629 562 1657 tristitiam
577 1633 603 1657 et
615 1629 788 1657 solitudinem
803 1628 923 1661 redacta,
938 1628 1042 1664 privata

261 1682 292 1705 es
304 1675 336 1702 ad
352 1675 431 1703 breve
447 1681 551 1710 tempus
563 1681 619 1702 tum
635 1675 744 1705 marito.
760 1679 817 1702 tum
834 1675 941 1702 liberis:
953 1675 1000 1702 sed
1016 1675 1041 1702 hi

262 1729 359 1749 omnes
376 1722 424 1749 tibi
439 1722 608 1758 relinquendi
621 1727 699 1750 erant
712 1730 760 1758 per
780 1722 876 1750 mortis
895 1722 1043 1749 necessita—

261 1772 335 1796 tem:
355 1773 464 1803 praestat
478 1774 582 1802 autem,
603 1767 676 1803 quod
696 1773 806 1803 propter
827 1768 979 1795 castitatem
993 1776 1042 1794 vo-

261 1813 319 1842 lens
332 1814 436 1849 privata
451 1822 491 1846 es,
513 1821 595 1849 quam
616 1814 639 1840 si
658 1813 742 1841 invila
758 1817 851 1848 postea
872 1813 1001 1848 periisses
1016 1812 1042 1839 in

259 1860 390 1895 peccatis.

295 1901 366 1934 XXI.
384 1905 468 1934 Multo
484 1905 565 1941 igitur
577 1906 674 1934 melius
684 1910 736 1938 est,
753 1905 846 1940 priora
859 1906 973 1933 molesta
982 1913 1043 1933 esse

260 1960 294 1979 ac
311 1952 390 1979 dura.
407 1951 512 1979 Etenim
528 1952 637 1986 quando
652 1952 762 1983 adsunt,
777 1958 826 1986 spe
843 1950 914 1985 quod
931 1955 1044 1985 przeter-

260 1996 348 2027 ibunt,
361 2003 415 2023 non
431 1996 576 2024 admodum
590 1997 764 2029 contristant,
779 1996 833 2023 imo
847 1996 984 2030 potiorum
996 2004 1044 2024 ex-

260 2041 428 2076 spectatione
448 2041 576 2076 gaudium
593 2041 722 2076 prmbent.
747 2041 816 2068 Ante
836 2041 927 2068 omnia
951 2046 1041 2068 autem

259 2086 330 2113 scire
341 2091 367 2113 te
381 2086 454 2119 volo,
466 2091 598 2122 quantum
612 2086 740 2121 pudicitia
754 2085 809 2114 Deo
820 2086 935 2121 placeat.
947 2085 1043 2114 Mulier

259 2132 358 2166 pudica
378 2137 420 2159 est
435 2132 482 2159 Dei
505 2132 611 2165 electio,
631 2131 679 2159 Dei
694 2132 902 2167 bcneplacitum,
923 2132 970 2159 Dei
986 2133 1043 2168 glo-

258 2176 311 2209 ria,
323 2176 370 2204 Dei
383 2177 448 2204 lilia.
461 2176 512 2204 Tot
526 2178 719 2212 praerogativas
732 2177 813 2204 habet
826 2178 968 2212 pudicitia.
983 2176 1041 2205 Nisi

1101 926 1152 962 ἔφη
1163 933 1170 941 ³
1187 926 1287 961 Θάρσει
1297 945 1304 958 ,
1331 925 1427 959 γύναι·
1439 925 1543 951 πολλῶν
1559 924 1644 951 πολλά
1662 924 1734 951 κακά
1750 924 1896 950 παθόντων

1099 971 1143 998 διὰ
1158 971 1280 1007 μοιχείαν
1293 991 1301 1004 ,
1323 971 1403 1006 295
1419 971 1451 998 σὺ
1477 970 1522 999 διὰ
1538 970 1715 1008 σωφροσύνην
1740 970 1895 1002 πέπονθας,

1100 1018 1146 1044 καὶ
1159 1017 1202 1044 διά
1219 1017 1300 1044 τοῦτο
1311 1018 1361 1044 οὑκ
1377 1017 1554 1053 ὲτελεύτησας
1564 1017 1631 1053 (44).
1647 1017 1679 1044 Εί
1692 1017 1720 1044 δὲ
1733 1017 1780 1044 καὶ
1794 1017 1895 1052 τεθνή-

1099 1072 1167 1097 κεις,
1183 1064 1360 1099 σεσωσμένην
1375 1064 1408 1090 ἂν
1419 1062 1490 1099 εἶχες
1505 1063 1554 1100 τὴν
1572 1063 1670 1098 ψυχήν.
1687 1062 1810 1098 Πατρίδα
1831 1063 1896 1089 Ῥώ-

1100 1118 1154 1146 μην
1164 1109 1269 1140 ἔλειπες
1275 1109 1319 1136 διὰ
1332 1109 1516 1145 σωφροσύνην
1525 1109 1592 1136 ἀλλὰ
1600 1111 1633 1145 τῇ
1642 1109 1745 1142 ταύτης
1755 1109 1896 1144 προφάσει

1098 1155 1226 1190 ἀλήθειαν
1245 1151 1332 1190 εὗρες,
1345 1155 1376 1182 τὸ
1390 1155 1508 1191 διάδημα
1523 1155 1572 1191 τῆς
1582 1156 1666 1182 ἀϊδίου
1679 1155 1827 1190 βασιλείας.
1849 1155 1896 1182 Ἐν

1099 1199 1173 1236 βυθῷ
1183 1200 1398 1234 κεκινδύνευκας,
1411 1202 1457 1228 καὶ
1466 1201 1516 1228 οὐκ
1531 1201 1720 1236 ὲτελεύτησας,
1732 1201 1779 1227 καὶ
1790 1202 1847 1227 εἴτε
1859 1201 1895 1216 ’⁸ο

1097 1247 1309 1283 τετελευτήκεις,
1322 1247 1402 1279 αὑτός
1414 1255 1455 1274 σοι
1467 1248 1482 1274 ὁ
1497 1246 1576 1282 βυθὸς
1585 1247 1628 1275 διὰ
1642 1247 1818 1283 σωφροσύνην
1830 1247 1895 1282 θνη-

1098 1293 1200 1330 σκούσῃ
1220 1293 1361 1329 βάπτισμα
1378 1293 1480 1328 ἐγίνετο
1488 1293 1556 1329 πρὸς
1574 1293 1662 1329 ψυχῆς
1679 1293 1825 1328 σωτηρίαν.
1839 1294 1895 1320 Τέ-

1097 1348 1168 1367 κνων
1179 1340 1345 1375 ἀπελείφθης
1355 1340 1422 1375 πρὸς
1429 1340 1526 1374 ὀλίγον,
1539 1339 1616 1366 ἅτινα
1626 1339 1741 1375 γνησίας
1751 1339 1817 1366 ὂντα
1829 1347 1894 1366 σπο-

1099 1386 1148 1420 ρᾶς
1164 1385 1192 1412 ἐν
1205 1387 1262 1418 τοῖς
1276 1386 1428 1422 κρείττοσιν
1450 1385 1573 1422 εὕρηται.
1589 1385 1766 1420 Λιμώττουσα
1783 1385 1893 1420 τροφὰς

1098 1431 1274 1468 προσῄτησας
1286 1432 1306 1464 ί,
1328 1432 1396 1459 ἀλλά
1410 1431 1523 1468 πορνείᾳ
1542 1431 1621 1467 σῶμα
1635 1430 1680 1457 σὺν
1693 1431 1744 1457 οὐκ
1760 1430 1889 1465 ὲμὶανας.

1097 1479 1181 1515 Σῶμα
1196 1479 1242 1506 σὺν
1259 1479 1434 1511 ἐϐασάνισας,
1449 1478 1517 1505 ἀλλὰ
1528 1479 1578 1514 τὴν
1593 1478 1680 1513 ψυχὴν
1691 1477 1809 1508 ἔσωσας.
1823 1478 1890 1504 Μοι-

1098 1524 1144 1560 χδν
1163 1524 1271 1559 ἔφυγες,
1288 1525 1331 1551 ἵνα
1347 1524 1383 1560 μὴ
1401 1524 1494 1559 κοίτην
1504 1523 1600 1559 ἀνδρὸς
1613 1523 1711 1560 μιάνῃς
1720 1523 1739 1556 ⁵,
1761 1522 1830 1549 ἀλλά
1845 1523 1891 1550 διὰ

1095 1571 1144 1605 τὴν
1157 1569 1167 1586 ³
1184 1569 1358 1606 σωφροσύνην
1374 1571 1388 1596 ὁ
1401 1570 1451 1605 τὴν
1466 1569 1554 1605 φυγὴν
1565 1568 1642 1600 εἰδὼς
1656 1568 1721 1600 Θεὸς
1731 1569 1777 1594 τὸν
1791 1568 1890 1604 ἀνδρὸς

1096 1615 1288 1651 ἀποπληρώσει
1302 1616 1395 1642 τόπον.
1416 1615 1576 1650 [λυπηθεῖσα
1590 1615 1637 1642 καὶ
1653 1613 1804 1650 μονωθεῖσα
1819 1615 1888 1649 πρὸς

1093 1663 1183 1697 ὀλίγον
1197 1662 1293 1698 ἀνδρὸς
1314 1663 1361 1690 καὶ
1374 1662 1476 1690 τέκνων
1498 1662 1673 1696 ἀπελείφθης,
1694 1661 1762 1688 ἀλλὰ
1776 1661 1889 1692 τούτους

1094 1710 1197 1741 πάντας
1205 1709 1344 1736 ἀπολιπεῖν
1353 1709 1364 1725 ⁸
1371 1707 1443 1744 εἶχες
1450 1708 1601 1744 προθεσμίᾳ
1610 1708 1723 1734 Θανάτου
1731 1708 1753 1724 ⁸·
1763 1709 1889 1743 κρεῖττον

1093 1755 1121 1782 δὲ
1141 1756 1181 1783 ὅτι
1197 1755 1240 1782 διὰ
1260 1755 1434 1791 σωφροσύνην
1450 1755 1549 1782 ἑκοῦσα
1563 1754 1737 1790 ἀπελείφθης,
1754 1754 1771 1789 ἢ
1782 1754 1794 1770 ⁸
1808 1755 1890 1789 εἴπερ

1094 1802 1197 1829 ἄκουσα
1222 1802 1291 1838 μετὰ
1317 1802 1411 1838 χρόνον
1435 1803 1476 1836 ἐφ’
1503 1801 1650 1837 ἁμαρτίαις
1669 1802 1766 1832 αὑταῖς
1793 1800 1889 1827 ἀπωλ-

1094 1847 1169 1875 λύου.

1128 1904 1200 1932 XXI.
1219 1905 1311 1941 Πολλῷ
1328 1903 1374 1932 οὖν
1390 1905 1500 1940 ἄμεινον
1523 1905 1557 1932 τὰ
1580 1906 1701 1941 πρωτεῖα
1712 1905 1723 1921 ⁷
1741 1903 1811 1931 εἶναι
1829 1905 1887 1931 θλι-

1095 1951 1172 1987 Εερά.
1194 1951 1249 1977 Καὶ
1266 1951 1320 1987 γὰρ
1332 1952 1377 1978 ὅτε
1395 1951 1535 1987 πάρεστιν,
1561 1951 1648 1978 ἑλπίδι
1671 1951 1718 1978 τοῦ
1736 1951 1886 1987 παρελθεῖν

1094 1998 1125 2024 ού
1139 1998 1209 2024 πάνυ
1220 1997 1309 2030 λυπεῖ,
1324 1997 1471 2034 προσδοκίᾳ
1484 2006 1513 2024 τε
1528 1997 1575 2024 τοῦ
1593 1997 1746 2033 κρείττονος
1765 1999 1813 2024 καὶ
1829 1998 1886 2033 χαί-

1095 2051 1151 2078 ρειν
1168 2044 1291 2079 παρέχει.
1306 2044 1363 2079 Πρὸ
1379 2043 1486 2070 πάντων
1501 2043 1530 2070 δὲ
1543 2043 1640 2069 εἰδέναι
1655 2051 1684 2069 σε
1705 2042 1785 2076 θέλω,
1803 2044 1887 2069 πόσον

1092 2090 1123 2116 τὺ
1140 2090 1286 2124 σωφρονεῖν
1309 2089 1419 2125 ἀρέσκει
1442 2089 1511 2124 Θεῷ.
1538 2089 1569 2114 Ἥ
1587 2088 1702 2124 σώφρων
1724 2089 1793 2124 γυνὴ
1817 2089 1886 2115 Θεοῦ

1094 2136 1207 2172 ἐκλογὴ,
1225 2135 1293 2162 Θεοῦ
1321 2135 1444 2167 εὐδοκία,
1461 2135 1527 2162 Θεοῦ
1545 2135 1626 2170 296
1646 2134 1725 2167 δόξα,
1748 2135 1816 2161 Θεοῦ
1839 2135 1886 2161 ei-

1094 2189 1167 2207 κνον.
1180 2180 1312 2207 Τοσοῦτον
1324 2180 1424 2214 ἀγαθὸν
1435 2180 1446 2196 ⁸
1459 2179 1628 2215 σωφροσύνη.
1641 2180 1672 2206 Εἰ
1691 2180 1727 2215 μὴ
1742 2180 1782 2206 ὅτι
1802 2180 1885 2215 νόμος

259 2222 303 2250 lex
319 2227 402 2256 esset,
415 2228 445 2251 ut
459 2232 492 2251 ne
507 2223 599 2259 justus
612 2223 720 2258 quidem
734 2223 838 2259 absque
851 2224 986 2260 baptismo
1001 2224 1042 2251 in-

1101 2225 1137 2262 ἣν,
1153 2227 1219 2263 μηδὲ
1238 2227 1340 2254 δίκαιον
1357 2226 1521 2253 ἀϐάπτιστον
1532 2227 1543 2242 ⁸
1556 2227 1596 2258 εἰς
1615 2227 1663 2262 τὴν
1680 2225 1820 2262 βασιλείαν
1835 2227 1884 2254 τοῦ

908 2281 1024 2309 νΑιιιίΕ
1045 2282 1245 2311 LECTIONES.

294 2327 318 2371 1'
333 2327 381 2362 μία
395 2325 501 2362 μοιχεῖα
517 2327 549 2353 C.
587 2328 610 2344 "
630 2330 664 2363 τῇ
681 2327 709 2371 δε
728 2327 835 2390 [fugiet
846 2328 919 2362 conj.
937 2328 968 2356 D.
1007 2329 1028 2344 ³⁷
1043 2329 1081 2356 Ita
1098 2329 1118 2355 D
1133 2351 1140 2362 ,
1159 2329 1287 2365 βλέπεται
1304 2330 1335 2362 C,
1351 2329 1383 2358 0.
1422 2330 1445 2346 ”°
1456 2330 1505 2366 τήν
1522 2329 1634 2363 adjutui
1656 2338 1680 2356 c.
1697 2329 1729 2357 0.
1768 2330 1791 2346 ⁹⁹
1806 2331 1883 2357 Ματ-

294 2371 345 2389 ιιαν
358 2362 391 2390 0.
430 2362 464 2378 ¹⁰⁰
477 2362 502 2388 εἰ
518 2362 551 2389 0.
589 2363 597 2378 ¹
616 2371 759 2390 ποοσητιοι
802 2384 807 2389 .
846 2364 856 2378 ¹
876 2365 972 2390 atavi:
988 2363 1017 2390 C.
1060 2364 1070 2380 ³
1086 2365 1135 2390 τήν
1152 2372 1208 2390 om.
1221 2364 1253 2390 0.
1289 2365 1300 2381 ⁸
1313 2365 1470 2390 ἀπολείπειν
1487 2365 1518 2390 C.
1556 2366 1566 2381 ⁸
1590 2364 1618 2390 in
1643 2364 1665 2390 0
1696 2373 1757 2390 esse
1774 2366 1883 2390 videtur

260 2363 345 2390 θιδίαν
358 2362 391 2390 0.

430 2362 464 2378 ¹⁰⁰
518 2362 561 2399 0._
574 2363 607 2399 U‘A
616 2362 759 2399 προσήτιδι

261 2397 416 2434 μανθάνειν.

471 2397 512 2435 ff)
529 2397 678 2435 addidit‘DA.
702 2398 825 2435 subinde
835 2397 906 2434 ἢπερ
924 2397 1042 2435 ρξἐἴπερ
1059 2398 1092 2426 0.

875 2365 972 2399 μιανῇς
988 2363 1017 2391 C.
1060 2364 1135 2399 {eﬁv
1152 2363 1208 2392 om.
1221 2364 1253 2392 0.
1289 2365 1300 2381 ⁸
1313 2365 1470 2392 ἀπολείπειν
1483 2363 1518 2392 Ὀ.
1556 2366 1566 2381 ⁸
1590 2364 1618 2391 ln
1643 2364 1665 2393 0
1696 2373 1757 2392 esse
1774 2366 1884 2392 videtur

1132 2408 1176 2427 um
1191 2400 1260 2441 idem
1274 2408 1330 2427 om.
1346 2401 1440 2441 αύτςιῖς
1456 2400 1605 2441 scribitque
1619 2399 1778 2441 ρπωλλύου,
1797 2409 1822 2428 c.
1874 2421 1882 2433 ,

259 2432 394 2471 ἀπολλύοι)
409 2433 440 2459 C.
467 2433 487 2471 _‘
504 2432 644 2471 πριυατεῖα
660 2432 694 2461 0.
722 2434 742 2471 A'
750 2433 791 2471 ita
807 2432 865 2461 om
883 2432 1047 2471 esconjcc't.
1061 2435 1082 2461 (Σ.
1098 2436 1144 2471 ,jn
1159 2436 1214 2471 cui.
1231 2440 1305 2463 textu
1325 2436 1460 2462 τοσούτων
1475 2432 1596 2470 ἀγαθῶν.
1618 2434 1637 2462 S
1659 2435 1771 2471 insuper
1785 2432 1882 2468 conici-

259 2469 297 2496 cit
311 2468 446 2495 τοσούτων
461 2468 570 2502 ἀγαθῶν
587 2468 681 2496 αἴτιον.
720 2469 731 2485 ⁹
747 2468 849 2496 δίκαιον
864 2469 910 2496 καὶ
925 2469 1090 2496 ἀϐάπτιστον
1107 2469 1139 2497 0.
1157 2468 1213 2497 cn.
1231 2471 1304 2498 hom.
1320 2479 1379 2504 xui,
1396 2471 1439 2498 15.

906 2525 1090 2554 νΑιιιοιιυΜ
1107 2526 1223 2555 NOTAE.

292 2571 348 2606 (45)
361 2572 494 2606 Μοιχεία.
512 2570 549 2598 De
565 2570 699 2606 adulterio
720 2571 848 2598 emendes
860 2571 940 2597 velim
953 2571 1042 2598 locum

258 2607 287 2634 S.
302 2607 441 2639 Methodii,
460 2606 487 2633 in
505 2614 585 2641 opere
607 2605 644 2632 De
663 2605 745 2632 libero
767 2607 890 2638 arbitrio,
912 2606 1045 2633 Combcli-

256 2644 340 2670 sianae
360 2642 507 2674 editionis,
528 2649 554 2676 p.
577 2641 667 2676 5557;
682 2641 794 2676 Ἕτερος
817 2642 930 2676 προσῆν,
950 2641 980 2673 ὃς
995 2641 1041 2667 τοῦ

257 2677 367 2714 πλησίον
378 2678 493 2714 γυναῖκα
500 2675 606 2714 παίζειν
614 2675 702 2714 ἤθελε,
716 2675 852 2714 λῃστεύων
865 2675 952 2711 γάμον
965 2675 1043 2714 ἁλλό-

254 2711 339 2748 τριὸν,
354 2711 400 2740 καὶ
411 2713 455 2739 ἐπὶ
464 2712 620 2748 παράνομον
632 2711 724 2748 κοίτην
730 2711 870 2748 ,τραπῆναι
882 2711 1041 2748 παρορμῶν,

254 2745 300 2775 τὸν
316 2745 564 2783 γεγαμηκότα,’γνή
569 2745 633 2783 σιονὲ
641 2745 710 2783 (imq
716 2745 907 2783 Δἀγνήσιοννινειι
974 2745 1042 2783 γνή-

255 2780 327 2814 σιονὶ
339 2780 444 2818 ’ποτέρα
457 2780 578 2816 γίνεσθαι
596 2780 760 2818 θέλωνηῌοε
769 2780 811 2808 est
823 2789 829 2807 :
845 2780 944 2818 Aderat
956 2780 1038 2814 alius,

254 2819 299 2853 qui
315 2815 430 2853 proximi
444 2815 521 2844 uxori
535 2817 656 2853 cupiebat
674 2815 796 2848 illudere,
812 2817 927 2853 alienum
942 2818 1039 2853 matri-

255 2855 370 2880 monium
389 2853 533 2888 prwdatus,
547 2857 571 2878 et
586 2852 699 2888 incitatis
712 2859 769 2888 eant
787 2856 815 2878 ut
828 2852 863 2888 ad
875 2852 1040 2878 concubitum

255 2886 392 2916 illicitum
406 2892 561 2922 verteretur,
579 2895 593 2915 ε
613 2886 707 2915 marito
728 2886 814 2915 colens
831 2887 916 2923 facere
939 2892 1039 2923 patrem

1095 2580 1146 2601 non
1158 2580 1256 2600 verum.
1273 2572 1340 2599 Cor.

1131 2607 1187 2642 (44)
1205 2607 1233 2635 ln
1248 2607 1469 2636 Clementinorum
1491 2617 1542 2636 ms.
1562 2609 1607 2636 hic
1619 2608 1652 2635 ad
1669 2607 1820 2642 marginem
1836 2615 1879 2635 re-

1094 2643 1208 2679 centiori
1224 2651 1313 2679 manu
1324 2648 1454 2678 scriptum
1468 2644 1588 2672 cernitur
1603 2653 1610 2671 :
1622 2643 1713 2679 ’Ὁτιεί
1727 2643 1774 2679 καὶ
1784 2643 1879 2679 soul-1

1094 2678 1269 2715 ἀϐάπτιστος,
1278 2678 1322 2715 διὰ
1337 2677 1387 2715 τὴν
1399 2679 1574 2715 σωφροσύνην
1584 2677 1877 2715 ὲδικαιοιξτοηΡιιτίιιυιέ

1094 2689 1269 2711 αοαπτισ-τος,
1278 2689 1322 2704 οια
1337 2689 1386 2713 την
1399 2689 1540 2715 σωφροσυν
1560 2689 1574 2705 ν
1584 2689 1743 2706 εοικαιουτο.
1758 2689 1877 2712 rarlque

1093 2714 1176 2753 modo
1192 2713 1455 2753 itlfra,_§txato'3ymt
1469 2715 1521 2753 μὲν
1530 2689 1703 2753 εὲλέργωνηῆ
1715 2713 1760 2739 διὰ
1774 2721 1879 2753 σωφρο-

1094 2748 1186 2784 σύνην,
1199 2749 1215 2784 ἦ
1226 2748 1260 2775 δι’
1274 2748 1495 2785 ἐλεημοσύνηνζῆ
1509 2750 1552 2776 διὰ
1562 2748 1743 2785 δικαιοσύνην,
1755 2749 1781 2785 οἱ
1794 2748 1877 2785 tta-"or:

1093 2783 1296 2819 μετερχόμενοι.
1309 2783 1449 2812 Βασιλείαν
1462 2783 1618 2820 δὲΧριστοῦ
1631 2784 1704 2819 μόνοι
1714 2784 1739 2809 οἱ
1752 2783 1876 2820 βαπτιζό-

1093 2827 1167 2854 μενοι
1175 2820 1215 2850 εἱς
1221 2819 1300 2853 ἁγίαν
1309 2820 1420 2855 Τριάδα,
1432 2829 1458 2846 κ.
1465 2829 1490 2846 τ.
1502 2819 1602 2853 λίριιιιξ
1609 2820 1700 2847 omnia
1709 2819 1741 2846 ad
1753 2819 1859 2855 Pelagia

1092 2862 1155 2882 nam
1167 2855 1290 2882 haeresim
1303 2856 1438 2888 pertinere
1450 2856 1574 2882 videntur
1585 2865 1592 2887 ;
1605 2859 1634 2882 ut
1646 2860 1673 2882 et
1681 2854 1812 2882 nonnulla
1822 2854 1875 2882 alia

1091 2888 1224 2918 Clementi
1239 2890 1366 2926 ascriptis
1384 2891 1512 2926 operibus
1529 2891 1661 2926 inspersa.
1675 2890 1744 2918 Cor.
