1932 3100
66 146 115 173 515

627 149 856 178 CLEMENTINA.
875 165 911 171 —
931 151 1070 179 llOMILIA
1094 153 1162 182 XIV.

1643 156 1695 184 336

69 204 132 232 Θεοῦ
148 205 297 240 εἰσελθεῖν,
316 206 390 242 τάχα
405 215 456 234 που
477 206 531 234 τῶν
550 206 634 234 ἐθνῶν
647 208 671 234 οἱ
688 208 853 243 πεπλανημέ-

913 211 1050 243 gredialur
1069 212 1096 238 in
1119 220 1230 246 regnum
1251 211 1308 245 Dei,
1326 212 1395 240 forte
1413 222 1459 249 qut
1481 219 1559 242 erant
1577 216 1604 242 in
1626 225 1693 251 geu-

74 259 107 277 θοι
127 250 172 277 διὰ
197 251 386 288 σωφροσύνην
410 252 489 288 μόνον
518 252 636 288 σωθῆναι
661 253 794 280 ἐδύναντο.
813 253 861 280 Διά

69 295 144 322 τοῦτο
158 296 220 322 λίαν
235 296 336 332 ἀθυμῶ
348 298 412 334 περὶ
423 298 476 324 τῶν
492 299 520 324 ὲν
533 298 622 334 πλάνῃ
642 299 859 334 σωφρονούντων,

68 342 107 369 ὅτι
123 342 188 369 ἄνευ
202 342 314 374 ἐλπίδος
327 343 434 379 ἀγαθῆς
447 345 593 378 σωφρονεῖν
613 344 734 380 ἑλόμενοι
751 345 819 381 πρὸς
831 346 861 372 τὸ

68 388 252 424 βαπτισθῆναι
269 389 394 426 ὀκνηρῶς
413 389 528 425 ἔχουσιν.
550 390 595 416 Διὸ
608 391 639 417 οὑ
662 391 806 423 σώζονταιο
820 392 860 418 ὅτι

64 435 155 470 δόγμα
175 435 245 462 Θεοῦ
262 437 361 469 κεῖται,
383 435 548 463 ἀϐάπτιστον
562 438 603 468 εἰς
618 437 667 472 τὴν
678 437 760 463 αὑτοῦ
783 437 859 472 βασι-

65 481 141 508 λείαν
155 482 194 517 μὴ
208 482 349 509 εἰσελθεῖν,
362 482 455 510 Ταῦτα
467 482 548 510 αὐτοῦ
562 483 684 514 εἰπόντος
700 483 746 510 καὶ
758 484 860 510 τούτων

64 527 188 561 πλείονα,
201 529 242 560 εἰς
261 527 344 556 ὕπνον
358 529 525 564 ὲτράπημεν.

358 653 489 700 mum
507 673 556 701 ω’.

98 735 119 764 Ι.
141 736 347 775 ὀρθριαετερον
358 739 381 755 ¹⁰
393 739 421 766 δὲ
435 739 523 775 πολλῷ
539 739 586 767 τοῦ
603 739 762 776 καθημεραν
778 740 792 767 ό
805 740 858 767 Πέ-

59 791 127 818 τρος
133 783 304 815 διυπνισθεὶς
314 785 401 820 εἰσῄει
410 785 478 821 πρὸς
491 786 574 821 ἡμᾶς,
583 786 630 812 καὶ
643 785 786 819 ὲξυπνίσας
794 786 857 822 ἔφη’

60 829 212 861 Φαυσττνος
234 830 281 856 καὶ
292 831 484 862 Φαυστινιανδς
499 830 557 866 ἅμα
570 831 707 866 Κλήμεντι
720 831 788 866 μετά
804 832 857 858 τῶν

59 874 173 901 οἰκείων
191 875 452 911 ἀκολουθησάτωσάν
464 885 508 912 μοι
522 877 554 910 ¹¹,
570 877 643 907 ὅπως
660 877 688 903 ἐν
705 877 824 913 σχεπινῷ
836 878 856 893 ¹¹

58 918 109 952 τῆς
119 919 262 954 θαλάσσης
271 919 347 955 τόπῳ
359 920 480 952 ἐλθόντες
492 921 520 947 ὲν
533 921 716 956 ἀκατασχόπῳ
729 921 858 957 βαπτίσαι

59 964 147 999 αὐτὴν
156 965 329 1000 δυνηθῶμεν.
339 966 412 1002 Πλὴν
423 967 469 993 ἐπὶ
480 966 533 994 τῶν
546 966 858 1003 αἱγιαλῶνυγενομένων

59 1010 150 1045 ήμιῖιν,
169 1010 273 1046 μεταξὺ
288 1011 397 1048 πετρῶν
417 1021 496 1039 τινων
512 1012 630 1048 γαληνοῦ
646 1013 692 1040 καὶ
702 1013 725 1028 ⁸⁸
737 1013 858 1049 καθαροῦ

59 1055 146 1082 τόπου
166 1056 379 1093 εὐπορησάντων
395 1057 538 1084 ἐϐάπτισεν
558 1059 653 1094 αὐτήν,
678 1058 772 1094 Ἡμεῖς
787 1058 814 1087 δὲ
831 1058 858 1085 οἱ

59 1102 182 1137 ἁδελψοὶ,
199 1103 255 1130 τῶν
271 1103 407 1138 γυναικῶν
419 1104 498 1140 χάριν
513 1104 572 1140 ἅμα
585 1104 691 1140 ἀδελφῷ
710 1105 756 1132 καὶ
768 1104 858 1136 ἄλλοις

62 1147 130 1174 τισὶν
146 1149 378 1184 ὑποχωρήσαντες
398 1149 445 1176 καὶ
457 1148 626 1184 λουσάμενοι,
638 1149 718 1184 297
735 1149 857 1181 ἐλθόντες

66 1193 106 1220 ἐπὶ
119 1194 202 1225 ¹¹τάς
216 1195 350 1228 γυναῖκας
368 1194 568 1230 παρελάϐομεν.
586 1195 643 1221 Καὶ
654 1194 740 1227 οὕτως
751 1195 780 1221 ὲν
793 1204 855 1231 κρυ-

67 1239 132 1275 ςαῖῳ
148 1240 227 1275 τόπῳ
250 1239 428 1275 πορευθέντες
443 1239 588 1275 εὐχόμεθα.
600 1240 713 1266 Ἔπειτα
727 1241 740 1267 ό
754 1240 856 1276 Πέτρος

66 1285 108 1316 τὰς
118 1287 253 1318 γυναῖκας
263 1285 306 1311 διὰ
315 1285 360 1312 τὸν
371 1285 448 1321 ὄχλον
461 1285 648 1321 προέπεμψεν,
656 1286 689 1312 δι’
702 1286 784 1321 ἄλλης
795 1286 854 1313 ὁδοῦ

65 1331 163 1366 ἐπὶτὴν
177 1330 268 1363 ξενίαν
284 1331 370 1358 ἐλθεῖν
381 1331 519 1364 κελεύσας,
533 1331 637 1368 ἀνδρῶν
650 1341 678 1358 τε
690 1332 778 1368 μόνοις
789 1333 854 1368 ἡμῖν

66 1378 182 1405 συνεῖναι
194 1379 228 1412 τῇ
248 1377 332 1413 μητρὶ
345 1378 392 1404 καὶ
402 1379 461 1410 ταῖς
472 1379 567 1410 αὑταῖς
581 1378 703 1412 γυναιξὶν
712 1379 733 1394 ¹⁶
744 1378 854 1414 ἐπέτρε-

64 1422 118 1456 ψεν.
139 1423 281 1455 Ἐλθόντες
302 1421 349 1450 οὖν
371 1425 410 1456 εἰς
425 1424 474 1459 τὴν
498 1424 585 1457 ξενίαν
606 1426 653 1452 καὶ
674 1425 853 1460 ἀναμένοντες

64 1469 142 1495 αὐτὸν
158 1468 246 1495 ὲλθεῖν
263 1468 386 1504 ἀλλήλοις
405 1468 588 1505 διελεγόμεθα.
606 1468 684 1496 Μετὰ
707 1469 802 1501 ἱκανὰς
823 1469 852 1495 δὲ

63 1513 133 1550 ὧρας
148 1515 163 1541 ό
177 1514 282 1550 Πέτρος
295 1513 390 1547 ἐλθὼν,
405 1515 450 1541 τὸν
464 1515 544 1550 ἄρτον
558 1515 600 1541 ἐπ’
614 1515 774 1550 εὐχαριστίᾳ
787 1514 852 1541 κλά-

60 1570 108 1592 σας
131 1562 180 1588 καὶ
200 1560 306 1592 ἐπιθεὶς
323 1561 399 1593 ἆλας,
416 1562 449 1596 τῇ
474 1561 557 1597 μητρὶ
577 1561 684 1597 πρῶτον
704 1561 849 1594 ἐπέδωκεν,
865 1573 886 1601 c

59 1607 105 1633 καὶ
118 1607 139 1621 "
156 1606 216 1641 μετ’
228 1605 314 1640 αὐτὴν
333 1605 398 1641 ἡμῖν
422 1607 480 1637 τοῖς
495 1605 564 1636 υἱοῖς
585 1605 679 1640 αὐτῆς.
694 1605 749 1632 Καὶ
766 1604 853 1636 οὕτως

63 1652 127 1687 αὐτῇ
148 1651 376 1686 συνειστιάθημεν
387 1651 434 1677 καὶ
447 1651 492 1677 τὸν
503 1650 571 1686 ,Θεὸν
583 1646 778 1686 εὑλογήσαμεν.

92 1697 124 1724 Ι.
146 1697 215 1723 Τότε
231 1696 325 1723 λοιπὸν
336 1697 350 1723 ὁ
366 1696 468 1732 Πέτρος
480 1716 488 1728 ,
501 1696 547 1722 τὸν
567 1696 644 1731 ὖχλον
662 1696 853 1732 εἰσεληλυθότα

63 1743 120 1770 ἰδὼν
136 1743 185 1770 καὶ
203 1742 348 1774 καθεσθεὶς
359 1743 405 1769 καὶ
419 1742 659 1778 παρακαθεσθῆναι
673 1743 746 1778 ἡμᾶς
759 1743 852 1769 κελεύ-

62 1797 106 1820 σας
117 1808 125 1820 ,
141 1789 292 1823 ὑφηγεῖται
309 1787 342 1814 τὰ
364 1787 460 1823 πρῶτα
477 1787 577 1814 πείθων
597 1789 672 1823 ἡμᾶς
684 1807 691 1821 ,
708 1789 762 1815 τινι
781 1789 853 1825 λόγῳ

61 1834 226 1870 προπέμψας
242 1834 317 1869 ἡμᾶς
343 1833 397 1860 ἀπὸ
422 1833 468 1860 τοῦ
493 1833 679 1869 βαπτίσματος
700 1835 747 1861 καὶ
772 1835 852 1867 αὐτὸς

61 1880 194 1916 βραδύνας
218 1880 345 1916 ἐπῆλθεν.
363 1880 418 1915 Τὴν
447 1879 476 1906 δὲ
503 1879 592 1907 αἰτίαν
613 1880 689 1914 ἔλεγε
711 1881 850 1916 τοιαύτην.

60 1927 132 1962 Ἅμα
148 1927 190 1962 τῷ
215 1927 298 1962 ὑμᾶς.
317 1927 408 1961 φησὶν,
422 1926 587 1962 ἀποστῆναι,
605 1927 694 1962 γέρων
715 1927 851 1962 συνεισῄει

57 1972 186 2007 ἐργάτης,
212 1971 368 2007 περιέργως
386 1971 407 1987 ¹⁸
421 1970 543 1998 κλέπτων
555 1971 576 1987 ¹⁹
596 1971 706 2003 ἑαυτὸν,
724 1972 770 1998 καὶ
783 1981 850 2007 προ-

57 2018 274 2053 κατασκοπήσας
291 2018 379 2052 ἡμᾶς,
397 2017 435 2048 ὡς
453 2017 534 2048 αὐτὸς
556 2016 669 2052 ὕστερον
697 2017 830 2052 ὡμολόγει
841 2037 849 2050 ,

55 2064 122 2099 πρὸς
134 2063 167 2090 τὸ
182 2063 248 2090 ἰδεῖν
259 2063 286 2089 τί
298 2063 331 2089 ἂν
344 2062 510 2098 πράττοιμεν
522 2063 562 2094 εὶς
574 2062 619 2089 τὸν
631 2063 757 2089 exemva
769 2063 850 2090 τόπον

54 2110 236 2141 εἰσελθόντες,
250 2108 338 2144 λάθρα
358 2108 442 2140 ἐκϐὰς
456 2108 647 2144 ἦκολούθησεν·
670 2108 717 2135 καὶ
727 2109 750 2125 ¹⁰
763 2109 790 2135 ὲν
805 2109 850 2134 εὐ-

53 2157 143 2192 καίρῳ
156 2156 235 2191 τόπῳ
253 2154 408 2191 προσελθὼν
425 2156 471 2182 καὶ
483 2155 706 2191 προσαγορεύσας
718 2154 780 2190 ἔφη·
802 2155 849 2182 Ἐκ

53 2202 154 2229 πολλοῦ
175 2211 218 2228 σοι
232 2201 386 2228 ἀκολουθῶν
402 2202 448 2228 καὶ⁸
461 2203 603 2236 συντυχεῖν
620 2201 704 2228 θέλων
717 2201 847 2237 ᾐδούμην,

913 257 996 289 tibus,
1022 263 1130 292 propter
1153 259 1239 285 solam
1267 259 1424 293 pudicitiam
1448 265 1560 294 possent
1582 262 1692 290 salvari.

911 303 1045 336 Quocirca
1061 304 1233 331 vehementer
1252 305 1350 333 anxius
1364 314 1424 333 sum
1437 307 1470 333 de
1485 306 1519 334 iis
1531 307 1577 342 qui
1600 308 1627 334 in
1648 317 1694 335 er-

911 357 972 376 rore
987 349 1080 376 vivunt
1098 350 1204 384 pudice,
1217 351 1289 386 quod
1305 351 1365 379 sine
1380 352 1450 379 bona
1472 360 1520 387 spe
1535 353 1692 388 pudicitiam

911 397 1072 430 consectati,
1093 397 1126 424 ad
1152 398 1316 432 baptismum
1339 398 1524 432 recipiendum
1546 406 1576 426 se
1598 405 1694 434 gerant

910 443 1038 476 segniter.
1053 443 1143 476 Quare
1163 444 1229 471 salvi
1245 452 1298 471 non
1312 445 1396 477 tiunt;
1415 445 1478 480 quia
1493 445 1539 472 Dci
1555 446 1692 472 decretum

910 489 1028 522 positum
1041 494 1093 521 cst,
1106 498 1140 517 ne
1153 489 1179 517 in
1196 490 1281 524 ipsius
1292 498 1405 526 regnum
1418 491 1586 526 ingrediatur
1596 500 1694 526 expers

910 535 1050 570 baptismi.
1074 535 1140 568 Quae
1155 542 1298 571 postquam
1314 537 1437 572 protulit,
1456 542 1483 565 et
1498 538 1541 565 his
1556 538 1644 572 plura,
1658 539 1693 566 ad

909 589 1036 608 somnum
1053 583 1176 610 conversi
1191 590 1297 610 sumus.

1187 673 1328 702 ll0.\llLlA
1347 675 1418 704 XIV.

944 730 966 759 1.
981 730 1065 759 Μυίιο
1078 737 1167 759 autem
1186 733 1330 765 maturius,
1342 741 1425 768 quam
1439 734 1560 769 quotidie
1575 734 1690 767 solebat,

907 775 1005 804 Petrus
1027 783 1202 812 experrectus
1215 778 1249 806 ad
1265 787 1314 806 nos
1330 779 1470 814 ingressus
1486 785 1537 812 est,
1556 788 1624 815 quos
1645 788 1693 807 ex-

909 824 1068 859 pergefecit,
1092 833 1124 852 ac
1150 825 1244 853 dixit:
1273 826 1420 855 Faustinus
1445 832 1471 855 et
1498 827 1693 857 Faustinianus

910 877 1017 903 unaque
1033 869 1159 897 Clemens
1181 879 1242 898 Clllll
1265 872 1323 898 suis
1349 880 1392 898 me
1414 879 1574 906 sequantur,
1599 878 1628 900 111,
1645 881 1692 901 ve-

909 915 1013 942 nientes
1029 915 1062 942 ad
1085 916 1222 943 obtectum
1242 917 1326 944 maris
1349 917 1439 944 locum
1463 919 1532 945 clam
1553 919 1693 950 possimus

908 969 967 988 eam
986 961 1133 996 baptizare.
1157 961 1249 997 Itaque
1264 963 1308 989 ubi
1333 963 1435 991 fuimus
1456 965 1482 991 in
1499 965 1598 997 littore,
1621 966 1693 992 inter

908 1015 973 1034 saxa
989 1008 1124 1041 quaedam,
1139 1017 1199 1043 quzc
1216 1010 1393 1043 tranquillum
1409 1015 1435 1037 et
1451 1012 1580 1038 mundum
1601 1012 1690 1038 locum

908 1053 1075 1087 prtchebant,
1085 1054 1232 1089 baptizavit
1247 1053 1395 1082 illam.Nos
1406 1060 1495 1083 autem
1511 1056 1618 1089 fratres,
1635 1065 1692 1084 mu-

908 1099 1005 1125 lierum
1018 1100 1120 1134 gratia,
1133 1108 1185 1126 una
1201 1107 1263 1127 cum
1274 1099 1357 1127 fratre
1371 1105 1398 1127 et
1416 1100 1476 1128 aliis
1496 1102 1634 1128 nonnullis
1650 1110 1692 1129 se-

907 1145 1040 1171 cessimus
1053 1151 1079 1172 et
1096 1144 1227 1177 lavimus;
1247 1153 1278 1172 ac
1297 1145 1409 1180 profecti
1426 1147 1458 1172 ad
1476 1147 1602 1174 mulieres
1616 1155 1692 1174 rece-

906 1192 997 1226 pimus
1013 1191 1096 1226 ipsas.
1119 1190 1219 1226 Sicque
1235 1191 1262 1218 in
1285 1191 1376 1219 locum
1400 1193 1537 1219 occultum
1555 1193 1691 1228 progressi

906 1238 961 1265 illic
975 1237 1076 1272 precati
1091 1245 1197 1264 sumus.
1212 1236 1306 1264 Postea
1321 1237 1416 1265 Petrus
1430 1238 1559 1266 mulieres
1574 1239 1609 1266 ob
1624 1240 1692 1266 mul-

907 1284 1048 1311 titudinem
1074 1283 1220 1318 praemisit,
1241 1283 1341 1318 iubens
1365 1288 1394 1310 ut
1412 1291 1459 1319 per
1481 1285 1592 1312 alteram
1617 1286 1690 1313 viam

906 1330 975 1357 irent
988 1330 1021 1357 ad
1038 1330 1197 1364 hospitium,
1210 1329 1329 1364 solisque
1340 1330 1460 1357 virorum
1474 1331 1552 1358 nobis
1566 1332 1690 1366 permisit

906 1381 1019 1403 matrem
1043 1383 1074 1403 ac
1098 1375 1227 1402 mulieres
1249 1375 1386 1403 comitari.
1409 1375 1555 1403 Venientes
1573 1384 1638 1412 ergo
1656 1377 1690 1405 ad

905 1423 1086 1450 diversorium
1101 1426 1127 1450 et
1143 1423 1332 1457 priestolantes
1346 1422 1492 1449 adventum
1515 1422 1588 1450 illlus
1604 1423 1690 1450 collo-

904 1467 1057 1502 quebamur
1076 1466 1203 1494 invicem.
1217 1465 1282 1493 Post
1297 1466 1397 1494 multas
1412 1474 1476 1494 vero
1493 1467 1575 1494 horas
1594 1467 1690 1496 Petrus

904 1519 1045 1544 regressus
1063 1519 1160 1546 panem
1175 1511 1201 1538 in
1215 1511 1408 1539 eucharistiam
1426 1511 1514 1547 fregit,
1526 1517 1553 1540 et
1567 1512 1627 1540 cibo
1640 1521 1690 1547 po-

903 1558 955 1586 sito
975 1558 1055 1585 matri
1075 1559 1192 1594 primum
1208 1558 1297 1592 dedit,
1321 1566 1353 1586 ac
1372 1562 1433 1593 post
1453 1566 1512 1585 eam
1531 1559 1610 1586 nobis
1626 1559 1690 1587 [iliis

904 1604 973 1639 ejus.
989 1605 1077 1639 Atque
1100 1605 1136 1631 ita
1152 1612 1213 1632 cum
1230 1612 1261 1632 ea
1277 1605 1457 1636 comedimus,
1473 1604 1612 1640 Deumque
1627 1605 1690 1632 lau-

903 1650 984 1678 dibus
997 1651 1134 1685 prosecuti
1150 1658 1257 1678 sumus.

939 1696 970 1724 ll.
991 1696 1060 1723 Tum
1076 1696 1174 1723 deinde
1195 1696 1307 1731 Petrus,
1326 1697 1480 1733 ingressth
1499 1697 1630 1732 populum
1647 1696 1689 1723 vi-

903 1741 988 1775 dens,
1012 1750 1075 1770 cum
1097 1742 1232 1775 sedisset,
1265 1751 1372 1778 nosque
1398 1743 1525 1778 jussisset
1549 1743 1687 1774 assidere.

903 1789 1041 1816 enarravit
1058 1789 1146 1823 primo
1161 1796 1193 1815 ac
1214 1789 1316 1821 docuit,
1334 1797 1387 1823 qua
1406 1789 1509 1816 ratione
1532 1789 1611 1816 nobis
1627 1793 1688 1822 post

903 1833 1069 1868 baptismum
1084 1834 1234 1867 pnemissis
1249 1833 1307 1868 ipse
1322 1834 1399 1861 tarde
1416 1834 1552 1861 rediisset.
1569 1833 1687 1862 Causam

902 1887 966 1906 vero
981 1879 1050 1906 hanc
1066 1879 1190 1906 dicebat:
1213 1879 1300 1906 Simul
1324 1885 1471 1914 atque_vos
1484 1900 1492 1911 ,
1511 1879 1617 1914 inquit,
1631 1879 1687 1907 dis-

902 1925 1033 1956 cessistis,
1048 1932 1128 1952 senex
1143 1925 1285 1958 operarius
1294 1924 1530 1956 advenit,curiose
1545 1925 1688 1952 occultans

902 1978 941 2003 se,
967 1970 1101 2005 nobisque
1125 1970 1201 2005 prius
1226 1970 1378 1998 observatis
1406 1970 1498 2006 (sicut
1514 1970 1572 2005 ipse
1592 1974 1688 2005 pestea

901 2015 991 2043 fassus
1005 2017 1068 2050 est),
1083 2020 1112 2043 ut
1128 2016 1241 2048 videret,
1256 2016 1387 2051 quidnam
1400 2016 1515 2052 ingressi
1530 2016 1619 2043 locum
1637 2016 1688 2044 ob-

901 2067 1001 2089 tectum
1021 2070 1179 2097 ageremus,
1197 2062 1266 2089 clam
1285 2063 1351 2089 exiit
1369 2067 1396 2090 et
1412 2067 1522 2090 secutus
1538 2067 1589 2096 est,
1606 2067 1688 2098 atque

901 2108 927 2135 in
948 2113 1101 2143 opportuno
1122 2108 1183 2135 loco
1205 2109 1369 2136 conveniens
1387 2117 1430 2136 me
1446 2117 1478 2137 ac
1492 2109 1614 2137 salutans
1628 2109 1685 2138 ait:

899 2153 958 2182 Jam
973 2155 1018 2182 diu
1038 2159 1063 2182 te
1079 2162 1196 2189 sequens
1212 2159 1239 2182 et
1255 2155 1356 2190 alloqui
1376 2155 1501 2191 cupiens,
1518 2156 1632 2183 verebar
1653 2163 1688 2183 ne

900 2201 966 2228 mihi
982 2205 1110 2236 tanquam
1125 2201 1236 2228 curioso
1251 2201 1503 2235 irascereris,nunc
1517 2206 1608 2229 autem
1625 2209 1688 2236 qua)

51 2250 155 2284 μήπως
168 2248 209 2279 ὡς
229 2247 368 2284 περιέργῳ
383 2256 428 2283 μοι
446 2247 619 2284 χαλεπαίνῃς
638 2247 685 2275 νῦν
697 2247 726 2274 δὲ
738 2247 772 2274 τὰ
788 2248 849 2283 ἐμοὶ

907 2247 966 2274 :nihi
981 2247 1107 2275 videntur
1121 2256 1195 2281 vera,
1213 2248 1237 2275 si
1248 2248 1289 2275 vis
1300 2247 1419 2283 profero.
1429 2248 1461 2275 Et
1474 2256 1524 2283 ego
1536 2248 1664 2283 respondi
1678 2257 1685 2276 :

49 2295 187 2321 δοκοῦντα
203 2294 301 2330 ἀληθῆ,
319 2295 343 2321 εἱ
369 2293 472 2329 βούλει,
494 2294 575 2328 λέγω.
593 2293 677 2327 Κάγὼ
696 2293 846 2329 ἀπεκρινά-

50 2349 118 2375 μηνο
131 2340 218 2375 298
227 2340 297 2374 Λέγε
309 2341 374 2376 ἡμῖν
388 2340 456 2376 ὅπερ
470 2349 509 2366 σοι
520 2340 593 2367 δοκεῖ
603 2339 685 2365 καλὸν
701 2337 781 2370 εἶναι,
799 2339 846 2366 καὶ

49 2386 244 2421 ἀποδεξόμεθα
261 2395 302 2418 σε,
319 2385 370 2413 κᾶν
383 2386 422 2421 τῷ
443 2386 499 2412 ὖντι
517 2386 554 2421 μὴ
568 2385 649 2412 καλὸν
693 2385 724 2412 τὸ
736 2385 847 2420 λεγόμε-

49 2442 112 2464 νον,
125 2432 243 2468 ἐπιπερ
263 2432 353 2468 ἀγαθῇ
376 2433 534 2469 προαιρέσει
555 2433 584 2459 τὸ
604 2432 698 2459 δοκοῦν
712 2440 753 2458 σοι
766 2431 847 2458 καλὸν

51 2479 142 2505 εἰπεῖν
156 2478 302 2513 ἠθέλησας.

90 2524 134 2552 111.
155 2525 211 2551 Καὶ
223 2525 237 2550 ό
254 2523 344 2559 γέρων
357 2523 405 2550 τοῦ
423 2523 512 2557 λέγειν
522 2523 621 2558 ἧρξατο
636 2521 731 2554 οὕτως*
743 2522 847 2549 Θαλάσ-

57 2577 92 2606 σῃ
116 2569 189 2605 ὑμᾶς
208 2568 389 2604 λελουμένους
413 2568 494 2599 εἰς’ι
518 2568 564 2594 τὸν
584 2568 741 2606 ἀπόκρυφον
762 2567 845 2595 τόπον

900 2293 947 2321 Dic
964 2294 1044 2321 nobis
1065 2294 1137 2328 quod
1155 2295 1203 2322 tibi
1222 2294 1328 2321 videtur
1345 2301 1406 2322 esse
1421 2294 1535 2327 bonum,
1549 2299 1575 2321 et
1592 2293 1687 2321 lauda-

899 2340 989 2367 bimus
1006 2345 1042 2372 te,
1059 2340 1121 2367 licet
1136 2347 1166 2367 re
1180 2347 1244 2368 vera
1257 2361 1264 2373 ,
1282 2340 1356 2375 quod
1372 2340 1475 2368 dixeris
1487 2361 1495 2373 ,
1512 2340 1613 2367 bonum
1631 2347 1686 2371 nou

899 2385 993 2417 fuerit,
1019 2386 1146 2420 quoniam
1172 2385 1299 2420 prudenti
1329 2386 1446 2413 consilio
1468 2386 1511 2419 id,
1535 2385 1608 2421 quod
1635 2386 1686 2414 tibi

897 2431 987 2460 visum
1009 2436 1052 2459 est
1077 2432 1190 2466 bonum,
1207 2432 1327 2459 volueris
1345 2431 1481 2467 proloqui.

932 2519 977 2547 111.
998 2519 1066 2546 Tum
1085 2527 1168 2546 senex
1191 2519 1227 2546 ita
1245 2520 1328 2554 οωρὶῑ
1353 2519 1466 2547 dicere:
1494 2519 1523 2546 ln
1541 2519 1611 2547 mari
1635 2527 1686 2547 vos

899 2567 999 2595 lavisse
1022 2567 1098 2600 vidi,
1115 2570 1143 2594 et
1168 2573 1230 2602 post
1254 2566 1305 2594 hoc
1320 2566 1354 2594 ad
1379 2571 1516 2594 secretum
1540 2566 1687 2594 secessisse

708 2655 825 2684 VARIIE
845 2656 1046 2685 LECTIONES.

95 2715 114 2731 ¹⁶
131 2713 169 2742 Ita
185 2714 208 2742 0
233 2723 258 2742 e.
281 2714 302 2742 S
317 2734 325 2747 ,
340 2713 500 2749 όρθρίτερον
529 2713 562 2741 C.
584 2713 642 2741 Cl'r.
658 2713 733 2741 hom.
747 2722 794 2747 xu,
817 2715 865 2748 l2;
894 2722 937 2742 xvi
950 2735 958 2747 ,
973 2715 1004 2741 21
1020 2723 1027 2747 ;
1054 2723 1120 2748 xvu,
1137 2715 1166 2748 l;
1184 2723 1241 2748 xIx,
1256 2715 1281 2742 l.
1296 2713 1365 2741 Tum
1383 2712 1443 2740 καθ’

841 2750 965 2784 posthac.
982 2750 1050 2777 Tum
1069 2751 1105 2778 id.
1123 2750 1163 2777 Τὰ
1178 2751 1225 2777 τοῦ
1242 2749 1428 2785 βαπτίσματος
1444 2748 1629 2784 σχεδιάσωμεν
1645 2749 1684 2784 (in

62 2793 140 2822 marg.
153 2783 286 2822 παρενθὲν
312 2785 364 2812 καὶ
380 2783 466 2822 νόθον)
483 2792 509 2819 p.
525 2785 561 2822 tl
580 2784 764 2822 altercasti-mp
785 2783 922 2822 ﬁnitima
950 2785 1035 2822 αὐτὴν
1063 2785 1231 2822 δυνηθῶμεν.

64 2819 127 2854 Epit:
139 2819 197 2848 lltl'
207 2821 267 2849 etO
282 2841 289 2848 .
305 2821 387 2848 deest
401 2820 427 2846 in
444 2825 516 2847 textu
532 2819 574 2852 Ci.
611 2821 633 2836 ¹⁵
646 2819 692 2845 ἐπὶ
715 2819 835 2854 supplevi
854 2828 886 2846 ex
899 2819 930 2847 0.

63 2751 80 2766 "
94 2748 373 2786 ἀκουλουθησάτωσάν
397 2757 441 2786 μοι
528 2749 560 2786 7“
579 2748 718 2786 σκεπεινῷ
734 2748 756 2776 Ο
772 2769 779 2781 ,
791 2754 819 2786 et

1468 2713 1575 2748 ἡμέραν
1601 2714 1683 2743 idem.

1281 2785 1303 2801 ¹³
1317 2783 1363 2811 τὸν
1390 2784 1512 2818 αἰγιαλόν
1538 2785 1567 2811 (Σ.
1582 2783 1586 2784 7
1608 2785 1629 2800 ¹⁵
1641 2783 1686 2811 καί

971 2820 992 2836 ³⁸
1007 2819 1054 2848 διαὶ
1069 2819 1180 2852 ταύταις
1195 2823 1255 2853 ταῖς
1271 2819 1391 2855 γυναιξίν
1406 2820 1428 2846 1)
1442 2840 1450 2851 ,
1464 2820 1510 2846 καὶ
1521 2820 1580 2852 ταῖς
1591 2819 1688 2852 ἄλλαις

63 2864 86 2889 γ.
101 2857 168 2891 conj.
184 2856 202 2883 S
253 2858 275 2874 ¹⁷
287 2855 338 2884 καί
353 2854 420 2891 add.
436 2854 525 2891 c._0.7
538 2855 576 2881 Ex
599 2855 693 2891 eodi'm
716 2856 824 2891 reposui
848 2855 928 2891 ἡμῖν,
946 2857 1018 2890 quod
1042 2857 1149 2890 trausiit
1161 2857 1190 2883 ὃ.
1208 2854 1506 2891 Τιιιῂσυνεστιάθημεν
1520 2855 1570 2891 C.V
1592 2856 1613 2871 “‘
1637 2863 1687 2883 πε-

65 2889 157 2929 ρίεργος
177 2892 252 2930 Epit.
295 2892 319 2908 "
333 2889 445 2918 κλέπων
460 2889 491 2918 0.
510 2890 632 2926 Sequens
645 2889 692 2918 καί
705 2898 740 2919 ex
754 2889 823 2926 Epit.
835 2889 896 2919 ct'O
911 2911 919 2926 ,
934 2889 1009 2920 deest
1021 2900 1065 2926 ap.
1079 2891 1110 2920 C.
1149 2892 1171 2908 '°
1184 2891 1229 2919 καί
1245 2891 1348 2920 inserui
1362 2899 1387 2920 c.
1403 2890 1435 2919 0.
1448 2889 1494 2922 ”,²¹
1519 2890 1572 2918 ὑπό
1582 2891 1614 2919 0.
