1932 3100
267 148 320 178 347

692 147 719 175 ς.
739 147 932 175 CLEMENTIS
950 147 960 174 I
988 147 1069 174 ROM.
1091 147 1189 174 ΡΟΝΤ.
1210 146 1323 174 OPERA
1341 148 1452 176 DUBIA.

1832 149 1879 177 558

263 206 354 234 locum
370 216 377 234 τ
406 206 539 234 accedens
555 213 638 241 ergo,
658 210 685 232 ct
709 207 858 233 observans
871 206 905 233 de
923 206 1048 238 occulto,

1100 207 1329 242 ὑποχωρήσαντας
1344 205 1414 236 ἰδὼν,
1429 204 1582 241 προσελθὼν
1595 205 1681 241 λάϐρα
1698 206 1878 233 κατετκόπουν

263 253 329 287 quid
350 253 376 279 in
401 257 535 280 secretum
561 252 676 287 ingressi
702 252 838 286 ageretis,
856 259 917 279 cum
938 257 1046 279 orantes

263 299 459 333 inspexissem,
477 299 601 325 secessi:
627 302 654 325 et
679 305 729 325 vos
752 298 898 325 miseratus
926 297 1045 332 opperiri

263 345 343 378 coepi,
356 352 500 379 usquequo
513 351 638 379 egressos
653 343 814 378 alloquerer.
828 351 860 370 ac
870 344 996 370 docerem
1013 351 1046 370 ne

261 390 371 418 erretis.
388 389 456 422 Quia
477 397 566 424 neque
580 388 650 416 Deus
666 393 725 422 est,
752 397 839 423 neque
864 389 1044 425 providentia,

260 435 308 461 sed
325 434 417 468 genesi
435 434 526 461 omnia
543 433 698 467 subjacenl,
716 434 786 461 sicut
805 441 855 468 ego
871 441 904 460 ex
918 433 952 462 iis
963 454 970 466 ,
986 441 1046 468 quae

263 481 328 507 milii
346 480 522 513 acciderunt,
538 479 760 507 manifestissime
775 479 905 514 comperi,
920 479 946 506 in
963 479 1046 506 disci-

261 527 335 561 plina
353 526 506 553 matheseos
520 526 578 560 jam
608 526 711 560 pridem
742 525 885 560 diligenter
912 525 1044 551 eruditus.

260 572 322 599 Noli
341 580 406 606 ergo
428 579 531 604 errare,
554 571 601 598 ﬁli.
622 571 684 598 Sive
706 571 778 598 enim
795 579 874 601 ores.
900 570 956 597 sive
973 577 1043 601 non,

261 626 322 652 qua:
337 617 445 651 genesis
461 621 507 644 tua
525 617 656 650 continet,
676 617 732 644 haec
750 617 796 643 tibi
815 616 937 644 accident
952 623 1045 642 neces-

261 663 344 690 sario.
367 662 434 689 Nam
465 663 488 689 si
508 670 602 697 preces
628 666 740 697 possent
755 662 858 696 aliquid
872 681 879 694 ,
904 661 947 688 vel
974 661 1044 687 bona

261 716 354 742 opera.
373 708 430 742 ipse
448 707 518 741 inter
549 707 685 734 feliciores
701 714 800 734 essem.
818 706 858 735 Ac
884 713 974 739 nunc,
992 705 1044 733 nisi

262 757 288 779 te
304 752 405 787 decipit
428 752 485 786 haec
502 751 666 787 paupercula
683 758 741 778 mea
759 750 858 783 vestis,
876 750 957 778 dictis
977 750 1044 777 meis

261 806 316 832 non
330 798 445 832 diﬂidas.
462 797 531 830 Cum
555 797 618 824 olim
643 797 670 824 in
686 804 785 831 magna
805 797 938 832 bonorum
957 795 1044 822 abun-

261 844 355 877 dantia
371 851 512 876 versarer,
528 843 614 870 multa
631 847 686 870 tum
712 842 765 870 diis
783 841 967 874 immolabant,
986 846 1042 868 tum

260 890 352 924 egenis
372 889 505 923 largiebar
521 898 527 916 ε
549 893 667 915 attamen
688 888 754 915 dtnn
775 895 824 915 oro
842 892 869 915 et
900 887 943 922 pie
959 887 1021 913 vivo
1034 907 1040 918 ,
1058 879 1078 912 Β

260 935 345 962 fatum
364 943 416 962 non
441 934 515 969 potui
536 934 663 968 effugere.
685 933 717 960 Et
732 940 782 967 ego
799 933 856 960 dixi
875 942 882 959 :
908 924 1041 965 Quantam

260 986 343 1014 sunt,
368 989 428 1016 quae
446 981 493 1008 tibi
519 980 713 1016 contigerunt?
731 979 777 1006 llle
797 986 862 1006 vero
879 978 1018 1013 respondit
1034 986 1040 1009 ;

259 1024 318 1052 Non
331 1033 441 1054 necesse
458 1031 499 1053 est
513 1033 586 1052 nunc
600 1025 712 1052 dicere:
728 1023 797 1051 forte
821 1023 848 1050 in
866 1023 918 1050 line
934 1023 1037 1056 audies,

259 1073 384 1107 quisnam
400 1080 450 1108 ego
466 1080 528 1100 cum
551 1080 656 1104 essem,
678 1076 705 1098 et
724 1079 757 1098 ex
773 1071 873 1106 quibus
889 1075 967 1097 ortus
979 1090 986 1102 ,
1009 1069 1036 1098 in

1096 250 1126 276 τὸ
1142 250 1168 276 τί
1182 251 1216 277 ἂν
1232 252 1262 277 ἐν
1274 252 1400 286 κρυφαίῳ
1412 251 1543 282 εἰσιόντες
1556 251 1711 286 πράττοιτε,
1726 253 1774 278 καὶ
1790 253 1882 288 ἐπειδὴ

1096 296 1258 330 εὐχομένους
1281 294 1350 322 εἶδον
1369 297 1402 327 ¹’,
1424 295 1603 331 ὑπεχώρησα·
1628 296 1742 331 ἐλεήσας
1762 296 1790 322 δὲ
1812 297 1883 331 ὑμᾶς

1096 341 1234 375 ἀνέμεινα,
1257 342 1331 373 ὅπως
1352 341 1487 375 ὲξιοῖισι¹³
1509 342 1712 377 προσομιλήσας
1733 342 1819 368 πείσω
1846 344 1883 378 μὴ

1097 385 1262 412 ἀπατᾶσθαι.
1275 386 1343 412 Οὖτε
1355 386 1409 422 γὰρ
1421 387 1486 418 Θεὸς
1501 386 1588 419 ἔστιν,
1601 386 1662 413 οὔτε
1676 388 1802 422 πρόνοια,
1815 388 1886 414 ἀλλὰ

1095 431 1202 464 γενέσει
1218 431 1252 458 τὰ
1269 432 1357 458 πάντα
1370 432 1520 463 ὑπόκειται,
1531 432 1568 463 ὼς
1584 431 1638 466 ἐγὼ
1651 432 1692 466 ἐφ’
1704 429 1744 463 οἷς
1760 432 1886 459 πέπονθα

1095 476 1354 512 πεπληροφόρημαι,
1373 478 1405 503 ὲκ
1421 476 1525 504 πολλῶν
1535 477 1557 493 ’⁸
1570 477 1690 512 ἀκριϐῶν
1702 477 1732 503 τὺ
1755 477 1885 513 μάθημα.

1095 521 1140 556 Μὴ
1157 519 1202 547 οὖν
1216 521 1323 553 ἀπατῶ,
1340 522 1443 549 τέκνον.
1458 522 1519 549 Εἴτε
1536 522 1589 558 γὰρ
1604 522 1685 558 εὔχῃ,
1707 523 1762 549 εἴτε
1777 523 1826 558 μὴ,
1851 523 1888 549 τὰ

1095 567 1127 592 ὲκ
1138 566 1186 601 τῆς
1202 565 1334 600 γενέσεως
1345 566 1459 602 πάσχειν
1470 567 1591 602 ἀνάγκην
1602 567 1681 602 ἔχεις·
1696 569 1720 594 εἰ
1735 568 1791 604 γὰρ
1804 569 1887 604 εὐχαί

1094 620 1122 638 τι
1135 612 1260 639 ἐδύναντο
1271 613 1293 628 ’⁸
1306 612 1323 648 ἢ
1340 612 1369 638 τὸ
1385 611 1414 639 εὖ
1433 614 1531 644 ποιεῖν,
1545 613 1625 645 αὐτὸς
1635 613 1668 639 ἂν
1681 615 1709 640 ἐν
1721 615 1777 646 τοῖς
1790 615 1888 649 κρείτ-

1093 666 1168 684 τοσιν
1184 659 1267 693 ήμην.
1284 659 1340 684 Καὶ
1353 658 1398 685 νῦν
1415 659 1439 684 εὶ
1460 659 1495 694 μή
1514 667 1544 684 σε
1559 658 1657 694 ἀπατᾷ
1670 660 1686 694 ἡ
1699 660 1816 694 πενιχρὰ
1831 669 1887 695 μου

1094 704 1165 744 αὕτη
1184 703 1278 741 ἐσθὴς,
1298 705 1348 730 οὐκ
1365 704 1524 740 ἀπιστήσεις
1541 705 1563 720 ³⁵
1575 702 1616 736 οἷς
1636 705 1715 739 λέγω.
1735 705 1779 732 Ἑν

1096 749 1152 784 βίου
1171 749 1235 775 ποτὲ
1256 748 1293 775 ὣν
1309 749 1465 784 περιουσίᾳ,
1479 749 1563 776 πολλά
1575 751 1621 776 καὶ
1642 750 1713 781 Θεοῖς
1730 750 1819 782 ἔθυον,
1835 752 1887 777 καὶ

1094 795 1230 830 δεομένοις
1242 796 1380 830 παρεῖχον,
1395 795 1441 821 καὶ
1457 795 1531 830 ὅμως
1544 795 1689 830 εὐχόμενός
1700 804 1729 821 τε
1743 795 1791 822 καὶ
1805 795 1887 831 2-207;—

1095 840 1149 875 ϐῶν
1167 840 1216 875 τὴν
1229 839 1412 875 πεπρωμένην
1429 841 1556 875 ἐκφυγεῖν
1571 841 1621 867 οὐκ
1633 841 1776 877 ἠδυνήθην.
1796 841 1887 875 Κάγὼ

1093 886 1170 927 ἔφην’
1183 885 1248 912 Τίνα
1261 885 1333 912 ἐστὶν
1346 885 1364 912 ἃ
1376 885 1512 917 πέπονθας
1518 886 1556 918 ¹⁷;
1570 887 1583 912 ὁ
1595 886 1624 912 δὲ
1635 887 1811 921 ἀπεκρίνατιγ
1825 886 1887 922 Οὺήκ

1093 931 1197 966 ἀνάγκη
1210 930 1297 964 λέγειν
1312 930 1369 962 νῦν,
1385 930 1449 962 ἴσως
1470 931 1516 957 ἐπὶ
1531 931 1602 957 τέλει
1614 931 1728 967 ἀκούσῃ,
1745 931 1787 962 τις
1799 939 1829 956 τε
1847 931 1887 956 ὧν

1093 976 1148 1010 ἐγὼ
1164 977 1210 1002 καὶ
1224 976 1314 1008 τινων,
1329 976 1357 1002 ὲν
1378 976 1467 1008 ποίαις
1489 975 1547 1011 βίου
1571 976 1747 1012 περιστάσεσι
1770 976 1884 1013 γέγονα..

1092 1022 1150 1048 Νῦν
1165 1021 1192 1047 δὲ
1206 1022 1246 1048 ὅτι
1258 1023 1363 1056 γενέσει
1378 1022 1412 1048 τὰ
1429 1022 1516 1048 πάντα
1533 1022 1689 1054 ὑπόκειται,
1705 1021 1887 1059 πληροῳορη-

1093 1067 1172 1102 ϐῆναί
1190 1076 1219 1093 σε
1232 1067 1310 1093 θέλω.

259 1119 357 1154 quales
381 1118 541 1145 incurrerim
567 1118 629 1144 vitae
655 1117 834 1144 calamitates.
856 1115 910 1143 Sed
935 1123 1019 1147 nunc,
1053 1113 1145 1142 omnia
1171 1112 1268 1147 subjici
1294 1112 1443 1148 geniturae,
1461 1112 1522 1140 volo
1539 1113 1587 1140 tibi
1611 1120 1671 1140 esse
1696 1113 1884 1148 perSuasissi-

260 1171 345 1191 Ιιιυιη.

295 1210 339 1237 ιν.
361 1209 417 1246 Ego
432 1210 487 1237 dixi
503 1220 509 1237 :
529 1210 556 1237 Si
574 1211 664 1245 genesi
677 1215 773 1237 cuncta
791 1209 918 1243 subsunt,
933 1209 1039 1243 hocque

259 1255 296 1282 ita
312 1263 372 1282 esse
385 1263 545 1292 persuasum
561 1255 655 1288 habes,
671 1260 759 1282 tecum
772 1253 920 1291 pugnantia
935 1253 1039 1287 cogitas

260 1306 286 1328 et
311 1301 441 1328 consulis.
461 1300 566 1327 Etenim
595 1300 618 1327 si
647 1306 742 1327 contra
765 1299 854 1328 natale
877 1306 911 1326 ne
938 1298 1038 1325 sentire

260 1347 369 1381 quidem
393 1354 559 1385 possumus,
583 1354 632 1373 cur
656 1345 758 1372 frustra
775 1345 903 1377 laboras,
928 1344 955 1370 id
980 1343 1037 1370 ﬁeri

260 1391 441 1423 consulendo,
459 1391 529 1429 quod
547 1398 607 1417 esse
624 1390 739 1424 nequit?
753 1388 906 1422 Quinetiam
926 1389 948 1415 si
967 1388 1038 1415 nati-

258 1437 329 1464 vitas
343 1437 476 1470 subsistit,
495 1436 551 1463 noli
578 1437 603 1462 in
631 1443 663 1463 eo
680 1443 779 1465 navare
794 1442 916 1469 operam,
932 1439 962 1461 ut
979 1442 1041 1469 per-

259 1483 374 1511 suadeas
390 1483 466 1515 mihi,
485 1490 517 1509 ne
531 1482 619 1515 colam
636 1485 771 1508 astrorum
786 1481 865 1507 ctiam
883 1479 1038 1513 Dominum,

259 1529 306 1562 qui
320 1532 348 1554 et
361 1528 382 1555 si
399 1528 462 1554 velit
484 1535 537 1554 non
556 1526 612 1554 ﬁeri
629 1526 747 1560 aliquid,
765 1526 822 1552 lieri
842 1525 943 1559 nequit.
960 1524 1039 1551 Sem-

259 1583 307 1610 per
323 1574 407 1607 enim,
427 1573 498 1608 quod
516 1573 622 1606 subest,
640 1572 677 1606 ei,
693 1571 765 1607 quod
791 1575 887 1606 praeest
901 1579 932 1598 ac
953 1570 1038 1602 ducit,

259 1625 353 1655 pareat
368 1627 479 1646 necesse
504 1620 594 1646 habet.
612 1619 693 1646 Certe
706 1617 831 1645 venerari
852 1625 900 1644 eos
912 1638 920 1649 ,
938 1616 983 1651 qui
1001 1616 1039 1643 dii

259 1670 399 1701 putantur,
417 1665 508 1700 genesi
526 1665 684 1692 dominante
700 1662 867 1698 superﬂuum
880 1666 931 1689 cst.
947 1661 1040 1696 Neque

259 1713 332 1740 enim
350 1717 446 1747 przeter
462 1711 487 1738 id
500 1733 506 1744 ,
523 1711 596 1746 quod
619 1710 677 1738 fato
699 1711 805 1746 placet,
823 1709 971 1744 quidquam
988 1709 1035 1742 fit,

259 1766 348 1793 neque
363 1758 414 1792 ipsi
429 1758 568 1793 quidpiam
585 1757 673 1784 facere
689 1761 814 1792 possunt,
830 1756 877 1791 qui
893 1755 1040 1782 universali

259 1804 350 1838 genesi
368 1812 425 1830 sure
445 1803 499 1830 sint
523 1803 646 1837 subjecti.
666 1802 694 1829 Si
713 1802 818 1837 genesis
840 1801 941 1833 existit,
957 1808 1040 1835 repu—

259 1854 332 1883 gnat.
347 1849 373 1876 id
388 1849 459 1883 quod
477 1857 530 1875 non
548 1853 590 1875 est
603 1848 732 1882 primum,
745 1847 896 1882 imperare:
909 1850 956 1873 aut
973 1846 1038 1873 sub-

256 1895 358 1930 jectum
382 1903 442 1922 csse
468 1902 529 1921 non'
546 1898 635 1929 potest
656 1893 805 1928 ingenitum
818 1913 826 1925 ,
853 1899 927 1925 cum,
943 1895 1037 1926 utpote

259 1941 422 1976 ingenitum,
437 1940 504 1967 nihil
520 1940 618 1967 habeat
636 1947 665 1967 se
681 1939 831 1973 antiquius.

296 1987 328 2014 V.
350 1986 412 2014 Hrec
428 1995 489 2014 cum
509 1987 579 2013 inter
594 1994 642 2012 nos
660 1986 844 2020 loqueremur,
863 1985 957 2020 ingens
974 1983 1040 2011 asti-

259 2032 292 2060 tit
307 2032 447 2059 hominum
461 2031 616 2058 multitudo.
631 2030 762 2065 Tuneque
779 2030 813 2057 ad
827 2038 873 2058 eos
890 2030 1040 2064 respiciens

259 2078 315 2105 dixi
329 2088 334 2105 :
348 2078 402 2112 Ego
416 2085 478 2104 cum
492 2085 589 2111 genere
603 2085 663 2104 meo
675 2076 766 2111 accepi
786 2084 800 2103 a
819 2076 968 2110 majoribus
983 2075 1040 2104 cul-

261 2129 316 2150 tum
334 2123 391 2156 Dei,
408 2128 435 2149 et
451 2127 613 2157 prmccptum
632 2123 719 2150 habeo
736 2130 768 2149 ne
786 2122 856 2148 ortni
875 2121 1038 2153 adlizcream,

1053 1513 1074 1540 (ἶ

1127 1210 1209 1245 299
1226 1210 1271 1237 ιν.
1289 1209 1373 1244 Κάγὼ
1395 1208 1514 1245 ἔφην”Εῐ
1530 1210 1636 1245 γενέσει
1655 1210 1688 1245 τά
1703 1211 1791 1238 πάντα
1813 1212 1884 1238 ὑπό-

1092 1262 1191 1286 κειται,
1213 1255 1260 1281 καὶ
1275 1254 1347 1280 τοῦθ’
1358 1254 1382 1270 ’⁸
1393 1254 1479 1285 οὓτως
1503 1253 1548 1289 ἔχε
1554 1263 1577 1280 ιν
1587 1255 1608 1270 ¹⁹
1625 1254 1820 1290 πεπληροφόρη
1826 1265 1883 1287 σαι,

1092 1299 1196 1335 σεαυτῷ
1206 1300 1312 1326 ἐναντία
1323 1299 1389 1327 νοῶν
1397 1299 1638 1335 συμϐουλεύεις.ξΕἰ
1650 1300 1698 1334 μὲν
1709 1300 1763 1335 γὰρ
1772 1300 1795 1316 ³⁸
1805 1302 1885 1336 παρά

1091 1347 1196 1382 γένεσιν
1208 1347 1237 1373 οὑ
1249 1347 1359 1374 δυνατὸν
1377 1347 1436 1374 οὐδὲ
1449 1347 1479 1373 τὸ
1497 1348 1604 1382 φρονεῖν
1616 1366 1623 1379 ,
1638 1347 1664 1372 τί
1678 1349 1885 1381 ματαιοπονεῇ,

1092 1393 1282 1429 συμϐουλεύων
1305 1393 1431 1428 γενέσθαι
1453 1393 1467 1419 ὃ
1487 1393 1615 1428 γενέσθαι
1636 1393 1764 1419 ἀδύνατόν
1785 1393 1884 1425 tactv;

1091 1438 1147 1465 ἀλλ’
1160 1439 1199 1465 ἔτι
1215 1439 1267 1474 μὴν
1278 1439 1302 1465 ει
1315 1439 1421 1473 γένεσις
1434 1439 1595 1474 ὑφέστηκεν,
1609 1439 1645 1474 μὴ
1663 1438 1761 1464 σπεῦδε
1775 1438 1884 1464 πείθειν

1092 1483 1141 1518 ἐμὲ
1159 1484 1196 1519 μὴ
1211 1484 1300 1511 σέϐειν
1316 1484 1361 1510 τὸν
1374 1485 1420 1510 καὶ
1433 1484 1488 1510 τῶν
1507 1485 1614 1519 ἄστρων
1626 1484 1767 1519 δεσπότην,
1785 1481 1817 1511 οὗ
1835 1483 1883 1509 θέ-

1091 1530 1181 1562 λοντος
1193 1531 1239 1557 καὶ
1255 1530 1291 1565 μὴ
1302 1531 1428 1564 γενέσθαι
1444 1539 1480 1561 τι,
1498 1530 1624 1565 γενέσθαι
1635 1529 1762 1556 ἀδύνατον
1775 1531 1809 1556 ³¹.
1821 1530 1883 1556 Aie‘.

1089 1575 1144 1611 γὰρ
1156 1576 1186 1602 τὸ
1200 1575 1376 1611 ὑποκείμενον
1389 1575 1428 1610 τῷ
1439 1575 1581 1611 ἡγουμένῳ
1595 1575 1734 1602 πείθεσθαι
1754 1575 1882 1610 ἀνάγκην

1090 1620 1156 1655 ἔχει.
1175 1621 1210 1647 Τὸ
1225 1621 1316 1657 μέντοι
1335 1622 1398 1653 τοὺς
1411 1621 1604 1656 νομιζομένους
1616 1621 1692 1652 Θεοὺς
1714 1621 1815 1652 σέϐειν,
1832 1629 1879 1654 γε-

1090 1666 1190 1697 νέσεως
1202 1666 1412 1702 ἐπικρατούσης,
1426 1667 1550 1702 περιττόν
1562 1667 1645 1693 ἐστιν.
1655 1666 1723 1692 υῦτε
1736 1667 1791 1701 γὰρ
1806 1667 1883 1701 παρά

1089 1712 1120 1738 τὺ
1134 1712 1229 1738 δοκοῦν
1246 1714 1278 1747 τῇ
1292 1713 1460 1749 πεπρωμένῃ
1471 1721 1497 1739 τι
1513 1713 1534 1728 ³⁵
1551 1713 1665 1746 γίνεται,
1686 1712 1748 1738 οὔτε
1764 1712 1842 1739 αὐτοί
1855 1721 1882 1739 τι

1090 1760 1177 1785 ποιεῖν
1193 1758 1331 1790 δύνανται,
1347 1760 1380 1794 τῇ
1397 1758 1510 1785 καθόλου
1527 1759 1616 1785 αὐτῶν
1636 1759 1812 1794 ὑποκείμενοι
1832 1767 1881 1793 γε-

1089 1803 1170 1830 νέσει.
1193 1804 1224 1830 Εἰ
1244 1804 1350 1837 γένεσις
1375 1804 1458 1835 ἔστιν.
1482 1804 1631 1831 ἀντίκειται
1653 1804 1684 1830 τὸ
1708 1804 1745 1839 μὴ
1770 1804 1881 1840 πρῶτον

1089 1849 1221 1886 ἄρχειν,ἦ
1237 1849 1259 1865 ”
1275 1849 1433 1876 ὑποκεῖσθαι
1449 1851 1479 1882 οὐ
1496 1849 1605 1876 δύναται
1618 1849 1648 1876 τὸ
1668 1850 1800 1885 ἀγένητον
1812 1870 1820 1882 ,
1838 1851 1879 1882 ῶς

1089 1895 1220 1930 ἀγένητον
1233 1894 1328 1921 ἑαυτοῦ
1341 1895 1473 1931 πρεσϐύτε
1479 1903 1523 1931 ρον
1541 1895 1626 1931 μηδὲν
1637 1895 1707 1930 ἔχον.
1752 1890 1754 1892 ⁷

1124 1985 1157 2012 ν.
1178 1983 1295 2011 Τοιαῦτα
1308 1983 1375 2020 πρὸς
1387 1982 1516 2018 ἀλλήλους
1537 1981 1670 2016 λεγόντων
1688 1981 1777 2017 ἡμῶν,
1795 1982 1881 2014 πολὺς

1090 2031 1212 2067 παρέστη
1226 2030 1312 2065 ὖχλος.
1327 2029 1382 2057 Καὶ
1397 2029 1457 2055 τότε
1470 2028 1525 2063 ἐγὼ
1544 2030 1584 2059 εἰς
1599 2028 1644 2054 τὸν
1661 2028 1738 2063 ὄχλον
1761 2028 1880 2054 ἀποϐλέ-

1091 2085 1148 2104 πων
1160 2076 1235 2113 ἔφην·
1254 2075 1324 2110 Ἐγὼ
1335 2075 1382 2102 καὶ
1397 2074 1427 2101 τὸ
1442 2074 1508 2109 ἐμὸν
1520 2073 1601 2109 φῦλον
1615 2074 1647 2100 ὲκ
1660 2073 1799 2109 προγόνων
1811 2073 1881 2100 Θεὸν

1091 2122 1179 2150 σέὁειν
1190 2121 1365 2158 παρειληφὼς
1381 2121 1427 2147 καὶ
1441 2119 1623 2155 παράγγελμα
1635 2119 1704 2154 ἔχων
1716 2118 1823 2152 γενέσει
1840 2119 1880 2154 μὴ

260 2168 429 2202 astrologicze
443 2168 554 2202 inquam
566 2167 716 2201 disciplina:
728 2176 735 2194 :
750 2167 851 2194 idcirco
864 2166 896 2193 ad
908 2174 967 2193 eam
980 2167 1039 2194 ani-

1093 2169 1278 2205 προσανέχειν,
1295 2167 1366 2202 λέγω
1379 2167 1411 2202 δὴ
1422 2166 1461 2202 τῷ
1472 2167 1520 2204 τῆς
1533 2165 1710 2201 ἀστρολογίας
1723 2165 1879 2201 μαθήματι,

261 2222 334 2241 mum
352 2222 406 2240 non
435 2214 563 2249 applicui.
587 2212 663 2240 Unde
687 2212 838 2247 astrologiae
859 2212 966 2247 quidem
985 2219 1040 2238 non

259 2265 320 2283 sum
338 2257 441 2291 peritus
456 2267 462 2284 :
480 2265 596 2292 quorum
615 2262 705 2284 autem
723 2257 846 2292 peritiam
871 2256 959 2283 habeo
971 2277 978 2289 ,
994 2256 1039 2283 illa

261 2310 406 2336 exponam.
424 2302 492 2334 Quia
509 2303 619 2337 genesin
636 2310 668 2329 cx
695 2303 752 2336 ipsa
775 2309 906 2337 geneseos
927 2302 1040 2329 scicntia

259 2347 400 2375 confutare
425 2356 541 2382 nequeo,
558 2348 618 2375 volo
634 2348 686 2374 alia
704 2348 808 2375 ratione
825 2348 977 2381 ostendere,
993 2355 1039 2383 per

261 2394 306 2421 Dei
326 2394 523 2429 providentiam
547 2402 590 2422 res
607 2394 800 2426 administrari,
817 2397 844 2421 et
859 2402 1040 2429 unumquem~

260 2448 315 2474 que
329 2439 477 2467 secundum
491 2447 521 2466 ea
537 2447 597 2474 qua:
612 2439 703 2470 faciat,
727 2439 867 2474 praemium
882 2440 924 2466 vel
944 2447 1039 2474 poenas

261 2493 320 2514 esse
336 2490 478 2513 nacturum
494 2495 500 2513 :
515 2485 578 2522 _sive
589 2493 672 2519 nunc,
688 2485 747 2513 sive
762 2486 886 2521 posthac,
900 2487 968 2513 nibil
980 2495 1039 2514 mea

1089 2215 1134 2242 διὰ
1144 2214 1223 2241 τοῦτο
1242 2214 1272 2240 οὐ
1296 2213 1455 2248 προσέσχον.
1469 2212 1549 2238 Ὅθεν
1566 2211 1742 2246 ἀστρολογίας
1756 2211 1806 2246 μὲν
1827 2212 1880 2238 οὐκ

1090 2261 1147 2296 εἰμὶ
1169 2260 1312 2295 ἔμπειρος,
1336 2255 1373 2285 ὦν
1391 2258 1419 2284 δέ
1431 2258 1506 2293 ειμι,
1531 2258 1717 2293 ὐφηγήσομαι.
1734 2257 1844 2291 Ἐπειδὴ
1856 2257 1880 2272 ³³

1091 2306 1196 2340 γένεσιν
1209 2305 1256 2331 ἀπ’
1273 2305 1357 2340 αὐτῆς
1376 2304 1425 2339 τῆς
1446 2303 1516 2330 κατά
1537 2303 1587 2338 τὴν
1600 2303 1704 2337 γένεσιν
1721 2303 1880 2337 ἐπιστήμης

1090 2351 1284 2382 ἀνασκευάζειν
1304 2350 1335 2376 οὐ
1356 2350 1378 2365 ³⁵
1402 2349 1533 2384 δύναμαι,
1556 2348 1636 2383 300
1653 2347 1783 2383 βούλομαι
1805 2347 1879 2382 ἄλλῳ

1090 2397 1182 2433 τρόπῳ
1206 2395 1355 2428 ἀποδεῖξαι,
1377 2395 1418 2421 ὅτι
1438 2394 1509 2421 κατά
1528 2394 1658 2430 Πρόνοιαν
1680 2393 1821 2420 διοικεῖται
1842 2394 1878 2419 τὰ

1092 2443 1257 2478 πράγματα,
1274 2442 1319 2467 καὶ
1335 2440 1447 2472 ἕκαστος
1459 2460 1467 2471 ,
1490 2440 1558 2476 πρὸς
1571 2439 1588 2466 ἃ
1604 2439 1717 2475 πράττει
1729 2459 1736 2471 ,
1753 2440 1837 2475 τιμῆς
1859 2440 1876 2474 ἢ

1093 2488 1230 2519 κολάσεως
1245 2486 1379 2520 τεύξεταιθ
1393 2487 1447 2513 εἴτε
1465 2486 1493 2513 δὲ
1510 2486 1533 2502 ³⁸
1549 2486 1597 2512 νῦν
1612 2486 1667 2512 εἴτε
1684 2483 1777 2518 αὖθις,
1798 2485 1877 2512 οὐθέν

907 2578 1024 2606 VARUE
1044 2577 1244 2605 LECTIONES.

301 2634 399 2662 ἐἶδον
416 2635 435 2661 S
464 2634 486 2662 0
502 2655 510 2667 ,
535 2634 589 2661 ῐόον
609 2634 642 2662 C.
678 2635 701 2650 "
716 2633 754 2661 lta
779 2633 801 2661 0
827 2638 853 2661 et
873 2641 906 2660 cx
935 2634 1050 2664 conject.
1065 2633 1085 2660 C
1101 2653 1109 2664 ,
1126 2633 1151 2659 in
1168 2631 1223 2666 euj.
1243 2636 1316 2659 textu
1330 2631 1444 2667 ἀξιοῦσιἷ
1482 2629 1624 2667 ’δ-πολλοῦ
1639 2628 1670 2656 C.
1708 2628 1731 2644 ¹³
1748 2621 1874 2667 ξύνανται

259 2669 291 2698 C.
346 2671 368 2686 “
383 2671 420 2697 lla
435 2669 458 2697 Ο
481 2678 506 2697 c.
530 2669 549 2696 S
565 2690 571 2700 .
597 2671 750 2705 ἀπιστήσῃς
765 2669 796 2696 C.
816 2668 988 2705 ᾗῗπέπονοε
1018 2668 1049 2695 0.

260 2707 300 2733 (ΣΙ.
317 2705 361 2733 ed.
381 2706 449 2732 1658
461 2710 488 2732 et
502 2705 580 2732 1724.
619 2705 640 2720 ³¹
667 2703 705 2731 ltu
721 2703 748 2731 ’0
770 2713 795 2732 c.
812 2703 881 2735 Epit.
896 2708 923 2730 et
941 2711 1026 2736 marg.
1038 2703 1068 2730 Ci

260 2741 406 2768 dummodo
437 2738 468 2768 οὗ
494 2740 616 2772 θέλοντος
643 2740 745 2767 referas
761 2739 793 2766 ad
814 2733 873 2774 ἐμέ.
911 2739 933 2754 ²¹
946 2747 973 2764 τι
987 2733 1057 2774 Ole.
1080 2737 1266 2774 Epi‘.,rtlctfsl
1281 2733 1476 2774 iti_text|i__Ci._
1502 2733 1553 2774 “ﬁ

1088 2669 1110 2683 ’⁸
1126 2663 1250 2695 τοῦτο’(ὶ.
1305 2667 1327 2682 ’⁸
1349 2663 1408 2702 ἕχον
1424 2666 1454 2702 (ὶῖ
1511 2665 1533 2681 ⁸⁸
1551 2665 1604 2699 γάρ
1622 2663 1871 2702 Ρηωωίιιῖφβῆε.

1079 2724 1085 2733 ,
1106 2703 1214 2729 δυνατόν
1238 2703 1265 2728 in
1281 2697 1455 2735 textufquod
1471 2705 1500 2728 ut
1515 2697 1607 2735 sanam
1622 2697 1682 2735 lect.
1695 2698 1820 2735 repetivit
1831 2697 1872 2735 εγ,

1578 2739 1610 2772 et
1617 2734 1646 2760 τὸ
1662 2733 1796 2772 ἀγένητον
1813 2733 1871 2759 cod.

263 2775 328 2809 lteg.
347 2775 409 2809 804,
424 2776 522 2802 (ἱρευιιι
532 2776 558 2802 in
576 2769 690 2809 utroque
708 2769 858 2801 llom.coil.
897 2773 918 2809 9
942 2773 1034 2808 ἐπειδὴ
1053 2769 1110 2809 γάρ
1135 2773 1196 2809 cod.
1223 2771 1288 2809 ltcg.
1307 2772 1369 2809 804.
1393 2771 1428 2809 _"
1451 2771 1481 2809 οὺ
1508 2770 1569 2809 add.
1594 2769 1614 2794 Ι)
1638 2776 1676 2809 ex
1701 2769 1820 2809 conject.
1847 2776 1870 2809 ς.

263 2803 408 2837 nonnullis
425 2811 556 2844 Epilomes
574 2803 723 2837 codicibus.
733 2809 819 2836 Verba
835 2808 927 2843 ἐπειδὴ
948 2803 1112 2844 γένεσὶν’ἀπ“
1125 2807 1208 2844 αὐτῆς
1221 2803 1275 2842 τῆξ
1289 2806 1358 2833 κατὰ
1375 2806 1424 2840 τῆν
1435 2805 1539 2839 γένεσιν
1552 2804 1705 2838 ἐπιστήμης
1721 2803 1871 2835 ἀνασκευά-

262 2845 318 2877 {etv
336 2845 365 2871 οὐ
382 2842 496 2880 δύναμαι
521 2845 708 2874 desiderantur
723 2845 749 2872 in
773 2844 804 2871 0.
843 2845 864 2860 ³⁵
877 2844 904 2870 δέ
921 2842 1078 2878 transcripsi
1101 2851 1132 2870 ex
1146 2842 1177 2870 0.
