1932 3100
50 125 95 154 MS

621 128 887 157 CLEMENTINA.-—
902 127 1042 156 HOMILIA
1054 127 1121 155 XIV.

1619 125 1674 153 550

56 192 96 218 μοι
115 182 252 219 διαφέρει,
267 183 352 220 ’πλὴν
372 185 414 211 ὅτι
433 185 540 217 πάντως
561 186 709 212 ἀπολαύσει
731 186 839 217 ἕκαστος

897 185 1027 212 interest:
1055 185 1106 212 nisi
1130 186 1202 220 quod
1221 185 1333 214 omnino
1351 186 1540 221 unusquisque
1556 185 1674 213 fructum

52 226 86 255 ὧν
105 229 232 265 ἔπραξεν.
253 230 288 257 Ἡ
309 231 338 257 δὲ
355 231 490 265 ἀπόδειξις
512 232 558 258 τοῦ
577 233 613 268 μὴ
637 231 705 258 εἶναι
726 234 841 267 γένεσιν,

51 276 123 301 ἐστιν
136 275 216 311 αὕτη.
231 276 296 302 Τῶν
313 277 494 313 παρεστώτων
506 277 533 304 εἴ
551 287 592 310 τις
609 278 754 315 ὀφθαλμῶν
766 279 841 305 ἐστέ-

51 330 150 356 ρηται,
170 321 188 357 ἢ
211 322 315 354 κυλλὴν
342 323 399 361 ἔχει
417 323 438 339 ³⁷
454 324 502 359 τὴν
525 325 621 359 χεῖρα,
652 324 668 359 ἢ
689 324 774 359 χωλὸν
796 325 842 350 τὸν

49 367 116 394 πόδα
130 388 138 399 ,
153 367 170 404 ἢ
189 368 286 404 ἕτερὸν
306 378 333 396 τι
350 370 412 406 περὶ
428 370 505 406 σῶμα
516 391 523 403 ,
540 371 554 397 ὃ
579 371 750 407 ὑποστροφὴν
775 371 842 407 πρὸς

48 413 120 438 ἴασιν
136 412 221 439 πάλιν
241 415 292 440 οὐκ
313 414 379 452 ἔχει,
401 416 447 443 καὶ
465 416 563 447 παντὸς
579 416 698 452 ῑατρικοῦ
717 417 739 432 ³⁸
755 417 841 451 ἑπαγ-

44 458 188 492 γέλματος
215 459 294 491 ἐκτός
317 461 410 493 ἐστιν,
430 461 458 487 ὃν
481 462 540 488 οὐδὲ
568 462 725 497 ἀστρολόγοι
752 463 841 494 ἰᾶσθαι

44 503 278 537 ἐπαγγέλλονται,
293 505 333 531 ὅτι
348 505 384 540 μὴ
396 506 449 532 ἀπὸ
464 506 510 532 τοῦ
526 507 630 543 μακροῦ
647 508 744 540 αἰῶνος
755 509 842 535 τοιοῦ-

42 548 90 574 τόν
108 557 138 575 τι
157 549 287 583 γέγονεν’
300 550 355 585 ἐγὼ
366 551 393 577 δὲ
407 552 472 578 Θεοῦ
485 552 590 588 δεηθεὶς
606 553 654 590 τὴν
669 555 740 581 ἴασιν
753 555 842 590 παρά-

44 602 104 627 σχω
116 594 151 626 ²’,
171 595 253 621 ὁπὸτε
271 595 303 623 ὲκ
319 597 451 630 γενέσεως
471 599 639 634 κατόρθωσιν
660 600 690 626 τὸ
702 601 806 628 τοιοῦτο
818 602 841 617 ⁵⁸

42 639 181 665 οὐδέποτε
202 640 294 667 λαϐεῖν
317 641 444 679 ἠδυνήθη·
466 644 562 672 τούτου
584 645 669 676 οὕτως
697 646 839 682 γενομένω

42 685 94 720 οὐχ
107 687 318 722 ἁμαρτάνουσιν
330 688 354 714 οἱ
367 688 412 715 τὸν
426 689 513 719 πάντα
525 690 762 727 δημιουργήσαντα
775 692 841 719 Θεὸν

43 731 276 767 βλασφημοῦντες
288 735 360 767 ξΚαὶ
384 735 399 762 ὁ
420 736 507 772 γέρων
523 737 698 772 ἀπεκρίνατο·
716 738 841 774 Βλασφη-

45 779 108 812 μεῖν
119 778 178 814 γάρ
190 780 249 805 ἐστι
258 779 289 806 τὸ
298 781 388 815 λέγειν
399 781 502 815 γενέσει
516 782 674 810 ὑποκεῖσθαι
685 782 718 809 τὰ
732 783 820 811 πάντα
831 791 840 816 ;

43 823 124 857 γὰγὼ
138 824 350 861 ἀπεκρινάμην·
369 827 423 852 Καὶ
440 826 520 853 πάνυ.
535 827 566 853 Εἰ
578 827 631 863 γὰρ
648 829 732 854 πᾶσαι
745 828 840 855 αἰτῶν

893 239 988 258 eorum
1001 239 1061 266 qua:
1075 231 1189 266 gesserit
1205 230 1345 265 percipiet.
1359 230 1561 258 Demonstratio
1573 235 1674 263 autem,

893 284 947 304 non
964 284 1024 304 esse
1052 277 1163 312 genesin
1175 297 1183 309 ,
1202 277 1260 303 hzec
1275 281 1326 304 est.
1345 276 1383 303 Ex
1405 276 1558 303 astantibus
1574 276 1597 303 si
1613 277 1674 311 quis

893 323 981 349 oculis
993 322 1028 349 sit
1043 323 1168 355 orbatus,
1182 327 1228 350 aut
1246 322 1371 349 mutilam
1388 321 1484 348 habeat
1498 329 1619 353 manum,
1633 320 1675 347 vel

892 369 988 403 pedem
1005 368 1144 402 claudum,
1159 367 1201 394 vel
1215 367 1241 395 in
1257 375 1371 402 corpore
1383 366 1484 402 aliquid
1503 367 1586 399 aliud,
1601 367 1674 400 quod

892 417 919 440 et
936 412 1023 440 redire
1043 413 1076 439 ad
1095 411 1278 447 integritatem
1305 419 1359 438 nou
1378 411 1474 441 valeat.
1493 414 1520 437 et
1542 411 1577 437 sit
1591 417 1675 444 supra

892 466 1000 485 omnem
1018 458 1151 493 magicam
1168 462 1254 488 artem
1273 465 1280 484 :
1300 463 1380 492 quem
1396 464 1483 491 neque
1499 455 1627 490 astrologi
1646 462 1675 481 se

891 505 1073 540 profiteantur
1100 509 1256 536 sanaturus,
1275 503 1404 538 quoniam
1420 503 1454 530 ab
1477 503 1550 529 omni
1572 502 1674 529 sacculo

891 549 959 577 nihil
976 549 1029 576 tale
1052 549 1186 584 contigit:
1203 557 1253 584 ego
1264 556 1328 575 vero
1354 547 1440 575 Deum
1459 552 1585 583 precatus
1600 547 1673 574 sani~

891 598 974 622 tatem
991 595 1132 630 prmbucro
1146 614 1154 626 ,
1169 594 1389 629 quandoquidem
1405 594 1431 621 id
1449 593 1604 620 nullatenus
1622 600 1672 627 po—

892 641 943 668 tuit
957 648 1003 675 per
1017 641 1128 674 genesin
1141 640 1241 675 corrigi
1255 648 1260 666 :
1274 640 1324 666 hoc
1340 640 1375 666 ita
1391 639 1472 671 facto,
1484 646 1574 665 nouue
1582 643 1674 666 errant

891 687 936 722 qui
954 687 980 714 in
995 691 1156 714 cunctorum
1169 687 1293 722 opificem
1309 685 1392 713 Deum
1406 685 1546 712 maledicta
1559 689 1585 711 et
1599 684 1673 712 blas-

891 732 1014 766 phemias
1034 731 1205 767 conjiciunt?
1222 731 1371 766 Respondit
1387 739 1467 758 senex
1482 739 1487 757 :
1512 729 1630 762 Scilicet,
1646 729 1673 756 id

890 782 932 805 est
947 778 1091 805 maledicta
1106 777 1240 810 conferre,
1252 777 1342 805 dicere
1356 778 1486 812 genitura:
1503 777 1600 811 subjicl
1613 776 1673 803 uni-

891 823 990 851 versa?
1007 823 1107 859 Excepi
1119 831 1169 859 ego
1185 833 1191 850 :
1203 822 1320 851 Omnino
1333 829 1384 850 est.
1395 822 1462 850 Nam
1479 824 1500 850 si
1515 830 1609 850 omnes
1623 822 1673 849 ho-

44 868 203 905 ἀνθρώπιον
226 871 359 907 ἁμαρτίαι
381 872 428 898 καὶ
444 872 564 900 άσέῦειαι
581 874 627 900 καὶ
652 873 790 909 ἀσέλγειαι
811 874 839 907 ἐξ

893 871 997 898 minum
1024 878 1131 898 errores
1159 875 1186 897 et
1211 870 1364 905 impietates
1389 874 1417 897 et
1441 869 1614 904 impudicitia
1638 876 1672 896 ex

45 915 174 953 ᾀστέρων
198 916 334 951 γίνονται,
351 918 376 944 οἱ
396 917 424 944 δὲ
445 918 557 955 ἀστέρες
576 919 662 946 ταῦτα
685 922 771 947 ποιεῖν
787 921 839 948 ὑπὸ

46 960 113 986 Θεοῦ
138 962 296 997 ὲτᾴγησαν,
311 963 354 989 ἵνα
371 963 478 990 πάντων
493 963 617 999 χαλεπῶν
637 965 839 992 ἀποτελεστικοὶ

47 1007 192 1040 γένωνται,
203 1009 234 1034 αἱ
247 1009 357 1036 πάντων
368 1010 500 1046 ἁμαρτίαι
510 1011 550 1042 εἰς
561 1010 640 1038 αὐτὸν
650 1011 837 1048 ἀναφέρονται,

48 1053 92 1079 τὸν
104 1054 156 1090 τὴν
170 1055 280 1088 γένεσιν
297 1055 377 1081 θέντα
388 1056 417 1082 ὲν
432 1057 487 1087 τοῖς
503 1056 622 1092 ἄστροις.

82 1098 127 1126 VI.
149 1099 207 1126 Καὶ
221 1100 235 1126 ὁ
247 1100 337 1135 γέρων
354 1100 531 1136 ἀπεκρίνατο·
551 1101 669 1137 Ἀληθῶς
681 1102 806 1137 μεγάλως
816 1103 838 1119 ⁸¹

50 1146 125 1182 ἔφης,
139 1147 210 1174 ἀλλὰ
224 1148 301 1184 πάσῃ
315 1156 361 1174 σου
374 1148 451 1183 301
465 1150 498 1184 τῇ
510 1149 693 1184 ἀπαραόλὴτῳ
705 1149 839 1182 ἀποδείξει

52 1194 67 1228 ἡ
86 1194 139 1229 ὲμὴ
157 1194 302 1229 ἐμποδίζει
329 1194 489 1230 συνείδησις.
509 1195 579 1229 Ἐγὼ
603 1195 657 1231 γὰρ
678 1195 840 1231 ἀστρολόγος

53 1238 87 1265 ὼν
97 1240 144 1266 καὶ
160 1239 273 1274 Ῥώμην
285 1238 390 1275 πρῶτον
402 1240 523 1275 οἰκήσας,
536 1238 594 1267 εἶτα
604 1240 626 1255 “
640 1240 776 1275 φιλιωθείς
787 1250 840 1268 τινι

61 1287 117 1322 πρὸς
127 1287 225 1321 γένους
235 1287 294 1313 ὄντι
305 1287 452 1323 Καίσαρος,
467 1287 548 1315 αὑτοῦ
562 1297 592 1315 τε
606 1289 652 1315 καὶ
664 1289 712 1325 τῆς
727 1290 839 1325 συμϐίου

60 1334 99 1369 τὴν
113 1334 223 1368 γένεσιν
244 1333 367 1368 ἀκριϐῶς
380 1332 402 1348 ⁸³
426 1334 601 1370 ἠπιστάμην,
622 1334 670 1361 καὶ
696 1336 840 1372 ιστορήσας

54 1380 207 1412 ἀκολούθως
229 1380 281 1412 τὰς
304 1380 418 1416 πράξεις
438 1380 664 1412 ἀποτελεσθείσας
691 1381 780 1408 αὐτῶν
805 1384 839 1419 τῇ

54 1427 156 1460 γενέσει
171 1426 247 1462 ἔργῳ
257 1426 291 1458 ⁸⁸,
306 1425 348 1452 σοὶ
367 1425 438 1461 λόγῳ
451 1426 590 1453 πείθεσθαι
607 1427 637 1453 οὐ
650 1426 776 1463 δύναμαι.
786 1425 840 1455 Ἦν

54 1471 103 1507 γὰρ
114 1472 164 1506 τῆς
176 1471 313 1505 γενέσεως
324 1470 409 1506 αὐτῆς
418 1471 449 1497 τὸ
460 1471 584 1506 διάθεμα,
595 1471 688 1498 ποιοῦν
700 1473 839 1508 μοιχάδας,

56 1517 122 1553 it)in
138 1516 242 1543 δούλων
263 1515 384 1552 ὲρώσας,
402 1516 449 1542 καὶ
466 1516 511 1542 ὲπὶ
530 1515 609 1552 ξένης
630 1518 659 1543 ὲν
681 1517 758 1544 ὕδασι
776 1518 839 1554 θνη-

60 1563 178 1594 σκούσας.
189 1564 223 1589 '0
235 1562 284 1589 καὶ
296 1561 382 1594 οὓτως
391 1563 413 1578 ⁵⁵
427 1562 545 1597 γέγονεν.
559 1562 718 1598 Ἐρασθεῖσα
726 1564 779 1600 γὰρ
790 1564 837 1591 τοῦ

61 1610 116 1636 ἰδίου
131 1609 239 1642 δούλου,
258 1609 306 1635 ua).
319 1609 486 1644 μὴ.φέρουσα
497 1609 542 1635 τὸν
553 1609 645 1644 ψόγον,
657 1609 778 1645 φυγοῦσα
791 1611 839 1638 σὺν

59 1658 138 1694 αὐτῷ,
156 1659 188 1685 ὲν
204 1657 343 1692 ἀλλοδαπῇ
366 1657 509 1693 ὁρμήσασα
522 1658 568 1684 καὶ
585 1657 676 1694 κοίτης
692 1658 765 1694 αὐτῷ
781 1668 838 1686 κοι-

58 1705 205 1740 νωνήσασα,
220 1703 292 1731 κατὰ
305 1703 440 1730 θάλασσαν
450 1703 472 1719 ⁸⁶
487 1703 628 1740 διεφθάρη.

86 1750 143 1778 Vll.
161 1749 250 1783 Κάγὼ
273 1748 473 1785 ἀπεκρινάμην
497 1750 550 1776 Καὶ
571 1749 629 1781 πῶς
649 1749 702 1786 ἄρα
711 1750 733 1766 ⁸⁷
757 1750 837 1785 γινώ-

56 1805 124 1828 σκεις
140 1797 181 1823 ὅτι
199 1796 217 1831 ἡ
235 1794 357 1830 φυγοῦσα
376 1795 404 1820 ὲν
421 1794 554 1832 ἀλλοδαπῇ
572 1795 704 1830 γενομένη
719 1795 764 1821 τὸν
779 1795 839 1822 δοῦ-

54 1840 91 1867 λον
103 1842 224 1876 ἔγημεν,
243 1840 290 1866 καὶ
305 1839 417 1875 γήμασα
438 1839 460 1855 ⁵⁸
481 1839 674 1875 ὲτελεύτησενς
693 1840 747 1866 Καὶ
762 1841 775 1866 ὁ
790 1840 837 1874 γέ-

53 1895 110 1922 ρων·
131 1885 279 1920 ’Δσφαλῶς
292 1883 351 1911 οἶδα
365 1885 477 1920 τάληθῆ,
494 1885 542 1920 οὐχ
563 1885 603 1911 ὅτι
624 1884 734 1921 ἔγημεν,
758 1886 837 1913 ὁπότε

49 1934 98 1961 οὐδ’
109 1934 154 1961 ὅτι
171 1934 230 1968 ἦρα
246 1931 403 1966 ἐγίνωσκον,
419 1930 486 1958 ἀλλὰ
501 1930 569 1966 μετὰ
591 1931 640 1967 τὴν
657 1931 741 1967 αὐτῆς
756 1931 839 1959 ἀπαλ-

46 1979 132 2016 λαγὴν
149 1979 202 2006 καὶ
209 1979 232 1995 ⁸9
243 1977 357 2012 ἀδελφὸς
371 1978 385 2004 ὁ
401 1976 448 2004 τοῦ
464 1976 559 2013 ἀνδρὸς
574 1976 658 2012 αὐτῆς
667 1977 728 2013 ἐμοὶ
743 1977 838 2013 διηγή-

44 2036 108 2056 σατο
127 2027 222 2053 πάντα
245 2025 280 2052 τὰ
302 2024 372 2052 κατὰ
394 2024 438 2051 τὸν
466 2025 550 2059 αὐτῆς
573 2024 677 2060 ἔρωτα,
700 2026 780 2052 xui."
801 2026 839 2058 ὡς

40 2075 147 2111 σεμνὸς
163 2073 216 2106 ὢν,
235 2073 283 2099 ἆτε
299 2072 330 2108 δὴ
347 2071 419 2098 xui."
432 2070 554 2105 ἀδελφὸς,
566 2071 615 2097 οὐκ
631 2070 762 2107 ἐϐουλήθη
778 2072 838 2107 μιᾶ-

37 2129 80 2148 ναι
97 2121 158 2156 τὴν
180 2118 289 2153 κοίτην,
300 2117 347 2144 καὶ
362 2116 421 2148 πῶς
430 2116 575 2151 βουλομένη
584 2115 630 2142 καὶ
637 2116 780 2152 αἰδουμένη
788 2116 837 2144 αὐ-

34 2168 80 2194 τὸν
86 2167 145 2193 καὶ
152 2165 204 2192 τὸν
213 2164 319 2199 ψόγονὴ
328 2162 439 2193 τάλαινα
447 2161 627 2198 (οὐκέστιγὰρ
637 2162 720 2198 αὐτὴν
729 2162 837 2198 μέμψα-

889 916 974 943 stellis
989 916 1126 950 oriuntur,
1144 917 1228 944 stella:
1247 921 1336 944 autem
1353 917 1387 950 ad
1401 924 1431 944 ea
1451 914 1574 942 facienda
1589 923 1604 942 a
1617 913 1672 941 Deo

888 962 1044 989 constituta:
1069 966 1144 994 sunt,
1164 970 1219 997 quo
1244 967 1406 989 cunctorum
1431 961 1595 997 flagitiorum
1617 959 1672 994 sint

888 1007 1047 1041 effectrices,
1064 1007 1185 1034 omnium
1200 1012 1310 1045 peccata
1322 1007 1356 1034 ad
1369 1014 1431 1035 eum
1447 1005 1612 1039 referuntur,
1623 1005 1670 1040 qui

889 1054 916 1081 in
933 1053 1016 1081 astris
1033 1054 1154 1087 posuerit
1169 1052 1291 1088 geuesin.

924 1099 969 1126 Vl.
991 1099 1023 1126 Et
1038 1106 1121 1126 senex
1140 1098 1281 1134 respondit
1296 1106 1302 1125 :
1319 1096 1473 1125 Admodum
1487 1104 1549 1124 vere
1563 1097 1672 1128 locutus

889 1151 937 1177 es;
964 1143 1010 1171 sed
1028 1143 1101 1170 omni
1117 1149 1170 1170 tua;
1199 1143 1405 1177 incomparabili
1431 1143 1584 1180 probationi
1610 1150 1671 1169 mea

889 1189 980 1216 obstat
995 1188 1174 1216 conscientia.
1188 1187 1244 1224 Ego
1258 1188 1348 1221 enim,
1365 1188 1411 1222 qui
1429 1187 1582 1222 astrologus
1597 1194 1670 1219 sum,

889 1239 916 1262 et
933 1234 1025 1261 Romae
1039 1234 1157 1270 primum
1184 1234 1303 1261 habitari
1315 1255 1322 1267 ,
1337 1233 1443 1260 amicus
1468 1237 1561 1268 postea
1583 1231 1672 1259 factus

889 1282 1032 1316 cujusdam
1051 1281 1098 1316 qui
1115 1284 1174 1308 erat
1192 1288 1225 1308 ex
1243 1287 1341 1315 genere
1370 1278 1486 1306 Caesaris
1498 1298 1506 1311 ,
1522 1278 1573 1305 viri
1598 1278 1671 1309 illius

890 1327 1040 1362 uxorisque
1064 1326 1123 1361 ejus
1137 1325 1289 1361 genituram
1314 1328 1441 1352 accurate
1457 1328 1549 1350 notam
1566 1323 1670 1354 habui;

890 1380 1008 1408 cumque
1026 1371 1139 1399 viderint
1160 1378 1212 1403 res,
1228 1375 1309 1405 prout
1324 1369 1427 1397 ferebat
1442 1376 1536 1396 eorum
1553 1367 1670 1402 genesis,

890 1425 984 1445 revera
1002 1417 1136 1450 evenisse,
1152 1424 1278 1444 sermone
1295 1424 1310 1443 a
1334 1420 1361 1443 te
1381 1423 1487 1449 nequeo
1501 1413 1670 1449 persuaderi.

891 1463 1012 1490 Habebat
1029 1463 1102 1490 enim
1128 1463 1227 1489 mulier
1243 1462 1324 1489 talem
1341 1461 1574 1488 constellationem
1587 1480 1594 1493 ,
1611 1467 1672 1495 quae

890 1511 1029 1538 adulteras
1044 1510 1120 1543 facit,
1135 1514 1163 1537 et
1179 1517 1274 1537 servos
1291 1509 1417 1544 proprios
1432 1516 1533 1539 amare,
1548 1508 1575 1534 in
1596 1515 1672 1542 pere-

890 1556 1044 1591 grinatione
1060 1560 1087 1583 et
1102 1555 1129 1582 in
1146 1555 1224 1590 aquis
1241 1554 1350 1590 defungi
1366 1564 1372 1581 :
1389 1554 1461 1589 quod
1479 1558 1505 1581 et
1521 1554 1557 1581 ita
1571 1553 1671 1583 factum

889 1607 940 1629 est.
954 1602 1050 1629 Incidit
1062 1609 1181 1636 namque
1199 1601 1225 1628 in
1243 1608 1363 1628 amorem
1376 1600 1447 1627 servi
1462 1600 1515 1632 sui,
1531 1605 1558 1627 et
1571 1608 1674 1635 oppro—

890 1649 979 1677 brium
996 1656 1050 1676 non
1067 1648 1157 1677 ferens
1171 1647 1239 1683 fugit
1254 1654 1316 1674 cum
1343 1648 1417 1681 ipso;
1438 1653 1470 1673 ac
1484 1654 1595 1681 peregre
1609 1654 1672 1682 pro-

889 1696 972 1729 fecta,
988 1695 1082 1731 illique
1097 1694 1252 1726 commista,
1270 1693 1350 1728 periit
1366 1693 1392 1720 in
1412 1692 1491 1719 mari.

925 1742 979 1768 Vll.
1006 1741 1037 1768 Et
1053 1748 1103 1776 ego
1118 1740 1245 1774 respondi
1266 1748 1271 1765 :
1298 1738 1373 1766 Unde
1400 1738 1482 1773 igitur
1506 1737 1570 1769 scis,
1597 1737 1670 1772 quod

889 1789 933 1815 illa
951 1787 1069 1823 fugiens,
1089 1786 1115 1815 iu
1134 1785 1223 1812 alieno
1242 1784 1300 1812 solo
1314 1784 1414 1818 posita,
1439 1790 1517 1810 servo
1538 1782 1669 1817 nupserit,

887 1839 915 1863 et
926 1838 987 1870 post
1002 1833 1111 1867 nuptias
1133 1831 1215 1858 fuerit
1232 1829 1378 1857 defuncta?
1396 1829 1429 1856 Et
1443 1836 1525 1856 senex
1544 1837 1552 1856 :
1567 1828 1672 1855 Certis-

888 1881 966 1913 sime,
983 1879 1081 1914 inquit,
1094 1877 1162 1911 scio,
1174 1884 1268 1904 revera
1283 1884 1336 1903 non
1354 1875 1427 1910 quod
1444 1874 1567 1909 nupserit
1580 1881 1671 1906 servo.

887 1924 1108 1962 quandoquidem
1137 1930 1226 1957 neque
1251 1923 1323 1957 quod
1337 1929 1399 1948 eum
1422 1923 1536 1952 amaret,
1554 1927 1672 1954 agnove-

887 1981 946 2006 ram
966 1981 973 2001 :
990 1972 1036 2000 sed
1055 1975 1198 2007 postquam
1212 1969 1332 2004 profecta
1347 1972 1398 2000 est,
1421 1967 1501 1994 etiam
1524 1966 1606 1993 frater
1619 1965 1671 1993 viri

887 2018 948 2053 ejus
963 2017 1030 2044 mihi
1058 2015 1194 2043 enarravit
1217 2022 1326 2042 omnem
1352 2013 1425 2040 illius
1439 2020 1577 2046 amorem;
1599 2011 1672 2046 quod

889 2064 956 2099 ipse,
977 2063 1023 2098 qui
1038 2062 1169 2089 honeslus
1184 2064 1252 2092 erat,
1273 2064 1365 2094 utpote
1385 2058 1478 2089 frater,
1501 2057 1618 2084 uoluerit
1631 2062 1673 2084 ωε

888 2118 949 2138 rum
964 2109 1111 2139 maculare,
1130 2113 1156 2134 et
1177 2114 1232 2141 quo
1248 2105 1329 2132 modo
1344 2104 1448 2137 volens,
1466 2112 1498 2130 ac
1519 2104 1607 2138 ipsum
1629 2108 1672 2130 at-

888 2164 941 2192 que
951 2153 1124 2189 opprobrium
1141 2152 1225 2180 verita
1241 2151 1284 2178 illa
1300 2149 1392 2178 infelix
1417 2150 1516 2184 (neque
1530 2149 1602 2176 enim
1619 2148 1672 2175 im-

34 2212 116 2243 σθαι,
136 2212 181 2237 ὅτι
197 2211 230 2236 ἐκ
245 2208 377 2243 γενέσεως
389 2207 474 2234 ταῦτα
490 2209 575 2234 ποιεῖν
590 2208 648 2236 ’πεδ’
665 2208 712 2234 καὶ
726 2208 839 2243 πάσχειν

891 2201 1041 2237 putandum
1066 2199 1091 2226 ei
1110 2203 1163 2230 est,
1183 2198 1247 2233 quia
1268 2204 1326 2223 eam
1343 2195 1450 2230 genesis
1467 2194 1556 2222 facere
1579 2194 1623 2221 illa
1646 2198 1673 2221 et

33 2257 223 2292 ἡναγκάζετο
230 2255 264 2289 ⁸⁸)
274 2254 376 2289 ὄνειρον
388 2253 440 2280 εἴτε
453 2252 538 2288 άληθῆ
548 2253 601 2279 εἴτε
609 2252 693 2289 ψευδῆ
706 2253 842 2281 ἐπλάσατο

33 2304 88 2330 οὐκ
109 2302 172 2338 ἔχω
193 2301 294 2335 λέγειν.
316 2300 411 2334 Ἔλεγε
427 2299 480 2335 γὰρ
498 2298 580 2334 αὐτὴν
595 2299 674 2334 302
691 2299 839 2335 εἰρηκέναι·

39 2348 89 2379 Ὠς
107 2347 154 2374 ὅτι
164 2347 196 2372 ὲν
204 2345 323 2381 ὁράματι
336 2344 448 2375 ἐπιστάς
464 2352 505 2375 τις
521 2343 645 2371 ἐκέλευσέ
662 2353 707 2379 μοι
723 2345 781 2380 ἅμα
795 2345 840 2371 τέ-

37 2401 122 2424 κνοις
143 2391 265 2426 ἐξαυτῆς
280 2390 329 2426 τὴν
355 2389 495 2424 Ῥωμαίων
519 2389 631 2424 ἐκϐῆναι
653 2390 740 2417 πόλιν.
763 2390 791 2417 '0
811 2390 840 2416 δὲ

39 2438 118 2474 ἀνὴρ
135 2436 274 2468 σώζεσθαι
283 2435 368 2471 αὐτὴν
384 2435 432 2462 σὺν
447 2436 503 2466 τοῖς
519 2435 587 2466 υἱοῖς
603 2435 724 2462 σπεύδων
740 2435 839 2462 αὐτίκα

43 2483 151 2515 αὐτοὺς
167 2481 460 2517 παιδευθησομένους⁸⁸
470 2480 566 2513 εἰςτὰς
580 2481 693 2516 Ἀθήνας
704 2480 839 2516 ἐξέπεμψε

47 2530 98 2556 σὺν
115 2530 151 2565 τῇ
170 2527 256 2564 μητρὶ
275 2527 321 2554 καὶ
343 2525 459 2558 δούλοις,
477 2525 567 2561 τρίτον
582 2525 610 2551 δὲ
635 2525 764 2561 νεώτερον
784 2526 840 2554 υἱὸν

892 2247 999 2283 perpeti
1021 2245 1162 2280 compulit)
1187 2242 1294 2270 finxerit
1318 2241 1466 2272 somnium,
1489 2247 1619 2267 verumne
1636 2247 1672 2267 an

891 2293 1001 2324 falsum.
1019 2299 1072 2318 non
1089 2290 1176 2317 habeo
1193 2289 1292 2316 dicere.
1315 2287 1411 2314 Aiebat
1428 2286 1561 2321 siquidem
1585 2286 1671 2320 ipsam

891 2339 993 2366 dixisse
1011 2346 1018 2364 :
1036 2336 1128 2363 Astitit
1144 2335 1209 2362 mihi
1225 2334 1334 2368 quidam
1350 2341 1397 2367 per
1411 2332 1510 2364 visum,
1527 2331 1572 2366 qui
1591 2331 1673 2365 jussit

891 2392 935 2411 mc
950 2391 1011 2411 cum
1023 2382 1113 2409 liberis
1126 2381 1185 2408 sine
1198 2387 1272 2407 mora
1287 2379 1354 2406 urbe
1371 2377 1457 2404 Roma
1472 2377 1573 2412 egredi.
1585 2376 1620 2403 At
1631 2376 1672 2403 vir

891 2437 941 2464 pro
956 2428 1043 2456 salute
1056 2427 1116 2462 ejus
1130 2426 1304 2459 filiorumque
1318 2424 1451 2451 sollicitus
1468 2422 1609 2451 confestim
1624 2430 1672 2449 eos

890 2474 1053 2503 erudiendos
1080 2473 1201 2500 Athenas
1227 2470 1302 2498 misit
1328 2477 1391 2497 cum
1411 2474 1497 2496 matre
1516 2473 1542 2496 et
1560 2468 1645 2497 servis
1663 2477 1670 2497 :

890 2521 994 2549 habens
1019 2519 1208 2547 verolertium
1231 2517 1328 2549 lilium,
1354 2515 1401 2550 qui
1422 2519 1481 2542 erat
1503 2514 1603 2547 iunior,
1619 2513 1671 2541 sibi

718 2590 835 2618 VARIIE
853 2588 1051 2617 LECTIONES.

91 2641 112 2660 '1
123 2623 306 2675 Exstrfaddunt
318 2637 392 2673 Epit.
404 2641 432 2664 et
444 2635 503 2675 cod.
521 2636 587 2672 Reg.
606 2635 756 2675 80bL1n_Q
769 2641 826 2675 _est
844 2634 1013 2675 :_ﬁ_xu2.7l_'hv
1029 2634 1079 2675 τῂν
1100 2633 1181 2675 χεῖρα
1192 2631 1289 2675 ε’)(οι.Λ
1301 2629 1323 2646 ³⁸
1344 2627 1525 2675 lim-tuoin?

58 2675 78 2701 ε
92 2696 100 2708 ,
117 2661 636 2709 τζᾶξιέξζῖἙρἓιῗῖἒιὲᾷᾖὶιᾶηλῆῶὲόιιῖξ
647 2661 830 2698 "signant
845 2661 935 2696 ⁷ὸτὲάτε
949 2669 963 2696 ὁ
976 2661 1007 2696 ἐκ
1030 2661 1064 2696 o.‘
1099 2661 1122 2684 έδ
1135 2661 1252 2707 τριοῦέον
1268 2664 1299 2693 o.

61 2719 75 2731 ιι
110 2710 131 2731 n
191 2711 214 2725 ιι
238 2709 298 2731 εἶτα
315 2708 381 2731 add.
409 2715 434 2731 ο.
463 2707 495 2731 0.
528 2706 647 2731 Subinde
669 2706 798 2731 ωιλωθείε
813 2706 844 2731 (Σ.
897 2705 919 2720 ³³
933 2704 1053 2731 ἀκριϐῶς
1069 2710 1157 2731 recent
1183 2709 1215 2729 ex
1243 2700 1275 2728 Ο.

63 2706 164 2738 ιι.’0.’
191 2706 214 2725 ⁸³
238 2706 298 2737 εἶτα
315 2708 381 2736 add.
409 2715 434 2733 c.
463 2707 495 2733 0.
528 2706 647 2733 Subinde
669 2706 798 2740 φιλωθείς
813 2706 844 2732 (Σ.
897 2706 919 2720 ³³

63 2745 144 2773 αὐτῶν
166 2744 214 2777 τὰς
239 2745 356 2782 πράξεις
373 2741 599 2772 ἀπο-τελεσθείσας
612 2741 685 2777 ἔργῳ
701 2741 730 2768 C.
767 2741 789 2757 ⁸⁵
806 2740 876 2767 οὕτω
892 2740 924 2767 (ἶ.

66 2782 233 2802 νιιινιιιυῆσπκη
259 2790 277 2802 ν
315 2779 459 2802 Θάλασσαν
470 2776 499 2802 C.
537 2777 558 2792 ⁸⁷
574 2776 632 2802 πῶς
649 2785 675 2802 n.
694 2777 740 2802 καὶ
756 2775 814 2802 πῶς
831 2776 883 2802 ἄρα
898 2774 924 2801 [λ

66 2776 242 2818 κξιινωνήσασα.
259 2776 287 2808 'x.
301 2776 459 2807 Vecilaacav
537 2777 558 2792 ⁸⁷
574 2776 633 2807 πῶς
649 2785 675 2811 p.
694 2777 740 2816 καὶ
756 2776 814 2807 πῶς
831 2776 883 2817 ἄρα
898 2776 912 2801 [

68 2818 86 2843 0
99 2825 117 2845 c.
136 2817 199 2854 Ερίι.
211 2819 244 2854 ἱό
260 2818 291 2845 ε.
306 2815 382 2843 Tum
401 2819 490 2847 recepi
507 2812 555 2848 τήν
569 2819 601 2839 ex
616 2811 649 2846 0,
677 2819 723 2846 qui
739 2819 791 2838 scr.
812 2819 912 2838 uzavaz.

61 2707 164 2738 ‹·.⁷Ο.’
191 2711 214 2725 ⁸³
238 2707 298 2737 εἶτα
315 2708 381 2736 add.
409 2715 434 2733 c.
463 2707 495 2733 0.

69 2854 193 2892 θησομένας
206 2853 236 2882 0.

897 2671 935 2696 5τε
949 2669 963 2696 ὁ
976 2663 1007 2696 ὲκ
1030 2663 1064 2696 ΟῙ
1099 2663 1122 2684 εδ
1135 2663 1252 2693 τοιοῦέον
1268 2664 1299 2693 0.
1351 2664 1373 2680 “
1395 2663 1517 2699 μεγάλως
1533 2663 1670 2694 omiserim

897 2705 919 2720 "
933 2704 1053 2740 ἀκριϐῶς
1069 2702 1157 2740 recepi
1183 2709 1215 2729 ex
1231 2700 1276 2740 _O_._
1310 2699 1335 2740 1⁵⁵
1343 2698 1503 2740 ,ἀκολούθως
1513 2698 1546 2740 ιηῇ
1566 2697 1671 2740 γενέσς,

961 2732 983 2755 ⁸³
995 2732 1182 2773 κοινωνήσασα
1209 2734 1472 2773 αῦῖῷηξθαλάσσῃ-ι).
1490 2732 1670 2773 κοξιὲηςλιύτᾷί

898 2774 928 2801 D.
966 2774 988 2790 ⁸⁸
1007 2767 1197 2808 γημάσασαῗο.
1234 2767 1283 2808 θέο
1294 2769 1325 2797 C.
1352 2769 1385 2808 1°
1400 2767 1564 2808 intimi
1587 2767 1670 2808 “‘xal

951 2810 973 2826 ⁸⁸
988 2801 1018 2836 τέ
1035 2801 1095 2836 add.
1109 2816 1133 2837 c.
1150 2807 1181 2835 Ο.
1219 2807 1241 2823 ³³
1255 2803 1434 2839 ἠναγκάζετο,
1451 2804 1482 2832 0.
1521 2803 1544 2819 “
1558 2801 1663 2838 παιδίω
