1932 3100
258 163 313 194 555

689 163 717 190 S.
738 161 930 190 CLEMENTIS
947 160 957 188 1
973 161 1056 189 ROM.
1075 160 1174 188 PONT.
1189 158 1303 187 OPERA
1320 158 1433 187 DUBIA.

1846 157 1901 184 35f.

259 223 421 253 themalicas
436 220 595 257 disciplinas
604 221 713 256 penitus
732 221 806 253 novi,
819 221 947 248 dominus
961 224 1050 247 autem

1108 217 1217 254 Ἐπειδὴ
1234 217 1265 244 τὸ
1279 217 1392 253 μάθημα
1408 216 1530 253 ἀκριϐῶς
1545 216 1704 251 ἐπίσταμαι,
1722 215 1737 242 ὁ
1753 215 1783 242 δὲ
1802 214 1902 251 κύριος

259 277 285 299 et
299 275 375 306 pater
392 277 447 296 non
462 268 538 300 item,
553 269 575 295 si
590 269 648 302 ipse
662 267 808 294 Annnbion
823 267 940 299 adesset,
957 274 1049 294 coram

260 323 335 353 patre
341 317 552 352 disputatiOnem
560 315 697 342 haberem.
706 313 744 341 ita
752 314 851 349 quippe
859 322 901 341 res
909 313 996 349 palam
1003 319 1050 340 ven

260 365 318 392 nire
331 364 502 399 posset,dum
518 363 585 390 artis
594 363 698 397 peritus
709 362 840 388 adversus
849 360 969 395 ejusdem
982 361 1049 387 artis

259 411 397 437 hominem
408 409 585 444 quastioncm
601 408 724 443 agitaret.
735 404 983 441 Responditpater:
997 404 1048 432 Ubi

259 464 324 491 ergo
335 460 422 490 potest
431 462 492 482 cum
505 453 668 480 Annubione
676 459 839 486 congressus
847 456 874 478 et
883 451 1047 486 colloquium

259 502 373 529 haberi?
385 501 418 527 Et
435 500 532 527 Petrus
552 500 591 526 ait
605 508 611 525 :
631 496 782 525 Antiochiae
798 507 805 525 :
822 498 857 524 ibi
879 498 952 524 enim
968 497 1048 524 audio

259 555 319 576 esse
334 547 474 575 Simonem
498 545 617 580 Magum,
634 551 714 578 quem
737 543 881 570 Annubion
896 546 1047 570 assectalus

260 602 313 621 non
327 593 437 620 deserit.
452 591 565 624 Quando
575 597 640 624 ergo
655 589 710 616 illic
725 589 869 621 fuerimus,
886 589 908 615 si
920 596 967 616 eos
979 596 1048 615 nan-

260 640 407 670 ciscamur,
423 636 584 671 disceptatio
604 634 661 661 lieri
677 635 785 669 poterit.
804 633 837 660 Et
857 637 1002 668 postquam
1014 634 1048 661 de

260 685 355 712 multis
374 684 566 715 disseruimus,
581 682 691 717 propter
711 680 925 717 recognitionem
952 681 1005 707 laeti
1020 685 1048 708 et

258 732 315 759 Deo
329 732 430 767 gratias
453 735 576 766 agentes,
593 734 672 756 nocte
694 729 901 764 supervoniente
923 728 957 756 ad
973 736 1048 756 som-

259 786 324 805 uum
337 786 386 805 nos
397 777 575 805 contulimus.

633 868 668 877 a—

544 923 686 953 HOMILIA
705 924 766 952 XV.

292 984 312 1012 lt
333 983 434 1011 Exorto
452 987 541 1010 autem
563 991 651 1015 mane,
668 987 746 1018 pater
769 989 831 1010 eum
846 985 933 1009 matre
954 985 1046 1009 nostra

258 1031 396 1065 tribusque
426 1030 488 1057 ﬁliis
516 1030 653 1064 ingressus
679 1030 704 1056 in
736 1029 825 1056 locum
851 1028 895 1055 ubi
907 1032 966 1055 erat.
993 1027 1046 1055 Pe-

257 1080 326 1106 trus,
350 1082 411 1102 cum
438 1076 590 1105 salutasset.
621 1075 707 1106 sedit,
735 1075 832 1101 deinde
858 1081 906 1101 nos
926 1080 1044 1108 quoque,

257 1121 303 1148 illo
317 1121 436 1155 iubente.
453 1121 492 1148 Ae
515 1120 614 1148 Petrus
638 1125 740 1155 patrem
763 1120 877 1147 intuitus
901 1119 957 1146 ait:
979 1119 1045 1146 Per-

256 1167 337 1201 cupio
365 1171 391 1194 te
422 1166 493 1194 idem
522 1166 624 1194 sentire
648 1166 721 1200 quod
744 1173 815 1193 uxor
829 1173 861 1192 ac
876 1165 965 1198 liberi,
977 1169 1007 1192 ut
1019 1170 1047 1192 et

258 1214 301 1240 hic
319 1221 382 1241 cum
397 1213 437 1240 eis
460 1213 602 1246 convivas,
622 1217 650 1239 et
666 1212 732 1245 illic,
754 1216 816 1246 post
834 1211 932 1238 animm
949 1218 964 1238 a
983 1218 1046 1238 cor-

256 1266 323 1294 pore
346 1258 569 1296 disiunctionem,
592 1258 674 1284 simul
700 1265 763 1285 cum
788 1257 890 1284 eisdem
912 1257 950 1283 sis
970 1256 1046 1283 omni

257 1305 381 1332 molestia
402 1305 480 1331 liber.
495 1304 537 1331 An
552 1312 606 1331 non
623 1304 695 1331 enim
712 1309 738 1330 te
754 1308 835 1338 atque
851 1303 912 1330 illos
927 1303 1046 1330 maxime

257 1350 446 1382 contristaret,
461 1351 482 1377 si
498 1358 551 1377 una
569 1357 621 1376 non
637 1350 733 1377 essetis
748 1349 802 1376 ?Et
821 1353 914 1384 paler:
927 1348 1045 1376 Omnino

257 1404 334 1424 sane.
349 1395 418 1423 Tum
434 1395 531 1422 Petrus
545 1405 551 1422 :
568 1395 595 1422 Si
610 1402 676 1430 ergo
696 1395 741 1422 bic
767 1394 881 1421 invicem
903 1397 1046 1428 separatos

256 1447 317 1467 esse
326 1440 450 1467 molestia
464 1439 553 1472 allicit,
561 1447 661 1470 nonne.
671 1439 780 1474 quando
796 1444 857 1474 post
864 1443 980 1465 mortem
994 1438 1046 1465 erit

257 1485 371 1512 omnino
389 1492 500 1512 necesse
512 1493 560 1513 \‘os
572 1491 625 1511 non
643 1493 703 1512 esse
719 1485 810 1518 simul,
824 1485 910 1512 multo
922 1485 1008 1519 magis
1020 1488 1046 1511 te

255 1530 438 1562 contristabit,
446 1535 472 1557 te
481 1530 600 1564 quidem,
608 1529 653 1564 qui
661 1530 702 1556 vir
715 1530 822 1564 sapiens
832 1537 871 1563 es,
881 1530 986 1557 ratione
994 1534 1046 1557 tua:

1101 264 1148 290 καὶ
1163 265 1176 290 ὁ
1200 263 1292 299 πατὴρ
1314 263 1363 298 οὐχ
1379 263 1478 294 οὕτως,
1508 262 1611 297 ἤθελον,
1632 262 1656 287 εἰ
1680 261 1763 293 αὐτὸς
1789 260 1900 288 Ἀννου-

1101 307 1166 336 ϐίων
1190 309 1290 344 παρῆν,
1308 309 1354 335 ἐπὶ
1368 308 1415 335 τοῦ
1443 309 1545 344 πατρὸς
1571 309 1734 344 ποιήσασθαι
1755 309 1782 326 ⁸⁸
1804 309 1901 344 λόγον.

1100 354 1177 383 Οὕτω
1193 356 1247 392 γὰρ
1259 356 1291 383 ἂν
1301 356 1332 383 τὸ
1347 357 1460 392 πρᾶγμα
1477 357 1517 387 εἰς
1532 356 1648 391 φανερὸν
1663 356 1749 382 ἐλθεῖν
1764 355 1901 391 ἠδύνατο,

1099 401 1219 437 τεχνίτου
1236 403 1303 438 πρὸς
1317 403 1461 438 ὁμότεχνον
1475 403 1524 438 τὴν
1536 402 1646 438 ζήτησιν
1663 402 1822 437 ἐσχηκότος.
1841 402 1903 429 Καὶ

1098 447 1113 474 ὁ
1130 448 1220 484 πατὴρ
1235 448 1410 483 ἀπεκρίνατο·
1428 447 1482 474 Ποῦ
1499 445 1544 474 οὖν
1560 448 1671 475 δυνατόν
1687 449 1759 474 ἐστιν
1782 448 1899 474 Ἀγνω-

1099 492 1174 519 6ίωνι
1193 494 1330 528 συντυχεῖν
1341 502 1348 526 ;
1360 494 1416 520 Kal.
1429 494 1442 519 ὁ
1457 492 1558 528 Πέτρος
1572 493 1634 528 ἔφη·
1658 493 1702 519 Ἐν
1725 493 1897 528 Ἀντιοχεέᾳο

1098 539 1156 564 ἐκεῖ
1169 538 1222 575 γὰρ
1237 538 1363 574 μανθάνω
1372 539 1480 574 Σίμωνα
1495 539 1539 565 τὸν
1550 539 1643 574 Μάγον
1659 539 1721 566 ὅντα
1731 539 1766 571 ⁸⁵,
1787 535 1811 573 ᾧ
1835 539 1902 565 Ἀν-

1098 584 1210 611 νουϐίων
1228 585 1417 620 παρεπόμενος
1433 583 1583 620 ἁχώριστός
1599 585 1682 612 ἐστιν.
1708 584 1796 611 Ἐπὰν
1811 585 1839 600 ⁹⁶
1852 583 1903 611 οὖν

1098 630 1156 657 ἐκεῖ
1168 629 1320 665 γενώμεθα,
1332 630 1378 656 ἐάν
1390 637 1420 664 γε
1433 630 1631 665 καταλάϐωμεν
1648 630 1757 662 αὐτοὺς,
1777 631 1794 665 ἡ
1809 629 1904 666 ζήτη-

1099 684 1140 707 σις
1156 675 1281 710 γενέσθαι
1297 675 1415 702 δύναται.
1435 676 1489 702 Καὶ
1504 675 1578 710 ὁμῶς
1599 675 1683 702 πολλὰ
1703 675 1904 710 διαλεχθέντες

1098 723 1144 750 καὶ
1160 723 1206 750 ἐπὶ
1221 723 1260 759 τῷ
1275 722 1476 758 ἁναγνωριὰμῷ
1490 716 1621 758 χαρέντες
1633 723 1655 738 ’⁷
1669 723 1717 749 καὶ
1733 721 1796 757 Θεῷ
1813 722 1903 756 εὐχα-

1098 770 1284 806 ριστήσαντες,
1309 769 1430 805 ὲσπέρας
1451 768 1713 804 ἐπικαταλαϐούσης,
1743 769 1787 800 εἰς
1809 767 1902 794 ὕπνον

1097 815 1266 851 ὲτράπημεν.

1390 918 1520 945 ὉΜῐΛιΛ
1538 918 1588 945 IE’.

1132 975 1152 1002 1.
1174 976 1291 1012 Ὄρθρου
1304 976 1333 1003 δὲ
1346 975 1490 1011 γενομένου
1506 976 1521 1002 ὁ
1535 975 1625 1010 πατὴρ
1641 974 1709 1010 μετὰ
1719 975 1771 1010 τῆς
1790 975 1902 1010 μητρὸς

1096 1022 1175 1057 ἡμῶν
1192 1022 1304 1049 καὶτῶν
1319 1022 1401 1057 τριῶν
1427 1021 1493 1047 υἱῶν
1513 1020 1649 1053 εἰσελθὼν,
1668 1021 1732 1047 ἔνθα
1748 1022 1763 1047 ὁ
1790 1021 1901 1056 Πέτρος

1095 1066 1139 1104 ἦν,
1152 1068 1375 1104 προσαγορεύσας
1389 1067 1533 1102 ἐκαθέσθη,
1542 1066 1636 1093 ἔπειτα
1736 1067 1786 1093 καὶ
1800 1067 1900 1102 ἡμεῖς,

1096 1114 1179 1141 αὑτοῦ
1198 1115 1384 1146 κελεύσαντος.
1403 1114 1457 1140 Kal.
1473 1115 1488 1140 ὁ
1501 1114 1602 1150 Πέτρος
1616 1113 1655 1149 τῷ
1671 1113 1755 1149 πατρὶ
1768 1121 1902 1149 προσεμ-

1097 1161 1198 1196 6λέψας
1214 1161 1278 1196 ἔφη·
1304 1160 1416 1187 Σπεύδω
1436 1160 1574 1196 ὁμόφρονα
1591 1168 1620 1186 σε
1637 1159 1762 1194 γενέσθαι
1780 1160 1901 1193 γυναικὶ

1096 1208 1143 1234 καὶ
1158 1207 1273 1239 τέκνοις,
1290 1207 1365 1238 ὅπως
1380 1207 1471 1238 αὐτοῖς
1484 1206 1531 1233 καὶ
1546 1205 1662 1232 ἐνταῦθα
1677 1205 1836 1240 ὁμοδίαιτος
1852 1204 1899 1242 ᾗς,

1096 1254 1177 1280 κάκεῖ
1192 1253 1260 1288 μετὰ
1274 1252 1319 1279 τὸν
1336 1252 1390 1279 ἀπὸ
1402 1253 1450 1279 τοῦ
1473 1252 1597 1288 σώματος
1620 1252 1669 1287 τῆς
1691 1251 1782 1286 ψυχῆς
1804 1260 1900 1287 χωρι-

1097 1299 1164 1334 σμὸν
1177 1298 1264 1326 συνὼν
1279 1299 1381 1330 ἄλυπος
1395 1299 1444 1335 ἔσῃ
1461 1299 1492 1325 ³⁵.
1510 1299 1544 1324 Ἢ
1560 1297 1615 1334 γὰρ
1629 1298 1659 1324 οὐ
1673 1298 1707 1324 τὰ
1723 1297 1850 1333 μέγιστά.
1868 1306 1900 1324 σε

1096 1344 1176 1372 λυπεῖ
1199 1351 1246 1372 και
1262 1345 1360 1376 αὐτοὺς
1383 1344 1413 1371 τὸ
1432 1345 1468 1380 μὴ
1496 1345 1619 1380 ἀλλήλοις
1647 1346 1784 1376 συνεῖναι;
1802 1345 1864 1370 Καὶ
1886 1346 1900 1371 ό

1096 1393 1197 1427 πατήρ-
1213 1392 1268 1418 Καὶ
1285 1392 1356 1418 πάνυ
1376 1401 1418 1427 γε.
1442 1391 1496 1418 Kal.
1514 1393 1528 1418 ὁ
1549 1391 1660 1427 Πέτρος*
1684 1392 1716 1417 Εἰ
1738 1389 1786 1418 οὖν
1803 1392 1857 1418 καὶ
1875 1392 1898 1408 ⁹⁹

1096 1436 1211 1464 ἐνταῦθα
1227 1437 1258 1464 τδ
1267 1439 1387 1474 ἀλλήλων
1401 1438 1564 1474 κεχωρίσθαι
1581 1437 1669 1468 λυπεῖ,
1689 1437 1757 1473 μετὰ
1774 1437 1898 1465 θάνατον

1095 1483 1206 1516 πάντως
1230 1484 1403 1520 ὀφειλόμνον
1427 1485 1490 1519 ὑμῖν
1517 1485 1575 1519 μετ’
1602 1483 1724 1519 ἀλλήλων
1743 1483 1781 1519 μὴ
1808 1481 1896 1516 εἶναι,

1097 1529 1172 1565 πόσῳ
1194 1538 1225 1564 γε
1251 1529 1350 1565 μᾶλλον
1373 1530 1489 1565 λυπήσει
1509 1530 1554 1561 ¹⁰⁰,
1572 1529 1601 1556 σὲ
1627 1530 1675 1565 μὲν
1692 1529 1776 1565 ἄνδρα
1808 1530 1896 1564 σοφὸν

256 1576 395 1610 opinionis
405 1576 524 1611 disjungi
536 1584 551 1603 a
565 1576 628 1609 tuis,
643 1576 703 1603 illos
713 1584 779 1603 vero
795 1577 881 1604 multo
894 1577 981 1612 magis
994 1577 1044 1605 db-

1100 1573 1159 1601 5ντα
1173 1575 1213 1610 τῷ
1233 1575 1282 1611 τῆς
1307 1574 1419 1611 γνώμης
1437 1584 1483 1602 σου
1507 1575 1579 1610 λόγῳ
1597 1576 1605 1591 ι
1621 1575 1674 1602 τῶν
1695 1575 1748 1602 σῶν
1771 1576 1897 1611 κεχωρί-

256 1622 322 1655 lere,
343 1623 415 1657 quod
432 1623 520 1650 sciant
533 1627 559 1650 te
576 1623 630 1650 alia
653 1623 815 1651 sentientem
836 1628 967 1650 aeternum
980 1631 1045 1659 sup-

256 1668 367 1703 plicium
380 1669 416 1695 ob
428 1667 485 1695 veri
501 1668 636 1703 dogmatis
649 1667 820 1702 negationem
831 1667 965 1695 manere?

291 1754 324 1782 Π.
341 1753 373 1782 Ει
395 1759 473 1790 pater
488 1754 575 1782 dixit:
599 1755 634 1782 At
656 1762 711 1782 non
735 1755 773 1782 ita
792 1759 844 1789 est,
859 1762 877 1783 ο
901 1756 999 1789 amice,
1015 1761 1045 1784 ut

256 1799 328 1834 apud
351 1800 454 1827 inferos
471 1801 620 1834 puniantur
635 1800 743 1834 animae,
759 1801 888 1836 quoniam
903 1802 993 1829 anima
1008 1803 1047 1830 si-

255 1846 314 1873 mul
327 1850 409 1880 atque
423 1854 439 1872 a
453 1853 569 1880 corpore
584 1846 752 1880 discesserit,
771 1847 798 1874 in
809 1855 900 1875 aerem
918 1848 1044 1876 dissolvi-

255 1896 310 1919 tur.
324 1891 435 1926 Excepit
452 1891 550 1919 Petrus
567 1893 691 1928 :ltaque,
711 1901 799 1928 usque
811 1893 877 1922 dum
900 1894 951 1921 hac
970 1894 1004 1922 de
1015 1901 1046 1922 re

256 1938 306 1966 tibi
320 1938 545 1973 persuadeamus,
559 1940 693 1974 responde
713 1940 789 1974 mihi,
807 1931 898 1968 nonne
909 1941 957 1968 tibl
971 1940 1046 1968 vide-

255 1988 311 2016 tur,
324 1987 351 2012 te
362 1984 483 2020 quidem,
496 1985 543 2020 qui
566 1985 673 2013 futuras
687 1994 784 2021 ptenas
800 1994 855 2014 non
876 1987 975 2020 credis,
993 1994 1044 2014 ne-

255 2038 393 2066 quaquam
405 2031 508 2063 dolere,
524 2031 587 2060 illos
607 2039 683 2065 vero,
699 2032 746 2066 qui
757 2033 882 2066 credunt,
902 2033 935 2061 de
948 2037 975 2060 te
997 2039 1045 2060 nee

258 2078 376 2105 aessario
391 2078 472 2112 angi?
486 2077 556 2105 Tum
567 2083 643 2113 pater
658 2087 664 2105 :
685 2078 767 2106 Recte
788 2079 867 2107 dicis.
883 2078 980 2108 Petrus
995 2085 1045 2106 au-

258 2129 312 2152 tem
329 2133 336 2151 :
351 2124 385 2152 Et
399 2130 484 2159 quare
495 2125 615 2152 maximo
625 2126 659 2153 de
678 2130 706 2153 te
720 2132 838 2153 maerore
853 2133 905 2153 non
917 2132 964 2154 eos
977 2126 1045 2153 libe-

256 2170 340 2201 rabis,
358 2172 483 2207 religieni
499 2172 662 2204 assentiens,
676 2180 730 2199 non
743 2171 847 2207 pudore
859 2172 982 2206 inquam,
996 2171 1044 2199 sed

257 2216 395 2251 aequitate,
410 2217 443 2244 de
458 2217 490 2244 iis
501 2222 563 2252 qua:
580 2217 628 2244 tibi
641 2224 655 2244 a
671 2225 713 2244 me
724 2217 852 2244 dicuntur
867 2217 1002 2244 audiendo
1016 2220 1043 2244 et

255 2263 413 2298 iudicando,
430 2267 521 2290 utrum
534 2271 565 2290 ea
580 2263 618 2290 ita
632 2263 758 2296 habeant,
776 2270 827 2290 nec
839 2270 882 2290 ne.
897 2263 935 2290 Ac
945 2263 969 2291 si
983 2263 1044 2297 qui-

256 2310 317 2337 dem
331 2309 366 2336 ita
380 2314 431 2342 est,
444 2314 474 2336 ut
488 2309 616 2342 dicimus,
634 2313 661 2336 et
676 2309 720 2336 hic
733 2314 786 2336 una
799 2316 862 2336 cum
874 2309 1044 2337 charissimis

256 2355 435 2383 delectabcris
450 2360 477 2383 et
490 2355 546 2382 illic
568 2363 629 2382 eum
643 2355 746 2383 eisdem
759 2355 881 2390 requiem
892 2362 1044 2389 conseque-

256 2402 305 2428 ris.
334 2400 411 2434 Quod
436 2401 457 2428 si
475 2402 501 2428 in
528 2409 685 2429 sermonum
713 2406 821 2429 tuorum
849 2401 1044 2436 disceptatione

256 2447 421 2479 ostenderis,
444 2455 505 2481 quze
527 2455 542 2474 a
567 2447 645 2475 nobis
669 2451 844 2480 asseruntur,
868 2446 964 2473 falsam
982 2453 1044 2474 esse

257 2493 387 2525 fabulam,
398 2493 479 2520 etiam
494 2493 535 2521 sic
548 2494 677 2528 praeclare
690 2493 785 2526 facies,
798 2493 858 2520 illos
869 2492 940 2519 idem
953 2496 1042 2518 tecum

257 2540 405 2566 sentientes
421 2539 567 2573 accipiens,
594 2539 748 2573 eﬂicicsque
766 2543 795 2565 ut
817 2537 949 2565 desistant
973 2545 1042 2564 vana

256 2592 304 2620 spe
322 2585 410 2616 inniti,
425 2589 451 2612 et
467 2585 593 2612 liberabis
607 2584 683 2613 falsis
698 2584 858 2612 terroribus.
891 2590 896 2595 '

292 2629 335 2657 lll.
349 2630 382 2658 Et
401 2634 478 2666 pater
493 2641 499 2658 :
513 2630 598 2659 Multa
625 2631 692 2658 mihi
710 2631 811 2659 videris
831 2631 921 2658 dicere
943 2629 1043 2657 rationi

1095 1620 1167 1653 σθαι,
1183 1621 1280 1653 αὐτοὺς
1295 1621 1324 1648 δὲ
1345 1620 1413 1648 πολὺ
1432 1621 1530 1656 μᾶλλον
1554 1621 1696 1648 ὀδυνᾶσθαι
1714 1621 1753 1657 τῷ
1775 1621 1896 1654 εἰδέναι,

1094 1666 1135 1692 ὅτι
1152 1675 1182 1693 σε
1198 1666 1266 1693 ἄλλα
1282 1666 1431 1702 φρονοῦντα
1446 1666 1552 1700 αἰώνιος
1566 1667 1641 1703 μένει
1662 1666 1784 1699 κόλασις,
1805 1667 1896 1702 ῥητοῦ

1094 1712 1228 1748 δόγματος
1243 1713 1379 1747 ἀποφάσει
1391 1721 1399 1746 ;

1130 1758 1162 1786 ll.
1179 1759 1234 1785 Kal
1245 1759 1259 1785 ὸ
1273 1758 1364 1795 πατὴρ
1381 1759 1443 1794 ἔφη·
1467 1759 1536 1785 Ἀλλ’
1558 1756 1609 1786 οὐκ
1628 1759 1712 1791 ἕστινς
1727 1755 1751 1785 ὧ
1762 1758 1895 1793 φίλτατε,

1094 1803 1125 1830 ’τὺ
1140 1804 1169 1830 ὲν
1182 1803 1246 1839 ᾆδου
1270 1803 1359 1839 ψυχὰς
1382 1804 1553 1837 κολάζεσθαι,
1571 1805 1656 1840 αὐτῆς
1679 1805 1737 1840 ἅμα
1758 1805 1800 1839 τῷ
1817 1805 1895 1832 ἀπη-

1096 1851 1189 1886 στῆναι
1204 1850 1251 1877 τοῦ
1264 1850 1388 1886 σώματος
1398 1852 1438 1882 εἰς
1447 1851 1514 1887 ἀέρα
1530 1842 1672 1886 λυομένης.
1682 1852 1736 1878 Καὶ
1751 1851 1765 1876 ὁ
1784 1851 1896 1886 Πέτρος

1094 1895 1157 1931 ἔφη·
1180 1896 1285 1932 Μέχρις
1300 1894 1346 1923 οὖν
1370 1897 1414 1923 ὅτε
1437 1897 1470 1923 ἂν
1486 1897 1496 1912 ⁸
1513 1897 1577 1932 περὶ
1596 1896 1691 1923 τούτου
1719 1896 1866 1931 πείσωμεν
1883 1897 1894 1913 ³

1096 1951 1135 1975 σε,
1152 1943 1297 1978 ἀπόκριναί
1313 1952 1368 1978 μοι,
1384 1944 1414 1970 οὐ
1433 1943 1506 1970 δοκεῖ
1531 1952 1582 1974 σοι,
1604 1943 1634 1969 σὲ
1652 1943 1702 1978 μὲν
1718 1942 1894 1970 ἀπιστοῦντα

1094 1988 1143 2023 τὴν
1160 1988 1268 2015 κόλασιν
1285 1989 1322 2025 μὴ
1336 1988 1487 2021 λυπεῖσθαι,
1505 1989 1625 2020 ἐκείνους
1640 1988 1668 2014 δὲ
1685 1989 1895 2023 πεπεισμένους

1094 2033 1216 2069 ἀνάγκην
1241 2033 1312 2069 ἔχειν
1337 2034 1402 2070 περὶ
1427 2034 1474 2060 σοῦ
1502 2034 1645 2067 emacem;
1667 2034 1722 2060 Καὶ
1743 2035 1758 2061 ό
1781 2035 1893 2070 πατήρ·

1101 2079 1265 2111 Ἀκολούθως
1281 2080 1380 2114 λέγεις.
1397 2080 1452 2107 Καὶ
1466 2081 1480 2107 ὀ
1496 2081 1608 2116 Πέτρος·
1633 2079 1682 2106 Διὰ
1697 2079 1724 2106 τί
1737 2080 1766 2106 δὲ
1786 2080 1895 2112 αὐτοὺς

1094 2125 1144 2151 οὐκ
1160 2125 1323 2157 ἀπαλλάξεις
1345 2126 1476 2161 μεγίστης
1490 2127 1553 2161 περὶ
1575 2126 1622 2153 σοῦ
1643 2123 1742 2161 λύπης,
1763 2127 1798 2161 τῇ
1817 2125 1895 2162 θρη-

1095 2172 1174 2207 σκείᾳ
1195 2171 1366 2207 συνθέμενος,
1383 2172 1414 2198 οὐ
1428 2172 1551 2207 δυσωπίᾳ
1563 2171 1648 2206 λέγω,
1666 2171 1723 2198 ἀλλ’
1746 2171 1896 2206 εὐγνωμο-

1096 2218 1172 2254 σύνῃ,
1188 2217 1252 2253 περὶ
1266 2216 1319 2243 τῶν
1333 2217 1487 2251 λεγομένων
1502 2224 1542 2243 σοι
1560 2216 1605 2244 ὑπ’
1620 2215 1686 2252 ἐμοῦ
1705 2216 1824 2248 ἀκούων,
1843 2218 1896 2243 καὶ

1094 2264 1193 2299 κρίνων
1210 2263 1234 2289 εἰ
1246 2263 1332 2289 ταῦτα
1345 2262 1430 2294 οὕτως
1442 2262 1508 2298 ἔχει,
1526 2262 1542 2298 ἢ
1559 2261 1608 2295 ob;
1626 2263 1672 2289 καὶ
1688 2262 1713 2288 εἰ
1733 2261 1782 2297 μὲν
1799 2261 1896 2294 οὕτως

1093 2309 1148 2344 ἔχει
1164 2310 1202 2341 ὡς
1217 2309 1342 2344 λέγομεν,
1363 2309 1410 2335 καὶ
1429 2305 1479 2336 ὧδε
1501 2307 1713 2340 συναπολαύσεις
1733 2308 1818 2342 308
1831 2311 1895 2341 τοῖς

1093 2354 1240 2388 φιλτάτοις,
1253 2354 1332 2380 κάκεῖ
1345 2353 1548 2390 συναναπαύσῃ·
1565 2354 1589 2379 εἰ
1601 2353 1628 2379 δὲ
1638 2353 1666 2379 ὲν
1682 2354 1715 2388 τῇ
1729 2352 1785 2379 τῶν
1796 2353 1895 2386 λόγων

1094 2400 1141 2425 σου
1156 2398 1167 2414 ⁸
1182 2398 1275 2433 σκέψει
1296 2398 1386 2434 δείξῃς
1409 2398 1443 2424 τὰ
1465 2399 1510 2432 ὑφ’
1531 2398 1610 2434 ἡμῶν
1635 2398 1768 2433 λεγόμενα
1800 2398 1894 2433 μῦθόν

1093 2452 1153 2470 τινα
1168 2443 1251 2478 ψευδῆ
1268 2441 1346 2475 εἶναι,
1364 2443 1411 2469 καὶ
1426 2442 1512 2474 οὕτως
1529 2442 1618 2474 καλῶς
1634 2443 1765 2478 ποιήσεις,
1783 2442 1894 2475 αὐτοὺς

1093 2489 1285 2525 ὁμογνώμονας
1308 2497 1348 2516 σοι
1369 2489 1497 2525 εἰληφὼς,
1520 2489 1567 2515 καὶ
1593 2488 1638 2515 τοῦ
1661 2490 1752 2520 κεναῖς
1777 2488 1894 2515 ἐλπίσιν

1094 2534 1280 2570 ὲπερείδεσθαι
1313 2534 1440 2567 παύσεις,
1465 2534 1513 2561 καὶ
1542 2534 1645 2569 ψευδῶν
1678 2533 1767 2568 φόϐων
1797 2533 1893 2560 (irai-

1093 2579 1192 2612 λάξεις.

1129 2626 1172 2655 Ill.
1191 2627 1244 2654 Καὶ
1260 2628 1274 2654 ὁ
1288 2628 1389 2663 πατήρ⁶
1407 2627 1496 2654 Πολλὰ
1510 2627 1592 2662 φαίνῃ
1609 2635 1653 2662 μοι
1669 2625 1768 2661 εῠλογα
1784 2625 1889 2659 λέγων.

909 2717 1027 2745 VARI/IS
1048 2715 1249 2743 LECTIONES.

293 2788 316 2804 "
329 2786 367 2814 ita
378 2786 449 2823 0.7c.
467 2786 548 2821 Epit.,
561 2788 732 2823 ἐποιησάμην
746 2787 776 2814 C.
794 2787 881 2823 Supra
900 2787 999 2814 ἐθέλων
1015 2787 1067 2822 leg.
1081 2792 1172 2814 censet
1184 2787 1212 2814 S.
1250 2788 1272 2803 "
1289 2786 1356 2814 εἶναι
1371 2796 1397 2822 p.
1414 2788 1459 2814 τὸν
1475 2788 1560 2823 μάγον
1572 2787 1635 2814 ὄντα
1649 2786 1684 2823 0.,
1719 2787 1743 2804 ’⁸
1759 2787 1798 2818 ὼς
1808 2787 1885 2816 ἄνα.

257 2823 377 2857 πχαρᾶς
392 2822 577 2856 πληρωθέντες
589 2823 620 2850 0.
634 2822 638 2823 7
660 2823 683 2838 ³⁸
696 2824 766 2858 μετὰ
780 2824 825 2850 τὸν
836 2822 979 2874 χωρισμὸν
992 2823 1042 2858 τῆς
1053 2822 1140 2858 ψυχῆς
1155 2823 1208 2849 ἀπὸ
1224 2823 1270 2849 τοῦ
1289 2823 1412 2858 σώματος
1425 2822 1537 2850 συνόντα
1555 2823 1656 2850 ἄλυπον
1673 2822 1783 2849 ἔσεσθαι
1801 2823 1834 2850 C.
1855 2823 1886 2851 In

257 2859 315 2874 Ι-¹.ιδ1
346 2856 396 2874 Ιθθ
423 2857 508 2874 Rutulus
523 2858 551 2874 ἐν
568 2858 717 2874 ειίρνωυυμιξιιο
735 2859 830 2874 Σπιι-»ιιρ
894 2859 903 2873 ο
922 2859 967 2874 υ..ιῖ
984 2859 1034 2874 ηιΜ
1063 2865 1076 2874 n
1103 2857 1125 2874 Π
1187 2858 1221 2873 100
1241 2858 1337 2874 ιιὶξλῖλιι
1353 2860 1383 2874 ιμ’.
1400 2859 1512 2874 Ὶιιηά--.
1531 2859 1550 2874 l‘
1614 2859 1622 2874 I
1641 2857 1676 2874 Ito
1703 2857 1761 2874 Ιτίιέί
1795 2862 1821 2874 nl
1835 2858 1859 2874 Π

253 2856 335 2893 Epit:
346 2856 414 2896 122,¹
419 2857 512 2896 συνῲν
523 2858 551 2883 ὲν
568 2856 724 2896 εὐφροσύνῃ.
735 2859 839 2896 διάγῃς.

894 2859 903 2873 ⁸
922 2857 967 2884 καί
983 2859 1045 2885 add.
1062 2865 1087 2885 c.
1103 2857 1136 2885 0.

1187 2858 1221 2897 "_’°
1239 2857 1384 2897 μᾶλλονμοὺ
1400 2859 1514 2897 λοπήσει
1531 2859 1560 2888 C.
1614 2859 1622 2874 ¹
1639 2857 1678 2885 Ita
1700 2857 1824 2897 Epit._et
1835 2858 1859 2888 0
1871 2875 1884 2893 ο

251 2888 328 2928 λόγω¹
344 2899 391 2918 σου
407 2891 437 2918 C.
474 2892 485 2908 ¹
498 2891 531 2918 ἄν
549 2888 651 2920 οιυίῡ.
690 2888 755 2922 "ita
840 2894 968 2929 πείσομεν
985 2892 1016 2927 C,
1028 2892 1060 2921 Ο.
1100 2893 1172 2932 ξῠσου
1199 2888 1349 2928 interposui
1369 2901 1393 2922 c.
1413 2894 1445 2922 0.
