1932 3100
277 143 329 170 315
715 143 743 170 S.
764 140 957 169 CLEMENTIS
975 141 985 168 l
1004 139 1084 167 ROM.

1106 138 1206 166 PONT.
1227 137 1342 166 OPERA
1360 137 1472 166 DUBIA.
1845 139 1894 167 ΞΗ

311 201 383 230 XIX.
401 202 489 230 Testis
511 206 553 229 est
577 201 648 229 Deus
666 211 672 228 :
693 202 777 228 multa
798 201 943 228 homicidia
968 207 1046 226 nnuu

1140 196 1210 224 XIX.
1227 197 1339 232 Μάρτυς
1349 196 1424 228 Θεὸς,
1438 195 1528 222 πολλοὶ
1538 195 1612 230 φόνοι
1623 195 1731 231 μοιχεία
1814 196 1893 230 pia".

276 247 449 280 adulterium;
463 252 489 274 et
505 247 577 282 quod
596 255 678 282 grave
691 251 742 279 est,
759 247 968 274 homicidiorum
984 246 1056 274 illius

276 295 374 322 horror
397 301 429 321 ac
449 294 572 328 impietas
587 301 640 321 non
662 293 793 320 cernitur.
821 292 889 320 Nam
911 293 972 320 fuso
994 300 1057 320 san-

275 339 357 374 guine
369 346 469 373 corpus
483 344 622 366 mortuum
635 339 719 374 jacet,
735 343 762 365 et
774 338 937 366 calamitatis
951 338 1057 374 magni-

275 385 368 412 tudine
393 377 490 413 omnes
521 389 640 420 stupent.
662 385 697 411 At
720 392 801 412 neces
827 385 979 412 animarum
1008 392 1057 419 per

274 430 450 463 adulterium,
462 437 525 457 cum
543 430 599 457 sint
611 430 698 464 magis
715 429 869 461 horribiles,
883 429 946 464 quia
965 434 1055 456 tamen

273 477 308 503 ab
322 476 478 504 hominibus
496 483 550 503 non
563 475 699 508 videnlur,
715 475 920 510 aggressoribus
933 475 1056 502 occasio-

273 530 335 549 nem
357 522 488 550 indesidis
512 522 629 556 impetus
651 520 783 555 praebent.
797 520 947 555 Cognosce,
962 520 1054 552 homo,

272 568 352 603 cujus
368 568 495 603 spiritum
522 567 623 595 habeas
637 567 671 594 ad
688 566 849 599 vivendum,
871 570 898 593 et
920 573 954 593 ne
978 565 1054 593 illum

272 614 385 650 patiaris
403 614 497 649 pollui.
510 613 533 641 A
547 613 605 641 solo
619 613 755 641 adulterio
777 612 908 647 polluitur
924 611 972 639 Dei
995 612 1054 647 spi-

270 661 341 688 ritus
355 671 362 688 :
376 665 456 696 atque
475 660 534 687 ideo
547 660 592 687 ille
606 660 639 687 ad
654 659 743 694 ignem
758 658 840 686 trahit
856 658 992 685 hominem
1007 658 1053 692 qui

271 707 376 742 polluit.
382 707 502 734 Festinat
512 707 584 734 enim
597 705 824 734 contumeliosum
836 704 941 732 tradere
951 709 1053 732 aeterno

270 753 413 788 supplicio.

304 799 364 828 XX.
380 799 442 827 Haec
458 807 518 828 cum
535 799 636 827 diceret
648 797 757 830 Petrus,
774 797 932 832 videretque
952 797 1052 824 bonam

269 846 450 881 pudicamque
463 845 613 873 Mattidiam
627 844 692 873 ﬂere
705 852 760 879 prae
773 843 881 879 gaudio,
905 843 1052 870 arbitratus

267 892 358 919 dolere
373 899 433 919 eam
452 891 485 918 de
506 890 628 918 toleratis
644 890 764 923 casibus,
780 889 837 916 ait:
851 888 971 922 Conlidc,
989 896 1049 915 mu-

267 937 327 965 lier.
349 937 417 965 Cum
440 937 519 965 mulli
546 937 632 964 multa
658 937 729 964 mala
754 936 915 972 pertulerint
938 939 1049 970 propter

265 983 446 1017 adulterium,
469 987 496 1010 tu
517 988 628 1018 propter
643 979 801 1017 pudicitiam
820 990 899 1018 passa
913 990 953 1015 es,
975 981 1048 1008 ideo-

265 1037 318 1064 que
334 1037 388 1056 non
408 1029 545 1057 interiisti.
564 1029 616 1057 Sed
634 1034 661 1057 et
683 1029 706 1058 si
720 1029 847 1062 obiisses,
862 1029 959 1055 animae
974 1027 1048 1054 salu-

265 1080 317 1102 tem
334 1074 433 1102 fuisses
453 1081 611 1103 consecuta.
633 1075 751 1103 Patriam
776 1073 890 1102 Romam
912 1073 1047 1108 pudicitiae

263 1129 327 1156 ergo
346 1122 499 1157 reliquisti:
518 1121 566 1149 sed
585 1121 636 1150 hac
657 1121 803 1149 occasione
824 1120 951 1148 invenisti
974 1119 1047 1146 veri-

266 1173 358 1202 tatem,
369 1169 463 1196 aterni
476 1168 551 1203 regni
565 1167 700 1196 diadema.
714 1167 743 1194 ln
759 1167 827 1194 mari
842 1167 991 1202 periclitata
1005 1173 1044 1197 es,

263 1218 291 1240 at
305 1221 359 1240 non
376 1218 499 1247 mortua;
513 1220 608 1240 verum
623 1212 686 1240 licet
705 1217 811 1239 mortua
827 1211 935 1244 fuisses,
956 1211 1045 1245 ipsum

262 1259 310 1286 tibi
337 1259 449 1294 pelagus
475 1264 587 1294 propter
609 1258 768 1294 pudicitiam
795 1256 892 1285 fuisset
918 1256 1045 1284 morienti

263 1305 415 1340 baptismus
431 1304 465 1332 ad
487 1305 585 1333 animm
600 1305 727 1332 salutem.
741 1304 782 1332 Ad
806 1310 922 1337 paucum
938 1306 1045 1336 tempus

262 1351 356 1378 orbata
368 1357 397 1378 es
413 1350 516 1383 liberis,
530 1350 577 1385 qui
590 1358 651 1378 cum
666 1357 680 1377 e
694 1350 813 1385 legitimo
825 1353 916 1376 essent
929 1348 1043 1382 semine,

263 1397 366 1425 inventi
386 1402 450 1424 sunt
465 1397 492 1424 in
507 1396 618 1424 meliore
634 1401 716 1424 sorte.
730 1395 812 1423 Fame
829 1403 923 1431 pressa
938 1395 1044 1422 mendi-

262 1443 330 1470 casti
350 1443 440 1470 cibum
455 1451 463 1470 :
477 1443 523 1470 scd
535 1446 630 1478 stupro
646 1447 722 1471 tuum
737 1449 837 1477 corpus
853 1449 906 1468 non
924 1441 1042 1470 fmdasti.

262 1489 368 1524 Corpus
392 1489 532 1518 aﬂlixisti:
550 1493 578 1517 at
601 1489 715 1517 servasti
736 1489 866 1516 animam.
882 1488 1044 1516 Adulterum

262 1535 365 1570 fugisti,
380 1543 412 1563 ne
430 1536 520 1563 mariti
535 1535 625 1563 cubile
641 1535 811 1563 macularcs:
826 1542 918 1562 verum
936 1534 982 1570 qui
1000 1534 1043 1561 lu-
1055 1551 1077 1581 Ε

261 1589 322 1616 gam
336 1581 403 1608 vidit
418 1581 499 1615 Deus,
514 1587 623 1617 propter
637 1581 794 1616 pudicitiam
811 1580 900 1608 locum
912 1581 962 1608 viri
977 1588 1041 1615 ευρ-

260 1627 355 1662 plebit.
367 1627 407 1655 Ad
423 1628 560 1655 tristitiam
575 1632 602 1655 et
614 1627 787 1655 solitudinem
801 1627 921 1659 redacta,
937 1627 1040 1662 privata

260 1681 290 1701 es
302 1673 334 1700 ad
350 1673 429 1701 breve
445 1679 549 1708 tempus
561 1679 618 1701 tum
634 1673 742 1704 marito,
758 1678 815 1700 tum
832 1673 940 1701 liberis:
951 1674 998 1700 sed
1013 1673 1039 1700 hi

260 1727 357 1747 omnes
374 1721 422 1747 tibi
438 1720 606 1756 relinquendi
619 1725 698 1748 erant
711 1728 758 1756 per
778 1720 874 1748 mortis
894 1720 1041 1747 necessita-

260 1770 334 1794 tem:
353 1771 463 1801 praestat
476 1772 579 1800 autem,
601 1766 674 1801 quod
695 1771 804 1801 propter
826 1767 977 1794 castitatem
991 1774 1040 1792 vo-

259 1811 318 1839 lens
330 1812 435 1847 privata
449 1820 490 1845 es,
511 1819 593 1847 quam
614 1812 638 1839 si
656 1812 741 1839 invita
757 1815 850 1846 postea
871 1811 999 1846 periisses
1014 1811 1040 1837 in

258 1858 388 1893 peccatis.

294 1899 364 1932 XXI.
382 1904 467 1932 Multo
482 1904 563 1939 igitur
575 1904 672 1932 melius
683 1908 735 1936 est,
752 1904 844 1938 priora
857 1904 972 1932 molesta
980 1911 1041 1932 esse

259 1958 292 1978 ac
309 1950 388 1978 dura.
405 1949 510 1977 Etenim
526 1950 636 1985 quando
651 1950 760 1981 adsunt,
776 1956 824 1984 spe
842 1949 912 1983 quod
930 1954 1041 1983 prteter-

258 1995 346 2026 ibuut,
360 2001 414 2021 non
429 1994 575 2021 admodum
589 1995 762 2027 contristant,
777 1994 832 2022 imo
845 1994 982 2029 potiorum
995 2002 1042 2022 ex-

257 2039 426 2074 spectatione
447 2039 574 2074 gaudium
592 2040 721 2075 przebent.
745 2039 814 2066 Ante
834 2039 926 2066 omnia
949 2044 1039 2067 autem

258 2084 329 2112 scire
339 2090 365 2112 te
379 2084 452 2117 volo,
464 2089 597 2120 quantum
610 2085 739 2119 pudicitia
753 2084 808 2112 Deo
819 2085 933 2119 placeat.
945 2084 1041 2113 Mulier

257 2130 355 2165 pudica
377 2135 418 2158 est
433 2130 480 2158 Dei
502 2130 609 2163 electio,
629 2129 677 2157 Dei
693 2130 900 2166 beneplacitum,
921 2130 969 2158 Dei
984 2131 1041 2166 glo-

257 2175 309 2208 ria,
321 2174 368 2202 Dci
381 2175 445 2202 tilia.
459 2175 510 2202 Tot
524 2176 717 2210 praerogativae
730 2175 811 2202 habet
825 2176 966 2210 pudicitia.
981 2175 1039 2203 Nisi

1108 242 1199 270 καὶτὸ
1217 242 1313 275 δεινὸν,
1336 242 1376 268 ὅτι
1391 241 1445 268 τῶν
1465 242 1550 276 φόνων
1567 241 1651 276 αὐτῆς
1668 241 1698 268 τὸ
1711 241 1828 277 φοϐερὸν
1851 243 1897 268 καὶ

1107 289 1204 321 ἀσεϐὲς
1218 290 1248 316 οὐ
1263 288 1399 324 βλέπεται.
1421 288 1491 320 Ὅτι,
1512 288 1625 323 αἵματος
1642 287 1780 322 χυθέντος,
1800 288 1895 323 νεκρὸν

1106 335 1194 361 κεῖται
1216 333 1305 369 σῶμα,
1323 333 1371 359 καί¹
1390 332 1421 359 τὸ
1442 333 1491 367 τῆς
1517 333 1658 367 συμφορᾶς
1678 332 1764 358 δεινὸν
1790 333 1896 363 πάντας

1106 379 1263 415 ἐκπλήσσει.
1276 379 1331 414 Τῆς
1342 378 1370 406 δὲ
1386 379 1506 413 μοιχείας
1514 379 1536 394 ⁹⁶
1551 379 1575 404 οἱ
1587 379 1636 414 τῆς
1648 378 1737 413 ψυχῆς
1757 378 1834 413 φόνοι
1853 387 1897 412 εξο-

1105 425 1252 461 6ερώτεροι
1278 425 1363 457 ὄντες,
1385 425 1446 451 ἐπεὶ
1468 425 1504 460 μὴ
1528 424 1681 460 ἀνθρώποις
1701 425 1847 460 βλέπονται
1861 425 1896 457 ’⁷,

1104 473 1161 503 τοῖς
1176 471 1310 506 τολμῶσιν
1324 471 1420 498 ἄοκνον
1434 471 1483 506 τὴν
1496 470 1583 506 ὁρμὴν
1597 471 1760 506 παρέχουσιν
1773 479 1780 486 ·
1797 470 1897 505 γνῶθι,

1106 516 1243 552 ἄνθρωπε,
1263 516 1334 548 τινος
1352 516 1436 551 πνοὴν
1455 515 1526 551 ἔχεις
1546 515 1614 551 πρὸς
1628 516 1660 542 τὸ
1674 516 1732 551 ζῇν,
1746 516 1794 542 καὶ
1810 516 1841 542 οὐ
1859 515 1898 550 μὴ

1104 563 1187 597 αὐτὴν
1203 561 1343 597 μιανθῆναι
1359 560 1482 596 θελήσῃς.
1498 561 1565 588 Ὑπὸ
1582 561 1700 596 μοιχείας
1716 561 1802 596 μόνης
1819 561 1898 596 μιαί-

1104 617 1180 635 νεται
1196 609 1212 644 ἡ
1234 608 1301 635 Θεοῦ
1315 609 1382 644 πνοή
1393 617 1399 623 ·
1416 609 1462 635 καὶ
1475 608 1519 635 διὰ
1528 607 1606 635 τοῦτο
1619 608 1687 643 αὑτὴ
1697 607 1743 634 τὸν
1760 607 1900 643 μιάναντα

1103 655 1143 686 εἰς
1159 654 1215 690 πῦρ
1230 655 1366 689 κατασπᾷ.
1387 654 1498 681 Σπεύδει
1513 654 1567 690 γὰρ
1585 653 1630 680 τὸν
1646 653 1774 689 ὑϐριστὴν
1791 654 1898 688 αἰωνίῳ

1104 701 1270 737 παραδοῦναι
1285 701 1402 728 κολάσει.

1138 786 1197 814 XX.
1213 785 1305 813 Ταῦτα
1315 785 1401 820 λέγων
1416 786 1430 812 ὁ
1444 785 1557 821 Πέτρος,
1568 784 1617 820 τὴν
1625 784 1648 800 ⁸⁸
1662 784 1766 819 ἀγαθὴν
1780 784 1830 811 καὶ
1846 783 1897 810 σώ-

1103 842 1190 871 φρονα
1203 833 1351 861 Ματτιδίαν
1364 833 1386 849 ⁹⁹
1403 832 1455 859 ὑπὸ
1472 832 1560 868 χαρᾶς
1581 831 1749 868 δακρύουσαν
1766 830 1842 864 ἰδὼν,
1857 831 1896 862 ὡς

1065 882 1085 909 Β
1100 881 1146 907 ἐπὶ
1170 879 1315 915 ὑποσχέσει
1332 879 1386 906 τῶν
1407 878 1556 913 γεγονότων
1582 878 1735 914 λυπηθῆναι
1756 878 1894 913 νομίσας,

1099 924 1150 960 ἔφη
1161 932 1168 939 ·
1184 924 1285 959 Θάρσει
1295 943 1302 956 ,
1329 923 1408 957 γύναι
1418 932 1424 938 ·
1437 923 1541 949 πολλῶν
1557 922 1642 949 πολλὰ
1660 922 1732 949 κακὰ
1748 922 1895 949 παθόντων

1097 969 1141 996 διὰ
1156 969 1278 1004 μοιχείαν
1292 989 1299 1002 ,
1321 969 1401 1004 295
1417 969 1449 996 σὺ
1475 969 1520 997 διὰ
1536 968 1713 1006 σωφροσύνην
1738 968 1894 1000 πέπονθας,

1097 1016 1144 1042 καὶ
1157 1015 1200 1042 διὰ
1217 1015 1298 1042 τοῦτο
1309 1017 1359 1042 οὐκ
1375 1015 1552 1051 ἐτελεύτησας
1563 1015 1629 1051 (44).
1645 1016 1677 1042 Εἰ
1690 1015 1718 1042 δὲ
1730 1015 1778 1042 καὶ
1793 1015 1894 1051 τεθνή-

1097 1070 1165 1095 κεις,
1181 1062 1357 1097 σεσωσμένην
1373 1061 1405 1088 ἂν
1417 1060 1489 1097 εἶχες
1503 1061 1553 1097 τὴν
1570 1061 1668 1096 ψυχήν.
1686 1061 1809 1096 Πατρίδα
1829 1061 1895 1087 Ῥώ-

1099 1116 1152 1144 μην
1163 1107 1266 1139 ἔλειπες
1274 1107 1317 1134 διὰ
1330 1107 1514 1144 σωφροσύνην·
1523 1107 1590 1134 ἀλλὰ
1599 1109 1631 1144 τῇ
1640 1107 1744 1141 ταύτης
1753 1107 1895 1142 προφάσει

1096 1153 1223 1188 ἀλήθειαν
1242 1149 1330 1189 εὗρες,
1342 1153 1374 1180 τὸ
1388 1153 1506 1189 διάᾶημα
1520 1154 1570 1189 τῆς
1580 1154 1665 1180 ἀῖδίου
1677 1153 1825 1188 βασιλείας.
1848 1154 1894 1180 Ἐν

1097 1197 1171 1234 βυθῷ
1181 1199 1396 1232 κεκινδύνευκας,
1408 1200 1455 1226 καὶ
1464 1200 1514 1226 οὐκ
1529 1199 1718 1234 ὲτελεύτησας,
1730 1199 1779 1226 καὶ
1790 1200 1847 1226 εἴτε
1858 1199 1893 1214 ⁸⁸⁸

1095 1245 1307 1281 τετελευτήκεις,
1320 1245 1400 1277 αὑτός
1412 1254 1454 1272 σοι
1466 1246 1479 1273 ὁ
1495 1244 1573 1280 βυθὸς
1583 1245 1626 1272 διὰ
1641 1245 1818 1281 σωφροσύνην
1829 1245 1895 1280 θνη-

1097 1291 1198 1328 σκούσῃ
1219 1291 1359 1327 βάπτισμα
1375 1292 1478 1326 ἐγίνετο
1486 1291 1554 1327 πρὸς
1572 1291 1661 1326 ψυχῆς
1677 1292 1824 1326 σωτηρίαν.
1839 1292 1893 1318 Τέ-

1095 1346 1166 1365 κνων
1177 1338 1343 1374 ἀπελείφθης
1353 1339 1420 1373 πρὸς
1427 1338 1525 1372 ὀλίγον,
1536 1337 1614 1366 ἅτινα
1625 1338 1740 1373 γνησίας
1750 1337 1816 1364 ὄντα
1827 1346 1893 1364 om

1097 1384 1146 1419 ρᾶς
1162 1383 1190 1410 ὲν
1203 1385 1260 1416 τοῖς
1274 1384 1426 1420 κρείττοσιν
1448 1383 1571 1420 εὓρηται.
1588 1383 1765 1418 Λιμώττουσα
1783 1383 1892 1418 τροφὰς

1096 1429 1272 1466 προσῄτησας
1284 1430 1304 1462 ί,
1326 1430 1394 1457 ἀλλὰ
1408 1430 1521 1466 πορνείᾳ
1540 1429 1619 1465 σῶμα
1633 1429 1677 1455 σὺν
1691 1429 1742 1455 οὐκ
1758 1428 1888 1463 ὲμίανας.

1095 1477 1179 1513 Σῶμα
1194 1477 1240 1504 σὺν
1257 1477 1431 1509 ἐϐασάνισας,
1447 1477 1515 1503 ἀλλὰ
1527 1477 1576 1512 τὴν
1591 1476 1679 1511 ψυχὴν
1690 1475 1807 1506 ἔσωσας.
1822 1476 1890 1502 Μοι-

1096 1522 1142 1558 χὸν
1161 1522 1269 1557 ἔφυγες,
1286 1523 1329 1549 ἵνα
1345 1523 1381 1558 μὴ
1400 1523 1492 1557 κοίτην
1502 1521 1598 1557 ἀνδρὸς
1612 1521 1709 1558 μιάνῃς
1717 1522 1738 1554 ¹,
1759 1521 1828 1547 ἀλλὰ
1843 1521 1890 1549 διὰ

1093 1568 1142 1603 τὴν
1155 1568 1165 1584 ³
1182 1567 1356 1604 σωφροσύνην
1372 1569 1386 1594 ὁ
1399 1568 1448 1604 τὴν
1464 1568 1553 1603 φυγὴν
1564 1566 1640 1598 εἰδὼς
1654 1567 1719 1598 Θεὸς
1729 1566 1776 1593 τὸν
1789 1567 1889 1602 ἀνδρὸς

1094 1613 1286 1650 ἀποπληρώσει
1301 1614 1393 1640 τόπον.
1414 1613 1575 1649 Δυπηθεῖσα
1588 1614 1635 1640 καὶ
1651 1612 1802 1648 μονωθεῖσα
1817 1613 1887 1648 πρὸς

1091 1662 1180 1696 ὀλίγον
1195 1660 1291 1696 ἀνδρὸς
1312 1662 1360 1688 καὶ
1372 1661 1474 1688 τέκνων
1496 1660 1671 1695 ἀπελείφθης,
1692 1659 1760 1686 ἀλλὰ
1773 1659 1888 1691 τούτους

1092 1709 1195 1739 πάντας
1203 1707 1342 1734 ἀπολιπεῖν
1351 1707 1362 1722 ⁸
1370 1706 1441 1743 εἶχες
1449 1707 1600 1743 προθεσμίᾳ
1608 1706 1721 1733 θανάτου
1729 1706 1750 1722 ⁵·
1760 1707 1888 1741 κρεῖττον

1091 1754 1119 1781 δὲ
1139 1755 1180 1781 ὅτι
1195 1753 1238 1780 διὰ
1258 1754 1433 1790 σωφροσύνην
1448 1753 1547 1780 ἑκοῦσα
1561 1752 1735 1788 ἀπελείφθης,
1751 1752 1790 1788 ἥ⁶
1805 1753 1888 1787 εἰπερ

1092 1800 1195 1827 ἄκουσα
1220 1800 1289 1836 μετὰ
1314 1800 1409 1837 χρόνον
1433 1801 1474 1834 ἐφ’
1501 1799 1648 1835 ἁμαρτίαις
1667 1799 1763 1830 αὑταῖς
1790 1798 1887 1825 ἀπωλ-

1092 1845 1167 1873 λύου.

1127 1903 1198 1930 XXI.
1217 1903 1309 1939 Πολλῷ
1326 1902 1372 1930 οὖν
1388 1904 1498 1939 ἄμεινον
1521 1903 1555 1930 τὰ
1578 1904 1698 1939 πρωτεῖα
1710 1903 1721 1919 "
1738 1901 1808 1930 εἶναι
1826 1903 1886 1930 θλι-

1093 1949 1170 1985 6ερά.
1192 1950 1247 1976 Καὶ
1265 1950 1318 1986 γὰρ
1331 1950 1375 1976 ὅτε
1393 1949 1533 1985 πάρεστιν,
1558 1950 1646 1976 ἑλπίδι
1669 1949 1716 1976 τοῦ
1733 1950 1885 1985 παρελθεῖν

1092 1996 1123 2022 ού
1137 1996 1207 2022 πάνυ
1219 1996 1308 2029 λυπεῖ,
1323 1996 1469 2032 προσδοκίᾳ
1482 2005 1511 2022 τε
1526 1995 1573 2022 τοῦ
1592 1996 1744 2031 κρείττονος
1761 1997 1810 2023 καὶ
1826 1997 1884 2030 χαίσ

1093 2050 1150 2076 ρειν
1167 2042 1289 2077 παρέχει.
1305 2042 1361 2077 Πρὸ
1378 2041 1484 2068 πάντων
1499 2042 1527 2068 δὲ
1541 2041 1638 2068 εἰδέναι
1653 2050 1682 2067 σε
1702 2041 1781 2074 θέλω,
1799 2042 1885 2068 πόσον

1090 2088 1121 2115 τὸ
1138 2089 1284 2123 σωφρονεῖν
1307 2087 1417 2123 ἀρέσκει
1440 2087 1509 2123 Θεῷ.
1536 2087 1567 2113 ’Π
1585 2086 1700 2122 σώφρων
1721 2087 1790 2122 γυνὴ
1814 2087 1884 2114 θεοῦ

1092 2134 1206 2170 ἐκλογὴ,
1223 2133 1291 2160 Θεοῦ
1319 2133 1442 2166 εὐδοκία,
1459 2133 1525 2160 Θεοῦ
1543 2133 1624 2168 296
1644 2132 1723 2166 δόξα,
1745 2133 1813 2159 Θεοῦ
1837 2134 1883 2159 τέ-

1092 2187 1165 2205 κνον.
1179 2179 1310 2205 Τοσοῦτον
1322 2178 1422 2212 ἀγαθὸν
1433 2178 1444 2194 ⁸
1457 2178 1627 2214 σωφροσύνη.
1639 2178 1671 2204 Εἰ
1689 2178 1725 2213 μὴ
1739 2179 1780 2204 ὅτι
1799 2179 1884 2214 νόμος

257 2221 302 2248 lex
317 2225 400 2254 esset,
413 2226 443 2249 ut
457 2230 490 2250 ne
506 2222 598 2257 justus
610 2221 718 2257 quidem
733 2221 835 2257 absque
849 2222 985 2258 baptismo
999 2222 1040 2249 in-

1099 2224 1135 2261 ῆν,
1151 2225 1217 2261 μηδὲ
1237 2225 1338 2252 δίκαιον
1355 2225 1519 2252 ἀϐάπτιστον
1531 2225 1541 2240 ⁸
1554 2225 1594 2256 εἰς
1613 2225 1661 2260 τὴν
1679 2224 1817 2260 βασιλείαν
1833 2225 1883 2252 τοῦ

906 2279 1023 2307 ἻΑΒΙΔΕ
1043 2280 1243 2309 LECTIONES.

292 2326 316 2342 ”
331 2325 380 2362 μία
393 2324 499 2362 μοιχεία
515 2325 536 2362 (ξ
585 2326 608 2362 f‘
629 2328 662 2361 τῇ
679 2326 707 2352 δὲ
726 2325 833 2362 μοιχείᾳ
845 2326 918 2361 conj.
936 2326 966 2355 Ι).
1004 2327 1026 2343 ⁸⁷
1041 2327 1079 2354 Ita
1097 2327 1116 2354 D
1131 2349 1138 2360 ,
1157 2327 1174 2362 β

772 2335 833 2388 625a
845 2335 918 2361 conj.
936 2335 966 2355 υ.
1005 2335 1024 2343 ἰ
1042 2335 1079 2354 tta
1097 2335 1116 2354 υ
1131 2349 1138 2360 ,
1157 2335 1286 2362 μλεπεται
1302 2335 1333 2361 υ,
1349 2335 1381 2356 υ.
1420 2335 1443 2344 ἰ’
1454 2335 1503 2364 την
1520 2335 1632 2361 ιιιιμιιιιι
1654 2336 1679 2355 c.
1695 2335 1728 2355 υ.
1767 2335 1789 2344 ’·
1804 2335 1883 2356 Ματ-

800 2382 806 2388 .
845 2362 854 2377 ¹
874 2363 970 2391 μιανῆς
986 2362 1016 2389 C.
1058 2363 1068 2378 ⁸
1084 2363 1134 2391 τήν
1151 2371 1206 2390 om.
1219 2363 1251 2390 0.
1287 2364 1298 2380 ⁸
1311 2363 1468 2390 ἀπολείπειν
1485 2363 1515 2390 C.
1554 2364 1565 2380 ⁸
1589 2362 1616 2390 In
1641 2362 1663 2391 0
1694 2371 1755 2390 esse
1772 2364 1883 2391 videtur

258 2361 344 2397 θιδίαν
356 2360 389 2388 Ο.
428 2360 559 2397 ιοογειοη
572 2360 757 2397 Αίγπροσήτιδι
773 2360 806 2388 Ο.
821 2360 826 2361 ⁷
845 2362 854 2377 ¹
873 2363 970 2397 μιανῇς
986 2362 1016 2389 C.

259 2396 414 2432 μανθάνειν.

1175 2328 1286 2364 λέπεται
1302 2328 1333 2361 C,
1349 2328 1381 2364 Ο.
1420 2328 1443 2344 ’⁸
1454 2328 1503 2364 τήν
1520 2328 1632 2364 adjunri
1647 2336 1679 2364 _c.
1695 2327 1728 2355 0.
1767 2329 1789 2344 "
1804 2329 1883 2356 Ματ-

469 2396 509 2440 ξῆ
527 2395 679 2440 θαιΙίᾱῇοᾹ
699 2395 905 2440 qu'i‘ndeﬂrzsp
922 2395 1040 2440 ρξέἱςπερ
1106 2395 1174 2439 Tum
1189 2399 1258 2439 idem
1271 2407 1328 2425 om.
1344 2400 1438 2440 αὺτμῖς
1455 2398 1603 2440 scribitque
1617 2398 1776 2440 ἔπωλλύου,
1795 2408 1821 2427 c.
1873 2420 1881 2432 ,

257 2431 392 2469 ἀπολλύοι)
407 2431 438 2458 C.
465 2431 486 2469 _'
503 2433 642 2469 πρέυατεῖα
659 2431 692 2459 0.
721 2431 790 2469 {Ita
805 2431 827 2459 0
837 2431 864 2460 et
882 2431 913 2469 ex
923 2431 1045 2469 conject.
1060 2433 1080 2460 (Σ
1096 2434 1142 2469 ,jn
1157 2434 1212 2469 cuj.
1228 2438 1303 2461 textu
1322 2434 1458 2460 τοσούτων
1473 2431 1594 2468 ἀγαθῶν.
1616 2433 1636 2460 5
1657 2434 1769 2469 insuper
1782 2431 1881 2466 conici-

257 2468 295 2495 cit
309 2466 444 2494 τοσούτων
460 2466 568 2500 ἀγαθῶν
585 2466 680 2494 αἴτιον.
718 2468 729 2484 ⁹
745 2467 848 2494 δίκαιον
863 2468 908 2494 καὶ
923 2466 1089 2495 ἀϐάπτιστον
1105 2467 1138 2496 Ο.
1156 2466 1212 2496 cu.
1229 2470 1303 2496 hom.
1318 2477 1377 2502 xm,
1394 2470 1437 2496 15.

904 2523 1088 2553 VARIORUM
1106 2525 1222 2553 NOTAE.

290 2570 347 2605 (45)
359 2571 492 2604 Μοιχεία.
511 2569 547 2596 De
563 2569 697 2605 adulterio
718 2569 846 2596 emendes
858 2569 938 2605 velim
951 2569 1041 2597 locum

257 2603 439 2637 SIMelhodii,
459 2605 486 2632 in
503 2611 584 2639 opere
606 2603 642 2630 De
662 2603 744 2630 libero
765 2605 888 2637 arbitrio,
910 2604 1043 2631 Cumbeli-

255 2642 339 2669 siana:
358 2640 505 2673 editionis,
526 2647 553 2674 p.
576 2639 654 2674 5557:
680 2639 793 2674 ’Έτερος
816 2640 928 2674 προσῆν,
949 2639 978 2671 ὃς
993 2639 1040 2666 τοῦ

255 2675 366 2712 πλησίον
376 2676 491 2712 γυναῖκα
499 2673 604 2712 παίζειν
613 2673 700 2712 ἤθελε,
715 2673 851 2712 λῃστεύων
863 2673 950 2710 γάμον
963 2674 1041 2712 ἀλλό-

253 2709 338 2746 τριὸν,
352 2709 399 2738 καὶ
409 2711 454 2737 ἐπὶ
462 2710 618 2746 παράνομον
630 2709 723 2746 κοίτην
729 2709 869 2746 Δτραπῆναι
881 2710 1039 2746 παρορμῶν,

253 2744 298 2773 τὸν
315 2744 905 2782 γεγαμηκόταίγνήσιον-(ἰηιρ-ἀγνὴσιον-νει
923 2744 959 2781 μῆ
973 2744 1040 2782 γνή-

253 2779 325 2812 movi
337 2779 443 2817 πατέρα
455 2779 577 2815 γίνεσθαι
594 2779 759 2817 θέλωνηῌοο
768 2784 810 2806 est
821 2780 942 2817 :NAderat
954 2779 1037 2817 unus,

253 2818 297 2852 qui
313 2814 428 2851 proximi
442 2814 519 2843 uxori
533 2815 655 2852 cupiebat
673 2814 794 2848 illudere,
810 2816 926 2852 «lignum
940 2816 1038 2852 matri-

254 2850 368 2878 monium
387 2852 531 2886 prwdatus,
545 2855 569 2876 el
585 2850 697 2886 incitans
711 2858 767 2886 eant
785 2855 813 2876 ut
827 2850 861 2876 ad
873 2851 1039 2877 concubitum

252 2885 390 2914 zllicitum'
404 2890 560 2920 verteretur,
577 2894 590 2914 ε
611 2885 705 2913 marito
726 2885 812 2914 colens
829 2886 915 2921 facere
937 2890 1038 2921 patrem

1094 2578 1145 2601 non
1157 2579 1254 2598 verum.
1271 2570 1338 2598 Cor.

1129 2606 1185 2641 (44)
1203 2606 1231 2633 ln
1247 2606 1467 2634 CIcmcntinorum
1490 2615 1540 2635 ms.
1560 2607 1605 2635 hic
1616 2606 1650 2633 ad
1667 2605 1818 2640 marginem
1834 2614 1879 2633 re-

1092 2642 1206 2678 centiori
1223 2650 1311 2678 manu,
1321 2647 1452 2677 scriptum
1465 2643 1586 2670 cernitur
1601 2641 1711 2678 ε”οτιεί
1725 2641 1773 2678 καὶ
1781 2641 1878 2678 ὲθνικὴ

1093 2677 1267 2714 ἀϐάπτιστος,
1276 2676 1320 2714 διὰ
1335 2675 1390 2714 τὴν,
1398 2677 1572 2714 σωφροσύνην
1581 2675 1876 2714 ἐδικαιοῦτοηΡιιτὶιιιιιΞ

1093 2687 1320 2709 αυαπιστος,οια
1335 2687 1384 2712 την
1398 2687 1538 2714 σωφροσυν
1558 2687 1572 2704 ν
1582 2687 1741 2704 εοικαιουτο.
1756 2687 1876 2711 rarique

1092 2713 1174 2752 modo
1191 2712 1453 2752 iul'ra,_§txat06ysat
1467 2713 1520 2752 μὲν
1529 2687 1701 2752 gemma
1713 2711 1758 2737 διὰ
1772 2719 1878 2752 σωφρο-

1093 2747 1185 2782 σύνην,
1225 2747 1258 2773 δι’
1272 2747 1494 2784 ἐλεημοσύνην,νῆ
1507 2748 1550 2775 διὰ
1559 2747 1741 2784 δικαιοσύνην,
1752 2747 1778 2784 _ol
1791 2747 1876 2784 ταῦτα

1092 2781 1294 2819 μετερχόμενοι.
1307 2781 1448 2819 βασιλείαν
1460 2781 1616 2819 δὲ’Χριστοῦ
1629 2783 1702 2819 μόνοι
1712 2783 1737 2819 0i
1749 2781 1876 2819 ἕαπτιζόο

1091 2818 1213 2854 μενοιεκ
1220 2817 1299 2854 ἁγίαν
1307 2818 1418 2854 Τριάδα,
1430 2828 1456 2845 κ.
1464 2827 1488 2844 τ.
1500 2817 1600 2852 λζριιίιξ
1607 2817 1697 2845 omnia
1706 2818 1739 2844 ad
1751 2817 1858 2854 Pelagia

1091 2859 1154 2887 nam
1166 2853 1288 2880 haeresim
1302 2852 1436 2887 pertinere
1447 2854 1590 2886 videntur;
1603 2858 1632 2880 ut
1644 2858 1670 2880 et
1679 2852 1810 2880 nonnulla
1820 2852 1874 2880 alia

1090 2886 1222 2917 Clementi
1238 2886 1364 2924 ascriptis
1382 2889 1510 2924 opcribus
1526 2889 1659 2925 inspersa.
1673 2888 1742 2916 Cor.
