1932 3100
65 146 110 173 535

609 147 839 176 CLEMENTINA.
859 165 894 170 —
914 149 1054 178 llOMlLlA
1078 151 1145 181 XIV.

1626 155 1678 182 316

65 204 125 231 Θεοῦ
141 204 280 238 εἰσελθεῖν,
298 204 372 240 τάχα
389 214 440 232 που
460 205 513 232 τῶν
533 205 617 233 ἐθνῶν
630 207 654 232 ol
671 207 836 242 πεπλανημά

896 209 1033 241 grediatur
1053 211 1079 236 in
1102 219 1214 245 regnum
1235 211 1291 244 Dei,
1309 211 1378 240 forte
1397 220 1442 248 qm
1464 219 1543 241 erant
1561 215 1588 241 in
1609 224 1676 250 gen-

69 259 100 276 θοι
120 250 161 276 διὰ
187 249 368 286 σωφροσύνην
394 251 472 287 μόνον
502 251 620 287 σωθῆναι
644 252 777 278 ἐδύναντο.
796 252 844 278 Διὰ

65 295 134 321 τοῦτο
148 295 207 321 λίαν
221 295 319 331 ἀθυμῶ
331 297 396 332 περὶ
407 296 459 323 τῶν
475 297 503 323 ὲν
517 297 605 333 πλάνῃ
625 297 842 333 σωφρονούντων,

64 341 98 368 ὅτι
113 341 174 368 ἄνευ
188 341 298 372 ἐλπίδος
311 342 417 377 ἀγαθῆς
430 344 576 377 σωφρονεῖν
597 343 717 378 ἑλόμενοι
735 344 802 379 πρὸς
814 345 844 371 τὺ

65 387 236 423 βαπτισθῆναι
253 388 378 424 ὀκνηρῶς
397 388 511 423 ἔχουσιν.
533 389 578 415 Διὸ
591 390 622 416 οὐ
645 389 789 422 σώζονται⁸
803 391 843 417 ὅτι

61 433 141 468 δόγμα
159 434 228 460 Θεοῦ
245 436 346 467 κεῖται,
367 434 532 462 ἀϐάπτιστον
545 437 586 467 εἰς
601 435 650 470 τὴν
661 436 743 462 αὑτοῦ
766 435 843 471 βασι-

62 480 128 507 λείαν
141 481 176 516 μὴ
190 481 334 507 εἰσελθεῖν.
346 481 438 508 Ταῦτα
450 481 530 508 αὑτοῦ
545 482 668 513 εἰπόντος
683 483 730 508 καὶ
741 482 842 509 τούτων

61 526 170 559 πλείονα,
183 527 224 558 είς
243 526 328 554 ὕπνον
342 527 508 563 ὲτράπημεν.

342 651 472 698 ὈΜΙᾸῙΑ
491 672 539 699 ml.

88 734 106 762 Ι.
125 735 331 773 Ὀρθριαίτερον
343 738 363 754 ³⁸
376 738 404 764 δὲ
418 737 506 774 πολλῷ
522 738 569 765 τοῦ
586 738 746 774 καθημεραν
760 739 775 766 ὀ
788 739 841 766 Πέ-

57 781 287 816 τροςδιυπνισθεὶς
298 783 384 819 είσῄει
394 783 461 820 πρὸς
474 785 557 819 ἡμᾶς,
566 784 613 811 καὶ¹
626 784 769 818 ἐξυπνίσας
777 784 840 821 ἔφη·

57 827 192 859 Φαυστῖνος
212 828 263 855 καὶ
275 829 467 861 Φαυστινιανὸς
481 829 539 864 ἅμα
552 829 690 865 Κλήμεντι
703 830 771 865 μετὰ
786 830 840 857 τῶν

56 873 152 899 οἰκείων
169 873 435 909 ἀκολουθησάτωσάν
447 883 491 910 μοι
505 875 536 908 ¹¹,
553 875 626 906 ὅπως
642 876 671 902 ὲν
687 876 808 912 σκεπινῷ
819 877 839 892 ¹¹

56 917 97 951 τῆς
106 917 243 953 θαλάσσης
252 918 330 954 τόπῳ
343 918 463 950 ἐλθόντες
475 920 503 946 ἐν
516 919 699 955 ἀκατασκόπῳ
712 920 841 955 βαπτίσαι

57 963 129 998 αὐτὴν
137 963 312 999 δυνηθῶμεν.
322 964 395 1000 Πλὴν
406 965 452 991 ὲπὶ
463 965 516 992 τῶν
529 965 840 1001 αίγιαλῶνηγενομένων

56 1008 132 1043 ἡμῶν,
148 1009 252 1044 μεταξὺ
270 1010 380 1046 πετρῶν
399 1019 479 1038 τινων
495 1011 613 1046 γαληνοῦ
629 1012 708 1038 ml.“
720 1012 841 1048 καθαροῦ

56 1054 128 1080 τόπου
146 1055 363 1091 εὐπορησῶτων
378 1056 522 1083 ἐϐάπτισεν
541 1057 636 1092 αὐτήν.
661 1057 755 1092 Ἡμεῖς
769 1057 797 1086 δὲ
814 1057 840 1084 οι

55 1100 161 1136 ἁδελσοὶ,
177 1102 234 1128 τῶν
250 1102 390 1136 γυναικῶν
402 1102 480 1138 χάριν
496 1102 555 1138 ἅμα
568 1103 674 1138 ἀδελφῷ
693 1104 739 1130 καὶ
751 1103 840 1135 ἄλλοις

56 1146 114 1172 τισὶν
128 1147 361 1182 ὑποχωρήσαντες
381 1147 428 1174 καὶ
440 1147 609 1183 λουσάμενοι,
621 1148 701 1183 297
718 1147 840 1180 ἐλθόντες

55 1191 93 1217 ἐπὶ
104 1192 180 1224 ¹¹τὰς
193 1194 333 1227 γυναῖκας
350 1193 551 1228 παρελάὸομεν.
569 1194 626 1220 Καὶ
637 1193 722 1225 οὕτως
735 1195 763 1220 ὲν
776 1202 838 1230 κρυ-

55 1237 116 1273 ςαίῳ
129 1239 204 1274 τόπῳ
228 1238 410 1274 πορευθέντες
426 1238 570 1273 εὐχόμεθα.
582 1239 696 1265 Ἔπειτα
709 1240 723 1266 ό
736 1239 839 1275 Πέτρος

53 1283 94 1314 τὰς
103 1285 230 1316 γυναῖκας
241 1283 289 1310 διὰ
298 1283 343 1311 τὸν
354 1283 431 1319 ὖχλον
444 1284 630 1320 προέπεμψεν,
639 1284 671 1311 δι’
685 1285 768 1320 ἄλλης
778 1285 837 1312 ὁδοῦ

54 1329 142 1364 ὲπὶτὴν
156 1329 246 1362 ξενίαν
265 1329 353 1356 ἐλθεῖν
363 1329 502 1363 κελεύσας,
516 1330 619 1367 ἀνδρῶν
632 1339 661 1357 τε
673 1331 761 1366 μόνοις
772 1331 836 1366 ἡμῖν

54 1376 160 1402 ωνείναι
172 1378 206 1411 τῇ
225 1376 315 1412 μητρὶ
327 1377 374 1403 καὶ
385 1378 444 1408 ταῖς
455 1377 550 1408 αὑταῖς
564 1376 685 1411 γυναιξὶν
695 1377 716 1393 ¹⁸
727 1377 837 1413 ἐπέτρε-

53 1420 104 1454 ψεν.
122 1422 260 1454 Ἑλθόντες
285 1420 331 1449 οὖν
353 1424 393 1454 εἰς
408 1423 457 1458 τὴν
480 1423 568 1456 ξενίαν
589 1424 636 1450 καὶ
657 1423 836 1459 ἀναμένοντες

53 1466 124 1492 αὑτὸν
138 1467 224 1494 ἐλθεῖν
241 1466 369 1502 ἀλλήλοις
388 1467 570 1503 διελεγόμεθα.
588 1467 667 1494 Μετὰ
690 1468 785 1500 ἱκανὰς
806 1467 834 1494 δὲ

53 1511 116 1547 ὧρας
130 1514 144 1539 ὁ
156 1513 261 1548 Πέτρος
277 1511 372 1545 ἐλθὼν,
387 1513 433 1539 τὸν
446 1513 527 1549 ἄρτον
540 1514 583 1540 ἐπ’
597 1513 757 1549 εὐχαριστίᾳ
770 1513 835 1540 κλά-

53 1567 95 1590 tn;
115 1560 159 1586 καὶ
178 1559 288 1590 ἐπιθεὶς
305 1559 382 1592 ἅλας,
399 1561 432 1595 τῇ
457 1560 540 1596 μητρὶ
559 1559 666 1596 πρῶτον
687 1560 832 1593 ἐπέδωκεν,
847 1572 868 1600 C

53 1604 93 1630 καὶ
103 1604 122 1620 ¹⁷
137 1605 192 1639 μετ’
206 1603 297 1639 αὐτὴν
315 1604 381 1640 ἡμῖν
405 1605 462 1635 τοῖς
477 1604 546 1635 υἱοῖς
567 1603 662 1639 αὐτῆς.
677 1604 732 1630 Καὶ
749 1603 835 1635 οὕτως

53 1649 112 1684 αὐτῇ
130 1649 358 1684 συνειστιάθημεν
369 1649 417 1675 καὶ
430 1649 474 1676 τὸν
486 1649 554 1684 Θεὸν
566 1649 760 1684 εὐλογήσαμεν.

82 1694 110 1722 Ι.
128 1695 192 1721 Τότε
209 1695 307 1722 λοιπὸν
318 1695 332 1721 ὀ
349 1695 451 1730 Πέτρος
463 1714 470 1726 ,
484 1695 530 1721 τὸν
550 1695 627 1730 δχλον
645 1694 835 1730 εἰσεληλυθότα

54 1740 105 1767 ἰδὼν
120 1741 164 1768 καὶ
181 1741 330 1772 καθεσθεὶς
341 1741 388 1767 καὶ
402 1741 641 1777 παρακαθεσθῆναι
655 1742 728 1777 ἡμᾶς
741 1741 835 1768 κελεύ-

54 1794 111 1818 σας,
124 1787 274 1822 ὑφηγεῖται
291 1786 324 1812 τὰ
345 1786 442 1821 πρῶτα
460 1786 560 1813 πείθων
580 1787 654 1822 ἡμᾶς
666 1806 674 1819 ,
691 1787 744 1814 τίνι
763 1787 835 1824 λόγῳ

54 1832 203 1868 προπέμψας
220 1833 298 1868 ἡμᾶς
325 1832 379 1858 ἀπὸ
405 1832 451 1858 τοῦ
475 1831 661 1868 βαπτίσματος
683 1833 729 1860 καὶ
754 1833 834 1866 αὐτὸς

56 1877 173 1913 βραδύνας
196 1878 327 1914 ἐπῆλθεν.
346 1878 401 1914 Τὴν
430 1878 458 1904 δὲ
485 1878 575 1905 αἰτίαν
596 1878 671 1913 ἔλεγε
694 1879 832 1914 τοιαύτην.

56 1924 119 1958 Ἀμα
133 1925 171 1960 τῷ
193 1926 278 1961 ὑμᾶς,
299 1925 391 1960 φησὶν,
405 1925 570 1960 ἀποστῆναι,
588 1925 677 1961 γέρων
698 1926 834 1961 συνεισῄει

55 1968 167 2004 ἐργάτης,
191 1970 350 2006 περιέργως
367 1969 389 1986 ¹³
403 1969 525 1996 κλέπτων
538 1969 558 1985 "
578 1970 689 2002 ἑαυτὸν,
706 1970 753 1997 καὶ
766 1979 833 2006 προ-

55 2017 253 2051 κατασκοπήσας
271 2016 361 2051 ἡμᾶς,
379 2016 417 2047 ὼς
435 2015 516 2047 αὐτὸς
539 2014 652 2051 ὕστερον
680 2015 831 2051 ὡμολόγει,

55 2061 113 2095 πρὸς
122 2061 150 2088 τὺ
163 2062 226 2088 ἰδεῖν
238 2062 265 2088 τί
278 2062 313 2088 ἂν
326 2061 492 2097 πράττοιμεν
504 2061 545 2093 εἰς
556 2061 602 2087 τὸν
614 2061 740 2087 σκεπινὸν
751 2061 832 2088 τόπον

55 2107 215 2140 εἰσελθόντες,
229 2107 319 2142 λάθρα
340 2107 424 2138 ἐκϐὰς
439 2106 629 2142 ἡκολούθησεψ
652 2107 700 2133 καὶ
710 2107 732 2123 ⁸³
745 2107 772 2133 ἐν
787 2107 833 2133 εὺ-

55 2153 130 2189 καίρῳ
141 2155 214 2190 τόπῳ
231 2153 391 2190 προσελθὼν
407 2154 453 2180 καὶ
465 2153 689 2189 προσαγορεύσας
701 2153 762 2188 ἔφη·
785 2154 832 2180 Ἐκ

55 2199 140 2226 πολλοῦ
156 2209 196 2227 σοι
210 2199 368 2227 ἀκολουθῶν
385 2200 430 2226 καὶ
443 2201 585 2235 συντυχεῖν
603 2199 686 2226 θέλων
699 2200 829 2236 ᾐδούμην,

856 895 876 922 Β

896 256 979 288 tihus.
1005 262 1114 290 propter
1136 258 1222 284 solam
1251 258 1407 292 pudicitiam
1432 264 1543 293 possent
1565 261 1675 289 salvari.

895 302 1028 334 Quocirca
1044 303 1216 330 vehementer
1235 304 1333 332 anxius
1348 313 1407 332 sum
1421 305 1453 332 de
1469 305 1502 333 iis
1514 307 1560 341 qui
1583 307 1610 333 in
1632 316 1677 334 er-

894 356 955 374 rore
970 349 1063 375 vivunt
1081 349 1188 383 pudice,
1200 350 1272 384 quod
1288 351 1347 378 sine
1363 351 1433 379 hOna
1455 359 1503 386 spe
1517 351 1675 386 pudicitiam

894 396 1055 429 consectati,
1077 396 1109 422 ad
1136 396 1299 431 baptismum
1322 397 1506 432 recipiendum
1530 405 1558 425 se
1581 404 1677 432 gerant

893 442 1022 475 segniter.
1036 442 1126 475 Quare
1146 444 1212 470 salvi
1229 451 1281 470 non
1295 444 1379 476 ﬁunt;
1397 445 1460 478 quia
1475 444 1522 471 Dei
1538 445 1675 472 decretum

893 488 1012 521 positum
1024 492 1076 520 est,
1088 497 1122 516 ne
1135 488 1162 515 in
1179 489 1264 524 ipsius
1275 497 1388 525 regnum
1401 490 1569 525 ingrediatur
1579 499 1676 525 expers

893 533 1033 568 baptismi.
1057 534 1123 567 Qua:
1138 541 1281 570 postquam
1297 536 1420 571 protulit,
1439 541 1466 564 et
1481 537 1524 564 his
1539 537 1627 572 plura,
1641 538 1675 565 ad

892 587 1020 607 somnum
1036 582 1159 609 conversi
1173 589 1280 609 sumus.

1170 672 1312 700 llOlllLlA
1330 674 1401 702 XlV.

927 729 949 758 Ι.
964 729 1048 757 Multo
1061 735 1150 758 autem
1169 732 1313 764 maturius,
1325 739 1408 767 quam
1423 732 1543 767 quotidie
1558 733 1674 766 solebat,

890 774 988 803 Petrus
1009 782 1185 811 experrectus
1198 777 1232 804 ad
1248 786 1297 805 nos
1313 779 1453 813 ingressus
1469 784 1520 810 est,
1539 787 1607 814 quos
1627 787 1675 807 ex-

892 823 1051 858 pei'gel‘ccit,
1074 832 1107 851 ac
1133 824 1227 852 dixit:
1256 825 1403 854 Faustinus
1428 831 1455 854 ct
1481 827 1676 856 Faustinianus

892 876 1000 902 unaque
1016 868 1142 896 Clemens
1163 878 1225 896 cum
1248 871 1306 897 SlliS
1331 879 1375 898 mc
1397 878 1557 905 sequantur,
1582 878 1611 900 ιη
1628 880 1675 900 νο-

892 914 996 941 uientes
1012 915 1045 941 ad
1068 915 1205 942 obtectum
1225 917 1308 943 maris
1332 916 1422 944 locum
1447 917 1515 944 clam
1535 919 1675 949 possimus

891 967 950 986 eam
969 960 1116 995 baptizare.
1140 961 1232 996 itaque
1247 962 1291 988 ubi
1316 961 1418 990 fuimus
1439 963 1465 990 in
1482 964 1580 995 littore.
1604 966 1676 992 inter

891 1013 955 1033 saxa
972 1007 1107 1040 qum-dam,
1122 1015 1182 1042 qua:
1198 1009 1375 1042 tranquillum
1392 1013 1418 1036 et
1433 1011 1563 1037 mundum
1584 1011 1672 1038 locum

891 1052 1058 1086 przehehant,
1067 1053 1215 1088 baptizavit
1230 1053 1378 1081 illam.Nos
1389 1059 1478 1082 alitem
1494 1055 1601 1087 fratres.
1617 1065 1676 1083 mu-

890 1097 988 1124 lierum
1001 1099 1103 1133 gratia,
1115 1107 1167 1125 una
1184 1107 1246 1126 cum
1257 1098 1340 1126 fratre
1354 1103 1380 1126 ct
1399 1099 1459 1127 aliis
1480 1101 1617 1127 nonnullis
1633 1109 1674 1128 seL

889 1143 1023 1170 cessimus
1036 1149 1062 1170 et
1079 1143 1210 1176 lavimus;
1229 1152 1261 1172 ac
1280 1144 1392 1178 profecti
1408 1145 1441 1171 ad
1459 1145 1584 1173 mulieres
1598 1154 1674 1174 rece-

889 1191 979 1225 pimus
996 1190 1079 1225 ipsas.
1102 1189 1202 1225 Sicque
1217 1190 1244 1217 in
1269 1190 1358 1218 locum
1383 1192 1520 1218 occultum
1536 1192 1674 1227 progressi

889 1237 944 1264 illic
957 1236 1058 1271 precati
1074 1243 1180 1263 sumus.
1194 1235 1289 1263 Postea
1303 1236 1399 1264 Petrus
1413 1238 1541 1265 umliercs
1557 1239 1592 1265 ob
1606 1239 1674 1266 mul-

889 1283 1031 1310 titudinem
1057 1282 1202 1317 prteuiisit,
1224 1282 1324 1317 jubcns
1347 1287 1377 1310 ut
1395 1291 1442 1318 per
1463 1284 1575 1311 alteram
1599 1285 1672 1312 viam

889 1329 958 1356 irent
971 1329 1003 1356 ad
1020 1329 1180 1363 hospitium,
1192 1328 1312 1363 solisque
1323 1329 1443 1356 virorum
1457 1330 1535 1357 nobis
1549 1331 1673 1365 permisit

888 1380 1002 1402 matrem
1025 1382 1057 1402 ac
1080 1374 1209 1401 mulieres
1232 1374 1368 1402 comitari.
1392 1373 1538 1402 Venientes
1556 1383 1620 1411 ergo
1638 1376 1673 1404 ad

888 1422 1069 1449 diversorium
1084 1426 1110 1448 et
1126 1421 1315 1456 praestolantes
1329 1421 1474 1448 adventum
1497 1421 1570 1449 illius
1586 1422 1672 1449 collos

887 1466 1040 1500 quebamur
1059 1465 1186 1492 invicem.
1199 1464 1264 1492 Post
1280 1465 1379 1493 multas
1394 1473 1459 1493 vero
1475 1466 1557 1493 horas
1576 1466 1672 1496 Petrus

887 1518 1028 1543 regressus
1045 1518 1143 1545 panem
1158 1510 1184 1537 in
1197 1510 1390 1538 eucharistiam
1408 1510 1497 1546 fregit.
1509 1516 1535 1538 et
1549 1511 1610 1539 cibo
1623 1520 1672 1547 po-

885 1557 938 1584 sito
957 1557 1037 1584 matri
1057 1558 1175 1592 primum
1191 1557 1280 1591 dedit,
1303 1565 1335 1585 ac
1354 1562 1415 1592 post
1435 1565 1495 1584 eam
1513 1558 1592 1586 nobis
1608 1559 1672 1586 [iliis

886 1603 956 1638 ejus.
972 1603 1059 1638 Atque
1083 1604 1119 1630 ita
1134 1611 1196 1630 cum
1212 1611 1243 1630 ea
1259 1604 1440 1636 comedimus,
1455 1603 1594 1638 Deumque
1609 1604 1672 1631 lau-

886 1649 967 1677 dibus
980 1649 1116 1683 prosecuti
1133 1657 1239 1678 sumus.

921 1695 952 1723 ll.
973 1695 1042 1722 Tum
1059 1695 1156 1722 deinde
1177 1695 1289 1729 Petrus,
1309 1696 1462 1731 ingressum
1482 1695 1612 1730 populum
1630 1695 1671 1722 vi-

885 1740 970 1774 dens,
994 1749 1057 1768 cum
1080 1741 1214 1774 sedisset,
1248 1749 1354 1777 nosque
1380 1742 1508 1777 jussisset
1531 1741 1669 1772 assidere.

885 1787 1024 1814 enarravit
1041 1787 1128 1821 primo
1144 1795 1175 1814 ac
1196 1787 1298 1820 docuit,
1316 1795 1370 1822 qua
1388 1787 1492 1815 ratione
1514 1787 1594 1814 nobis
1609 1792 1671 1821 post

886 1832 1052 1866 haptisumm
1067 1832 1216 1866 praemissis
1232 1832 1289 1867 ipse
1305 1833 1382 1860 tarde
1399 1832 1534 1860 rediisset.
1551 1832 1669 1861 Causam

884 1885 949 1904 vero
964 1878 1033 1905 hanc
1049 1877 1173 1904 dicebat:
1195 1877 1283 1904 Simul
1306 1883 1454 1913 atque_vos
1467 1898 1474 1910 ,
1493 1878 1600 1913 inquit.
1614 1878 1669 1905 dis-

885 1923 1016 1954 cessistis,
1030 1931 1111 1950 senex
1126 1923 1267 1957 operarius
1276 1923 1512 1955 advenit,curiose
1527 1924 1670 1952 occultans

884 1976 923 2001 se,
949 1968 1083 2004 nobisque
1107 1969 1184 2004 prius
1208 1969 1360 1997 observatis
1388 1969 1479 2005 (sicut
1496 1969 1554 2004 ipse
1574 1973 1670 2004 postea

884 2014 973 2042 fassus
987 2015 1050 2049 est),
1066 2019 1095 2042 ut
1110 2015 1223 2047 videret,
1239 2015 1369 2050 quidnam
1382 2015 1498 2050 ingressi
1512 2015 1602 2042 locum
1619 2015 1671 2043 ob-

882 2065 983 2088 tectum
1004 2068 1162 2096 ageremus,
1179 2061 1249 2088 clam
1268 2061 1334 2088 exiit
1351 2066 1378 2089 et
1395 2065 1504 2089 secutus
1520 2066 1572 2094 est,
1589 2066 1671 2097 atque

883 2107 909 2134 in
930 2112 1084 2142 opportuno
1104 2107 1165 2134 loco
1187 2107 1351 2135 conveniens
1369 2115 1412 2135 me
1429 2116 1460 2135 ac
1475 2108 1596 2136 salutans
1610 2108 1668 2137 ait:

881 2152 940 2180 Jam
955 2153 1001 2180 diu
1020 2157 1046 2180 te
1061 2161 1178 2188 sequens
1195 2158 1221 2181 et
1237 2153 1339 2188 alloqui
1358 2154 1484 2189 cupiens,
1500 2154 1614 2182 verebar
1635 2162 1670 2182 no

882 2200 948 2227 mihi
964 2204 1092 2234 tanquam
1108 2200 1218 2227 curioso
1234 2200 1485 2233 irascereris,nunc
1499 2205 1590 2228 autem
1608 2208 1670 2235 qua)

55 2246 140 2280 μήπως
152 2246 188 2278 ὠς
208 2245 350 2282 περιέργῳ
365 2254 409 2281 μοι
428 2245 601 2283 χαλεπαίνῃς”
620 2245 667 2273 νῦν
680 2246 708 2272 δὲ
721 2245 754 2272 τὰ
770 2246 832 2281 ἐμοὶ

890 2246 949 2272 nihi
963 2246 1089 2273 videntur
1103 2254 1178 2279 vera,
1196 2247 1219 2274 si
1230 2247 1271 2274 vis
1282 2246 1402 2281 profero.
1412 2247 1443 2274 Et
1457 2254 1506 2282 ego
1518 2247 1646 2282 respondi
1660 2255 1667 2274 :

53 2290 167 2319 δοκοῦντα
183 2293 282 2328 ἀληθῆ,
300 2294 325 2319 εἰ
351 2292 454 2328 βούλει,
477 2292 557 2327 λέγω.
575 2291 660 2326 Κάγὼ
679 2292 828 2327 ἀπεκρινά-

55 2344 108 2370 μην·
119 2338 198 2374 298
206 2339 277 2373 Λέγε
290 2339 357 2374 ἡμῖν
370 2339 438 2374 ὅπερ
452 2347 491 2365 σοι
502 2339 576 2365 δοκεῖ
586 2337 667 2364 καλὸν
684 2335 763 2369 εἶναι,
781 2338 828 2364 καὶ

54 2381 223 2419 ἀποδεξόμεθά
242 2394 283 2417 σε,
301 2383 353 2412 κᾶν
365 2384 404 2420 τῷ
425 2384 481 2410 ὄντι
499 2384 536 2420 μὴ
550 2383 632 2410 καλὸν
676 2384 705 2410 τὸ
718 2383 829 2418 λεγόμε-

53 2430 224 2467 νον,ἑπείπερ
243 2431 335 2467 ἁγαθῇ
358 2431 516 2467 προαιρέσει
537 2431 567 2457 τὺ
586 2430 680 2458 δοκοῦν
694 2439 735 2457 σοι
749 2430 829 2457 καλὸν

55 2473 129 2502 εἰπεῖν
141 2476 285 2512 ἠθέλησας.

84 2519 122 2547 111.
141 2522 194 2548 Καὶ
205 2523 220 2548 ὁ
236 2522 327 2557 γέρων
340 2521 387 2548 τοῦ
405 2521 494 2556 λέγειν
503 2521 603 2557 ἦρξατο
619 2520 714 2552 οὕτως·
725 2520 830 2548 Θαλάσ-

57 2571 86 2600 σῃ
107 2565 173 2601 ὑμᾶς
192 2566 372 2602 λελουμένους
395 2566 476 2598 sic“
500 2566 546 2593 τὸν
567 2567 723 2604 ἀπόκρυφον
745 2565 827 2594 τόπον

881 2292 930 2319 Die
946 2292 1026 2320 nobis
1047 2293 1119 2327 quod
1137 2293 1185 2320 tibi
1204 2293 1310 2320 videtur
1327 2300 1388 2320 esse
1403 2293 1517 2326 bonum,
1531 2298 1558 2320 et
1574 2292 1669 2320 lauda-

881 2339 971 2366 bimus
988 2343 1024 2370 te,
1041 2339 1103 2366 licet
1118 2346 1148 2366 re
1162 2346 1225 2366 vera
1239 2359 1247 2372 ,
1264 2339 1338 2374 quod
1354 2339 1457 2367 dixeris
1469 2360 1477 2372 ,
1494 2339 1595 2367 bonum
1613 2346 1669 2366 non

881 2384 975 2416 fuerit,
1001 2385 1129 2419 quoniam
1154 2384 1281 2419 prudenli
1312 2385 1428 2412 consilio
1450 2385 1493 2418 id,
1517 2384 1590 2420 quod
1616 2385 1669 2418 tibi

880 2430 969 2458 visum
991 2434 1034 2458 est
1059 2431 1172 2464 bonum,
1189 2430 1310 2458 volueris
1326 2431 1464 2466 proloqui.

915 2518 959 2546 lll.
980 2517 1048 2545 Tum
1067 2525 1150 2545 senex
1173 2517 1210 2545 ita
1227 2518 1310 2552 cmpit
1335 2518 1425 2546 dicere
1442 2527 1448 2545 :
1476 2518 1505 2545 ln
1523 2518 1593 2545 mari
1618 2525 1668 2545 vos

882 2565 981 2593 lavisse
1004 2565 1080 2598 vidi,
1097 2569 1125 2592 et
1150 2571 1212 2600 post
1236 2565 1287 2592 hoc
1302 2565 1336 2593 ad
1361 2570 1498 2594 secretum
1522 2565 1669 2593 secessisse

690 2654 807 2682 VARle
827 2655 1028 2683 LECTIONES.

87 2709 106 2748 ξ’
122 2709 157 2748 Ita
172 2710 203 2748 07
219 2719 244 2739 c.
266 2711 285 2740 S
300 2733 309 2745 ,
323 2711 482 2748 ὀρθρίτερον
512 2712 544 2739 G.
566 2711 624 2739 Cir.
641 2711 776 2748 bonum,
799 2713 847 2746 l2;
876 2721 919 2740 xvi
932 2734 940 2746 ,
955 2713 986 2739 21
1002 2722 1010 2746 ;
1036 2721 1103 2746 xvu,
1120 2714 1148 2747 l;
1167 2722 1223 2746 xix,
1238 2714 1263 2741 Ι.
1278 2712 1347 2740 Tum
1365 2711 1425 2739 καθ’

521 2748 543 2763 ¹¹
561 2747 700 2784 σκεπεινῷ
717 2747 738 2774 0
755 2767 761 2779 ,
774 2753 801 2784 et
823 2748 946 2784 posthac.
964 2748 1032 2776 Tum
1051 2749 1088 2776 id.
1105 2749 1145 2775 Τὰ
1159 2749 1206 2776 τοῦ
1224 2748 1410 2784 βαπτίσματος
1427 2747 1611 2783 σχεδιάσωμεν
1628 2749 1666 2782 (in

776 2783 904 2820 ﬂuit-cluat
932 2784 1017 2820 αὐτὴν
1045 2784 1212 2820 δυνηθῶμεν.

59 2743 75 2759 ¹¹
88 2743 355 2783 immensam“;
376 2743 422 2782 μοι
436 2743 469 2775 Ὁ.

58 2782 274 2819 ξιξκξκητςαρενθᾲὲν
298 2783 346 2809 καὶ
362 2782 448 2819 νόθον)
465 2791 491 2817 p.
508 2783 542 2819 ὲν
563 2782 747 2819 ἀκατασκόπῳ

1451 2711 1557 2747 ἡμέραν
1583 2712 1665 2742 idem.

1263 2784 1284 2800 ¹³
1299 2783 1345 2809 τὸν
1372 2783 1494 2817 αἰγιαλόν
1520 2785 1549 2810 C.
1590 2784 1611 2799 ¹⁵
1623 2783 1669 2810 καί

59 2812 121 2846 EF“:
133 2812 223 2854 lltllet
233 2817 256 2844 0
271 2838 278 2845 .
293 2819 370 2854 deest
383 2818 409 2844 in
425 2812 498 2854 tex'tu
593 2818 616 2834 "
629 2817 674 2843 ἐπί
697 2812 817 2852 supplevi
836 2826 868 2845 ex
881 2818 912 2846 0.
953 2818 974 2834 ’°
989 2812 1036 2846 καὶ
1051 2812 1162 2851 ταύταις
1177 2821 1237 2854 ταῖς
1253 2818 1374 2854 γυναιξίν
1388 2812 1414 2845 θ’
1425 2838 1432 2850 ,
1446 2819 1492 2845 καὶ
1503 2819 1562 2850 ταῖς
1573 2818 1670 2851 ἄλλαις

59 2855 82 2890 γτ
97 2851 164 2884 conj.
221 2888 226 2890 _
244 2854 265 2870 ¹⁷
277 2853 323 2890 καί
337 2853 401 2890 add.
417 2853 507 2890 c._0._
521 2853 559 2880 Ex
581 2854 675 2890 cndrln
699 2851 806 2890 reposui
830 2854 910 2890 ἡμῖν,
928 2855 1000 2888 quod
1024 2855 1130 2888 transiit
1143 2855 1172 2882 S.
1191 2851 1489 2890 Τυῐιίσυνεστιάθημεν
1502 2853 1534 2881 C.
1549 2889 1552 2890 ν
1574 2854 1596 2870 ³⁸
1619 2862 1670 2882 πε-

61 2883 156 2919 ρίεργος
176 2886 246 2923 Epit.
286 2889 307 2904 "
319 2887 426 2916 κλέπων
441 2888 473 2917 Ο.
492 2888 615 2924 Sequens
627 2888 674 2916 καί
687 2883 805 2924 ειἘρίι.
817 2883 878 2918 ςίύ
893 2883 991 2924 {deest
1003 2898 1047 2924 ap.
1061 2883 1092 2918 ὁ.
1131 2891 1153 2906 ³⁸
1166 2890 1211 2918 καί
1228 2883 1330 2919 inserui
1345 2898 1369 2918 c.
1385 2889 1417 2918 0.
1430 2883 1477 2920 ”,¹¹
1501 2889 1554 2917 ὑπό
1564 2890 1596 2918 0.
