1917 3100
256 147 309 176 34⁸1

681 146 708 175 ς.
729 146 922 174 CLEMENTIS
939 146 949 174 1
977 147 1058 174 ROM.
1080 147 1178 174 ΡΟΝΤ.
1199 147 1312 174 ΟΡΕῐίᾹ
1330 148 1442 177 DUBIA.

1824 150 1874 179 558

252 205 343 233 locum
359 215 365 232 :
394 205 528 233 accedens
544 213 608 241 ergo
619 226 627 239 ,
647 210 674 232 et
698 206 846 232 observans
861 206 894 232 de
912 206 1036 238 occulto,

1089 207 1318 242 ὑποχωρήσαντας
1334 206 1403 236 ἰδὼν,
1418 205 1571 241 προσελθὼν
1585 206 1670 242 λάϐρα
1687 207 1872 234 κατεςκάπουν

252 251 317 286 quid
339 251 365 278 in
389 257 524 278 secretum
550 251 666 287 ingressi
691 252 806 286 ageretis
820 272 827 284 ,
845 259 906 278 eum
926 256 1035 278 orantes

252 297 447 332 inspexissem,
466 298 590 325 secessi:
617 301 644 324 et
668 305 718 324 vos
741 298 887 324 miseratus
915 297 1034 332 opperiri

251 343 331 377 capi,
345 351 490 378 usquequo
502 351 628 378 egressos
642 343 803 378 alloquerer,
817 350 849 370 ae
859 344 985 370 docerem
1002 351 1035 370 ne

250 388 359 416 erretis.
375 387 444 421 Quia
466 396 554 423 neque
569 387 640 415 Deus
655 393 714 421 est,
741 396 829 423 neque
853 389 1033 424 providentia.

249 433 296 459 sed
314 433 405 467 genesi
423 433 515 460 omnia
531 432 687 466 subiacent,
705 433 775 460 sicut
794 441 844 468 ego
859 441 893 460 ex
907 433 941 461 iis
952 453 959 465 ,
974 441 1035 468 quae

251 480 317 506 mihi
335 479 511 512 acciderunt,
527 479 749 506 manifestissime
764 479 894 513 comperi,
909 479 934 506 in
951 479 1034 506 disci-

251 526 323 560 plina
342 526 495 552 matheseos
509 525 566 560 jam
597 525 700 559 pridem
731 525 873 559 diligenter
899 524 1032 551 eruditus.

250 570 310 598 Noli
330 579 395 605 ergo
417 578 520 603 errare,
542 570 590 598 ﬁli.
611 571 674 598 Sive
694 571 767 598 enim
783 578 862 601 Ores.
889 569 944 597 sive
961 577 1031 601 non,

250 624 311 651 qua:
326 616 434 650 genesis
450 620 496 642 tua
514 616 645 649 continet,
665 617 721 643 haec
738 616 785 642 tibi
803 616 925 643 accident
940 623 1033 642 neces-

249 661 333 688 sario.
356 661 423 688 Nam
454 661 476 688 si
497 669 590 696 preces
616 665 729 696 possent
743 661 846 696 aliquid
860 681 868 694 ,
893 661 935 688 vel
961 660 1032 687 bona

249 714 343 741 opera.
361 707 419 741 ipse
437 706 507 739 inter
537 706 673 734 feliciores
689 714 789 733 essem.
807 705 846 734 Ac
873 713 961 739 nunc,
979 705 1031 732 nisi

250 755 277 778 te
293 751 393 785 decipit
416 751 474 785 btee
490 751 654 786 paupercula
671 758 729 778 mea
747 750 846 782 vestis,
864 750 945 777 dictis
965 750 1032 777 meis

246 788 304 830 non
318 796 433 830 diﬂidas.
450 796 519 823 Cum
542 796 606 823 olim
631 796 658 823 in
674 803 773 830 magna
793 796 925 823 bonorum
945 795 1032 822 abun-

249 842 342 875 dantia
359 850 500 874 versarer,
516 842 601 869 multa
618 847 674 868 ttnn
699 842 752 869 diis
771 841 955 874 immolabant,
974 845 1030 868 tum

1085 250 1116 276 τὸ
1131 250 1156 276 τί
1171 251 1205 277 ἂν
1221 252 1251 277 ἐν
1263 252 1389 287 κρυφαίῳ
1401 251 1532 283 εἰσιόντες
1545 252 1701 287 πράττοιτε.
1715 254 1763 280 καὶ
1780 254 1874 289 ἐπειδὴ

1085 296 1247 331 εὐχομένους
1270 295 1339 323 εἶδον
1357 297 1391 328 ³⁸,
1413 297 1592 332 ὑπεχώρησα·
1617 297 1731 332 ἐλεήσας
1750 297 1780 324 δὲ
1802 298 1875 332 ὑμᾶς

1085 341 1223 376 ἀνέμεινα,
1246 342 1319 373 ὅπως
1341 342 1476 375 ὲξιοῦσι¹³
1497 343 1701 378 προσομιλήσας
1722 343 1808 370 πείσω
1836 345 1875 380 μὴ

1085 385 1250 413 ἀπατᾶσθαι.
1264 386 1332 413 Οὔτε
1344 387 1398 422 γὰρ
1410 387 1476 418 Θεὸς
1490 387 1576 419 ἔστιν,
1590 387 1650 414 οὔτε
1666 389 1791 423 πρόνοια,
1805 389 1877 415 ἀλλὰ

1084 431 1191 464 γενέσει
1207 431 1241 458 τὰ
1257 432 1345 458 πάντα
1358 432 1508 464 ὑπόκειται,
1519 433 1557 464 ὡς
1572 433 1627 467 ὲγὼ
1640 434 1681 468 ἐφ’
1693 430 1732 464 οἷς
1749 433 1876 461 πέπονθα

1084 476 1343 512 πεπληροφόρημαι,
1362 478 1393 504 ὲκ
1409 477 1513 504 πολλῶν
1524 478 1546 494 ’⁸
1558 478 1679 513 ἀκριϐῶν
1690 478 1721 504 τὸ
1743 478 1875 514 μάθημα.

1083 521 1129 556 Μὴ
1145 519 1191 547 οὖν
1204 522 1311 553 ἀπατῶ,
1328 522 1432 551 τέκνον.
1446 523 1507 549 Εἴτε
1524 523 1578 559 γὰρ
1593 523 1674 559 εὔχῃ,
1696 524 1750 550 εἴτε
1765 524 1815 560 μὴ,
1839 525 1877 551 τὰ

1083 567 1115 592 ὲκ
1126 566 1175 601 τῆς
1190 566 1322 600 γενέσεως
1333 567 1447 602 πάσχειν
1458 568 1579 603 ἀνάγκην
1591 567 1670 602 ἔχεις·
1685 570 1709 595 ει
1724 569 1779 605 γὰρ
1792 570 1876 605 εὐχαί

1082 620 1110 638 τι
1123 612 1248 639 ἐδύναντο
1259 613 1282 628 ’⁵
1295 613 1311 648 ἥ
1329 613 1358 638 τὸ
1374 611 1402 640 εὖ
1421 615 1520 644 ποιεῖν,
1533 614 1614 646 αὐτὸς
1624 614 1657 640 ἂν
1669 616 1698 641 ὲν
1710 617 1766 647 τοῖς
1778 616 1877 651 κρείτ-

1082 667 1156 684 τοσιν
1172 659 1256 693 ἢμην.
1272 659 1328 686 Καὶ
1341 659 1387 686 νῦν
1403 660 1428 685 εὶ
1449 661 1484 694 μή
1503 668 1532 685 σε
1548 660 1645 695 ἀπατᾷ·
1659 661 1674 695 ἡ
1688 661 1804 696 πενιχρά
1819 670 1875 696 μου

1083 703 1153 744 αὕτη
1172 704 1266 742 ἐσθὴς,
1286 705 1336 731 οὐκ
1353 705 1512 741 ἀπιστήσεις
1529 705 1551 722 ’⁸
1563 703 1604 737 οἷς
1624 706 1703 740 λέγω.
1724 706 1767 732 Ἑν

1083 750 1140 785 βίου
1159 749 1223 775 ποτὲ
1243 748 1281 776 ὣν
1297 750 1453 785 περιουσίᾳ,
1468 750 1551 777 πολλὰ
1563 751 1609 777 καὶ
1630 751 1700 783 θεοῖς
1717 751 1807 783 ἔθυον,
1824 753 1875 778 καὶ

1082 795 1218 830 δεομένοις
1230 796 1368 830 παρεῖχον,
1383 796 1429 822 καὶ
1445 795 1519 831 ὅμως
1532 796 1677 831 εὐχόμενός
1688 805 1717 822 τε
1731 797 1779 823 καὶ
1793 797 1875 833 £07;-

1082 840 1137 874 ὃῶν
1154 840 1203 875 τὴν
1217 840 1400 876 πεπρωμένην
1417 841 1545 875 ἐκφυγεῖν
1559 843 1608 868 οὐκ
1621 842 1764 878 ἠδυνήθην.
1784 842 1874 876 Κάγὼ

247 888 340 922 egenis
359 888 493 922 largiehar
509 897 515 914 :
537 892 655 914 attamen
676 887 741 914 dum
763 894 811 914 oro
830 891 857 914 et
887 886 931 926 pie
947 886 1009 912 vivo
1021 906 1028 918 ,

1080 886 1158 927 ἔφην·
1170 886 1236 912 Τίνα
1249 885 1322 912 ἐστὶν
1334 885 1351 912 ἃ
1364 886 1543 919 πέπονθας¹⁷;
1557 888 1571 913 ὁ
1583 887 1611 913 δὲ
1623 887 1798 922 ἁπεκρίνατο·
1813 887 1874 923 Οὺλκ

248 933 333 960 fatum
351 942 404 960 non
429 933 502 968 potui
524 933 650 967 effugere.
673 932 705 959 Et
720 939 769 966 ego
786 932 843 959 dixi
863 942 869 958 :
895 923 1028 964 (Quantam

248 984 330 1013 sunt,
355 987 415 1015 quae
434 980 481 1006 tibi
507 979 701 1014 contigerunt?
718 978 764 1005 Ille
784 985 849 1005 vero
867 977 1006 1012 respondit
1022 986 1028 1003 :

246 1023 305 1051 Non
318 1031 428 1051 necesse
445 1029 486 1051 est
501 1032 573 1051 nunc
587 1023 679 1050 dicere
693 1032 699 1049 :
716 1022 784 1050 forte
809 1023 835 1049 in
854 1022 906 1049 line
921 1022 1025 1057 audies,

246 1072 371 1105 quisnam
387 1079 438 1106 ego
453 1079 515 1098 cum
538 1078 644 1103 essem,
665 1075 692 1097 et
711 1078 744 1097 ex
761 1070 860 1105 quibus
877 1074 954 1096 ortus
966 1090 974 1101 ,
996 1068 1023 1097 in

1080 931 1185 966 ἀνάγκη
1197 930 1285 965 λέγειν
1300 930 1357 962 νῦν,
1373 930 1437 963 ἴσως
1458 932 1504 957 ἐπὶ
1519 931 1589 958 τέλει
1602 932 1716 968 ἀκούσῃ,
1732 932 1775 963 τίς
1786 941 1816 958 τε
1835 932 1874 957 ὢν

1080 976 1135 1010 ἐγὼ
1151 977 1198 1002 καὶ
1212 976 1302 1008 τίνων,
1317 977 1345 1002 ὲν
1365 977 1455 1008 ποίαις
1477 976 1534 1011 βίου
1558 977 1734 1013 περιστάσεσι
1757 977 1871 1015 γέγονα..

1080 1021 1137 1048 Νῦν
1152 1021 1180 1048 δὲ
1193 1022 1233 1048 ὅτι
1245 1023 1351 1056 γενέσει
1366 1023 1400 1049 τὰ
1416 1022 1504 1049 πάντα
1520 1023 1676 1055 ὑπόκειται,
1692 1022 1873 1060 πληροφορη-

1081 1067 1159 1102 θῆναί
1177 1076 1206 1093 σε
1219 1067 1297 1094 Θέλω.

247 1117 344 1152 quales
368 1117 529 1144 incurrerim
553 1117 616 1143 vitae
642 1116 821 1143 calamitates.
844 1114 897 1142 Sed
923 1122 1006 1147 nunc,
1040 1113 1132 1141 omnia
1158 1112 1255 1148 subjici
1281 1112 1430 1148 genitum,
1448 1113 1509 1141 volo
1525 1113 1574 1141 tibi
1598 1121 1658 1142 esse
1683 1114 1870 1149 persuasissi-

247 1170 332 1189 mum.

283 1209 326 1236 IV.
348 1208 404 1246 Ego
419 1209 474 1236 dixi
490 1218 496 1235 :
516 1209 543 1236 Si
560 1210 651 1243 genesi
664 1215 760 1236 cuncta
778 1208 905 1242 subsunt,
920 1208 1026 1243 hocque

246 1254 282 1280 ita
298 1261 359 1281 esse
372 1262 532 1291 persuasum
548 1254 642 1287 habes,
658 1259 746 1281 tecum
759 1253 907 1290 pugnantia
922 1253 1026 1287 cogitas

246 1304 273 1327 et
297 1300 428 1326 consulis.
447 1300 552 1327 Etenim
582 1299 604 1326 si
634 1305 729 1326 contra
752 1298 841 1328 natale
865 1305 898 1325 ne
925 1298 1026 1325 sentire

246 1346 356 1380 quidem
380 1353 546 1381 possumus,
570 1353 619 1372 cur
643 1344 745 1371 frustra
763 1344 890 1376 laboras,
915 1343 942 1370 id
967 1343 1024 1370 ﬁeri

246 1390 428 1423 Consulendo,
445 1390 516 1429 quod
534 1398 594 1416 esse
611 1389 725 1424 nequit?
740 1388 893 1422 Quinetiam
913 1388 935 1415 si
953 1387 1025 1414 nati-

245 1436 316 1463 vitas
330 1436 462 1469 subsistit,
482 1435 537 1462 noli
564 1435 590 1462 in
617 1443 650 1462 eo
667 1442 766 1465 navare
781 1441 903 1468 operam,
919 1438 949 1461 ut
966 1441 1028 1468 per-

245 1481 361 1509 suadeas
376 1482 453 1515 mihi,
470 1489 503 1509 ne
517 1481 606 1514 colam
622 1485 757 1508 astrorum
772 1481 852 1507 etiam
870 1479 1024 1513 Dominum,
1041 1513 1061 1521 Π

245 1527 292 1561 ιιιιί
306 1531 333 1553 ct
347 1527 369 1553 si
386 1526 449 1553 velit
470 1534 523 1553 non
542 1525 599 1553 ﬁeri
616 1526 734 1560 aliquid,
751 1525 808 1552 tieri
828 1525 930 1558 nequit.
947 1524 1025 1551 Sem-
1039 1514 1060 1540 (Ῑ

246 1581 293 1608 per
309 1573 393 1606 enim,
413 1572 485 1607 quod
502 1573 608 1605 subest,
626 1571 663 1605 ei,
679 1571 751 1606 quod
777 1576 873 1606 praeest
887 1578 919 1597 ac
939 1570 1024 1602 ducit,

245 1623 340 1653 pareat
355 1626 466 1645 necesse
490 1618 581 1645 habet.
598 1618 679 1645 Certe
692 1617 817 1645 venerari
838 1625 886 1644 eos
899 1637 906 1649 ,
923 1616 969 1651 qui
987 1616 1024 1642 dii

245 1669 385 1699 putantur,
404 1665 494 1699 genesi
512 1664 669 1691 dominante
686 1662 853 1697 superﬂuum
865 1666 917 1689 est.
933 1661 1025 1696 Neque

245 1711 318 1738 enim
336 1716 431 1745 praeter
448 1710 473 1737 id
486 1732 493 1743 ,
509 1711 581 1746 quod
606 1709 663 1737 fato
685 1710 791 1745 placet,
809 1709 957 1744 quidquam
974 1709 1020 1742 tit,

246 1765 334 1791 neque
349 1757 400 1792 ipsi
415 1757 553 1792 quidpiam
571 1756 659 1784 taeere
675 1759 800 1791 possunt,
816 1755 863 1790 qui
879 1755 1025 1782 universali

245 1802 336 1837 genesi
355 1810 411 1829 sua:
431 1802 484 1829 sint
508 1802 632 1837 subjecti.
652 1801 680 1829 Si
699 1801 804 1837 genesis
826 1800 927 1833 existit,
943 1808 1025 1835 repu~

245 1852 318 1881 gnat.
333 1847 358 1875 id
374 1848 445 1882 quod
462 1855 516 1875 non
533 1851 575 1875 est
589 1848 718 1882 primum,
730 1847 863 1881 imperare
876 1855 882 1873 :
895 1850 942 1872 aut
958 1846 1024 1873 sub-

242 1893 344 1928 jz‘tztum
368 1901 428 1921 esse
453 1901 514 1920 non'
531 1897 620 1928 potest
641 1892 811 1928 ingenitum,
838 1899 912 1924 cum,
929 1895 1022 1926 utpote

246 1939 408 1974 ingenitum,
422 1939 489 1965 nihil
505 1939 604 1966 habeat
622 1947 650 1966 se
667 1938 816 1972 antiquius.

283 1985 314 2011 V.
335 1985 398 2012 "me
414 1993 475 2012 cum
494 1985 564 2012 inter
580 1993 628 2011 nos
646 1985 830 2019 loqueremur,
848 1984 943 2019 ingens
960 1983 1026 2011 asti-

246 2031 278 2058 tit
293 2031 433 2057 hominum
447 2030 602 2057 multitudo.
617 2029 748 2064 Tuncque
765 2030 798 2056 ad
812 2038 859 2057 eos
876 2030 1025 2064 respiciens

245 2077 300 2104 dixi
315 2086 320 2103 :
333 2076 388 2111 Ego
402 2084 463 2103 cum
477 2084 574 2110 genere
588 2083 649 2103 meo
661 2075 751 2110 accepi
772 2083 785 2102 a
804 2075 953 2110 maj0ribus
968 2075 1025 2103 cul-

246 2127 302 2149 tum
320 2121 376 2154 Dei,
394 2127 420 2148 et
436 2126 599 2156 praeceptum
617 2121 705 2149 habeo
721 2129 754 2147 ne
771 2121 841 2147 ortul
860 2121 1023 2153 adita-ream,

1114 1210 1196 1245 299
1213 1210 1257 1237 IV.
1276 1210 1361 1245 Κάγὼ
1382 1209 1501 1246 ἐφηνἸΞὶ
1517 1211 1622 1245 γενέσει
1642 1211 1676 1238 τὰ
1689 1212 1779 1238 πάντα
1800 1213 1870 1240 ὑπό-

1079 1262 1178 1286 κειται,
1200 1255 1247 1281 καὶ
1262 1254 1334 1280 τοῦθ’
1345 1254 1369 1270 ’⁸
1380 1254 1466 1286 οὕτως
1490 1254 1564 1290 ἔχειν
1573 1255 1595 1271 ’³
1612 1255 1868 1292 πεπληροφόρησαι,

1079 1299 1184 1335 σεαυτῷ
1193 1300 1299 1327 ὲναντία
1310 1300 1376 1327 νοῶν
1385 1299 1626 1336 συμϐουλεύεις.νεί
1638 1300 1685 1335 μὲν
1696 1301 1750 1337 γὰρ
1759 1302 1783 1317 ³⁰
1792 1303 1871 1338 παρὰ

1077 1346 1182 1381 γένεσιν
1195 1347 1224 1374 οὐ
1236 1347 1346 1374 δυνατὸν
1363 1347 1422 1374 οὐδὲ
1436 1347 1466 1374 τὸ
1484 1348 1590 1382 φρονεῖν
1603 1367 1610 1379 ,
1624 1348 1650 1373 τί
1664 1350 1871 1383 ματαιοπνεῖς,

1079 1393 1269 1429 συμϐουλεύων
1291 1393 1418 1428 γενέσῡαι
1439 1393 1454 1419 ὅ
1474 1394 1600 1429 γενέσθαι
1622 1394 1751 1420 ἀδύνατόν
1772 1394 1869 1427 ὲστινς

1077 1438 1134 1465 ἀλλ’
1146 1439 1186 1465 ἔτι
1202 1439 1253 1474 μὴν
1265 1439 1289 1465 εἱ
1301 1439 1407 1473 γένεσις
1421 1439 1581 1474 ὑφέστηκεν,
1595 1440 1631 1474 μὴ
1649 1439 1747 1466 σπεῦδε
1762 1439 1870 1466 πίοειν

1078 1483 1128 1519 ἐμὲ
1146 1484 1182 1519 μὴ
1198 1484 1287 1510 σέϐειν
1302 1485 1348 1510 τὸν
1360 1486 1407 1511 καὶ
1420 1485 1474 1510 τῶν
1494 1485 1600 1520 ἄστρων
1613 1485 1753 1520 δεσπάτην,
1772 1483 1804 1513 οὗ
1822 1485 1868 1511 θέ-

1078 1529 1168 1562 λοντος
1179 1531 1225 1557 καὶ
1241 1530 1277 1566 μὴ
1289 1531 1414 1564 γενέσθαι
1431 1539 1467 1561 τι,
1484 1531 1611 1565 γενέσθαι
1621 1530 1749 1558 ἀδύνατον
1761 1531 1795 1558 ³¹.
1807 1532 1868 1557 Ᾱῑεὶ

1076 1575 1130 1611 γὰρ
1143 1575 1173 1602 τὸ
1186 1575 1363 1610 ὑποκείμενον
1375 1575 1414 1610 τῷ
1426 1576 1568 1611 ἡγουμένῳ
1581 1576 1720 1602 πείθεσθαι
1740 1576 1867 1611 ἀνάγκην

1075 1620 1142 1655 ἔχει.
1161 1621 1196 1647 Τδ
1211 1621 1302 1656 μέντοι
1321 1622 1384 1653 τοὺς
1397 1622 1590 1657 νομιζομένους
1602 1621 1679 1653 Οεοὺς
1700 1622 1802 1653 σέϐειν,
1819 1631 1863 1656 γε-

1076 1666 1176 1697 νέσεως
1189 1666 1398 1702 ἐπικρατούσης,
1412 1668 1537 1702 περιττόν
1549 1668 1631 1693 ἐστιν.
1641 1666 1709 1693 οὔτε
1722 1667 1778 1702 γὰρ
1793 1668 1869 1703 παρὰ

1075 1712 1105 1739 τὺ
1120 1712 1216 1738 δοκοῦν
1232 1714 1264 1748 τῇ
1278 1713 1446 1749 πεπρωμένῃ
1457 1722 1484 1739 τι
1498 1714 1520 1728 ³⁸
1537 1713 1651 1747 γίνεται,
1672 1713 1734 1740 οὕτε
1750 1714 1828 1740 αὐτοί
1841 1723 1868 1740 τι

1076 1760 1162 1786 ποιεῖν
1179 1758 1317 1791 δύνανται,
1334 1761 1366 1794 τῇ
1383 1759 1495 1786 καθόλου
1513 1760 1602 1786 αὐτῶν
1621 1759 1798 1795 ὑποκείμενοι
1818 1769 1867 1794 γε-

1075 1804 1156 1830 νέσει.
1178 1804 1209 1830 Εἰ
1230 1805 1335 1838 γένεσις
1360 1805 1444 1836 ἔστιν,
1468 1805 1616 1831 ἀντίκειται
1639 1805 1670 1831 τὸ
1694 1805 1731 1840 μὴ
1756 1805 1867 1841 πρῶτον

1075 1850 1178 1885 ἄρχειν,
1191 1850 1207 1886 ἢ
1222 1849 1244 1865 ³³
1260 1849 1418 1876 ὑποκεῖσθαι
1435 1851 1465 1882 οὑ
1481 1850 1591 1877 δύναται
1604 1850 1633 1877 τὺ
1653 1851 1787 1886 ἀγένητον
1799 1871 1806 1884 ,
1824 1851 1864 1883 ὡς

1075 1895 1205 1931 ἀγένητον
1218 1895 1313 1922 ἑαυτοῦ
1326 1895 1508 1932 πρεσϐύτερον
1526 1895 1611 1931 μηδὲν
1622 1895 1693 1930 ἕχον.
1739 1892 1742 1893 ν

1110 1985 1142 2012 V.
1163 1984 1281 2011 Τοιαῦτα
1293 1984 1360 2020 πρὸς
1372 1982 1502 2019 ἀλλήλους
1523 1983 1655 2017 λεγόντων
1673 1983 1764 2018 ἡμῶν,
1781 1984 1867 2015 πολὺς

1075 2032 1197 2067 παρέστη
1211 2030 1297 2066 ὄχλος.
1312 2030 1367 2057 Καὶ
1382 2030 1443 2056 τότε
1456 2029 1511 2064 ἐγὼ
1529 2030 1570 2061 εἰς
1584 2029 1630 2055 τὸν
1646 2029 1724 2064 ὄχλον
1747 2030 1866 2056 ἀποϐλέα

1076 2086 1133 2104 των
1145 2077 1220 2114 ἔφην·
1239 2075 1309 2110 Ἐγὼ
1320 2076 1367 2102 καὶ
1381 2075 1413 2101 τὸ
1428 2075 1493 2110 ἐμὸν
1505 2074 1587 2110 φῦλον
1601 2075 1633 2100 ὲκ
1645 2074 1786 2110 προγόνων
1797 2075 1866 2101 Θεὸν

1076 2123 1164 2149 σέϐειν
1175 2122 1350 2158 παρειληφὼς
1367 2121 1412 2148 καὶ
1425 2120 1608 2157 παράγγελμα
1620 2120 1690 2155 ἔχων
1701 2120 1809 2154 γενέσει
1828 2121 1865 2156 μὴ

245 2167 415 2200 astrologica:
428 2167 540 2200 inquam
551 2167 720 2200 disciplinae:
735 2166 837 2193 idcirco
849 2166 881 2192 ad
893 2174 952 2193 eam
965 2166 1024 2194 ani-

1080 2169 1263 2205 προσανέχειν,
1280 2168 1351 2202 λέγω
1364 2167 1396 2203 δὴ
1407 2167 1446 2202 τῷ
1457 2167 1506 2205 τῆς
1518 2167 1695 2203 ἀστρολογίας
1708 2166 1864 2203 μαθήματι,

246 2221 319 2239 mum
337 2221 390 2239 non
420 2213 548 2248 applicui.
572 2212 648 2239 Unde
672 2212 823 2246 astrologiae
843 2212 952 2246 quidem
970 2219 1025 2238 non

245 2263 305 2282 sum
323 2256 426 2290 peritus
440 2266 447 2283 :
466 2264 582 2291 quorum
599 2261 690 2283 autem
709 2257 831 2291 peritiam
857 2256 943 2283 habeo
955 2277 962 2290 ,
979 2256 1024 2283 illa

246 2308 391 2335 exponam.
409 2300 476 2334 Quia
493 2302 603 2336 genesin
620 2309 653 2328 ex
680 2302 737 2335 ipsa
760 2309 891 2336 geneseos
912 2302 1024 2329 scientia

244 2346 385 2374 confutare
409 2355 526 2382 nequeo,
542 2347 603 2374 volo
618 2347 670 2374 alia
688 2347 793 2374 ratione
810 2348 962 2381 ostendere,
978 2356 1024 2383 per

246 2393 291 2420 Dei
310 2394 507 2428 providentiam
531 2401 574 2421 res
591 2394 784 2426 administrari,
801 2398 828 2421 et
844 2402 1024 2430 unumquem-

245 2446 299 2473 que
314 2439 461 2466 secundum
475 2446 505 2465 ea
521 2446 582 2473 quze
595 2438 687 2471 faciat,
711 2439 851 2473 praemium
866 2439 908 2467 vel
929 2447 1024 2474 ptenas

246 2492 304 2513 esse
320 2490 463 2512 nacturum
478 2494 485 2512 :
498 2485 561 2522 _sivc
573 2493 656 2519 nunc,
672 2486 731 2513 sive
746 2486 870 2521 posthac,
884 2487 952 2513 nihil
965 2495 1024 2514 mea

1074 2215 1119 2242 διὰ
1129 2215 1208 2242 τοῦτο
1227 2215 1257 2241 οὐ
1281 2213 1440 2248 προσέσχον.
1454 2213 1534 2239 Ὅθεν
1551 2212 1728 2248 ἀστρολογίας
1742 2213 1793 2248 μὲν
1813 2214 1865 2240 οὐκ

1075 2261 1132 2296 εἰμὶ
1153 2260 1297 2296 ἔμπειρος,
1321 2256 1357 2285 ὧν
1375 2259 1404 2285 δέ
1416 2259 1491 2294 ειμι,
1516 2259 1701 2294 ὑφηγήσομαι.
1719 2258 1832 2293 Ἐπειδὴ
1843 2259 1865 2274 ³⁵

1075 2307 1181 2341 γένεσιν
1193 2305 1241 2332 ἀπ’
1257 2305 1341 2340 αὐτῆς
1360 2305 1410 2340 τῆς
1431 2304 1501 2330 κατὰ
1523 2304 1572 2340 τὴν
1585 2304 1689 2338 γένεσιν
1706 2304 1865 2339 ἐπιστήμης

1075 2351 1269 2382 ἀνασκευάζειν
1289 2351 1320 2376 οὐ
1341 2350 1362 2366 ³⁸
1387 2349 1518 2385 δύναμαι,
1637 2349 1769 2384 βούλομαι
1791 2349 1865 2384 ἄλλῳ

1074 2398 1167 2433 τρόπῳ
1190 2396 1340 2428 ἀποδεῖξαι,
1362 2396 1403 2422 ὅτι
1423 2395 1493 2422 κατὰ
1513 2395 1642 2431 Πρόνοιαν
1664 2395 1807 2422 διοικεῖται
1829 2395 1864 2421 τὰ

1076 2443 1241 2479 πράγματα,
1259 2443 1304 2468 καὶ
1319 2441 1432 2472 ἕκαστος
1444 2461 1451 2472 ,
1475 2441 1543 2476 πρὸς
1555 2441 1572 2467 a
1589 2440 1702 2476 πράττει
1713 2460 1721 2472 ,
1738 2442 1824 2477 τιμῆς
1845 2441 1862 2475 ἢ

1078 2488 1214 2519 κολάσεως
1229 2487 1363 2520 τεύξεταιο
1378 2487 1432 2514 εἴτε
1449 2487 1477 2514 δὲ
1495 2487 1517 2503 ³⁸
1533 2487 1582 2513 νῦν
1597 2486 1652 2513 εἴτε
1668 2484 1762 2519 αὖθις,
1783 2487 1862 2514 οὐθέν

891 2578 1008 2605 νΑῐὶΙᾹζ
1028 2577 1228 2605 LECTIONES.

286 2632 383 2661 ἐἶδον
400 2634 420 2660 S
448 2633 471 2661 0
485 2655 493 2667 ,
518 2634 572 2660 ἴδον
593 2633 626 2661 C.
662 2635 685 2650 "
700 2633 738 2661 lta
763 2633 785 2660 0
811 2638 837 2660 et
857 2640 890 2660 cx
919 2633 1034 2664 conject.
1049 2633 1069 2660 C
1085 2653 1093 2663 ,
1110 2633 1136 2659 in
1152 2632 1207 2666 euj.
1227 2637 1300 2660 textu
1314 2631 1428 2664 ἀξιοῦσι.
1466 2630 1608 2667 ἰγπολλοῠ
1623 2629 1653 2657 C.
1692 2630 1715 2645 "
1732 2622 1859 2667 δύνανται

243 2667 275 2696 C.
330 2669 352 2684 "
367 2669 404 2696 lla
419 2669 441 2696 0
466 2677 490 2696 c.
514 2669 533 2695 S
548 2690 555 2700 ,
581 2670 733 2704 ἀπιστήσῃς
749 2669 780 2696 C.
800 2669 837 2704 _”
855 2668 972 2694 πέπονθε
1002 2668 1033 2695 0.

245 2706 285 2731 ιιι.
302 2703 346 2731 ed.
365 2705 433 2731 1658
445 2709 472 2731 et
486 2704 564 2731 1724.
603 2705 624 2720 ³¹
651 2702 688 2730 ltu
705 2702 732 2731 Ὀ
755 2712 780 2731 c.
797 2702 866 2734 Epit.
880 2707 907 2730 et
925 2711 1011 2735 marg.
1023 2703 1052 2729 Ci

245 2740 391 2766 dummodo
422 2737 452 2766 οὗ
478 2739 600 2770 θέλοντος
627 2739 729 2766 referas
745 2739 778 2765 ad
798 2738 858 2773 ὲμέ.
895 2738 917 2753 ⁸¹
930 2746 957 2764 τι
971 2734 1002 2764 Ο.
1016 2745 1041 2764 c.
1064 2737 1151 2772 Epit.,
1176 2738 1250 2773 deest
1265 2738 1291 2764 in
1314 2734 1460 2773 ltfxll-lrpia
1486 2734 1537 2773 "ﬁ

1072 2668 1094 2683 ’⁸
1110 2665 1234 2695 τοῦτοῦ.
1289 2668 1311 2682 “
1333 2668 1392 2702 ἔχον
1408 2667 1439 2702 C.
1495 2666 1518 2682 ⁸ο
1535 2666 1588 2700 γάρ
1606 2665 1774 2702 Δρηιξιοιτιιίε.
1786 2665 1809 2702 S
1818 2674 1856 2702 Δι’.

1063 2723 1070 2732 .
1090 2703 1198 2729 δυνατόν
1222 2703 1248 2729 in
1265 2699 1439 2736 textufqnod
1455 2707 1484 2728 ut
1499 2699 1591 2736 sanam
1606 2700 1665 2736 lect.
1679 2700 1806 2736 repetivit
1816 2699 1856 2736 S_,

1561 2735 1630 2775 τὸ
1646 2734 1781 2775 ἀγένητον
1797 2734 1854 2761 cod.

247 2773 312 2807 Ileg.
331 2774 393 2807 804,
407 2775 505 2801 desunt
516 2775 542 2800 in
559 2779 674 2808 utroque
692 2770 842 2800 llom.coi|.
881 2772 902 2808 f‘
926 2772 1018 2808 ἐπειδὴ
1037 2770 1092 2807 γάρ
1119 2773 1179 2799 cod.
1207 2772 1271 2806 Reg.
1291 2772 1352 2808 804.
1377 2772 1412 2808 ξ’
1435 2771 1465 2808 οὐ
1492 2770 1553 2808 add.
1577 2770 1598 2796 1)
1622 2778 1659 2808 ex
1685 2770 1805 2808 conject.
1831 2778 1853 2808 ι’.

247 2804 391 2835 nonnullis
409 2809 539 2843 Epilomes
558 2804 707 2835 codicibus.
717 2808 804 2843 Verba
819 2807 911 2842 ἐπειδὴ
932 2804 1096 2841 γένεσὶν’ἁπ”
1109 2808 1192 2843 αὐτῆς
1205 2804 1259 2843 τῆξ
1273 2807 1342 2834 κατὰ
1359 2807 1408 2841 τῆν
1419 2806 1523 2840 γένεσιν
1536 2805 1689 2840 ἐπιστήμης
1705 2804 1854 2837 ἀνασκευᾴ‹

247 2843 302 2876 ζειν
320 2844 349 2870 οὐ
366 2842 480 2878 δύναμαι
505 2844 693 2872 desiderantur
708 2844 733 2870 in
757 2842 789 2870 0.
828 2843 848 2859 δί’
861 2843 888 2869 δέ
906 2842 1062 2878 transcripsi
1084 2851 1116 2870 ex
1130 2842 1160 2870 Ο.
