1917 3100
43 130 82 157 549

577 127 843 157 CLEMENTINA.—
858 126 998 154 HOMILIA
1010 125 1077 153 XIV.

1575 121 1630 149 550

42 195 77 221 μοι
94 184 216 220 διαφέρει,
231 184 307 220 ’πλὴν
327 184 370 211 ὅτι
389 184 496 216 πάντως
517 185 665 211 ἀπολαύσει
687 185 799 215 ἕκαστος

853 183 983 211 interest:
1011 183 1063 210 nisi
1086 183 1159 218 quod
1177 183 1289 210 omnino
1307 183 1497 218 unusquisque
1512 181 1630 209 fructum

40 229 69 257 ὧν
84 231 197 267 ἔπραξεν.
216 231 248 257 Ἡ
267 231 294 258 δὲ
311 231 447 264 ἀπόδειξις
469 231 515 258 τοῦ
533 232 570 267 μὴ
593 229 662 258 εἶναι
682 232 797 265 γένεσιν,

40 279 97 304 ἐςτιν
108 276 180 312 αὕτη.
194 277 254 303 Τῶν
270 277 451 313 παρεστώτων
463 277 489 304 ετ
507 286 549 309 τις
565 277 711 314 ὀφθαλμῶν
722 277 798 304 ἐστέ-

41 332 120 358 ρηται,
137 322 152 358 ἢ
174 322 272 355 κυλλὴν
299 323 356 359 ἔχει
374 323 394 338 ²¹
411 323 459 359 τὴν
481 324 578 358 χεῖρα,
608 323 625 358 ἢ
646 323 731 358 χωλὸν
753 323 799 349 τὸν

39 369 91 395 πόδα
102 368 136 404 ,ἦ
152 369 244 405 ἕτερον
263 378 290 395 τι
307 370 368 406 περί
385 369 461 405 σῶμα
473 390 480 402 ,
496 370 510 396 ὃ
535 369 707 406 ὑποστροφὴν
731 370 799 406 πρὸς

39 414 94 439 ἴασιν
107 413 180 440 πάλιν
199 414 250 440 οὐκ
270 414 336 452 ἔχει,
358 415 405 444 καὶ
422 415 520 447 παντὸς
537 415 655 451 ἰατρικοῦ
674 415 696 431 ³⁸
712 415 797 449 ἐπαγα

36 459 149 493 τέλματος
174 459 251 491 ἐκτός
274 461 367 493 ἐστιν,
387 461 415 487 ὃν
438 461 498 487 οὐδὲ
526 462 682 495 ἀστρολόγοι
709 462 798 493 ἰᾶσθαι

36 504 234 538 ἐπαγγέλλονται,
250 505 290 531 ὅτι
305 505 341 540 μὴ
354 506 406 532 ἀπὸ
421 506 467 532 τοῦ
483 506 587 542 μακροῦ
604 507 701 539 αἰῶνος
712 507 799 534 τοιοῦ-

35 549 70 575 τόν
83 558 107 575 τι
121 549 243 584 γέγονεν·
257 550 313 584 ἐγὼ
324 551 351 577 δὲ
365 551 430 577 Θεοῦ
443 552 548 588 δεηθεὶς
563 552 611 588 τὴν
626 554 697 580 ἴασιν
711 553 799 589 παρά-

36 603 80 628 σχω
89 595 117 626 ”,
132 595 208 622 ὀπὰτε
227 596 261 623 ὲκ
277 597 409 630 γενέσεως
429 598 597 634 κατόρθωσιν
617 599 647 625 τὺ
659 599 763 627 τοιοῦτο
775 600 798 615 ⁸⁸

34 640 141 666 οὐδέποτε
160 640 250 668 λαϐεῖν
275 641 402 678 ἠδυνήθη·
424 643 520 671 τούτου
542 643 627 675 οὕτως
654 645 798 680 γενομένω

33 686 71 720 οὐχ
82 687 276 722 ἁμαρτάνουσιν
288 688 312 714 οἰ
325 688 370 715 τὸν
384 689 471 719 πάντα
484 689 720 726 δημιουργήσαντα
732 691 799 718 Θεὸν

34 732 319 768 βλασφημοῦντεςξΚαὶ
343 735 357 762 ὁ
378 736 465 771 γέρων
481 736 656 772 ἀπεκρίνατο·
674 737 799 772 Βλασφη-

35 780 82 812 μεῖν
91 779 138 814 γάρ
149 780 205 806 ἐστι
214 780 246 806 τὺ
255 780 346 815 λέγειν
357 781 461 815 γενέσει
474 781 631 809 ὑποκεῖσθαι
643 781 677 808 τὰ
690 782 778 809 πάντα
789 790 798 815 ;

34 823 95 857 κάγὼ
105 825 308 861 ἀπεκρινάμην·
328 826 381 853 Καὶ
399 826 479 852 πάνυ.
494 827 525 853 Εἰ
536 826 590 862 γὰρ
606 828 690 854 πᾶσαι
703 827 730 853 αἱ
743 826 798 853 τῶν

34 869 160 905 ἀνθρώπων
182 871 318 907 ἁμαρτίαι
340 872 387 898 καὶ
403 872 523 899 ἀσέϐειαι
540 873 586 899 καὶ
610 873 749 908 ἀσέλγειαι
770 872 799 905 ἐξ

34 915 134 953 ᾲπέρων
157 917 293 951 γίνονται,
310 918 335 944 οἱ
355 917 383 944 δὲ
404 918 516 954 ἀστέρες
535 919 621 945 ταῦτα
643 920 730 946 ποιεῖν
746 919 798 946 ὑπὸ

33 961 85 987 θεοῦ
105 962 253 998 ἐτᾴγησαν,
270 963 313 989 ἵνα
330 963 437 989 πάντων
452 962 576 998 χαλεπῶν
596 963 798 991 ἀποτελεστικὰ.

33 1007 151 1040 γένωνται,
162 1009 190 1035 αἰ
204 1009 315 1036 πάντων
327 1009 458 1046 ἁμαρτίαι
469 1010 509 1041 εἰς
521 1009 599 1036 αὐτὸν
609 1009 797 1046 ἀναφέρονται,

33 1053 68 1078 τὸν
78 1054 119 1089 τὴν
131 1055 236 1088 γένεσιν
255 1055 336 1082 θέντα
347 1056 376 1082 ὲν
391 1057 447 1087 τοῖς
462 1056 582 1091 ἄστροις.

59 1098 95 1126 Vl.
113 1100 165 1126 Καὶ
177 1100 192 1126 ὁ
203 1100 296 1135 γέρων
313 1100 491 1136 ἀπεκρίνατο·
510 1100 628 1136 Ἀληθῶς
641 1101 766 1136 μεγάλως
775 1101 797 1117 ⁴¹

32 1146 93 1181 ἔφης.
105 1147 168 1174 ἀλλὰ
180 1148 259 1184 πάσῃ
275 1156 320 1174 σου
333 1148 410 1183 301
425 1149 457 1184 τῇ
470 1148 652 1184 ἀπαραϐλήτῳ
665 1147 798 1181 ἀποδείξει

32 1194 44 1227 ἡ
61 1194 105 1229 ἐμὴ
120 1194 261 1229 ἐμποδίζει
289 1194 449 1229 συνείδησις.
468 1194 539 1228 Ἐγὼ
563 1194 616 1230 γὰρ
638 1194 799 1230 ἀστρολόγος

32 1238 60 1265 ὡν
70 1240 109 1266 καὶ
123 1239 229 1274 Ῥώμην
240 1238 350 1275 πρῶτον
362 1239 483 1275 οἰκήσας,
496 1237 555 1266 εἶτα
563 1239 585 1254 δ’
600 1239 736 1273 φιλιωθείς
746 1249 799 1266 τινι

33 1286 85 1322 πρὸς
94 1287 182 1321 γένους
192 1287 252 1314 ὄντι
265 1287 412 1323 Καίσαρος,
427 1287 509 1314 αὑτοῦ
522 1296 552 1314 τε
566 1288 612 1314 καὶ
624 1288 673 1324 τῆς
687 1288 799 1324 συμϐίου

32 1334 70 1368 τὴν
83 1334 180 1368 γένεσιν
201 1333 327 1369 ἀκριϐῶς
339 1333 362 1348 ⁸³
386 1333 562 1369 ἠπιστάμην,
582 1333 630 1360 καὶ
656 1334 801 1370 ιστορήσας

31 1380 165 1412 ἀκολούθως
186 1380 237 1412 τὰς
264 1379 378 1416 πράξεις
399 1379 624 1411 ἁποτελεσθείσας
651 1380 740 1407 αὐτῶν
766 1382 799 1417 τῇ

32 1426 119 1460 γενέσει
133 1426 203 1462 ἔργῳ
213 1427 248 1458 δ”,
266 1426 307 1453 col.
327 1425 398 1461 λόγῳ
410 1425 550 1452 πείθεσθαι
567 1426 597 1452 οὐ
610 1426 736 1462 δύναμαι.
747 1424 801 1454 Ἤν

31 1470 74 1506 γὰρ
84 1472 127 1506 τῆς
138 1471 272 1505 γενέσεως
283 1471 368 1506 αὐτῆς
378 1470 409 1497 τὸ
420 1470 544 1505 διάθεμα,
555 1470 649 1497 ποιοῦν
661 1471 800 1506 μοιχάδας,

33 1517 91 1543 ἰδίων
105 1517 200 1544 δούλων
220 1516 344 1552 ἔρώσας,
362 1516 409 1542 καὶ
427 1516 472 1541 ἐπὶ
490 1515 570 1551 ξένης
591 1517 620 1542 ὲν
641 1516 719 1543 ὕδασι
736 1517 800 1552 θνη-

33 1563 141 1594 manicas.
151 1564 182 1590 ‘0
193 1563 242 1590 καὶ
254 1562 342 1593 οὕτως
352 1562 374 1578 ⁸⁸
387 1561 506 1597 γέγονεν.
520 1561 679 1598 Ἐρασθεῖσα
687 1562 740 1598 γὰρ
751 1562 798 1589 τοῦ

34 1609 86 1635 ἰδίου
99 1609 198 1642 δούλου,
215 1610 264 1636 καὶ
278 1608 447 1644 μὴ.φέρουσα
458 1609 503 1635 τὸν
514 1608 606 1644 ψόγον,
618 1608 739 1644 φυγοῦσα
752 1609 800 1637 σὺν

33 1658 105 1693 αὐτῷ,
121 1659 149 1685 ὲν
164 1657 303 1692 ἀλλοδαπῇ
327 1657 470 1692 ὁρμήσασα
483 1657 530 1683 καὶ
546 1657 637 1693 κοίτης
654 1657 727 1693 αὐτῷ
743 1666 800 1684 κοι-

32 1705 165 1739 νωνήσασα,
179 1703 251 1731 κατὰ
264 1703 401 1731 θάλασσαν
411 1703 432 1718 ⁵⁸
448 1703 590 1739 διεφθάρη.

62 1750 110 1778 ιιι.
126 1749 209 1784 Κάγὼ
231 1748 433 1785 ἀπεκρινάμην·
457 1749 512 1776 Καὶ
532 1749 590 1780 πῶς
610 1748 663 1784 ἄρα
672 1749 694 1765 ⁸⁷
719 1748 800 1783 γινώ-

34 1804 95 1828 σκεις
108 1796 144 1823 ὅτι
160 1797 176 1831 ἡ
193 1794 318 1830 φυγοῦσα
337 1795 366 1820 ὲν
382 1794 516 1831 ἀλλοδαπῇ
534 1794 666 1829 γενομένη
681 1793 725 1820 τὸν
741 1793 801 1820 δοῦ-

33 1840 68 1866 λον
79 1840 183 1876 ἔγημεν,
201 1841 249 1867 καὶ
265 1839 379 1874 γήμασα
399 1839 421 1855 ⁸⁸
443 1838 616 1874 ἐτελεύτησεν
629 1847 636 1871 ;
655 1839 709 1865 Καὶ
724 1839 737 1865 ὁ
752 1839 799 1873 γέ-

35 1894 85 1920 ρων·
102 1885 237 1921 Ἀσφαλῶς
251 1883 312 1915 οἶδα
326 1884 439 1920 τάληθῆ,
456 1884 504 1920 οὐχ
525 1885 565 1911 ὅτι
585 1883 697 1920 ἔγημεν,
720 1884 799 1911 ὁπότε

34 1932 77 1958 οὔδ’
86 1933 122 1960 ὃτι
137 1934 189 1969 ἦρα
205 1932 365 1966 ἐγίνωσκον,
381 1930 448 1957 ἀλλὰ
463 1930 531 1965 μετὰ
553 1930 602 1966 τὴν
619 1930 703 1966 αὐτῆς
718 1930 801 1957 ἀπαλι

33 1977 104 2014 λαγὴν
118 1979 162 2006 καὶ
169 1979 191 1996 δ’
202 1977 319 2012 ἀδελφὸς
333 1978 347 2004 ὁ
363 1976 409 2004 τοῦ
426 1976 520 2012 ἀνδρὸς
536 1976 620 2011 αὐτῆς
630 1976 690 2011 ἐμοὶ
705 1976 800 2012 διηγή-

34 2034 87 2054 σατο
101 2027 181 2053 πάντα
204 2026 240 2053 τὰ
262 2024 335 2052 κατὰ
356 2024 400 2051 τὸν
428 2024 512 2060 αὐτῆς
535 2024 639 2060 ἔρωτα,
663 2024 710 2051 καὶ
720 2024 742 2040 ³ο
763 2024 801 2056 ὡς

34 2073 117 2109 σεμνὸς
130 2073 176 2107 ὢν,
194 2074 243 2100 ἆτε
260 2072 292 2108 δὴ
310 2071 382 2098 aut“
394 2070 516 2104 ἁδελφὸς,
528 2070 578 2096 οὐκ
593 2069 725 2105 ἐϐουλήθη
741 2070 801 2105 μιᾶ-

33 2127 69 2146 ναι
81 2120 126 2155 τὴν
144 2119 249 2154 κοίτην,
261 2117 309 2144 καὶ
325 2116 383 2148 πῶς
392 2115 538 2151 βουλομένη
547 2114 593 2141 καὶ
600 2114 743 2150 αἰδουμένη
751 2115 800 2142 αὐ-

32 2164 115 2192 τὸνγαὶ
121 2165 164 2193 τὸν
173 2165 257 2199 ψόγον
264 2165 281 2199 ἡ
291 2162 402 2193 τάλαινα
409 2161 468 2197 (οὐκ
474 2160 590 2196 ἔστιγὰρ
600 2161 683 2197 αὐτὴν
692 2161 800 2197 μέμψα-

813 1541 836 1572 ο

34 2209 93 2242 σθαι,
107 2211 145 2237 ὃτι
158 2211 189 2237 ὲκ
204 2209 340 2244 γενέσεως
352 2207 437 2234 ταῦτα
453 2208 538 2233 ποιεῖν
553 2207 611 2235 re“
629 2207 675 2233 καὶ
689 2206 799 2242 πάσχω1

854 2199 1004 2235 putandum
1029 2197 1054 2224 ei
1073 2200 1126 2227 est,
1146 2195 1191 2230 qui

33 2255 182 2290 ἠναγκάζετο
189 2256 223 2290 ⁸³)
234 2255 339 2288 ὄνειρον
351 2253 403 2280 εἴτε
416 2252 501 2288 άληθῆ
511 2252 565 2278 εἴτε
572 2251 656 2288 ψευδῆ
669 2252 805 2280 ἐπλάσατο

32 2301 73 2326 οὐκ
87 2301 137 2336 ἔχω
155 2302 255 2336 λέγειν.
278 2299 374 2333 Ἔλεγε
390 2298 444 2334 γὰρ
461 2298 543 2333 αὐτὴν
558 2298 638 2333 302
655 2298 802 2334 εἰρηκέναι·

38 2344 73 2376 Ὡς
86 2346 157 2373 ὅτιέν
166 2346 286 2382 ὁράματι
299 2344 411 2375 ἐπιστάς
427 2352 469 2375 τις
484 2343 608 2370 ἐκέλευσέ
626 2352 671 2378 μοι
688 2343 744 2378 ἅμα
759 2343 804 2369 τέ-

34 2398 96 2422 κνοις
113 2391 226 2426 ἐξαυτῆς
241 2391 292 2426 τὴν
319 2388 459 2424 Ῥωμαίων
483 2388 595 2423 ἐκὸἦναι
617 2388 703 2415 πόλιν.
727 2389 754 2415 '0
775 2387 804 2415 δὲ

33 2434 92 2471 ἀνὴρ
106 2436 235 2468 σώζεσθαι
245 2435 332 2471 αὐτὴν
347 2435 395 2462 σὺν
410 2435 467 2466 τοῖς
483 2434 551 2465 υἱοῖς
567 2433 688 2460 σπεύδων
703 2433 803 2460 αὐτίκα

34 2481 120 2513 αὐτοὺς
134 2480 424 2517 παιδευθησομένουςεδ
434 2479 530 2512 εἰςτὰς
544 2479 657 2515 Ἀθήνας
668 2478 804 2514 ἐξέπεμψε

35 2526 76 2553 σὺν
89 2529 119 2563 τῇ
137 2528 218 2564 μητρὶ
239 2527 286 2554 καὶ
308 2525 423 2558 δούλοις,
441 2524 532 2560 τρίτον
546 2524 574 2550 δὲ
599 2524 728 2560 νεώτερον
748 2524 804 2551 υἱὸν

850 237 944 256 eorum
957 237 1017 263 quze
1031 229 1144 263 gesserit
1160 227 1301 262 percipiet.
1315 227 1517 255 Demonstratiu
1530 231 1630 259 autem,

850 283 903 302 non
921 282 981 302 esse
1008 275 1120 310 genesm
1132 294 1140 306 ,
1158 274 1216 301 haec
1232 278 1282 300 est.
1301 272 1340 300 Ex
1361 273 1514 300 astantibus
1531 273 1553 299 si
1569 272 1631 307 quis

850 321 938 347 oculis
949 320 985 347 sit
999 320 1124 352 orbatus,
1139 323 1185 346 aut
1203 319 1327 346 mutilam
1345 318 1440 345 habeat
1455 325 1576 349 manum,
1590 317 1631 343 rel

849 367 944 401 pedem
962 366 1101 396 claudum,
1116 365 1158 391 vel
1171 365 1198 392 in
1214 372 1328 400 corpore
1339 363 1441 398 aliquid
1460 363 1543 395 aliud,
1558 363 1631 396 quod

848 414 876 438 et
893 410 981 437 redire
1000 411 1032 437 ad
1052 409 1235 444 integritatem
1262 416 1316 435 non
1335 408 1431 438 valeat,
1450 411 1476 434 et
1499 407 1534 433 sit
1549 413 1632 440 supra

849 464 957 484 omnem
975 456 1108 490 magicam
1125 460 1211 485 artem
1230 463 1237 482 :
1257 460 1337 489 quem
1353 460 1441 487 neque
1455 451 1585 486 astrologi
1603 457 1632 477 se

831 503 1030 538 profiteantur
1057 506 1213 533 sanaturus,
1232 500 1361 535 quoniam
1377 500 1411 526 ab
1434 499 1507 526 omni
1530 497 1631 525 sacculo

849 547 916 574 nihil
934 547 986 574 tale
1009 546 1144 582 contigit:
1161 554 1211 581 ego
1221 553 1286 572 vero
1312 544 1397 571 Deum
1417 548 1543 579 precatus
1557 543 1631 571 sani-

848 597 931 620 tatem
948 592 1090 627 praebuere
1104 611 1111 623 ,
1126 590 1347 626 quandoquidem
1363 590 1388 617 id
1406 590 1561 616 nullatenus
1579 595 1629 623 po-

849 639 900 666 tuit
915 646 961 673 per
976 639 1086 672 genesin
1099 637 1198 672 corrigi
1212 645 1218 663 :
1232 637 1282 663 hoc
1298 636 1333 663 ita
1348 635 1429 667 facto,
1442 642 1532 662 nonne
1539 639 1632 662 errant

848 686 894 720 qui
911 685 938 712 in
953 689 1114 712 cunctorum
1127 684 1251 719 opiﬁcem
1267 682 1350 709 Deum
1363 681 1504 708 maledicta
1516 685 1542 707 et
1557 680 1631 708 blas-

848 730 971 764 phemias
992 729 1163 764 conjiciunt?
1180 728 1329 763 Respondit
1345 735 1425 754 senex
1440 736 1446 754 :
1470 725 1587 758 Scilicet,
1604 725 1631 752 id

849 781 890 804 est
906 776 1049 803 maledicta
1064 775 1198 807 conferre,
1210 774 1300 802 dicere
1315 774 1445 809 genitura:
1461 773 1558 808 subjicl
1571 772 1631 799 uni-

849 821 948 849 versa?
966 821 1065 856 Excepi
1078 828 1127 856 ego
1143 830 1149 848 :
1161 819 1279 848 Omnino
1292 825 1342 847 est.
1353 819 1420 846 Nam
1437 820 1458 846 si
1474 827 1568 846 omnes
1582 818 1632 845 ho—

815 867 955 897 Bminum
982 875 1090 895 errores
1117 872 1145 895 et
1169 867 1322 902 impietates
1348 870 1375 893 et
1400 865 1573 900 impudicitia:
1597 872 1630 893 ex

847 914 933 942 stellis
948 914 1085 947 oriuntur,
1103 913 1187 942 stellae
1205 918 1294 941 autem
1312 913 1345 940 ad
1360 920 1390 940 ea
1409 911 1532 938 facienda
1547 919 1563 938 a
1575 909 1631 937 Deo

847 960 1003 988 constitutae
1028 963 1103 991 sunt.
1122 967 1177 994 quo
1203 964 1364 986 cunctorum
1391 957 1554 993 ﬂagitiorum
1575 956 1631 990 sint

847 1005 1005 1039 effectrices,
1023 1005 1144 1032 omnium
1159 1009 1269 1042 peccata
1281 1004 1315 1031 ad
1328 1010 1390 1031 eum
1406 1001 1570 1035 referuntur,
1582 1001 1629 1038 qui

848 1052 876 1079 in
892 1050 975 1079 astris
992 1051 1113 1085 posuerit
1129 1049 1251 1086 genesin.

883 1097 928 1124 Vl.
950 1096 982 1124 Et
997 1104 1080 1124 senex
1100 1095 1240 1131 respondit
1255 1103 1261 1122 :
1278 1093 1432 1122 Admodum
1445 1100 1508 1120 vere
1523 1093 1631 1124 locutus

848 1149 896 1175 es;
923 1141 969 1169 sed
987 1140 1060 1167 omni
1076 1147 1130 1167 tute
1158 1139 1365 1174 incomparabili
1389 1138 1543 1176 probationi
1570 1145 1631 1165 mea

849 1187 939 1214 obstat
955 1186 1133 1214 conscientia.
1147 1184 1204 1220 Ego
1217 1185 1290 1212 enim
1300 1205 1308 1218 ,
1325 1184 1370 1218 qui
1389 1183 1542 1218 astrologus
1556 1189 1629 1215 sum,

849 1237 875 1260 et
892 1232 985 1259 Romae
999 1231 1117 1267 primum
1143 1230 1262 1258 habitavi
1274 1251 1282 1264 ,
1297 1230 1403 1257 amicus
1428 1233 1521 1264 postea
1543 1227 1632 1255 factus

849 1280 991 1314 cujusdam
1011 1279 1057 1314 qui
1074 1282 1134 1305 erat
1152 1285 1185 1305 ex
1203 1284 1302 1312 genere
1330 1275 1446 1303 Cassaris
1458 1294 1466 1307 ,
1482 1274 1533 1301 viri
1558 1274 1631 1304 illius

850 1325 1000 1359 ux0risque
1024 1324 1083 1358 ejus
1097 1322 1249 1358 genituram
1273 1324 1401 1349 accurate
1417 1324 1510 1346 nolam
1526 1319 1630 1350 habui;

851 1378 968 1406 cumque
986 1369 1099 1396 viderint
1120 1376 1172 1400 res.
1189 1371 1269 1402 prout
1285 1366 1387 1394 ferebat
1402 1372 1496 1392 eorum
1513 1363 1630 1399 genesis.

851 1423 945 1443 revera
962 1415 1096 1448 evenisse,
1113 1421 1238 1442 sermone
1255 1421 1270 1440 a
1294 1417 1321 1440 te
1341 1419 1447 1446 nequeo
1462 1409 1631 1445 persuaderi.

852 1461 972 1488 Habebat
989 1461 1062 1488 enim
1089 1460 1187 1487 mulier
1204 1459 1284 1486 talem
1302 1457 1535 1485 constellationem
1547 1476 1555 1489 ,
1572 1463 1633 1490 qua:

851 1509 990 1537 adulteras
1005 1507 1081 1540 facit,
1096 1511 1124 1534 et
1140 1514 1235 1534 servos
1252 1505 1377 1541 proprios
1392 1512 1493 1535 amare.
1509 1505 1536 1530 in
1557 1511 1633 1538 pere-

851 1554 1004 1590 grinatione
1021 1557 1048 1580 et
1063 1553 1090 1580 in
1106 1553 1185 1588 aquis
1202 1551 1311 1586 defungi
1327 1561 1332 1578 :
1350 1551 1422 1586 quod
1439 1554 1466 1577 et
1482 1550 1517 1577 ila
1532 1550 1632 1579 factum

850 1605 900 1628 est.
915 1599 1011 1627 Incidit
1024 1606 1142 1633 namque
1159 1598 1186 1624 in
1204 1605 1324 1624 amorem
1337 1597 1408 1624 servi
1423 1596 1476 1629 sui,
1492 1600 1519 1623 et
1532 1604 1634 1631 oppro-

850 1647 940 1675 brium
957 1654 1011 1674 non
1028 1645 1118 1675 ferens
1132 1643 1201 1680 fugit
1215 1651 1277 1671 cum
1304 1644 1378 1678 ipso;
1399 1650 1430 1670 ac
1445 1650 1556 1677 peregre
1570 1649 1634 1677 pro-

851 1694 933 1727 fecta,
949 1693 1043 1729 illique
1058 1691 1213 1723 commista,
1231 1690 1311 1725 periit
1328 1689 1353 1716 in
1373 1688 1452 1716 mari.

887 1740 940 1766 νη.
967 1739 998 1766 Ει
1014 1745 1064 1774 ego
1080 1736 1206 1771 respondi
1227 1745 1233 1762 :
1259 1735 1334 1762 Unde
1361 1734 1444 1769 igitur
1467 1733 1532 1766 scis,
1559 1732 1632 1768 quod

850 1786 895 1814 illa
913 1785 1030 1820 fugiens,
1050 1783 1077 1813 in
1096 1783 1185 1809 alieno
1203 1781 1262 1808 solo
1276 1780 1375 1815 posita,
1400 1786 1479 1807 servo
1499 1778 1631 1813 nupserit,

849 1837 877 1860 et
888 1837 948 1867 post
964 1830 1073 1865 nuptias
1095 1828 1177 1855 fuerit
1193 1826 1340 1854 defuncta?
1358 1825 1390 1852 Et
1406 1832 1487 1852 senex
1506 1833 1513 1852 :
1529 1824 1634 1851 Certis-

850 1879 928 1910 sime,
945 1877 1043 1911 inquit,
1055 1875 1123 1907 scio,
1136 1881 1229 1901 revera
1244 1880 1298 1899 non
1316 1871 1389 1907 quod
1406 1870 1529 1905 nupserit
1542 1877 1633 1902 servoI

850 1922 1070 1960 quandoquidem
1099 1927 1188 1955 neque
1213 1919 1285 1954 quod
1299 1925 1361 1945 eum
1385 1920 1498 1948 amaret,
1517 1922 1634 1950 agiiove-

850 1978 909 2004 ram
928 1979 935 2001 ς
952 1969 999 1997 sed
1017 1973 1160 2004 postquam
1174 1966 1294 2001 profecta
1309 1968 1361 1996 est,
1383 1963 1463 1991 etiam
1487 1962 1569 1990 frater
1581 1960 1633 1989 viri

850 2017 911 2051 ejus
925 2015 992 2042 mihi
1020 2012 1157 2040 enarravit
1180 2019 1289 2039 omnem
1314 2010 1387 2036 illius
1402 2016 1539 2041 amorem;
1561 2007 1635 2042 quod

851 2062 919 2097 ipse,
939 2060 986 2096 qui
1001 2059 1132 2086 honestus
1147 2061 1214 2089 erat,
1235 2061 1328 2091 utpote
1347 2054 1440 2086 frater,
1463 2053 1581 2080 noluerit
1593 2057 1636 2080 to-

851 2116 911 2136 rum
927 2107 1074 2137 maculare,
1093 2110 1119 2132 et
1140 2111 1195 2138 quo
1211 2102 1292 2129 modo
1307 2101 1410 2133 volcns,
1429 2107 1460 2126 ac
1481 2100 1570 2134 ipsum
1592 2103 1635 2126 at-

851 2162 904 2189 que
914 2151 1087 2187 opprobrium
1104 2149 1187 2177 verita
1204 2149 1247 2175 illa
1263 2147 1355 2174 infelix
1380 2146 1478 2180 (neque
1492 2144 1564 2172 enim
1582 2144 1635 2171 im-

1195 2202 1210 2221 a
1231 2201 1290 2220 eam
1307 2192 1412 2226 genesis
1430 2191 1519 2218 facere
1541 2190 1586 2217 illa
1608 2193 1636 2217 et

855 2245 963 2281 perpeti
984 2241 1125 2277 compulit)
1149 2239 1258 2268 tinxerit
1281 2238 1429 2269 somnium,
1452 2243 1582 2263 verumne
1600 2243 1635 2263 an

855 2291 964 2320 falsum.
982 2297 1035 2316 non
1052 2287 1139 2314 habeo
1157 2287 1256 2313 dicere.
1278 2284 1374 2310 Aiebat
1391 2282 1524 2317 siquidem
1548 2281 1635 2315 ipsam

855 2337 957 2364 dixisse
975 2344 981 2362 :
999 2333 1092 2360 Astitit
1107 2332 1172 2359 mihi
1189 2331 1298 2365 quidam
1313 2337 1360 2364 per
1374 2329 1474 2360 visum,
1490 2327 1535 2362 qui
1554 2326 1636 2361 jussit

855 2389 899 2409 me
913 2388 974 2408 cum
987 2379 1077 2406 liberis
1089 2378 1148 2405 sine
1161 2384 1236 2403 mora
1251 2375 1317 2403 urbe
1335 2374 1420 2400 Roma
1436 2373 1537 2408 egredi.
1549 2372 1583 2399 At
1595 2372 1636 2398 vir

855 2434 905 2462 pro
920 2426 1007 2453 salute
1020 2424 1080 2459 ejus
1094 2423 1267 2456 ﬁliorumque
1282 2420 1415 2448 sollicitus
1431 2418 1573 2447 confestim
1588 2425 1635 2445 eos

854 2471 1017 2500 erudiendos
1045 2470 1164 2497 Athenas
1191 2467 1266 2495 misit
1292 2474 1356 2494 cum
1375 2471 1461 2492 matre
1480 2469 1506 2492 et
1524 2463 1609 2493 servis
1627 2473 1634 2491 :

855 2519 959 2546 habens
982 2516 1171 2543 veroterlium
1195 2513 1292 2546 tilium,
1318 2511 1365 2547 qui
1386 2515 1445 2538 erat
1467 2510 1567 2543 iunior,
1583 2509 1635 2537 sibi

682 2588 800 2617 VARUE
817 2585 1015 2615 LECTIONES.

66 2622 274 2674 "Exztfaddunt
285 2636 358 2672 Epit.
369 2641 395 2664 et
408 2635 468 2674 cod.
486 2635 551 2670 Reg.
570 2633 720 2674 8_0b.nln_0_
734 2638 790 2674 _est
809 2633 855 2674 :_ﬁ

37 2660 797 2716 c,iapyga;amisisse;‘sqsqmpag
820 2660 927 2716 aegis
941 2660 1028 2716 tibi
1064 2660 1230 2716 ἒῖτριοῦτοιέὶ
1232 2660 1263 2690 0.

37 2703 132 2734 (·.’0.’
159 2703 181 2724 δ’
207 2703 268 2735 εἶτα
285 2707 347 2734 add.
374 2703 398 2733 ὸ.
426 2703 460 2733 ἶ).
492 2703 612 2732 Subinde
634 2704 763 2739 φιλωθείς
778 2703 809 2739 (ξ.

37 2743 115 2768 αὐτῶν
136 2742 183 2775 τὰς
209 2743 327 2779 πράξεις
340 2737 650 2779 ἀποτελεσθείσαςβργῳ
665 2739 699 2779 C._
732 2739 758 2779 δέ
771 2738 841 2779 οὕτω
857 2737 888 2779 (1.

39 2772 218 2813 κρινωνήσασα,
232 2772 261 2805 3c.
274 2772 423 2813 ’θάλασσαν
495 2775 523 2813 ,⁸⁷
539 2772 599 2813 πῶς
659 2775 705 2813 καὶ
721 2773 779 2805 πῶς
795 2774 848 2813 ἄρα
863 2772 893 2798 D.

39 2813 57 2838 0
71 2820 92 2839 c.
111 2809 177 2848 Epit.
188 2834 195 2843 ,
206 2814 220 2839 ὁ
236 2814 268 2840 tl.
281 2812 349 2840 Tum
367 2811 455 2846 recepi
471 2811 520 2847 τήν
534 2818 566 2838 ex
581 2809 614 2845 0,
642 2809 688 2845 qui
704 2817 756 2837 scr.
777 2809 877 2835 υιιάναι.

39 2848 174 2884 θησομένας
186 2848 217 2876 Ο.

879 2631 977 2668 κυλλὴν
994 2631 1044 2668 τὴν
1066 2630 1145 2668 χεῖρα
1157 2628 1253 2668 ἔχομη
1266 2626 1288 2642 ³⁸
1308 2626 1380 2668 [Eii-ron
1397 2623 1438 2668 0,.κ
1467 2623 1490 2640 ³⁸
1503 2623 1635 2668 παρασχῶ

1316 2661 1338 2676 ⁸¹
1360 2659 1482 2695 μεγάλως
1498 2659 1635 2695 omiserim

863 2692 1018 2741 iiiditéLGt'Bg
1034 2699 1122 2741 recepi
1148 2707 1180 2726 ex
1196 2696 1241 2741 ‘0:
1274 2692 1468 2741 ξχάιιιόλξῦρως
1477 2692 1636 2741 τιῇμγεχξεᾳ

925 2729 948 2752 ‘I‘
961 2729 1145 2770 κοινωνήσασα
1174 2732 1256 2767 αὐτῷ,
1274 2730 1394 2765 θαλάσσῃ
1410 2737 1436 2764 p.
1455 2729 1548 2764 κοίτης
1562 2729 1635 2763 αὐτῷ

931 2771 954 2787 ⁸⁸
972 2768 1162 2805 γημὰσασαῗο.
1200 2768 1247 2805 fio
1259 2766 1290 2793 (ἰ.
1317 2765 1350 2805 ,ξ’
1366 2764 1469 2805 καὶλιαί
1552 2763 1634 2805 “ﬁxa!

931 2779 954 2787 "’
972 2779 1118 2806 γημασασα
1130 2779 1162 2796 υ.
1201 2779 1221 2784 ⁷*
1234 2779 1247 2794 ο
1259 2779 1290 2793 υ.
1329 2779 1348 2781 η
1366 2779 1412 2791 nus
1426 2779 1469 2791 ιιιιι
1482 2779 1514 2791 υ.
1590 2779 1625 2790 διυι

917 2807 939 2823 ⁸¹
953 2815 983 2834 τε
1000 2805 1060 2833 add.
1074 2813 1098 2834 c.
1115 2804 1146 2832 0.
1184 2803 1207 2820 ⁸³
1221 2799 1399 2835 ἠναγκάζετο,
1416 2799 1447 2828 0.
1486 2799 1509 2815 ⁵⁸
1523 2797 1627 2834 παιδίος
