1917 3100
245 163 300 193 355

677 161 705 188 S.
725 158 917 188 CLEMENTIS
935 158 944 185 Ι
961 158 1044 186 ROM.
1062 157 1162 186 PONT.
1177 155 1290 184 OPERA
1307 154 1420 183 DUBIA.

1833 153 1889 180 53?.

247 222 409 252 thematicas
424 219 582 256 disciplinas
592 219 701 254 penitus
720 218 794 250 novi,
806 218 935 245 dominus
948 221 1038 244 autem

1113 215 1204 251 Επειδὴ
1221 214 1252 240 τὸ
1267 214 1380 249 μάθημα
1396 213 1518 249 ἀκριϐῶς
1533 212 1692 247 ἐπίσταμαι,
1709 212 1724 238 6
1740 211 1770 238 δὲ
1789 211 1889 247 κύριος

247 275 273 298 et
286 274 363 305 pater
380 275 434 295 non
450 267 526 299 item,
541 266 563 293 si
578 267 636 301 ipse
650 265 795 292 Annubion
811 264 928 296 adesset,
944 271 1037 291 coram

248 323 323 352 patre
329 315 541 350 disputationem
548 313 674 340 haberem
680 333 686 339 .
695 312 732 339 lla
739 312 839 347 quippe
847 319 889 339 res
897 311 983 346 palam
991 317 1038 337 ve-

249 364 306 390 nire
319 367 420 398 posset,
428 362 491 389 dum
506 361 573 388 artis
583 361 686 395 peritus
697 360 828 386 adversus
836 357 957 393 ejusdem
970 358 1037 384 artis

248 409 386 436 hominem
396 408 573 442 qumstionem
590 406 711 441 agitaret.
722 401 871 438 Respondit
879 407 971 438 pater:
985 401 1036 430 Ubi

247 462 313 489 ergo
324 458 411 489 potest
420 460 481 480 cum
494 451 657 478 Annubione
664 457 827 484 congressus
835 453 862 476 et
871 449 1035 483 colloquium

249 500 363 527 haberi?
375 499 407 526 Et
424 498 520 525 Petrus
541 497 579 524 ait
593 506 600 523 :
619 494 770 523 Antiochiae
786 505 793 523 :
810 495 846 522 ibi
867 495 940 522 enim
956 494 1037 522 audio

247 554 308 574 esse
323 545 462 573 Simonem
487 543 605 578 Magum,
622 549 703 576 quem
725 541 869 568 Annubiou
885 543 1036 568 assectatus

249 601 302 619 non
316 591 425 619 deserit.
440 589 554 622 Quando
563 595 628 622 ergo
643 587 699 614 illic
713 586 857 618 fuerimus,
874 586 897 613 si
909 594 956 613 eos
967 593 1036 613 nan-

248 638 395 669 ciscainur,
413 634 572 669 disceptatio
593 632 650 659 lieri
666 632 773 667 poterit.
792 631 826 658 Et
845 634 990 666 postquam
1003 631 1036 658 de

249 684 343 711 multis
362 682 555 714 disseruimus,
570 680 680 715 propter
699 678 913 714 recognitionem
940 678 993 705 laeti
1009 682 1036 705 ct

247 730 304 758 Deo
318 730 419 765 gratias
441 733 564 764 agentes,
582 731 661 754 noete
683 726 889 762 superveniente
912 725 945 753 ad
962 733 1036 753 som-

247 785 312 803 num
325 784 374 804 nos
386 775 564 803 contuliuius.

623 865 658 875 ὺ-

533 921 675 951 ΠΟΜΙΗΑ
694 922 755 950 XV.

281 982 302 1010 It
322 982 423 1009 Exorto
441 986 530 1008 autem
552 988 640 1012 mane,
657 985 734 1016 pater
758 987 820 1007 cum
835 982 921 1006 matre
944 983 1035 1006 nostra

247 1029 385 1064 tribusque
415 1028 477 1055 ﬁliis
505 1029 642 1063 ingressus
667 1028 694 1054 in
725 1027 814 1053 locum
841 1026 884 1053 ubi
896 1029 955 1052 erat
982 1025 1036 1052 Pe-

247 1079 315 1104 trus,
339 1081 400 1100 cum
427 1074 579 1103 salutasset.
610 1073 696 1103 sedit,
724 1072 822 1098 deinde
847 1078 896 1098 nos
916 1077 1034 1104 quoque,

247 1120 292 1146 illo
307 1119 426 1153 iubente.
443 1119 481 1146 Ae
505 1118 603 1146 Petrus
627 1123 729 1153 patrem
752 1117 866 1144 intuitus
891 1117 946 1143 ait:
967 1116 1034 1143 Pcr-

245 1165 326 1200 cupio
354 1169 380 1192 te
411 1164 482 1192 idem
512 1164 614 1191 sentire
637 1164 710 1198 quod
734 1171 805 1190 uxor
818 1170 850 1190 ac
865 1162 954 1195 liberi,
967 1167 997 1189 ut
1009 1167 1036 1189 et

247 1212 291 1239 hic
309 1219 371 1240 cum
386 1211 427 1239 eis
450 1211 591 1243 convivas,
612 1215 640 1237 et
656 1209 722 1242 illic,
744 1214 806 1243 post
823 1208 921 1235 anima:
938 1216 953 1235 a
972 1215 1035 1235 cor-

246 1264 312 1292 pore
335 1256 558 1294 disjunctionem,
582 1255 664 1282 simul
690 1262 751 1282 cum
777 1254 879 1282 eisdem
901 1254 940 1281 sis
959 1253 1035 1280 omni

246 1303 371 1330 molestia
392 1302 469 1329 liber.
485 1302 526 1329 An
541 1310 595 1329 non
612 1302 684 1329 enim
701 1306 728 1328 te
743 1305 824 1336 atque
841 1300 901 1327 illos
916 1299 1036 1327 maxime

247 1349 435 1381 contristaret,
450 1349 472 1375 si
488 1356 541 1375 una
559 1355 611 1374 non
627 1348 723 1375 essetis
738 1346 792 1374 ?Et
811 1351 886 1381 pater
898 1355 904 1373 :
917 1345 1034 1373 Omnino

247 1402 324 1422 sane.
339 1393 407 1421 Tum
424 1393 521 1420 Petrus
535 1403 541 1420 :
558 1392 585 1420 Si
600 1400 665 1428 ergo
686 1392 731 1419 hic
756 1392 871 1419 invicem
892 1395 1035 1425 separatos

246 1446 307 1466 esse
316 1438 440 1465 molestia
453 1438 651 1470 aﬂicit,nonne.
660 1437 770 1472 quando
786 1441 847 1471 post
854 1441 970 1463 mortem
983 1436 1036 1462 erit

247 1483 361 1510 omnino
380 1490 490 1511 necesse
502 1491 550 1511 vos
561 1489 615 1510 non
633 1490 693 1510 esse
708 1483 800 1515 simul,
814 1482 899 1510 multo
911 1482 998 1517 magis
1010 1485 1035 1508 te

246 1528 428 1560 contristabit,
436 1533 462 1555 te
471 1528 590 1562 quidem,
598 1527 643 1562 qui
651 1528 692 1554 vir
705 1527 812 1562 sapiens
822 1535 861 1561 es,
871 1527 976 1554 ratione
983 1530 1036 1554 tua:

1089 261 1135 288 καὶ
1150 262 1164 287 6
1188 260 1279 296 πατὴρ
1301 260 1350 294 οὺχ
1367 259 1466 291 οὕτως,
1495 258 1599 293 ἤθελον,
1620 258 1644 284 εἰ
1668 257 1750 289 αὐτὸς
1775 257 1887 283 Ἀννου-

1088 305 1153 332 6ίων
1178 305 1278 342 παρῆν,
1296 306 1342 331 ἐπὶ
1356 304 1403 331 τοῦ
1431 305 1532 340 πατρὸς
1559 305 1722 340 ποιήσασθαι
1743 304 1769 322 ⁸⁵
1791 305 1888 339 λόγον.

1088 350 1165 380 Οΰτω
1181 353 1235 388 γὰρ
1247 353 1278 379 ἂν
1289 353 1319 379 τὸ
1334 354 1449 389 πρᾶγμα
1465 353 1505 384 είς
1520 352 1636 388 φανερὸν
1651 352 1737 379 ἐλθεῖν
1752 351 1889 387 ἠδύνατο,

1087 399 1206 434 τεχνίτου
1224 400 1291 435 πρὸς
1305 399 1449 435 ὁμότεχνον
1464 399 1511 434 τὴν
1524 399 1634 434 ζήτησιν
1651 398 1809 434 ἐσχηκότος.
1828 398 1890 424 Καὶ

1087 444 1100 471 6
1118 445 1208 480 πατὴρ
1223 444 1397 479 ἁπεκρίνατο·
1416 443 1471 470 Ποῦ
1487 442 1532 471 οὖν
1548 444 1658 471 δυνατόν
1675 445 1747 470 ἐστιν
1770 444 1887 470 Ἀννου-

1087 489 1162 516 ϐίωνι
1181 491 1318 525 συντυχεῖν
1329 498 1336 522 ;
1349 490 1404 516 Kal
1417 490 1430 516 6
1444 489 1546 525 Πέτρος
1560 490 1622 524 ἔφη·
1647 489 1690 516 Ἐν
1713 488 1884 523 Ἀντιοχείᾳ·

1086 536 1144 562 ἐκεῖ
1157 535 1211 572 γὰρ
1225 535 1352 571 μανθάνω
1360 536 1468 570 Σίμωνα
1483 535 1527 561 τὸν
1537 535 1631 569 Μάγον
1647 535 1708 562 ὖντα
1719 535 1754 567 ⁵⁸,
1775 531 1799 569 ᾧ
1823 535 1890 561 Ἀν-

1086 581 1199 608 νουϐίων
1216 581 1405 617 παρεπόμενος
1421 580 1571 617 ἀχώριστός
1588 582 1671 608 ἐστιν.
1697 580 1784 608 Ἐπὰν
1799 581 1826 596 ’⁸
1839 578 1891 607 οὖν

1086 626 1144 654 ἐκεῖ
1156 626 1308 662 γενώμεθα,
1320 627 1366 653 ἐάν
1379 624 1408 660 γε
1421 626 1620 661 καταλάϐωμεν
1636 627 1745 658 αὐτοὺς,
1764 627 1782 662 ὴ
1798 625 1892 662 ζήτη-

1087 681 1128 704 σις
1144 671 1269 707 γενέσθαι
1286 672 1403 699 δύναται.
1423 673 1478 698 Καὶ
1492 671 1566 707 ὁμῶς
1588 671 1672 698 πολλὰ
1691 671 1891 706 διαλεχθέντες

1086 720 1133 746 καὶ
1149 721 1194 747 ἐπὶ
1210 720 1248 756 τῷ
1263 719 1464 755 ὰναγνωρισμῷ
1480 712 1609 754 χαρέντες
1622 719 1643 734 ³⁷
1658 719 1706 745 καὶ
1721 718 1784 753 Θεῷ
1801 718 1891 752 εὐχα-

1087 767 1273 803 ριστήσαντες,
1297 766 1418 802 ἑσπέρας
1440 764 1702 800 ἐπικαταλαϐούσης,
1731 765 1774 796 εἰς
1796 763 1890 790 ὖπνεον

1086 812 1255 848 ὲτράτι-ημεν.

1378 915 1508 942 ὈΜΙΛιΑ
1527 915 1577 941 lE’.

1121 972 1141 999 1.
1163 972 1280 1009 Ὄρθρου
1293 972 1322 999 δὲ
1335 972 1479 1008 γενομένου
1495 973 1509 998 6
1523 971 1614 1006 πατὴρ
1630 970 1698 1006 μετὰ
1708 971 1758 1006 τῆς
1777 971 1891 1007 μητρὸς

1085 1019 1163 1054 ἡμῶν
1181 1019 1293 1045 καὶτῶν
1308 1018 1390 1054 τριῶν
1416 1017 1482 1044 υίῶν
1502 1017 1637 1049 εἰσελθὼν,
1657 1017 1721 1043 ἕνοα
1736 1017 1751 1043 6
1778 1016 1891 1052 Πέτρος

1084 1063 1129 1101 ἦν,
1141 1064 1364 1101 προσαγορεύσας
1378 1063 1522 1099 ὲκαοέσθη,
1531 1063 1625 1089 ἔπειτα
1725 1063 1774 1089 καὶ
1788 1063 1889 1098 ἡμεῖς,

1086 1111 1168 1138 αὑτοῦ
1187 1111 1373 1142 κελεύσαντος.
1393 1110 1447 1137 Kal
1463 1111 1477 1136 6
1490 1110 1591 1146 Πέτρος
1605 1109 1644 1145 τῷ
1661 1109 1744 1145 πατρὶ
1756 1117 1891 1145 προσεμ-

1086 1158 1188 1193 6λέψας
1203 1157 1267 1193 ἔφη·
1293 1156 1405 1183 Σπεύδω
1425 1156 1563 1192 ὁμόφρονα
1579 1165 1609 1182 σε
1625 1155 1751 1190 γενέσθαι
1768 1156 1891 1189 γυναικὶ

1086 1205 1132 1231 καὶ
1148 1204 1262 1236 τέκνοις,
1279 1204 1353 1235 ὅπως
1369 1203 1460 1234 αὐτοῖς
1473 1203 1520 1229 καὶ
1535 1202 1651 1228 ἐνταῦθα
1666 1201 1824 1237 ὁμοδίαιτος
1841 1199 1889 1238 ᾗς,

1086 1251 1166 1276 κάκεῖ
1182 1249 1249 1285 μετὰ
1263 1249 1308 1276 τὸν
1325 1249 1379 1276 ἀπὺ
1392 1249 1439 1275 τοῦ
1462 1248 1586 1284 σώματος
1610 1248 1658 1283 τῆς
1680 1247 1771 1282 ψυχῆς
1794 1256 1890 1282 χωρι-

1087 1296 1153 1331 σμὺν
1166 1295 1253 1323 συνὼν
1269 1295 1370 1327 ἄλυπος
1384 1295 1434 1331 ἔσῃ
1450 1295 1482 1322 ³⁸.
1499 1295 1534 1321 "H
1550 1294 1604 1329 γὰρ
1618 1294 1649 1320 οὐ
1662 1293 1696 1320 τὰ
1712 1293 1838 1328 μέγιστά
1857 1302 1889 1319 σε

1085 1341 1166 1368 λυπεῖ
1188 1345 1236 1368 και
1251 1341 1350 1372 αὐτοὺς
1372 1340 1403 1368 τὸ
1421 1341 1458 1376 μὴ
1485 1341 1608 1376 ἀλλήλοις
1637 1342 1773 1372 συνεῖναι;
1791 1340 1854 1366 Καὶ
1875 1341 1890 1366 ὁ

1085 1389 1187 1424 πατήρ
1203 1389 1258 1415 Καὶ
1275 1388 1345 1415 πάνυ
1366 1397 1407 1423 γε.
1431 1388 1486 1414 Kal.
1504 1389 1517 1414 6
1538 1388 1649 1423 Πέτρος·
1674 1387 1714 1413 Εἰν
1728 1385 1775 1414 οὖν
1793 1388 1846 1414 καὶ
1864 1388 1888 1403 ⁹¹

1086 1433 1201 1461 ὲνταῦθα
1217 1434 1248 1461 τδ
1257 1435 1376 1470 ἀλλήλων
1390 1434 1554 1470 κεχωρίσθαι
1571 1433 1659 1465 λυπεῖ,
1679 1433 1747 1468 μετὰ
1764 1433 1888 1461 θάνατον

1085 1480 1195 1512 πάντως
1220 1480 1393 1516 ὀφειλόμενον
1417 1481 1480 1516 ὑμῖν
1507 1481 1565 1515 μετ’
1592 1479 1714 1515 ἀλλήλων
1733 1479 1771 1515 μὴ
1799 1477 1886 1511 εἶναι,

1086 1526 1162 1561 πόσῳ
1184 1534 1215 1560 γε
1241 1526 1339 1561 μᾶλλον
1363 1526 1478 1561 λυπήσει
1500 1526 1544 1559 ¹⁰⁰,
1562 1525 1591 1552 σὲ
1617 1526 1665 1561 μὲν
1682 1525 1767 1561 ἄνδρα
1798 1526 1886 1560 σοφὸν

247 1574 385 1609 opinionis
395 1574 514 1609 disjuugi
526 1582 541 1601 a
555 1574 618 1607 tuis,
633 1573 694 1601 illos
704 1581 769 1601 vero
785 1574 871 1601 multo
884 1575 971 1609 magis
984 1575 1033 1602 do-

1113 1580 1149 1598 τα
1162 1571 1202 1607 τῷ
1223 1572 1271 1607 τῆς
1297 1571 1409 1608 γνώμης
1427 1580 1473 1598 σου
1497 1571 1569 1607 λόγῳ
1587 1572 1594 1588 ¹
1610 1572 1664 1598 τῶν
1685 1571 1738 1597 σῶν
1761 1571 1887 1606 κεχωρί-

246 1621 312 1653 lere.
333 1621 406 1655 quod
422 1621 510 1648 sciant
523 1625 549 1648 te
566 1620 619 1647 alia
643 1621 805 1648 sentientem
826 1625 957 1648 aeternum
970 1628 1035 1656 sup—

246 1667 358 1701 plieium
371 1668 406 1694 ob
419 1666 476 1693 veri
491 1666 626 1701 dogmatis
639 1665 810 1699 negationem
821 1664 955 1692 manere?

281 1753 314 1780 ιι.
331 1752 364 1780 Et
385 1757 463 1788 pater
478 1752 565 1780 dixit:
589 1753 624 1780 At
647 1760 701 1780 non
726 1752 764 1780 ita
783 1756 834 1786 est,
850 1759 868 1780 ο
890 1753 989 1787 amice,
1005 1758 1036 1781 ut

247 1798 319 1833 apud
342 1798 445 1826 inferos
462 1799 610 1833 puniantur
626 1798 733 1831 animae,
749 1799 879 1834 quoniam
893 1799 984 1826 anima
998 1800 1038 1827 si-

246 1845 304 1871 mul
318 1849 399 1879 atque
414 1852 429 1871 a
444 1851 560 1878 corpore
574 1844 742 1878 discesserit,
761 1845 788 1872 in
801 1852 890 1873 aerem
909 1845 1034 1873 dissolvi-

246 1895 301 1917 tur.
314 1889 426 1925 Excepit
443 1890 540 1918 Petrus
558 1890 682 1926 :Itaque,
702 1899 789 1926 usque
802 1891 867 1919 dum
891 1892 942 1919 hac
960 1891 994 1919 de
1006 1899 1036 1919 re

247 1937 296 1964 tibi
311 1936 536 1972 persuadeamus,
550 1938 684 1972 responde
703 1938 780 1971 mihi,
797 1946 889 1966 nonne
899 1938 948 1965 tibi
961 1938 1037 1965 vide-

246 1986 301 2015 tur.
315 1985 342 2010 te
353 1983 474 2018 quidem,
487 1983 534 2018 qui
557 1983 664 2011 futuras
678 1991 775 2018 pcenas
791 1992 846 2011 non
867 1984 966 2018 credis,
984 1991 1035 2011 ne-

246 2036 384 2064 quaquam
396 2029 499 2062 dolere,
515 2029 578 2057 illos
598 2037 674 2062 vero,
690 2030 737 2064 qui
748 2030 873 2063 credunt,
893 2030 926 2058 de
939 2034 966 2057 te
987 2037 1036 2056 ne-

249 2076 367 2104 aessario
382 2076 463 2111 angi?
477 2075 547 2103 Tum
559 2081 634 2111 pater
649 2084 656 2103 :
675 2075 758 2104 Recte
779 2077 858 2104 dicis.
874 2075 971 2104 Petrus
986 2082 1036 2103 au-

249 2128 304 2150 tem
319 2132 327 2150 z
342 2122 375 2150 Et
390 2128 475 2158 quare
486 2123 606 2151 maximo
617 2124 650 2151 de
670 2127 697 2150 te
711 2130 829 2151 maerore
844 2130 896 2150 non
909 2130 956 2151 eos
968 2123 1036 2150 libe-

248 2169 331 2200 rabis.
349 2170 474 2205 religioni
490 2170 654 2202 assentiens,
667 2177 721 2197 non
734 2169 838 2204 pudore
850 2169 973 2203 inquam,
987 2168 1035 2197 sed

247 2215 386 2249 aequitate,
401 2215 434 2243 de
449 2216 481 2242 iis
493 2221 553 2250 quae
571 2215 619 2242 tibi
632 2222 647 2241 a
662 2222 705 2242 me
715 2215 843 2242 dieuutur
858 2214 993 2241 audiendo
1007 2217 1034 2241 et

246 2261 404 2296 iudicando,
421 2265 512 2289 utrum
525 2269 556 2288 ea
571 2261 609 2288 ita
623 2261 750 2294 habeant,
767 2268 818 2288 nec
830 2268 873 2288 ne.
889 2260 927 2288 Ae
937 2260 960 2288 si
974 2261 1035 2295 qui-

247 2309 308 2335 dem
322 2307 358 2334 ita
371 2312 422 2340 est,
435 2311 466 2334 nt
480 2307 608 2340 dicimus,
625 2310 652 2334 et
668 2307 711 2334 hic
724 2312 777 2334 una
790 2314 854 2335 eum
865 2306 1036 2334 charissimis

247 2354 426 2381 delectaberis
441 2359 468 2381 et
482 2354 538 2380 illie
559 2361 621 2381 cum
635 2353 737 2380 eisdem
750 2353 872 2388 requiem
884 2359 1036 2386 conseque-

248 2400 296 2427 ris.
326 2399 403 2432 Quod
427 2400 493 2427 siin
520 2407 677 2427 sermonum
705 2403 813 2427 tuorum
840 2399 1036 2433 disceptatione

248 2445 413 2477 ostenderis,
436 2453 496 2479 qua:
518 2453 534 2473 a
558 2445 637 2473 nobis
660 2449 836 2477 asseruntur,
859 2443 956 2471 falsam
973 2450 1035 2471 esse

249 2491 379 2524 fabulam,
389 2492 471 2519 etiam
486 2492 526 2519 sic
539 2491 668 2527 praeclare
681 2491 776 2524 facies,
790 2491 850 2518 illos
861 2490 931 2517 idem
944 2494 1034 2516 tecum

249 2538 397 2564 sentientes
413 2537 559 2572 accipiens,
586 2536 740 2571 etiicicsque
757 2541 787 2563 ut
809 2535 941 2562 desistant
963 2542 1034 2562 vana

248 2591 296 2618 spe
313 2583 402 2614 inniti,
416 2587 443 2610 et
458 2583 585 2610 liberabis
600 2581 675 2610 falsis
689 2582 850 2610 terroribus.
883 2588 888 2593 ‘

284 2628 327 2655 Ill.
341 2628 374 2656 Et
393 2632 470 2664 pater
485 2639 491 2656 :
505 2628 590 2657 Multa
617 2629 684 2656 mihi
702 2629 803 2656 videris
823 2628 913 2656 dicere
934 2627 1034 2654 rationi

1086 1617 1157 1650 σθαι,
1173 1617 1270 1649 αὐτοὺς
1285 1617 1314 1644 δὲ
1336 1617 1403 1644 πολὺ
1422 1617 1521 1653 μᾶλλον
1544 1617 1686 1644 ὀδυνᾶσθαι
1703 1617 1742 1652 τῷ
1765 1617 1886 1650 εἰδέναι,

1084 1663 1126 1689 ὅτι
1142 1672 1172 1690 σε
1188 1663 1256 1690 ἄλλα
1272 1663 1421 1698 φρονοῦντα
1436 1663 1542 1696 αἰώνιος
1557 1663 1631 1699 μένει
1652 1662 1774 1695 κόλασις,
1795 1663 1886 1698 ῥητοῦ

1084 1709 1218 1745 δόγματος
1234 1709 1369 1744 ἀποφάσει
1382 1718 1389 1742 ;

1120 1755 1152 1782 ll.
1169 1756 1224 1782 Kal.
1235 1756 1249 1782 6
1263 1755 1354 1792 πατὴρ
1372 1756 1433 1791 ἔφη·
1458 1755 1526 1782 Ἀλλ’
1548 1756 1598 1782 οὐκ
1618 1755 1701 1788 ἔστιν,
1718 1751 1741 1781 ὦ
1752 1754 1886 1789 φίλτατε,

1084 1800 1115 1828 τὺ
1130 1801 1159 1827 ὲν
1172 1800 1237 1836 ᾆδου
1260 1800 1349 1836 ψυχὰς
1373 1801 1543 1834 κολάζεσθαι,
1561 1801 1646 1836 αὐτῆς
1669 1801 1727 1836 ἅμα
1748 1800 1791 1835 τῷ
1808 1801 1886 1828 ἀπο-

1087 1847 1180 1883 στῆναι
1195 1847 1242 1874 τοῦ
1254 1847 1378 1883 σώματος
1389 1848 1429 1879 είς
1437 1848 1505 1884 ἀέρα
1520 1839 1662 1883 λυομένης.
1672 1848 1726 1874 Kal
1741 1847 1755 1872 6
1774 1847 1886 1882 Πέτρος

1085 1893 1147 1928 ἔφη·
1171 1894 1275 1929 Μέχρις
1290 1891 1337 1920 οὖν
1360 1893 1405 1920 ὅτε
1428 1893 1460 1920 ἂν
1477 1894 1487 1909 ⁸
1504 1893 1567 1929 περὶ
1586 1892 1682 1920 τούτου
1709 1892 1857 1927 πείσωμεν
1874 1894 1886 1909 ³

1087 1948 1126 1971 σε,
1143 1940 1288 1975 ἀπόκριναί
1304 1949 1359 1975 μοι,
1375 1940 1405 1967 οὐ
1423 1939 1497 1966 δοκεῖ
1522 1949 1572 1971 σοι,
1594 1939 1624 1965 σὲ
1642 1939 1692 1974 μὲν
1708 1938 1885 1966 ἀπιστοῦντα

1085 1985 1134 2020 τὴν
1150 1985 1258 2012 κόλασιν
1277 1985 1312 2022 μὴ
1327 1985 1478 2016 λυπεῖσθαι,
1495 1985 1616 2017 ἐκείνους
1631 1984 1659 2010 δὲ
1675 1984 1885 2019 πεπεισμένους

1085 2030 1207 2066 ἀνάγκην
1232 2030 1303 2066 ἔχειν
1328 2031 1393 2066 περὶ
1418 2030 1465 2057 σοῦ
1493 2031 1636 2063 avde-eat;
1657 2031 1712 2056 Kal.
1734 2031 1748 2057 6
1771 2031 1884 2066 πατήρ·

1092 2076 1256 2108 Ἀκολούθως
1272 2076 1371 2111 λέγεις.
1389 2077 1443 2103 Ka‘t
1457 2078 1471 2103 ὁ
1487 2077 1599 2112 Πέτρος·
1624 2075 1673 2103 Διὰ
1687 2075 1714 2102 τί
1728 2075 1756 2102 δὲ
1776 2076 1887 2108 αὐτοὺς

1085 2122 1135 2148 οὐκ
1151 2122 1314 2154 ἀπαλλάξεις
1336 2123 1467 2159 μεγίστης
1481 2123 1544 2158 περὶ
1565 2123 1614 2149 σοῦ
1634 2120 1733 2157 λύπης,
1753 2123 1789 2156 ’τῇ
1807 2122 1886 2158 θρη-

1087 2169 1165 2204 σκείᾳ
1186 2168 1357 2204 συνθέμενος,
1374 2168 1405 2194 οὐ
1420 2168 1542 2203 δυσωπίᾳ
1554 2168 1638 2202 λέγω,
1657 2167 1714 2194 ἀλλ’
1737 2167 1888 2202 εὐγνωμο-

1087 2215 1163 2251 σύνῃ,
1179 2214 1243 2250 περὶ
1257 2213 1310 2240 τῶν
1325 2213 1478 2248 λεγομένων
1493 2220 1532 2239 σοι
1551 2213 1597 2240 ὑπ’
1611 2211 1678 2248 ἐμοῦ
1696 2212 1814 2244 ἀκούων,
1834 2214 1887 2239 καὶ

1085 2261 1184 2296 κρίνων
1201 2261 1225 2286 εί
1237 2259 1323 2286 ταῦτα
1336 2259 1421 2290 οὕτως
1433 2258 1500 2294 ἔχει,
1517 2259 1534 2294 ἢ
1551 2258 1598 2291 ob;
1617 2259 1663 2285 καὶ
1680 2259 1704 2284 εί
1724 2257 1773 2294 μὲν
1790 2257 1888 2290 οὕτως

1084 2307 1140 2341 ἔχει
1156 2307 1193 2338 ὡς
1208 2305 1333 2341 λέγομεν,
1355 2306 1402 2332 καὶ
1420 2302 1470 2332 ὦδε
1492 2303 1705 2336 συναπολαύσεις
1724 2304 1809 2339 308
1823 2307 1888 2337 τοῖς

1085 2351 1231 2385 φιλτάτοις,
1244 2351 1324 2377 κάκεῖ
1337 2350 1539 2386 συναναπαύσῃ·
1557 2350 1580 2375 εί
1592 2349 1620 2375 δὲ
1629 2350 1657 2375 ὲν
1673 2350 1706 2384 τῇ
1721 2348 1776 2374 τῶν
1788 2349 1887 2382 λόγων

1085 2397 1133 2422 σου
1147 2395 1158 2411 δ
1173 2395 1267 2430 σκέψει
1288 2395 1377 2431 δείξῃς
1400 2394 1434 2421 τὰ
1456 2396 1502 2429 ὑφ’
1523 2395 1601 2430 ἡμῶν
1626 2394 1760 2429 λεγόμενα
1792 2394 1886 2429 μῦθόν

1085 2449 1145 2467 τινα
1159 2439 1242 2475 ψευδῆ
1259 2438 1338 2472 εἶναι,
1356 2440 1402 2466 καὶ
1418 2439 1504 2471 οὕτως
1520 2439 1609 2470 καλῶς
1626 2439 1757 2474 ποιήσεις,
1776 2438 1886 2471 αὐτοὺς

1085 2486 1276 2521 ὁμογνώμονάς
1300 2495 1339 2513 σοι
1361 2485 1489 2522 εἰληφὼς,
1511 2485 1558 2512 καὶ
1584 2484 1629 2511 τοῦ
1652 2486 1745 2516 κεναῖς
1769 2485 1886 2511 ἐλπίσιν

1086 2531 1272 2566 ὲπερείδεσθαι
1304 2531 1431 2564 παύσεις,
1457 2531 1504 2558 καὶ
1532 2530 1637 2566 ψευδῶν
1669 2529 1760 2564 φόϐων
1791 2529 1885 2556 ἀπαλ-

1085 2577 1147 2609 λάξε
1152 2586 1184 2609 ις.

1121 2623 1164 2651 111.
1183 2624 1236 2651 Καὶ
1252 2625 1266 2651 6
1280 2624 1381 2660 πατήρ·
1398 2623 1488 2651 Πολλὰ
1501 2623 1584 2659 φαίνῃ
1601 2631 1645 2658 μοι
1661 2621 1762 2656 εὔλογα
1778 2622 1882 2656 λέγων.

901 2714 1019 2742 VARIIE
1040 2713 1241 2741 LECTlONES.

285 2786 308 2802 “
321 2785 359 2812 lta
371 2784 441 2821 0.7c.
459 2784 540 2820 Epit..
553 2785 724 2821 ἐποιησάμην
738 2785 768 2812 C.
786 2785 873 2820 Supra
892 2785 991 2811 ἐθέλων
1007 2785 1059 2821 leg.
1073 2789 1164 2821 censet
1176 2784 1204 2821 S.
1242 2785 1264 2821 ’7‘
1281 2783 1349 2821 εἶναι
1363 2793 1389 2820 p.
1406 2785 1451 2811 τὸν
1467 2783 1627 2821 μάγονβντα
1641 2782 1677 2821 0.
1711 2783 1742 2821 ⁹⁶Α
1752 2784 1792 2816 ὡς
1802 2784 1837 2821 av
1846 2784 1878 2821 _C.

250 2821 369 2856 πχαρᾶς
385 2820 570 2855 πληρωθέντες
581 2821 613 2848 Ο.
626 2819 631 2821 ⁷
653 2819 676 2836 ³⁸
689 2819 758 2856 μετὰ
772 2821 817 2848 τὸν
828 2819 971 2872 χωρισμὸν
984 2821 1034 2856 τῆς
1045 2820 1132 2854 ψυχῆς
1148 2820 1201 2846 ἀπὸ
1217 2820 1262 2846 τοῦ
1281 2820 1404 2855 σώματος
1417 2819 1529 2846 συνόντα
1547 2819 1648 2846 ἄλυπον
1665 2819 1777 2846 ἔσεσθαι
1795 2819 1828 2847 C.
1849 2819 1879 2848 In

250 2857 308 2872 r.'...':
338 2855 388 2872 MN
416 2855 500 2872 κιιηιὶ...
515 2856 544 2872 δυ
560 2855 710 2872 ﬂammma...
727 2857 822 2872 aut"...
886 2857 895 2871 υ
914 2856 959 2872 -..ι
976 2856 1026 2872 mm
1055 2863 1069 2872 η
1095 2855 1118 2872 n
1179 2855 1213 2870 too
1233 2855 1329 2872 mnum.
1345 2857 1375 2872 ιη’.
1392 2855 1504 2872 δεμ-έν.
1523 2856 1542 2872 Γ
1606 2855 1614 2870 ί
1633 2853 1668 2872 Im
1695 2853 1755 2872 Fuﬁ
1788 2859 1815 2872 ω
1828 2854 1853 2872 n
1870 2870 1874 2872 Α

246 2857 320 2891 Epit.
338 2855 505 2893 122,"60V(‘i)\f_
515 2856 544 2880 ὲν
560 2855 716 2893 εὐφροσύνῃ,
727 2857 831 2893 διάγῃς.

246 2865 320 2891 ιιριι,
338 2865 400 2886 ιιι,
416 2865 500 2881 συνων
515 2865 544 2880 εν
560 2865 711 2892 ευφροσυνῃ
727 2865 770 2883 οια
789 2865 807 2893 η

244 2894 321 2926 λόγω,
337 2897 383 2916 σου
400 2889 430 2916 C.
467 2890 478 2906 ³
491 2890 523 2917 ἅν
542 2898 595 2918 om.
612 2892 644 2918 0.
682 2892 692 2907 ³
710 2892 747 2919 ita
768 2865 808 2927 ξ’,

886 2857 895 2871 ³
914 2856 959 2882 καί
976 2856 1038 2892 ιξόι]ζ
1054 2863 1079 2882 c.
1179 2855 1213 2892 ¹ξ⁸⁰
1232 2855 1376 2892 μᾶλλονοὑ
1392 2855 1506 2892 λυπήσει
1523 2856 1553 2884 C.

832 2891 961 2927 πείσομεν
977 2890 1053 2925 0,0.
1092 2890 1165 2929 few
1191 2890 1342 2926 interposui
1361 2899 1386 2918 c.
1406 2890 1437 2918 Ο.

1606 2855 1614 2870 ¹
1630 2853 1670 2881 lta
1693 2853 1778 2894 Epit.~
1788 2859 1817 2883 et
1828 2854 1853 2884 0
1865 2870 1877 2889 ο
