1917 3100
248 141 301 170 359

660 141 688 169 S.
707 139 898 169 CLEllEN'ilS
914 139 925 166 Ι
944 139 1025 168 ΒΟΜ.
1046 139 1146 167 ΡΟΝΤ.
1161 139 1276 167 OPERA
1295 139 1408 167 DUBIA.

1816 137 1874 164 360

249 200 340 227 aiebat
365 206 440 231 esse,
465 203 493 226 et
513 199 537 226 ei
563 198 610 233 qui
637 199 775 225 maxillam
800 203 874 225 tuam
903 198 1029 232 perculit,

1106 197 1214 232 μαίνετο,
1240 197 1295 223 Kal.
1312 196 1342 223 τὸ
1362 195 1422 226 πῶς
1442 195 1507 231 ὲρῶ.
1525 195 1632 223 Δίκαιον
1655 195 1780 230 ἔφασκεν
1800 192 1877 221 εἶναι

249 245 362 272 alteram
381 252 490 279 quoque
512 252 665 279 opponere,
690 249 718 271 et
738 244 762 271 ei
781 244 827 279 qui
843 243 932 271 aulert
954 247 1029 270 tuum

248 291 373 326 pallium,
389 290 495 317 tradere
518 294 545 316 et
566 289 696 322 maforte,
722 294 748 316 et
769 297 829 316 cum
848 296 900 321 eo,
930 289 976 323 qui
997 288 1031 316 ad

249 345 334 364 unum
351 337 465 364 milliare
480 336 574 372 adigit,
591 343 638 370 per
651 335 705 362 duo
717 334 862 370 proﬁcisci,
881 339 962 370 atque
978 334 1031 361 alia

249 383 350 410 similia
368 389 392 408 ιι.

285 428 329 455 VI.
347 428 495 462 Respondit
509 426 604 454 Petrus
619 435 625 454 :
648 426 728 462 Atqui
742 426 793 453 hoc
802 425 962 453 existimasti
981 425 1033 452 ini-

249 483 346 509 quum,
359 474 431 509 quod
447 473 633 508 :equissimum
656 477 708 500 est.
729 472 767 500 Ac
780 472 802 499 si
823 472 898 499 lubet
911 472 984 499 audi.
999 471 1032 499 Et

250 526 326 556 pater
341 521 409 548 dixit
427 529 433 547 :
451 519 565 547 Prorsus
578 519 661 546 Iubet.
676 517 745 546 Tum
760 518 856 546 Petrus
875 528 881 545 :
898 517 967 545 Num
984 519 1032 546 tibi

250 566 367 597 videtur,
382 574 444 593 cum
464 565 518 592 duo
541 572 616 600 reges
631 565 734 592 inimici
751 569 816 592 sunt
829 569 856 592 et
875 565 977 592 divisas
990 573 1032 592 re-

251 613 345 647 giones
359 617 462 644 tenent,
474 612 496 639 si
512 612 646 646 quispiam
663 620 696 639 ex
715 612 761 644 iis,
775 612 821 646 qui
839 611 954 646 subjecti
969 616 1033 639 sunt

249 659 338 692 alteri,
357 659 384 686 in
397 659 508 686 alterius
531 658 641 692 regione
663 659 890 693 deprehendatur,
917 659 1034 693 ideoque

252 710 388 732 mercatur
415 710 541 737 mortem,
566 709 593 731 et
609 704 734 738 colapho,
757 712 811 731 non
830 709 920 731 autem
944 705 1034 739 capite

251 751 372 785 punitus,
387 758 494 785 poenam
509 750 688 782 evadat,num
704 750 809 776 videtur
823 750 970 783 humanus,
985 750 1034 784 qui

249 797 356 823 veniam
371 796 465 824 dedit?
483 796 515 824 Et
539 802 614 831 pater
639 795 676 822 ait
692 805 698 823 :
715 796 880 823 Admodum.
896 795 969 822 Dixit
982 795 1033 823 Pe-

251 847 309 869 trus
327 850 335 868 :
352 842 421 875 Quid
436 850 511 874 vero,
535 843 557 869 si
573 843 595 870 is
611 842 668 877 ipse
689 843 771 870 etiam
789 842 871 869 alicui
892 843 1032 877 proprium

1082 244 1130 270 καὶ
1144 244 1184 279 τῷ
1195 244 1322 270 τύπτοντι
1341 242 1424 269 αὑτοῦ
1440 243 1488 277 τὴν
1506 243 1616 276 σιαγόνα
1629 241 1812 278 παρατιθέναι
1826 241 1878 267 καὶ

1081 291 1130 327 τὴν
1145 291 1251 326 ἑτέραν,
1267 290 1314 316 καὶ
1328 289 1367 324 τῷ
1384 289 1488 324 αῖροντι
1507 288 1588 315 αύτοῦ
1607 288 1638 315 τὸ
1655 288 1765 323 ἱμάτιον
1787 295 1878 323 προσ-

1081 338 1179 364 διδόναι
1199 337 1246 364 καὶ
1261 335 1292 363 τὸ
1306 336 1436 372 μαφὸριον
1453 335 1529 366 ¹⁵-¹⁶,
1540 336 1720 370 ἁγγαρεύοντι
1735 334 1765 360 δὲ
1784 334 1878 369 μίλιον

1080 385 1110 410 ἓν
1124 383 1339 419 συναπέρχεσθαι
1350 382 1405 413 δύο,
1420 382 1466 408 καὶ
1479 382 1529 408 ὅσα
1543 381 1653 408 τοιαῦτα

1117 428 1161 456 Vl.
1173 429 1227 455 Kal
1242 430 1256 455 6
1266 428 1367 464 Πέτρος
1378 428 1542 463 ἀπεκρίνατο
1552 436 1559 442 '
1583 427 1651 453 Ἀλλ’
1665 427 1795 462 ἐνόμισας
1813 424 1879 452 ἄδι-

1082 484 1129 502 κον
1145 476 1159 502 ὅ
1170 484 1196 502 τι
1209 475 1374 502 δικαιότατον
1388 474 1470 500 ἐστιν.
1483 473 1517 500 Εἴ
1529 482 1569 500 σοι
1589 473 1664 508 φίλον
1685 473 1770 505 ἐστὶν,
1789 471 1882 499 ἄκου-

1083 529 1136 547 σον.
1155 521 1210 548 Καὶ
1227 522 1241 548 6
1259 521 1350 556 πατὴρ
1370 521 1392 536 ’⁷
1409 520 1479 556 ἔφη·
1506 520 1579 547 Πάνυ
1606 529 1649 555 μοι
1667 520 1750 554 φίλον.
1778 520 1840 546 Kal.
1865 520 1880 545 6

1083 567 1201 603 Πέτρος·
1217 567 1254 593 Οὺ
1274 567 1347 593 δοκεῖ
1369 574 1420 597 σοι,
1446 565 1492 592 δύο
1513 565 1616 601 ἐχθρῶν
1631 565 1763 600 βασιλέων
1787 566 1881 592 ὕντων

1083 614 1129 640 καὶ
1139 613 1303 649 διῃρημένας
1315 612 1364 644 τὰς
1375 611 1464 648 χώρας
1476 612 1600 647 ἑχόντων,
1612 611 1639 638 εἴ
1649 620 1690 643 τις
1704 612 1736 637 ἐκ
1752 610 1811 637 τῶν
1827 611 1881 637 τοῦ

1083 657 1141 690 ἑνὸς
1159 658 1286 693 ὑπηκόων
1303 659 1331 684 ἐν
1343 659 1376 693 τῇ
1393 658 1440 684 τοῦ
1454 658 1548 693 ἐτέρου
1563 658 1640 694 χώρᾳ.
1652 658 1804 694 φωραθείη,
1829 660 1882 684 καὶ

1082 704 1126 730 διὰ
1142 704 1222 731 τοῦτο
1244 704 1357 731 θάνατον
1371 704 1486 738 ὀφείλων
1498 705 1530 736 ’⁸,
1540 704 1586 730 ἐὰν
1601 704 1752 740 ραπίσματι
1770 705 1822 730 καί
1840 704 1881 739 μὴ

1083 749 1189 785 θανάτῳ
1200 750 1250 785 τῆς
1266 750 1399 785 τιμωρίας
1415 749 1546 785 ἀπολυθῇ,
1563 750 1593 776 οὺ
1611 750 1730 784 φαίνεται
1748 749 1805 785 μὴν
1820 751 1846 765 ¹¹
1867 751 1883 776 6

1083 797 1220 828 ἀπολύσας
1233 796 1420 831 φιλάνθρωπος
1438 794 1524 826 εἷναι;
1538 795 1591 822 Καὶ
1606 797 1620 822 6
1637 795 1727 831 πατὴρ
1739 795 1804 830 ἔφη·
1821 796 1884 821 Καὶ

1083 843 1163 870 πάνυ.
1188 843 1243 869 Kal
1258 843 1272 869 6
1292 842 1394 877 Πέτρος
1414 842 1483 877 ἔφη·
1505 842 1537 868 Τί
1558 842 1597 873 δὲ,
1619 842 1643 867 εί
1662 842 1709 867 καὶ
1729 841 1797 868 ἴδιόν
1811 841 1843 867 τί
1858 841 1882 856 ³⁸

251 889 292 915 vel
307 888 379 914 aliud
397 888 460 922 quid
476 887 592 920 auferat,
611 892 638 914 et
651 888 677 914 in
689 887 762 915 furto
781 888 996 922 comprehensus
1009 887 1032 914 si

1106 897 1154 920 .vo;
1170 888 1250 919 αὐτὸς
1269 884 1346 920 οὗτος
1363 887 1508 922 ἀφέληται,
1527 887 1544 922 ἢ
1558 887 1604 913 καὶ
1616 887 1752 922 ἀλλότριον
1770 887 1806 919 ³⁸,
1831 887 1885 913 καὶ

249 933 361 968 duplum
377 932 432 966 det,
446 941 508 960 cum
520 933 663 968 quadrupli
685 934 721 961 sit
735 934 852 966 debitor,
868 934 1033 968 insuperque

250 979 357 1011 mortis,
371 979 417 1013 qui
433 986 528 1013 nempe
542 980 569 1006 in
591 979 740 1006 adversarii
756 980 855 1007 finibus
873 984 970 1014 captus
985 980 1031 1010 sit,

250 1033 339 1052 nonne
351 1026 398 1053 tibi
413 1025 528 1057 videtur,
539 1026 688 1052 humanum
704 1033 765 1052 esse
775 1032 848 1058 eum,
860 1026 904 1060 qui
919 1025 1032 1060 duplum

249 1073 353 1106 accepit
367 1075 394 1099 et
410 1077 524 1098 mortem
541 1071 579 1098 illi
603 1071 729 1099 remisit?
750 1071 783 1098 Et
801 1076 876 1106 pater
897 1071 955 1098 ait:
969 1070 1033 1098 Cla-

249 1126 310 1145 rum
322 1123 374 1145 est.
387 1117 426 1144 Ac
441 1117 536 1145 Petrus
551 1127 558 1145 ε
574 1117 644 1151 Quid
666 1125 740 1150 vero,
753 1125 843 1144 nonne
857 1121 974 1151 oportet,
990 1121 1030 1150 ut,

248 1164 295 1198 qui
312 1164 338 1190 in
356 1163 467 1191 alterius
482 1171 566 1198 regno
588 1168 712 1190 versatur
724 1183 732 1196 ,
753 1163 834 1197 idque
849 1163 960 1197 pessimi
980 1163 1031 1189 ho-

248 1210 308 1242 stis,
324 1210 407 1237 vitam
419 1210 595 1237 conservandi
612 1209 696 1244 gratia
714 1209 842 1236 omnibus
857 1209 991 1241 aduletur,
1004 1213 1033 1236 et

248 1255 274 1282 vi
290 1255 462 1290 adigentibus
476 1255 563 1290 magis
582 1255 670 1285 cedat.
686 1262 741 1282 non
757 1255 907 1282 salutantes
921 1255 1030 1288 salutet,

249 1301 376 1328 inimicos
388 1301 440 1328 sibi
457 1300 593 1333 conciliet,
612 1308 675 1328 cum
695 1300 874 1328 irascentihus
895 1308 948 1328 non
963 1309 1030 1328 con-

249 1347 352 1379 tendat,
384 1354 433 1374 sua
459 1346 533 1373 omni
568 1346 696 1373 audacter
734 1346 834 1381 petenti
860 1347 978 1381 przebeat
1004 1351 1032 1374 et

250 1393 332 1420 faciat
356 1399 526 1426 qluecunque
548 1396 612 1418 sunt
638 1391 814 1425 huiusmodi?
838 1390 906 1419 Tum
930 1397 1030 1427 pater:

249 1440 354 1466 tluncla
369 1438 459 1473 polius
487 1438 584 1465 merito
601 1437 757 1470 sustinebit,
770 1438 793 1466 si
808 1438 851 1466 his
864 1439 948 1466 vitam
962 1446 1032 1474 prte-

249 1485 311 1512 fcrt.
821 1502 826 1507 .

284 1530 340 1558 Vll.
367 1529 399 1557 Et
423 1529 519 1557 Petrus
534 1538 540 1555 :
554 1528 648 1556 Nonne
663 1529 746 1565 igitur
763 1530 799 1563 ii,
829 1538 899 1565 quos
921 1531 1031 1559 dicebas

249 1576 318 1604 allici
330 1576 440 1610 injuria,
467 1575 518 1610 ipsi
545 1579 609 1602 sunt
627 1575 721 1603 finium
745 1580 978 1612 transgressores,
1002 1578 1030 1605 in

249 1625 382 1656 quantum
397 1625 538 1647 versantur
550 1621 577 1647 in
598 1628 680 1654 regno
699 1621 821 1652 alterius,
836 1626 863 1649 et
881 1622 908 1648 in
925 1626 1030 1653 tantum

249 1666 453 1694 defraudatores
467 1671 540 1699 sunt,
553 1666 579 1694 in
592 1671 723 1702 quantum
737 1667 899 1703 possident?
917 1668 969 1696 Sed
983 1668 1030 1704 qui

249 1714 374 1741 videntur
395 1714 482 1741 facere
503 1714 642 1748 injuriam,
662 1714 808 1750 unicuique
834 1723 866 1743 ex
893 1716 1031 1744 contraria

249 1763 326 1795 parte
348 1764 422 1787 tanta
447 1759 652 1793 gratificantur,
678 1765 779 1795 quanta
803 1761 843 1789 eis
871 1761 1031 1796 permittunt

250 1806 361 1833 habere.
373 1805 435 1832 Haec
445 1805 546 1840 quippe
558 1806 591 1832 ad
606 1813 652 1833 eos
677 1807 823 1841 pertinent,
847 1815 894 1842 qut
911 1815 1031 1842 praesen-

249 1852 285 1878 tia
297 1851 444 1883 elegerunt.
467 1849 500 1877 Et
522 1850 589 1877 adeo
605 1849 716 1876 humani
741 1855 814 1883 sunt,
830 1856 860 1878 ut
880 1851 933 1878 illis
947 1852 1029 1879 vitam

249 1896 361 1923 donent.
381 1895 468 1930 Atque
483 1895 636 1929 exemplum
665 1896 702 1922 ita
718 1896 827 1930 quidem
853 1897 942 1925 habet.
959 1898 1029 1925 Audi

247 1942 302 1976 jam
315 1941 400 1976 ipsam
412 1949 480 1967 rem.
494 1939 623 1967 Veritatis
636 1941 767 1975 propheta
779 1942 927 1969 adveniens
937 1943 1031 1970 docuit

250 1994 309 2018 nos,
323 1986 395 2020 quod
410 1986 531 2012 omnium
547 1991 653 2013 creator
664 1994 697 2013 ac
711 1986 781 2014 Deus
794 1987 901 2015 duobus
915 1988 1031 2022 quibus.

248 2032 310 2059 dam
325 2033 379 2059 duo
395 2040 476 2066 regna
493 2032 642 2063 distribuit.
653 2032 724 2060 bono
739 2038 766 2060 et
781 2034 862 2067 malo,
875 2035 943 2062 dans
957 2036 1030 2063 malo

250 2077 357 2111 quidem
375 2084 486 2111 regnum
501 2076 583 2111 hujus
603 2077 697 2104 mundi
718 2085 779 2104 cum
802 2078 868 2113 lege,
887 2079 923 2106 ita
939 2085 968 2106 ut
982 2080 1030 2107 ha-

251 2122 312 2149 beat
326 2126 485 2156 potestatem
508 2122 657 2156 injuriosos
674 2123 819 2157 puniendi,
846 2124 918 2150 bono
938 2129 1028 2153 autem

250 2170 361 2204 largitus
369 2168 488 2195 futurum
497 2173 654 2202 perpetuum
662 2168 1030 2207 saeculum.Unumqucmque

1082 935 1128 961 ὲπ¹ι
1145 934 1231 970 τούτῳ
1246 933 1407 969 συλληφθεὶς
1431 933 1477 960 ἐὰν
1494 933 1631 959 διπλάσιον
1649 933 1696 968 δῷ,
1716 932 1885 968 τετραπλά-

1083 989 1140 1007 σιον
1151 980 1266 1014 ὀφείλων
1278 980 1310 1012 ³⁸,
1322 980 1368 1006 καὶ
1383 980 1414 1006 τὸ
1429 979 1528 1011 θανεῖν,
1553 979 1590 1011 ὡς
1613 980 1641 1005 ὲν
1659 979 1737 1013 311
1750 981 1813 1010 τοῖς
1829 979 1882 1005 τοῦ

1082 1025 1203 1054 ἐναντίου
1221 1026 1300 1058 ἀλοὺς
1323 1027 1405 1062 ὅροις,
1427 1026 1457 1052 οὐ
1476 1026 1549 1052 δοκεῖ
1572 1034 1612 1052 σοι
1629 1026 1669 1052 ὅτι
1691 1027 1705 1052 6
1726 1024 1824 1051 λαϐὼν
1850 1026 1884 1051 τὸ

1081 1072 1220 1099 διπλάσιον
1236 1072 1284 1099 καὶ
1297 1072 1412 1099 θανάτου
1429 1072 1510 1098 αὑτὸν
1528 1072 1664 1102 ἀπολύσας
1680 1071 1885 1106 φιλάνθρωπος

1081 1118 1225 1154 τυγχάνεις
1238 1119 1292 1145 Kal.
1301 1120 1315 1146 6
1328 1118 1418 1154 πατὴρ
1430 1118 1480 1154 ἔφη
1493 1127 1500 1133 ·
1512 1118 1646 1145 Φαίνεται.
1661 1118 1715 1144 Kal.
1724 1118 1738 1143 6
1751 1118 1881 1152 Πέτρος-

1082 1166 1114 1192 Τί
1127 1166 1171 1198 δέ;
1195 1166 1225 1192 οὐ
1246 1166 1299 1202 χρὴ
1320 1165 1366 1192 τὸν
1383 1166 1412 1191 ὲν
1436 1165 1529 1200 ἐτέρου
1551 1163 1673 1199 βασιλείᾳ
1689 1163 1754 1190 ὄντα
1774 1163 1809 1194 ³³,
1830 1163 1885 1190 καὶ

1081 1211 1166 1239 ταῦτα
1185 1211 1303 1247 πονηροῦ
1327 1219 1399 1243 τινος
1415 1210 1523 1246 ἐχθροῦ,
1541 1211 1588 1236 τοῦ
1611 1210 1660 1245 ζῇν
1672 1209 1751 1244 χάριν
1767 1209 1884 1240 πάντας

1082 1258 1249 1291 κολακεύειν,
1275 1258 1323 1285 καὶ
1347 1257 1544 1293 ἀγγαρεύουσιν
1560 1257 1606 1282 ἐπὶ
1623 1255 1712 1283 πλεῖον
1733 1255 1880 1287 ὑπείκειν,

1083 1305 1121 1339 μὴ
1135 1303 1387 1340 προσαγορεύοντας
1408 1303 1637 1339 προσαγορεύειν,
1660 1303 1775 1338 ἐχθροὺς
1795 1302 1882 1330 διαλ-

1081 1349 1205 1382 λάσσειν,
1232 1349 1418 1386 ὀργιζομένοις
1442 1349 1479 1385 μὴ
1505 1349 1682 1384 φιλονεικεῖν,
1708 1348 1742 1375 τὰ
1773 1348 1881 1375 ἑαυτοῦ

1081 1396 1167 1428 ἀδεῶς
1181 1395 1204 1412 ³⁸
1218 1396 1299 1423 παντὶ
1315 1395 1433 1422 αἰτοῦντι
1448 1396 1589 1431 παρέχειν,
1610 1395 1657 1422 καὶ
1673 1395 1723 1422 ὅσα
1738 1395 1880 1427 τοιαῦτα;

1081 1443 1136 1470 Καὶ
1153 1444 1168 1469 6
1189 1443 1295 1479 πατήρ·
1319 1443 1410 1469 Πάντα
1428 1442 1525 1478 μᾶλλον
1542 1442 1659 1476 εὐλόγως
1679 1441 1818 1477 ὑποσταίη
1842 1442 1879 1475 ³⁵,

1082 1489 1160 1524 εἴπερ
1171 1489 1272 1515 τούτων
1288 1489 1317 1515 τὸ
1334 1487 1383 1524 ζῇν
1401 1488 1550 1524 προκρίνει.

1120 1534 1172 1561 VII.
1184 1534 1238 1562 Kal.
1251 1536 1265 1562 6
1276 1535 1377 1570 Πέτρος
1386 1543 1393 1550 ⁸
1407 1534 1510 1561 Οὐκοῦν
1519 1534 1541 1550 ³⁸
1549 1534 1594 1565 οὒς
1605 1533 1754 1560 ἀδικεῖσθαι
1766 1534 1878 1568 ἔλεγες,

1082 1581 1158 1608 αὐτοὶ
1172 1582 1336 1617 παρορισταὶ
1347 1582 1536 1616 τυγχάνουσιν,
1548 1578 1615 1607 καθὸ
1628 1581 1649 1596 ³⁷
1665 1581 1695 1607 ὲν
1706 1580 1804 1616 ἑτέρου
1821 1582 1880 1607 sint

1083 1626 1215 1662 βασιλείᾳ,
1227 1627 1274 1654 καὶ
1291 1627 1415 1654 τοσοῦτον
1431 1627 1588 1654 πλεονέκται
1600 1628 1678 1660 είσὶν,
1691 1627 1753 1654 ὅσον
1768 1635 1879 1662 κεκτη-

1083 1673 1158 1708 μένοι
1180 1673 1266 1706 είσίν;
1287 1674 1319 1700 οι
1335 1673 1357 1699 δ’
1385 1673 1407 1689 ³⁸
1430 1673 1532 1700 ἀδικεῖν
1556 1673 1727 1708 νομιζόμενοι
1748 1673 1882 1700 τοσαῦτα

1081 1720 1189 1756 ἑκάστῳ
1210 1719 1249 1756 τῷ
1275 1719 1305 1752 ἐξ
1328 1720 1452 1752 ἐναντίας
1468 1719 1523 1747 δντι
1549 1719 1704 1755 χαρίζονται
1717 1719 1751 1752 ",
1767 1719 1824 1745 ὅσα
1844 1719 1882 1746 ἂν

1081 1766 1170 1798 αὐτοῖς
1190 1765 1261 1801 ἔχειν
1288 1766 1474 1802 συγχωρῶσιν.
1500 1765 1593 1792 Αὐτῶν
1619 1765 1672 1801 γάρ
1696 1765 1755 1791 ἐστι
1783 1765 1881 1792 ταῦτα

1080 1812 1134 1838 τῶν
1144 1812 1178 1839 τὰ
1190 1813 1311 1849 παρόντα
1335 1813 1476 1848 ἑλομένων.
1497 1813 1553 1839 Kal.
1570 1812 1610 1844 είς
1629 1811 1755 1838 τοσοῦτον
1776 1812 1881 1846 φιλάν-

1081 1859 1184 1896 θρωποί
1205 1860 1283 1891 εἰσιν,
1307 1860 1345 1891 ὡς
1365 1858 1396 1885 τὸ
1410 1859 1458 1895 ζῇν
1479 1859 1569 1890 αὐτοῖς
1587 1859 1746 1893 συγχωρεῖν.
1767 1857 1829 1884 Kal.
1846 1859 1880 1884 τὸ

1082 1906 1130 1940 μὲν
1151 1905 1326 1941 παράδειγμα
1346 1902 1431 1936 οὕτως
1451 1905 1524 1940 ἔχει.
1544 1906 1642 1931 Ἀκουε
1664 1904 1696 1939 δὴ
1713 1905 1736 1920 ⁸⁸
1756 1904 1830 1931 αὐτὸ
1845 1906 1880 1932 τὸ

1080 1953 1205 1987 πρᾶγμα.
1229 1952 1257 1978 '0
1268 1952 1318 1986 τῆς
1330 1951 1458 1987 ἀληθείας
1477 1951 1570 1987 παρὼν
1583 1952 1725 1987 προφήτης
1739 1951 1764 1966 ⁸³
1781 1951 1878 1978 ἐδίδα-

1080 1997 1125 2030 ξεν
1141 1998 1223 2032 ἡμᾶς,
1239 1998 1280 2024 ὃτι
1295 1999 1309 2024 6
1325 1997 1379 2024 τῶν
1393 1997 1459 2024 ὅλων
1475 1997 1640 2033 δημιουργὸς
1655 1998 1702 2024 καί
1719 1997 1790 2030 Θεὸς
1809 1998 1877 2025 δυσί

1079 2051 1149 2070 τισιν
1165 2043 1294 2078 ἀπένειμε
1308 2043 1445 2078 βασιλείας
1461 2044 1517 2075 δύο,
1529 2044 1623 2079 ἀγαθῷ
1639 2052 1668 2070 τε
1682 2045 1730 2070 καὶ
1742 2046 1876 2080 πονηρῷ,

1079 2088 1140 2121 δούς
1157 2089 1196 2124 τῷ
1213 2089 1261 2124 μὲν
1277 2089 1353 2125 κακῷ
1364 2090 1411 2116 τοῦ
1426 2089 1560 2126 παρόντος
1578 2090 1681 2124 κόσμου
1697 2090 1767 2125 μετὰ
1784 2090 1878 2126 νόμον

1079 2135 1127 2170 τὴν
1145 2135 1290 2170 βασιλείαν,
1307 2136 1372 2162 ὥστ’
1389 2136 1422 2162 ἂν
1443 2136 1514 2171 ἔχειν
1528 2137 1649 2169 ἐξουσίαν
1666 2137 1794 2169 κολάζειν
1806 2139 1879 2170 τοὺς

1080 2181 1238 2214 ἀδικοῦντας
1247 2191 1253 2197 ·
1270 2181 1308 2218 τῷ
1321 2182 1401 2217 312
1411 2183 1440 2209 δὲ
1451 2183 1544 2218 ἀγαθῷ
1551 2182 1597 2209 τὸν
1609 2183 1736 2219 ἐσόμενον
1750 2184 1845 2211 ἀΐδιον
1856 2185 1878 2200 δ’

250 2222 315 2241 vero
330 2214 471 2241 hominum
487 2214 601 2241 liberum
618 2214 681 2241 fecit
695 2235 702 2248 ,
715 2215 816 2250 quique
835 2217 932 2244 habt-at
952 2223 1027 2253 pote-

1106 2226 1173 2253 ηῶνα.
1194 2227 1327 2254 Ἕκαστον
1342 2227 1371 2253 δὲ
1384 2227 1437 2254 τῶν
1453 2227 1602 2263 ἀνθρώπων
1617 2228 1759 2264 ἐλεύθερον
1774 2230 1877 2266 ἐποίη-

250 2265 346 2287 statem
363 2268 392 2286 se
407 2259 528 2286 tradendi
538 2260 583 2287 cui
600 2260 674 2293 velit,
690 2265 737 2286 aut
750 2262 873 2295 praesenti
892 2264 1030 2296 malo,aut

251 2306 342 2332 futuro
364 2305 444 2332 bono.
473 2305 511 2332 Ex
529 2306 648 2340 quibus,
677 2306 723 2340 qui
747 2308 888 2340 praesentia
915 2309 1029 2344 eligunt,

251 2355 409 2385 potestatem
437 2351 538 2378 habent
567 2355 596 2377 ut
619 2351 718 2378 divites
738 2352 802 2384 sint,
829 2353 855 2379 in
876 2353 980 2382 deliciis
998 2364 1029 2383 ac

251 2396 433 2431 voluptatibus
446 2396 527 2423 vitam
541 2401 632 2431 agant,
648 2401 676 2424 et
687 2397 785 2424 similia
798 2399 888 2426 omnia
901 2408 950 2434 pro
963 2402 1028 2429 viri-

1082 2280 1127 2298 σεν
1141 2271 1211 2306 ἔχειν
1226 2273 1275 2308 τὴν
1291 2273 1411 2306 ἐξουσίαν
1422 2274 1515 2300 ἑαυτὸν
1531 2274 1677 2309 ἀπονέμειν
1690 2271 1713 2308 ᾧ
1730 2274 1876 2309 βούλεται,

1080 2316 1096 2351 ἢ
1116 2317 1155 2352 τῷ
1176 2317 1288 2352 παρόντι
1307 2318 1384 2354 κακῷ
1403 2318 1420 2354 ἢ
1439 2319 1478 2354 τῷ
1499 2319 1620 2354 μέλλοντι
1641 2319 1747 2355 ἀγαθῷ.
1779 2318 1836 2347 ⁷ου
1853 2324 1876 2348 οὶ

1080 2362 1201 2397 ἑλόμενοι
1216 2363 1250 2390 τὰ
1261 2364 1382 2399 παρόντα
1398 2364 1521 2397 ἐξουσίαν
1535 2365 1626 2400 έχουσι
1641 2365 1782 2397 πλουτεῖν,
1806 2375 1878 2403 τρυ-

1080 2409 1142 2443 φᾷν,
1155 2409 1275 2443 ἥδεσθαι,
1295 2411 1341 2436 καὶ
1364 2411 1416 2437 πᾶν
1431 2411 1445 2437 ὃ
1466 2420 1491 2437 τι
1512 2411 1544 2438 ἂν
1562 2411 1702 2438 δύνωνται.
1726 2413 1792 2439 Τῶν
1819 2415 1877 2449 γὰρ

251 2443 302 2470 bus
321 2442 481 2477 percipiant.
506 2441 573 2468 Nam
590 2441 746 2470 futurorum
766 2444 899 2472 bonorum
923 2447 1026 2475 nullum

1106 2441 1212 2488 Ξομένων
1228 2455 1336 2489 ἀγαθῶν
1353 2455 1428 2482 οὐδὲν
1448 2455 1564 2489 ἕξουσιν.
1584 2457 1615 2483 0i
1636 2456 1665 2483 δὲ
1680 2456 1716 2483 τὰ
1729 2457 1782 2493 τῆς

283 2516 295 2530 α
312 2509 377 2536 Luc.
392 2516 430 2541 vn,
445 2509 494 2541 29;
512 2507 605 2536 Matth.
621 2516 648 2541 ν,
661 2508 704 2535 59.

893 2574 1008 2606 νΑιιιλΕ
1026 2580 1227 2612 ιΕρΤΙοΝΕε.

284 2646 346 2667 ..-ιι
373 2645 434 2673 Vid.
465 2645 560 2673 Suicer
590 2646 716 2688 Tltesaur“.
751 2653 773 2672 s.
801 2653 828 2672 v.
854 2645 996 2679 Credner.
1020 2649 1150 2690 Beitragge
1170 2653 1288 2693 1,.508,
1315 2653 1343 2680 8,
1373 2654 1440 2682 Tum
1471 2656 1582 2690 adiunxi
1615 2657 1644 2683 ἓν
1670 2657 1706 2689 αι
1723 2658 1757 2686 ο,
1799 2661 1825 2676 υ
1846 2663 1869 2693 ὃς

250 2690 275 2716 p.
291 2681 453 2718 gnat-np
492 2682 560 2718 'j‘lta
571 2683 718 2718 optime‘b,
733 2681 838 2714 ὁφείλον
853 2681 969 2718 absurde
979 2682 1012 2715 0,
1029 2683 1098 2718 Epit.
1117 2687 1256 2715 barbarica
1269 2689 1383 2718 ὀοειλώς
1415 2691 1436 2706 ’³
1452 2691 1505 2718 μήν
1522 2699 1577 2718 om.
1593 2691 1626 2718 0,
1665 2693 1688 2708 ³ο
1703 2693 1731 2718 τί
1749 2698 1869 2718 ηςρΐίιιςί

249 2725 281 2742 vx
295 2715 318 2743 0
348 2721 373 2743 et

250 2751 391 2786 quadrupli
408 2752 433 2777 in
449 2752 519 2778 furto
533 2753 654 2778 sancitur
668 2752 772 2786 legibus
788 2752 920 2786 plurimis.

250 2759 353 2785 quauru
367 2759 391 2777 Ill
408 2759 433 2777 Ill
449 2759 519 2778 Iurto
533 2759 654 2778 sancitur
668 2759 772 2786 Irglnus
788 2759 920 2786 ptui-Imus.
958 2759 979 2768 η
990 2761 1007 2779 τη

250 2785 340 2824 ἑτέρου
358 2759 479 2824 baptista
502 2786 566 2824 ὅντα
592 2786 643 2824 0.“
680 2788 705 2824 ’ξ
717 2786 853 2824 Fortasse
869 2787 961 2824 ῂδὲως.
978 2788 1007 2815 S.

391 2821 413 2836 ⁸⁸
425 2820 520 2847 οὔκουν
541 2822 570 2848 υ.
623 2822 643 2838 ⁸⁷
658 2821 728 2848 καθά.
754 2821 783 2850 (ἶ.

405 2855 425 2871 ⁸¹
441 2857 581 2892 προφήτης
598 2857 691 2892 παρών
707 2857 738 2884 C.
775 2857 798 2874 ⁴¹
815 2856 878 2886 ἴδιον
891 2858 924 2887 0,

251 2828 287 2847 xu
296 2841 303 2850 .
316 2821 344 2847 4.

251 2855 356 2883 ⁸’δέ().

1846 2663 1871 2693 ὂς

958 2753 979 2768 ιλ
990 2754 1052 2785 τοὺς
1068 2756 1160 2817 ἑτέρου
1167 2753 1307 2818 (Ea-alla»;
1322 2753 1400 2791 ὄντας
1414 2753 1441 2794 ιιξ
1458 2761 1503 2787 τὸν
1519 2753 1568 2793 ἶὲν

958 2788 1007 2815 .S.
1073 2790 1094 2806 ³⁵
1124 2797 1147 2818 ta
1229 2801 1253 2818 ρ.
1277 2794 1307 2818 S.
1331 2795 1452 2818 ὑποστέττ
1480 2796 1510 2818 (ἶ.
1532 2796 1664 2818 til‘rlmm,
1691 2807 1722 2818 ιιι
1751 2801 1782 2818 :1
1816 2801 1846 2818 τι

832 2797 854 2837 Ξ,
869 2797 961 2824 ῃοεως.
979 2797 1007 2815 δ.
1073 2797 1094 2806 συ
1112 2797 1147 2818 Ita
1167 2797 1188 2818 υ
1229 2801 1253 2820 c.
1277 2797 1308 2828 ὃ,
1331 2797 1406 2820 Ome

832 2857 837 2863 _
869 2825 933 2863 ὼΞιν
946 2825 970 2850 οἱ
987 2832 1012 2860 p.
1027 2824 1110 2854 εἰσίν·
1127 2827 1150 2854 (ἓ
1164 2827 1224 2862 5‘0,
1242 2826 1309 2856 ὦσιν
1321 2837 1328 2863 ;
1340 2831 1364 2856 ot
1378 2829 1406 2857 S.

1229 2801 1256 2836 ρς
1277 2794 1308 2828 S,
1331 2795 1457 2847 61:06:61;
1480 2796 1510 2822 C.
1532 2796 1666 2824 (lfrlunn.
1691 2807 1734 2830 ιιι,
1750 2794 1797 2831 51ξ
1816 2794 1868 2833 τίξ

1242 2837 1309 2847 1.\Rru
1321 2837 1327 2843 -
1340 2831 1362 2847 nl
1378 2829 1397 2847 ἓ
1459 2830 1468 2846 υ
1485 2829 1522 2847 In
1537 2830 1559 2847 n
1585 2840 1600 2847 ,ι
1624 2832 1643 2847 ρ
1678 2835 1825 2847 ..-ηυνμ--
1839 2838 1857 2847 .-

1484 2829 1523 2858 Ita
1537 2830 1559 2859 Ο
1585 2840 1610 2860 c.
1624 2832 1644 2859 S
1659 2852 1667 2867 ,
1678 2829 1827 2869 χαρίζοντι
