1917 3100
40 125 92 154 565

614 123 839 151 CLEMENTINA.
855 141 888 146 -—
907 125 1047 152 liOMlLlA
1067 126 1133 152 XVI.

1612 129 1664 157 366

40 184 152 220 ἐτέρους
169 183 198 210 δὲ
219 183 292 218 μήτε
316 182 408 216 λέγειν
417 182 438 197 ¹⁹
459 182 526 217 μήτε
546 181 666 216 νομίζειν
679 201 686 212 ,
701 182 748 208 καὶ
763 182 804 208 ὃτι
818 181 832 206 ὁ

886 189 950 208 vero
962 190 1011 209 nec
1030 182 1083 209 diri
1099 190 1149 210 nec
1159 183 1321 216 existimari,
1337 184 1474 212 hominem
1491 191 1596 218 autem,
1615 187 1662 221 qni

40 232 118 267 παρὰ
129 231 209 258 τοῦτο
223 229 314 257 ποιῶν
332 229 450 259 αῑωνιως
470 228 526 263 ἔχει
542 227 726 262 κολασθῆναι,
740 227 777 259 ὡς
793 228 833 258 εἰς

40 277 122 304 αὐτὸν
141 277 187 304 τὸν
198 276 253 304 τῶν
270 277 341 303 ὅλων
362 275 493 310 δεσπότην
506 273 642 309 ἀσεϐήσας
654 273 689 300 τά
706 274 831 309 μέγιστα.

39 325 94 351 Καὶ
106 317 203 351 ταῦταῖ
209 323 296 350 εἰπὼν
309 322 358 349 καὶ
369 323 425 353 τοῖς
437 321 488 348 ὑπὸ
499 320 591 348 παθῶν
604 320 776 356 όχλουμένοις
786 320 833 346 καὶ

38 369 151 396 νοσοῦσι
161 370 208 396 καὶ
218 368 399 404 δαιμονῶσι⁷⁰
411 367 459 399 τὰς
469 368 564 402 χεῖρας
579 366 685 398 ἐπιθεὶς
700 366 747 392 καὶ
758 365 834 397 ευξά-

41 424 123 449 pavo;
142 415 192 442 καὶ
215 416 363 450 ἰασάμενος
378 414 496 441 ἀπέλυσε
509 413 572 445 τοὺς
587 413 690 449 δχλους.
713 414 767 440 Καὶ
783 411 832 440 εἷθ’

38 460 128 492 οὕτως
150 461 244 488 εἰσιὼν
261 461 317 488 τῶν
333 460 534 496 συνηθεστέρων
542 461 563 476 ⁷¹
581 460 653 488 ἁλῶν
675 460 833 496 μεταλαϐὼν

39 505 179 535 ὕπνωσεν.

295 598 378 634 316
401 598 528 625 'OMIAlA
547 598 604 631 ις’.

75 653 97 680 l.
120 653 244 690 Ὀρθρου
258 653 287 680 δὲ
299 653 378 686 ἐξιὼν
390 655 405 680 ὸ
421 653 522 689 Πέτρος
533 654 580 680 καὶ
596 653 709 685 ἐπιστὰς
721 655 767 681 ἐπὶ
787 655 832 681 τὸν

40 698 147 735 συνήθη
159 699 209 725 τοῦ
220 699 391 734 διαλέγεσθαι
405 700 485 726 τόπον
497 700 574 734 ὄχλον
584 700 667 726 πολὺν
679 700 832 727 συνεστῶτα

40 745 111 774 (3n
120 746 156 773 ".
167 746 224 772 Καὶ
238 745 347 781 ἃμα-τῷ
359 745 463 781 μέλλειν
475 745 645 780 διαλέγεσθαι
656 745 736 772 αὐτὸν
747 746 832 781 εἰσῄει

39 799 82 823 τις
95 791 155 819 τῶν
172 791 259 819 αὑτοῦ
281 791 410 817 διακόνων
423 791 507 825 λέγων
520 800 527 806 ·
549 791 639 826 Σίμων
659 792 712 818 ἀπὸ
731 792 832 818 Ἀντιο-

39 838 118 871 χειας·
143 837 287 874 ἐληλυθὼς
306 838 380 864 ὲπ’⁷¹
395 837 481 872 αὐτῆς
497 838 629 873 ἑσπέρας,
648 837 741 874 μαθὼν
765 839 832 865 ὑπο-

883 234 962 254 secus
987 226 1098 260 iecerit,
1114 233 1244 262 perpetuo
1261 230 1396 264 supplicio
1420 231 1590 259 multandum
1602 253 1609 266 ,
1632 237 1663 259 ut

883 272 930 307 qui
951 272 979 299 in
996 273 1084 307 ipsum
1101 274 1290 302 universorum
1308 276 1451 304 Dominum
1475 278 1594 306 maxime
1610 279 1662 305 im-

883 318 944 353 pius
967 319 1110 346 exstiterit.
1132 319 1221 355 Atque
1242 321 1286 348 his
1305 321 1405 355 dictis,
1429 331 1548 358 cumque
1571 324 1664 360 aliqua

883 364 1058 398 perpessione
1069 364 1213 399 infestatis,
1227 367 1422 401 aegrotantibus
1446 373 1473 396 et
1487 369 1665 398 demoniac-is

884 409 1061 444 imposuisset
1078 418 1185 443 manus,
1201 412 1265 440 item
1282 418 1408 447 precatus
1422 419 1494 442 esset
1506 422 1538 442 ac
1551 422 1600 442 eos
1616 423 1666 443 cu-

885 459 990 486 rasset,
1006 455 1110 483 dimisit
1134 457 1274 491 populum.
1293 457 1325 486 Et
1339 464 1431 493 postea
1453 460 1489 486 ita
1512 460 1662 496 ingressus,

884 502 965 529 solito
979 502 1126 530 admodum
1144 503 1206 531 cibo
1222 509 1364 540 percepto.
1377 513 1406 532 se
1417 514 1514 533 somno
1526 507 1610 534 dedit.

1157 594 1297 622 HOMILM
1317 595 1386 623 XVI.

920 649 939 677 Ι.
960 649 1037 677 Mane
1053 658 1117 677 vero
1131 659 1257 685 egressus
1274 651 1385 684 Petrus,
1402 661 1463 680 eum
1487 654 1606 682 venisset
1631 656 1665 682 ad

884 696 985 727 locum,
998 696 1026 722 in
1038 703 1093 730 quo
1104 696 1237 723 disserere
1252 697 1365 730 solebat,
1376 697 1510 734 ingentem
1523 699 1664 727 hominum

885 742 1085 769 multitudinem
1109 742 1269 770 convenisse
1290 743 1366 770 vidit.
1392 743 1426 771 Et
1450 745 1531 772 simul
1553 754 1586 774 ac
1608 747 1666 781 ipse

881 787 938 822 jam
954 793 1028 815 esset
1042 788 1184 815 locuturus
1195 808 1202 821 ,
1219 788 1339 815 introivit
1354 790 1464 824 quidam
1477 798 1511 818 ex
1531 791 1592 826 ejus
1606 792 1668 820 dia-

884 833 971 863 conis.
989 833 1103 860 dicens:
1123 833 1233 866 Simon,
1259 835 1305 869 qui
1324 835 1358 862 ab
1372 835 1517 863 Antiochia
1538 837 1598 872 ipsa
1616 846 1664 865 ve-

39 884 175 919 σχόμενόν
201 893 234 911 α
247 885 295 911 τὸν
314 885 377 920 περ)⁵
394 884 541 920 μοναρχίας
560 884 693 910 ποιεῖσθαι
713 883 789 918 λόγον
799 885 832 916 ⁷⁵,

886 886 963 913 spera
979 879 1050 906 venit
1063 899 1071 910 ,
1087 880 1202 907 audiens
1228 886 1253 907 te
1278 881 1436 915 promisisse
1455 882 1489 909 de
1507 884 1666 912 monarchia

37 929 148 965 ἕτοιμός
169 931 232 956 ἐστι
259 930 330 965 μετά
351 938 383 964 γε
393 930 416 945 "
439 930 619 966 Ἀθηνοδώρου
641 930 688 957 τοῦ
708 931 834 958 Ἐπικου-

37 976 111 1009 ρείου
131 975 326 1011 διαλεγομένῳ
345 984 386 1002 σοι
406 974 537 1007 ἐπελθεῖν,
554 975 622 1011 πρὸς
637 976 667 1002 τὸ
685 976 834 1011 ἀντιλέγειν

36 1021 156 1058 δημοσίᾳ
170 1023 244 1049 πᾶσι
260 1023 317 1053 τοῖς
327 1022 379 1048 ὑπὸ
392 1021 439 1048 σοῦ
450 1021 590 1048 ὁπώσποτε
605 1023 674 1056 ὑπὲρ
688 1024 835 1058 μοναρχίας

41 1066 204 1104 λεγομένοις
229 1067 330 1102 λόγοις.
357 1067 448 1094 Ταῦτα
473 1067 520 1094 τοῦ
545 1067 667 1094 διακόνου
691 1068 832 1103 λέγοντος,

40 1114 86 1141 ἰδοὺ
112 1115 206 1146 αὐτὸς
224 1114 311 1150 εἰσῄει
327 1114 417 1148 Σίμων
437 1114 505 1148 μετὰ
529 1113 708 1150 Ἀθηνοδώρου
723 1115 769 1141 καὶ
785 1114 834 1141 ἄλ-

36 1159 81 1188 λων
112 1161 207 1188 τινῶν
239 1160 293 1187 τῶν
320 1160 475 1195 ἑταίρωνη,
505 1160 552 1186 καὶ
579 1159 632 1195 πρὸ
657 1160 704 1186 τοῦ
731 1169 757 1186 τι
787 1161 834 1186 τὸν

34 1206 139 1244 Πέτρον
155 1205 330 1242 φθέγξασθαι
347 1207 427 1237 αὐτὸς
443 1205 583 1242 προλαϐὼν
600 1205 666 1241 ἔφη·

59 1295 96 1323 Π.
125 1295 262 1331 Ἐμαθον
280 1295 318 1326 ὡς
330 1295 448 1330 ὑπέσχου
464 1294 540 1329 ἐχθὲς
549 1295 571 1310 ⁷⁷
590 1295 629 1330 τῷ
644 1295 757 1330 Φαύστῳ
770 1316 777 1327 ,
794 1296 834 1328 εἰς

27 1342 73 1378 τὴν
95 1341 232 1376 σήμερον
253 1340 337 1372 δεῖξαι
354 1342 385 1376 τῇ
404 1340 479 1372 τάξει
495 1340 539 1366 τὺν
560 1340 638 1374 λόγον
655 1341 813 1376 ποιούμενος
825 1361 833 1373 ,

26 1388 70 1414 λαὶ
90 1388 148 1414 ἀπ’
167 1387 257 1413 αὑτοῦ
274 1387 422 1422 ἀρχόμενος
436 1386 483 1413 τοῦ
494 1387 548 1413 τῶν
563 1387 631 1413 ὅλων
641 1387 782 1418 δεσπότου,
793 1387 833 1413 ὅτι

24 1434 114 1460 αὐτὸν
137 1433 226 1469 μόνον
239 1433 280 1459 δεῖ
291 1432 378 1466 λέγειν
393 1432 459 1459 Θεὸν
466 1433 499 1465 ⁷⁸,
510 1433 606 1465 ἄλλους
621 1433 648 1460 δὲ
663 1434 730 1469 μήτε
743 1434 834 1469 λέγειν

25 1481 98 1515 μήτε
119 1478 255 1514 νομίζειν
267 1498 274 1509 ,
297 1479 337 1505 ὅτι
348 1478 362 1503 ό
375 1478 450 1514 παρὰ
464 1479 542 1505 τοῦτο
562 1479 645 1505 ποιῶν
657 1480 772 1511 αἰωνῐως
789 1489 834 1506 κο-

23 1524 174 1559 λασθῆναι
194 1523 264 1559 ἔχει.
279 1523 336 1559 Πρὸ
349 1524 457 1551 πάντων
469 1525 497 1551 δὲ
517 1525 623 1560 ἀληθῶς
640 1525 833 1561 καταπεπληγ-

885 931 932 951 seu
949 925 1101 960 principatu
1119 925 1202 952 unius
1213 926 1292 953 verba
1308 934 1368 953 esse
1384 927 1519 955 facturum
1532 948 1539 961 ,
1554 934 1665 964 paratus

884 975 926 998 est
945 979 998 998 una
1016 979 1078 1000 cum
1106 973 1282 1001 Athenodoro
1297 974 1429 1009 Epicureo
1453 976 1500 1003 tibi
1521 977 1665 1005 disserenti

885 1017 1058 1051 intervenire,
1076 1024 1105 1045 ut
1126 1019 1214 1053 palam
1240 1020 1378 1056 impugnet
1392 1023 1483 1050 omnia
1495 1030 1665 1058 quaecunque

885 1070 933 1098 pro
956 1064 1114 1091 monarchia
1138 1073 1153 1092 a
1178 1070 1203 1092 te
1222 1066 1469 1102 quomodocunque
1492 1068 1666 1103 proferentur

884 1108 977 1136 verba.
994 1108 1056 1136 Haec
1072 1110 1179 1137 dicente
1198 1111 1314 1138 diacono
1334 1119 1397 1139 ecce
1412 1113 1552 1148 ingressus
1565 1119 1607 1142 est
1622 1114 1665 1142 Si-

884 1161 948 1181 mon
961 1162 1022 1182 cum
1036 1155 1213 1183 Athenodoro
1224 1156 1340 1192 aliisque
1355 1158 1493 1186 nonnullis
1507 1159 1663 1187 sodalibus:

884 1204 927 1231 et,
945 1205 1006 1227 ante
1020 1208 1101 1235 quam
1119 1201 1215 1229 Petrus
1231 1202 1333 1237 aliquid
1359 1203 1504 1237 proferret,
1521 1205 1578 1239 ipse
1591 1206 1664 1233 anti—

884 1246 978 1280 oipans
993 1247 1031 1274 ait
1045 1255 1051 1272 :

923 1293 954 1319 ll.
974 1292 1111 1327 Comperi,
1129 1298 1153 1320 te
1169 1294 1224 1321 heri
1238 1293 1338 1322 Fausto
1349 1295 1498 1330 pollicitum
1511 1304 1583 1330 esse,
1591 1299 1665 1333 quod

885 1338 966 1365 hodie
986 1338 1080 1366 habito
1104 1347 1230 1367 sermone
1244 1340 1339 1368 Ordine
1354 1349 1429 1369 esses
1443 1347 1620 1377 ostensurus,
1638 1349 1666 1372 et

884 1382 1038 1417 incipiendo
1052 1383 1087 1411 ab
1100 1384 1159 1418 ipso
1171 1385 1360 1412 universorum
1372 1386 1492 1420 domino,
1502 1395 1564 1415 eum
1577 1390 1665 1417 solum

884 1428 1028 1456 dicendum
1044 1437 1105 1457 esse
1122 1429 1206 1457 Deum
1217 1451 1224 1462 ,
1248 1431 1317 1459 alios
1332 1439 1396 1459 vero
1421 1440 1508 1469 neque
1524 1434 1663 1469 dicendos,

886 1481 974 1508 neque
990 1475 1202 1508 existimandos,
1218 1477 1365 1510 quoniam,
1387 1479 1434 1513 qui
1460 1487 1539 1508 secus
1554 1479 1665 1513 fecerit.

885 1525 1016 1554 perpetuo
1031 1521 1164 1556 supplicio
1181 1523 1349 1551 multabitur.
1374 1526 1444 1552 Ante
1467 1527 1559 1554 omnia
1574 1532 1664 1555 autem

25 1571 75 1605 μαε
102 1579 160 1596 σου
184 1570 239 1605 τὴν
262 1570 390 1596 ἀπόνοιαν
400 1571 423 1586 ⁷⁹
436 1591 442 1602 ,
460 1571 499 1596 ὅτι
517 1571 633 1606 ἤλπισας
653 1571 693 1602 εἰς
714 1570 764 1606 τὴν
785 1572 832 1606 σὴν

886 1574 947 1593 vere
958 1567 1113 1594 vecordiam
1128 1572 1202 1594 tuam
1217 1569 1367 1597 demiratus
1384 1577 1445 1598 sum
1458 1592 1465 1604 ,
1477 1573 1550 1607 quod
1568 1581 1665 1608 spera-

24 1616 170 1650 βούλησιν
187 1617 352 1650 μεταπεῖσαι
381 1616 464 1651 ἄνδρα
483 1616 579 1650 σοφὸν,
596 1616 744 1643 καὶταῦτα
766 1626 833 1652 πρε-

24 1664 152 1698 πῧύτην.
181 1661 255 1688 Ἀλλ’
277 1662 327 1689 οὐχ
339 1662 468 1698 ἐπιτεύξῃ
486 1662 539 1688 τῶν
559 1662 613 1688 σῶν
635 1661 833 1697 βουλευμάτων,

23 1709 122 1745 ταύτῃ
139 1707 258 1743 μᾶλλον,
271 1707 403 1743 παρόντος
415 1708 491 1743 ἐμοῦ,
506 1707 558 1734 καὶ
569 1708 632 1739 τοὺς
640 1707 719 1742 317
729 1707 835 1742 ψευδεῖς

25 1763 73 1782 σου
86 1753 289 1788 διελέγχοντος
302 1753 407 1788 λόγους.
418 1754 496 1785 Ἴσως
505 1753 559 1789 γὰρ
574 1754 639 1789 ἐμοῦ
655 1754 691 1789 μὴ
703 1754 834 1790 παρόντος

24 1800 173 1836 ἠπατήθη
194 1800 230 1826 ἂν
248 1801 262 1826 ὁ
278 1800 357 1834 σοφὸς
375 1800 480 1836 γέρων,
500 1799 607 1834 ἰδιώτης
628 1799 665 1826 ὢν
688 1799 742 1826 τῶν
760 1800 835 1836 παρὰ

29 1847 193 1877 Ἰουδαίοις
216 1846 334 1881 δημοσίᾳ.
348 1846 570 1881 πεπιστευμένων
578 1846 600 1862 ⁸⁸
613 1846 720 1881 βίϐλων.
734 1847 788 1873 Καὶ
803 1847 834 1873 τὺ

24 1894 73 1920 νῦν
90 1894 168 1924 τοὺς
184 1891 300 1923 πολλοὺς
313 1891 498 1927 ὑπερθήσομαι
511 1891 623 1926 λόγους,
639 1892 683 1919 ἵνα
700 1892 750 1927 τῆς
768 1893 835 1919 ὑπο-

24 1937 162 1975 σχέα-εὼς
180 1946 232 1964 σου
249 1937 343 1972 τάχιον
356 1937 402 1963 τὸν
419 1937 528 1973 ἔλεγχον
550 1941 716 1973 ποιήσωμαι.
732 1938 777 1964 Διό
791 1939 833 1973 ἐφ’

23 1986 115 2020 ἡμῶν
128 1984 226 2011 αὐτῶν
238 1983 287 2015 τὰς
302 1983 412 2018 Γραφὰς
426 1984 534 2010 ειδότων
543 2003 550 2015 ,
568 1984 582 2010 ὖ
596 1983 714 2019 ὑπέσχου
734 1983 832 2018 λέγειν,

22 2032 132 2067 ἄρξαι.
152 2031 188 2057 Εἰ
201 2030 230 2056 δὲ
243 2029 288 2056 τὸν
304 2029 413 2064 ἔλεγχον
428 2030 585 2064 αἰδούμενος
600 2031 641 2064 ἐφ’
659 2030 735 2065 ἡμῶν
745 2031 834 2057 αὐτῶν

22 2078 75 2113 τὴν
84 2077 113 2093 ³¹
138 2075 291 2110 ὑπόσχεσιν
313 2075 477 2111 παραλιπεῖν
494 2076 598 2107 θέλεις,
622 2076 763 2111 αὐτάρκης
787 2076 833 2102 καὶ

22 2123 126 2154 οὕτως
138 2123 157 2157 ἡ
175 2120 315 2153 ἀπόδειξις
330 2121 371 2147 ὅτι
385 2119 470 2156 ψεύδῃ
479 2121 513 2153 ⁸⁸,
529 2121 589 2147 καθ’
604 2121 645 2148 ὃτι
660 2122 706 2147 ἐπὶ
719 2121 773 2148 τῶν
786 2121 834 2152 τὰς

22 2168 154 2205 Γραφὰς
172 2167 284 2194 εἰδότων
296 2167 382 2193 εἰπεῖν
398 2167 448 2193 οὐκ
460 2167 621 2202 ἐτόλμησας.
635 2168 689 2193 Καὶ
701 2166 748 2193 νῦν
764 2167 792 2193 δὲ
807 2167 833 2193 τὶ

24 2224 55 2241 σε
89 2214 232 2249 ἀναμένω
257 2213 355 2247 λέγειν,
385 2213 510 2248 μέγιστον
536 2212 605 2248 ἔχων
630 2212 756 2248 μάρτυρα
782 2212 833 2247 τῆς

23 2259 219 2295 ὑποσχέσεώς
236 2267 283 2285 σου
299 2258 344 2284 τῆν
360 2258 522 2294 παρεστῶτα
536 2258 663 2294 γέροντας
680 2259 733 2285 Καὶ
747 2259 832 2285 ταῦτα

25 2306 123 2333 εἰπὼν
141 2305 284 2341 ὲμσλέψας
298 2304 338 2339 τῷ
353 2305 438 2340 πατρὶ
459 2304 526 2339 ἔφη’
549 2304 617 2331 Εἰπέ
643 2313 705 2339 μοι,
729 2305 832 2340 ἀνδρῶν

26 2353 150 2379 πάντων
167 2349 318 2386 τιμιώτατε
329 2371 336 2382 ,
359 2350 419 2385 οὐχὶ
430 2347 506 2381 οὗτος
522 2350 536 2376 ὁ
550 2350 620 2385 ἀνὴρ
642 2350 775 2385 ὑπέσχετό
791 2359 832 2376 σοι

28 2398 123 2431 δεῖξαι
141 2398 276 2432 σήμερον,
292 2397 332 2423 ὅτι
352 2393 392 2426 εἷς
408 2396 466 2421 ἐστί
478 2395 544 2426 Θεὸς
561 2396 608 2422 καὶ
624 2396 654 2421 οὺ
671 2396 723 2430 χρὴ
741 2395 833 2431 ἕτερόν

31 2453 97 2470 τινα
123 2443 218 2478 λέγειν
245 2442 264 2478 ﬂ
285 2442 408 2478 νομίζειν
432 2441 541 2472 Θεὸν⁸³,
564 2442 578 2467 ὁ
593 2441 621 2467 δὲ
645 2441 720 2477 παρὰ
746 2441 833 2468 ταῦτα

35 2490 134 2521 ποιῶν,
148 2489 189 2521 ὡς
200 2489 234 2515 τὰ
251 2488 368 2524 μέγιστα
385 2487 558 2522 ἁμαρτάνων,
570 2487 685 2519 αἱωνίως
702 2487 830 2523 κολασθῆ-

38 2544 80 2562 ναι
94 2535 171 2570 ἔχεις
187 2535 223 2562 Ἥ
233 2534 290 2570 γὰρ
303 2534 354 2560 οὐκ
372 2533 506 2568 ἀποκρίνῃ
522 2541 566 2568 μοι
578 2533 599 2548 ⁸⁵
613 2542 620 2564 ;

75 2581 118 2609 111.
137 2582 190 2609 Καὶ
203 2583 218 2609 ὁ
234 2581 330 2616 πατὴρ
351 2579 419 2614 ἔφη·
438 2579 535 2610 Καλῶς
557 2579 590 2606 ἂν
609 2579 659 2614 τὴν
678 2580 830 2615 μαρτυρίαν

886 1612 956 1639 veris
970 1617 996 1640 te
1009 1620 1088 1647 posse
1110 1613 1137 1640 in
1157 1618 1230 1641 tuam
1247 1616 1408 1642 sententiam
1424 1617 1558 1645 adducere
1576 1619 1666 1646 virum

885 1658 1044 1691 sapientem,
1060 1660 1093 1686 ad
1109 1659 1165 1687 htec
1180 1668 1284 1688 senem.
1301 1662 1336 1688 At
1353 1670 1414 1696 qua:
1429 1663 1471 1690 vis
1488 1671 1542 1691 non
1557 1665 1666 1693 obtine-

885 1703 937 1737 bis,
954 1712 996 1732 me
1013 1705 1186 1740 potissimum
1201 1713 1332 1741 praesente
1347 1712 1464 1743 tuosque
1485 1710 1666 1746 redarguento

885 1750 969 1777 falsos
985 1759 1136 1780 sermones.
1156 1753 1237 1781 Forte
1252 1754 1323 1781 enim
1340 1755 1451 1783 absente
1471 1763 1514 1783 me
1536 1757 1665 1792 deceptus

885 1795 981 1824 fuisset
995 1798 1104 1832 sapiens
1127 1807 1225 1832 senex,
1242 1807 1304 1827 cum
1325 1800 1467 1835 imperitus
1482 1802 1517 1829 sit
1531 1802 1664 1830 librorum

885 1843 930 1876 qui
956 1842 1058 1870 Judaeis
1082 1844 1170 1878 palam
1196 1850 1259 1872 sunt
1284 1846 1387 1872 traditi.
1414 1846 1447 1873 Et
1473 1854 1545 1874 nunc
1571 1848 1664 1876 multis

884 1888 974 1916 verbis
996 1890 1178 1924 supersedebo
1192 1911 1199 1923 ,
1219 1896 1249 1917 ut
1265 1892 1346 1919 citius
1361 1893 1570 1927 promissionem
1589 1898 1664 1921 tuam

885 1933 1033 1962 Confutem.
1049 1935 1181 1968 Quocirca
1196 1944 1289 1963 coram
1303 1938 1382 1965 nobis
1398 1937 1601 1973 Scripturarum
1615 1947 1664 1975 pe—

885 1980 944 2008 ritis
957 1981 1029 2015 quod
1043 1982 1181 2016 pollicitus
1193 1990 1222 2010 es
1237 1983 1325 2018 incipe
1338 1984 1437 2012 dicere.
1451 1985 1498 2011 Sin
1513 1991 1603 2013 autem
1618 1993 1665 2013 re-

884 2026 1092 2060 prehensionem
1109 2028 1211 2055 veritus
1225 2036 1318 2055 coram
1341 2029 1420 2057 nobis
1434 2030 1475 2057 vis
1497 2031 1664 2065 promissum

884 2073 1009 2100 omittere
1021 2093 1028 2105 ,
1054 2074 1135 2100 etiam
1155 2074 1195 2101 sic
1209 2074 1345 2102 suﬁiciens
1367 2076 1419 2103 erit
1436 2077 1570 2111 probatio,
1590 2078 1665 2112 quod

885 2117 973 2151 fallas,
984 2119 1203 2153 quandoquidem
1228 2127 1321 2147 coram
1338 2121 1495 2150 hominibus
1509 2122 1664 2158 Scripturas

884 2165 1044 2192 callentibus
1059 2173 1112 2192 non
1133 2173 1218 2193 ausus
1233 2166 1273 2193 sis
1289 2166 1373 2202 loqui.
1400 2167 1433 2194 Et
1457 2176 1519 2196 vero
1538 2169 1598 2203 jam
1613 2177 1668 2196 cur

884 2215 1013 2245 exspecto
1024 2215 1053 2238 ut
1064 2211 1150 2244 dicas,
1164 2213 1212 2246 qui
1227 2212 1376 2240 maximum
1393 2213 1479 2240 habeo
1493 2218 1588 2241 testem
1602 2215 1663 2250 pol-

883 2256 1043 2284 licitationis
1055 2260 1107 2284 tum
1120 2262 1254 2284 astantem
1271 2259 1381 2285 senem?
1393 2258 1425 2285 Et
1438 2263 1499 2294 post
1514 2260 1571 2287 haec
1580 2261 1667 2290 verba

883 2305 986 2335 patrem
998 2302 1124 2335 intuitus,
1137 2303 1175 2329 ait
1190 2312 1197 2329 :
1212 2302 1259 2330 Dic
1271 2304 1347 2336 mihi,
1360 2305 1480 2332 virorum
1496 2306 1664 2340 praestantis--

883 2347 952 2374 sime
962 2367 969 2379 ,
983 2355 1074 2374 nonne
1094 2348 1145 2376 iste
1160 2349 1242 2375 homo
1261 2350 1308 2376 tibi
1323 2350 1460 2384 pollicitus
1474 2355 1516 2379 est
1537 2357 1663 2380 ostensu-

882 2401 942 2419 rum
956 2401 984 2421 se
999 2394 1077 2421 hodie
1088 2402 1170 2421 unum
1188 2395 1272 2422 Deum
1283 2403 1352 2428 esse,
1363 2404 1411 2424 nec
1425 2397 1507 2423 alium
1520 2398 1666 2426 dicendum

883 2443 930 2465 aut
944 2440 1097 2467 habendum
1114 2440 1196 2467 Deum
1208 2461 1215 2473 ,
1229 2441 1305 2468 illum
1322 2446 1423 2475 autem,
1438 2444 1485 2478 qui
1501 2451 1580 2472 secus
1592 2445 1663 2472 fecr-

883 2486 928 2517 rit,
939 2491 1065 2520 tanquam
1080 2491 1248 2520 peccatorem
1260 2488 1407 2515 maximum
1420 2494 1550 2523 perpetuo
1564 2491 1664 2525 suppli-

884 2532 927 2558 cio
938 2532 1107 2559 multandum
1119 2533 1198 2560 esse?
1207 2533 1246 2560 An
1262 2534 1334 2560 enim
1352 2542 1404 2561 non
1417 2536 1563 2570 respondes
1576 2537 1663 2563 mihi?

920 2576 963 2605 lll.
986 2577 1133 2612 Respondit
1155 2583 1255 2613 pater:
1275 2579 1355 2608 llecte
1377 2588 1392 2607 a
1414 2588 1457 2608 me
1476 2582 1663 2609 testimonium

701 2649 815 2677 VARle
834 2649 1036 2678 LECTIONES.

79 2699 98 2715 κ
111 2699 225 2734 λέλέγειν
245 2698 314 2735 (sic)
401 2696 425 2712 "°
439 2695 598 2735 §1Lpav_v.§m
617 2697 647 2724 C.
685 2697 845 2735 “gijmv
862 2697 884 2735 ρ
900 2717 919 2735 ,_
930 2697 1132 2735 quodprmstat.

279 2729 309 2749 ⁷³⁷
322 2732 414 2766 λέγων
436 2729 468 2757 0.

302 2767 346 2807 ,τῖ
367 2766 432 2807 κθξς
447 2765 469 2805 0.

51 2731 222 2769 υ,ἀπ’(;;ο,
248 2731 252 2735 '
279 2734 304 2749 τ’
322 2731 469 2769 E70310;
524 2732 556 2769 1‘
569 2731 743 2769 raw-ﬂ-

48 2772 142 2809 ἑταίρων
156 2780 213 2809 01":
231 2769 266 2798 Ο.

1183 2699 1206 2714 ⁷¹
1220 2698 1257 2725 Ita
1270 2697 1292 2725 0
1323 2705 1346 2725 c.
1367 2697 1387 2724 S
1401 2718 1408 2729 ,
1429 2698 1482 2725 ἱδεν
1497 2699 1527 2726 C.

1580 2702 1603 2717 ⁷⁸
1617 2702 1661 2727 ἐπ’

791 2740 844 2768 unt
869 2730 1088 2768 διαλέγομένῳο
1122 2741 1147 2759 c.
1177 2730 1259 2766 Epin,
1287 2733 1475 2768 διαλεγομένου
1505 2735 1534 2762 C.
1569 2737 1591 2752 ⁷⁸
1607 2736 1662 2763 τῶν

524 2766 547 2782 ⁷³
565 2762 630 2793 Θεὸν
643 2767 704 2793 addi
717 2767 733 2792 li
754 2775 815 2794 cum
829 2767 851 2794 Ο
874 2772 900 2794 et
914 2762 987 2801 Epit:

1036 2759 1058 2783 ’¹⁹
1074 2759 1234 2802 πρόνοιανο
1274 2759 1401 2802 ὑπόνοιαν
1414 2766 1485 2802 Epit.
1539 2770 1561 2786 ⁸ο
1577 2780 1661 2797 πεπι-

187 2805 211 2847 9
227 2804 308 2847 ’.τινί
329 2800 555 2847 ecateida
587 2800 1032 2847 3.“,Fﬁ‘:,‘1',_el_5..imf:‘§;°,mth
1057 2800 1132 2847 “1!”:
1145 2802 1214 2847 9::-
1228 2802 1249 2845 I?
1267 2800 1384 2847 ιψειδῇς
1400 2800 1486 2847 “(sui
1505 2806 1576 2840 coni-
1589 2806 1645 2847 se:

46 2836 170 2881 εεκςερίτ,
187 2836 280 2878 ψεωῆ
312 2837 351 2865 τὰ
381 2836 567 2871 ὑπεσχημένα.
587 2836 641 2864 Cfr.
674 2837 743 2864 infra
771 2845 794 2864 ς.
809 2838 834 2863 κ.
874 2837 896 2853 ⁸³
910 2837 974 2863 Θεὸν
1011 2836 1042 2864 Ο.
1081 2837 1103 2853 ⁸⁵
1119 2837 1134 2873 ἢ
1151 2837 1204 2873 γὰρ
1221 2836 1514 2876 οΰκ;’ἀπόκριναί’μοι
1535 2836 1608 2877 conj:
1628 2841 1661 2869 υ.
