1917 3100
276 158 323 186 5‘”

701 160 729 188 S.
751 159 944 188 CLEMENTIS
963 160 971 187 Ι
993 160 1073 188 ῐὶΟΜ.
1096 159 1196 188 ΡΟΝΤ.
1213 160 1326 188 OPERA
1345 160 1454 189 DUBIA.
1830 161 1870 189 372

275 216 414 250 deorsum,
438 221 463 244 et
485 225 534 244 non
546 221 584 245 est
604 217 669 244 alius
689 222 785 252 prater
807 224 907 245 ειιπιι.
937 217 970 245 Ει
997 218 1051 245 alib

1111 218 1199 252 οὗτος
1215 218 1286 251 Θεὸς
1299 219 1334 245 ἐν
1347 219 1386 251 τῷ
1397 218 1514 252 οὐρανῷ
1533 219 1593 246 ἆνω
1604 239 1612 251 ,
1625 218 1672 246 καὶ
1689 218 1724 246 ἐν
1737 217 1774 253 τῆ
1786 218 1821 253 τῇ
1833 222 1874 246 m-

275 263 417 299 Scriptura
442 263 509 291 dicit
528 263 683 291 Iudaeorum
699 263 819 299 populo:
842 263 970 291 Dominus
985 263 1055 292 Deus

274 313 336 337 tuus
356 310 410 345 ipse
430 314 468 336 est
493 309 561 337 Deus
576 309 685 337 deorum
701 309 733 344 δ,
749 310 785 337 ita
811 314 859 344 ut,
878 310 1004 345 quamvis
1018 310 1055 338 dii

274 356 403 389 existant,
420 356 471 383 sub
485 355 642 383 Judatorum
659 356 715 384 Deo
728 356 792 384 sint.
809 355 842 383 Et
853 356 912 383 aliis
927 356 1015 384 verbis
1023 356 1056 384 de

274 408 306 429 eo
319 401 357 428 ait
376 399 516 436 Scriptura
531 410 537 428 :
550 401 620 428 Deus
632 409 742 436 magnus
754 407 779 428 et
795 409 877 439 verus,
891 402 935 436 qui
948 410 998 428 non
1012 409 1056 428 ac-

274 446 338 480 cipit
349 455 501 481 personam,
516 455 596 481 neque
609 451 692 474 sumet
707 455 815 474 munera
825 467 833 479 ,
850 447 1056 482 facitjudicium

273 491 373 526 pupillo
397 497 422 518 et
446 493 530 520 vidua
553 498 575 519 ε.
605 493 745 527 Scriptura
783 493 866 520 Deum
900 492 1056 520 Iudaeorum

274 539 458 573 nuncupando
483 547 611 574 magnum
629 543 657 566 et
675 546 767 566 verum
784 543 810 566 et
827 538 969 565 facientem
984 538 1058 572 judi-

271 581 346 608 cium
360 601 367 614 ,
386 582 455 610 alios
471 582 586 617 pusillos
612 590 661 610 nec
686 590 767 610 veros
789 583 938 610 denotavit.
964 581 1015 610 Sed
1030 587 1058 610 et

273 627 359 656 altero
382 628 501 663 quodam
519 629 545 655 in
568 629 629 656 loco
655 628 795 663 Scriptura
810 628 897 655 dicit:
922 627 984 655 Vivo
999 636 1056 663 ego.

272 674 338 700 dicit
361 673 490 701 Dominus
505 695 511 704 .
537 682 587 700 non
609 680 648 701 est
659 674 729 700 alius
745 673 814 702 Deus
827 678 922 708 prwter
935 681 984 700 me.
1001 673 1057 708 Ego

271 720 373 753 primus
385 739 391 751 ,
406 727 452 754 ego
466 720 633 752 novissimus,
647 724 743 754 praeter
768 727 807 745 me
833 726 884 745 non
896 722 934 745 est
949 718 1016 745 Deus
1030 718 1056 746 δ.

272 766 311 792 Ac
324 773 432 792 rursum
448 775 454 792 :
473 765 612 792 Dominum
634 765 718 792 Deum
747 770 820 791 tuum
840 764 961 798 timebis,
977 769 1001 791 et
1016 765 1057 792 ill‘i

271 811 322 839 soli
343 813 437 838 servies
456 818 477 838 ο.
500 811 534 839 Et
564 812 673 839 adhuc:
693 812 761 838 Audi
786 811 873 837 Israel
894 830 902 843 ,
928 810 1057 837 Dominus

271 858 342 885 Deus
369 864 453 885 uester
484 858 609 885 Dominus
648 866 714 885 unus
739 862 778 885 est
804 857 826 884 τ.
852 856 950 892 Sicque
974 857 1058 884 multa

1105 272 1157 295 τω,
1174 263 1223 290 καὶ
1249 265 1305 291 οὐκ
1325 264 1410 291 ἐστιν
1431 264 1526 297 ἄλλος
1540 264 1623 299 πλὴν
1638 265 1740 292 αὐτοῦ.
1757 265 1808 292 Καὶ
1820 265 1874 302 ἄλλῃ

1105 317 1155 335 που
1181 309 1253 343 λέγει
1283 311 1299 345 ὴ
1328 309 1423 346 Γραφὴ
1443 309 1482 345 τῷ
1497 310 1630 338 Ἰουδαίων
1651 311 1737 346 ὄχλῳ·
1754 311 1849 345 Κύριος
1861 314 1874 338 ό

1107 353 1177 387 Θεός
1193 363 1267 387 σου,
1283 355 1370 388 οὗτος
1388 356 1460 388 Θεὸς
1476 355 1535 382 τῶν
1559 356 1650 389 θεῶν,
1672 356 1795 392 dia-nep“
1810 357 1844 384 ὅτι
1855 359 1874 384 εἰ

1105 395 1154 426 'xai
1168 400 1220 426 εἰσι
1232 400 1288 427 θεοὶ
1299 422 1306 434 ,
1322 401 1374 427 ὑπὸ
1385 401 1431 428 τὸν
1455 402 1587 429 Ἰουδαίων
1599 402 1665 429 Θεὸν
1674 404 1752 429 εἰσιν.
1762 403 1813 429 Καὶ
1820 403 1876 438 ἄλλῃ

1106 452 1157 470 που
1179 445 1242 481 περὶ
1266 445 1346 472 αὑτοῦ
1363 445 1468 482 λέγειή
1491 447 1602 483 Γραφή·
1626 448 1657 474 ⁷0
1680 448 1751 481 Θεὸς
1774 448 1876 483 due-rag-

1107 490 1156 517 καὶ
1176 491 1319 525 ἀληθινὸς
1332 513 1339 524 ,
1356 492 1391 526 ὃς
1405 494 1442 519 οὐ
1467 493 1611 528 λαμϐάνει
1625 495 1670 527 εις
1681 495 1702 510 ι’
1720 495 1875 528 πρόσωπον,

1107 536 1179 563 οὐδὲ
1187 537 1230 571 μὴ
1244 537 1321 571 λάϐῃ
1333 537 1439 572 δῶρον,
1455 538 1549 566 ποιῶν
1563 540 1664 574 κρίσιν
1677 540 1758 575 322
1774 539 1877 574 ὀρφανῷ

1107 582 1156 609 καὶ
1170 583 1256 617 χήρᾳ.
1272 583 1366 618 Μέγαν
1381 585 1409 610 δὲ
1423 585 1469 611 καὶ
1484 584 1608 620 ἀληθινὸν
1621 586 1668 612 καὶ
1681 585 1769 621 κρίσιν
1786 585 1878 612 ποιοῦν-

1106 635 1140 653 τα
1155 627 1201 654 τὸν
1217 628 1271 654 τῶν
1283 629 1304 644 ¹³
1327 629 1458 656 Ἰουδαίων
1471 630 1488 665 ἠ
1503 629 1597 665 Γραφὴ
1611 630 1724 657 εἰποῦσα.
1738 630 1812 664 Θεὸν,
1825 630 1877 661 τοὺς

1107 673 1201 705 ἄλλους
1219 675 1332 710 μικροὺς
1351 675 1397 701 καὶ
1413 675 1463 702 οὐκ
1483 675 1624 711 ἀληθινοὺς
1646 676 1790 711 ἐσήμανεν.
1813 675 1878 702 Ἀλλὰ

1107 718 1155 745 καὶ
1169 719 1236 756 ἄλλῃ
1246 728 1296 746 που
1309 719 1382 754 λέγει
1399 721 1414 755 ἡ
1430 720 1523 756 Γραφή
1534 729 1539 733 -
1552 719 1598 746 Ζῶ
1607 720 1673 755 ἐγὼ,
1683 720 1766 755 λέγει
1775 721 1876 754 Κύριος,

1107 765 1163 791 οὐκ
1181 764 1248 791 ἔστι
1264 764 1336 797 Θεὸς
1350 765 1450 799 ἔτερος
1469 764 1552 799 πλὴν
1562 765 1644 799 ἐμοῦ.
1669 765 1744 800 Ἐγὼ
1763 765 1877 800 πρῶτος,

1107 809 1165 844 ἐγὼ
1182 810 1257 844 μετὰ
1272 810 1380 842 ταῦτα,
1397 810 1481 844 πλὴν
1495 810 1568 844 ἐμοῦ
1581 811 1653 844 Θεὸς
1665 812 1721 838 οὐκ
1733 812 1823 838 ἐστιν.
1834 812 1878 838 Καὶ

1109 854 1203 881 πάλιν·
1218 855 1327 889 Κύριον
1335 855 1388 882 τὸν
1404 856 1477 882 Θεόν
1493 863 1550 882 σου
1566 855 1733 890 φοϐηθήσῃ,
1751 856 1799 883 καὶ
1813 857 1879 889 αὐτῷ

272 903 427 930 testimonia
440 911 501 930 cum
514 904 669 938 juramento
681 904 853 939 consignant,
871 903 956 930 Deum
969 910 1053 930 unum

1106 899 1187 933 μόνῳ
1198 900 1381 934 λατρεύσεις,
1394 900 1448 926 Καὶ
1463 899 1542 926 πάλιν
1553 908 1559 914 ·
1568 889 1682 927 γἈκουε
1698 900 1879 935 Ἰσραὴλγιὶύ-

270 956 330 975 esse
343 969 351 980 ,
368 953 394 975 et
411 954 507 983 praeter
520 949 593 976 illum
610 957 663 976 non
675 957 735 977 esse
753 949 850 976 Deum.
867 948 945 976 Unde
956 948 1051 979 miror.

269 1001 322 1028 qua
335 995 513 1027 ratione,cum
526 1001 564 1023 tot
576 996 634 1023 loca
646 1000 777 1023 testentur
791 1003 875 1023 unum
884 1003 944 1023 esse
957 994 1053 1026 Deum,

269 1045 297 1066 tu
323 1041 426 1073 multos
442 1049 503 1069 esse
515 1041 644 1069 aliirmes.

1103 947 1192 978 ριοςό
1202 945 1273 978 Θεὸς
1280 945 1363 980 ὑμῶν
1374 945 1395 961 ¹¹
1404 946 1511 980 Κύριος
1519 947 1563 980 εἷς
1571 947 1666 974 ἐστίν.
1674 947 1731 973 Ka‘t
1741 947 1814 982 ὁμῶς
1828 947 1880 973 πολ-

1106 990 1151 1017 λαὶ
1167 992 1253 1025 φωναὶ
1268 991 1326 1026 μεθ’
1341 991 1422 1026 ὅρκου
1439 992 1690 1028 ὲπισφραγίζουσιν,
1709 993 1751 1019 ὅτι
1764 990 1803 1024 ε’ςῑ
1817 993 1878 1018 ἐστὶν

1105 1039 1120 1064 ὁ
1150 1038 1230 1071 Θεὸς,
1258 1039 1304 1065 καὶ
1333 1038 1402 1074 πλὴν
1428 1039 1511 1065 αὑτοῦ
1542 1039 1591 1065 οὐκ
1618 1039 1676 1066 ἔστι
1703 1039 1781 1071 Θεός.
1811 1039 1879 1066 Ὅθεν

268 1086 413 1121 Θαυμάζω,
431 1087 489 1118 πῶς
510 1087 644 1114 τοσούτων
667 1087 860 1123 μαρτυρουσῶν
884 1087 979 1122 φωνῶν
1003 1087 1050 1113 ἕνα
1067 1084 1134 1112 εἶναι
1149 1085 1224 1116 Θεὸν,
1241 1085 1272 1111 σὺ
1289 1084 1401 1116 πολλοὺς
1417 1082 1484 1111 εἶναι
1499 1084 1596 1119 λέγεις.

304 1132 372 1160 VIII.
394 1132 427 1160 Et
448 1132 565 1160 Simon:
582 1133 719 1168 Pn'ncipio
746 1141 777 1161 ea
802 1134 870 1160 mihi
895 1139 983 1160 tecum
1004 1133 1053 1160 fuit

269 1178 392 1206 conditio
405 1197 413 1210 ,
433 1183 464 1205 ut
479 1186 511 1205 ex
530 1178 679 1213 Scripturis
693 1179 882 1206 convincerem
899 1183 925 1205 te
939 1178 1052 1205 menda-

268 1224 314 1256 cii,
326 1224 460 1251 dicentem
473 1231 645 1259 nequaquam
656 1224 756 1252 multos
766 1224 858 1252 vocari
869 1224 967 1251 debere
976 1225 1051 1251 deos.

268 1270 402 1303 Quocirca
424 1270 518 1298 multis
538 1270 740 1305 Scripturarum
756 1270 868 1298 vocibus
879 1270 1003 1301 ostendi,
1019 1270 1053 1297 ab

269 1315 336 1350 ipsis
359 1315 510 1350 Scripturis
537 1316 637 1344 divinis
661 1317 753 1351 plures
780 1316 951 1352 pronuntiari
975 1316 1051 1343 deos.

270 1361 340 1388 Tum
354 1361 453 1389 Petrus
468 1372 474 1389 :
495 1361 578 1396 Ipsae,
593 1370 654 1397 qua:
666 1363 767 1390 multos
785 1363 851 1390 deos
865 1362 1050 1397 pronuntiant,

270 1407 428 1442 Scripturaz,
445 1409 544 1435 eaedem
558 1409 709 1436 adhortatae
728 1416 778 1436 nos
795 1413 860 1436 sunt
883 1409 925 1436 his
938 1408 1049 1436 verbis:

270 1453 388 1480 Nomina
410 1454 518 1481 deorum
542 1455 658 1482 aliorum
683 1463 735 1481 non
762 1455 899 1482 ascendenl
924 1455 952 1481 in
980 1454 1051 1481 labia

270 1505 317 1527 tua
339 1499 362 1527 ⁸.
392 1500 436 1528 Sic
448 1505 545 1535 praeter
558 1501 596 1534 id,
609 1501 681 1536 quod
695 1502 825 1537 scriptum
840 1507 892 1533 est,
909 1508 962 1528 non
976 1500 1051 1528 locu-

266 1550 315 1572 tus
333 1553 393 1572 sum
404 1566 411 1578 ,
428 1545 533 1573 Simon.
549 1545 582 1573 Et
595 1546 689 1574 Simon
703 1556 709 1574 :
723 1546 793 1574 Audi
806 1547 836 1574 ad
856 1547 907 1574 hoc
918 1551 945 1574 et
956 1551 983 1573 tu
998 1545 1050 1573 Pe-
1065 1563 1086 1592 ο

269 1597 320 1617 tre.
335 1589 451 1618 Peccare
476 1591 541 1618 mihi
562 1591 663 1619 videris
675 1612 683 1625 ,
700 1592 747 1627 qui
764 1592 816 1620 diis
833 1593 970 1625 detrahis,
987 1599 1050 1619 cum

271 1634 411 1670 Scriptura
439 1636 530 1663 dicat:
556 1637 637 1672 (Diis)
657 1646 709 1664 non
727 1638 865 1669 detrahes,
890 1637 1052 1672 principibus

269 1682 360 1716 populi
374 1683 413 1709 tui
428 1691 478 1709 non
501 1683 640 1710 maledices
653 1685 679 1708 ιι.
702 1684 741 1711 Ac
756 1683 852 1711 Petrus
867 1683 943 1711 :Non
959 1691 1051 1718 pecco,

269 1725 378 1759 Simon,
394 1733 592 1762 consequenter
607 1728 755 1762 Scripturis
768 1729 944 1763 perditionem
957 1735 1051 1755 eorum

269 1778 426 1808 praamtaus
441 1783 448 1800 :
466 1773 502 1800 ita
524 1774 597 1800 enim
616 1774 747 1808 scriptum
763 1779 805 1801 est
820 1783 827 1800 :
847 1773 888 1800 Dii
903 1774 947 1808 qui
960 1773 1053 1800 aetum

266 1822 294 1845 et
307 1824 403 1846 terram
429 1827 479 1845 nou
503 1819 635 1853 fecerunt,
658 1824 765 1853 pereant
790 1819 818 1849 ί,
846 1824 928 1853 atque
949 1819 989 1846 sic
1009 1819 1053 1846 ille

269 1864 377 1892 locutus
391 1869 447 1895 est,
473 1872 526 1892 non
546 1865 624 1899 quasi
645 1865 755 1899 quidam
775 1865 812 1892 dii
830 1865 942 1892 fecerint
956 1871 1004 1895 ea.
1027 1869 1054 1891 et

270 1920 323 1939 non
339 1917 460 1947 pereant,
471 1911 700 1946 quemadmodum
717 1911 911 1948 interpretatus
922 1918 962 1938 es.
976 1910 1053 1938 Unus

268 1958 342 1986 enim
354 1958 508 1985 declaratur
529 1957 643 1985 Creator
666 1966 699 1986 eo
722 1959 794 1993 quod
820 1958 898 1986 initio
920 1958 1051 1992 scriptum

268 2008 312 2030 est
326 2011 333 2030 :
350 2001 383 2028 In
406 2003 537 2037 principio
551 2003 649 2029 creavit
667 2002 736 2029 Deus
752 2002 844 2029 caelum
866 2007 890 2029 et
919 2008 1016 2030 terram
1027 2001 1052 2029 ι.

269 2046 326 2074 Nec
339 2048 407 2074 dixit
426 2056 431 2073 :
450 2047 503 2073 Dii.
518 2046 551 2073 Et
566 2047 628 2074 alibi
646 2047 681 2074 aiI
698 2056 705 2074 :
721 2047 755 2073 Et
767 2055 846 2081 opera
860 2055 985 2075 manuum
996 2048 1053 2082 ejus

270 2094 410 2120 annuntiat
425 2093 620 2127 ﬁrmamentum
641 2092 662 2119 ι.
683 2093 772 2127 Atque
788 2094 814 2119 in
828 2094 881 2121 alio
903 2094 964 2121 loco
987 2095 1055 2122 scri-

270 2145 346 2174 ptum
363 2143 406 2165 est
419 2147 426 2165 ε
441 2138 506 2165 ϐαιὶ
522 2138 573 2172 ipsi
586 2138 722 2172 peribunt,
740 2143 768 2164 tu
792 2143 878 2165 autem
891 2139 1054 2171 permancbis

270 2183 298 2208 in
307 2186 434 2208 (etei-num
450 2187 479 2207 ιιι.

1142 1130 1209 1157 VIII.
1222 1131 1277 1157 Καὶ
1289 1131 1303 1157 ὁ
1315 1130 1405 1165 Σίμων
1415 1138 1421 1145 ·
1441 1130 1469 1157 '0
1479 1130 1558 1164 λόγος
1567 1130 1615 1166 τὴν
1626 1130 1714 1166 ἀρχὴν
1724 1128 1759 1166 ἦν
1772 1139 1814 1166 μοι
1824 1130 1879 1165 πρδς

1106 1178 1146 1208 σὲ,
1156 1177 1209 1203 ἀπὸ
1221 1176 1334 1211 Γραφῶν
1352 1175 1457 1210 ἐλέγξαι
1471 1184 1510 1208 σε,
1522 1177 1562 1202 ὅτι
1577 1175 1662 1213 ψεύδῃ
1671 1176 1761 1210 λέγων
1777 1176 1812 1212 μὴ
1825 1177 1878 1203 πολ-

1105 1223 1167 1254 λοὺς
1177 1222 1198 1238 ¹⁵
1207 1222 1261 1249 δεῖν
1272 1221 1435 1256 φθέγγεσθαι
1445 1221 1531 1253 Θεούς.
1540 1221 1620 1248 Ὅθεν
1632 1221 1733 1253 πολλὰς
1741 1222 1879 1257 ἐγγράφους

1105 1267 1192 1300 ἔδειξα
1206 1267 1306 1302 φωνὰς,
1317 1268 1357 1294 ὅτι
1373 1267 1452 1294 αὐταὶ
1461 1268 1488 1294 αἱ
1497 1266 1566 1293 θεῖαι
1576 1267 1682 1303 Γραφαὶ
1691 1267 1806 1299 πολλοὺς
1814 1267 1880 1302 φθέγ-

1104 1324 1197 1350 γονται
1206 1315 1293 1347 θεούς.
1306 1315 1360 1341 Καὶ
1370 1316 1383 1342 ὁ
1392 1315 1508 1351 Πέτρος·
1518 1315 1603 1341 Αὑταὶ
1611 1315 1639 1341 αἱ
1648 1314 1764 1347 πολλοὺς
1776 1314 1879 1349 φθεγγό-

1106 1369 1186 1396 μεναι
1195 1360 1273 1391 θεοὺς
1283 1360 1400 1395 Γραφαὶ,
1415 1360 1496 1386 αὐταὶ
1507 1359 1663 1395 παρῄνεσαν
1673 1360 1741 1395 ἡμῖν
1751 1358 1865 1386 εῑποῦσαι
1872 1366 1878 1373 ³

1111 1405 1255 1440 Ὀνόματα
1266 1404 1341 1433 θεῶν
1351 1405 1520 1439 ἐτέρωνιοὺκ
1527 1405 1706 1438 ἀναϐήσεται
1715 1404 1829 1432 ἐπὶτῶν
1835 1412 1880 1438 χεισ

1105 1450 1183 1478 λέων
1198 1459 1265 1478 σου.
1281 1450 1375 1482 Οὕτως
1388 1451 1418 1477 οὺ
1432 1451 1508 1487 παρὰ
1521 1451 1552 1477 τὸ
1566 1451 1761 1487 γεγραμμένον
1775 1451 1847 1486 ἔφην,
1861 1447 1879 1477 ὣ

1104 1497 1201 1532 Σίμων.
1214 1497 1269 1523 Καὶ
1277 1498 1291 1523 ὁ
1299 1496 1389 1532 Σίμων
1398 1505 1405 1511 ·
1415 1497 1545 1524 Ἄκουσον
1552 1496 1620 1532 πρὸς
1630 1497 1695 1524 αὐτὸ
1703 1498 1754 1525 καὶ
1764 1498 1805 1529 σὺ,
1813 1494 1833 1523 ὦ
1842 1496 1880 1523 Πέ-

1103 1550 1160 1578 τρε.
1170 1541 1348 1576 Ἀμαρτάνειν
1358 1550 1402 1576 μοι
1409 1542 1506 1574 δοκεῖς,
1516 1542 1556 1568 ὅτι
1566 1541 1654 1569 αὐτῶν
1662 1543 1832 1578 καταλέγεις,
1840 1543 1880 1578 τῆς

1103 1587 1214 1622 Γραφῆς
1229 1586 1377 1622 λεγούσης·
1394 1587 1424 1613 οὐ
1441 1587 1644 1622 κακολογήσεις,
1661 1587 1710 1614 καὶ
1725 1588 1852 1623 ἄρχοντας
1862 1587 1879 1602 ¹⁴

1102 1631 1151 1658 τοῦ
1173 1631 1236 1658 λαοῦ
1255 1640 1300 1658 σου
1323 1631 1353 1657 οὐ
1378 1631 1470 1663 κακῶς
1492 1632 1573 1667 ἐρεῖς.
1598 1631 1653 1657 Καὶ
1669 1632 1683 1657 ὸ
1698 1632 1819 1667 Πέτρος·
1836 1631 1880 1664 Οὐχ

1103 1678 1260 1714 ἁμαρτάνω,
1277 1678 1377 1713 Σίμων,
1392 1677 1543 1709 ἀκολούθως
1556 1678 1616 1708 ταῖς
1629 1678 1752 1713 Γραφαῖς
1763 1678 1810 1713 τὴν
1820 1675 1882 1703 ἀπώ-

1103 1723 1176 1751 λειαν
1191 1723 1280 1750 αὐτῶν
1297 1723 1490 1759 προσημαίνων
1502 1731 1509 1738 ο
1526 1723 1606 1758 323
1630 1723 1701 1749 οὕτω
1720 1723 1776 1758 γὰρ
1797 1723 1883 1758 γέγρα-

1103 1777 1184 1795 πται·
1201 1769 1276 1801 Θεοὶ,
1290 1769 1319 1795 οἳ
1331 1769 1384 1795 τὸν
1393 1768 1523 1803 οὐρανὸν
1531 1769 1580 1795 καὶ
1594 1766 1650 1800 τὴν
1663 1768 1724 1803 γῆν
1733 1770 1790 1796 οὐκ
1797 1768 1883 1800 ἐποίη-

1104 1823 1165 1841 σαν
1175 1834 1182 1847 ,
1196 1815 1427 1842 ἁπολέσθωσαν·
1444 1814 1581 1841 καὶτοῦτο
1596 1813 1681 1841 εἰπὼν
1697 1815 1750 1850 οὺχ
1767 1815 1804 1846 ὡς
1817 1814 1882 1840 ἐνίων

1105 1861 1303 1896 πεποιηκότων,
1314 1860 1361 1886 καὶ
1372 1860 1409 1896 μὴ
1421 1859 1623 1895 ἀπολλυμένων,
1632 1859 1881 1895 ὼςὴρμήνευσας”.

1104 1907 1236 1943 Δηλοῦται
1260 1907 1314 1942 γὰρ
1329 1903 1370 1938 εἷς
1384 1907 1398 1932 ὁ
1414 1905 1571 1941 πεποιηκὼς
1585 1905 1623 1940 τῷ
1648 1905 1778 1941 ἀπαρχῆς
1798 1905 1883 1941 γεγρά-

1105 1954 1169 1988 φθαι
1179 1962 1185 1968 ”
1208 1953 1259 1980 Ἑν
1270 1951 1348 1986 ἀρχῇ
1358 1952 1501 1984 ἐποίησεν
1515 1953 1531 1978 ό
1546 1951 1618 1984 Θεὸς
1630 1951 1683 1977 τὸν
1701 1951 1831 1985 οὐρανὸν
1844 1950 1883 1976 καὶ

1105 1999 1161 2033 τὴν
1177 1998 1244 2034 γῆν.
1267 1998 1321 2025 Καὶ
1346 1998 1396 2024 οὐκ
1424 1996 1513 2024 εἶπεψ
1538 1999 1570 2023 οι
1592 1998 1662 2025 θεοί.
1687 1998 1745 2024 Καὶ
1761 1997 1827 2033 ᾶλλῃ
1842 2004 1883 2023 που

1104 2045 1195 2079 λέγει’
1221 2045 1348 2078 Ποίησιν
1373 2043 1407 2069 δὲ
1430 2042 1536 2078 χειρῶν
1552 2043 1645 2070 αὑτοῦ
1669 2043 1845 2078 ἀναγγέλλει
1858 2042 1883 2067 τὸ

1105 2090 1262 2125 στερέωμα.
1279 2090 1334 2117 Καὶ
1350 2090 1377 2115 ὲν
1394 2089 1478 2124 ἑτέρῳ
1487 2089 1561 2124 τόπῳ
1572 2089 1593 2105 ¹⁸
1609 2089 1781 2125 γέγραπται·
1800 2089 1830 2116 οι
1843 2088 1884 2115 οὐ·

1102 2136 1191 2171 ραν-οὶ
1207 2135 1292 2163 αὐτοὶ
1306 2135 1489 2162 ἀπολοῦνται
1500 2155 1507 2166 ,
1519 2135 1560 2161 σὺ
1572 2134 1606 2161 δὲ
1620 2134 1773 2170 διαμενεῖς
1788 2135 1830 2167 εὶς
1841 2133 1885 2160 τὸν·

1105 2183 1207 2211 αἰῶνα.

307 2237 354 2265 lx.
374 2237 447 2265 Dixit
463 2237 558 2265 Simon
575 2247 582 2266 :
598 2239 637 2265 Ad
654 2239 706 2266 hoc
721 2239 793 2273 quod
811 2247 861 2275 ego
880 2240 981 2267 multos
995 2248 1053 2268 esse

1143 2240 1187 2268 IX.
1208 2241 1264 2267 Kal.
1280 2240 1294 2265 6
1310 2240 1400 2274 Σίμων
1417 2239 1479 2275 ἔφη·
1493 2238 1566 2275 Πρὸς
1581 2239 1612 2266 τὸ
1630 2239 1680 2275 ἐμὲ
1688 2239 1776 2272 δεῖξαι
1786 2238 1885 2268 πολλοὺς

272 2283 340 2310 deos
348 2283 455 2310 ostendi
469 2290 502 2310 ex
516 2282 675 2318 Scripturis,
685 2291 800 2318 quarum
817 2284 897 2311 verba
911 2284 1055 2312 manifesta

272 2329 385 2356 εικῖιὶῠυί
399 2349 407 2361 ,
423 2334 453 2356 ιιι
470 2330 563 2357 itidem
578 2330 621 2357 vel
637 2330 714 2364 plura
739 2331 894 2357 testimonia
909 2339 940 2358 ex
956 2331 1053 2359 iisdem

275 2374 426 2410 Scripturis
434 2375 559 2406 attulisti,
574 2375 692 2409 probans
701 2383 785 2403 unum
799 2383 859 2403 esse
871 2376 966 2410 Deum,
977 2385 1055 2404 eum-

273 2429 328 2454 quc
352 2419 518 2447 Judaorum.
541 2419 574 2447 Et
597 2419 630 2447 ad
648 2420 675 2446 id
688 2421 760 2455 quod
777 2421 853 2448 dixi:
874 2421 934 2448 Non
954 2427 1055 2456 oportet

314 2482 327 2496 ιι
348 2475 427 2504 Deut.
445 2484 481 2509 tv,
500 2476 545 2503 39.

313 2511 327 2530 ιι
349 2511 428 2538 Deut.
441 2519 471 2543 x,
485 2511 528 2539 l8.

312 2552 322 2565 ε
344 2545 424 2580 una,
447 2547 489 2573 t7.

310 2581 323 2600 ἀ
344 2580 420 2608 Deut.
437 2589 477 2614 Iv,
494 2581 538 2608 39.

315 2622 327 2634 θ
349 2616 426 2644 Deut.
440 2624 478 2650 vr,
493 2617 536 2643 15.

314 2651 323 2669 τ
346 2650 425 2683 Ibid.,
440 2652 467 2678 ι.

1108 2284 1177 2313 εἶναι
1194 2285 1272 2317 θεοὺς
1285 2285 1338 2312 ἀπὸ
1351 2281 1404 2311 τῶν
1415 2285 1540 2320 Γραφῶν,
1553 2284 1644 2319 φωνὰς
1653 2286 1752 2319 σαφεῖς
1762 2285 1885 2321 παρέστη-

1110 2341 1154 2363 σα,
1172 2332 1203 2358 σὺ
1222 2331 1251 2358 δὲ
1264 2330 1398 2362 τοσαύτας
1409 2330 1455 2366 "ﬁ
1470 2330 1518 2357 καὶ
1534 2330 1659 2362 πλείονας
1675 2329 1771 2364 φωνὰς
1781 2330 1833 2356 ἀπὸ
1842 2329 1886 2355 τῶν

1109 2378 1198 2404 αὐτῶν
1215 2377 1330 2413 Γραφῶν
1343 2377 1472 2412 ἐνήνοχας
1481 2396 1488 2409 ,
1500 2376 1628 2404 δεικνύων
1638 2376 1680 2402 ὅτι
1695 2373 1737 2408 εἷς
1754 2376 1812 2403 ἐστὶ
1821 2375 1884 2404 Θεὸςν

1111 2424 1157 2450 καὶ
1170 2421 1246 2454 οὗτος
1264 2422 1406 2450 Ἰουδαίων.
1425 2423 1480 2449 Καὶ
1494 2422 1563 2458 πρὸς
1577 2422 1609 2449 τὸ
1624 2423 1711 2449 εἰπεῖν
1729 2430 1778 2458 με’
1802 2422 1840 2448 οὐ
1851 2419 1887 2447 δεῖ

1144 2481 1157 2499 5
1176 2479 1233 2506 los.
1253 2487 1331 2512 χχιιι,
1345 2479 1371 2510 7,
1385 2479 1455 2514 apud
1471 2478 1552 2507 LXX.

1144 2515 1157 2534 ὶι
1179 2514 1263 2542 Exod.
1278 2514 1330 2545 22.
1345 2514 1389 2541 28.

1149 2548 1234 2576 iJer.
1252 2558 1283 2580 ι,
1298 2549 1341 2576 lt.

1149 2584 1162 2603 ¹ι
1183 2584 1286 2615 ch.x,
1304 2585 1328 2610 ι.

1153 2618 1161 2637 ι
1181 2618 1341 2651 Ρςιιι.ινιιι,
1359 2616 1386 2646 2.

1149 2660 1167 2673 m
1190 2653 1259 2681 Psal.
1274 2662 1300 2681 cr
1315 2673 1323 2686 ,
1339 2654 1374 2681 26

932 2727 1044 2758 VARIJE
1064 2729 1263 2757 LECTIONES.

318 2787 337 2802 "
352 2786 389 2816 ὥς
402 2786 433 2812 0.
466 2787 494 2821 γη
516 2787 554 2818 εἰς
571 2794 626 2813 om.
649 2785 680 2813 Ο.
724 2786 744 2802 ¹³
763 2786 817 2813 τῶν
840 2787 956 2814 accessit
973 2795 1006 2813 vx
1028 2786 1059 2812 0.
1099 2786 1120 2801 “
1137 2785 1268 2821 mitia/7C.

1318 2786 1338 2823 ξ’
1350 2786 1463 2823 Imma;
1477 2785 1499 2814 0
1524 2795 1556 2815 ex
1572 2789 1689 2823 conject.
1716 2789 1737 2816 [ι
1753 2811 1761 2822 ,
1786 2789 1849 2817 mira
1858 2787 1882 2823 ς.

283 2821 307 2860 ::
319 2821 443 2860 Eplovaa
513 2830 545 2860 ex
559 2829 614 2860 quo
637 2821 818 2860 accessitheq.
839 2830 897 2860 pou.
939 2822 958 2837 ¹⁷
974 2820 1192 2860 spuma-J31;
1211 2820 1282 2860 Tutu
1291 2820 1329 2855 τῷ
1345 2820 1373 2860 Ο¹
1392 2830 1415 2848 c.
1432 2823 1450 2848 S
1465 2843 1472 2853 ,
1486 2822 1560 2860 tot}.
1579 2820 1699 2860 Subinde
1711 2820 1761 2852 an;
1777 2826 1843 2860 ἀρχῇ
1857 2822 1881 2850 0.

283 2855 307 2869 ’⁸
319 2855 413 2882 'l‘cxtui
428 2856 530 2883 reddidi
546 2857 620 2891 τόπῳ
631 2857 683 2884 aCl
706 2861 733 2883 et
747 2856 766 2883 S
791 2855 932 2884 omissum.
974 2857 994 2871 ’θ
1015 2857 1135 2892 γραφῶν,
1159 2856 1188 2887 a;
1205 2858 1296 2890 σαφεῖς
1307 2856 1472 2891 mairum.
1489 2858 1580 2890 σῠῖὲὰς
1592 2859 1676 2892 αὐτάς
1693 2861 1724 2888 (ἐ.
