1917 3100
66 123 106 151 3ῖῖ
218 140 227 151 ι
575 124 802 153 οιεδιΕΝτιΝΑ.
815 142 817 147 ι

871 127 998 155 IOMILIA
1019 128 1087 155 XVI.

1597 130 1650 167 επ

65 180 211 214 κακολογεῖν
224 177 323 214 θεοὺς,
351 181 488 217 ἐπήγαγες
515 181 582 216 πρὸς
606 182 636 209 τὸ
658 182 741 214 δεῖξαι
754 203 761 214 ,
776 183 816 209 ὅτι

871 184 919 209 diis
936 184 1088 211 maledicere
1101 203 1108 215 ,
1132 184 1297 219 subjunxisti
1310 205 1317 217 ,
1341 190 1368 212 ut
1393 185 1544 216 dcclarares
1564 196 1648 216 unum

69 226 99 258 εἰς
119 226 181 252 ἐστὶν
205 228 218 252 ό
247 228 406 264 πεποιηκὼς
417 249 424 260 ,
461 225 503 252 ὅτι
520 226 551 252 οὶ
565 226 608 260 μὴ
623 228 817 260 πεποιηκότες

62 269 199 298 ἀπολέσθαι
211 269 344 303 ἔχουσιν.
364 270 434 305 Πρὸς
450 270 477 297 δὲ
494 270 524 296 τὸ
546 271 632 297 εἰπεῖν
651 280 685 306 με
697 291 705 303 ,
720 271 761 297 ὅτι
778 271 819 298 δεῖ

64 316 123 347 θεοὺς
132 315 209 349 λέγειν
225 315 290 341 καθὸ
300 315 324 330 ¹⁰
340 316 386 342 καὶ
407 316 435 342 αἱ
452 316 559 352 Γραφαὶ
575 317 672 348 αὐτοὺς
684 316 816 350 λέγουσιν,

63 361 98 388 καὶ
112 360 171 396 πρὸς
179 360 284 394 ἑτούτοις
292 361 314 376 ¹¹
327 360 441 393 ἔδειξας,
451 361 490 388 ὅτι
504 362 541 397 μὴ
554 362 594 388 δεῖ
604 362 691 388 αὐτῶν
701 362 818 397 ὀνόματα

63 406 210 440 φθέγγεσθαι,
224 406 263 442 τῷ
278 407 327 442 τὴν
344 407 427 443 αὐτὴν
437 407 547 442 Γραφὴν
556 408 641 434 εἰπεῖν
652 408 684 438 ¹¹,
698 407 819 442 ὀνόματα

63 452 117 478 Θεῶν
128 452 218 488 ἑτέρων
238 452 276 487 μὴ
299 452 471 487 φθέγγεσθαι.
493 453 567 479 Ἐπεὶ
588 450 634 479 οὖν
655 452 736 479 αὑταὶ
746 453 768 468 ’⁸
790 453 818 479 αἱ

62 496 148 532 Γραφαὶ
162 496 269 528 πολλοὺς
279 496 402 531 λέγουσιν
414 495 481 525 εἶναι
498 498 585 529 θεοὺς,
602 499 648 525 καὶ
664 498 756 525 ἄλλοτε
771 498 819 525 ἕνα

63 542 126 576 μόνον
139 539 218 574 εἶναι,
233 542 282 568 καὶ
297 543 341 569 ἁτὲ
359 543 407 577 μὲν
433 544 470 579 μὴ
492 543 712 578 κακολογεῖσθαι,
726 544 771 570 ὁτὲ
789 543 818 570 δὲ

60 587 239 621 κακολογεῖσθαι
250 608 258 620 ,
272 588 353 624 324
367 589 434 624 πρὸς
449 589 528 616 τοῦτο
543 589 569 616 τί
585 590 625 616 δεῖ
640 589 797 624 λογίσασθαι
809 610 816 622 ,

61 632 73 667 ἢ
87 633 120 659 ὄτι
133 633 204 660 αὑταὶ
216 635 291 669 ἡμᾶς
307 635 334 661 αἱ
349 634 454 669 Γραφαὶ
471 635 625 668 πλανῶσιν;

86 731 113 760 X.
131 733 197 759 Καὶὸ
206 734 309 769 Πέτρος
317 734 377 770 ἔφη·
386 735 422 761 Οὐ
433 735 578 769 πλανῶσιν,
587 736 644 763 ἀλλ’
651 736 817 772 ἐλέγχουσιν,

58 777 132 808 nisi;
138 779 244 813 φανερὸν
255 780 352 813 ἄγουσι
360 781 408 816 τὴν
417 781 446 807 ὲν
456 782 562 817 ἑκάστῳ
573 782 642 808 κατὰ
651 782 698 808 τοῦ
705 782 771 808 Θεοῦ
781 783 820 808 ὲν-

58 822 201 858 δομυχοῦσαν
209 825 230 840 ’⁸
237 825 333 861 ὥσπερ
341 826 427 860 ὄφεως
435 828 522 862 κακὴν
531 828 700 863 προαίρεσιν.
710 828 819 860 Πολλοῖς

868 238 928 257 esse
939 233 1100 261 creatorem,
1109 229 1182 264 quod
1195 230 1296 264 quinon
1309 236 1441 263 crearunt,
1453 233 1536 266 perire
1545 233 1649 262 habent.

868 275 992 308 Cumque
1006 274 1132 306 dixerim,
1152 275 1332 303 nominandos
1350 284 1410 303 esse
1423 276 1504 310 deos,
1520 279 1650 313 quoniam

868 325 894 347 et
910 319 1058 354 Scriptum
1073 327 1120 347 eos
1135 320 1295 351 nominant,
1315 321 1396 347 etiam
1413 321 1446 348 ad
1462 322 1519 349 haec
1539 323 1652 349 demon-

868 366 958 393 strasti
973 387 980 397 ,
1001 373 1053 392 non
1083 371 1210 399 opOrIere
1234 373 1329 392 eorum
1355 367 1463 393 nomina
1480 367 1601 402 proferre
1619 375 1653 396 eo

868 412 940 446 quod
952 412 1046 439 eadem
1061 410 1201 445 Scriptura
1217 411 1304 443 dicat,
1323 412 1432 438 nomina
1446 412 1560 439 deorum
1584 413 1653 441 alio-

869 463 929 482 rum
953 463 1005 483 nou
1028 463 1088 483 esse
1111 456 1322 491 pronuntianda.
1348 456 1574 492 Quandoquidem
1588 466 1652 494 ergo

868 501 969 529 eaedem
985 501 1132 537 Scriptura:
1147 503 1248 530 multos
1262 503 1357 530 dicunt
1367 511 1427 531 esse
1441 503 1517 535 deos,
1534 509 1561 531 et
1576 505 1649 536 alibi,

869 554 953 574 unum
969 547 1056 574 solum
1072 555 1142 580 esse,
1156 552 1183 575 et
1199 547 1356 582 aliquando,
1373 549 1406 576 iis
1422 557 1476 576 non
1488 550 1652 577 maledicen-

868 593 944 625 dum,
974 593 1120 628 aliquando
1136 594 1350 621 maledicendum
1362 615 1369 626 ,
1385 603 1417 622 ex
1435 595 1487 622 hoc
1507 595 1572 630 quid
1588 603 1653 622 con-

869 638 977 666 cludere
993 639 1133 672 debemus,
1143 640 1194 666 nisi
1207 640 1279 674 quod
1288 640 1353 674 ipsa:
1363 647 1413 667 nos
1425 640 1563 676 decipiunt
1576 640 1651 668 Scri-

870 688 955 718 pturze
966 684 977 710 ?

904 729 938 756 Χ.
959 728 1055 758 Petrus
1067 731 1205 764 respondit
1221 741 1227 757 :
1242 729 1300 757 Non
1322 729 1480 766 decipiunt,
1496 732 1542 759 sed
1558 732 1652 759 redar-

869 779 965 810 guunt,
981 783 1012 803 ac
1028 776 1054 802 in
1069 776 1204 810 publicum
1217 776 1357 811 proferunt
1376 780 1474 805 malam
1492 786 1555 814 erga
1568 779 1653 806 Deum

870 821 1046 854 voluntatem,
1070 822 1096 848 in
1125 829 1289 857 unoquoque
1320 823 1406 851 instar
1435 826 1568 859 serpentis
1593 826 1653 853 lati-

58 868 99 902 γὰρ
111 869 151 894 χαὶ
163 869 300 905 διαφόροις
315 870 410 902 τύποις
423 872 537 898 ἐοικυῖαι
553 872 718 908 πρόκεινται.
736 872 817 898 Ἐκα-

871 870 980 894 tantem.
1009 865 1101 894 Multis
1122 867 1194 894 enim
1220 875 1253 895 ac
1275 869 1358 896 variis
1386 870 1455 905 typis
1483 871 1586 898 similes
1608 872 1652 906 ja-

58 921 106 944 πος
118 912 158 940 οὖν
170 915 243 950 κηρῷ
260 916 380 943 ἐοικυῖαν
397 917 445 952 τὴν
460 917 542 944 αὑτοῦ
560 918 717 953 προαίρεσιν
739 917 818 952 ἔχων,

56 959 264 996 περιϐλεψάμενος
282 962 366 994 αὑτὰς
382 963 428 989 καὶ
443 963 531 990 πάντα
555 962 641 999 εὑρὼν
662 963 691 990 ὲν
706 963 818 996 αὐταῖς,

55 1006 126 1032 ὁποῖον
138 1007 197 1033 Θεὺν
209 1006 282 1035 εἶναι
293 1008 363 1034 θέλει
370 1009 402 1042 ’⁵,
417 1009 480 1044 τὴν,
497 1009 535 1040 ὡς
550 1009 618 1045 ἔφην
627 1031 634 1042 ,
658 1008 736 1044 κηρῷ
764 1009 819 1035 ὲοι-

56 1053 117 1078 κυῖαν
132 1053 286 1089 προαίρεσιν
302 1053 435 1081 ἐπιϐαλὼν
458 1055 653 1090 ἀπομάσσεται.
677 1055 754 1081 Ἐπεὶ⁸
773 1051 819 1081 οὖν

55 1097 119 1123 ὅτι¹⁶
133 1098 162 1124 ἂν
174 1099 304 1135 βούληταί
320 1108 361 1131 τις
376 1100 440 1136 περὶ
454 1100 522 1126 Θεοῦ
537 1101 661 1136 φρονεῖν,
678 1100 707 1126 ὲν
724 1099 819 1130 αὑταῖς

55 1143 163 1178 εὑρίσκει,
187 1145 283 1171 τούτου
299 1145 378 1181 χάριν
394 1147 408 1173 ὁ
430 1146 478 1181 μὲν
502 1146 606 1172 πολλῶν
622 1145 690 1172 θεῶν
717 1145 818 1178 ῑδέας¹⁷

55 1188 218 1224 ἀπομασσεται
232 1191 281 1217 ἀπ’
299 1191 390 1218 αὐτῶν
399 1213 406 1224 ,
423 1192 470 1218 καὶ
483 1193 563 1227 ἡμεῖς
577 1192 627 1227 τὴν
641 1191 687 1218 τοῦ
704 1191 786 1223 δντως
797 1192 819 1208 ³⁵

55 1233 230 1270 ἀπεμαξάμεθα
254 1236 328 1263 ἰδέαν
339 1237 372 1268 ³³,
386 1237 418 1262 ὲκ
438 1237 487 1272 τῆς
503 1237 638 1272 ἡμετέρας
655 1238 760 1273 μορφῆς
774 1237 818 1264 τὸν

54 1278 124 1315 ἀληθῆ
139 1280 292 1315 ἐπιγνόντες
307 1282 405 1308 τύπον.
425 1282 504 1308 Ἀλλὰ
520 1282 567 1309 καὶ
580 1283 596 1317 ἡ
622 1281 727 1308 ἔνδοθεν
741 1281 818 1317 ήμῶν

53 1326 110 1361 ψυχὴ
124 1328 167 1363 τὴν
183 1329 265 1354 αὑτοῦ
286 1328 379 1354 εἰκόνα
403 1328 471 1363 πρὸς
491 1327 637 1354 ἀθανασίαν
660 1328 816 1362 ἠμφίεσται.

54 1370 142 1407 Ταύτης
156 1373 198 1400 τὸν
214 1374 365 1410 γεννήτορα
382 1373 428 1400 ἐὰν
445 1374 585 1401 καταλίπω
596 1393 603 1404 ,
617 1373 709 1409 δικαίᾳ
731 1373 819 1409 κρίσει

53 1417 90 1442 καὶ
104 1419 166 1454 αὐτή
185 1427 217 1454 με
231 1418 391 1446 καταλιπεῖν
405 1419 475 1454 ἔχει,
493 1418 567 1454 αὐτῷ
576 1419 615 1454 τῷ
628 1419 650 1437 ³ο
666 1418 819 1454 τολμήματι

53 1464 187 1498 γνωρίσασα
203 1466 307 1498 ἄδικον,
323 1465 369 1491 καὶ
381 1465 418 1496 ὡς
431 1465 484 1491 ἀπὸ
497 1465 600 1491 δικαίου
613 1465 724 1496 δικαίως
738 1473 819 1491 κατα-

53 1507 121 1543 λείψει
136 1519 179 1545 με·
197 1512 244 1538 καὶ
261 1510 350 1543 οὕτως
368 1511 417 1546 τὴν
432 1510 520 1547 ψυχὴν
539 1511 608 1547 μετὰ
625 1511 747 1544 κόλασιν,
769 1512 819 1547 τῆς

54 1555 89 1580 ἀπ’
98 1555 172 1591 αὐτῆς
185 1556 361 1591 ἀπολειφθεὶς
369 1556 391 1572 ³¹
400 1556 536 1592 βοηθείας,
549 1557 731 1593 φθαρήσομαι.
746 1557 777 1584 Ei
790 1558 819 1584 δὲ

52 1599 109 1626 ἐστιν
119 1601 213 1637 ἔτερος,
222 1603 331 1638 πρῶτον
343 1602 477 1629 ὲνδυσάτω
489 1602 583 1639 ἑτέραν
595 1603 665 1629 ἰδέαν
678 1603 712 1635 ",
723 1602 818 1638 ἑτέραν

53 1647 154 1682 μορφὴν.
165 1648 207 1675 ἶνα
222 1648 266 1675 διὰ
279 1649 331 1684 τῆς
342 1648 388 1675 τοῦ
403 1648 527 1684 σώματος
543 1649 638 1684 καινῆς
655 1649 762 1684 μορφῆς
773 1648 818 1675 τὸν

52 1691 126 1718 καινὸν
141 1693 239 1727 ἐπιγνῶ
251 1693 330 1720 Θεόν.
345 1693 376 1720 El
388 1693 417 1719 δὲ
433 1694 478 1720 καὶ
492 1694 541 1729 τὴν
555 1694 660 1729 μορφὴν
672 1693 773 1730 ἀλλάξῃ
785 1694 817 1726 ³⁸,

53 1736 82 1771 μή
99 1745 120 1763 τι
133 1738 209 1773 325
226 1740 274 1766 καὶ
294 1739 345 1775 τῆς
359 1739 446 1775 ψυχῆς
460 1739 509 1776 τὴν
525 1740 619 1766 οὐσίαν
632 1748 638 1772 ;
652 1741 683 1767 El
697 1740 725 1766 δὲ
738 1741 785 1767 καὶ
796 1740 819 1756 ³⁸

50 1781 147 1820 ἀλλάξῃ,
161 1785 209 1811 οὐκ
220 1784 260 1811 ἔτι
274 1784 331 1820 ἐγώ
342 1786 410 1820 ειμι,
423 1785 501 1817 ἄλλος
513 1786 657 1821 γενόμενος
669 1786 714 1813 καὶ
728 1788 817 1822 μορφῇ

52 1828 88 1854 καὶ
99 1829 178 1864 οὐσίᾳ.
192 1830 306 1861 Ἄλλους
318 1828 364 1856 οὗν
378 1830 526 1862 πλαττέτω,
539 1832 563 1857 εἰ
576 1830 654 1862 ἄλλος
666 1832 749 1858 ἐστίν.
762 1833 819 1858 Οὺκ

52 1872 97 1900 ἔστι
107 1874 140 1901 δέ.
153 1875 183 1902 Εἰ
194 1876 222 1902 δὲ
234 1873 280 1911 ἦν,
298 1875 414 1902 ἔπλασεν
426 1875 468 1902 ἄν.
490 1876 566 1902 Ἐπεὶ
575 1874 621 1903 οὖν
632 1877 681 1903 οὐκ
693 1877 817 1909 ἔπλασεν,

51 1917 82 1949 ὡς
93 1919 135 1945 οὐκ
144 1919 179 1946 ὢν
195 1921 240 1947 τὸν
257 1921 324 1947 ὄντα
336 1920 374 1956 τῷ
392 1921 447 1947 ὄντι
463 1921 643 1948 καταλιπέτω.
661 1922 754 1954 Οὐδεὶς
765 1923 818 1960 γάρ

52 1962 118 1996 ἐπιν,
138 1965 153 2001 ἢ
271 1965 370 2003 γνώμῃ
389 1967 517 2002 Σίμωνος.
539 1968 608 2003 Ἐγὼ
621 1968 699 1995 ἄλλον
709 1969 775 1996 Θεὸν
787 1971 818 1996 οὐ

52 2010 227 2046 παραδέχομαι,
243 2012 316 2048 πλὴν
328 2012 373 2038 τὸν
387 2013 517 2040 κτίσαντα
530 2022 563 2048 με
577 2013 665 2049 μόνον.

78 2066 116 2094 XL
127 2069 178 2097 Kal.
189 2070 202 2096 ὁ
215 2069 323 2105 Σίμων’
342 2071 418 2097 Ἐπεὶ
430 2071 593 2107 πυκνότερόν
607 2079 636 2097 σε
647 2071 703 2106 ὁρῶ
715 2071 760 2098 τὸν
772 2071 818 2098 λό-

50 2119 88 2145 γον
98 2115 249 2150 ποιούμενον
261 2116 335 2152 ὑπὲρ
348 2116 395 2143 τοῦ
409 2116 562 2148 πλάσαντός
587 2125 616 2144 σε
641 2117 721 2149 Θεοῦ,
748 2117 817 2152 μάθε

49 2158 102 2193 παρ’
115 2160 188 2195 ἐμοῦ,
203 2161 262 2194 πῶς
274 2162 322 2189 καὶ
336 2163 376 2194 εἰς
387 2163 467 2189 αὐτὸν
481 2163 598 2195 ἀσεϐεῖς.
612 2163 644 2189 Οἱ
666 2163 818 2195 πλάσαντες

870 917 940 939 cent.
962 911 1156 948 Unusquisque
1176 922 1241 949 ergo
1261 922 1331 942 cerae
1355 917 1524 944 consimilem
1549 918 1652 946 habens

869 958 1034 985 voluntatem
1047 967 1135 991 suam,
1166 960 1231 987 dum
1247 959 1402 995 Scripturas
1416 963 1570 996 perlustrat,
1585 973 1653 991 cuu-

869 1007 966 1037 ctaque
979 1003 1006 1030 in
1020 1003 1074 1031 illis
1089 1004 1201 1037 invenit,
1211 1005 1317 1039 qualem
1330 1004 1413 1032 Deum
1427 1014 1487 1034 esse
1496 1008 1561 1039 vult,
1570 1009 1650 1036 talem

869 1047 995 1082 exprimit
1011 1048 1132 1076 immissa
1147 1049 1300 1082 voluntate,
1319 1057 1394 1084 quae,
1411 1056 1440 1078 ut
1453 1052 1527 1086 dixi,
1541 1054 1651 1081 assimi~

869 1093 941 1121 latur
951 1101 1030 1122 certe.
1043 1093 1113 1127 Quia
1130 1102 1195 1130 ergo
1214 1096 1346 1131 quidquid
1358 1097 1415 1124 vult
1432 1097 1530 1133 aliquis
1545 1099 1578 1126 de
1596 1098 1652 1126 Deo

870 1141 979 1172 sentire,
1003 1140 1029 1167 in
1053 1140 1200 1175 Scripturis
1221 1141 1353 1175 ol‘i‘endit,
1368 1151 1399 1170 ea
1427 1144 1512 1179 gratia
1530 1145 1575 1172 ille
1591 1145 1651 1180 qui-

869 1185 929 1212 dem
947 1185 1096 1212 multorum
1115 1186 1227 1213 deorum
1242 1187 1373 1222 imagines
1395 1196 1428 1215 ex
1445 1189 1478 1216 iis
1491 1189 1608 1225 elliugit,
1624 1195 1652 1218 at

869 1238 920 1258 nos
935 1230 980 1258 Dei
1000 1232 1055 1258 veri
1070 1232 1186 1266 speciem
1203 1234 1398 1267 expressimus,
1413 1243 1445 1262 ex
1457 1240 1548 1264 nostra
1566 1236 1652 1264 forma

868 1284 962 1303 verum
981 1282 1160 1312 agnoscentes
1183 1279 1333 1313 exemplar.
1357 1279 1408 1307 Sed
1424 1286 1451 1308 et
1468 1282 1546 1309 nobis
1571 1282 1652 1310 insita

869 1322 958 1349 anima
974 1322 1048 1350 illius
1062 1323 1179 1358 imagine
1194 1324 1226 1351 ad
1248 1324 1477 1365 immortalitatem
1491 1327 1584 1355 induta
1600 1333 1650 1356 est.

870 1368 935 1403 Ejus
949 1373 1087 1403 parentem
1103 1370 1126 1397 si
1141 1370 1281 1405 relinquo,
1292 1371 1367 1406 justo
1382 1373 1482 1406 iudicio
1499 1381 1530 1401 ea
1544 1381 1654 1409 quoque

869 1423 912 1442 me
929 1415 1065 1450 relinquet
1076 1436 1083 1449 ,
1097 1416 1156 1450 ipso
1174 1416 1293 1445 facinore
1309 1418 1431 1447 indicans
1446 1420 1576 1453 injustum
1588 1441 1595 1452 ,
1613 1425 1650 1452 et,

869 1465 899 1488 ut
909 1468 970 1495 qua:
981 1461 1072 1488 veniat
1086 1469 1100 1488 a
1113 1461 1200 1496 justo,
1210 1461 1283 1496 juste
1298 1470 1342 1490 me
1355 1462 1473 1496 deseret,
1487 1464 1580 1499 sicque
1593 1465 1652 1492 ani—

870 1514 941 1533 mam
958 1511 1019 1541 post
1030 1506 1199 1541 punitionem
1214 1508 1336 1542 perdam,
1349 1508 1492 1536 deﬁciente
1504 1510 1606 1538 auxilio
1618 1511 1652 1537 ab

869 1560 900 1579 ea
921 1557 990 1580 orto.
1013 1551 1042 1579 Si
1064 1556 1154 1579 autem
1170 1557 1213 1580 est
1228 1553 1298 1581 alius
1320 1553 1414 1587 Deus,
1435 1555 1552 1591 primum
1570 1555 1652 1582 aliam

868 1599 986 1633 speciem
1002 1599 1111 1630 induat,
1133 1598 1214 1625 aliam
1229 1599 1395 1633 formam,ut
1404 1608 1450 1635 per
1461 1602 1584 1636 corporis
1600 1610 1651 1629 no-

868 1653 927 1672 vam
939 1645 1052 1680 liguram
1062 1652 1160 1672 novum
1170 1652 1315 1681 agnoscam
1323 1646 1475 1675 Deum.Sed
1483 1652 1510 1674 et
1519 1647 1542 1675 si
1555 1648 1649 1683 ﬁguris

868 1690 981 1726 figuram
989 1695 1085 1724 mutet,
1094 1692 1215 1727 nunquid
1228 1696 1255 1719 et
1266 1692 1364 1719 animae
1374 1693 1567 1720 substantiam?
1574 1693 1652 1726 Quod

868 1736 891 1763 si
903 1743 962 1763 eam
977 1743 1086 1771 quoque
1097 1736 1252 1769 mutaverit.
1265 1744 1318 1764 non
1332 1738 1448 1772 amplius
1462 1746 1512 1774 ego
1526 1740 1652 1774 sum,qui

869 1781 937 1808 alius
948 1780 1036 1809 factus
1047 1780 1086 1808 fui
1096 1785 1153 1808 tum
1166 1781 1322 1816 ﬁgura,tum
1335 1783 1574 1811 substantia.Alios
1589 1791 1653 1818 ergo

867 1833 950 1860 creet,
959 1827 981 1854 si
988 1827 1058 1855 alius
1065 1832 1115 1855 est.
1122 1826 1209 1855 Porro
1215 1835 1269 1854 non
1275 1832 1325 1854 est.
1334 1827 1361 1854 Si
1369 1828 1440 1855 enim
1448 1833 1653 1860 esset,creasset

868 1874 972 1908 utique.
985 1873 1053 1900 Cum
1069 1879 1134 1908 ergo
1149 1880 1203 1900 non
1218 1874 1367 1905 creaverit,
1386 1877 1516 1909 tanquam
1532 1875 1579 1910 qui
1597 1883 1652 1902 non

867 1918 969 1951 existit,
982 1926 1076 1945 revera
1087 1917 1249 1945 existentem
1267 1919 1392 1947 existunti
1405 1920 1548 1955 relinquat.
1557 1920 1653 1949 Nullus

868 1964 967 1999 quippe
987 1969 1040 1997 est.
1057 1964 1111 1991 nisi
1131 1964 1189 1991 sola
1206 1963 1327 1992 Simonis
1343 1966 1482 2000 opinione.
1496 1966 1553 2002 Ego
1569 1967 1653 1995 alium

868 2010 953 2037 Deum
963 2018 1016 2037 non
1026 2010 1236 2045 recipio,praater
1244 2019 1306 2038 eum
1317 2012 1405 2039 solum
1413 2013 1459 2048 qui
1468 2021 1511 2041 me
1519 2014 1651 2042 condidit.

903 2067 947 2094 ΧΙ.
956 2067 1024 2094 Tum
1040 2067 1150 2096 Simon:
1163 2068 1232 2102 Quia
1241 2069 1318 2097 video
1331 2074 1357 2097 te
1369 2069 1536 2105 frequentius
1549 2079 1653 2100 sermo-

868 2120 930 2139 nem
947 2111 1035 2140 l'acere
1051 2113 1085 2140 de
1100 2113 1156 2141 Deo
1167 2114 1214 2149 qui
1230 2119 1255 2141 te
1265 2115 1378 2146 crearit,
1388 2114 1462 2142 disce
1474 2123 1489 2142 a
1504 2124 1547 2143 me
1557 2124 1653 2151 quem-

869 2159 1018 2186 admodum
1032 2159 1059 2186 in
1073 2159 1162 2194 ipsum
1177 2160 1258 2186 etiam
1274 2160 1374 2195 impius
1387 2160 1436 2188 sis.
1454 2160 1572 2195 Apparet
1584 2162 1652 2189 duos

49 2203 86 2231 δύο
97 2207 236 2240 φαίνονται,
251 2209 291 2240 ὼς
303 2210 320 2244 ή
334 2209 429 2244 Γραφὴ
443 2208 529 2242 λέγει·
544 2208 599 2236 Kal
609 2209 692 2235 εἶπεν
706 2211 722 2235 ό
736 2209 815 2241 Θεός·

871 2213 930 2233 esse
947 2210 1097 2238 creatores,
1113 2206 1184 2233 sicut
1201 2206 1240 2233 ait
1254 2205 1413 2241 Scriptura:
1431 2207 1464 2233 Et
1480 2208 1549 2234 dixit
1560 2207 1630 2235 Deus
1641 2216 1652 2236 :

49 2250 202 2287 Ποιήσωμεν
223 2253 381 2287 ἄνθρωπον
403 2254 466 2280 κατ’
481 2254 581 2281 εἰκόνα
601 2254 747 2289 ἡμετέραν
769 2255 818 2281 καὶ

49 2297 101 2323 καθ’
113 2299 248 2332 ὁμοίωσιν
263 2299 297 2325 ³⁵.
323 2299 360 2325 Th
372 2298 543 2334 ποιήσωμεν
560 2299 606 2326 δύο
632 2299 775 2335 σημαίνει,
799 2300 815 2335 ἧ

48 2341 164 2377 πλείονας,
175 2345 244 2380 πλὴν
254 2346 305 2381 οὐχ
317 2344 376 2372 ἕνα.

75 2398 127 2426 XII.
138 2402 190 2428 Καὶ
201 2402 216 2428 ὁ
228 2402 334 2438 Πέτρος
342 2402 507 2437 ἀπεκρίνατο
515 2410 521 2416 '
536 2397 586 2433 Εἷς
595 2402 668 2429 ἐστὶν
681 2403 695 2429 ὁ
715 2403 748 2437 τῇ
765 2402 814 2428 αὑ-

47 2443 85 2470 τοῦ
99 2445 172 2481 σοφίᾳ
180 2446 278 2473 εἰπών·
294 2446 470 2481 Ποιήσωμεν
492 2445 657 2481 tit—0901.107.
677 2447 709 2473 Ἡ
728 2446 756 2472 δὲ
771 2455 814 2472 σο-

75 2507 87 2521 ·
104 2501 166 2531 Gen.
181 2511 200 2535 I,
217 2504 263 2531 26.

871 2251 1015 2278 Faciamus
1027 2251 1156 2278 hominem
1168 2251 1202 2278 ad
1213 2258 1332 2279 nostram
1357 2253 1499 2287 imaginem
1513 2258 1537 2280 et
1556 2253 1653 2280 simili-

871 2297 986 2325 tudinem
1003 2304 1027 2325 ⁸.
1044 2297 1188 2326 Faciamus
1215 2298 1284 2325 duos
1311 2298 1460 2333 signiﬁcat,
1477 2303 1524 2326 aut
1549 2299 1650 2334 plures,

869 2349 941 2371 certe
956 2352 1008 2372 non
1025 2353 1120 2372 unum.

902 2401 960 2429 Xll.
980 2402 1012 2430 Et
1024 2402 1120 2430 Petrus
1132 2403 1288 2438 respondit:
1304 2402 1381 2430 Unus
1392 2407 1442 2434 est,
1453 2403 1499 2437 qui
1512 2403 1651 2438 sapientia;

868 2456 926 2476 sua:
936 2449 1021 2476 dixit:
1035 2448 1178 2476 Faciuntne
1190 2450 1330 2476 Iwminem.
1345 2449 1413 2476 Huic
1424 2457 1487 2476 vero
1501 2449 1650 2484 sapientiai,

684 2593 800 2621 VARUE
818 2593 1018 2621 LECTIONES.

82 2658 101 2673 '°
109 2659 177 2696 καθ“ὃ
189 2661 219 2688 C.
240 2662 264 2678 ιι
284 2661 365 2688 τοῦτο
379 2660 489 2688 0.Tum
505 2662 546 2688 δεῖ
557 2661 629 2696 conj.
645 2661 664 2687 li
680 2682 688 2694 ,
703 2663 750 2696 qui
763 2662 789 2689 in
802 2666 875 2689 textu
892 2662 946 2689 δεῖν
959 2668 987 2690 ut
999 2662 1031 2690 0.
1052 2663 1074 2678 "
1089 2663 1176 2689 εἰπεῖν
1186 2670 1241 2690 om.
1260 2662 1292 2690 0.
1327 2662 1349 2678 ’³
1364 2662 1384 2688 C
1410 2663 1489 2689 vertit
1506 2662 1583 2692 (ιιιοεί
1597 2662 1648 2696 legi

49 2692 188 2731 tolueritral
203 2696 285 2724 αὐταί
302 2696 333 2724 S.
373 2697 396 2712 "
411 2696 448 2724 Ita
464 2695 486 2724 Ο
514 2705 537 2724 c.
550 2697 580 2724 Cl
595 2692 822 2731 [ἐνδομοίχοῦσαν
838 2697 868 2724 C.
883 2697 942 2724 Vid.
953 2697 1029 2725 Hum.
1053 2703 1091 2729 XI,
1107 2697 1123 2724 6
1138 2702 1165 2725 et
1182 2699 1225 2725 11.
1265 2698 1286 2714 ’⁸
1301 2697 1374 2731 λέγει
1396 2697 1425 2724 Cl
1460 2702 1486 2724 et
1511 2696 1530 2723 S
1546 2717 1552 2727 ,
1570 2692 1649 2723 meti-

49 2726 112 2766 dese:
133 2730 225 2766 _"6-:e
236 2731 268 2759 0.
288 2731 421 2766 Deinceps
436 2732 557 2766 βούλεται
574 2726 605 2758 ϐξ
646 2726 770 2763 ’τἐῑδὲας
785 2732 814 2759 C.
853 2732 876 2748 ’³
883 2731 959 2763 ὄντος
970 2733 999 2758 (ἶ.

1040 2732 1062 2748 ’⁸
1075 2733 1161 2759 εὶδέαν
1174 2733 1205 2760 (Σ.
1241 2733 1262 2748 ³ο
1270 2732 1308 2767 τῷ
1323 2732 1424 2759 inserui
1434 2740 1459 2759 (ι.
1473 2731 1506 2760 Ο.
1546 2732 1567 2748 ³¹
1582 2732 1650 2758 ἀπο-

48 2760 152 2823 )ειῧθείς
173 2767 336 2801 conjectavit
358 2766 379 2794 C
391 2760 411 2798 l,
426 2760 637 2806 ἆπολειφβείσης
670 2765 741 2793 idem
760 2760 801 2792 'in
815 2771 899 2799 textu,
922 2760 956 2794 ut
973 2767 1005 2794 Ο.
1045 2768 1067 2809 ξ’
1086 2768 1174 2794 εἰδέαν
1188 2768 1218 2795 C.
1243 2760 1343 2794 Deinde
1363 2767 1423 2808 dedi
1437 2768 1485 2811 ἵνα,
1499 2781 1534 2787 -
1547 2768 1649 2810 ἐπιγνῳ

49 2805 61 2821 C
121 2799 232 2823 ἒπιννιῖιυ
248 2802 268 2823 (ἶ
280 2810 286 2815 -
312 2806 414 2823 rm‘tllm
427 2802 479 2823 inm
496 2802 562 2823 vidit
575 2802 604 2823 ς.
644 2801 666 2819 ³³
683 2801 790 2823 ἀλλάξει
808 2800 839 2823 ἢ.
878 2802 899 2819 ³⁸
919 2803 1016 2823 Ῐὶι-μςςι-
1034 2804 1138 2823 rnlplur
1160 2803 1260 2823 ταύτην
1275 2807 1334 2823 ηηςι
1353 2811 1374 2821 τι
1392 2802 1418 2823 ’δὲ
1439 2812 1482 2823 wn
1511 2800 1530 2823 ς
1557 2801 1645 2823 ηυνὲτι

49 2805 61 2821 c
81 2799 101 2823 υ
121 2799 232 2834 ἒπιγνῶν
248 2802 287 2834 C;
312 2806 414 2828 rectum
424 2802 479 2835 jam
496 2799 562 2828 vidit
575 2799 621 2827 8-⁷
644 2801 666 2819 ³³
683 2801 790 2834 ἀλλάξει
808 2800 840 2829 Ο.
878 2802 899 2819 ³⁸
919 2803 1016 2830 Dcessc
1034 2804 1138 2831 videtur
1160 2803 1260 2839 ταύτην
1275 2807 1337 2838 post
1353 2802 1375 2828 si
1392 2802 1420 2828 δὲ
1439 2802 1494 2829 καί.
1511 2800 1538 2828 S.
1557 2799 1647 2828 οὐχὲτί

51 2838 94 2858 σιτ.
110 2832 139 2860 0.
176 2836 197 2851 ³³
220 2837 278 2863 κατ’
301 2836 393 2863 εἰκόνα
411 2837 456 2863 καὶ
471 2836 530 2863 καθ’
541 2836 670 2863 ὁμοίωσιν
683 2837 819 2863 ἡμετέραν
835 2837 864 2863 C.

89 2852 94 2858 .
110 2837 139 2860 υ.
176 2837 197 2851 ³³
220 2837 278 2863 κατ’
301 2837 393 2863 εἰκόνα
411 2837 456 2863 καὶ
471 2837 530 2863 καθ’
541 2837 670 2872 ὁμοίωσιν
683 2837 819 2872 ἡμετέραν
835 2837 864 2864 C.
