1917 3100
265 157 315 185 587

710 157 737 184 5.
757 155 976 183 CLEMEATISI
998 154 1037 182 ιι(

1102 152 1201 180 ΡΟΝΤ.
1221 152 1335 181 OPERA
1355 153 1466 182 DLBIA.
1830 156 1874 183 388

266 214 394 240 mendum
409 219 469 240 esse
491 212 591 239 dixerit
612 216 642 238 ut
664 211 768 246 justum
791 211 886 243 Deum,
912 210 945 238 ad
966 218 1036 245 qnen

1098 207 1178 242 ὑμῖν,
1194 207 1304 234 τοῦτον
1319 207 1476 243 φοϐήθητε.
1494 210 1555 238 Ὅτι
1570 211 1598 239 δὲ
1621 212 1705 244 ὅντως
1721 212 1817 240 τοῦτον
1835 223 1875 248 φο-

264 263 293 286 et
312 258 410 293 injuria
425 258 535 285 allectos
555 257 593 284 ait
614 257 742 287 clamare.
760 256 913 291 parabolatn
939 257 971 283 ad
987 264 1047 284 eam

265 311 323 332 rem
341 303 482 339 proferens
496 303 748 337 interpretationem
762 301 911 336 subjungit,
933 302 1025 328 dicens
1040 310 1046 328 :

266 349 297 378 St
313 358 374 384 ergo
393 349 476 384 judea:
499 349 649 383 iniquitatis
671 348 712 374 ita
732 347 804 382 fecit,
816 347 884 382 quod
904 347 1048 381 stt-nissime

266 401 414 431 rogaretur,
427 399 524 430 quanto
540 395 623 429 magis
641 393 722 420 Pater
737 394 815 428 faciet
834 393 975 420 vindictam
990 392 1047 418 clu-

265 441 395 467 manlium
418 441 452 467 ad
474 449 501 467 se
522 441 564 467 die
585 449 616 466 ac
635 441 729 467 nocte?
751 441 802 472 Λη,
817 440 879 474 quia
894 440 996 474 patiens
1008 444 1046 466 est

264 494 326 521 erga
346 486 415 519 illos,
431 486 532 521 putatis
550 486 618 520 quod
643 494 692 512 non
712 485 810 519 faciet?
829 485 962 520 Profecto,
987 485 1046 511 dico

265 532 349 565 vobis,
376 532 465 566 faciet,
487 537 511 558 et
529 533 581 558 cito
595 538 618 558 ι.
633 531 768 559 Caeterum
787 532 834 567 qui
863 531 1044 558 vindicantem

263 583 290 605 et
306 581 522 606 remunerantem
546 578 611 604 dicit
632 577 715 604 Deum
727 598 735 611 ,
746 578 849 612 justum
871 585 932 604 eum
948 581 1045 604 natura

263 623 421 656 conﬁrmat,
435 628 461 651 et
479 632 532 650 non
552 624 662 651 bonum.
678 624 810 651 Praeterea
831 623 976 650 conﬁtetur
990 622 1045 649 Do-

263 669 338 697 mino
353 669 414 697 caeli
437 673 464 696 et
485 673 562 696 terra:
576 669 600 695 1⁷.
614 669 692 702 Quod
717 669 740 696 si
760 668 892 696 Dominus
916 673 958 696 est
983 667 1045 695 ρωιί

262 719 289 742 et
306 719 393 748 terrm,
408 714 560 742 admittitur
573 721 634 741 esse
648 714 795 748 Conditor;
812 714 857 749 qui
872 719 961 741 autem
973 713 1044 741 Con-

261 761 333 788 ditor
352 765 403 793 est,
424 761 516 795 justus
539 765 590 787 est.
617 759 771 794 Aliquando
797 761 898 788 bonum
918 760 1043 792 dicendo,

262 806 409 840 aliquando
431 806 546 840 justum,
575 813 663 840 neque
687 807 726 833 sic
751 811 894 833 consonat.
920 805 1042 832 Tertium

262 858 326 878 vero
342 851 406 885 quid
421 851 530 886 sapiens
546 851 619 878 illius
633 851 782 886 discipulus
804 851 861 878 lteri
880 851 1041 884 afﬁrmabat,

1098 252 1212 288 6ηοἦναι
1228 252 1319 286 ἔλεγεν
1335 253 1373 284 ὡς
1385 253 1488 281 δίκαιον
1499 254 1576 288 Θεὸν,
1588 255 1655 292 πρὸς
1674 257 1703 283 ὃν
1716 257 1766 283 καὶ
1777 256 1874 284 ἀδικου-

1099 298 1196 333 μένους
1214 298 1277 333 βοᾷν
1289 297 1372 332 λέγει,
1386 299 1543 335 παραϐολὴν
1559 303 1599 334 εἰς
1619 302 1698 329 τοῦτο
1713 302 1800 330 εἰπὼν
1815 304 1875 331 ἐπα-

1097 352 1140 378 γει
1151 344 1200 379 τὴν
1212 344 1360 380 ἑρμηνείαν
1372 345 1469 379 λέγων·
1483 348 1518 373 El
1532 347 1589 374 οὖν
1603 349 1620 375 ὀ
1635 347 1739 383 κριτὴς
1752 348 1809 382 τῆς
1820 348 1876 376 ddi-

1097 390 1163 422 κίίις
1185 390 1330 424 ἐποίησεν
1350 391 1453 424 οὕτως,
1479 393 1527 420 διὰ
1549 393 1582 420 τὸ
1598 394 1744 423 ἑκάστοτε
1757 395 1876 429 ἀξιωθῆσ

1096 443 1156 465 ναι,
1174 437 1258 467 πόσῳ
1269 436 1391 470 μᾶλλον
1406 439 1423 464 ό
1437 438 1538 472 Πατὴρ
1553 439 1672 472 ποιήσει
1688 440 1747 474 τὴν
1767 440 1877 475 ἐκδίκη-

1096 488 1148 507 σιν
1160 480 1219 507 τῶν
1228 481 1371 513 ,βοώντων
1384 483 1457 517 πρὸς
1469 483 1562 510 αὑτὸν
1575 485 1685 519 ἡμέρας
1698 486 1749 512 καὶ
1759 487 1876 519 νυκτός

1097 520 1116 553 ἢ
1146 527 1167 543 ⁸⁸
1176 527 1223 554 διὰ
1235 527 1266 554 τὸ
1279 529 1480 566 μακροθυμεῖν
1494 530 1586 558 αὐτὸν
1598 531 1644 558 ἐπ’
1654 532 1757 566 αὐτοῖς
1771 532 1876 560 δοκεῖτε

1096 571 1141 599 ὅτι
1156 573 1191 599 οὐ
1216 573 1350 606 ποιήσει;
1374 567 1478 607 Nai“,
1492 575 1569 610 λέγω
1591 577 1671 612 ἰψῖν,
1687 578 1818 611 ποιήσει,
1833 579 1877 605 χιιι

1095 616 1129 643 ὲν
1147 617 1238 651 τάχει.
1268 618 1296 644 '0
1313 619 1340 645 δὲ
1361 619 1520 647 ἐκδικοῦντα
1534 621 1615 656 337
1634 623 1681 649 καὶ
1693 623 1875 658 -ἀμεισόμενον

1095 662 1181 697 λέγων
1196 663 1261 690 Θεὸν
1282 664 1384 691 δίκαιον
1406 666 1486 692 αὐτὸν
1505 669 1538 702 τῇ
1555 667 1633 702 φύσει
1655 669 1822 704 συνίστησιν,
1835 670 1875 696 καὶ

1094 709 1144 735 οὐκ
1163 709 1273 743 ἀγαθόν.
1292 711 1352 736 Ἔτι
1372 711 1400 737 δέ
1417 712 1462 738 καὶ
1481 712 1503 728 ³ο
1522 713 1720 748 ἐξομολογείται
1737 714 1776 749 τῷ
1789 715 1875 750 Κυρίῳ

1093 754 1207 790 οὺρανοῦ
1230 756 1277 782 καὶ
1290 756 1352 791 γῆς.
1376 757 1406 783 Ei
1431 758 1459 784 δὲ
1483 758 1585 793 Κύριός
1606 760 1680 787 ἐστιν
1701 760 1819 796 οὐρανοῦ
1835 762 1875 787 καὶ

1094 801 1155 837 γῆς,
1179 801 1347 837 ὁμολογεῖται
1369 803 1542 840 δημιουργὸς,
1565 805 1728 841 δημιουργὸς
1744 806 1773 832 δὲ
1789 806 1825 833 ὢν
1840 807 1874 833 δί-
1895 812 1899 815 ”

1094 847 1170 878 καιός
1187 848 1267 874 ἐστιν.
1282 848 1349 875 Ποτὲ
1363 849 1411 884 μὲν
1422 850 1522 884 ἀγαθὸν
1534 850 1630 885 λέγων,
1643 852 1708 878 ποτὲ
1725 852 1754 878 δὲ
1768 852 1873 883 δίκαιον,

260 897 445 931 operationem
468 897 573 924 visione
600 898 732 932 potiorem
755 905 832 929 esse,
850 897 972 931 ignarus,
989 897 1037 924 evi-

1092 893 1240 926 οὐδὀὖτως
1264 897 1410 930 συμφωνεῖ,
1431 895 1526 931 Τρίτον
1545 896 1573 922 δὲ
1595 898 1609 924 ὁ
1631 898 1712 932 σοφὸς
1732 897 1814 924 αὖτοῦ
1829 906 1874 933 μα-

259 943 378 969 dentiam
401 950 481 977 posse
501 950 562 970 esse
586 943 744 975 humanam,
768 947 873 970 eertum
898 950 962 969 vero
983 950 1043 969 esse

258 988 329 1023 apud
347 996 452 1021 omnes,
465 989 596 1016 visionem
609 989 642 1016 ad
658 988 828 1016 Divinitatem
842 989 986 1023 pertinere.

294 1122 338 1149 VI.
366 1121 428 1149 Hazc
443 1126 524 1156 atque
547 1121 589 1149 his
610 1121 686 1156 paria
699 1142 707 1154 ,
724 1121 823 1154 Petre,
847 1120 941 1148 Simon
963 1125 1040 1149 extra

256 1173 333 1196 stans
347 1169 411 1195 dum
427 1168 596 1195 multitudini
612 1168 740 1194 edisserit
751 1188 758 1200 ,
776 1167 869 1200 plures
883 1167 950 1194 mihi
966 1167 1041 1195 vide-

256 1219 301 1241 tur
313 1214 491 1242 conturbare.
508 1213 646 1246 Quocirca
659 1213 702 1240 cxi
717 1214 820 1246 statim,
836 1219 862 1240 et
877 1214 901 1240 vi
916 1214 1040 1241 veritatis

256 1258 340 1287 falsos
353 1259 414 1294 ejus
431 1259 551 1286 dissolve
575 1267 728 1286 sermones.
747 1258 853 1292 Quibus
873 1267 888 1286 a
908 1259 1040 1287 Zaechmo

255 1304 336 1332 dictis
351 1326 358 1337 ,
379 1304 477 1331 Petrus
496 1312 545 1339 pro
570 1312 646 1332 more
669 1308 797 1339 precatus
825 1312 952 1339 egressus
977 1311 1037 1337 cst.

256 1357 376 1384 cumque
393 1351 419 1376 in
438 1350 533 1377 eodem
550 1350 627 1382 loco,
644 1350 671 1376 in
686 1357 741 1384 quo
754 1350 889 1384 superiori
903 1350 956 1383 die,
972 1358 1040 1378 con-

255 1395 388 1428 stitissot,
410 1403 442 1422 ac
463 1403 497 1422 ex
517 1396 659 1430 religionis
685 1396 884 1423 consuetudine
908 1397 1037 1431 populum

255 1442 414 1474 salutasset,
431 1441 469 1468 ita
484 1442 567 1476 cmpit
581 1441 656 1475 loqui
674 1449 681 1467 :
699 1440 832 1469 Dominus
852 1447 946 1469 noster
957 1441 1038 1469 Jesus

254 1487 400 1520 Christus,
426 1491 517 1522 utpote
535 1495 616 1514 verus
638 1486 773 1522 Propheta
797 1488 1036 1522 (quemadmodum

255 1534 283 1561 in
299 1538 419 1568 tempore
435 1541 465 1560 ea
480 1541 590 1568 quoque
603 1533 637 1560 de
652 1541 681 1560 re
701 1534 948 1560 demonstrationes
972 1534 1037 1560 all'e-

254 1580 337 1614 ram),
352 1580 424 1607 circa
443 1587 486 1611 ea,
499 1587 560 1614 quae
576 1580 609 1606 ad
628 1579 769 1606 veritatem
786 1583 926 1614 spectant,
941 1579 1036 1607 breves

254 1625 319 1652 fecit
333 1625 493 1657 sententias,
509 1629 618 1659 propter
631 1624 689 1652 haec
704 1624 769 1656 duo,
782 1624 911 1658 primum,
925 1624 989 1658 quia
1003 1624 1036 1651 ad

252 1669 313 1705 pios
328 1670 503 1704 loquebatur.
516 1670 633 1696 scientes
645 1669 679 1695 ah
690 1676 722 1695 eo
736 1677 784 1703 per
796 1669 958 1695 sententiam
974 1676 1037 1702 pro-

253 1717 307 1744 lata
333 1717 452 1744 credere.
480 1716 572 1751 Neque
590 1716 662 1743 enim
689 1723 760 1742 nova
784 1720 863 1742 erant
887 1715 920 1742 ad
941 1723 1035 1742 eorum

251 1763 476 1791 consuetudinem
489 1784 497 1796 ,
515 1771 576 1797 quas
589 1762 762 1790 dicebantur.
782 1761 909 1788 Secundo
923 1766 1013 1788 autem
1027 1782 1034 1795 ,

252 1810 316 1845 quia
334 1810 437 1837 habens
450 1809 615 1844 pra-ﬁnitum
630 1807 833 1844 prmdieationis
849 1811 956 1842 tempus
970 1815 1035 1842 pro-

251 1856 407 1884 bationibus
415 1863 468 1883 non
481 1855 619 1887 utebatur,
633 1862 666 1881 ne
682 1854 708 1881 in
724 1861 865 1881 sermones
876 1861 958 1881 omne
969 1853 1034 1880 illud

251 1906 357 1936 tempus
374 1901 525 1928 insumeret
537 1922 544 1933 ,
568 1901 663 1935 sicque
679 1900 703 1927 ei
726 1900 905 1934 contingeret,
927 1904 956 1926 ut
970 1899 1034 1926 dum

250 1952 432 1982 occuparetur
447 1946 475 1973 in
488 1945 760 1981 interpretationibus
772 1952 922 1980 paucorum
936 1944 1035 1971 νοτιω-

250 2001 322 2024 nun,
337 2001 398 2028 qua:
411 2001 473 2020 cum
489 1993 582 2019 labore
598 1992 681 2018 animi
699 1996 811 2026 possent
825 1990 954 2026 intelligi,
968 1990 1035 2017 doc-

250 2039 350 2065 trinam
364 2037 487 2065 veritatis
499 2045 552 2064 non
567 2036 682 2063 multum
697 2040 881 2071 promoveret.
896 2035 989 2070 Itaque
999 2035 1033 2062 de

250 2085 350 2118 quibus
365 2084 473 2111 volebat
489 2083 699 2118 pronuntiabat,
716 2088 746 2109 ut
758 2082 859 2117 populo
873 2081 972 2109 valenti
988 2082 1032 2108 in-

251 2129 383 2164 telligere,
401 2137 432 2157 ex
454 2129 554 2164 quibus
570 2136 620 2156 nos
633 2128 716 2155 etiam
736 2135 831 2155 sumus
841 2148 849 2160 ,
863 2127 909 2162 qui
923 2126 1032 2162 quanth

251 2175 288 2210 (id
303 2175 375 2210 quod
391 2182 454 2202 raro
475 2174 583 2209 accidit)
605 2174 639 2201 ab
651 2181 683 2200 eo
697 2173 770 2201 dicta
791 2181 845 2200 non
865 2173 1033 2208 percipieba-

1092 938 1176 974 θητὴς
1193 939 1269 975 ἐχθὲς
1284 940 1305 955 ¹¹
1319 940 1508 977 διισχυρίζετο,
1521 942 1662 978 ἐνάργειαν
1676 944 1811 976 ὀπτασίας
1823 945 1875 971 ἱκα-

1091 985 1210 1020 νωτέραν
1227 983 1305 1017 εἶναι,
1332 987 1381 1014 οὐκ
1398 986 1476 1019 εἰδὼς
1496 988 1537 1014 ὅτι
1559 989 1577 1024 ἡ
1592 989 1720 1025 ἐνάργεια
1736 991 1761 1005 ’³
1777 990 1874 1026 ἅνθρω-

1093 1030 1154 1056 πεία
1170 1029 1237 1058 εἶναι
1255 1031 1374 1064 δύναται,
1390 1034 1406 1068 ἡ
1419 1033 1447 1059 δὲ
1458 1033 1575 1061 ὁτπασία
1593 1033 1719 1070 θεότητος
1732 1033 1802 1062 εἶναι
1818 1037 1874 1072 ὁμο-

1091 1076 1216 1109 λογεῖται.

1127 1121 1170 1148 VI.
1187 1122 1279 1149 Ταῦτα
1295 1123 1342 1150 καὶ
1358 1123 1393 1150 τὰ
1405 1124 1510 1156 τούτοις
1525 1125 1620 1160 ὅμοια,
1635 1125 1723 1161 Πέτρε
1733 1147 1741 1158 ,
1759 1127 1774 1153 ὸ
1790 1127 1872 1162 Σίμων

1089 1167 1145 1198 τοῖς
1159 1166 1247 1201 ὄχλοις
1269 1167 1321 1200 ἔξω
1338 1167 1425 1199 ἑστὼς
1441 1170 1488 1195 καὶ
1504 1169 1527 1184 ¹³
1545 1169 1756 1205 διαλεγόμενος,
1780 1172 1872 1206 ταράσ-

1090 1219 1146 1238 σειν
1169 1221 1214 1248 μοι
1238 1213 1312 1239 δοκεῖ
1332 1214 1396 1245 τοὺς
1419 1214 1554 1246 πλείονας.
1577 1215 1623 1241 Διὸ
1646 1216 1767 1252 ἐξαυτῆς
1790 1217 1871 1251 ἔξιθι,

1089 1257 1217 1292 ἀληθείας
1230 1259 1342 1294 δυνάμει
1354 1261 1418 1291 τοὺς
1431 1260 1512 1287 αὑτοῦ
1526 1261 1633 1295 ψευδεῖς
1646 1263 1753 1290 ἐκλύων
1773 1263 1869 1298 λόγους⁴

1089 1304 1181 1331 Ταῦτα
1191 1304 1238 1331 τοῦ
1251 1305 1385 1340 Ζακχαίου
1398 1307 1519 1340 εἰπόντος
1531 1309 1545 1334 ὁ
1556 1307 1657 1344 Πέτρος
1668 1309 1794 1344 συνήθως
1804 1310 1872 1342 εὐξά-

1091 1358 1170 1384 μενος
1188 1350 1275 1385 ἐξῄει,
1297 1352 1344 1378 καὶ
1360 1352 1400 1383 εἰς
1418 1353 1464 1379 τὸν
1480 1353 1534 1388 πρὸ
1551 1354 1616 1389 μιᾶς
1627 1354 1710 1381 τόπον
1728 1355 1813 1387 στὰς,
1829 1356 1871 1382 καὶ

1088 1394 1127 1430 τῷ
1143 1396 1192 1431 τῆς
1209 1396 1362 1429 θεοσεϐείας
1378 1398 1432 1424 ἔθει
1449 1399 1672 1435 προσαγορεύσας
1689 1401 1757 1432 τοὺς
1772 1401 1869 1436 ὄχλους,

1087 1440 1133 1466 τοῦ
1154 1440 1243 1475 λέγειν
1266 1442 1366 1478 ἤρξατο
1389 1443 1485 1476 οὕτως·
1511 1445 1624 1480 Ἀληθὴς
1638 1445 1675 1472 ὣν
1697 1448 1840 1482 προφήτης
1858 1449 1870 1473 ὁ

1088 1483 1188 1520 Κύριος
1202 1485 1280 1520 ἡμῶν
1298 1485 1402 1521 Ἰησοῦς
1414 1487 1530 1522 Χριστὸς
1543 1488 1574 1521 ’⁸,
1596 1489 1634 1521 ὡς
1649 1489 1696 1515 ἐπὶ
1718 1491 1814 1526 καιροῦ
1831 1491 1870 1517 καὶ

1088 1530 1152 1565 περὶ
1164 1531 1258 1557 τούτου
1273 1532 1325 1567 πλη
1331 1534 1473 1569 ροφορήσω
1484 1554 1491 1566 ,
1506 1534 1569 1570 περί
1581 1535 1634 1561 τῶν
1645 1538 1679 1572 τῇ
1693 1536 1810 1572 ἀληθείᾳ
1820 1537 1870 1563 δια-

1088 1576 1223 1611 φερόντων
1238 1578 1377 1613 συντόμως
1393 1578 1443 1610 τὰς
1455 1579 1606 1614 ἀποφάσεις
1619 1582 1739 1608 ἐποιεῖτο
1749 1602 1757 1614 ,
1775 1582 1818 1609 διὰ
1829 1583 1869 1609 δύο

1086 1622 1173 1649 ταῦτα
1186 1623 1218 1655 ’⁸,
1234 1623 1274 1650 ὃτι
1288 1625 1355 1660 πρὸς
1368 1624 1504 1658 θεοσεϐεῖς
1520 1627 1637 1653 ἐποιεῖτο
1649 1627 1694 1654 τὸν
1708 1628 1800 1662 λόγον,
1811 1630 1871 1656 ειδό-

1085 1676 1135 1699 τας
1155 1668 1189 1694 τὰ
1211 1669 1346 1704 ἀποφάσει
1369 1670 1415 1696 ὑπ’
1435 1670 1518 1697 αὑτοῦ
1537 1673 1710 1708 ἐκφερόμενα
1725 1675 1869 1701 πιστεύειν

1086 1714 1146 1740 οὐδὲ
1159 1714 1212 1750 γὰρ
1223 1713 1256 1750 ἦν
1273 1715 1335 1748 ξένα
1355 1716 1404 1752 τῆς
1417 1718 1505 1744 αὐτῶν
1522 1719 1666 1754 συνηθείας
1679 1721 1714 1747 τὰ
1729 1721 1869 1757 λεγόμενα.

1086 1760 1215 1796 Δεύτερον
1237 1761 1264 1787 δὲ
1285 1762 1325 1788 ὅτι
1349 1763 1519 1798 προθεσμίαν
1545 1764 1614 1800 ἔχων
1630 1766 1748 1801 κηρύξαι
1773 1767 1811 1802 τῷ
1828 1768 1871 1803 τῆς

1086 1805 1249 1838 ἀποδείξεως
1259 1807 1308 1833 οὐκ
1315 1807 1417 1843 ἐχρῆτο
1423 1808 1503 1844 λόγῳ,
1511 1809 1593 1844 338
1601 1809 1644 1837 ἵνα
1651 1811 1688 1845 μὴ
1697 1811 1737 1842 εις
1748 1811 1844 1845 λόγους
1852 1812 1871 1827 ¹⁶

1085 1850 1129 1878 τὸν
1147 1852 1234 1879 πάντα
1247 1852 1298 1888 τῆς
1319 1853 1489 1889 προθεσμίας
1505 1855 1618 1891 δαπανῷ
1641 1857 1664 1873 ⁸³
1688 1858 1788 1893 χρόνον
1800 1878 1807 1889 ,
1829 1859 1870 1886 καὶ

1084 1895 1170 1928 οὕτως
1183 1896 1257 1932 αὐτῷ
1271 1898 1447 1933 συμϐήσεται,
1464 1900 1504 1931 εἰς
1515 1900 1611 1935 ὀλίγων
1637 1901 1723 1937 λόγων
1736 1904 1870 1935 ἐπιλύσεις

1084 1942 1285 1978 ἀσχολουμένῳ,
1299 1943 1353 1971 τῶν
1366 1944 1418 1971 ὑπὸ
1429 1945 1510 1972 πόνου
1521 1946 1610 1982 ψυχῆς
1621 1949 1740 1975 νοεῖσθαι
1758 1951 1870 1986 δυναμέ-

1084 1997 1147 2020 νων,
1161 1989 1224 2020 τοὺς
1239 1989 1352 2025 ἀληθείᾳ
1365 1990 1544 2026 διαφέροντας
1561 1993 1598 2028 μὴ
1612 1994 1657 2020 ἐπὶ
1677 1995 1772 2022 πλεῖον
1784 1996 1869 2030 εἰσφέ-

1086 2044 1141 2071 ρειν
1157 2035 1180 2051 “
1196 2035 1301 2070 λόγους.
1322 2037 1429 2073 Ἐπειδὴ
1445 2038 1509 2074 περὶ
1526 2035 1563 2066 ὧν
1576 2039 1670 2074 ἤθελεν
1689 2041 1868 2075 ἀπεφαίνετο,

1083 2080 1120 2113 ὡς
1136 2081 1193 2117 λαῷ
1204 2084 1274 2109 νοεῖν
1286 2083 1436 2119 δυναμένῳ,
1457 2084 1502 2118 ἀφ’
1522 2081 1559 2111 ὧν
1576 2086 1659 2120 ἐσμεν
1680 2086 1727 2113 καὶ
1744 2089 1836 2122 ἡμεῖς,
1848 2087 1868 2113 ai

1083 2127 1162 2154 ὁπότε
1179 2127 1249 2154 κατὰ
1264 2128 1294 2154 τὺ
1318 2129 1430 2156 σπάνιον
1451 2130 1501 2156 οὐκ
1521 2131 1670 2166 ἐνοήσαμέν
1683 2140 1709 2158 τι
1722 2132 1745 2147 "
1761 2134 1816 2160 τῶν
1827 2134 1867 2159 ὑπ¹

1083 2174 1164 2201 αὐτοῦ
1180 2174 1325 2209 ῥηθέντων,
1341 2174 1394 2210 ἰδίᾳ
1407 2175 1622 2211 ἐπυνθανόμεθα,
1637 2177 1675 2213 μὴ
1692 2178 1761 2213 ἡμῖν
1779 2187 1805 2205 τι
1819 2179 1868 2205 ’τῶν

249 2229 324 2254 mus,
342 2228 464 2248 seorsum
484 2220 709 2253 sciscitabamur,
727 2227 761 2247 ne
778 2219 844 2254 quid
861 2227 955 2247 eorum
972 2227 1033 2255 quas

1091 2219 1128 2246 ’m‘
1140 2220 1221 2247 αὐτοῦ
1235 2221 1370 2256 ῥηθέντων
1386 2222 1498 2257 ἀνόητον
1512 2222 1533 2238 ³ο

247 2267 356 2294 dicebat
371 2267 451 2294 nobis
466 2271 538 2294 esset
556 2267 715 2293 obscurum.

286 2311 341 2339 VII.
359 2311 456 2339 Sciens
471 2319 552 2346 ergo,
570 2319 619 2338 nos
632 2315 730 2338 cuncta
743 2310 777 2338 ab
790 2318 823 2338 eo
838 2311 942 2345 prolata
963 2318 1030 2346 cog-

249 2366 373 2390 noscere,
386 2365 419 2385 ac
428 2365 509 2393 posse
521 2357 767 2385 demonstrationes
779 2358 909 2392 prazbere,
921 2358 1031 2392 quando

249 2404 324 2432 misit
336 2412 387 2432 nos
399 2404 432 2432 ad
447 2404 589 2438 imperitas
605 2406 709 2438 gentes,
721 2408 752 2430 ut
764 2410 812 2430 eos
827 2403 1030 2438 baptizarcmus

249 2450 277 2478 in
293 2450 482 2478 remissionem
501 2453 675 2484 peccatorum
692 2453 717 2482 ε,
735 2449 873 2484 praecepit,
901 2453 930 2475 ut
956 2449 1030 2483 prius

1114 2311 1168 2340 VII.
1185 2313 1269 2345 Εἰδὼς
1285 2311 1331 2341 οὖν
1343 2315 1416 2350 ἡμᾶς
1428 2315 1516 2342 πάντα
1531 2315 1634 2347 εἰδότας
1647 2314 1669 2331 ¹¹
1682 2315 1718 2342 τὰ
1731 2317 1779 2343 ὑπ’
1790 2315 1867 2343 αὐτοῦ

1085 2357 1200 2394 ρηθέντα
1217 2359 1264 2385 καὶ
1285 2358 1335 2390 τὰς
1350 2359 1502 2392 ἀποδείξεις
1514 2361 1664 2396 παρασχεῖν
1685 2359 1866 2396 δυναμέναις,

1083 2404 1123 2436 εἰς
1131 2402 1165 2430 τὰ
1172 2403 1266 2439 ἀμαθῆ
1276 2403 1339 2439 ἔθνη
1349 2404 1519 2431 ἀποστέλλων
1529 2406 1544 2440 ἡ
1550 2406 1612 2440 μᾶς,
1623 2405 1765 2440 βαπτίζειν
1775 2407 1867 2436 αὐτοὺς

1085 2450 1124 2481 εἰς
1136 2449 1231 2484 ἄφεσιν
1244 2450 1385 2486 ἁμαρτιῶν
1394 2471 1402 2483 ,
1425 2451 1578 2478 ἐνετείλατο
1599 2452 1664 2486 ἡμῖν
1681 2452 1817 2487 πρότερον
1830 2452 1866 2478 δι-

283 2553 296 2568 ι
314 2547 379 2576 Luc.
397 2556 475 2581 xvm,
490 2547 516 2574 6.
552 2547 565 2567 ιι
580 2546 672 2575 Matth.
687 2555 725 2580 χι,
737 2547 782 2574 9.5.
822 2552 832 2566 ε
848 2547 943 2574 Matth.
959 2556 1060 2582 nvut,
1075 2550 1118 2577 19.

898 2657 1015 2685 VARI/E
1034 2657 1232 2686 LECTIONES.

283 2725 306 2747 I'
320 2727 344 2752 el
374 2725 407 2753 0.
447 2725 467 2742 ¹⁹
489 2724 527 2752 Ita
543 2723 565 2751 0
599 2728 626 2751 et
645 2732 679 2752 ex
705 2724 822 2759 conject.
851 2725 871 2750 (ἒ
890 2746 897 2758 ,
924 2725 950 2751 in
980 2725 1035 2757 cui.
1056 2730 1128 2752 textu
1161 2726 1217 2752 καί.
1252 2725 1360 2752 Excidit
1386 2733 1430 2760 ap.
1453 2725 1484 2753 Cl
1513 2730 1540 2753 et
1565 2725 1593 2752 S.

247 2762 269 2778 ¹¹
290 2761 353 2796 χθές
373 2760 405 2788 Ο.
423 2760 492 2787 Tum
510 2760 651 2795 ἐνάργειαν
669 2760 742 2794 conj.
757 2760 809 2791 UL,
823 2760 962 2822 ὲνὶργειαν
973 2761 1006 2793 C,
1017 2759 1048 2787 0.
1106 2761 1128 2776 "
1143 2761 1272 2796 ἐνάργεια
1288 2768 1320 2787 ex
1339 2759 1453 2794 conject.
1471 2761 1499 2787 CI
1516 2781 1522 2793 ,
1541 2761 1642 2797 ἐνέργει

247 2798 344 2823 melius
364 2796 479 2823 abesset.
498 2795 526 2822 S.
566 2794 716 2829 ²⁸Χριστός
737 2795 799 2822 add.
820 2803 845 2821 c.
883 2815 889 2821 .
938 2795 960 2812 ’⁵
977 2795 1042 2821 Post
1066 2795 1150 2822 ταῦτα
1164 2797 1264 2822 excidit
1287 2795 1404 2822 fortasse
1423 2795 1530 2830 πρῶτον
1551 2796 1642 2830 μέν.5.

247 2794 344 2823 melius
364 2796 479 2823 abesset.
498 2795 526 2822 S.
559 2794 716 2829 "‘Xptcté;
737 2795 799 2822 add.
820 2803 845 2821 c.
858 2794 889 2822 Ο.

1393 2733 1441 2766 ξρι,
1453 2725 1498 2766 ει.
1513 2730 1548 2766 οι.
1565 2725 1593 2766 5.-
1646 2725 1746 2766 "-xsi
1760 2735 1816 2766 0'31-
1831 2726 1860 2766 0.-

1106 2761 1128 2776 "
1143 2761 1272 2796 ἐνάργεια
1288 2768 1320 2787 ex
1339 2761 1453 2794 conject.
1471 2761 1499 2787 (ΣΙ
1516 2781 1522 2793 ,
1541 2761 1745 2797 ἐνέργειαῦνυ.
1787 2762 1808 2776 ²³
1819 2761 1859 2787 καὶ

1106 2795 1150 2821 ita
1164 2797 1264 2822 excidit
1287 2795 1404 2822 fortasse
1423 2795 1530 2830 πρῶτον
1551 2796 1642 2830 μέν.5.
1702 2797 1726 2811 ’⁸
1740 2796 1816 2830 λόγον
1831 2796 1858 2822 0.

247 2832 269 2847 ⁸⁷
284 2831 390 2865 δαπανᾷ
464 2830 498 2866 ﬂ”
513 2830 637 2865 ἐκφέρειν
648 2865 652 2866 ν
665 2830 790 2864 proponit
811 2830 839 2857 S.
879 2831 901 2846 "
915 2838 941 2856 τι
954 2830 1049 2866 deesse
1073 2831 1141 2857 vidit
1154 2830 1173 2857 S
1198 2831 1270 2864 :jam
1294 2831 1409 2866 accessit
1428 2829 1460 2856 ex
1524 2829 1619 2857 Pestea
1633 2830 1669 2866 μή
1683 2839 1710 2858 c.
1732 2829 1858 2858 (ΣΙ-εὐηνι-

246 2866 331 2893 Βυὸιν.
347 2875 367 2897 ι,
379 2864 433 2892 297
444 2874 450 2898 ;
463 2864 506 2891 ἵνα
517 2864 630 2899 uterque
648 2865 721 2892 hom.
740 2866 814 2898 co.I.,
836 2865 878 2892 ἵνα
895 2866 930 2900 μή
943 2865 1016 2900 conj.
1033 2866 1061 2892 (Σ.
1102 2866 1124 2882 ⁵⁰
1144 2865 1181 2901 μὴ
1197 2865 1309 2901 ἀνόητον
1325 2874 1351 2900 p.
1368 2864 1513 2900 ἀνόητονΟ.
1555 2866 1577 2881 ⁵⁸
1593 2864 1699 2897 εἰδότας
1717 2867 1808 2894 πάντα
1828 2866 1855 2891 C.
