1917 3100
81 121 127 150 5θῖ

614 121 842 150 CLEMENTINA.
863 140 897 144 —
915 123 1057 151 IlOMlLIA
1077 123 1156 151 XVII.

1649 123 1701 152 393

83 179 276 217 λαμδῶιεσθαι]
298 181 367 216 παρ’
380 179 509 212 ὀπτασίας
527 179 669 213 ἀκούοντα,
684 181 701 216 ἢ
721 180 775 216 γὰρ
796 179 867 216 παρὰ

921 182 980 208 nire
993 188 1040 216 per
1050 180 1194 214 visionem,
1209 187 1291 215 quam
1306 188 1354 216 per
1368 180 1542 214 evidentiam.
1555 188 1702 217 aggressus

83 225 131 260 τῆς
144 224 288 260 ἐναργείας
301 224 470 262 [ἁκούοντα],
481 224 617 252 ἐπιϐαλὼν
631 225 660 252 δὲ
669 225 776 258 ἐπειθες
787 227 869 262 ἡμᾶς,

83 271 124 298 ὅτι
135 270 338 306 ἀσφαλέστερός
357 272 432 298 ἐστιν
452 271 466 297 6
488 271 533 298 ὑπ’
548 271 681 303 ὀπτασίας
703 271 810 298 ἀκούων
823 271 870 299 τοῦ

83 317 147 352 παρ’
161 317 246 352 αὐτῆς
255 317 278 332 ⁵⁸
298 317 443 353 ἐναργείας
461 317 613 349 ἀκούοντος.
634 317 724 353 Πέρας
744 317 808 352 γοῦν
827 317 871 344 διὰ

81 361 161 389 τοῦτο
175 362 242 398 ἐμοῦ
258 362 422 398 ἱκανώτερον
432 362 548 397 ἔφασκες
558 363 656 389 εἰδέναι
666 362 701 390 τὰ
710 363 757 389 τοῦ
771 362 869 399 Ἰησοῦ,

79 407 120 439 ὡς
132 408 186 434 ὑπὸ
199 407 332 440 ὀπτασίας
342 407 423 434 αὑτοῦ
433 407 557 443 ἀκηκοὼς
572 408 617 434 τὸν
630 407 717 443 λόγον.
727 408 801 443 Πλὴν
816 407 871 442 ἐγὼ

80 455 123 486 είς
133 454 165 480 τδ
178 454 306 490 ἀπαρχῆς
320 454 454 489 προταθὲν
469 454 669 490 ἀποκριναίμην
679 454 712 480 ⁵⁸.
721 454 749 480 'U
764 454 870 490 προφή-

77 509 140 536 της,
155 499 197 526 ὅτι
213 501 356 535 προφήτης
366 500 449 531 ἐστὶν,
464 500 675 536 πληροφορήσας
689 500 796 536 πρῶτον
807 500 870 536 περὶ

77 546 134 573 τῶν
146 546 270 582 ἐναργῶς
282 546 327 574 ὑπ’
339 545 420 572 αὐτοῦ
433 538 596 582 λεγομένων,
607 546 734 581 ἀσφαλῶς
746 546 871 573 πιστεύε-

76 602 134 625 ται,
151 594 199 620 καὶ
208 593 231 609 ⁹¹
242 592 343 628 ἀληθὴς
351 592 389 620 ὢν
404 593 646 628 προεπιγνωσθεὶς,
660 593 716 625 καὶ,
728 593 765 625 ὡς
778 594 792 619 6
808 601 870 628 μαν-

76 638 169 665 θάνων
184 638 266 671 θέλει,
283 638 435 672 ἐξετασθείς
451 638 498 665 καὶ
509 639 666 675 ἀνακριθεὶς
681 638 868 675 ἀποκρίνεται.

80 685 112 712 '0
126 685 156 712 δὲ
170 685 289 721 ὀπτασίᾳ
302 684 436 711 πιστεύων
450 684 466 720 ἢ
481 685 598 721 ὁράματι
612 685 659 711 καὶ
672 684 799 720 ἐνυπνίῳ,
809 685 869 711 ἑπι-

75 731 186 767 σφαλής
208 731 291 758 ἐστιν.
308 731 411 765 ’Δγνοεῖ
427 730 481 766 γὰρ
497 730 550 757 τίνι
571 730 702 758 πιστεύει.
718 731 869 767 Ἐνδέχεται

73 776 132 812 γὰρ
146 775 230 802 αὺτδν
248 775 265 811 ἢ
279 774 391 810 δαίμονα
406 774 488 802 κακὸν
504 772 583 807 εἶναι,
598 774 614 810 ἢ
636 774 743 810 πνεῦμα
757 775 867 807 πλάνον,

73 822 105 847 ἐν
128 820 170 856 τῷ
190 820 279 855 λέγειν
301 820 512 856 ὑποκρινόμενον
530 818 599 847 εἶναι
614 819 628 847 6
644 821 680 856 μή
695 821 780 847 ἐστιν.
796 821 828 848 Et
845 821 867 848 δ’

72 866 129 902 ἄρα
142 866 167 882 ’³
176 875 220 897 τις
230 865 372 902 βουληθείη
383 866 563 893 πυνθάνεσθαι
577 866 608 893 τὸ
618 866 659 898 τίς
670 866 702 893 ἂν
740 867 754 893 6
763 867 865 901 φανεὶς,

71 912 189 939 δύναται
207 912 296 947 λέγειν
311 911 400 948 ἑαυτῷ
418 912 432 938 6
449 911 581 948 βούλεται.
597 913 652 939 Kal
665 911 750 944 οὕτως
764 913 802 945 ὠς
819 922 868 940 πο-

71 958 158 995 νηρὸς
181 958 334 994 ἀστράψας,
358 958 451 994 μείνας
473 958 535 984 ὅσον
558 957 639 990 θέλει,
660 957 865 990 ἀποσϐέννυται,

73 1003 114 1039 μὴ
131 1003 303 1040 παραμείνας
318 1003 358 1039 τῷ
379 1002 570 1038 πυνθανομένῳ
588 1004 628 1035 είς
641 1004 782 1039 ἀνάκρισιν
805 1004 866 1030 ὅσον

72 1049 221 1086 ἠθέλησεν.
233 1049 282 1077 Διὰ
297 1049 326 1076 δὲ
340 1049 472 1076 ἐνυπνίων
486 1048 557 1086 ὀρῶν
571 1057 613 1080 τις
627 1049 651 1065 ⁸⁸
661 1049 721 1076 οὐδὲ
736 1049 866 1076 πυνθάνε-

74 1096 138 1122 σθαι
161 1096 274 1122 δύναται
295 1096 360 1132 περὶ
373 1091 411 1122 ὧν
426 1094 560 1131 βούλεται.
577 1095 614 1122 οὐ
635 1095 689 1132 γὰρ
706 1095 774 1128 ιδίας
791 1094 866 1128 ἐξου-

74 1142 136 1174 σίας
157 1143 234 1168 ὲστὶν
254 1142 268 1168 6
287 1141 416 1177 λογισμὸς
436 1141 484 1168 τοῦ
505 1140 786 1177 κοιμωμένου.Ἕνθεν
801 1141 866 1175 γοῦν

74 1187 163 1214 πολλὰ
173 1187 254 1223 34⁸1
266 1187 346 1223 ἡμεῖς
360 1187 434 1223 ὕπαρ
449 1186 644 1223 ἐπιθυμοῦντες
659 1185 681 1202 ⁵⁸
699 1186 791 1222 μαθεῖν
806 1187 865 1213 κατ’

72 1233 143 1270 ὁναρ
153 1233 219 1268 περὶ
232 1231 333 1268 ἑτέρων
343 1231 541 1268 πυνθανόμεθα,
555 1231 571 1268 ἢ
587 1232 632 1258 καὶ
650 1231 687 1267 μὴ
702 1231 867 1267 πυνθανόμε-

74 1288 116 1306 vet
131 1279 198 1315 περὶ
211 1278 267 1305 τῶν
283 1278 320 1314 μὴ
333 1278 512 1314 διαφερόντων
530 1279 596 1314 ἡμῖν
609 1278 754 1314 ἀκούομεν,
766 1279 812 1305 καὶ
825 1278 865 1305 δι-

75 1325 252 1358 υπνισθέντες
274 1325 443 1361 ἀθυμοῦμεν,
458 1326 497 1353 ὅτι
513 1325 577 1360 περὶ
597 1321 635 1353 ὧν
647 1325 866 1362 ὲπεθυμοῦμενθθ

75 1370 187 1406 μαθεῖν,
202 1370 264 1397 οὔτε
277 1368 442 1406 ἠκούσαμεν,
458 1369 519 1397 οὗτε
534 1370 702 1407 ὲξητάσαμεν
709 1370 743 1398 ⁸⁷.

109 1416 172 1444 XV.
193 1417 248 1444 Kal
269 1417 284 1443 6
306 1416 396 1452 Σίμων
410 1416 461 1452 ἔφη
473 1423 480 1432 ³
496 1417 528 1444 Εί
547 1417 600 1453 φῂς
617 1417 668 1449 τὰς
684 1416 813 1449 ὀπτασίας
828 1418 866 1454 μὴ

75 1461 188 1494 πάντως
197 1461 350 1498 ἀληθεύειν,
365 1462 423 1488 ἀλλ’
437 1460 483 1489 οὖν
496 1470 528 1497 γε
538 1462 572 1489 τά
585 1462 710 1498 ὁράματα
721 1462 811 1490 καὶτὰ
822 1463 866 1489 ὲν-

75 1509 161 1536 ύπνια
175 1508 336 1544 θεόπεμπτα
349 1508 413 1536 ὄντα
425 1508 456 1535 οὑ
469 1507 605 1544 ψεύδεται,
617 1509 680 1545 περὶ
690 1505 726 1536 ὧν
736 1508 769 1536 ἂν
781 1509 867 1536 είπεῖν
880 1524 901 1553 c

76 1555 152 1592 θέλῃ.
163 1555 219 1581 Kal
230 1554 245 1581 6
258 1554 360 1590 Πέτρος
371 1553 424 1590 ἐφη
435 1562 441 1569 ·
456 1553 557 1590 Ὀρθῶς
572 1554 649 1590 ἔφης,
657 1555 698 1581 ὅτι
709 1553 868 1590 θεόπεμπτα

77 1601 144 1627 ὅντα
158 1598 190 1626 οὐ
205 1598 342 1634 ψεύδεται.
353 1599 464 1635 Ἄδηλον
478 1599 506 1626 δὲ
525 1600 549 1626 εί
562 1598 577 1626 6
594 1599 653 1626 ίδὼν
666 1598 689 1616 ³⁸
698 1599 868 1635 θεόπεμπτον

76 1646 201 1682 ἑώρακεν
223 1645 336 1681 ὕνειρον.
351 1646 406 1672 Καὶ
427 1646 442 1672 6
462 1645 571 1681 Σίμων·
593 1644 655 1673 Ἐάν
708 1646 722 1673 6
740 1645 869 1682 ἑωρακὼς

73 1691 190 1723 δίκαιος,
206 1690 305 1725 ἀληθὲς
318 1689 448 1726 ἑώρακεν.
459 1691 513 1718 Καὶ
525 1691 539 1718 6
549 1691 661 1727 Πέτρος·
678 1691 780 1728 Ὀρθῶς
789 1691 867 1727 ἔφης.

76 1737 156 1769 Τίςη
175 1736 204 1763 δὲ
217 1736 328 1768 δίκαιος,
343 1737 368 1763 εί
386 1736 522 1771 ὁράματος
536 1735 677 1773 χρῄζῃηδ,
695 1736 738 1764 ἶνα
763 1737 836 1773 μάθῃ
851 1736 870 1764 ἃ.

75 1782 116 1810 δεῖ
127 1782 237 1818 μαθεῖν,
249 1782 297 1809 καὶ
309 1783 372 1818 ποιῇ
382 1781 400 1809 ἃ
408 1782 448 1808 δεῖ
459 1783 544 1808 ποιεῖν
554 1790 561 1815 ;
577 1782 631 1809 Kal
641 1782 655 1809 6
665 1782 756 1818 Σίμων
765 1790 772 1797 ·
783 1782 869 1810 Τοῦτό

77 1837 123 1864 μοι
137 1829 195 1861 δὺς,
211 1829 253 1855 ὅτι
268 1827 348 1863 μόνος
368 1828 382 1855 6
405 1827 507 1860 δίκαιος
521 1828 611 1864 ὅραμα
627 1828 726 1864 ἀληθὲς
741 1827 803 1855 ίδεῖν
822 1828 869 1856 δύ-

77 1883 168 1907 ναται,
183 1874 232 1902 καὶ
254 1873 436 1910 ἀποκρίνομαί
459 1882 500 1901 σοι
522 1874 562 1906 είς
579 1873 654 1901 αὑτό.
664 1873 741 1909 Ἐμοὶ
757 1873 811 1909 γὰρ
824 1872 870 1900 κέ-

77 1929 183 1957 κριται,
200 1920 242 1946 ὃτι
255 1919 354 1956 ἀσεϐὴς
369 1919 454 1956 ἀληθῆ
469 1919 572 1956 ὁνειρον
587 1919 635 1955 οὐχ
649 1920 709 1956 ὁρᾷ.
720 1919 774 1946 Καὶ
787 1920 801 1946 ὁ
815 1919 869 1946 Πέ-

76 1971 154 2000 τρος·
175 1963 261 1990 Τοῦτο
279 1963 376 1998 ψεῦδός
398 1964 481 1996 ἐστιν,
492 1964 540 1991 καὶ
553 1964 618 2000 περὶ
631 1964 724 1991 τούτου
738 1964 870 2001 ἀγράφως

76 2010 124 2036 καὶ
138 2009 287 2046 ἐγγράφως
298 2008 435 2043 ἀποδεῖξαι
449 2009 574 2046 δύναμαι,
583 2009 675 2037 πεῖσαι
683 2009 711 2036 δὲ
722 2010 773 2037 οὐκ
785 2011 870 2045 ἑπαγ-

75 2055 221 2091 γέλλομαι.
231 2055 259 2082 '0
273 2055 327 2092 γὰρ
338 2056 407 2091 πρὸς
420 2055 508 2092 ἐρωντα
523 2056 662 2092 μοχθηρᾶς
672 2056 769 2088 νεύσας
778 2064 868 2092 γυναι-

76 2100 124 2133 κδς
134 2101 179 2132 είς
199 2100 295 2137 ἑτέρας
315 2101 385 2128 κατὰ
402 2101 494 2129 πάντα
514 2101 599 2137 καλῆς
621 2102 704 2138 πρὺς¹
719 2102 869 2137 συμὸίωσιν

75 2147 196 2182 νόμιμον
212 2146 258 2173 τὸν
271 2147 369 2174 ἑαυτοῦ
388 2147 419 2174 οὐ
443 2147 601 2183 μετατίθησι
619 2147 802 2175 νοῦν.Ἐνίοτε
823 2149 869 2176 καὶ

921 231 1010 254 autem
1023 226 1160 254 suadebas
1172 226 1299 253 tutiorem
1323 233 1385 254 esse
1406 234 1480 259 cum,
1495 226 1542 261 qui
1557 226 1583 254 in
1596 227 1703 254 visione

921 272 1007 305 audit,
1024 272 1081 305 illo,
1093 272 1140 307 qui
1156 272 1231 299 audit
1243 280 1291 307 per
1311 271 1486 299 evidentiam.
1503 271 1625 307 Denique
1640 272 1702 299 ideo

922 322 946 344 te
959 317 1138 353 potentiorem
1158 317 1269 345 dicebas
1285 325 1328 344 res
1342 316 1405 344 Jesu
1419 323 1596 352 cognoscere,
1618 325 1701 352 quam

920 372 981 398 ego,
997 369 1026 391 ut
1048 363 1096 399 qui
1121 364 1208 399 ipsius
1232 363 1315 390 verba
1338 371 1385 398 per
1406 362 1537 390 visionem
1553 362 1700 391 audiisses.

922 409 1021 437 Verum
1043 417 1095 445 ego
1117 409 1150 436 ad
1175 409 1212 442 id,
1226 409 1299 444 quod
1324 408 1450 443 primitus
1463 408 1633 443 proposilum
1648 412 1702 442 est,

921 454 1101 489 respondebo.
1118 453 1264 489 Propheta,
1291 453 1354 488 quin
1381 453 1512 488 propheta
1537 458 1588 487 est,
1614 455 1703 489 primo

920 499 1110 527 certitudinem
1122 499 1190 526 dans
1204 499 1237 526 de
1260 498 1304 531 iis,
1318 506 1379 533 quae
1393 499 1465 526 clare
1480 498 1557 532 dicit,
1571 503 1630 525 tuto
1642 506 1700 526 cre-

920 545 1003 577 ditur,
1018 545 1198 580 praecognitus
1214 552 1295 571 verus
1310 552 1381 577 esse,
1403 552 1447 577 ac,
1471 544 1701 579 quemadmodum

920 590 1085 625 quidocetur
1099 591 1184 626 cupit,
1194 591 1343 625 inquisitus
1354 595 1381 617 et
1394 591 1578 626 interrogatus
1592 598 1704 625 respon-

919 636 974 663 det.
985 635 1036 669 Qui
1051 643 1114 663 vero
1127 636 1225 663 visioni
1238 636 1323 663 credit
1337 641 1384 662 aut
1395 640 1501 670 spectro
1513 641 1540 663 et
1553 636 1701 668 insomnio,

920 681 1039 709 incertus
1064 686 1115 709 est.
1131 681 1240 717 Ignorat
1254 682 1326 708 enim
1344 682 1388 708 cui
1402 682 1504 709 credat.
1528 681 1596 709 Nam
1613 687 1703 717 potest

919 733 980 754 esse
995 731 1042 754 aut
1060 726 1148 755 malus
1163 726 1280 759 daemon,
1296 730 1344 753 aut
1359 726 1472 761 spiritus
1488 726 1582 760 fallax,
1604 729 1651 763 qui
1673 728 1702 756 in

918 773 1011 800 verbis
1024 773 1134 801 simulat
1149 779 1210 800 esse
1222 772 1293 807 quod
1318 779 1373 800 non
1394 777 1446 800 est.
1469 771 1516 800 Sin
1533 779 1623 800 autem
1639 773 1701 809 quis

918 819 982 847 velit
994 819 1299 854 percontari,quisnam
1322 818 1358 846 sit
1381 818 1427 853 qui
1453 819 1589 853 apparuit,
1611 824 1703 854 potest

882 851 904 879 Β
918 865 980 898 sibi,
994 851 1126 899 quidquid
1141 851 1198 890 vult
1212 863 1312 891 dicere.
1338 851 1439 898 Sicque
1458 851 1589 898 tanquam
1601 851 1701 897 malus,

919 910 965 938 ubi
980 910 1144 943 coruscavit,
1163 909 1317 944 mansitque
1340 913 1472 944 quantum
1486 909 1583 942 voluit,
1596 910 1702 937 exstin-

918 956 1019 992 guitur,
1035 963 1085 983 nec
1100 960 1239 990 permanet
1251 963 1312 983 cum
1332 955 1488 983 sciscitante
1501 955 1535 982 ad
1551 955 1703 991 interroga-

917 1002 1031 1035 tionem,
1050 1006 1182 1037 quantum
1197 1001 1240 1028 hic
1260 1001 1327 1029 vult.
1351 1000 1402 1028 Per
1423 1002 1557 1029 insomnia
1575 1009 1640 1030 vero
1654 1002 1704 1037 qui

917 1051 1000 1083 videt,
1014 1057 1104 1084 neque
1124 1049 1296 1084 percunctari
1322 1052 1421 1084 potest,
1438 1048 1470 1076 de
1491 1049 1593 1083 quibus
1615 1049 1700 1076 lubet.

916 1095 1009 1132 Neque
1031 1097 1103 1124 enim
1128 1096 1155 1122 in
1180 1095 1288 1130 propria
1306 1099 1440 1130 potestate
1453 1095 1505 1122 sita
1518 1099 1559 1122 est
1574 1095 1703 1130 cogitatio

916 1142 1087 1170 dormientis.
1100 1140 1165 1169 Inde
1181 1142 1263 1177 igitur
1274 1141 1410 1177 vigilando
1424 1148 1474 1168 nos
1485 1141 1606 1168 discendi
1618 1141 1701 1175 avidi,

917 1187 1001 1215 multa
1017 1188 1044 1214 in
1063 1187 1168 1215 somnis
1180 1187 1214 1214 de
1227 1187 1288 1214 aliis
1302 1188 1461 1222 quatrimus,
1478 1187 1519 1215 vel
1537 1195 1592 1214 non
1609 1187 1702 1222 requi-

917 1239 1007 1261 rentes
1023 1233 1150 1260 audimus
1167 1241 1210 1260 res
1222 1233 1256 1260 ad
1272 1241 1322 1260 nos
1337 1241 1508 1268 nequaquam
1525 1233 1701 1268 pertinentes,

916 1284 943 1307 et
956 1287 972 1307 e
985 1287 1082 1308 somno
1099 1280 1208 1307 excitati
1231 1279 1365 1312 dolemus,
1381 1287 1431 1308 nos
1455 1280 1488 1307 de
1504 1279 1537 1308 iis
1557 1288 1618 1316 qua:
1632 1280 1703 1308 scire

917 1326 1066 1354 avebamus
1076 1334 1165 1362 neque
1177 1325 1298 1354 audiisse
1309 1334 1396 1361 neque
1409 1326 1577 1362 explorasse.

950 1412 1009 1442 XV.
1026 1414 1066 1442 Ac
1084 1413 1178 1441 Simon
1195 1423 1201 1441 :
1218 1413 1247 1441 Si
1268 1413 1343 1442 dicas
1367 1414 1486 1442 visiones
1510 1422 1564 1442 non
1590 1414 1703 1442 omnino

916 1468 980 1488 vera
993 1460 1151 1496 praedicare.
1166 1465 1285 1487 attamen
1306 1460 1364 1487 visa
1389 1465 1416 1487 et
1439 1461 1585 1494 insomnia,
1611 1469 1671 1496 qum
1686 1469 1702 1488 ει

918 1505 974 1533 Deo
987 1506 1142 1539 mittuntur,
1159 1505 1228 1533 falsa
1251 1514 1305 1533 non
1328 1512 1393 1534 sunt
1414 1507 1442 1534 in
1460 1507 1542 1534 rebus
1558 1515 1627 1542 quas
1644 1508 1704 1534 vult

918 1551 1051 1587 proloqui.
1068 1551 1165 1579 Petrus
1180 1551 1218 1578 ait
1229 1560 1244 1578 ξ
1256 1551 1337 1579 Recte
1352 1551 1456 1586 dixisti,
1475 1552 1547 1588 quod
1563 1561 1618 1580 non
1634 1552 1701 1580 falsa

918 1598 1058 1634 proferant
1083 1606 1146 1634 qua).
1161 1606 1177 1625 a
1199 1597 1255 1625 Deo
1275 1598 1429 1625 mittuntur.
1447 1597 1548 1625 Verum
1567 1599 1701 1626 incertum

918 1649 970 1678 est,
984 1652 1019 1672 an
1034 1645 1081 1679 qui
1095 1644 1160 1671 vidit
1174 1644 1312 1672 somnium
1323 1652 1339 1671 a
1354 1643 1409 1671 Deo
1420 1644 1535 1672 missum
1552 1652 1703 1679 conspexe-

918 1692 963 1719 rit.
978 1690 1047 1719 Tum
1062 1690 1155 1718 Simon
1170 1699 1177 1718 :
1196 1690 1224 1718 Si
1237 1691 1329 1726 justus
1341 1691 1376 1718 sit
1393 1690 1437 1718 ille
1450 1691 1496 1726 qui
1510 1691 1588 1725 vidit,
1606 1699 1702 1719 verum

919 1737 1033 1765 intuitus
1042 1742 1093 1764 est.
1112 1737 1145 1764 Et
1160 1736 1255 1765 Petrus
1270 1736 1378 1764 :Probe
1393 1737 1501 1765 locutus
1515 1736 1624 1770 es.Quis
1637 1745 1703 1765 vero

916 1784 1018 1820 justus,
1045 1784 1068 1812 si
1089 1783 1150 1811 viso
1174 1783 1294 1818 indigeat
1315 1783 1349 1811 ad
1364 1783 1494 1811 discenda
1517 1791 1579 1818 quae
1596 1784 1703 1812 discere

918 1833 1070 1865 oportet,et
1081 1827 1205 1857 facienda
1218 1837 1280 1864 qua:
1290 1828 1347 1856 ﬁeri
1361 1829 1573 1864 debentYAtque
1588 1828 1701 1858 Simon:

919 1874 977 1903 Hoc
992 1875 1059 1903 mihi
1074 1875 1203 1908 concede,
1218 1875 1291 1910 quod
1307 1875 1382 1902 solus
1392 1865 1484 1910 justu's
1500 1883 1595 1903 verum
1611 1876 1702 1904 visum

918 1920 1005 1956 possit
1031 1927 1154 1953 cernere,
1178 1924 1205 1947 et
1225 1919 1259 1947 ad
1280 1919 1347 1947 illud
1373 1920 1421 1947 tibi
1446 1921 1608 1956 respondeo.
1635 1921 1702 1950 Mihi

917 1967 991 1995 enim
1005 1966 1173 2001 exploratum
1184 1970 1236 1999 est,
1248 1973 1341 1993 verum
1356 1966 1494 1993 somnium
1505 1967 1539 1994 ab
1553 1967 1636 2002 impio
1645 1975 1701 1995 non

917 2012 1015 2041 videri.
1030 2011 1100 2040 Tum
1123 2011 1220 2040 Petrus
1233 2021 1240 2039 :
1255 2011 1313 2039 Hoc
1327 2010 1427 2039 falsum
1451 2016 1503 2040 est.
1517 2013 1606 2047 Atque
1621 2021 1654 2041 ea
1669 2014 1703 2041 de

918 2065 948 2087 re
959 2059 1021 2089 sine
1034 2057 1182 2093 Scripturis
1196 2062 1223 2085 et
1243 2065 1291 2093 per
1306 2057 1462 2092 Scripturas
1477 2066 1589 2093 possunt
1606 2059 1703 2086 aﬂ‘ene

919 2104 1190 2137 demonstrationem,
1205 2104 1370 2138 persuadere
1383 2108 1473 2131 autem
1489 2111 1544 2132 non
1559 2105 1701 2140 polliceor.

918 2148 987 2177 Nam
1009 2149 1057 2184 qui
1077 2148 1105 2176 in
1124 2156 1246 2176 amorem
1260 2156 1350 2184 prava:
1363 2148 1486 2177 mulieris
1498 2150 1657 2185 propendet,
1674 2151 1702 2178 in

76 2193 188 2224 ἑαυτοῖς
213 2192 360 2225 συνειδότες
387 2193 437 2229 τὴν
465 2193 624 2229 κρείττονα,
655 2193 867 2230 προειλημμένον.

918 2194 1031 2223 alterius
1042 2193 1162 2228 undique
1173 2193 1308 2229 praeclara:
1320 2194 1493 2222 dilectionem
1506 2195 1540 2222 ad
1550 2195 1702 2230 legitimum

75 2237 162 2274 ³43
181 2237 308 2272 ἀγαπῶσι
316 2237 366 2274 τὴν
378 2238 494 2274 χείρονα.
512 2238 637 2266 Τοιοῦτόν
655 2248 682 2266 τι
697 2239 743 2266 καὶ
764 2239 796 2265 σὺ
811 2240 864 2267 πά-

75 2291 151 2318 σχων
165 2283 282 2317 ἀγνοεῖς.
298 2283 375 2310 Καὶὸ
384 2284 474 2319 Σίμων
489 2284 555 2320 ἔφη’
571 2285 758 2321 Παρελόμενος
769 2284 864 2318 ταῦτα,

75 2329 115 2360 είς
131 2329 152 2356 ἃ
169 2327 322 2364 ὲπηγγείλω
337 2328 410 2364 λέγε.
419 2329 496 2365 Ἐμοὶ
509 2330 562 2366 γὰρ
573 2329 700 2358 ἀδύνατον
712 2328 780 2357 εἶναι
793 2331 867 2358 δοκεῖ

75 2375 189 2407 ἀσεϐεῖς
198 2374 358 2411 ἀνθρώπους
365 2375 418 2402 ὑπὸ
427 2375 494 2403 Θεοῦ
504 2372 526 2410 ᾧ
533 2376 631 2412 δήποτε
638 2376 866 2413 ὁνειροπολεῖσθαι

75 2420 184 2456 τρόπῳ.

113 2509 186 2537 XVI.
207 2509 262 2536 Kal
279 2510 293 2537 6
309 2509 412 2546 Πέτρος
435 2508 498 2546 ἔφη·
520 2510 669 2547 Μέμνημαι
684 2510 813 2546 ἐμαυτοῦ,
830 2511 868 2543 ὥς

79 2554 285 2594 δπηγγειλάμην
306 2555 404 2589 δεῖξαι,
431 2555 476 2582 καὶ
498 2556 628 2592 ἀγράφως
649 2557 696 2584 καὶ
723 2556 868 2593 ἐγγράφως

917 2240 1073 2268 convictum
1087 2247 1140 2266 non
1153 2238 1282 2266 transfert
1295 2239 1428 2268 animum.
1443 2240 1476 2268 Et
1486 2240 1643 2276 aliquando,
1654 2242 1702 2277 qui

918 2290 981 2313 sunt
996 2284 1047 2312 sibi
1062 2283 1165 2312 conscii
1180 2285 1378 2319 praestantioris
1391 2284 1642 2322 femina',occupati
1653 2288 1702 2314 de-

919 2331 1046 2358 teriorem
1063 2330 1188 2366 diligunt.
1203 2329 1269 2357 Tale
1283 2330 1349 2365 quid
1374 2335 1403 2358 tu
1426 2339 1537 2367 quoque
1558 2333 1659 2368 pateris
1670 2340 1703 2361 ac

919 2376 1040 2412 ignoras.
1055 2375 1129 2403 Dixit
1145 2375 1240 2403 Simon
1258 2384 1265 2402 :
1282 2375 1331 2404 His
1354 2377 1481 2411 sublatis,
1505 2378 1617 2413 loquere
1641 2386 1703 2413 quae

919 2421 1080 2458 promisisti.
1089 2420 1155 2448 Mihi
1170 2429 1288 2456 namque
1301 2422 1407 2450 videtur
1418 2422 1596 2458 impossibile,
1610 2428 1639 2451 ut
1651 2424 1703 2451 im-

919 2468 956 2504 pii
972 2468 1096 2495 homines
1110 2475 1126 2495 a
1141 2467 1197 2494 Deo
1211 2467 1318 2495 somnia
1334 2468 1391 2495 ullo
1406 2470 1488 2496 modo
1501 2474 1623 2497 cernant.

911 2510 927 2531 ⁸³
953 2512 1023 2540 XVI.
1045 2513 1078 2540 Et
1092 2512 1188 2541 Petrus
1203 2521 1210 2540 :
1227 2512 1289 2546 Mei,
1307 2513 1406 2549 inquit,
1422 2522 1482 2543 sum
1498 2523 1613 2548 memor,
1628 2515 1703 2551 quod

919 2558 1094 2594 promiserim
1107 2557 1260 2592 ostendere,
1276 2562 1303 2585 et
1322 2565 1354 2586 ea
1370 2558 1405 2587 de
1418 2567 1448 2588 re
1461 2560 1565 2595 absque
1579 2560 1701 2596 Scriptu-

719 2638 836 2666 VARIE
855 2637 1058 2666 LECTIONES.

108 2697 131 2714 "
147 2697 210 2734 παρ’
232 2696 319 2725 αίντοῦ
340 2695 397 2734 τῆς
419 2695 451 2723 0.
488 2695 722 2734 ᾼ⁵¹Λάποκρῖ⁸νομαι
736 2698 768 2726 0.

821 2699 844 2715 "
857 2699 904 2727 καί
929 2699 1031 2727 inserui
1046 2707 1072 2728 c.
1087 2699 1119 2727 Ο.

1173 2699 1196 2740 ’ξ
1208 2699 1332 2740 ἢλάραρ
1348 2720 1356 2734 ,
1376 2700 1410 2740 εί-
1427 2699 1490 2740 ἄρα.
1561 2698 1577 2740 ᾖ
1610 2702 1674 2738 ante
1686 2699 1703 2726 6

80 2733 136 2773 add.
151 2742 174 2762 ο.
186 2731 217 2763 0.
245 2734 282 2773 ’³⁸
297 2731 424 2773 ὁρῶντες
433 2739 466 2773 ιι).
484 2732 555 2773 ὁρέω
573 2731 663 2773 τις-ρ.
673 2731 680 2734 ’
697 2768 703 2773 ι
713 2734 736 2750 ’⁸
749 2735 774 2761 οί
786 2734 1039 2773 παρεπιθυμοῦντες
1053 2743 1080 2770 p.
1093 2735 1166 2773 ὕπαρ
1180 2731 1377 2773 ὲπίθυμοῦντες
1384 2735 1422 2773 Δρ.
1446 2731 1491 2773 1"
1512 2731 1701 2773 ἐπεθυμρῦμεν

75 2768 144 2799 Ονιιι
156 2778 227 2806 conj.
242 2769 263 2806 δ
277 2790 286 2803 ,
303 2766 538 2806 ἔπιθυμρῦμενϐ.

71 2805 91 2823 ⁹⁹
108 2805 160 2835 Pro
174 2802 216 2839 τίς
228 2805 256 2843 VO
267 2802 403 2843 A’prgbet
416 2802 562 2843 lacnnamn
591 2803 625 2819 ¹⁰⁹
642 2802 782 2843 χρῄζει
798 2802 867 2843 Tum
885 2806 947 2843 ποιῇ
960 2805 1118 2843 exconject.
1137 2805 1167 2843 Ci
1183 2802 1269 2843 ποιεῖν
1282 2810 1398 2843 ιιιειηιιθ
1409 2806 1491 2843 νΙιοιη.
1508 2806 1569 2843 cod.

594 2767 795 2818 I'Jqudlcatﬁv
808 2767 880 2803 conj.
895 2767 1115 2802 Scltliemanims,

642 2807 692 2818 ..-Δ
713 2813 735 2818 ιι.
798 2805 866 2818 Ῥη-κ
885 2806 946 2818 --.ῌ
961 2813 991 2818 Α..
1005 2805 1106 2818 Anuli.-.

1531 2770 1554 2785 "
1565 2768 1642 2796 είδών
1653 2768 1689 2797 ⁷0

1157 2770 1229 2804 lem.,
1242 2769 1270 2805 p.
1286 2771 1347 2803 l9l,
1362 2770 1424 2798 569.
1446 2769 1475 2797 S.
1531 2770 1554 2785 "
1565 2769 1642 2796 είδών
1666 2769 1689 2797 0

1160 2805 1167 2831 i
1183 2807 1269 2832 ποιεῖν
1285 2810 1398 2832 uterque
1420 2806 1491 2832 hom.
1508 2806 1569 2832 cod.
1621 2803 1701 2832 'Non

66 2843 159 2881 legitur
177 2837 249 2880 πρός
264 2837 295 2870 in
314 2837 453 2867 Turriani
466 2838 581 2873 epistola
599 2837 770 2874 proiim'inari
786 2841 820 2869 ad
835 2837 960 2876 Hosiuni,
976 2841 1021 2869 ubi
1038 2837 1129 2868 lecum
1141 2841 1215 2869 citat.
1229 2842 1260 2870 ε.
1273 2837 1361 2878 ,Βεθεί
1378 2842 1461 2870 etiam
1477 2842 1505 2870 in
1528 2840 1619 2870 Ottob.
