1917 3100
230 188 282 216 403

637 189 666 217 S.
685 189 902 218 CLEMENTISI
923 190 1004 218 ROM.
1024 189 1123 217 ΡΟΝΤ.
1143 188 1258 216 οΡΕΙιΑ
1276 188 1389 218 DUBIA.

1807 185 1853 213 £65

229 245 253 272 si
271 252 314 272 me
331 244 504 278 reum’dicis,
522 245 606 273 Deum
621 246 667 281 qui
684 246 752 274 mihi
775 246 915 274 Christum
932 253 1011 274 reve-

1066 252 1109 279 μοι
1124 244 1169 271 τὸν
1181 244 1299 280 Χριστὸν
1313 245 1484 280 κατηγορεῖς,
1498 244 1546 271 καὶ
1559 243 1605 270 τοῦ
1620 243 1667 270 ἐπὶ
1683 243 1854 277 ἀποκαλύψει

229 289 296 317 lavit
310 297 435 323 accusas,
447 295 475 319 et
491 291 518 319 in
534 299 596 319 eum
616 291 663 327 qui
680 299 725 319 me
748 297 858 327 propter
869 291 1014 320 revelatio-

230 343 293 362 nem
315 335 425 364 beatum
438 337 596 372 praedicavit
617 338 766 366 invehcris.
783 338 836 366 Sed
854 338 877 365 si
902 339 1014 373 quidem

229 387 293 408 vere
307 381 386 415 cupis
410 382 600 410 adminiculari
617 384 746 417 veritati,
765 384 882 418 primum
901 391 917 411 a
934 384 1013 412 nobis

228 425 315 460 disce,
331 434 393 461 quae
407 434 458 454 nos
472 427 507 455 ab
523 435 557 455 eo
572 428 730 463 didicimus,
742 432 770 456 et
787 428 876 458 factus
892 429 1015 456 veritatis

228 472 380 507 discipulus
394 472 443 500 ﬁas
459 477 553 501 noster
567 474 687 510 adiutor.

263 516 324 545 XX.
345 517 394 546 His
419 519 520 547 auditis
533 519 627 547 Simon
650 520 738 548 dixit:
764 520 842 548 Absit
858 524 888 548 ut
903 528 954 556 ego
970 521 1012 550 vel

228 563 302 592 illius
318 564 360 592 vel
375 569 440 593 tuus
456 565 508 592 sim
525 565 687 601 discipulus.
702 565 795 601 Neque
811 567 883 594 enim
902 567 1011 602 ignoro,

227 617 289 646 qua:
311 617 478 645 cognoscere
495 615 602 647 oportet
618 621 625 639 :
645 619 676 640 ea
694 620 760 640 vero
778 616 907 648 tanquam
930 613 1014 640 disci-

227 660 308 684 turus
332 657 546 692 interrogabam,
571 661 601 684 ut
630 664 805 692 agnoscerem
820 677 827 690 ,
857 665 891 685 an
916 665 1012 693 posses

229 702 374 730 ostendere
396 702 530 730 visionem
553 702 690 730 evidentia
705 710 766 731 esse
792 702 1010 731 ineilicaciorem.

227 747 264 774 At
280 751 308 774 tu
328 747 556 782 quemadmodum
571 747 682 775 voluisti
705 747 812 775 locutus
827 755 876 781 es,
893 755 944 775 nec
965 747 1013 774 de-

229 791 400 819 monstrasti.
416 790 450 820 Et
462 799 546 825 nunc,
560 792 674 820 veniens
689 799 751 820 eras
761 793 795 819 ad
808 799 962 820 sermonem
978 791 1013 820 de

229 835 296 870 Deo,
312 843 394 872 quem
405 837 563 865 Creatorem
580 837 714 872 afﬁrmas,
729 838 852 873 probabo
867 837 944 865 illum
957 845 1011 865 non

226 889 289 910 esse
312 890 470 918 supremum
494 891 527 911 ac
552 883 654 911 bonum
668 904 676 918 ,
702 888 780 912 tuum
800 891 910 919 quoque
931 883 1013 920 Magi-

1067 290 1269 326 μακαρίσαντός
1284 290 1364 326 352
1380 299 1413 326 με
1437 290 1601 325 καταφέρεις
1609 289 1642 317 ’⁸.
1672 288 1743 316 Ἀλλ’
1765 289 1855 316 trusi"

1065 343 1118 371 περ
1144 335 1252 371 ἀληθῶς
1279 337 1312 371 τῇ
1337 335 1451 371 ἀληθείᾳ
1469 336 1633 372 συνεργῆσαι
1654 335 1763 368 θέλεις,
1788 335 1856 371 μάθε

1064 380 1172 416 πρῶτον
1188 381 1253 417 παρ’
1266 381 1354 417 ἡμῶν,
1371 382 1388 409 ἀ
1408 382 1488 418 ἡμεῖς
1503 382 1568 418 παρ’
1581 381 1685 409 ἐκείνου
1705 381 1854 418 ἐμάθομεν,

1063 427 1112 454 καὶ
1127 427 1252 464 μαθητὴς
1266 428 1395 464 ἀληθείας
1408 427 1527 462 γεγονὼς
1541 428 1620 463 γενοῦ
1634 429 1700 465 ἡμῖν
1714 429 1854 464 συνεργός.

1098 514 1158 543 XX.
1179 515 1272 542 Ταῦτα
1289 517 1302 543 ὁ
1327 515 1418 551 Σίμων
1430 515 1550 547 ἀκούσας
1562 515 1626 552 ἔφη’
1646 515 1740 551 ’Δπείη
1763 523 1809 551 μοι
1825 514 1857 542 τδ

1062 561 1118 588 εἴτε
1127 562 1150 578 ¹⁶
1161 562 1276 594 ἐκείνου,
1292 561 1347 589 εῐτε
1363 570 1409 589 σου
1423 562 1549 597 γενέσθαι
1564 561 1698 598 μαθητήν.
1719 561 1788 588 οὐδὲ
1801 561 1857 597 γὰρ

1062 608 1152 644 ἀγνοῶ
1165 608 1182 635 a
1196 608 1236 635 δεῖ
1249 607 1403 643 γινώσκειν·
1419 608 1437 635 ἀ
1452 608 1481 635 δὲ
1491 609 1528 640 ὡς
1544 607 1686 644 μανθάνων
1701 608 1854 644 ἐπυθόμην,

1063 655 1106 682 ῐνα
1122 654 1168 681 ῐδω
1178 655 1200 671 ⁸⁷
1222 655 1246 681 εί
1258 654 1370 682 δύνασαι
1389 655 1522 687 ὀπτασίας
1538 654 1680 691 ἐνέργειαν
1693 654 1856 690 ἑνιργεστέ-

1065 707 1113 732 ραν
1124 699 1147 715 ¹⁸
1162 698 1257 732 δεῖξαι.
1270 699 1306 726 Σὺ
1320 699 1349 726 δὲ
1364 699 1401 731 ὡς
1412 699 1557 735 ἠθέλησας,
1572 697 1662 731 εἶπας,
1674 699 1726 726 οὐκ
1739 698 1855 731 ἔδειξας.

1063 745 1117 772 Καὶ
1134 744 1181 772 νῦν
1197 744 1291 781 αὔριόν
1307 753 1348 772 σοι
1364 746 1404 777 είς
1414 745 1460 772 τὸν
1480 746 1544 780 περὶ
1555 744 1634 777 Θεοῦ,
1647 741 1677 772 οὖ
1696 743 1856 780 διισχυρίζῃ

1062 789 1229 825 δημιουργοῦ
1241 810 1248 822 ,
1272 789 1356 816 ἐλθὼν
1379 790 1427 817 καὶ
1443 789 1595 825 διαλεχθεὶς
1615 789 1694 823 δείξω
1713 789 1752 824 μὴ
1774 788 1857 815 αὐτὸν

1062 831 1132 862 εἷναι
1144 835 1280 862 ἀνώτατον
1291 835 1339 862 καὶ
1349 836 1373 852 "
1386 835 1497 871 ἀγαθὸν,
1509 836 1610 863 καὶτὸν
1624 836 1670 862 σὺν
1680 834 1709 861 δὲ
1719 834 1857 861 Διδάσκα-

1062 879 1109 906 λον
1132 879 1168 906 τὰ
1193 880 1263 907 αΰτά
1287 889 1333 916 μοι
1362 880 1520 916 εἰρηκέναι,
1541 880 1614 907 qua
1638 880 1675 916 μὴ
1696 879 1858 915 νενοηκέναι

227 933 315 956 strum
327 929 424 957 eadem
437 937 543 957 mecum
558 929 671 964 dixisse,
683 935 708 958 te
721 935 812 957 autem
826 938 940 966 arguam
956 937 1010 957 non

1066 925 1174 960 ἐλέγξω.
1183 926 1237 952 Καὶ
1249 925 1335 953 ταῦτα
1351 926 1435 953 εἰπὼν
1449 926 1533 962 ἐξῄει,
1553 927 1593 958 εἰς
1615 926 1634 954 λ
1655 925 1816 962 προέτεινεν
1827 925 1858 952 οὐ

227 974 402 1003 intellexisse.
423 975 512 1011 Atque
538 982 600 1011 post
619 977 677 1003 haec
698 976 771 1004 dicta
799 976 887 1009 exiit,
915 976 1012 1004 nolens

227 1020 324 1048 audire
342 1021 376 1048 ad
394 1029 426 1049 ea
444 1029 506 1058 qua:
522 1026 713 1057 proposuerat.

490 1113 634 1142 HOMILIA
654 1114 747 1142 XVIII.

261 1160 281 1187 1.
302 1159 381 1187 Mane
403 1164 510 1194 autem,
536 1168 598 1189 cum
623 1159 720 1188 Petrus
745 1160 778 1188 ad
800 1159 1011 1195 disputationem

226 1207 414 1241 processisset,
427 1205 521 1234 Simon
534 1207 685 1241 anticipans
696 1207 764 1234 dixit
777 1216 784 1234 :
798 1206 860 1233 Heri
871 1207 1013 1234 discedens

225 1251 339 1286 promisi
357 1251 418 1284 tibi,
437 1259 481 1280 me
501 1252 582 1279 hodie
596 1252 748 1279 rediturum
763 1273 769 1284 ,
785 1252 1011 1286 disceptatorum,

226 1304 259 1324 ac
273 1301 460 1331 ostensurum,
477 1298 548 1332 quod
567 1298 661 1325 mundi
684 1297 776 1332 opifex
792 1305 846 1324 non
864 1298 901 1325 sit
918 1305 1014 1333 supre-

226 1350 288 1370 mus
305 1341 388 1376 Deus,
400 1343 447 1370 sed
464 1342 508 1370 hic
523 1342 593 1370 alius
608 1342 654 1375 sit,
672 1347 765 1378 utpote
782 1343 857 1370 solus
874 1343 973 1378 bonus,
985 1348 1013 1371 et

226 1389 281 1415 huc
305 1396 393 1423 usque
418 1388 586 1423 incognitus.
613 1387 713 1416 Statim
746 1397 832 1424 ergo,
856 1389 1012 1417 Creatorem

225 1433 353 1461 eumdem
365 1438 392 1461 et
404 1434 585 1470 legislatorem
600 1442 660 1462 esse
669 1435 749 1467 dicis,
763 1443 812 1463 nec
826 1436 876 1462 ne?
890 1434 918 1462 Si
931 1435 1014 1470 igitur

226 1479 366 1515 legislator
381 1484 431 1511 est,
445 1479 537 1514 justus
557 1484 610 1515 est,
623 1480 646 1508 si
665 1480 768 1515 justus,
781 1489 836 1508 non
859 1485 902 1508 est
913 1480 1012 1514 bonus,

226 1525 316 1554 bonus
334 1525 357 1553 si
370 1534 425 1554 non
441 1531 493 1560 est,
508 1526 591 1554 alium
608 1527 765 1562 praedicavit
783 1527 862 1556 Iesus
875 1527 1010 1555 dicendo:

228 1571 270 1599 Ne
282 1580 322 1599 me
334 1572 409 1599 dicas
422 1572 528 1600 bonum.
540 1572 611 1599 Nam
625 1572 706 1600 bonus
718 1582 785 1600 unus
796 1578 845 1607 est,
859 1574 951 1608 Pater,
967 1573 1012 1609 qui

1063 971 1179 1007 θελήσας
1192 970 1318 998 ἀκοῦσαι.

1360 1109 1489 1137 ὈΜῙΛΙΔ
1507 1111 1560 1137 lH'.

1098 1154 1119 1183 1.
1141 1155 1260 1192 Ὄρθρου
1274 1155 1313 1187 δὲ,
1330 1155 1508 1191 προελθόντος
1519 1155 1567 1183 τοῦ
1580 1155 1683 1192 Πέτρου
1700 1156 1743 1187 είς
1753 1156 1786 1182 τὸ
1799 1155 1857 1182 δια-

1063 1202 1201 1238 λεχθῆναι,
1213 1203 1227 1228 ὁ
1241 1201 1331 1237 Σίμων
1346 1202 1488 1238 προλαϐὼν
1498 1203 1560 1239 ἐφη·
1579 1202 1673 1237 Ἐχθὲς
1683 1202 1708 1218 ³⁸
1717 1202 1858 1229 ἀπαλλασ-

1064 1248 1177 1283 σόμενος
1196 1249 1236 1280 είς
1250 1248 1300 1284 τὴν
1317 1249 1436 1284 σήμερον
1455 1249 1615 1284 ὑπεσχόμην
1635 1257 1676 1275 σοι
1698 1248 1857 1275 ἐπανελθὼν

1063 1293 1111 1320 καὶ
1132 1292 1287 1330 συζητῆσας
1307 1293 1412 1327 δεῖξαι,
1433 1294 1474 1321 ὅτι
1494 1294 1544 1321 οὐκ
1560 1294 1633 1320 ἐστιν
1649 1294 1664 1320 ὁ
1687 1293 1734 1320 τὸν
1755 1294 1858 1329 κόσμον

1063 1341 1267 1377 δημιουργήσας
1277 1339 1358 1376 353
1373 1340 1510 1373 ἀνώτατος
1519 1341 1540 1357 ³¹
1553 1340 1628 1374 Θεὸς,
1641 1340 1699 1368 ἀλλ’
1710 1341 1816 1376 ἕτερος,
1829 1341 1858 1373 ὃς

1063 1387 1111 1413 καὶ
1125 1386 1204 1422 μόνος
1215 1385 1317 1420 ἀγαθὸς
1331 1385 1369 1412 ὢν
1381 1385 1430 1413 καὶ
1448 1386 1529 1422 μέχρι
1550 1385 1597 1413 τοῦ
1618 1385 1697 1422 δεῦρο
1716 1386 1858 1420 ἄγνωστός

1063 1435 1148 1461 ἐστιν.
1163 1433 1268 1460 Αὐτίκα
1284 1433 1349 1468 γοῦν
1365 1433 1411 1461 τὸν
1423 1433 1594 1469 Δημιουργὸν
1607 1433 1689 1460 αὑτὸν
1705 1434 1753 1460 καὶ
1774 1442 1857 1469 νομο-

1063 1480 1143 1517 θέτην
1154 1480 1207 1516 φῂς
1216 1477 1296 1511 εῖναι,
1307 1479 1324 1516 ἦ
1339 1479 1370 1506 οὗ
1382 1480 1405 1496 ⁸¹
1416 1487 1423 1513 ;
1435 1480 1466 1506 Εἰ
1483 1480 1532 1515 μὲν
1547 1478 1593 1507 οὖν
1606 1480 1755 1516 νομοθέτης
1768 1481 1856 1512 ἐστὶν,

1063 1526 1166 1558 δίκαιος
1180 1525 1320 1561 τυγχάνει,
1333 1525 1437 1557 δίκαιος
1449 1525 1477 1552 δὲ
1492 1525 1529 1552 ὢν
1542 1525 1644 1560 ἀγαθὸς
1659 1527 1710 1553 οὐκ
1723 1526 1810 1553 ἐστιν.
1826 1527 1858 1554 El

1063 1572 1090 1599 ἃ
1099 1573 1150 1599 οὐκ
1158 1572 1242 1604 ἔστιν,
1251 1571 1344 1608 ἕτερον
1355 1571 1504 1608 ἐκήρυσσεν
1512 1572 1527 1598 ὁ
1539 1572 1641 1607 Ἰησοῦς
1649 1572 1688 1607 τῷ
1697 1572 1798 1607 λέγειν·
1808 1573 1856 1607 Μή

226 1618 255 1644 ξ).
279 1618 351 1645 caelis
371 1618 513 1647 habita-1.
536 1617 622 1646 Porro
650 1626 705 1646 non
725 1624 767 1647 est
789 1605 955 1653 consonum,
973 1605 1013 1647 ὀι

1066 1626 1099 1653 με
1113 1619 1183 1653 λέγε
1193 1605 1314 1652 ὰγαθόνί.
1328 1618 1358 1644 '0
1435 1618 1544 1653 ἀγαθὸς
1557 1605 1600 1651 είς
1612 1605 1708 1650 ἐστίν,
1752 1605 1857 1653 Πατὴρ

228 1663 367 1699 legislator
374 1663 466 1699 justus
482 1665 517 1692 sit
533 1672 565 1692 ac
581 1665 680 1692 bonus.
695 1665 739 1692 Ait
753 1665 849 1693 Petrus
863 1675 870 1692 :
891 1665 1013 1693 Primum

226 1708 272 1736 dic
288 1708 379 1742 nobis,
394 1709 421 1736 in
439 1709 538 1744 quibus
556 1710 712 1738 actionibus
732 1710 836 1738 bonum
852 1714 930 1745 putes
952 1718 1014 1738 esse

226 1754 342 1785 bonum.
355 1759 382 1782 et
395 1755 422 1782 in
435 1755 535 1790 quibus
549 1755 655 1790 justum
666 1764 727 1784 esse
739 1756 857 1792 justum,
871 1761 902 1783 ut
918 1757 958 1784 sic
979 1756 1016 1785 ad.

227 1806 341 1833 scopum
354 1806 436 1827 verna
462 1800 643 1829 destinemus.
668 1800 702 1829 Et
723 1800 841 1830 Simon:
870 1801 911 1829 Tu
938 1802 1014 1837 prius

225 1843 319 1881 ell‘are,
332 1844 396 1880 quid
411 1845 553 1875 arbitreris
568 1846 680 1881 bonum,
695 1847 761 1882 quid
773 1847 891 1882 justum.

261 1936 294 1964 ll.
311 1935 380 1964 Tum
393 1936 490 1965 Petrus
505 1946 513 1965 :
525 1936 565 1965 Ne
579 1938 780 1966 contentiosius
791 1938 935 1974 disputans
946 1944 1015 1967 tem-

225 1991 293 2018 pora
307 1983 455 2017 insumam,
475 1984 540 2011 dum
558 1984 631 2019 justo
646 1985 754 2019 pOstulo
769 1990 798 2013 ut
815 1986 883 2014 meis
900 1993 1014 2020 respon-

226 2030 293 2056 deas
305 2030 552 2064 propositionibus,
572 2031 804 2065 quemadmodum
819 2032 869 2059 tibi
894 2032 1011 2065 videtur,

228 2074 287 2108 ipse
300 2074 334 2101 ad
352 2074 519 2110 interrogata
540 2076 734 2111 responsiones
751 2076 873 2104 afferam.
897 2076 953 2112 Ego
969 2077 1013 2105 aio

228 2119 332 2146 bonum
357 2127 418 2148 esse
443 2128 517 2153 eum,
540 2122 587 2155 qui
609 2121 724 2157 largitor
744 2126 795 2155 est,
811 2122 883 2149 sicut
901 2122 980 2149 video
997 2130 1012 2150 a

228 2166 358 2193 Creatore
384 2166 511 2201 fieri,qui
537 2167 639 2201 praebet
665 2167 750 2195 solem
773 2167 853 2195 bonis
875 2171 903 2195 et
921 2168 1011 2201 malis,

1063 1664 1098 1691 ἐν
1106 1664 1167 1697 τοῖς
1177 1664 1324 1698 οὐρανοῖς.
1334 1664 1372 1690 Οὐ
1383 1665 1523 1699 συμφωνεῖ
1531 1663 1560 1690 δέ
1569 1664 1608 1699 τῷ
1618 1664 1751 1701 νομοθέτῃ
1758 1664 1857 1700 δικαίῳ

1062 1710 1120 1737 δντι
1142 1710 1189 1737 καὶ
1212 1709 1317 1745 ἀγαθῷ.
1333 1709 1389 1737 Καὶ
1413 1710 1543 1745 ὁΠέτρος
1567 1709 1631 1745 ἔφη·
1655 1710 1768 1745 Πρῶτον
1788 1712 1857 1746 ἡμῖν

1063 1756 1124 1783 είπέ
1135 1776 1142 1788 ,
1163 1756 1209 1783 ἐπὶ
1227 1756 1319 1788 ποίαις
1340 1755 1456 1791 πράξεσι
1477 1755 1550 1782 δοκεί
1570 1757 1639 1783 σοιό
1653 1756 1755 1790 ἀγαθὸς
1771 1754 1856 1788 εἶναι,

1063 1801 1110 1827 ἐπὶ
1122 1801 1211 1832 ποίαις
1220 1801 1249 1828 δὲ
1265 1801 1312 1828 καὶ
1325 1802 1339 1827 ό
1350 1801 1454 1832 δίκαιος
1464 1801 1499 1833 ³³,
1514 1802 1558 1828 ἵνα
1569 1801 1655 1833 οὕτως
1667 1801 1738 1828 κατά
1752 1803 1857 1829 σκοποῦ

1062 1847 1126 1878 τοὺς
1146 1846 1241 1880 λόγους
1263 1845 1425 1881 πέμπωμεν.
1453 1846 1508 1873 Καὶ
1524 1847 1538 1873 6
1557 1846 1662 1881 Σίμων·
1685 1846 1721 1874 Σὺ
1745 1847 1857 1882 πρῶτον

1063 1892 1136 1925 eius,
1149 1891 1176 1918 τί
1193 1900 1235 1919 σοι
1250 1891 1365 1918 δοκεῖτὸ
1377 1891 1489 1926 ἀγαθὸν,
1503 1892 1519 1927 ἢ
1533 1892 1581 1918 καὶ
1593 1892 1624 1918 τὸ
1637 1892 1751 1919 δίκαιον.

1099 1937 1130 1964 Il.
1145 1938 1200 1965 Kal
1214 1939 1229 1964 ὁ
1249 1937 1369 1973 Πέτρος⁸
1389 1938 1447 1964 Ἵνα
1462 1937 1499 1973 μὴ
1509 1937 1717 1974 ἐριστικώτερον
1731 1938 1856 1973 διαλεγό-

1065 1992 1145 2020 μενος
1156 1984 1269 2010 δαπανῶ
1287 1985 1349 2016 τοὺς
1373 1984 1494 2020 χρόνους,
1516 1984 1640 2011 ἀπαιτῶν
1662 1984 1777 2017 δικαίως
1800 1986 1857 2012 τῶν

1063 2029 1137 2065 ἐμῶν
1160 2029 1316 2066 προτάσεών
1334 2029 1356 2045 ³⁵
1370 2039 1400 2056 σε
1419 2030 1466 2062 τὰς
1486 2030 1645 2066 ἀποκρίσεις
1660 2032 1807 2065 ποιεῖσθαι,
1818 2032 1857 2064 ὥς

1064 2083 1104 2102 σοι
1117 2076 1190 2102 δοκεῖ
1202 2076 1282 2108 αὐτὸς
1297 2072 1335 2102 ὧν
1356 2076 1495 2112 ἐπυθόμην
1512 2078 1659 2113 ποιήσομαι
1678 2078 1728 2109 τὰς
1738 2079 1858 2114 ἀποκρί-

1064 2130 1130 2154 σεις.
1150 2122 1220 2157 Ἐγώ
1233 2132 1303 2158 φημι
1314 2123 1415 2156 ἀγαθὸν
1427 2121 1495 2150 εἶναι
1508 2123 1553 2150 τὸν
1565 2125 1730 2160 παρεκτικδν
1738 2124 1856 2160 [ἐκεῖνον

1063 2168 1092 2195 ἐν
1107 2167 1258 2204 τοιούτοις],
1280 2167 1303 2185 ³⁸
1324 2167 1379 2195 οἷον
1392 2169 1430 2200 ὡς
1449 2169 1529 2196 αὑτὸν
1546 2170 1601 2204 ὁρῶ
1624 2169 1752 2197 ποιοῦντα
1768 2171 1793 2186 ³⁸
1809 2171 1856 2198 τὸν

228 2215 311 2246 atque
330 2211 444 2239 imbrem
459 2213 542 2248 justis
555 2220 587 2240 ac
607 2213 709 2248 iniquis
724 2212 749 2240 ιι.
759 2212 791 2240 Et
816 2213 911 2240 Simon
923 2213 990 2241 dixit
1003 2223 1011 2242 :

1066 2214 1235 2250 ιημιουργδν,
1253 2215 1405 2250 παρέχοντα
1415 2215 1461 2241 τὸν
1481 2205 1557 2250 ἥλίον
1572 2215 1685 2249 ἀγαθοῖς
1692 2216 1725 2231 ³⁸·
1743 2217 1793 2242 καὶ
1808 2217 1856 2243 τδν

228 2257 286 2285 Hoc
298 2257 500 2293 iniquissimum
524 2264 576 2292 est,
599 2260 693 2286 eadem
708 2259 790 2294 justis
800 2264 883 2296 atque
901 2259 1012 2295 injustis

1066 2260 1142 2287 ὑετὸν
1157 2260 1272 2292 δικαίοις
1291 2260 1339 2287 καὶ
1358 2261 1470 2292 ἀδίκοις.
1490 2261 1570 2288 Καὶό
1581 2261 1671 2296 Σίμων
1686 2262 1754 2296 ἔψη·
1768 2261 1856 2289 Τοῦτο

228 2303 360 2338 praebere.
373 2304 411 2332 Ac
428 2304 524 2332 Petrus
539 2314 546 2332 :
560 2303 600 2331 Tu
617 2312 683 2340 ergo
701 2305 829 2340 deinceps
846 2305 925 2334 nobis
939 2306 1011 2342 edis-

229 2357 307 2381 sere,
334 2357 390 2384 quo
408 2349 490 2377 modo
512 2357 594 2385 agens
619 2350 707 2378 bonus
729 2355 811 2378 esset.
835 2350 929 2378 Simon
951 2351 1012 2379 :Te

229 2399 337 2430 oportet
350 2395 449 2422 dicere.
460 2394 556 2423 Petrus
569 2403 575 2421 :
590 2394 646 2431 Ego
658 2396 757 2424 dicam.
770 2395 798 2424 Si
811 2405 908 2432 nempe
917 2398 1011 2426 eadem

229 2443 354 2477 praebens
364 2441 444 2469 bonis
456 2449 488 2469 ac
505 2441 587 2476 justis
609 2446 638 2469 et
658 2446 788 2477 praeterea
810 2443 889 2470 malis
911 2451 942 2471 ac
957 2444 1012 2472 ini-

228 2488 303 2524 quis,
317 2487 466 2515 secundum
486 2491 513 2514 te
529 2487 681 2522 necjustus
697 2491 749 2521 est,
764 2492 793 2515 tu
806 2495 880 2522 eum,
897 2490 920 2518 si
933 2490 1013 2519 bonis

265 2551 278 2566 ι
297 2545 393 2572 Matth.
407 2552 465 2578 xIx,
479 2543 521 2571 17.
561 2543 575 2564 δ
589 2542 684 2572 Matth.
701 2552 728 2576 ν,
746 2545 791 2572 45.

1064 2306 1238 2339 ἀδιιαῦτατον,
1248 2307 1288 2333 ὅτι
1305 2306 1341 2333 τὰ
1352 2306 1422 2334 αὑτά
1435 2307 1548 2339 δικαίοις
1556 2308 1602 2334 καὶ⁵
1612 2307 1716 2340 ἀδίκοις
1727 2309 1854 2344 παρέχει.

1064 2352 1120 2378 Kal
1134 2351 1148 2377 ὁ
1161 2353 1272 2388 Πέτρος⁹
1281 2353 1316 2380 Σὺ
1328 2351 1373 2380 οὖν
1381 2354 1447 2388 ἡμῖν
1456 2353 1502 2380 τοῦ
1513 2353 1606 2380 λοιποῦ
1617 2353 1690 2388 λέγε,
1699 2354 1760 2386 πῶς
1768 2355 1855 2381 ποιῶν

1063 2398 1165 2432 ἀγαθὸς
1187 2398 1221 2425 ἀν
1236 2396 1280 2434 ἦν.
1296 2399 1352 2425 Kal
1371 2400 1385 2426 6
1403 2399 1510 2434 Σίμων’
1529 2400 1563 2426 Σὲ
1584 2399 1625 2426 δεῖ
1643 2399 1743 2434 λέγειν.
1764 2401 1821 2427 Kal
1839 2402 1854 2427 ὁ

1066 2445 1167 2480 Πέτρος
1175 2453 1184 2460 ·
1198 2444 1279 2480 354
1296 2444 1366 2479 Ἐγὼ
1377 2445 1453 2477 λέξω.
1473 2445 1501 2472 '0
1512 2446 1533 2461 "’
1544 2446 1593 2481 μὲν
1602 2446 1636 2472 τὰ
1643 2446 1713 2473 αὐτὰ
1723 2447 1855 2483 παρέχων

1065 2489 1178 2524 ἀγαθοῖς
1200 2490 1246 2516 καὶ
1269 2489 1392 2522 δικαίοις,
1409 2490 1449 2517 ἔτι
1471 2489 1494 2506 ³“
1512 2499 1542 2517 τε
1562 2492 1656 2523 κακοῖς
1669 2491 1715 2518 καὶ
1732 2492 1853 2524 ἀδίκοις,

871 2591 988 2620 VARLE
1008 2593 1205 2622 LECTIONES.

265 2638 288 2654 “
303 2637 368 2671 Leu.
380 2638 568 2673 καταφρονεῖς.

229 2672 262 2700 Ο.
300 2672 421 2700 "Malim
437 2673 464 2700 εί
476 2672 506 2700 S.
545 2674 628 2708 ²⁶μοι,
648 2673 702 2700 εἴτε
726 2672 758 2700 C.

586 2636 829 2679 Quod_Coteleriu_s
845 2639 885 2679 _i_n_
892 2640 1017 2679 versione
1031 2641 1105 2679 dedit
1119 2641 1173 2679 ._id
1189 2648 1205 2679 e_
1219 2640 1319 2679 Gmcis
1338 2641 1428 2679 verbis
1445 2649 1498 2668 non
1523 2642 1647 2679 cilicitur.
1664 2642 1694 2669 S.
1709 2643 1852 2679 καταφέρει

796 2674 819 2689 "
828 2674 890 2713 εἰδῶ
908 2674 1027 2713 (ΣηΤυιιι
1043 2676 1188 2713 ὀπτασίαν.
1197 2677 1336 2713 ἐνεργείας
1357 2677 1383 2713 07
1412 2677 1439 2703 in
1465 2681 1557 2713 textu,
1566 2678 1601 2703 ίσ.
1619 2678 1755 2709 ὀπτασίας
1777 2674 1851 2713 é'vép:

229 2716 307 2747 γειαν
372 2716 445 2747 man.
460 2708 586 2747 ιιι-[ηοω.
598 2709 833 2747 ειιιυοιίρτωειοω
855 2709 985 2747 ῥπτασίεν
1013 2711 1152 2747 ἐνεργείας
1169 2710 1190 2737 C
1203 2731 1211 2743 ,
1227 2708 1360 2747 ρἢασίαν
1377 2712 1518 2747 ἐναργείας
1539 2712 1580 2739 Cl.

230 2720 307 2742 γειιιν
320 2720 355 2734 in.
373 2720 445 2734 ΙΙΙὶΙΙΙ.
460 2720 487 2735 Ill
502 2720 586 2744 Illurg.
598 2728 604 2740 ,
621 2720 693 2743 quuu
708 2720 833 2742 prastat;
855 2720 985 2736 οτι-τασιαν
1013 2720 1152 2746 ενεργειας
1169 2720 1190 2737 ιλ
1203 2731 1211 2743 ,
1230 2720 1360 2738 οτπασιαν
1377 2720 1441 2747 εναρ
1460 2720 1473 2737 ε

230 2743 307 2781 eoan
322 2743 407 2781 Cotel.
420 2743 538 2781 Debebat
552 2743 924 2781 scribercﬁvsysgysc'répav.
951 2745 1007 2781 ἰξεο
1021 2746 1113 2772 malim
1134 2745 1264 2778 ὀπτασίας
1278 2747 1421 2781 ἐνάργειαν

1619 2713 1642 2728 ¹⁸
1652 2713 1852 2749 ἀνεργεστέραν

1498 2746 1564 2782 Dein
1584 2745 1659 2779 εῐτοες
1677 2745 1709 2782 βξ
1721 2745 1849 2779 εἶπαςὈ.

230 2777 307 2817 fixa!
324 2778 426 2817 inserui
439 2787 464 2805 c.
485 2779 532 2817 0.“
555 2778 577 2794 ³ο
589 2778 706 2817 χθές,
733 2777 898 2817 {tamam
914 2781 944 2807 0.
962 2779 1084 2817 Sequens
1107 2783 1151 2817 καί
1181 2781 1207 2808 in
1234 2777 1332 2817 eodem
1347 2777 1432 2808 deest.
1472 2782 1532 2808 ¹¹οὕ
1548 2781 1580 2809 S.
1595 2785 1617 2809 0
1631 2777 1704 2817 ,Vot‘ix
1719 2782 1753 2810 C.
1790 2777 1840 2809 ί⁸0

231 2812 274 2839 bis
288 2813 350 2853 exh.
364 2812 476 2843 δίκαιος.
501 2812 538 2853 ,³⁸
549 2812 634 2849 προ...
648 2813 710 2853 (sic)
723 2814 744 2839 0
754 2819 801 2853 _;_a_t
814 2814 875 2853 ea_d_.
890 2823 963 2842 man.
978 2812 1102 2853 lacunam
1117 2816 1147 2853 in
1156 2816 1291 2853 marg_.ita
1307 2817 1415 2853 explere
1429 2812 1642 2853 ιεῃιδνίιεισωέι
1654 2812 1848 2853 προσιεμένων.

230 2847 304 2888 quod
319 2855 392 2874 man.
408 2847 542 2888 recentior
559 2847 675 2888 corresit
689 2849 715 2874 in
721 2849 828 2888 μᾶλλον
837 2849 868 2875 δὲ
878 2850 1089 2888 Τοιτροτάιειεωνἶ
1125 2847 1349 2888 ³⁸-νὺιιῖίέκεῖνον
1359 2852 1388 2888 ἐν
1401 2851 1558 2888 tomus-atq],
1579 2847 1694 2888 ascripsi
1720 2847 1760 2880 ex.
1783 2861 1848 2879 00"-

229 2881 334 2923 jfctura
346 2889 491 2923 pro-vacuo
502 2883 590 2923 Ottob.
629 2883 652 2899 ³⁸
660 2881 751 2910 ποιοῦν
764 2884 798 2912 τά
810 2886 840 2910 0.
879 2885 913 2901 ³⁶⁴
925 2881 1104 2921 Ιλειςάγαθοῖς
1116 2886 1161 2913 καὶ
1173 2882 1309 2922 πονηροῖς,
1322 2887 1358 2914 ila
1367 2887 1431 2922 legit
1442 2881 1574 2923 interpres
1584 2881 1660 2916 bene:
1669 2887 1718 2915 Eo.
1730 2888 1847 2915 Pullos.

231 2916 342 2943 "ac.
380 2916 467 2943 "eis
490 2917 567 2944 c.Cl.
