1917 3100
256 171 305 204 ιιι

678 175 708 203 S.
727 175 924 204 CLEMENTIS
938 175 949 203 l
966 175 1049 204 ROM.
1070 173 1170 203 PONT.
1188 174 1302 202 OPERA
1319 174 1433 203 DUBIA.

1823 173 1877 202 ιη

254 239 331 267 rogo,
343 231 409 258 mihi
435 231 578 267 responde,
593 239 626 259 ac
644 231 743 260 disces.
755 231 805 261 ch
820 232 887 259 mihi
907 241 913 259 :
932 231 972 259 ais
993 231 1039 259 Fi-

1094 230 1233 266 ὶπόκριναι
1251 239 1306 266 μοι,
1319 230 1365 258 καὶ
1379 230 1501 266 μαθήσῃ,
1513 230 1582 265 Λέγε
1596 238 1650 266 μοι·
1674 230 1728 266 φῂς
1747 229 1791 258 τὸν
1811 230 1879 258 Υεὸν

255 277 333 311 lium,
360 277 517 312 quicunque
535 277 580 310 sit,
606 277 712 312 justum
735 285 807 310 esse,
824 277 867 304 vel
885 278 957 304 non?
971 276 1038 305 Res-

255 323 350 357 pondit
364 322 459 350 Simon
478 332 485 350 :
502 322 700 350 Justissimum.
718 322 751 351 Et
773 322 871 351 Petrus
884 332 892 352 :
905 323 974 351 Cum
989 331 1040 351 au-

254 373 308 396 tem
321 368 415 403 justus
431 368 476 402 sit,
489 376 540 396 cur
550 375 604 395 non
618 369 745 397 omnibus
755 369 866 403 revelat,
881 369 927 396 sed
939 369 1039 405 quibus

255 413 330 440 vult?
351 413 390 441 Ac
411 412 526 440 Simon:
549 412 683 446 Quoniam
708 414 755 449 qui
774 415 865 447 justus
884 419 936 447 est,
955 415 1038 450 justis

255 459 375 485 revelare
390 458 456 485 vult.
479 458 576 486 Petrus
589 466 598 486 :
612 457 705 486 Nonne
721 459 803 494 igitur
826 467 935 487 necesse
949 465 991 488 est
1004 460 1039 488 ab

254 512 288 531 eo
302 507 431 540 cognosci
444 509 562 533 mentem
578 506 759 541 singulorum,
775 511 805 534 ut
819 507 918 534 revelet
932 507 1039 542 dignis?

254 548 350 576 Simon
366 557 374 577 :
390 548 509 577 Omnino
522 551 707 578 necessarium
722 555 763 579 est
787 552 822 578 ita
842 552 950 579 habere.
967 551 1037 579 Tum

253 593 370 623 Petrus:
384 595 478 631 Itaque
502 596 546 623 ille
571 597 647 625 solus
662 596 759 624 merito
775 597 895 625 revelare
909 597 1037 625 deﬁnitus

251 647 305 674 est,
320 642 365 676 qui
379 642 455 669 solus
471 642 687 677 uniuscujusque
700 647 817 670 mentem
834 643 919 677 novit,
937 647 965 671 et
981 651 1036 671 non

254 690 294 720 tu,
311 687 357 721 qui
372 695 406 714 ne
428 695 460 715 ea
482 687 591 723 quidem
615 695 675 724 qua!
690 695 705 716 a
727 688 805 717 nobis
818 688 948 717 dicuntur
960 693 1037 725 potes

253 731 413 768 intelligere.

287 777 334 807 IX.
355 778 383 807 ld
398 778 507 808 Petrum
521 779 655 808 dice:.tem
671 781 787 817 populus
802 782 930 810 laudibus
942 790 1037 818 prose-

252 828 333 852 cutus
358 829 409 853 est.
429 826 463 853 At
488 826 593 859 Simon,
613 826 640 853 in
661 828 738 862 lapsu
760 828 956 862 deprehensus,
981 836 1036 864 prae

251 871 356 905 pudore
371 871 490 904 erubuit,
503 876 585 907 atque
599 871 695 900 fricata
710 872 798 901 fronte
815 874 883 901 dixit
897 884 904 902 :
918 874 976 902 Jam
991 882 1035 902 me

251 924 362 950 magum
388 915 464 943 aiunt
491 924 506 944 a
527 916 607 944 Petro
626 925 680 945 non
697 922 802 946 tantum
817 918 932 952 victum,
947 919 994 946 sed
1008 924 1035 947 et

250 961 402 989 rationibus
417 969 554 996 pressum.
567 961 626 990 Non
645 968 736 991 autem
760 964 824 992 licet
838 964 901 999 quis
924 965 1036 993 ratioci-

250 1008 408 1035 nationibus
431 1013 589 1043 prematur,
611 1009 740 1044 abreptus
764 1011 905 1037 veritatem
929 1011 956 1038 in
975 1011 1035 1046 ipso

250 1053 349 1081 victam
376 1053 468 1081 liabet.
492 1053 585 1089 Neque
609 1055 681 1082 enim
704 1055 848 1083 inlirmitas
866 1056 1036 1084 defendentis

251 1100 352 1127 veritas
367 1104 409 1128 est
423 1101 587 1134 superantis.
603 1100 729 1129 Attamen
744 1102 787 1129 aio
804 1102 863 1135 tibi,
877 1110 920 1130 me
940 1110 1035 1131 omnes

251 1149 374 1172 astantes
385 1145 552 1180 judicavisse
571 1146 678 1181 dignos,
695 1147 741 1181 qui
757 1147 783 1174 in
800 1148 907 1175 arcanis
927 1147 1034 1175 Patrem

247 1195 454 1226 tnguoscerent.
473 1191 562 1224 Quare
576 1199 638 1219 cum
654 1193 740 1226 palam
756 1193 822 1228 ipsis
835 1193 935 1225 revelo,
950 1199 976 1221 tu
989 1202 1035 1228 por

249 1237 378 1264 invidiam
393 1237 460 1264 mihi
484 1237 545 1264 illos
561 1237 693 1265 beneﬁcio
714 1237 820 1266 allicere
834 1239 952 1274 cupienti
973 1247 1035 1267 suc-

249 1289 356 1310 censes.

283 1327 319 1355 X.
332 1327 405 1355 Dixit
419 1327 517 1356 Petrus
534 1337 541 1356 :
557 1328 703 1362 Quoniam,
719 1333 750 1356 ut
772 1330 897 1365 praesenti
912 1331 1036 1359 multitu-

248 1374 307 1401 dini
321 1378 430 1409 gratum
448 1375 563 1408 faceres,
581 1375 616 1402 ita
637 1375 745 1403 locutus
758 1384 798 1408 es,
813 1384 863 1412 ego
876 1377 964 1404 dicam
979 1385 1034 1405 non

250 1424 336 1455 grate,
353 1419 399 1447 sed
413 1426 486 1447 vere.
508 1419 557 1447 Dic
581 1421 661 1454 mihi,
683 1428 738 1456 quo
752 1422 834 1449 modo
854 1423 951 1459 dignos
973 1431 1035 1453 esse

249 1465 394 1501 cognoscis
418 1469 540 1493 astantes
557 1466 717 1500 universos,
741 1468 961 1504 quandoquidem
986 1471 1034 1498 tibi

251 1510 381 1537 iudicanti
395 1518 430 1537 ne
445 1517 516 1538 unus
530 1510 639 1545 quidem
654 1513 768 1546 praebuit
780 1515 945 1542 assensum?
964 1514 1032 1543 Nam

249 1555 323 1590 quod
340 1564 383 1584 me
397 1561 493 1584 contra
507 1561 532 1584 te
545 1557 726 1592 laudaverint,
741 1567 794 1586 non
807 1564 849 1587 est
862 1561 1035 1589 consentieu-
1047 1577 1069 1607 ο

250 1602 319 1629 tium
334 1602 394 1636 tibi,
413 1603 460 1630 sed
484 1603 562 1637 mihi,
582 1604 625 1631 cui
641 1609 668 1632 et
686 1604 791 1633 laudem
816 1610 943 1641 tanquam
966 1607 1034 1635 bene

249 1647 341 1676 locuto
355 1649 520 1677 tribuerunt.
535 1649 634 1678 Verum
647 1650 710 1685 quia
726 1650 808 1684 Deus,
825 1656 917 1687 utpote
931 1653 1032 1688 justus,

249 1694 422 1729 singulorum
447 1700 565 1723 mentem
588 1696 730 1731 dijudicat,
747 1697 818 1732 quod
835 1702 863 1725 tu
881 1698 973 1726 dixisti
986 1707 1034 1726 ve-

250 1748 310 1768 rum
324 1748 394 1775 esse,
414 1740 439 1769 id
455 1741 544 1769 noluit
560 1750 608 1777 per
623 1743 761 1771 sinistram
777 1743 879 1772 dextris
894 1744 963 1778 dari,
979 1752 1033 1780 qua

249 1787 366 1820 ratione,
380 1787 426 1823 qui
443 1787 544 1823 aliquid
560 1796 575 1816 a
593 1788 653 1816 fure
665 1788 773 1824 accipit,
790 1794 816 1817 et
830 1789 888 1824 ipse
903 1798 967 1818 reus
980 1796 1032 1819 est.

248 1831 341 1870 Itaque
354 1840 414 1859 eam
428 1833 464 1860 ob
475 1840 587 1861 causam
604 1835 676 1869 quod
689 1842 704 1862 a
719 1839 744 1862 te
759 1835 931 1870 aﬂcrebatur,
946 1837 1035 1865 noluit

247 1886 295 1905 eos
314 1879 448 1913 accipere,
465 1879 511 1906 sed
533 1887 582 1914 per
602 1880 713 1913 Filium,
733 1882 779 1916 qui
807 1882 839 1909 ad
859 1883 1032 1910 revelandum

248 1924 415 1958 praestitutus
429 1930 480 1952 est.
497 1925 547 1952 Cui
563 1927 636 1953 enim
652 1927 778 1954 convenit
797 1926 905 1955 Patrem
928 1930 1033 1957 revela-

249 1977 289 2003 re,
304 1974 484 2005 praterquam
501 1971 552 1998 soli
568 1970 648 2005 Filio,
671 1972 735 2007 quia
759 1972 783 2001 is
806 1973 852 2000 tali
871 1974 1035 2003 revelatione

248 2014 361 2049 dignum
375 2016 530 2051 cognoscit?
544 2015 590 2044 Sic
605 2025 658 2044 non
673 2023 715 2046 est
736 2018 789 2046 hoc
804 2019 903 2046 docere
922 2024 970 2047 aut
982 2020 1035 2047 do—

249 2060 318 2092 ceri,
335 2061 383 2088 sed
399 2061 529 2089 ineﬂ‘abili
541 2069 623 2089 manu
639 2062 663 2089 ei
678 2063 805 2097 revelari,
818 2064 866 2099 qui
885 2063 951 2092 illud
963 2064 1035 2092 scire

248 2105 348 2140 dignus
361 2106 408 2134 sit.

285 2150 330 2178 XI.
348 2151 381 2178 Et
397 2151 491 2180 Simon
505 2160 512 2178 :
537 2152 662 2187 Multum,
678 2153 785 2189 inquit,
800 2155 928 2183 conducit
945 2156 979 2183 ad
992 2156 1034 2183 vi-

249 2197 363 2223 ctoriam
375 2197 410 2230 ei,
429 2197 475 2232 qui
500 2198 599 2225 bellum
625 2199 705 2234 gerit,
732 2200 851 2235 propriis
874 2201 913 2228 uti
936 2201 1031 2229 armis.

1088 276 1191 303 δίκαιον
1206 275 1286 309 εἶναι,
1302 277 1375 308 ὅστις
1394 277 1453 303 ποτ’
1470 276 1552 308 ἐστιν,
1572 276 1589 312 ἢ
1606 275 1655 309 ob;
1675 276 1730 303 Kal
1748 277 1764 303 6
1782 276 1878 312 Σίμων

1088 322 1156 358 ἔφη·
1172 321 1354 349 Δικαιότατον.
1371 322 1425 349 Kal
1437 323 1451 349 6
1466 322 1581 358 Πέτρος·
1600 322 1709 353 Δίκαιος
1729 321 1759 348 δὲ
1773 321 1813 349 ὢν
1830 322 1880 348 διὰ

1087 368 1114 395 τί
1131 368 1168 403 μὴ
1182 369 1264 395 πᾶσιν
1285 367 1482 400 ἀποκαλύπτει,
1499 367 1556 395 ἀλλ’
1574 366 1615 399 οἷς
1627 367 1768 402 βούλεται;
1786 368 1844 395 Kal
1861 368 1878 394 6

1088 414 1194 449 Σίμων·
1213 414 1273 440 Ὀτι
1298 413 1400 446 δίκαιος
1423 413 1461 440 ὢν
1486 415 1540 445 τοῖς
1560 413 1645 446 ἀξίοις
1669 413 1878 441 ἀποκαλύπτειν

1089 459 1221 495 βούλεται.
1249 459 1304 486 Kal.
1317 460 1332 486 6
1349 459 1468 495 Πέτρος⁰
1494 458 1597 486 οὐκοῦν
1607 459 1630 475 ⁷⁸
1654 459 1762 494 ἀνάγκη
1791 459 1878 485 αὑτὸν

1087 505 1186 532 ειδέναι
1207 505 1254 532 τὸν
1278 505 1392 532 ἑκάστου
1410 504 1472 532 νοῦν
1483 523 1491 536 ,
1516 504 1559 531 ῐνα
1571 504 1657 538 ἀξίοις
1671 504 1876 540 amulum;

1087 551 1142 578 Kal
1157 552 1171 577 6
1191 551 1296 587 Σίμων’
1325 550 1444 586 Ἀνάγκη
1461 551 1564 578 ardea"
1584 550 1670 582 οὕτως
1687 550 1768 586 ἔχειν.
1791 550 1881 586 θα)

1087 597 1141 624 Kal
1150 598 1164 624 6
1176 597 1278 632 Πέτρος
1288 605 1295 612 ·
1309 596 1412 624 οὐκοῦν
1423 595 1504 628 αὐτὸς
1520 595 1598 631 μόνος
1610 595 1727 630 εὐλόγως
1737 596 1758 612 "
1771 596 1878 622 ἀποκα-

1086 644 1196 670 λύπτειν
1209 643 1322 680 ὡρίσθη,
1339 643 1418 679 μόνος
1428 642 1474 670 τὸν
1487 642 1602 670 ἑκάστου
1610 642 1671 670 νοῦν
1683 641 1772 674 εἰδὼς.
1783 643 1835 669 καὶ
1844 642 1879 669 οὐ

1087 691 1119 718 σὺ
1132 691 1146 718 6
1158 690 1225 728 μηδὲ
1235 690 1271 718 τά
1285 690 1330 726 ὑφ’
1340 691 1357 726 ἡ
1361 690 1419 726 μῶν
1431 690 1564 726 λεγόμενα
1578 689 1725 726 δυνάμενος
1741 689 1880 717 συνιέναι.

1121 779 1166 807 lx.
1184 779 1270 807 Τοῦτο
1296 779 1344 807 Ιτοῦ
1370 779 1474 816 Πέτρου
1497 778 1629 811 εἰπόντος,
1653 779 1707 806 ἀπὸ
1741 778 1792 814 μὲν
1820 778 1883 805 τῶν

1085 825 1170 861 ὄχλων
1184 825 1295 857 ἔπαινος
1310 825 1428 860 ἐγένετο.
1448 825 1477 852 '0
1489 824 1517 851 δὲ
1535 824 1627 860 Σίμων
1648 824 1814 861 κατάφωρος
1830 832 1883 858 γεο

1085 871 1180 907 γονὼς,
1194 871 1326 904 αἰδεσθεὶς
1339 871 1498 908 ἠρυθρίασε,
1510 871 1558 899 καὶ
1581 871 1612 898 τὸ
1630 870 1755 906 μέτωπον
1775 871 1884 906 τρίψας

1085 918 1136 954 ἔφη
1146 926 1154 934 ο
1179 917 1248 944 Ἀλλ’
1262 917 1312 953 ἐμὲ
1327 917 1413 953 μάγον
1427 917 1552 952 λέγουσιν
1564 917 1617 944 ὑπὸ
1636 916 1740 952 Πέτρου
1754 915 1884 950 νικώμε-

1083 973 1128 992 νον
1139 964 1173 996 ⁷¹¹,
1187 963 1254 990 ἀλλά
1264 964 1311 991 xal
1328 963 1558 999 συλλογιζόμενον.
1570 963 1627 989 Οὺκ
1638 964 1664 989 et
1674 971 1717 995 τις
1734 963 1763 989 δὲ
1779 962 1884 988 συλλο-

1083 1011 1200 1046 γισθείη,
1218 1009 1417 1046 συναρπασθεὶς
1437 1010 1486 1045 τὴν
1505 1010 1533 1036 ἐν
1558 1008 1633 1044 αὐτῷ
1652 1008 1781 1044 ἀλήθειαν
1806 1016 1887 1034 νενι-

1083 1056 1205 1092 κημένην
1217 1055 1283 1091 ἔχει.
1305 1055 1342 1082 οὺ
1363 1054 1418 1090 γὰρ
1438 1055 1455 1090 ὴ
1477 1054 1604 1081 ἀσθένεια
1630 1053 1677 1081 τοῦ
1703 1052 1887 1084 ἐκδικοῦντος

1084 1101 1197 1138 ἀλήθειά
1218 1102 1277 1128 ἐστι
1292 1101 1339 1128 τοῦ
1360 1100 1511 1136 νικωμένου
1524 1100 1557 1127 "’.
1579 1100 1652 1136 Πλὴν
1668 1099 1739 1135 φημί
1763 1107 1820 1131 σοι,
1840 1100 1888 1126 ὃτι

1083 1147 1139 1183 ἐγὼ
1153 1148 1217 1179 τοὺς
1232 1147 1411 1183 παρεστῶτας
1427 1146 1532 1177 πάντας
1553 1145 1645 1178 ἀξίους
1660 1145 1756 1181 ἔκρινα
1773 1145 1888 1179 γνῶναι

1082 1194 1129 1220 τὸν
1146 1194 1176 1221 ὲν
1187 1194 1352 1230 ἀπορρήτοις
1374 1193 1493 1229 Πατέρα.
1512 1192 1557 1219 Διὸ
1575 1191 1693 1227 δημοσίᾳ
1709 1199 1761 1226 μου
1784 1190 1887 1222 αὐτοῖς

1083 1240 1328 1272 ἀποκαλύπτοντος,
1340 1240 1372 1267 σὺ
1385 1239 1465 1272 αὐτὸς
1477 1239 1500 1255 ³⁸
1511 1239 1555 1266 διὰ
1567 1238 1663 1274 φθόνον
1673 1237 1734 1274 ἐμοὶ
1744 1236 1788 1272 τῷ
1804 1237 1890 1271 εὐερ-

1084 1286 1174 1320 γετεῖν
1189 1285 1287 1317 αὐτοὺς
1300 1284 1404 1312 θέλοντι
1419 1284 1601 1320 χαλεπαίνεις.

1120 1329 1154 1357 Χ.
1175 1331 1229 1357 Kal
1244 1331 1258 1358 6
1282 1331 1384 1366 Πέτρος
1407 1330 1478 1366 ἔφη·
1497 1329 1605 1365 Ἐπειδὴ
1627 1328 1802 1364 ἀρεσκόντως
1822 1329 1889 1360 τοῖς

1084 1375 1217 1412 παροῦσιν
1233 1375 1321 1411 ὖχλοις
1338 1376 1424 1408 οὕτως
1445 1376 1523 1411 ἔφης,
1541 1374 1595 1410 ἐγὼ
1608 1375 1662 1410 ἐρῶ
1677 1375 1728 1401 οὐκ
1743 1374 1889 1410 ἀρεσκόν-

1084 1429 1148 1452 τως,
1160 1420 1217 1447 ἀλλ’
1230 1421 1253 1437 ⁸⁸
1268 1421 1386 1457 ἀληθῶς.
1397 1421 1467 1455 Λέγε
1480 1430 1534 1456 μοι,
1548 1420 1607 1452 πῶς
1622 1420 1714 1453 ἀξίους
1729 1419 1887 1445 ἐπίστασαι

1083 1466 1148 1498 τοὺς
1159 1467 1337 1502 παρεστῶτας
1349 1467 1463 1498 πάντας,
1474 1467 1540 1493 ὅπου
1555 1474 1596 1493 σοι
1606 1465 1761 1500 ἐκφαίνοντι
1771 1465 1832 1491 066‘
1843 1463 1888 1496 εἷς

1085 1511 1228 1545 συνέθετος
1255 1512 1287 1539 τὸ
1311 1513 1366 1549 γὰρ
1392 1513 1453 1548 ἐμοὶ
1477 1511 1639 1548 ποιήσασθαι
1661 1510 1732 1538 κατὰ
1759 1509 1811 1536 σοῦ
1836 1510 1886 1537 τὸν

1085 1557 1194 1584 ἔπαινον
1207 1558 1256 1584 οὐκ
1278 1557 1335 1585 ἐστι
1357 1557 1600 1593 συγκαταθεμένων
1620 1557 1676 1588 σοὶ,
1689 1556 1747 1583 ἀλλ’
1763 1555 1790 1572 ⁸⁸
1805 1557 1884 1592 ἐμοὶ,

1084 1600 1108 1637 ᾧ
1126 1604 1174 1630 καὶ
1197 1603 1244 1631 τδν
1265 1604 1374 1631 ἔπαινον
1396 1604 1436 1636 ὡς
1457 1604 1545 1640 ὀρθῶς
1566 1603 1687 1639 εἰρηκότι
1710 1602 1883 1637 ἀπένειμαν.

1091 1650 1161 1677 Ἀλλ’
1180 1651 1274 1687 ἐπειδὴ
1295 1652 1310 1678 6
1328 1651 1394 1682 Θεὸς
1412 1651 1514 1682 δίκαιος
1532 1650 1570 1677 ὣν
1591 1649 1717 1685 βραὸεύει
1743 1648 1794 1675 τὸν
1811 1648 1885 1675 ἑκά-

1085 1705 1148 1723 στου
1164 1696 1236 1729 νοῦν,
1250 1697 1266 1723 ὃ
1287 1697 1340 1732 φῂς
1360 1696 1459 1732 ἀληθὲς
1475 1694 1554 1728 εἶναι,
1574 1695 1652 1731 361
1669 1695 1720 1721 οὐκ
1737 1694 1775 1720 ἂν
1798 1694 1887 1720 ἐϐου-

1083 1741 1153 1777 λήθη
1166 1742 1210 1769 διὰ
1221 1742 1272 1777 τῆς
1292 1742 1439 1778 ἀριστερᾶς
1453 1742 1510 1772 τοῖς
1524 1740 1620 1773 δεξιοῖς
1629 1739 1708 1766 τοῦτο
1719 1738 1851 1774 δοθῆναι,
1863 1734 1888 1772 ᾧ

1083 1787 1177 1823 λόγῳὸ
1194 1786 1270 1823 παρὰ
1281 1786 1397 1814 κλέπτου
1409 1795 1437 1813 τι
1455 1785 1544 1812 λαϐὼν
1565 1786 1612 1812 καὶ
1629 1784 1709 1816 αὐτὸς
1724 1784 1889 1816 ὑπεύθυνός

1084 1833 1164 1860 ἐστιν.
1186 1833 1267 1859 ’Ὥστε
1278 1832 1373 1858 τούτου
1386 1831 1478 1858 ἕνεκεν
1494 1830 1524 1857 τὸ
1540 1831 1592 1857 ὑπὸ
1605 1830 1651 1857 σοῦ
1665 1830 1820 1866 φερόμενον
1832 1832 1890 1858 οὐκ

1084 1878 1214 1913 ἠθέλησεν
1234 1877 1333 1909 αὐτοὺς
1350 1876 1451 1908 λαϐεῖν,
1468 1875 1536 1902 ἀλλά
1554 1874 1599 1901 διὰ
1609 1873 1656 1900 τοῦ
1670 1875 1709 1905 εἰς
1721 1873 1752 1900 τὸ
1772 1874 1890 1901 ἀποκα-

1083 1924 1196 1951 λύπτειν
1207 1924 1230 1940 ⁸⁸
1245 1921 1398 1959 ὡρισμένου
1420 1921 1496 1948 Υἰοῦ.
1520 1921 1579 1947 Τίνι
1599 1919 1653 1956 γὰρ
1671 1918 1786 1953 εὔλογόν
1806 1920 1889 1949 ἐστιν

1083 1969 1288 1998 ἀποκαλύπτειν
1301 1969 1348 1995 τὸν
1359 1967 1478 2003 Πατέρα,
1495 1967 1512 2002 ἢ
1528 1965 1585 2002 Υἱῷ
1602 1965 1685 2001 μόνῳ,
1696 1964 1741 1992 διά
1761 1965 1795 1992 τὸ
1811 1966 1891 1993 εἰδέ-

1083 2023 1127 2042 ναι
1148 2015 1197 2050 τῆς
1220 2013 1348 2049 τοιαύτης
1369 2011 1566 2046 ἀποκαλύψεως
1592 2010 1638 2037 τὸν
1670 2009 1761 2042 ἀξιον;
1786 2010 1892 2043 Οὕτως

1083 2061 1134 2088 οὐκ
1150 2061 1208 2087 εστι
1223 2060 1304 2087 τοῦτο
1318 2058 1420 2090 διδάξαι
1436 2058 1453 2094 ἢ
1474 2057 1640 2092 διδαχθῆναι,
1670 2056 1726 2083 ἀλλ’
1743 2056 1893 2092 άφράπῳ

1084 2107 1157 2143 χειρὶ
1181 2105 1404 2140 ἀποκαλυφθῆναι
1420 2103 1459 2139 τῷ
1481 2103 1559 2130 τοῦτο
1573 2103 1671 2129 εἰδέναι
1683 2101 1762 2137 ἀξίῳ.

1120 2153 1166 2180 XI.
1180 2153 1235 2179 Kal
1247 2153 1261 2178 6
1274 2151 1365 2186 Σίμων
1378 2150 1445 2184 latr
1458 2149 1529 2176 Πολὺ
1546 2147 1730 2184 συμϐάλλεται
1752 2147 1832 2183 πρὸς
1847 2149 1892 2176 νί-

1085 2207 1137 2234 κην
1147 2198 1186 2234 τῷ
1198 2195 1360 2232 πολεμοῦντι
1370 2195 1401 2222 τδ
1416 2194 1489 2226 ἰδίοις
1498 2193 1650 2230 χρήσασθαι
1661 2193 1766 2225 ὅπλοις.
1785 2194 1822 2220 Ὀ
1832 2195 1892 2234 γέρ

249 2242 329 2276 Quod
341 2243 414 2270 enim
431 2231 493 2278 quis
506 2248 589 2276 amat,
608 2231 809 2274 etianrsiucere
824 2251 913 2280 potest
937 2247 1033 2274 defen-

1094 2231 1158 2280 ριλεϊ
1172 2231 1226 2275 τις,
1237 2231 1285 2269 καὶ
1307 2241 1425 2277 γνησίως
1444 2240 1560 2267 ἐκδικεῖν
1572 2238 1692 2270 δύναται,
1714 2231 1892 2274 γνησίωςὲ

249 2289 314 2316 dere
326 2297 333 2315 :
347 2289 452 2316 sincere
463 2294 554 2316 autem
568 2290 710 2317 defensum
735 2299 788 2319 non
811 2292 949 2327 vulgarem
977 2292 1032 2320 vim

249 2335 342 2362 habet.
359 2334 423 2362 Ideo
449 2335 576 2369 deinceps
599 2335 672 2370 quod
688 2343 750 2363 vere
773 2337 862 2364 sentio
887 2345 1030 2372 exponam.

247 2381 300 2408 Aio
315 2381 460 2416 quamdam
484 2383 511 2409 iu
540 2382 648 2409 arcanis
669 2382 795 2409 virtutem
819 2390 900 2417 esse,
926 2384 1033 2411 cunctis

249 2428 382 2464 ignotam,
396 2428 446 2463 ipsi
461 2436 571 2463 quoque
597 2429 691 2455 mundi
713 2429 815 2463 opilici,
842 2430 913 2457 sicut
934 2435 961 2457 et
977 2430 1035 2466 ipse

246 2474 327 2503 Jesus
338 2475 417 2508 dixit,
427 2475 553 2502 nesciens
564 2475 629 2509 quid
639 2474 948 2509 loqueretur.lnterdtnn
961 2477 1033 2504 enim

247 2528 281 2548 ex
296 2519 472 2555 multiloquio
495 2519 595 2554 aliquis
623 2527 735 2554 scopum
765 2520 888 2549 veritatis
911 2521 1031 2557 attingit,

249 2564 379 2600 ignorans
395 2563 461 2599 quid
477 2564 562 2591 dicat.
572 2563 696 2599 Intelligo
710 2569 801 2592 autem
810 2569 838 2592 et
848 2566 882 2593 de
892 2566 949 2599 illo,
959 2566 1032 2601 quod

248 2610 451 2645 pronuntiavit:
468 2609 555 2637 Nemo
573 2610 645 2636 novit
657 2609 777 2638 Patrem.
802 2610 836 2638 Et
859 2610 974 2639 Petrus:
993 2611 1033 2639 Ne

1085 2289 1277 2325 ὲκδικούμενον
1298 2287 1329 2313 οὐ
1350 2287 1400 2322 τὴν
1425 2285 1559 2320 τυχοῦσαν
1577 2284 1655 2319 ἰσχὺν
1665 2283 1732 2318 ἔχει.
1757 2283 1809 2309 Διδ
1839 2284 1892 2311 τοῦ

1085 2335 1179 2362 λοιποῦ
1191 2336 1259 2370 ὅπερ
1270 2333 1354 2365 ὅντως
1365 2331 1455 2368 φρονῶ
1467 2330 1628 2366 ἐκθήσομαι.
1641 2329 1714 2364 Φημί
1726 2337 1793 2355 τινα
1805 2329 1894 2357 δύνα-

1089 2390 1134 2417 μιν
1146 2382 1175 2407 ὲν
1188 2380 1352 2416 ἀπορρήτοις
1364 2376 1432 2404 εἶναι
1443 2377 1581 2411 άγνωοτον
1597 2376 1674 2407 πᾶσι,
1687 2375 1736 2401 καὶ
1749 2375 1837 2410 αὐτῷ
1851 2376 1893 2412 τῷ

1087 2425 1256 2463 δημιουργῷ,
1273 2425 1311 2457 ὡς
1325 2425 1372 2452 καὶ
1382 2424 1462 2455 αὐτὸς
1472 2424 1487 2449 6
1501 2421 1605 2458 Ἰησοῦς
1620 2421 1741 2457 εἴρηκεν,
1756 2421 1813 2447 οὐκ
1827 2422 1895 2449 επι-

1088 2473 1220 2508 στάμενος
1232 2471 1246 2498 6
1261 2470 1419 2505 ἐφθέγξατο.
1443 2468 1490 2495 Ἐκ
1502 2466 1665 2497 πολυλαλιᾶς
1681 2465 1705 2482 ⁸⁵
1720 2465 1780 2502 γὰρ
1794 2467 1893 2493 ἐνίοτε

1086 2518 1209 2553 εὐστοχεῐ
1219 2525 1261 2548 τις
1273 2515 1340 2552 πρὸς
1352 2514 1382 2541 τὸ
1398 2513 1506 2549 ἀληθὲς,
1520 2512 1571 2539 οὐκ
1583 2511 1660 2543 εἰδὼς
1671 2511 1685 2537 6
1697 2510 1788 2544 λέγει.
1803 2513 1894 2547 Λέγω

1086 2564 1114 2591 δὲ
1126 2564 1173 2591 καὶ
1182 2563 1246 2598 περὶ
1257 2562 1363 2594 τούτου,
1374 2557 1404 2588 οῦ
1415 2560 1526 2595 εἴρηκεν
1533 2566 1540 2573 ·
1553 2557 1658 2592 Οὐδεὶς
1667 2557 1744 2592 ἔγνω
1756 2557 1817 2584 τὸν·
1828 2560 1895 2585 Ha-

1085 2610 1165 2644 τέρα.
1184 2609 1240 2636 Kal
1259 2608 1274 2635 6
1297 2607 1412 2643 Πέτρος·
1426 2606 1463 2633 Σὺ
1475 2604 1510 2632 τά
1521 2603 1628 2631 ἐκείνου
1650 2602 1751 2629 εἰδέναι
1781 2604 1894 2639 μηκέτι

879 2679 995 2707 νΑιιιΑε
1015 2678 1214 2706 LECTIONES.

281 2732 305 2749 τι
313 2729 363 2756 οὒκ
373 2727 420 2756 οὖν
429 2729 460 2756 C.
499 2727 523 2747 ’⁸
529 2728 594 2755 Post
607 2728 680 2754 πᾶσα
694 2727 720 2755 in
732 2729 753 2755 0
775 2731 934 2762 repetuntur
951 2727 1013 2754 vbli.
1028 2726 1107 2753 αὑτὸν
1119 2725 1222 2762 ειδέναι
1232 2724 1278 2762 τρν
1291 2721 1478 2762 ἐκάκουν-οῦν
1488 2721 1541 2750 ἵνα.
1553 2719 1599 2747 sed
1609 2722 1791 2762 expunlcta.n
1801 2719 1890 2762 "'56-

245 2753 422 2797 λόγωξᾶρέὲὶ
475 2764 505 2790 0.
529 2753 719 2798 ἓίῦίκώμένόξ
954 2753 1033 2798 sint;
1096 2769 1121 2788 c.
1171 2779 1178 2792 ,
1197 2760 1257 2795 οὐχὶ
1271 2759 1313 2790 τις
1389 2758 1419 2798 7"
1429 2756 1504 2798 ξονι.
1692 2753 1739 2798 βέκ
1748 2753 1891 2798 Αἶῖᾳὺτός

249 2799 321 2830 conj.
348 2798 369 2826 (Ξ
385 2819 392 2830 ,

523 2798 560 2825 id.
934 2787 1121 2832 falsa-hiut;
1137 2787 1177 2832 ‘0'
1190 2800 1216 2822 et
1231 2787 1272 2832 fex
1287 2787 1405 2832 conject.
1429 2791 1451 2818 C
1467 2811 1474 2823 ,
1493 2789 1540 2832 cui
1569 2787 1887 2832 ΔΙιὼξίιιεχαλε-πιαίνει),Γ

251 2823 408 2859 “"511an.
418 2823 609 2859 "-i’mai’o’."
635 2823 717 2861 inllr—0
725 2823 829 2860 litteris
844 2823 916 2860 ποκα
931 2823 1006 2859 vocis
1022 2823 1223 2859 ἀποκαλύπτειν
1239 2830 1265 2857 in
1281 2829 1302 2857 0
1329 2823 1446 2864 spatium
1467 2823 1579 2861 apparet
1593 2829 1724 2851 vacuum.
1742 2823 1785 2850 Ita
1798 2826 1887 2858 pauit

252 2871 321 2901 post.
360 2868 382 2883 “
392 2867 549 2902 πολυλογίας
563 2870 592 2894 0.
