1917 3100
225 188 278 216 405

632 188 661 217 5.
680 188 897 218 CLEMENTISI
918 189 999 217 ROM.
1018 188 1118 216 ΡΟΝΤ.
1139 187 1253 215 οΡΕιιΑ
1271 187 1384 216 DUBlA.

1803 184 1852 211 ιω

224 245 248 272 si
266 252 310 272 me
326 244 499 278 reum'dicis,
517 245 602 273 Deum
616 246 663 281 qui
680 245 747 273 mihi
770 245 910 273 Christum
927 252 1007 273 reve-

1062 251 1104 278 μοι
1119 243 1164 270 τδν
1176 243 1294 279 Χριστὸν
1309 244 1480 279 κατηγορεῖς,
1494 243 1541 270 καὶ
1554 241 1600 269 τοῦ
1615 241 1662 268 ἐπὶ
1678 241 1853 275 ἀποκαλύψει

224 289 291 317 lavit
305 296 430 323 accusas,
443 295 471 319 et
486 291 513 319 in
529 299 592 320 eum
611 291 658 327 qui
675 299 720 318 me
743 296 854 327 propter
864 291 1009 319 revelatio-

225 343 288 362 nern
311 335 420 364 beatum
434 337 591 372 praedicavit
613 337 762 366 invehcris.
779 337 831 365 Sed
849 337 873 364 si
897 338 1009 373 quidem

224 388 289 408 vere
302 381 381 415 cupis
405 382 595 410 adminiculari
612 383 741 416 veritati,
760 383 877 418 primum
896 391 912 410 a
929 383 1009 411 nobis

224 425 310 459 disce,
327 434 388 461 qua:
403 434 454 454 nos
468 427 502 454 ab
519 435 553 455 eo
568 428 726 463 didicimus,
738 432 765 456 et
782 428 871 457 factus
887 428 1010 456 veritatis

224 472 376 507 discipulus
390 472 439 500 ﬁas
455 477 549 501 noster
563 474 683 509 adiutor.

259 517 320 545 XX.
341 517 390 546 llis
415 519 516 546 auditis
529 518 623 547 Simon
645 520 733 548 dixit:
759 520 837 548 Absit
853 524 884 547 ut
898 527 949 555 ego
965 520 1008 548 vel

224 563 298 592 illius
314 563 356 592 vel
370 569 435 593 tuus
452 565 504 592 sim
521 565 683 600 discipulus.
697 564 790 601 Neque
806 566 878 594 enim
898 566 1007 601 ignoro,

223 618 285 646 quae
307 618 474 645 cognoscere
491 615 598 647 oportet
614 621 621 639 :
641 619 672 639 ea
690 619 756 639 vero
773 616 902 647 tanquam
925 612 1009 639 disci-

223 660 304 684 turus
328 657 542 692 interrogabam,
567 661 596 684 ut
626 664 801 692 agnoscerem
816 677 823 689 ,
853 665 887 684 an
912 664 1008 692 posses

225 701 370 730 ostendere
392 702 526 730 visionem
550 702 686 730 evidentia
701 709 762 730 esse
787 702 1006 730 inetllcaciorem.

223 747 259 774 At
275 751 304 774 tu
323 746 552 782 quemadmodum
567 747 679 774 voluisti
700 746 807 775 locutus
823 754 871 780 es,
888 754 940 774 nec
961 746 1008 774 de-

225 790 396 818 monstrasti.
412 790 446 820 Et
458 799 542 825 nunc,
556 792 669 819 veniens
685 799 747 820 cras
757 792 791 819 ad
804 798 958 819 sermonem
974 791 1008 819 de

226 835 293 871 Deo,
309 844 390 872 quem
402 836 560 865 Creatorem
576 837 710 871 aliirmas,
725 837 848 872 probabo
863 837 940 864 illum
953 844 1007 864 non

223 890 285 910 esse
307 890 467 918 supremum
491 890 523 911 ac
547 883 650 911 bonum
664 904 672 918 ,
698 887 776 911 tuum
796 890 906 919 quoque
926 881 1009 918 Magi-

1062 289 1264 325 μακαρίσαντὸς
1279 288 1359 324 352
1375 297 1408 324 με
1432 288 1596 324 καταφέρεις
1604 288 1637 315 ’⁵.
1667 287 1738 314 Ἀλλ’
1759 287 1853 314 Emi"

1060 342 1114 370 περ
1139 334 1247 370 ἀληθῶς
1274 336 1307 370 τῇ
1333 334 1447 370 ἀληθείᾳ
1465 335 1628 370 συνεργῆσαι
1649 333 1757 366 θέλεις,
1783 333 1854 370 μάθε

1059 379 1168 415 πρῶτον
1183 380 1248 416 παρ’
1261 380 1350 416 ήμῶν,
1366 380 1384 407 ἀ
1403 381 1483 416 ἡμεῖς
1498 380 1563 416 παρ’
1575 380 1680 407 ἐκείνου
1700 380 1851 416 ἐμάθομεν,

1059 427 1107 453 καὶ
1123 426 1247 463 μαθητὴς
1261 427 1390 463 ἀληθείας
1403 425 1523 461 γεγονὼς
1536 427 1615 462 γενοῦ
1629 427 1696 463 ἡμῖν
1709 427 1852 462 συνεργός.

1093 514 1153 542 XX.
1175 514 1268 541 Ταῦτα
1284 515 1298 542 6
1323 514 1413 550 Σίμων
1425 514 1546 546 ἀκούσας
1558 513 1620 550 ἔφη·
1641 513 1735 549 Ἀπείη
1757 522 1804 549 μοι
1820 513 1853 540 τὺ

1058 560 1114 587 εἴτε
1123 561 1145 577 ⁵⁸
1157 561 1272 593 ἐκείνου,
1288 561 1342 587 εἴτε
1358 569 1405 587 σου
1419 561 1545 595 γενέσθαι
1560 560 1693 596 μαθητήν.
1714 560 1782 587 Οὐδὲ
1796 559 1853 596 γὰρ

1058 607 1148 643 ἀγνοῶ
1160 607 1178 634 ἃ
1192 607 1232 634 δεῖ
1244 606 1399 642 γινώσκεινο
1415 607 1432 634 ἀ
1448 607 1476 633 δέ
1486 607 1524 639 ὡς
1540 606 1681 642 μανθάνων
1697 606 1850 642 ἐπυθόμην,

1058 654 1102 680 ῐνα
1118 653 1164 680 ἴδω
1174 654 1196 669 ⁵⁷
1218 654 1242 680 ει
1254 653 1365 680 δύνασαι
1385 653 1518 686 ὀπτασίας
1534 653 1675 689 ἐνέργειαν
1689 652 1851 689 ἐναργεστέ-

1060 706 1109 731 ραν
1119 697 1143 714 ²³
1157 697 1253 731 δεῖξαι.
1265 697 1302 724 Σὺ
1316 697 1345 724 δὲ
1359 698 1397 729 ὡς
1408 697 1553 733 ἠθέλησας,
1568 695 1657 729 εἶπας,
1669 697 1721 724 οὐκ
1735 696 1850 729 ἔδειξας.

1059 744 1113 771 Καὶ
1129 743 1176 770 νῦν
1193 743 1287 780 αὔριόν
1303 751 1343 771 σοι
1359 745 1399 776 εἰς
1411 743 1456 770 τὸν
1475 744 1540 779 περὶ
1551 743 1630 775 Θεοῦ,
1642 740 1672 770 οὗ
1692 741 1851 778 διισχυρίζῃ

1057 788 1224 825 δημιουργοῦ
1237 809 1244 821 ,
1268 787 1352 815 ἐλθὼν
1375 788 1423 816 καὶ
1439 788 1590 824 διαλεχθεὶς
1610 787 1690 821 δείξω
1709 787 1748 823 μὴ
1769 787 1852 813 αὺτδν

1058 831 1128 860 εἶναι
1140 834 1276 861 ἀνώτατον
1287 834 1335 861 καὶ
1344 835 1368 850 "
1382 834 1493 869 ἀγαθὸν,
1505 835 1552 861 καὶ
1561 834 1606 861 τὸν
1619 834 1665 860 σὺν
1676 833 1705 860 δὲ
1715 832 1851 860 Διδάσκα-

1058 878 1105 906 λον
1129 878 1164 905 τὰ
1189 878 1259 906 αὑτά
1283 887 1329 915 μοι
1358 879 1515 915 εἰρηκέναι,
1538 879 1567 905 σὲ
1581 879 1610 905 δὲ
1634 878 1671 914 μὴ
1692 877 1852 913 νενοηκέναι

223 933 311 956 strum
324 929 420 957 eadem
434 937 539 957 mecum
554 929 667 963 dixisse,
679 934 705 957 te
717 934 808 957 autem
822 937 936 965 arguam
951 937 1006 956 non

1062 925 1170 959 ἐλέγξω.
1179 925 1233 951 Καὶ
1245 924 1332 952 ταῦτα
1347 924 1431 952 εἰπὼν
1445 925 1529 960 ἐξῄει,
1549 925 1589 956 είς
1611 924 1629 952 ἃ
1651 924 1809 960 προέτεινεν
1820 924 1852 950 οὔ

223 975 399 1003 intellexisse.
419 975 508 1010 Atque
534 981 596 1011 post
616 976 673 1003 haec
694 976 767 1004 dicta
795 975 882 1008 exiit.
912 975 1008 1003 nolens

224 1021 321 1049 audire
338 1020 372 1048 ad
391 1029 423 1049 ea
440 1029 502 1057 qua:
519 1026 709 1057 proposuerat.

487 1113 631 1142 HOMlLlA
650 1113 744 1142 XVIII.

257 1160 277 1187 l.
298 1159 377 1187 Mane
400 1164 506 1194 autem,
533 1168 595 1188 cum
619 1159 717 1187 Petrus
741 1159 774 1187 ad
796 1158 1007 1194 disputationem

223 1207 410 1242 processisset,
424 1206 518 1234 Simon
531 1206 681 1241 unticipans
693 1206 761 1233 dixit
773 1215 780 1233 :
795 1205 856 1233 Heri
867 1205 1009 1233 discedens

222 1251 335 1286 promisi
354 1251 415 1284 tibi,
434 1259 477 1279 me
497 1251 578 1279 hodie
593 1252 745 1279 rediturum
759 1272 766 1284 ,
781 1251 1008 1286 disceptatorum,

223 1304 256 1324 ac
269 1301 456 1330 ostensurum,
473 1297 545 1332 quod
564 1297 658 1324 mundi
680 1296 772 1332 opifex
788 1304 842 1324 non
861 1297 897 1324 sit
914 1304 1011 1332 supre-

223 1350 285 1370 mus
302 1342 384 1376 Deus,
397 1343 444 1370 sed
460 1342 505 1369 hic
519 1342 589 1370 alius
604 1342 651 1374 sit,
669 1347 762 1377 utpote
779 1342 854 1369 solus
871 1342 969 1377 bonus,
982 1347 1010 1370 et

223 1389 278 1415 huc
301 1395 390 1423 usque
414 1388 583 1423 incognitus.
610 1387 709 1416 Statim
742 1396 828 1423 ergo,
853 1388 1008 1416 Creatorem

222 1434 350 1461 eumdem
362 1438 389 1461 ct
401 1434 582 1469 legislatorem
596 1442 657 1462 esse
666 1434 745 1466 dicis.
759 1442 809 1462 nec
823 1435 872 1462 ne?
887 1433 915 1461 Si
928 1434 1010 1470 igitur

223 1479 363 1514 legislator
378 1484 428 1511 est.
442 1479 534 1513 justus
554 1484 606 1514 est,
620 1480 643 1508 si
661 1480 765 1515 justus,
777 1488 833 1508 non
856 1484 898 1507 est
910 1480 1009 1513 bonus,

223 1526 313 1554 bonus
331 1526 354 1553 si
367 1533 422 1553 non
439 1531 490 1559 est,
505 1526 587 1554 alium
604 1526 762 1561 praedicavit
780 1526 859 1555 Jesus
872 1527 1007 1554 dicendo:

225 1571 267 1598 Ne
279 1580 318 1598 me
331 1572 406 1599 dicas
418 1571 524 1599 bonum.
537 1571 608 1599 Nam
622 1572 703 1599 bonus
715 1581 782 1600 unus
793 1577 842 1606 est,
856 1573 948 1607 Pater,
964 1573 1009 1608 qui

223 1618 252 1644 ξι.
276 1617 348 1645 caelis
368 1617 470 1644 habitas
485 1624 510 1646 ε.
534 1617 619 1645 Porro
647 1626 702 1646 non
722 1624 764 1647 est
786 1627 952 1652 consonum,
980 1604 1045 1646 ιιιο

225 1663 364 1699 iegislator
371 1663 463 1698 justus
479 1664 515 1691 sit
530 1671 562 1691 ac
579 1664 677 1692 bonus.
692 1664 736 1691 Ait
750 1664 847 1692 Petrus
861 1675 867 1691 :
888 1665 1010 1692 Primum

224 1708 270 1736 dic
285 1708 376 1741 nobis,
392 1709 418 1735 in
436 1709 535 1744 quibus
554 1709 709 1737 actionibus
730 1709 833 1737 bonum
849 1713 927 1745 putes
949 1717 1011 1737 esse

224 1753 339 1785 bonum.
353 1759 380 1782 et
393 1755 420 1781 in
432 1755 532 1790 quibus
546 1755 652 1790 justum
664 1763 725 1783 esse
737 1755 854 1791 justum,
869 1760 898 1783 ut
916 1756 955 1783 sic
976 1756 1013 1784 ad

224 1806 339 1834 scopum
352 1806 434 1827 verba
459 1799 641 1828 destinemus.
666 1800 699 1828 Et
720 1800 838 1829 Simon:
867 1800 908 1829 Tu
935 1801 1011 1836 prius

223 1843 317 1881 enare,
329 1844 394 1880 quid
408 1845 550 1875 arbitreris
565 1845 677 1881 bonum,
692 1846 758 1882 quid
770 1847 889 1882 justum.

259 1936 291 1964 ll.
308 1935 377 1964 Tum
390 1936 488 1964 Petrus
504 1946 510 1965 :
523 1936 562 1964 Ne
576 1938 778 1966 eontentiosius
788 1937 932 1973 disputans
944 1943 1012 1966 tem-

223 1991 290 2018 pora
305 1984 452 2017 insumam,
473 1984 537 2011 dum
555 1983 628 2019 juste
643 1984 751 2019 pcatulo
766 1990 796 2012 ut
812 1985 880 2013 meis
897 1993 1011 2020 respon-

223 2030 291 2056 deas
303 2029 549 2064 propositionibus,
570 2030 803 2065 quemadmodum
816 2031 867 2058 tibi
892 2031 1009 2064 videtur,

225 2074 285 2108 ipse
297 2074 331 2101 ad
350 2074 517 2109 interrogata
538 2075 731 2110 responsiones
749 2075 871 2103 aderam.
895 2075 951 2111 Ego
967 2076 1011 2104 aio

226 2120 329 2146 bonum
355 2127 416 2147 esse
440 2128 514 2153 eum,
537 2121 585 2154 qui
606 2120 721 2156 largitor
741 2125 792 2154 est,
809 2121 881 2148 sicut
899 2121 977 2149 video
995 2129 1010 2149 a

225 2166 356 2193 Creatore
381 2166 450 2199 ﬁeri,
461 2166 509 2201 qui
534 2166 636 2201 praebet
663 2167 747 2194 solem
771 2167 851 2194 bonis
873 2171 901 2194 et
919 2167 1009 2200 malis,

225 2216 309 2246 atque
327 2211 441 2239 imbrem
457 2212 539 2247 justis
552 2219 584 2239 ac
605 2212 707 2247 iniquis
721 2211 789 2239 b.Et
814 2212 909 2240 Simon
920 2212 988 2240 dixit
1002 2222 1009 2241 :

1060 969 1175 1006 θελήσας
1188 969 1313 997 ἀκοῦσαι.

1356 1107 1485 1135 'OMlAlA
1504 1109 1556 1135 lﬂ'.

1090 1153 1116 1182 Ἰ.
1137 1154 1256 1190 Ὀρθρου
1270 1154 1309 1186 δέ,
1326 1153 1504 1190 προελθόντος
1516 1154 1563 1181 τοῦ
1577 1154 1679 1190 Πέτρου
1696 1154 1738 1185 είς
1749 1154 1780 1180 τὸ
1793 1153 1851 1181 δια-

1060 1201 1197 1237 λεχθῆναι,
1209 1201 1223 1228 ὁ
1238 1201 1328 1236 Σίμων
1342 1200 1484 1237 προλαϐὼν
1494 1201 1556 1237 ἔφη·
1575 1200 1669 1236 Ἐχθὲς
1679 1200 1703 1216 ³⁸
1712 1201 1853 1227 ἀπαλλασ-

1061 1247 1173 1282 σόμενος
1192 1248 1232 1278 είς
1247 1247 1296 1282 τὴν
1313 1247 1432 1283 σήμερον
1452 1247 1611 1282 ὑπεσχόμην
1631 1255 1672 1273 σοι
1694 1246 1852 1273 ἐπανελθὼν

1060 1292 1108 1319 καὶ
1128 1290 1283 1328 συζητῆσας
1303 1291 1408 1325 δεῖξαι,
1429 1293 1470 1320 ὅτι
1490 1292 1541 1319 οὐκ
1557 1292 1629 1318 ἐστιν
1645 1292 1660 1318 6
1683 1292 1730 1319 τὸν
1750 1292 1852 1327 κόσμον

1059 1340 1263 1376 δημιουργήσας
1274 1338 1354 1374 353
1370 1338 1507 1372 ἁνώτατος
1516 1339 1536 1355 ²¹
1549 1339 1625 1372 Θεὸς,
1637 1339 1695 1366 ἀλλ’
1706 1339 1810 1374 ἕτερος,
1823 1340 1853 1371 ὃς

1059 1386 1108 1412 καὶ
1122 1384 1200 1420 μόνος
1212 1383 1313 1419 ἀγαθὸς
1328 1383 1366 1411 ὣν
1378 1384 1426 1411 καὶ
1445 1385 1526 1420 μέχρι
1546 1384 1594 1411 τοῦ
1615 1384 1694 1420 δεῦρο
1713 1385 1853 1419 ἄγνωστός

1060 1433 1144 1460 ἐστιν.
1160 1432 1265 1459 Αὐτίκα
1280 1432 1346 1467 γοῦν
1361 1431 1408 1460 τὸν
1419 1431 1590 1468 Δημιουργὸν
1604 1432 1685 1458 αὐτὸν
1701 1432 1749 1459 καὶ
1769 1441 1852 1468 νομο-

1060 1479 1140 1516 θέτην
1151 1479 1203 1515 φῂς
1213 1477 1293 1510 εἶναι,
1304 1478 1320 1514 ἢ
1336 1477 1367 1505 οὔ
1379 1478 1402 1494 "
1413 1486 1420 1511 ;
1432 1479 1464 1504 Et
1479 1478 1529 1514 μὲν
1544 1476 1590 1505 οὖν
1603 1478 1751 1515 νομοθέτης
1763 1479 1851 1510 ἐστὶν,

1060 1525 1163 1557 δίκαιος
1177 1524 1316 1560 τυγχάνει,
1330 1524 1434 1556 δίκαιος
1445 1524 1474 1550 δὲ
1489 1523 1526 1551 ὢν
1538 1524 1640 1559 ἀγαθὸς
1656 1525 1706 1551 οὐκ
1720 1525 1805 1551 ἐστιν.
1819 1525 1853 1552 ει

1059 1572 1088 1598 ἃ
1096 1571 1146 1598 οὐκ
1155 1571 1238 1603 ἔστιν,
1248 1570 1341 1606 ἕτερον
1352 1571 1500 1606 ἐκήρυσσεν
1509 1571 1523 1596 6
1536 1570 1638 1605 Ἰησοῦς
1646 1570 1685 1605 τῷ
1693 1571 1793 1605 λέγειν·
1802 1571 1850 1605 Μή

1057 1626 1096 1653 με
1110 1617 1180 1652 λέγει
1190 1617 1311 1651 ἀγαθόν.
1325 1617 1355 1643 '0
1367 1617 1422 1651 γὰρ
1432 1617 1541 1651 ἀγαθὸς
1554 1617 1597 1650 εἷς
1609 1616 1705 1648 ἐστὶν,
1720 1618 1737 1643 ό
1748 1617 1851 1651 Πατὴρ

1060 1663 1095 1690 ἐν
1102 1663 1164 1696 τοῖς
1174 1663 1320 1697 οὐρανοῖς.
1331 1663 1368 1689 Οὐ
1380 1664 1520 1698 συμφωνεῖ
1529 1662 1556 1689 δέ
1566 1662 1605 1698 τῷ
1615 1662 1747 1699 νομοθέτῃ
1754 1663 1852 1698 δικαίῳ

1059 1709 1117 1736 ὄντι
1139 1709 1186 1736 καὶ
1209 1708 1314 1744 ἀγαθῷ.
1330 1708 1386 1736 Kal
1410 1709 1540 1744 ὑΠέτρος
1565 1708 1628 1744 ἔφη·
1652 1708 1763 1744 Πρῶτον
1784 1710 1852 1744 ήμίν

1060 1755 1139 1787 sli-te,
1160 1755 1206 1782 ἐπὶ
1223 1755 1316 1787 ποίαις
1337 1754 1453 1790 πράξεσι
1474 1755 1547 1781 δοκεί
1568 1763 1609 1781 σοι
1622 1756 1636 1781 6
1650 1754 1751 1789 ἀγαθὸς
1768 1752 1850 1787 εἶναι,

1060 1800 1107 1826 ἐπὶ
1119 1799 1208 1831 ποίαις
1217 1800 1247 1826 δὲ
1262 1800 1309 1826 καὶ
1322 1801 1336 1826 6
1347 1799 1451 1831 δίκαιος
1461 1799 1496 1832 ⁸³,
1512 1800 1555 1826 ἴνα
1566 1799 1651 1832 οὕτως
1664 1799 1735 1826 κατὰ
1748 1801 1851 1827 σκοωῦ

1059 1846 1123 1877 τοὺς
1143 1845 1238 1879 λόγους
1260 1844 1422 1880 πέμπωμεν.
1451 1845 1505 1871 Kal
1521 1846 1535 1872 6
1554 1845 1659 1880 Σίμων·
1683 1845 1718 1872 Σὺ
1741 1845 1852 1881 πρῶτον

1061 1891 1133 1924 εἰπὲ,
1146 1890 1174 1917 τί
1191 1899 1232 1918 σοι
1248 1890 1362 1917 δοκεῖτὸ
1374 1890 1486 1925 ἀγαθὸν,
1500 1890 1517 1926 ἢ
1531 1891 1578 1917 καὶ
1590 1891 1622 1917 τὸ
1635 1891 1748 1918 δίκαιον.

1096 1936 1128 1963 ll.
1142 1937 1197 1963 Kal
1211 1937 1226 1963 6
1246 1936 1349 1972 Πέτρος
1359 1944 1366 1951 ·
1386 1937 1445 1963 Ἵνα
1459 1936 1496 1972 μὴ
1506 1937 1714 1973 ἐριστικώτερον
1728 1937 1852 1971 διαλεγό-

1062 1991 1142 2019 μενος
1154 1982 1266 2009 δαπανῶ
1284 1983 1347 2014 τοὺς
1371 1983 1492 2018 χρόνους,
1513 1983 1637 2010 ἀπαιτῶν
1660 1983 1774 2015 δικαίως
1796 1983 1853 2010 τῶν

1060 2029 1134 2064 ἐμῶν
1157 2028 1314 2065 προτάσεών
1332 2028 1354 2044 ³⁵
1368 2037 1397 2055 σε
1416 2028 1464 2060 τὰς
1483 2029 1642 2065 ἀποκρίσεις
1658 2030 1853 2063 ποιεῖοθαι,ὦς

1061 2082 1102 2101 σοι
1114 2074 1187 2101 δοκεῖ
1199 2075 1280 2107 αὐτὸς
1295 2071 1332 2101 ὧν
1354 2074 1493 2110 ἐπυθόμην
1510 2076 1656 2111 ποιήσομαι
1675 2076 1725 2108 τὰς
1735 2077 1854 2113 ἀποκρί-

1061 2130 1128 2153 σεις.
1147 2121 1217 2156 Ἐγώ
1231 2130 1300 2157 φημι
1311 2122 1413 2155 ἀγαθὸν
1424 2119 1493 2148 εἴναι
1506 2122 1551 2148 τὸν
1563 2123 1728 2158 παρεκτικδν
1735 2122 1853 2159 [ἐκεῖνον

1060 2167 1089 2194 ἐν
1105 2167 1255 2203 comitem],
1277 2166 1301 2183 ³⁵
1322 2165 1376 2194 οἷον
1390 2168 1428 2199 ὡς
1447 2167 1528 2210 αὑτὸν
1544 2168 1599 2203 ὁρῶ
1622 2167 1749 2195 ποιοῦντα
1764 2169 1788 2184 ³⁶
1804 2169 1853 2196 τὸν

1053 2213 1232 2249 Δημιουργδν,
1250 2213 1403 2249 παρέχοντα
1413 2214 1459 2240 τὸν
1479 2214 1554 2249 ἥλιον
1570 2214 1682 2248 ἀγαθοῖς
1690 2214 1722 2230 ³⁵⁸
1740 2215 1789 2241 καὶ
1805 2215 1854 2241 τὸν

226 2257 284 2285 Hoc
295 2257 497 2293 iniquissimum
522 2264 574 2292 cst,
597 2259 691 2286 eadem
706 2258 788 2293 justis
798 2263 880 2295 atque
899 2259 1009 2294 injustis

1062 2259 1139 2286 ὑετὸν
1155 2259 1270 2291 δικαίοις
1289 2260 1336 2286 καὶ
1355 2259 1468 2291 ἀδίκοις.
1488 2259 1543 2286 Καὶ
1554 2260 1568 2286 6
1579 2259 1669 2295 Σίμων
1684 2259 1751 2295 ἔφη·
1765 2260 1853 2288 Τοῦτο

226 2303 358 2338 praebere.
371 2304 410 2331 Ac
425 2303 522 2331 Petrus
537 2313 543 2331 :
558 2303 598 2331 Tu
615 2312 680 2339 ergo
699 2304 826 2340 deinceps
844 2304 923 2333 nobis
937 2305 1009 2341 edis-

227 2356 305 2381 sere,
332 2356 388 2384 quo
406 2349 488 2376 modo
510 2357 592 2384 agens
617 2350 705 2378 bonus
727 2354 808 2377 esset.
833 2350 927 2378 Simon
948 2350 1009 2378 :Te

227 2399 334 2430 oportet
348 2395 447 2422 dicere.
458 2393 554 2423 Petrus
567 2403 574 2421 :
587 2394 644 2430 Ego
656 2395 755 2423 dicam.
768 2395 796 2423 Si
809 2404 906 2431 nempe
915 2398 1008 2425 eadem

226 2442 351 2477 praebens
362 2441 442 2469 bonis
454 2449 487 2468 ac
503 2441 585 2476 justis
608 2445 635 2468 et
656 2446 786 2476 praeterea
808 2442 888 2470 malis
908 2451 941 2470 ac
955 2443 1010 2472 ini-

226 2488 301 2524 quis,
314 2487 465 2515 secundum
484 2491 511 2514 te
527 2487 679 2522 necjustus
695 2492 747 2520 est,
762 2492 791 2514 tu
804 2495 878 2522 eum,
895 2489 918 2517 si
931 2489 1011 2518 bonis

262 2551 276 2565 ιι
295 2544 391 2572 Matth.
405 2551 463 2578 xu,
478 2543 520 2571 l7.
559 2543 573 2563 δ
587 2542 681 2571 Matth.
699 2551 726 2576 ν,
743 2544 789 2572 45.

1061 2305 1236 2338 ἀδικώτατον,
1246 2306 1286 2332 ὅτι
1303 2304 1338 2332 τὰ
1350 2305 1420 2332 αὑτά
1433 2305 1546 2338 δικαίοις
1554 2306 1600 2332 καὶ
1610 2305 1713 2338 ἀδίκοις
1724 2307 1852 2342 παρέχει,

1062 2351 1118 2378 Kal
1131 2351 1146 2376 6
1158 2351 1269 2387 Πέτρος·
1278 2352 1314 2378 Σὺ
1325 2349 1371 2378 οὖν
1380 2353 1445 2387 ἡμῖν
1453 2351 1500 2379 τοῦ
1511 2352 1604 2379 λοιποῦ
1615 2352 1688 2387 λέγε,
1697 2352 1757 2384 πῶς
1765 2353 1853 2379 ποιῶν

1061 2397 1163 2431 ἀγαθὸς
1185 2397 1218 2424 ἀν
1233 2395 1278 2432 ἦν.
1295 2398 1349 2424 Kal
1368 2399 1383 2424 6
1400 2398 1508 2433 Σίμων’
1527 2399 1561 2424 Σὲ
1582 2398 1623 2425 δεῖ
1641 2398 1740 2432 λέγειν.
1760 2399 1817 2425 Καὶ
1837 2400 1852 2425 6

1063 2443 1165 2478 Πέτρος
1174 2452 1182 2459 ·
1195 2443 1277 2479 354
1294 2443 1364 2478 Ἐγὼ
1374 2443 1452 2476 λέξω.
1471 2444 1500 2471 '0
1510 2444 1531 2460 ³⁷
1542 2444 1591 2479 μὲν
1601 2444 1634 2471 τὰ
1642 2444 1710 2471 αὺτά
1720 2445 1852 2481 παρέχων

1063 2488 1175 2523 ἀγαθοῖς
1198 2489 1244 2515 καὶ
1267 2488 1390 2521 δικαίοις,
1407 2489 1447 2516 ἐτι
1469 2489 1492 2505 ⁸⁸
1510 2498 1540 2516 τε
1560 2491 1655 2521 κακοῖς
1667 2490 1713 2516 καὶ
1729 2490 1851 2522 ἀδίκοις,

869 2591 986 2619 VARle
1006 2592 1204 2621 LECTIONES.

263 2638 287 2654 "
299 2637 567 2677 Eegqta'ragppoveig.
585 2636 826 2677 Quod_Cotgleriu_s
843 2638 883 2677 _i_n_
890 2639 1015 2677 versione
1029 2640 1103 2677 dedit
1117 2640 1171 2677 ,_id
1188 2647 1203 2677 e
1217 2639 1318 2677 Graacis
1337 2640 1426 2677 verbis
1443 2648 1496 2668 non
1521 2640 1645 2677 edicitur.
1663 2641 1691 2668 S.
1707 2642 1850 2677 καταφέρῃ

227 2672 261 2700 0.
299 2673 419 2712 "Malim
436 2674 464 2712 si’_
474 2672 504 2700 S.
543 2673 627 2708 ¹⁶μοι,
646 2673 700 2712 εἴτε
725 2672 756 2700 C.
795 2673 817 2689 "
826 2673 888 2712 εἰδῶ
906 2673 1025 2712 C._Tum
1041 2675 1187 2712 ὀπτασίαν.
1196 2675 1334 2712 ἐνεργείας
1355 2676 1382 2712 07
1410 2676 1437 2702 in
1464 2680 1555 2712 textu,
1564 2676 1599 2702 ῐσ.
1617 2677 1752 2708 ὀπτατίας
1774 2672 1849 2712 ενέμ

228 2716 305 2741 γειαν
318 2708 353 2734 al.
371 2715 443 2734 man.
458 2709 485 2735 in
499 2716 585 2743 marg.
596 2728 603 2739 ,
619 2708 691 2742 quod
705 2713 831 2742 praestat;
853 2709 984 2736 ὀπτασίαν
1011 2710 1150 2745 ἐνεργείας
1167 2709 1188 2736 C
1202 2730 1210 2742 ,
1228 2708 1359 2737 ὀπτασίαν
1375 2711 1516 2772 ἐναρῗίας
1537 2711 1578 2738 Cl.

229 2743 301 2772 conj.
320 2743 405 2769 (lotel.
419 2743 536 2771 Debebat
551 2743 670 2769 scribere
684 2743 922 2772 ἀνενεργεστέοαν.
949 2744 1005 2772 Ego
1020 2745 1111 2771 malim
1132 2745 1263 2772 ὀπτασίας
1277 2745 1419 2772 ἐνάργειαν
1467 2766 1473 2772 .
1496 2745 1562 2772 Dein

229 2743 305 2780 conj._
320 2743 405 2780 (lotel.
419 2743 536 2780 Debebat
551 2743 922 2780 scribereﬁvavspyecﬁpav.
949 2744 1005 2778 Ego
1020 2743 1111 2771 malim
1132 2745 1263 2777 ὀπτασίας
1277 2743 1429 2780 ἐνάργειαν
1444 2743 1473 2772 S.

1618 2711 1641 2727 ³³
1651 2712 1850 2748 ἀνεργεστέραν

1496 2745 1562 2772 Dein
1582 2744 1658 2778 εἵπες
1675 2744 1707 2780 p.
1718 2744 1808 2778 εἶπας
1818 2746 1847 2773 C.

229 2777 306 2815 _”_xal
323 2779 424 2815 inserui
438 2787 463 2805 c.
483 2779 531 2815 0.“
553 2777 575 2794 ³ο
587 2778 704 2815 χΘι-ξςρ.Δ
732 2778 755 2815 7"
766 2777 897 2815 ἀνωτάτω
912 2781 942 2806 Ο.
960 2779 1082 2813 Sequens
1104 2783 1149 2806 καὶ
1179 2780 1205 2807 in
1233 2777 1331 2807 eodem'
1345 2777 1431 2807 deest.
1470 2780 1530 2806 ⁸¹οῠ
1547 2780 1578 2808 S.
1594 2783 1615 2808 υ
1629 2801 1637 2814 ,
1649 2777 1702 2815 οὗχ
1717 2781 1750 2808 C.
1788 2781 1837 2807 "0

229 2812 272 2839 bis
287 2813 348 2851 exh.
363 2812 474 2844 δίκαιος.
499 2813 536 2851 ⁵³⁵
547 2812 633 2849 πρὸ...
646 2812 708 2851 (sic)
721 2814 742 2839 0
753 2818 800 2851 Lat
812 2814 873 2851 ead.
889 2822 961 2841 ntali.
976 2812 1100 2851 lacunam
1115 2815 1141 2851 in
1154 2823 1241 2851 marg.
1255 2815 1290 2842 ita
1306 2815 1414 2849 explere
1428 2812 1640 2851 ιοῃίιινίιεῑσωξ
1652 2812 1846 2851 προσιεμένων.

230 2848 302 2887 quod
318 2855 391 2874 man.
406 2848 540 2887 recentior
557 2848 674 2887 (ἔοι-τελῇ
687 2848 713 2874 in
720 2848 826 2887 μᾶλλον
836 2848 866 2875 δὲ
876 2849 1084 2887 rapo-caesim.
1123 2848 1227 2887 ")1be
1232 2848 1347 2887 [ἐκεῖνον
1357 2850 1386 2887 ἐν
1400 2850 1557 2887 sanctitate],
1578 2848 1692 2887 ascripsi
1718 2848 1757 2887 es
1781 2859 1846 2877 con-

228 2881 332 2921 lectitra
345 2889 489 2921 provaquo
500 2883 587 2921 Ottob.
628 2883 650 2899 ³⁸
658 2881 749 2910 ποιοῦν
763 2884 796 2911 τά
809 2885 839 2910 Ο.
878 2884 912 2900 ³⁵⁸
924 2881 1102 2921 Εειάγαθοῖς
1114 2885 1160 2912 καὶ
1171 2881 1308 2921 πονηροῖς,
1322 2885 1356 2912 itu
1366 2885 1429 2921 lcgit
1440 2881 1572 2921 interpres
1583 2881 1659 2914 bene:
1668 2886 1716 2914 En.
1726 2886 1844 2913 Pnam.

231 2915 254 2932 ⁸⁸
267 2917 294 2942 εἰ
307 2915 351 2943 (λέ
378 2917 432 2942 κεῖ
446 2917 465 2943 S
488 2926 512 2944 ς.
526 2917 565 2944 Cl.
