1917 3100
257 156 306 190 ιιι

679 161 708 189 S.
728 160 924 189 CLEMENTIS
939 160 949 188 I
967 160 1050 189 ROM.
1071 158 1170 188 ΡΟΝΤ.
1189 156 1303 187 OPERA
1321 158 1434 187 DUBIA.

1822 158 1870 187 ιιι

255 225 332 253 rogo,
344 216 410 244 mihi
436 217 579 252 responde,
593 224 626 244 ac
645 217 744 245 disces.
756 216 806 246 Dic
821 217 888 244 mihi
907 226 914 244 ε
933 216 973 244 ais
994 216 1040 244 Fi-

1089 215 1234 252 ἀπόκριναί
1252 224 1306 251 μοι,
1320 215 1366 243 καὶ
1380 215 1502 251 μαθήσῃ,
1514 215 1583 250 Λέγε
1597 223 1651 251 μοι·
1674 215 1729 251 φῂς
1747 215 1791 242 τδν
1811 216 1872 244 Υῶν

255 263 334 297 lium,
361 262 518 298 quicunque
536 262 582 296 sil,
606 262 713 297 justum
736 270 808 295 esse,
825 262 868 289 vel
886 263 958 290 non?
972 262 1039 290 Bes-

256 308 351 343 pondit
364 308 460 335 Simon
480 318 486 336 :
503 307 702 336 Justissimum.
718 307 752 336 Et
774 307 872 336 Petrus
885 317 893 337 :
906 308 975 336 Cum
991 316 1040 336 au-

255 359 309 381 tem
322 354 416 388 justus
432 354 477 387 sit,
491 361 541 381 cur
552 361 605 380 non
619 354 746 383 omnibus
756 354 867 388 revelat,
882 354 928 382 sed
939 355 1039 390 quibus

255 399 332 425 vult?
352 398 391 426 Ac
412 398 527 426 Simon:
550 398 684 431 Quoniam
709 399 756 434 qui
775 400 866 433 justus
885 404 937 432 est,
956 400 1039 435 iustis

256 444 377 471 revelare
391 444 457 470 vult.
480 443 599 471 Petrus:
613 443 706 472 Nonne
722 445 804 479 igitur
827 452 936 473 necesse
950 450 992 473 est
1005 446 1039 473 ab

255 497 289 517 eo
303 492 432 525 cognosci
446 495 564 518 mentem
579 491 760 527 singulorum,
776 497 806 519 ut
820 492 919 520 rcvelet
933 492 1040 527 dignis?

255 534 351 562 Simon
368 542 376 562 :
391 534 510 563 Omnino
523 537 708 563 necessarium
723 541 764 564 est
788 537 824 564 ita
843 537 951 565 habere.
968 536 1038 565 Tum

254 579 371 608 Petrus:
385 580 479 616 Itaque
504 581 548 608 ille
572 582 648 610 solus
663 582 760 609 merito
776 582 896 610 revelare
910 582 1038 610 deﬁnitus

253 633 306 660 est,
321 627 367 662 qui
380 627 457 654 solus
472 627 688 663 uniuscujusque
701 633 819 655 mentem
835 629 920 662 novit,
938 632 966 656 et
983 636 1038 656 non

255 676 295 705 tu,
311 672 358 707 qui
373 680 407 700 ne
429 680 461 701 ea
483 673 592 708 quidem
616 681 676 709 qua:
691 681 706 701 a
728 674 806 702 nobis
820 674 949 702 dicuntur
961 679 1037 710 potes

254 717 414 753 intelligere.

288 763 335 792 IX.
356 764 384 792 Id
399 764 508 793 Petrum
523 765 656 794 dice:;tem
672 767 788 802 populus
803 767 930 796 laudibus
943 775 1038 803 prose-

253 814 334 837 cutus
359 815 411 838 est.
430 811 464 838 At
489 811 595 844 Simon,
614 811 641 839 in
662 813 739 848 lapsu
761 813 957 848 deprehensus,
982 821 1037 849 prae

253 857 358 891 pudore
372 857 492 890 erubuit,
505 861 586 892 atque
601 857 696 886 fricata
711 857 799 886 fronte
816 859 905 887 dixit:
919 859 978 887 Jam
993 867 1036 887 me

253 909 363 936 magum
390 901 466 928 aiunt
492 910 508 929 a
529 901 608 930 Petro
627 910 682 930 non
698 907 803 931 tantum
819 903 933 938 victum,
948 904 995 932 sed
1009 909 1036 932 et

251 947 404 975 rationibus
418 955 555 982 pressum.
569 947 628 975 Non
647 954 737 977 autem
761 949 825 977 licet
840 949 902 984 quis
925 950 1036 978 ratioci-

251 993 410 1021 nationibus
432 999 591 1029 prematur,
613 995 741 1029 abrcptus
765 995 906 1023 veritatem
930 996 957 1023 in
976 996 1036 1031 ipso

251 1039 351 1066 victam
377 1039 469 1066 liabet.
494 1039 587 1074 Neque
611 1040 682 1067 enim
705 1040 849 1068 intirmitas
867 1041 1036 1069 defendentis

253 1085 354 1113 veritas
369 1089 410 1113 est
425 1087 588 1120 superantis.
605 1085 730 1114 Attamen
745 1088 789 1114 aio
805 1087 864 1120 tibi,
879 1095 922 1115 me
941 1095 1036 1116 omnes

253 1135 375 1158 astantes
387 1130 553 1166 judicarisse
572 1131 679 1166 dignos,
696 1132 742 1167 qui
759 1132 785 1159 in
801 1133 909 1160 areanis
928 1132 1035 1160 Patrem

249 1181 456 1211 cognoscerent.
474 1176 563 1209 Quare
578 1184 639 1204 cum
655 1178 741 1211 palam
757 1178 824 1213 ipsis
836 1179 937 1210 rerelo,
951 1183 978 1206 tu
990 1187 1036 1214 per

250 1222 380 1250 invidiam
395 1222 461 1249 mihi
486 1222 546 1249 illos
563 1222 695 1250 beneﬁcio
715 1223 821 1251 allicere
835 1224 953 1259 cupienti
974 1233 1037 1253 suc-

250 1275 357 1295 censes.

285 1313 321 1341 Χ.
334 1313 407 1341 Dixit
421 1312 518 1341 Petrus
535 1322 542 1341 :
558 1314 704 1347 Quoniam,
720 1319 751 1342 ut
773 1316 899 1350 praesenti
914 1317 1037 1344 multitu-

249 1360 308 1387 dini
323 1364 431 1395 gratum
450 1360 564 1394 faceres,
582 1361 618 1387 ita
638 1361 746 1388 locutus
759 1369 799 1394 es,
814 1370 864 1397 ego
878 1362 965 1390 dicam
980 1371 1036 1390 non

251 1410 338 1440 grate,
355 1405 400 1433 sed
414 1413 487 1433 vere.
509 1405 558 1433 Dic
582 1406 662 1440 mihi,
684 1414 739 1442 quo
754 1407 835 1435 modo
856 1408 953 1444 dignos
975 1417 1036 1438 esse

250 1451 396 1486 cognoscis
420 1455 541 1479 astantes
558 1451 719 1485 universos,
742 1453 962 1489 quandoquidem
987 1456 1035 1483 tibi

252 1496 382 1523 iudicanti
397 1503 431 1523 ne
446 1503 518 1524 unus
531 1496 640 1531 quidem
656 1498 769 1532 praebuit
781 1500 946 1527 assensum?
966 1500 1033 1528 Nam

251 1541 325 1576 quod
342 1549 384 1570 mc
399 1546 494 1570 contra
508 1546 533 1569 te
547 1542 727 1577 laudaverint,
743 1552 796 1571 non
809 1549 850 1573 est
864 1547 1036 1574 consentien-
1049 1563 1070 1592 ο

251 1588 320 1615 tium
336 1587 395 1622 tibi,
415 1588 462 1616 sed
485 1589 564 1622 mihi,
583 1589 627 1617 cui
642 1594 669 1617 et
687 1590 792 1618 laudem
817 1596 945 1626 tanquam
968 1593 1035 1621 bene

251 1633 343 1662 locuto
358 1635 521 1663 tribuerunt.
536 1634 636 1664 Verum
648 1636 711 1671 quia
728 1636 810 1669 Deus,
826 1642 919 1672 utpote
932 1638 1034 1674 justus,

251 1679 423 1715 singulorum
448 1686 567 1709 mentem
589 1682 732 1717 dijudicat,
748 1683 820 1718 quod
837 1687 864 1711 tu
883 1683 975 1712 dixisti
987 1692 1035 1712 ve—

252 1734 312 1754 rum
327 1735 396 1761 esse,
415 1727 441 1755 id
457 1727 546 1755 noluit
561 1735 610 1763 per
625 1729 763 1756 sinistram
778 1729 881 1757 dextris
895 1730 965 1764 dari,
981 1738 1034 1766 qua

251 1772 367 1806 ratione,
382 1773 428 1808 qui
444 1773 546 1808 aliquid
562 1781 577 1801 a
595 1774 654 1802 l‘ure
667 1774 775 1810 accipit,
792 1780 818 1802 et
832 1775 889 1810 ipse
905 1783 969 1804 reus
982 1782 1033 1804 est.

251 1817 344 1855 Itaque
356 1825 415 1845 eam
430 1819 465 1846 ob
477 1827 588 1846 causam
605 1821 678 1855 quod
690 1828 705 1848 a
720 1825 746 1848 te
761 1821 932 1855 aﬂ'crebalur,
948 1823 1036 1851 noluit

249 1871 298 1891 eos
316 1865 450 1899 accipere,
466 1865 512 1893 sed
536 1873 584 1901 per
604 1865 715 1899 Filium,
735 1867 781 1902 qui
809 1868 841 1895 ad
860 1869 1034 1896 revelandum

250 1911 416 1945 praestitutus
430 1916 482 1938 est.
499 1911 549 1939 Cui
565 1912 638 1939 enim
653 1913 780 1940 convenit
800 1912 907 1941 Patrem
929 1916 1035 1943 revela-

251 1964 291 1989 re,
306 1960 485 1991 praeterquam
503 1957 553 1984 soli
569 1956 650 1992 Filio,
673 1958 738 1993 quia
761 1958 785 1986 is
808 1958 854 1986 tali
872 1960 1036 1989 revelatione

249 2001 362 2036 dignum
376 2003 532 2037 cognoscit?
546 2001 592 2030 Sic
606 2011 660 2031 non
675 2008 717 2031 est
738 2004 791 2032 hoc
806 2005 904 2032 docere
924 2010 971 2033 aut
983 2005 1036 2033 do-

250 2047 320 2079 ceri,
337 2047 384 2074 sed
401 2047 530 2075 ineﬂ'abili
543 2055 624 2075 manu
640 2049 665 2076 ei
680 2048 807 2083 revelari,
820 2050 868 2085 qui
886 2050 953 2078 illud
964 2050 1036 2078 scire

250 2091 349 2126 dignus
363 2093 409 2120 sit.

285 2137 331 2165 XI.
348 2137 382 2165 Et
398 2137 492 2166 Simon
506 2147 513 2165 :
538 2138 664 2173 Multum,
680 2139 786 2175 inquit,
801 2141 930 2169 conducit
947 2142 981 2169 ad
994 2142 1035 2169 vi-

250 2183 364 2210 ctoriam
376 2183 411 2216 ei,
430 2184 476 2219 qui
502 2185 600 2212 bellum
626 2186 706 2220 gerit,
734 2187 852 2221 propriis
875 2187 915 2214 uti
937 2187 1032 2215 armis.

1088 261 1192 288 δίκαιον
1207 261 1287 294 εἶναι,
1302 262 1377 293 ὅστις
1395 262 1454 287 ποτ’
1471 261 1553 293 ἐστιν,
1573 261 1590 297 ἢ
1607 260 1655 294 οὓς
1676 261 1731 288 Kal
1748 262 1764 288 6
1783 262 1872 297 Σίμων

1089 307 1157 343 ἔφη’
1173 305 1356 334 Δικαιότατον.
1372 307 1426 334 Kal
1438 308 1452 334 6
1467 307 1582 342 Πέτρος”
1601 307 1710 338 Δίκαιος
1730 306 1758 333 δὲ
1774 306 1814 333 ὣν
1832 307 1875 334 διὰ

1088 353 1115 380 τί
1132 353 1169 388 μὴ
1182 354 1265 380 πᾶσιν
1287 352 1482 385 ἀποκαλύπτει,
1500 352 1557 380 ἀλλ’
1575 351 1615 384 οἷς
1628 352 1769 388 βούλεταις
1787 353 1844 380 Kal
1858 353 1872 379 6

1089 398 1195 434 Σίμων·
1214 399 1273 426 Ὀτι
1299 398 1401 431 δίκαιος
1424 398 1462 425 ὢν
1487 400 1542 430 τοῖς
1561 398 1645 432 ἀξίοις
1670 398 1872 426 ἀποκαλύπτειν

1089 444 1222 480 βούλεται.
1250 444 1333 472 Καὶό
1350 444 1469 480 Πέτρος·
1495 443 1597 471 οὐκοῦν
1608 444 1632 460 ⁷⁸
1655 444 1764 479 ἀνάγκη
1792 444 1873 470 αὐτὸν

1088 490 1186 518 ειδέναι
1208 490 1254 518 τὸν
1279 490 1393 517 ἑκάστου
1411 489 1473 516 νοῦν
1484 508 1493 521 ,
1517 489 1560 516 ῑνα
1572 489 1657 522 ἀξίοις
1672 489 1872 525 ἀποκαλύπιῃς

1088 537 1143 563 Kal
1158 537 1172 563 6
1192 536 1297 572 Σίμων·
1327 536 1445 570 Ἀνάγκη
1461 536 1565 563 ardua"
1585 535 1671 567 οὕτως
1688 535 1770 570 ἔχειν.
1792 535 1876 571 360

1088 582 1142 609 Kal
1151 583 1165 609 6
1177 582 1279 617 Πέτρος
1289 590 1296 597 ·
1310 581 1413 609 οὐκοῦν
1424 581 1505 612 αὐτὸς
1521 581 1599 617 μόνος
1611 581 1727 616 εὐλόγως
1737 581 1759 597 "
1772 581 1874 608 άποκαυ

1087 629 1197 656 λύπτειν
1210 628 1323 665 ὡρίσθη,
1340 628 1419 664 μόνος
1429 628 1475 655 τὸν
1487 627 1602 654 ἑκάστου
1611 628 1672 655 νοῦν
1684 626 1773 659 εἰδὼς,
1784 628 1836 654 καὶ
1845 628 1874 654 οὗ

1088 676 1121 704 σὺ
1132 676 1147 703 6
1159 675 1226 713 μηδὲ
1236 675 1272 703 τὰ
1286 675 1331 711 ὑφ’
1341 675 1420 711 ἡμῶν
1432 675 1565 711 λεγόμενα
1578 675 1726 711 δυνάμενος
1742 675 1875 702 συνιέναι.

1122 764 1167 792 IX.
1185 764 1271 792 Τοῦτο
1297 764 1345 792 τοῦ
1371 764 1475 800 Πέτρου
1498 763 1630 796 εἰπόντος,
1653 763 1708 791 ἀπὸ
1741 764 1794 799 μὲν
1822 763 1876 790 τῶν

1086 810 1171 846 ὄχλων
1185 810 1296 842 ἔπαινος
1312 810 1429 845 ἐγένετο.
1449 810 1478 837 Ὁ
1490 809 1518 836 δὲ
1537 809 1628 845 Σίμων
1649 810 1815 846 κατάφωρος
1831 818 1876 843 γε-

1086 856 1181 892 γονὼς,
1195 856 1327 889 αἰδεσθεὶς
1339 856 1498 893 ἠρυθρίασε,
1511 857 1559 884 καὶ
1582 856 1614 883 τὸ
1630 855 1757 891 μέτωπον
1777 855 1876 891 τρίψας

1086 903 1138 939 ἔφη
1148 911 1155 918 ·
1180 902 1249 929 Ἀλλ’
1263 902 1314 938 ἐμὲ
1328 902 1414 938 μάγον
1429 902 1553 937 λέγουσιν
1565 902 1618 929 ὑπὸ
1636 902 1741 936 Πέτρου
1756 900 1876 935 νικώμε-

1084 958 1129 977 νον
1140 949 1174 981 ¹¹¹,
1188 948 1254 975 ἀλλὰ
1265 949 1312 976 καὶ
1329 947 1559 984 συλλογιζόμενον.
1571 948 1627 974 Οὐκ
1639 949 1665 974 εί
1674 956 1718 979 τις
1735 947 1765 974 δὲ
1781 947 1876 974 συλλο-

1084 996 1201 1031 γισθεῑη,
1220 994 1418 1032 συναρπασθεὶς
1438 995 1488 1030 τὴν
1506 995 1534 1020 ὲν
1558 993 1634 1029 αὐτῷ
1652 993 1782 1029 ἀλήθειαν
1805 1001 1876 1019 νενι-

1085 1041 1207 1077 κημένην
1218 1041 1283 1076 ἔχει.
1305 1041 1343 1068 Οὐ
1365 1039 1419 1076 γὰρ
1439 1040 1456 1075 ἡ
1479 1039 1605 1066 ἀσθένεια
1630 1039 1678 1066 τοῦ
1704 1037 1876 1069 ἐκδικοῦντος

1085 1087 1198 1122 ἀλήθειά
1220 1087 1279 1113 ἐστι
1293 1086 1340 1113 τοῦ
1361 1085 1512 1121 νικωμένου
1525 1085 1558 1113 ⁷⁸.
1580 1085 1653 1121 Πλὴν
1669 1084 1740 1121 φημί
1765 1093 1818 1115 aut.
1836 1084 1876 1111 δτι

1084 1133 1140 1167 ἐγὼ
1154 1134 1218 1164 τοὺς
1233 1132 1413 1169 παρεστῶτας
1429 1131 1533 1162 πάντας
1554 1131 1646 1163 ἀξίους
1661 1131 1758 1166 ἔκρινα
1775 1129 1877 1164 γνῶναι

1084 1179 1130 1206 τὸν
1148 1180 1176 1206 ὲν
1188 1179 1354 1215 ἀπορρήτοις
1375 1178 1494 1215 Πατέρα.
1512 1178 1558 1205 Διδ
1576 1176 1693 1213 δημοσίᾳ
1710 1184 1764 1211 μου
1784 1175 1875 1206 αὐτοῖς

1084 1225 1329 1258 ἀποκαλύπτοντος,
1341 1226 1373 1253 σὺ
1387 1224 1467 1256 αὐτὸς
1478 1225 1501 1241 ⁸ο
1512 1224 1556 1251 διὰ
1568 1223 1664 1259 φθόνον
1674 1222 1735 1258 ἐμοὶ
1745 1221 1787 1257 τῷ
1801 1221 1878 1256 εὐερ-

1085 1272 1176 1305 γετεῖν
1190 1271 1289 1302 αὐτοὺς
1302 1270 1405 1297 θέλοντι
1420 1269 1602 1305 χαλεπαίνεις.

1122 1315 1155 1343 Χ.
1176 1316 1231 1342 Καὶ
1245 1317 1260 1342 6
1283 1316 1386 1352 Πέτρος
1408 1315 1460 1351 ἔφη
1472 1324 1479 1331 ·
1498 1315 1606 1351 Ἐπειδὴ
1628 1313 1800 1350 ἀρεσκόντως
1819 1314 1876 1344 τοῖς

1085 1360 1219 1397 παροῦσιν
1234 1360 1322 1396 ὖχλοις
1339 1361 1426 1393 οὕτως
1446 1362 1524 1397 ἔφης,
1541 1359 1596 1395 ἐγὼ
1609 1359 1663 1396 ἐρῶ
1678 1361 1729 1386 οὐκ
1744 1359 1876 1395 ἀρεσκόν-

1085 1414 1149 1438 τως,
1161 1406 1218 1433 ἀλλ’
1231 1406 1254 1422 ⁸⁸
1270 1406 1387 1442 ἀληθῶς.
1399 1406 1468 1441 Λέγε
1481 1415 1536 1442 μοι,
1549 1405 1609 1437 πῶς
1623 1405 1715 1439 ἀξίους
1730 1405 1875 1431 ἐπίστασαι

1084 1451 1149 1483 τοὺς
1160 1452 1338 1487 παρεστῶτας
1350 1452 1464 1483 πάντας,
1475 1452 1542 1479 ὅπου
1556 1460 1597 1478 σοι
1607 1450 1762 1485 ὲκφαίνοντι
1772 1449 1827 1476 οὐδ’
1837 1447 1876 1481 εἷς

1087 1497 1229 1530 συνέθετο;
1256 1498 1289 1524 τὸ
1312 1498 1367 1534 γὰρ
1393 1499 1454 1534 ἐμοὶ
1477 1497 1640 1533 ποιήσασθαι
1662 1496 1733 1523 κατὰ
1759 1495 1808 1521 σοῦ
1830 1496 1875 1522 τὸν

1087 1542 1195 1570 ἔπαινον
1208 1543 1257 1570 οὐκ
1280 1543 1337 1570 ἔστι
1358 1543 1601 1578 συγκαταθεμένων
1621 1542 1677 1573 σοὶ,
1690 1541 1748 1569 ἀλλ’
1763 1541 1788 1557 ⁸¹
1802 1541 1874 1577 ἐμοὶ,

1085 1585 1109 1623 ᾦ
1128 1589 1175 1616 καὶ
1199 1589 1245 1616 τὸν
1266 1589 1375 1617 ἔπαινον
1398 1590 1436 1622 ὠς
1459 1589 1547 1626 ὀρθῶς
1567 1588 1688 1624 είρηκότι
1711 1588 1873 1623 ἀπένειμαν.

1093 1636 1162 1663 Ἀλλ’
1181 1637 1275 1673 ἐπειδὴ
1297 1637 1312 1663 6
1330 1637 1395 1668 Θεὸς
1413 1636 1515 1667 δίκαιος
1533 1635 1572 1662 ὣν
1591 1634 1718 1671 βραὸεύει
1743 1633 1792 1660 τὸν
1808 1633 1875 1660 ἑκά-

1087 1690 1150 1709 στου
1165 1681 1238 1714 νοῦν,
1251 1682 1267 1709 ὃ
1289 1683 1342 1718 φῂς
1362 1681 1461 1717 ἀληθὲς
1476 1679 1556 1713 εἶναι,
1575 1681 1653 1716 361
1670 1680 1721 1707 οὐκ
1738 1679 1774 1706 ἀν
1795 1679 1877 1706 ἐϐου-

1084 1727 1154 1763 λήθη
1168 1727 1211 1755 διὰ
1223 1727 1274 1763 τῆς
1294 1727 1441 1763 ἀριστερᾶς
1455 1727 1511 1758 τοῖς
1525 1725 1621 1759 δεξιοῖς
1630 1724 1710 1752 τοῦτο
1720 1723 1843 1759 δοθῆναι,
1854 1718 1879 1757 ὗ

1085 1773 1155 1809 λόγῳ
1165 1774 1179 1800 6
1195 1772 1271 1808 παρά
1282 1772 1398 1800 κλέπτου
1411 1780 1438 1798 τι
1457 1771 1545 1798 λαϐὼν
1565 1771 1613 1797 καὶ
1630 1769 1710 1801 αὐτὸς
1725 1769 1879 1801 ὑπεύθυνός

1085 1819 1166 1845 ὲστιν.
1187 1819 1269 1845 Ὥστε
1280 1817 1374 1844 τούτου
1387 1817 1479 1843 ἕνεκεν
1495 1816 1525 1842 τὸ
1541 1816 1593 1842 ὑπὸ
1606 1815 1652 1842 σοῦ
1666 1815 1817 1851 φερόμενον
1827 1816 1880 1842 οὑκ

1085 1864 1216 1900 ἠθέλησεν
1235 1863 1335 1894 αὐτοὺς
1351 1862 1453 1894 λαϐεῖν,
1469 1860 1537 1888 ἀλλά
1555 1859 1600 1887 διὰ
1610 1859 1656 1886 τοῦ
1670 1860 1711 1890 εἰς
1721 1859 1753 1885 τὺ
1771 1859 1880 1886 ἀποχα-

1085 1909 1197 1937 λύτιτειν
1209 1909 1231 1926 ³⁸
1247 1907 1400 1945 ὡρισμένου
1421 1906 1497 1934 Υἰοῦ.
1521 1906 1580 1933 Τίνι
1600 1905 1654 1941 γὰρ
1673 1903 1783 1939 εὔλογόν
1803 1905 1879 1933 ἐστιν

1084 1955 1289 1984 ἀποκαλύπτειν
1303 1954 1350 1981 τὸν
1361 1953 1480 1988 Πατέρα,
1497 1953 1514 1988 ἢ
1529 1951 1586 1988 Υἱῷ
1603 1951 1686 1987 μόνῳ,
1696 1950 1741 1977 διὰ
1760 1950 1793 1978 τὸ
1808 1951 1879 1978 εἰδέ-

1084 2009 1129 2028 ναι
1150 2000 1199 2036 τῆς
1222 1998 1350 2035 τοιαύτης
1371 1997 1567 2032 ἀποκαλύψεως
1593 1996 1638 2022 τδν
1671 1995 1760 2028 ἃξιον;
1783 1995 1880 2027 Οὕτως

1084 2048 1136 2074 οὐκ
1152 2047 1209 2073 ἔστι
1225 2045 1305 2072 τοῦτο
1319 2044 1422 2076 διδάξαι
1437 2043 1454 2079 ἢ
1476 2042 1641 2078 διδαχθῆναι,
1670 2041 1726 2068 ἀλλ’
1744 2042 1880 2078 ἀφρὰπῳ

1085 2094 1158 2130 χειρὶ
1182 2091 1405 2126 ἀποκαλυφθῆναι
1421 2089 1461 2125 τῷ
1483 2088 1560 2116 τοῦτο
1574 2088 1672 2115 εἰδέναι
1683 2087 1762 2123 ἀξίῳ.

1122 2139 1167 2166 XI.
1182 2139 1237 2165 Kal
1249 2138 1263 2164 6
1275 2137 1366 2172 Σίμων
1379 2135 1447 2170 ιφηο
1460 2134 1531 2161 Πολὺ
1547 2133 1731 2169 συμϐάλλεται
1753 2132 1824 2169 πρὸς
1838 2133 1880 2159 νί-

1086 2194 1138 2221 κην
1148 2184 1188 2220 τῷ
1199 2181 1361 2218 πολεμοῦντι
1372 2181 1403 2208 τὸ
1417 2180 1491 2212 ἰδίοις
1499 2179 1651 2216 χρήσασθαι
1662 2178 1765 2210 ὅπλοις.
1782 2179 1816 2205 ‘0
1824 2179 1880 2221 γξξρ

250 2229 329 2262 Quod
342 2230 415 2256 enim
432 2230 494 2265 quis
507 2235 590 2263 amat,
609 2215 691 2258 etiam
705 2215 811 2260 sincere
825 2237 915 2267 potest
939 2233 1035 2260 defen-

1088 2215 1160 2266 φιλεῖ
1173 2215 1227 2261 τις,
1239 2215 1287 2255 καὶ
1308 2227 1426 2263 γνησίως
1446 2226 1561 2253 ἐκδικεῖν
1573 2224 1693 2256 δύναται,
1715 2215 1878 2259 γνησίωςὲ

250 2276 333 2302 dere:
347 2275 453 2303 sincere
464 2281 555 2303 autem
569 2277 711 2304 defensum
736 2285 789 2305 non
812 2279 950 2314 vulgarem
978 2279 1034 2306 vim

250 2321 343 2349 habet.
359 2321 424 2349 Ideo
450 2322 577 2357 deinceps
600 2323 673 2357 quod
689 2331 752 2350 vere
775 2324 863 2351 sentio
888 2332 1032 2359 exponam.

248 2368 301 2395 Aio
315 2368 461 2404 quamdam
485 2370 512 2396 in
541 2369 648 2397 arcanis
670 2369 796 2396 virtutem
820 2377 901 2404 esse,
927 2371 1035 2398 cunctis

250 2415 383 2450 ignotam.
397 2416 447 2450 ipsi
461 2423 571 2451 quoque
598 2416 692 2443 mundi
714 2416 816 2451 opilici,
843 2417 914 2444 sicut
935 2421 962 2445 et
978 2417 1036 2453 ipse

247 2461 328 2490 Jesus
338 2463 418 2496 dixit,
428 2462 553 2490 nesciens
564 2462 630 2497 quid
639 2463 804 2497 loqueretur.
813 2462 949 2490 Interdum
962 2464 1034 2491 enim

248 2516 282 2536 ex
297 2507 472 2543 multiloquio
495 2507 596 2542 aliquis
623 2515 736 2542 scopum
765 2508 890 2536 veritatis
912 2508 1032 2544 attingit,

250 2553 380 2588 ignorans
395 2551 462 2587 quid
478 2551 562 2579 dicat.
574 2551 696 2588 Intelligo
711 2556 801 2580 autem
811 2557 839 2580 et
849 2553 882 2580 de
893 2553 950 2587 illo,
960 2553 1033 2588 quod

249 2598 453 2634 pronuntiavit:
469 2597 556 2626 Nemo
573 2598 645 2625 novit
658 2598 777 2626 Patrem.
801 2598 836 2625 Et
859 2597 975 2627 Petrus:
995 2598 1034 2626 Ne

1087 2275 1278 2310 ὲκδικούμενον
1299 2273 1330 2300 οὗ
1352 2273 1402 2308 τὴν
1427 2270 1561 2306 τυχοῦσαν
1578 2270 1654 2305 ἰσχὺν
1666 2268 1732 2303 ἔχει.
1756 2267 1804 2294 me
1830 2268 1878 2294 τοῦ

1087 2321 1180 2348 λοιποῦ
1192 2321 1260 2356 ὅπερ
1272 2319 1356 2350 ὅντως
1367 2317 1457 2354 φρονῶ
1468 2316 1628 2352 ἐκθήσομαι.
1641 2314 1714 2350 Φημί
1727 2322 1788 2341 τινα
1800 2314 1880 2341 δύνα-

1090 2377 1135 2404 μιν
1148 2368 1177 2393 ἐν
1189 2366 1354 2402 ἀπορρήτοις
1365 2362 1434 2390 εἶναι
1444 2363 1582 2397 ἄγνωστον
1598 2362 1675 2393 πᾶσι,
1688 2361 1736 2387 καὶ
1749 2359 1828 2395 αὐτῷ
1839 2360 1879 2395 τῷ

1088 2412 1258 2450 δημιουργῷ,
1275 2411 1313 2443 ὡς
1326 2411 1373 2438 καὶ
1383 2409 1463 2441 αὐτὸς
1473 2409 1488 2435 6
1503 2407 1606 2443 Ἰησοῦς
1621 2407 1741 2443 εἴρηκεν,
1755 2406 1807 2432 οὐκ
1820 2406 1881 2433 ἑπι-

1089 2459 1222 2495 στάμενος
1233 2457 1248 2484 ὃ
1263 2456 1421 2491 ἐφθέγξατο.
1444 2454 1492 2481 Ἐκ
1504 2452 1666 2483 πολυλαλιᾱς
1681 2452 1706 2468 ⁸⁸
1721 2451 1777 2487 γὰρ
1789 2451 1879 2478 ἐνίοτε

1087 2505 1211 2539 εὐστοχεῐ
1220 2511 1263 2534 τις
1275 2502 1341 2538 πρὸς
1353 2500 1384 2527 τὺ
1400 2499 1508 2535 ἀληθὲς,
1522 2498 1573 2525 οὐκ
1584 2497 1661 2528 εἰδὼς
1671 2497 1685 2523 ὃ
1697 2496 1783 2530 λέγει.
1798 2497 1879 2530 Λέγω

1087 2551 1116 2578 δὲ
1127 2551 1175 2578 καὶ
1184 2549 1247 2585 περὶ
1258 2548 1364 2580 τούτου,
1375 2543 1406 2574 οὗ
1418 2546 1528 2581 εἴρηκεν
1535 2552 1541 2559 ·
1555 2543 1658 2578 οὐδεὶς
1667 2543 1744 2577 ἔγνω
1755 2542 1810 2569 τὸν
1820 2544 1879 2569 Han

1086 2597 1166 2631 τέρα.
1186 2596 1241 2622 Kal
1261 2595 1276 2621 6
1298 2594 1414 2629 Πέτρος·
1428 2592 1464 2619 Σὺ
1477 2590 1512 2618 τὰ
1523 2589 1628 2617 ἐκείνου
1650 2587 1750 2615 ειδέναι
1777 2587 1879 2624 μηκέτι

880 2667 996 2695 ῩΑΠΗΕ
1016 2665 1216 2694 LECTIONES.

281 2721 306 2737 "
313 2717 363 2745 οὒκ
374 2715 420 2745 οὖν
430 2717 461 2745 C.
499 2716 594 2744 "Post
607 2717 680 2754 πᾶσα
695 2716 720 2744 ἰη
732 2717 753 2743 0
775 2720 934 2754 repetuntur
952 2716 1014 2754 vbh‘.
1028 2714 1108 2754 αυτὸν
1120 2712 1223 2754 ειδέναι
1233 2711 1279 2754 τρν
1292 2705 1788 2754 έκίσταιςγραῦν-,ἴναὲξῆλεξριιηέιιι.⁸.
1797 2703 1876 2754 2:3:

245 2738 422 2787 λόγως
475 2753 506 2779 Ο.
530 2738 759 2787 .τῖ
954 2738 1258 2782 ὲῐὲὶς”ι)”ὸ.“ιὶ’,”δὺχι
1272 2747 1314 2777 τίς
1398 2745 1421 2761 ⁷³
1430 2742 1505 2770 Fort.
1530 2738 1676 2787 νικηφόρου
1694 2738 1725 2766 S.
1764 2738 1873 2769 ⁸ἀὑτός

248 2788 320 2809 nmi.
348 2787 369 2809 Ω
388 2808 391 2809 ,
416 2787 508 2809 αὐτηϊε
523 2787 560 2809 id.
582 2788 609 2809 in
633 2791 707 2809 ιινιςιιι
722 2792 751 2809 ιιι
766 2789 797 2809 l'l.
819 2786 920 2809 Deinde
947 2783 1121 2809 ναλεπαίνειε
1144 2784 1165 2809 Ο
1191 2788 1217 2809 et
1240 2791 1273 2809 cx
1288 2783 1407 2809 comeet.
1431 2777 1452 2804 (ἶ
1468 2797 1475 2809 ,
1496 2784 1542 2809 Cll]
1577 2780 1667 2802 textus
1692 2773 1871 2809 χαλεπαίνειν.

248 2784 320 2820 conj.
348 2787 369 2815 C
385 2808 392 2820 ,
416 2787 508 2819 αὐτοῖς
523 2787 560 2814 id.
582 2788 609 2814 in
633 2784 707 2814 textu
722 2792 751 2813 ιιι
766 2786 920 2826 0._I)einde
947 2784 1121 2826 χαλεπαίνεις
1137 2784 1165 2825 ,Ο
1191 2788 1217 2810 et
1240 2791 1273 2823 ex
1288 2784 1407 2814 conject.
1431 2784 1452 2804 li
1468 2797 1475 2810 ,
1496 2784 1542 2826 cui
1577 2784 1667 2802 textus
1692 2784 1870 2809 xwmwaw.

250 2823 271 2838 “
290 2822 358 2850 ἀλλά
376 2825 408 2849 0.
445 2823 467 2838 δ’
481 2822 549 2848 ἀλλά
564 2822 596 2849 0.
635 2821 717 2850 “Pro
732 2822 829 2850 litteris
844 2829 916 2849 ποκα
932 2829 1007 2848 vocis
1023 2826 1224 2848 απωιαλυπτειν
1240 2825 1266 2845 ιιι
1283 2816 1303 2845 0
1330 2820 1447 2851 spatium
1468 2814 1580 2847 apparet
1594 2815 1724 2838 vacuum.
1741 2809 1782 2836 Ita
1795 2809 1870 2844 paul:

250 2861 320 2892 post.
359 2858 382 2873 “
391 2857 548 2892 πολυλογίας
563 2859 591 2884 0.
