1917 3100
278 133 331 163 M9

276 190 329 219 Alii
343 197 406 217 vero
417 193 521 217 contra.
530 186 598 215 Nam
610 187 813 222 Scripturarum
824 186 955 214 adversus
977 185 1061 212 Deum
1077 187 1100 216 Α

275 243 358 264 Voces
369 236 477 271 iniquas
488 239 515 262 et
533 234 617 262 falsas
627 234 679 261 rati
695 240 774 260 veras
785 240 856 265 esse,
871 239 962 259 veram
978 231 1064 266 ipsius

276 281 445 309 divinitatem
471 288 503 308 ac
528 280 655 307 virtutem
682 278 848 306 nescierunt.
882 277 1064 312 Quapropter,

276 326 356 362 quasi
371 327 428 362 ipse
446 326 561 360 ignoret,
575 329 603 352 et
625 324 745 352 caedibus
768 323 894 359 gaudeat,
908 327 936 350 et
960 322 1065 350 sacriﬁ-

277 374 382 402 ciorum
396 373 475 401 donis
493 380 592 408 pravos
601 372 731 404 dimittat,
748 374 877 405 pra-terea
900 373 928 396 et
948 369 1066 403 decipiat

276 424 303 446 et
314 419 471 451 mentiatur,
483 423 637 452 cunctaque
650 416 742 451 iniqua
754 415 845 448 faciat,
859 415 922 450 ipsi,
938 420 967 442 ut
980 414 1064 442 Deum

276 465 385 496 imitati.
397 465 533 500 peccando
547 464 589 499 pie
600 471 680 498 agere
695 462 877 491 crediderunt.
904 461 996 494 Quare
1014 461 1065 488 im-

276 511 421 538 mutabiles
440 510 473 537 ad
493 510 591 537 melius
612 509 785 540 exstiterunt,
808 511 835 534 et
856 506 986 534 admoniti
1009 514 1064 533 non

275 556 400 584 conversi
422 559 496 582 sunt.
522 553 594 581 Nihil
619 553 692 581 enim
713 552 890 584 verebantur,
914 551 994 586 quasi
1018 558 1066 586 per

275 599 334 627 hate
346 606 429 634 opera
443 598 499 626 Deo
512 601 605 625 essent
619 597 734 625 similes.

296 688 371 716 .XX.
383 688 517 716 Caeterum
530 687 564 715 ad
576 695 633 720 eos,
646 685 694 721 qui
706 685 789 713 Deum
804 685 884 712 talem
894 687 999 719 putant,
1008 691 1068 711 me-

277 735 332 762 rito
346 735 408 770 quis
419 738 524 762 asserat
536 734 638 761 dictum
651 732 754 760 fuisse:
768 731 852 758 Nemo
864 731 935 758 novit
946 731 1065 763 Patrem,

277 782 330 808 nisi
340 781 439 812 Filius,
452 781 522 807 sicut
533 788 579 806 nec
600 779 702 806 Filium
712 779 770 814 quis
784 778 864 809 novit,
882 777 933 804 nisi
948 776 1030 804 Pater
1041 783 1065 804 ι.

277 827 311 854 Et
323 827 396 862 jure.
417 826 485 854 Nam
504 826 528 854 si
548 825 749 861 cognovissent,
767 832 907 859 nunquam
928 824 1005 852 libris
1025 831 1068 851 re-

276 860 340 900 vera
371 873 405 900 ad
436 860 612 900 tentationein
637 870 747 905 scriptis
774 874 868 897 contra
889 869 985 896 Deum.
1007 876 1066 896 cre-
1081 860 1102 888 Β

276 919 372 946 dentes
388 921 555 953 peccassent.
573 916 626 944 Sed
645 921 672 944 et
694 917 748 943 alio
768 915 887 951 quodam
903 915 929 942 in
945 915 1006 942 loco
1017 914 1064 947 ait,

276 965 372 992 volens
389 964 509 999 apertius
519 963 560 991 eis
574 963 718 990 ostendere
732 969 843 989 causam
860 969 909 988 cur
922 964 1044 988 errarent
1057 968 1064 986 :

277 1009 342 1037 Ideo
355 1009 460 1042 erratis,
483 1009 623 1036 nescientes
648 1016 709 1035 uera
728 1006 940 1042 Scripturarum,
960 1011 1066 1041 propter

275 1055 346 1092 quod
360 1055 488 1090 ignoratis
511 1060 536 1081 et
552 1054 681 1081 virtutem
693 1053 742 1080 Dei
758 1054 782 1080 ιι.
798 1053 932 1087 Quocirca
956 1057 1064 1087 oportet

277 1105 308 1128 ut
318 1101 505 1134 omnishorno,
516 1101 561 1135 qui
574 1100 667 1127 salvus
677 1107 738 1127 esse
748 1100 894 1131 desiderat,
907 1098 953 1126 ﬂat
963 1104 1068 1133 (quem-

277 1147 424 1175 admodum
438 1146 507 1174 dixit
521 1145 659 1181 Magister)
670 1145 754 1181 judex
769 1146 901 1173 librorum
926 1145 959 1172 ad
977 1149 1065 1172 tenta-
1077 1159 1083 1167 ι

277 1193 379 1221 tionem
397 1192 572 1228 scriptorum.
589 1191 628 1219 lta
647 1192 721 1219 enim
747 1192 855 1219 locutus
880 1195 923 1218 est
943 1200 950 1218 :
975 1190 1066 1218 Euote

277 1240 363 1275 probi,
387 1240 532 1274 trapezita.
555 1238 630 1274 Opus
651 1243 742 1265 autem
768 1242 810 1265 est
832 1237 981 1273 trapezitis,
1001 1237 1066 1272 quia

278 1286 372 1321 probis
384 1285 536 1313 adulterina
551 1285 679 1320 permista
689 1288 764 1312 sunt.

312 1374 386 1403 XXI.
399 1374 446 1401 llis
461 1381 477 1401 a
491 1372 572 1401 Petro
583 1371 676 1405 dictis,
694 1371 786 1400 Simon
799 1379 829 1400 se
839 1371 993 1408 perculsum
1009 1379 1066 1400 ser-

279 1428 360 1450 mone
385 1420 418 1447 de
442 1419 591 1452 Scripturis
615 1419 764 1452 simulans,
784 1423 912 1454 tauquam
934 1419 1066 1447 attonitus

279 1467 366 1494 d'nit:
393 1467 473 1494 Absit
493 1474 508 1493 a
529 1474 572 1493 me
591 1470 619 1494 et
638 1465 672 1493 ab
685 1466 780 1493 amicis
801 1466 878 1498 meis,
894 1467 955 1492 tuos
971 1466 1067 1494 audire

279 1519 431 1539 sermones.
446 1510 610 1546 thuandiu
622 1509 731 1546 quidem
752 1510 906 1538 nesciebam
925 1515 951 1538 te
962 1511 1013 1538 ista
1032 1511 1066 1539 de

281 1557 429 1593 Scripturis
442 1557 552 1589 sentire,
569 1556 735 1585 sustinebam
751 1560 778 1584 et
790 1557 975 1592 colloquebar,
992 1565 1065 1585 nunc

280 1609 371 1631 autem
382 1603 510 1631 abscedo.
524 1601 686 1638 Oportuerat
697 1610 763 1630 sane
774 1602 907 1638 principio
917 1611 960 1630 me
973 1610 1065 1631 reces-

283 1649 362 1680 sisse,
388 1649 517 1684 quoniam
548 1647 639 1676 audivi
665 1652 693 1674 te
716 1648 873 1676 dicentem:
894 1647 949 1684 Ego
970 1652 1065 1676 contra

281 1695 375 1722 mundi
386 1694 560 1722 Conditorem
576 1694 642 1721 nihil
655 1693 767 1721 cuilibet
780 1694 900 1729 loquenti
913 1694 1005 1727 credo,
1016 1702 1066 1722 nec

279 1741 393 1776 angelis,
411 1748 461 1768 nec
480 1739 629 1775 prophetis,
649 1747 704 1767 non
721 1738 880 1774 Scripturis,
902 1748 955 1767 non
975 1747 1067 1767 sacer-

279 1785 400 1818 dotibus,
418 1793 471 1813 non
492 1785 660 1818 doctoribus,
684 1792 739 1812 non
760 1785 808 1812 ulli
831 1785 920 1817 alteri,
941 1785 1066 1820 quamvis

280 1832 358 1867 signa
373 1831 438 1868 quis
451 1831 515 1859 edat
533 1835 559 1859 et
580 1831 721 1866 prodigia,
744 1832 870 1867 quamvis
890 1831 918 1859 in
942 1839 1005 1859 aere
1024 1831 1067 1859 in-

280 1878 394 1913 signiter
407 1876 518 1912 fulgeat,
531 1877 572 1904 vel
584 1885 632 1912 per
646 1877 703 1906 visa
728 1881 776 1905 aut
792 1885 840 1912 per
862 1877 997 1905 insomnia
1020 1885 1066 1906 re-

279 1924 358 1950 velet.
374 1922 441 1955 Quis
455 1930 520 1958 ergo
536 1927 562 1950 te
575 1927 664 1957 potest
679 1930 695 1950 a
715 1922 850 1950 sententia
864 1922 1007 1956 deducere,
1017 1930 1066 1950 seu

279 1969 349 1995 bene
364 1975 413 1995 seu
426 1967 508 2001 male,
517 1971 547 1994 ut
557 1967 630 1994 aliud
639 1967 705 2002 quid
718 1967 821 1995 sentias
832 1971 929 2002 praeter
937 1974 999 2002 quae
1008 1967 1067 1995 visa

281 2018 343 2041 sunt
360 2013 420 2045 tibi,
435 2014 482 2049 qui
498 2013 567 2041 adeo
583 2014 664 2041 enixe
679 2021 712 2042 ac
734 2014 847 2041 immote
865 2013 893 2040 in
908 2013 1066 2049 tuojudicio

280 2067 434 2094 permanes.

314 2114 398 2142 XXII.
421 2114 454 2142 Et
472 2113 570 2142 Petrus
585 2114 617 2142 ad
633 2114 773 2142 Simonem
784 2114 843 2142 haec
857 2114 1017 2151 loquentem
1033 2123 1066 2144 ac

283 2169 459 2196 egressurum
474 2162 532 2189 ait:
546 2161 644 2190 Adhuc
659 2162 722 2190 audi
734 2170 750 2190 a
765 2170 809 2190 me
818 2162 881 2196 hoc,
896 2167 923 2190 et
933 2162 1001 2190 vade
1011 2170 1066 2198 quo

282 2208 371 2243 cupis.
392 2208 506 2236 Simone
527 2216 593 2236 vero
620 2215 752 2236 converso
775 2215 809 2236 ac
831 2213 1000 2242 remanente,
1013 2208 1064 2236 Pe~
1081 2215 1104 2243 ι)

282 2258 343 2281 trus
362 2252 464 2287 :Novi,
478 2253 576 2289 inquit,
587 2261 643 2289 quo
664 2254 746 2281 modo
772 2258 837 2282 tunc
862 2254 977 2283 audiens
1003 2262 1062 2290 per-

281 2301 377 2328 culsus
398 2300 448 2334 sis,
472 2300 538 2335 quia
566 2299 648 2328 dixi:
669 2299 832 2335 Quicunque
856 2304 951 2328 contra
979 2300 1063 2328 Deum

282 2345 376 2373 mundi
390 2349 541 2373 creatorem
553 2345 695 2380 quodlibet
709 2345 817 2373 locutus
834 2344 925 2378 fuerit,
937 2353 991 2372 non
1005 2353 1065 2373 cre-

282 2389 328 2417 do.
352 2388 431 2417 Nunc
453 2390 517 2417 audi
541 2390 653 2425 insuper
678 2390 767 2424 majus
783 2389 946 2425 aliquid:Si
971 2398 1064 2418 revera

281 2435 329 2471 qui
358 2435 491 2463 mundum
514 2435 617 2463 creavit
644 2434 717 2463 Deus
744 2442 777 2463 eo
802 2435 895 2463 animo
912 2440 994 2469 esset,
1010 2444 1065 2471 quo

285 2480 436 2516 Scriptura:
449 2480 590 2514 denotant,
604 2480 670 2515 quin
681 2481 760 2513 adeo,
777 2480 801 2509 si
816 2480 1066 2516 incomparabiliter

316 2553 331 2568 ι
346 2546 441 2575 Matth.
462 2555 502 2582 xi,
516 2547 563 2575 27.
600 2547 615 2568 ιδ
626 2546 710 2575 Marc.
726 2555 777 2581 xu,
789 2546 834 2576 24.

677 131 706 158 S.
726 127 942 158 CLEMENTISI
962 127 1044 155 “OM.
1066 125 1165 154 PONT.
1186 126 1299 154 OPERA
1319 126 1433 155 DUBIA.

1860 125 1908 153 4‘20

1113 183 1250 212 ἐναντίων.
1268 184 1323 216 Τὰς
1342 184 1396 220 γὰρ
1409 183 1480 211 κατά
1496 184 1543 212 τοῦ
1557 185 1626 213 Θεοῦ
1646 185 1700 212 τῶν
1715 184 1842 220 Γραφῶν
1858 194 1910 219 φωρ

1113 230 1172 263 νὰς,
1186 230 1295 263 ἀδίκους
1317 231 1399 263 οῦοας
1417 232 1464 258 καὶ
1485 232 1601 267 ψευδεῖς,
1616 232 1729 268 ἀληθεῖς
1745 231 1910 266 ὑπολαμϐά-

1113 284 1214 308 νοντες,
1233 276 1285 312 τὴν
1308 276 1392 309 ὅντως
1406 276 1489 303 αὐτοῦ
1504 277 1630 313 θειότητα
1653 278 1700 305 καὶ
1719 277 1844 312 δύναμιν
1865 277 1911 303 οὐκ

1114 321 1231 357 ᾔδεισαν.
1259 321 1358 357 Διόπερ
1387 321 1425 354 ὡς
1451 322 1610 357 ἀγνοοῦντος
1635 322 1718 350 αὑτοῦ
1741 323 1798 349 καὶ
1826 323 1911 356 φόνοις

1114 365 1252 402 χαίροντος
1264 366 1311 393 καὶ
1326 366 1424 393 θυσιῶν
1433 367 1529 403 δώροις
1543 367 1607 399 τοὺς
1623 368 1760 403 πονηροὺς
1774 367 1911 401 ἀφιέντος,

1114 412 1154 438 ἔτι
1180 411 1208 438 δὲ
1231 412 1278 438 καὶ
1305 411 1461 444 ἀπατῶντος
1480 412 1527 438 καὶ
1549 412 1713 448 ψευδομένου
1744 413 1799 439 καὶ
1827 413 1913 439 πάντα

1114 458 1195 486 ἄδικα
1215 457 1364 490 ποιοῦντος,
1375 459 1451 485 αὐτοὶ
1465 458 1502 490 ὼς
1520 459 1600 494 ὃμοια
1616 459 1683 486 Θεοῦ
1696 459 1718 475 ¹⁶
1731 460 1911 495 ποιήσαντες,

1114 503 1324 540 ἁμαρτάνοντες,
1350 503 1517 540 ἰσχυρίζοντο
1532 504 1662 531 εὐσεϐεῖν.
1681 504 1728 531 Διὸ
1741 505 1768 521 ⁸⁵
1781 505 1832 532 καὶ
1848 505 1912 540 ἀμε-

1114 549 1220 576 τάθετοι
1236 550 1275 581 είς
1289 549 1319 576 τὸ
1335 551 1457 585 κρεῖττον
1468 547 1547 584 ἦσαν,
1568 550 1615 576 καὶ
1630 550 1756 576 νουθετοὺ
1762 558 1846 586 μενοι
1867 550 1913 575 οὐκ

1114 595 1320 631 ἐπεστρέφοντο.
1343 596 1381 621 υὺ
1404 594 1458 630 γάρ
1480 595 1636 630 ἐφοϐοῦντο,
1657 595 1695 627 ὡς
1715 595 1759 631 τῷ
1787 595 1853 630 Θεῷ
1874 596 1913 621 διὰ

1114 641 1170 668 τῶν
1181 642 1309 668 τοιούτων
1322 641 1448 677 πράξεων
1463 640 1674 677 ὲξομοιούμενοι.

1150 686 1209 714 XX.
1236 687 1308 723 Πρὸς
1328 687 1357 714 δὲ
1386 688 1450 719 τοὺς
1469 687 1587 714 τοιοῦτον
1608 687 1687 714 αὑτὸν
1703 687 1728 704 ³ο
1745 686 1914 723 νομίζοντας

1116 731 1185 761 εἶναι
1211 733 1329 768 εὐλόγως
1361 733 1394 761 ἀν
1420 742 1463 765 τις
1487 733 1561 768 λέγοι
1584 733 1606 750 ¹¹
1631 734 1778 770 εἰρῆσθαι·
1813 733 1914 766 οὐδεὶς

1116 780 1192 814 ἔγνω
1206 779 1260 806 τὸν
1270 778 1396 813 Πατέρα,
1407 780 1434 805 εί
1447 778 1490 813 μὴ
1503 781 1519 806 ὁ
1538 779 1613 812 Υἱὸς,
1628 779 1669 812 ὡς
1681 778 1758 806 οὐδὲ
1773 779 1834 806 τὸν
1851 781 1914 806 Υίότ

1116 834 1161 858 τις
1171 825 1261 857 οἶδεν,
1277 826 1304 852 εί
1315 824 1358 859 μὴ
1371 826 1388 851 ὁ
1399 824 1508 859 Πατήρ.
1524 824 1579 851 Kal.
1591 825 1713 857 εἰκότως.
1728 825 1765 852 El
1778 825 1839 859 γὰρ
1854 825 1914 859 ἡπί-

1116 879 1222 903 σταντο,
1235 871 1284 897 οὐκ
1301 871 1334 897 ἂν
1349 872 1410 902 ταῖς
1422 871 1505 902 δντως
1520 870 1589 906 πρὸς
1604 870 1757 906 πειρασμὸν
1777 869 1856 897 κατά
1870 869 1913 896 τοῦ

1115 916 1182 944 Θεοῦ
1196 916 1358 952 γραφείσαις
1374 915 1476 951 βίϐλοις
1491 915 1663 947 πιστεύοντες
1681 915 1770 951 368
1787 916 1912 951 ἡμάρτα-

1114 970 1168 990 νον.
1191 961 1271 989 amt
1286 961 1334 989 καὶ
1346 961 1448 996 ἀλλαχῆ
1464 969 1516 987 που
1536 961 1618 996 λέγει,
1640 961 1723 988 θέλων
1739 962 1913 996 σαφέστερον

1114 1008 1205 1040 αὐτοῖς
1220 1008 1269 1044 τὴν
1285 1007 1374 1034 αἰτίαν
1392 1007 1441 1043 τῆς
1464 1006 1568 1043 πλάνης
1583 1006 1671 1034 αὐτῶν
1687 1007 1847 1041 ὑποδεῖξαι·
1866 1007 1913 1033 Διὰ

1113 1054 1202 1081 τοῦτο
1223 1053 1380 1081 πλανᾶσθε
1405 1055 1438 1086 ’³,
1453 1053 1497 1088 μὴ
1527 1053 1640 1087 ειδότες
1662 1053 1698 1080 τὰ
1723 1052 1833 1087 ἁληθῆ
1858 1051 1914 1079 τῶν

1114 1099 1253 1135 Γραφῶν,
1267 1099 1303 1127 οὗ
1316 1100 1418 1127 εἵνεκα
1430 1101 1563 1136 ἀγνοεῖτε
1578 1099 1628 1128 καὶ
1642 1099 1700 1134 τὴν
1710 1100 1850 1134 δύναμιν
1864 1099 1912 1125 τοῦ

1116 1146 1200 1173 Θεοῦ.
1216 1144 1262 1173 Διὸ
1278 1145 1319 1172 δεῖ
1338 1145 1426 1173 πάντα
1442 1146 1582 1182 ἄνθρωπον
1599 1145 1718 1181 σωθῆναι
1734 1145 1856 1172 Θέλοντα
1870 1153 1912 1178 γε·

1113 1191 1216 1224 νέσθαι,
1228 1192 1266 1224 ὼς
1278 1191 1293 1219 ό
1305 1191 1468 1224 Διδάσκαλος
1483 1189 1570 1225 εἶπεν,
1587 1183 1682 1229 κριθὴν
1694 1191 1750 1218 τῶν
1763 1191 1840 1228 πρὸς
1856 1200 1911 1217 πει-

1116 1238 1220 1276 ρασμὸν
1233 1238 1388 1274 γραφεισῶν
1402 1238 1510 1274 βίϐλων.
1531 1238 1624 1270 Οὕτως
1643 1238 1698 1274 γὰρ
1710 1236 1797 1265 εἶπεν
1807 1247 1814 1253 ·
1831 1239 1911 1265 Γίνε-

1114 1285 1171 1312 σθε
1183 1282 1348 1318 τραπεζῖται
1368 1283 1491 1319 δόκιμοι.
1508 1283 1682 1320 Τραπεζιτῶν
1703 1283 1732 1310 δὲ
1752 1284 1852 1320 χρεία,
1873 1284 1912 1310 Em

1114 1330 1171 1360 τοῖς
1185 1328 1305 1364 δοκίμοις
1320 1329 1368 1355 καὶ
1381 1327 1415 1355 τὰ
1432 1328 1548 1365 κίϐδηλα
1563 1328 1788 1364 ἀναμεμιγμένα.

1150 1374 1220 1402 XXI.
1237 1374 1328 1401 Ταῦτα
1345 1375 1392 1402 τθῦ
1405 1375 1508 1410 Πέτρου
1525 1374 1655 1406 είπόντος,
1665 1375 1680 1401 ὁ
1689 1374 1789 1410 Σίμων
1799 1375 1852 1402 ἐπὶ
1861 1377 1913 1406 τοῖς

1116 1420 1221 1458 ῥηθεῖσι
1236 1420 1363 1457 περὶτῶν
1375 1420 1491 1456 Γραφῶν
1504 1419 1760 1456 προσποιησάμενος
1774 1420 1913 1455 ἐκτετᾲῆ-

1115 1466 1187 1502 χθαι,
1206 1466 1243 1499 ὡς
1260 1465 1385 1502 πτοηθείς
1405 1465 1428 1481 ⁸⁸
1444 1465 1513 1501 ἔφη·
1537 1464 1629 1501 ’Δπείη
1651 1474 1695 1500 μοι
1716 1465 1768 1492 καὶ
1786 1468 1849 1497 τοῖς
1867 1466 1912 1501 ἐμὲ

1117 1511 1248 1547 φιλοῦσιν,
1265 1511 1319 1538 τῶν
1339 1511 1393 1538 σῶν
1415 1511 1558 1538 ἐπακούειν
1574 1510 1669 1546 λόγων.
1684 1512 1739 1538 Kal
1767 1505 1856 1548 μέχρι
1870 1513 1912 1547 μὲν

1114 1558 1159 1585 ὅτε
1172 1558 1221 1585 οὐκ
1236 1558 1308 1593 ⁴ᾔδειν
1324 1565 1354 1584 σε
1369 1557 1456 1584 ταῦτα
1470 1557 1534 1593 περὶ
1546 1557 1599 1584 τῶν
1612 1557 1728 1592 Γραφῶν
1744 1558 1911 1593 φρονοῦπα,

1114 1603 1262 1639 ἠνειχόμην
1275 1602 1322 1630 καὶ
1337 1602 1505 1638 διελεγόμην,
1522 1602 1569 1629 νῦν
1580 1602 1603 1618 ’⁸
1612 1602 1641 1629 δὲ
1653 1602 1824 1638 ἀφίσταμαι.
1844 1603 1912 1630 Ἔδει

1116 1647 1207 1683 μέντοι
1227 1647 1277 1683 τὴν
1302 1647 1388 1684 ἀρχὴν
1408 1647 1584 1683 ὑποχωρῆσαί
1606 1656 1650 1683 με,
1671 1648 1713 1674 δτι
1731 1648 1849 1683 ἡκουσά
1870 1658 1912 1676 σου

1114 1693 1237 1728 λέγοντος
1246 1701 1254 1709 ο
1273 1692 1343 1728 Ἐγὼ
1354 1693 1423 1720 κατὰ
1433 1693 1480 1719 τοῦ
1494 1693 1635 1725 κτίσαντος
1650 1693 1696 1720 τὸν
1716 1694 1829 1730 κόσμον
1841 1696 1912 1722 οὐδὲν

1114 1739 1201 1765 οὐδενὶ
1215 1738 1335 1765 πιστεύω
1346 1739 1462 1773 λέγοντι,
1480 1737 1541 1765 οὗτε
1563 1739 1696 1774 ἀγγέλοις,
1715 1739 1785 1768 οὔτε
1807 1742 1912 1776 προφή-

1114 1792 1184 1817 ταις,
1200 1784 1230 1811 ob
1244 1785 1374 1820 Γραφαϊς,
1389 1784 1438 1819 οὐχ
1459 1784 1587 1819 ίερεῦσιν,
1603 1785 1633 1812 οὺ
1651 1785 1844 1819 διδασκάλοις,
1867 1789 1912 1814 οὐκ

1115 1829 1187 1866 άλλῳ
1208 1830 1306 1863 οὐδενὶ,
1322 1831 1375 1858 κᾶν
1398 1831 1500 1867 σημεῖά
1518 1840 1561 1864 τις
1582 1832 1630 1859 καὶ
1647 1832 1749 1869 τέρατα
1767 1837 1851 1870 ποιῇ,
1866 1835 1912 1862 κᾶν

1115 1876 1145 1903 ὲν
1167 1876 1228 1912 ἀέρι
1248 1877 1385 1912 ἐπιφανῶς
1405 1877 1559 1915 ἀστράπτῃ,
1581 1878 1597 1914 ἢ
1622 1877 1655 1905 δι’
1673 1880 1831 1915 ὁραμάτων
1853 1882 1910 1917 ἢεί

1115 1921 1248 1949 ἐνυπνίων
1263 1921 1451 1959 ἀποκαλύπτῃ,
1475 1923 1524 1955 Τίς
1539 1921 1586 1950 οὖν
1603 1931 1634 1950 σε
1651 1926 1824 1959 μεταπεῖσαι
1838 1926 1911 1953 δύνα-

1115 1976 1161 1994 ται
1175 1967 1208 2000 ’⁵,
1225 1967 1279 1994 εἴτε
1296 1967 1386 2000 καλῶς
1409 1968 1465 1995 είτε
1487 1969 1579 2001 κακῶς
1596 1969 1629 2002 ⁸⁸,
1643 1969 1735 2005 ἔτερόν
1752 1980 1783 1998 τι
1805 1975 1910 2008 φρονεῖν

1116 2013 1193 2049 παρά
1205 2013 1240 2040 τὰ
1252 2013 1366 2047 δόξαντά
1381 2023 1433 2046 σοι,
1453 2014 1569 2050 ίσχυρῶς
1579 2015 1650 2043 οὕτω
1664 2016 1686 2032 ’⁷
1703 2016 1753 2044 καὶ
1773 2018 1911 2055 ἀκινήτως

1116 2058 1150 2093 τῇ
1163 2056 1276 2084 σεαυτοῦ
1292 2057 1391 2092 γνώσει
1406 2058 1605 2095 ὲνδιαμένοντα.

1151 2113 1234 2149 369
1251 2113 1334 2141 XXII.
1354 2114 1409 2142 Kal.
1422 2115 1436 2141 ὁ
1449 2115 1552 2152 Πέτρος
1564 2115 1650 2143 ταῦτα
1665 2117 1771 2145 εἰπόντι
1801 2119 1845 2155 τῷ
1869 2120 1910 2146 Σί-

1118 2169 1198 2197 μωνι,
1210 2160 1345 2188 ὲκϐαίνειν
1360 2161 1493 2198 μέλλοντι,
1509 2161 1561 2198 ἔφη
1571 2169 1578 2178 '
1592 2163 1743 2190 Ἔτιτοῦτὸ
1759 2173 1817 2200 μου
1832 2166 1910 2193 ἀκου-

1118 2215 1174 2238 σον,
1188 2206 1235 2234 καὶ
1260 2207 1376 2243 πορεύου
1394 2208 1462 2234 ὅπου
1474 2208 1569 2240 θέλεις.
1591 2208 1644 2235 Τοῦ
1664 2209 1693 2235 δὲ
1710 2209 1844 2245 Σίμωνος
1855 2212 1911 2238 ἐπι-

1116 2252 1281 2288 στραφέντος
1305 2253 1352 2280 καὶ
1375 2253 1573 2290 ἑπιμείναντος,
1593 2254 1607 2280 ό
1627 2254 1730 2290 Πέτρος
1757 2255 1834 2292 ἔφη’
1851 2256 1910 2284 οἰδα

1115 2297 1175 2330 πῶς
1190 2298 1250 2325 τότε
1267 2299 1374 2326 ἁκούων
1398 2299 1584 2336 κατεπλάγης,
1608 2301 1680 2327 ὃτι¹³
1700 2299 1799 2329 εἷπονα
1820 2304 1911 2335 Ὅστις

1113 2345 1173 2370 ποτ’
1190 2343 1223 2371 ἂν
1266 2344 1337 2371 κατὰ
1347 2345 1395 2371 τοῦ
1406 2345 1451 2372 τὸν
1465 2346 1566 2381 κόσμον
1583 2346 1724 2379 κτίσαντος
1735 2347 1812 2375 Θεοῦ
1827 2349 1910 2383 λέγων

1114 2390 1215 2423 ότιοῦν,
1232 2391 1264 2418 οὑ
1281 2391 1411 2419 πιστεύω.
1429 2392 1465 2419 Τὸ
1476 2393 1499 2408 ¹⁹
1511 2392 1540 2419 δὲ
1566 2393 1611 2419 ἐπὶ
1632 2393 1727 2420 τούτου
1747 2396 1851 2430 μεῖζον
1867 2396 1910 2423 νῦν

1115 2437 1240 2464 ἄκουσον.
1261 2437 1323 2464 Ἐάν
1336 2438 1375 2473 τῷ
1384 2438 1441 2465 ὄντι
1456 2439 1471 2464 ὀ
1485 2438 1531 2465 τὸν
1548 2439 1649 2474 κόσμον
1662 2439 1760 2471 κτίσας
1777 2441 1851 2473 Θεὸς
1865 2442 1909 2477 τὴν

1118 2483 1230 2520 γνώμην
1251 2484 1371 2517 τοιοῦτος
1382 2485 1405 2501 ³⁰
1418 2484 1456 2512 ὣν
1478 2485 1610 2521 τυγχάνῃ,
1626 2486 1717 2513 ὁποῖον
1742 2487 1774 2513 αἱ
1800 2488 1909 2524 Γραφαὶ

909 2602 1026 2631 ὛΑΒῙΑΞ
1046 2578 1245 2631 LECTIOI‘iES:

317 2659 339 2696 fl
346 2658 406 2694 Θεῷ
422 2659 473 2693 ιεςί
489 2659 546 2687 vult
559 2658 591 2686 Ι).
631 2659 653 2676 ⁸⁵
671 2659 705 2696 δι’
719 2659 734 2696 δ
747 2659 777 2687 C.
791 2658 862 2696 Tum
875 2659 1038 2696 ἀμετάθετοι
1050 2661 1071 2687 0

1124 2665 1133 2688 t
1148 2668 1180 2688 ex
1195 2660 1311 2696 conject.
1325 2659 1367 2696 _C.,
1385 2660 1550 2696 ἀμετάθετον
1575 2661 1645 2690 idem
1667 2662 1694 2690 in
1714 2667 1806 2692 textu.
1847 2665 1898 2692 ²⁶0

281 2695 344 2730 exh.
362 2703 396 2729 με
407 2699 571 2730 expunctum

282 2729 332 2762 5i;
348 2737 389 2761 Ill,
405 2730 449 2756 50.

282 2764 305 2780 ¹⁶
314 2764 394 2795 ιαλδς
405 2764 459 2790 εἴτε
474 2765 558 2796 κακός

488 2694 750 2756 ίὲᾜθῐίιηεᾶἱιδίηὸἴί
754 2728 788 2756 τὰ
801 2694 958 2756 ἶιῗινίῦν
1022 2695 1064 2747 5ιῖ
1075 2695 1220 2756 υξεέᾆᾚιῗί

519 2737 564 2756 ποι
585 2728 642 2761 θείς
655 2731 685 2756 0.
724 2728 788 2756 ’δτὰ
809 2729 857 2756 νῦν
870 2728 873 2729 ⁷
888 2749 895 2756 .
911 2729 958 2756 νῦν
972 2731 1004 2757 0.
1042 2732 1077 2766 ¹³ι

519 2738 596 2800 ιός
641 2764 668 2800 7"
675 2763 761 2796 οὕτως
775 2765 806 2792 C.
829 2737 948 2792 Subinde
961 2766 1008 2792 καὶ
1023 2765 1077 2800 (seq

1124 2728 1204 2762 απεις
1215 2732 1283 2765 (seq.
1307 2730 1415 2765 lacuna)
1430 2739 1490 2757 αται
1514 2739 1540 2766 p.
1569 2734 1731 2767 μεταπεῖσαι
1746 2733 1863 2762 δύναται
1877 2728 1904 2761 0.

1124 2768 1217 2800 icuna)
1231 2774 1275 2792 ται
1287 2766 1319 2800 τῇ
1339 2773 1364 2800 p.
1383 2766 1430 2792 καὶ
1451 2767 1586 2800 ἀκινήτως
1599 2770 1633 2800 τῇ
1649 2769 1679 2796 0.
1719 2769 1794 2796 ἐὅτι
1813 2769 1834 2796 S
1848 2790 1855 2800 ,
1868 2770 1904 2796 ὅτι

283 2774 305 2780 ’⁷
314 2774 394 2795 tam;
405 2774 459 2790 ειτε
474 2774 558 2796 nam;
565 2774 596 2791 U.
646 2774 665 2781 "
675 2774 761 2796 ουτως
775 2774 806 2792 υ.
829 2774 948 2792 διωιηυε
961 2774 1008 2792 και
1035 2774 1077 2800 seq

283 2798 302 2837 ξε
313 2800 335 2825 0
347 2833 353 2837 _
363 2803 391 2826 et
406 2799 433 2825 in
448 2799 585 2837 _lextu‘C,
599 2799 647 2837 qui
665 2800 738 2837 conj.
751 2800 795 2837 ﬁt:
814 2799 856 2837 ἄν.
875 2799 994 2828 Subinde
1015 2774 1077 2828 slus

1124 2774 1319 2837 ἰθῖἂῖιξιτῖζῖτῗ
1330 2774 1356 2827 c”
1361 2786 1364 2791 '
1373 2774 1546 2832 ξιάῗέἓνὲτ

1273 2696 1295 2712 ’⁸
1305 2694 1455 2722 πλανᾶσθαι
1472 2699 1503 2723 0.
1522 2696 1591 2724 Tum
1611 2698 1715 2724 εἵνεκεν
1730 2697 1752 2726 C
1780 2700 1861 2727 hom.
1878 2709 1905 2729 ll.

1287 2766 1319 2804 τῇ
1339 2773 1364 2800 p.
1374 2766 1440 2804 _x.al._
1451 2766 1586 2804 ἀκινήτως
1599 2770 1633 2804 τῇ
1648 2769 1679 2804 ί).
1693 2803 1702 2804 ἡ
1719 2769 1794 2804 ἐδτι
1813 2769 1834 2796 S
1848 2790 1855 2801 ,
1868 2770 1905 2796 ὅτι

1586 2804 1608 2820 ¹⁸
1615 2802 1662 2830 τοῦ
1685 2803 1719 2831 (ἶ.
1747 2803 1904 2833 Lectiouem

282 2831 456 2860 Ottoboniani
485 2833 557 2869 conj.
576 2831 658 2862 etiam
676 2835 704 2862 S.
718 2831 726 2835 ⁷
748 2835 772 2851 ¹⁶
780 2834 898 2862 τοιοῦτον
909 2836 930 2862 0
944 2856 951 2868 ,
966 2837 1077 2872 τυγχάνῃ

1124 2837 1173 2864 lem
1193 2844 1219 2863 ο.
1235 2835 1254 2863 S
1268 2856 1275 2868 ,
1290 2831 1417 2871 τῦγχάνει
1430 2836 1461 2864 C.
