1917 3100
55 122 96 150 4‘21

564 121 792 151 CLEMENTINA.
810 139 844 144 —
865 123 1006 151 nomua
1022 117 1090 152 XIX.

1610 130 1665 159 422

55 179 249 215 καταλέγουσιν.
266 180 313 208 καὶ
325 181 351 208 εί
361 180 447 213 ἄλλως
463 189 522 213 παυς
532 180 734 218 ἀπραὸλήτως
746 181 822 214 κακός

880 186 954 209 esset
975 182 1074 217 malus,
1091 187 1121 211 ut
1141 190 1192 211 nec
1218 182 1367 220 Scriptura
1392 186 1484 214 dicere
1507 187 1662 223 valuerunt,

54 226 129 257 ἐστιν,
141 225 179 257 ὡς
193 225 258 252 οὔτε
269 226 299 253 αἱ
321 227 429 262 Γραφαὶ
442 227 528 253 εἰπεῖν
541 226 665 261 ἴσχυσαν,
678 226 739 253 οὔτε
750 226 829 258 ἀλλος

52 280 90 304 τις
100 271 147 299 κᾶν
159 271 288 307 ἑννοῆσαι
299 272 412 304 δυνατός
426 273 510 304 ἐστιν,
523 272 623 308 ὁμοίως
633 272 689 307 ἐγὼ
699 273 749 300 οὐκ
760 273 831 300 ἀπο-

54 319 174 353 στήσομαι
199 318 249 344 τοῦ
259 319 280 333 ³⁸
304 319 385 346 αὐτὸν
410 318 489 354 μόνον
513 319 612 351 σέὸειν,
627 319 674 346 καὶ
696 319 727 346 τὸ
746 319 828 346 αὐτοῦ

54 363 164 400 βούλημα
178 366 277 391 ¹ποιεῖν.
292 365 398 392 Είδέναι
415 364 466 399 γάρ
483 373 512 391 σε
525 365 593 392 θέλω
608 365 656 392 καὶ
673 365 827 396 πεπεῖσθαι,

52 411 86 437 ὃτι
100 411 114 437 ὁ
125 412 164 442 είς
174 410 221 437 τὸν
245 411 328 438 αὑτοῦ
351 412 467 447 ποιητὴν
481 411 531 438 οὐκ
545 411 614 446 ἔχων
633 411 760 447 στοργήν,
773 411 828 438 οὐδ’

52 457 86 488 εἰς
97 457 185 492 ἓτερον
199 456 274 492 ἔχειν
288 457 354 484 ποτὲ
367 457 478 484 δύναται
500 458 532 484 Εί
541 457 571 484 δὲ
584 457 640 492 ἔχει
651 457 673 473 ³⁸
684 457 754 493 πρὸς
765 457 826 484 ιτε-

53 511 100 538 ρσν,
117 503 190 539 παρὰ
206 503 290 538 φύσιν
305 504 386 540 ἔχων,
407 505 439 532 ἐκ
459 503 577 539 πονηροῦ
591 503 637 530 τὸν
660 503 715 531 τῶν
728 503 828 531 ἀδίκων

51 548 129 584 ἔρωτα
149 549 219 584 ἔχων
235 549 338 584 ἀγνοεῖ,
353 550 392 582 ὡς
409 550 469 586 μηδ’
481 551 584 576 ὲκεῑνον
608 549 724 585 βεδαίως
745 549 829 585 φυλά-

51 594 251 630 ξαιδυνάμινος.
270 596 326 622 Καὶ
339 597 364 623 εἰ
376 597 430 632 ἄρα
452 596 511 623 ἐστί
534 605 577 628 τις
596 596 688 632 ἕτερος
701 596 771 632 ὑπὲρ
782 597 828 623 τὸν

48 641 211 676 Δημιουργδν,
226 641 387 675 ἀποδέξεταί
398 642 421 658 ³³
436 651 469 677 με
489 642 528 674 ὡς
545 642 647 676 ἀγαθὸς
659 641 744 678 ταύτῃ
760 643 828 678 μᾶλ-

50 685 97 718 λον,
110 687 150 712 ὃτι
162 687 208 713 τὸν
225 687 293 722 ἐμὸν
303 688 404 723 ἀγαπῶ
419 688 535 725 πατέρα,
553 688 583 716 σὲ
595 688 624 715 δὲ
639 688 688 715 οὐκ
697 689 827 722 ἀποδέξε-

49 740 88 758 ται
104 731 187 765 εἰδὼς,
206 733 249 760 ὅτι
268 734 315 760 τὸν
337 734 416 769 φύσει
439 743 484 761 σου
503 735 629 770 ποιητὴν,
642 735 673 761 οὐ
685 734 740 770 γὰρ
754 735 826 769 λέγω

50 778 143 813 πατέρα
149 778 182 810 ³⁸,
197 779 345 811 κατέλιπες
354 781 396 807 ὲπ*
409 780 495 807 ἐλπίδι
509 779 621 816 μείζονι⁷
633 781 664 807 οὐ
681 781 826 816 φροντίσας

49 822 89 849 τοῦ
99 823 215 857 εὐλόγου.
225 825 322 856 Οὕτως
331 827 356 852 εί
366 826 413 852 καὶ
422 825 503 853 αὑτοῦ
513 827 655 862 κρείττονα
665 827 782 862 εὑρήσῃς
792 827 825 859 ³⁸,

879 235 967 263 neque
980 229 1051 257 alius
1060 229 1122 264 quis
1134 229 1176 258 vel
1191 231 1312 265 cogitare
1325 237 1424 266 potest,
1440 234 1497 268 pari
1511 242 1563 270 ego
1581 237 1664 264 modo

879 280 934 300 non
952 273 1113 302 desisterem
1126 283 1188 302 eum
1201 276 1291 303 solum
1307 276 1408 310 colere,
1425 278 1552 314 illiusque
1568 281 1665 308 volun-

879 322 961 346 tatem
982 327 1103 348 servare.
1131 319 1209 349 Scire
1227 321 1301 349 enim
1325 327 1351 350 te
1375 323 1437 350 volo
1450 332 1482 352 ac
1502 333 1662 360 persuasum

879 363 990 398 habere,
1003 373 1065 393 eum
1081 367 1128 402 qui
1141 367 1168 394 in
1181 373 1322 396 auctorem
1337 377 1417 397 suum
1433 370 1594 399 cliaritatem
1608 381 1663 400 nou

879 408 970 442 habet,
996 418 1086 446 neque
1110 411 1136 439 in
1163 413 1248 441 alium
1281 422 1362 449 posse
1387 423 1509 450 unquam
1548 417 1662 447 habere.

879 454 956 488 Quod
973 456 996 484 si
1012 464 1076 492 erga
1092 458 1176 486 alium
1191 459 1328 493 habuerit,
1347 467 1442 489 contra
1468 467 1593 492 naturam
1615 465 1665 492 ba-

878 500 956 534 bens,
969 501 1076 537 ignorat
1089 510 1119 530 se
1134 511 1149 530 a
1165 505 1238 532 malo
1249 505 1350 534 habere
1362 514 1484 534 amorem
1498 510 1545 543 qui
1555 509 1664 545 iniqva

879 554 939 574 rum
955 552 1007 579 est.
1022 548 1069 576 sed
1089 556 1139 577 nec
1163 551 1264 585 poterit
1283 551 1359 579 illum
1389 553 1504 581 ﬁrmiter
1514 556 1662 584 custodire.

877 590 966 625 Atque
980 592 1003 619 si
1017 597 1059 620 est
1074 593 1174 629 aliquis
1189 595 1260 624 alius
1275 604 1359 631 super
1375 596 1545 633 Creatorem,
1558 601 1664 635 ample-

878 641 966 664 ctetur
988 645 1042 670 me,
1055 643 1085 666 ut
1101 639 1201 674 bonus,
1224 649 1257 668 eo
1274 643 1362 678 magis
1379 645 1444 679 quia
1469 653 1559 672 meum
1577 647 1663 682 diligo

878 687 993 717 patrem.
1005 689 1032 711 te
1042 692 1108 712 vero
1125 694 1179 713 non
1195 687 1317 722 recipiet,
1332 689 1378 724 qui
1396 690 1474 723 sciat,
1486 692 1560 726 quod
1583 697 1664 720 natu-

878 727 963 756 ralem
976 733 1053 756 tuum
1067 735 1218 764 auctorem,
1233 740 1288 759 non
1311 734 1386 762 enim
1401 735 1464 762 dico
1480 741 1596 771 patrem.
1611 738 1660 765 de-

878 773 1035 809 reliqueris,
1049 782 1097 810 per
1111 783 1187 811 spem
1207 778 1340 812 majorem
1365 788 1420 808 non
1442 782 1577 810 sollicitus
1592 784 1662 819 a-qui

876 823 905 846 et
919 818 1001 854 juris.
1014 819 1054 848 Ita
1069 821 1094 849 si
1104 829 1137 849 eo
1151 823 1286 857 potiorem
1299 824 1434 859 invenias,
1448 827 1538 856 scitse
1552 818 1663 865 quoque

51 867 110 896 οἶδεν
122 870 202 905 37o
213 871 256 897 ὅτι
272 872 321 898 καὶ
329 872 409 898 αὑτὸν
422 872 594 906 καταλείψεις
610 872 686 904 ποτὲ,
697 873 743 899 καὶ
760 873 822 908 μᾶλ-

877 872 894 891 a
909 869 936 892 te
950 865 1143 900 deserendum,
1155 875 1188 895 eo
1202 867 1311 897 facilius
1325 872 1398 905 quod
1417 877 1480 900 tuus
1492 881 1546 901 non
1562 875 1597 902 sit
1610 883 1660 910 pa-

50 914 87 941 λον
101 916 139 942 ὃτι
153 917 190 952 μὴ
204 917 305 951 γέγονέ
322 926 369 945 σου
386 918 488 955 πατὴρ,
508 919 589 945 ὁπότε
608 919 656 945 καὶ
676 919 723 946 τὸν
743 919 827 952 ὅντως

51 969 90 987 σου
102 962 203 998 πατέρα
214 963 372 996 κατέλιπες.

78 1008 165 1036 XXII].
182 1009 253 1036 Ἀλλ’
263 1011 350 1046 ὲρεϊς·
364 1008 438 1037 οἶδεν
451 1010 547 1038 ὅτιούκ
563 1010 636 1038 ἐστιν
651 1011 744 1046 ἔτερος
755 1010 825 1047 ὑπὲρ

51 1053 128 1086 αὐτον,
144 1055 189 1082 καὶ
201 1055 247 1082 διὰ
261 1055 344 1082 τοῦτο
363 1056 576 1092 καταλειφθῆναι
588 1057 618 1084 οὔ
630 1057 751 1084 δύναται.
769 1057 826 1084 Χά-

52 1108 87 1134 ρις
97 1097 140 1127 οὖν
158 1101 198 1136 τῷ
216 1102 254 1137 μὴ
270 1100 354 1129 εἶναι·
366 1102 400 1129 τὰ
412 1103 441 1129 δὲ
453 1102 504 1137 τῆς
519 1102 631 1139 γνώμης
648 1101 718 1130 οἶδεν
729 1103 825 1139 ἕτοιμα

50 1145 108 1181 πρὸς
127 1147 336 1184 ἀγνωμοσύνην.
352 1148 383 1175 Et
399 1148 431 1175 δὲ
454 1148 533 1181 εἰδὼς
547 1149 695 1185 ἀγνώμονα
708 1155 738 1176 σε
755 1150 825 1178 ἀπο-

49 1190 151 1226 δέχεται,
174 1193 226 1228 ὲμὲ
249 1193 281 1221 δὲ
294 1193 451 1230 εὐγνώμονα
476 1195 656 1231 ἐπιστάμενος
669 1196 699 1222 οὐ
716 1197 826 1232 προσίε-

51 1245 78 1263 ra
106 1238 244 1273 ἀλόγιστός
258 1240 320 1266 ἐστι
333 1240 402 1268 κατὰ
426 1241 472 1268 τὸν
489 1241 534 1268 σὺν
550 1241 638 1276 λόγον,
660 1242 699 1277 τῷ
723 1243 825 1278 εὐλόγῳ

52 1284 82 1319 μὴ
93 1286 269 1320 κεχρημένος.
287 1286 364 1313 οὕτω
378 1287 519 1323 πονηρίας,
533 1284 556 1314 ὦ
572 1289 673 1324 Σίμων,
690 1289 825 1325 ὑπουργὸς

49 1329 80 1356 ὢν
93 1331 200 1365 ἀγνοεῖς.
218 1332 279 1359 Καὶ
295 1332 311 1358 ὸ
324 1333 413 1368 Σίμων
435 1334 615 1369 ἁπεκρίνατο·
629 1334 714 1362 Πόθεν
733 1333 781 1362 οὖν
794 1335 825 1362 τδ

49 1376 151 1411 πονηρὸν
162 1377 298 1412 πέφυκεν,
314 1378 372 1405 me
383 1380 459 1415 ἡμῖν.
469 1380 524 1407 Καὶ
537 1380 551 1406 ὁ
566 1381 682 1417 Πέτρος*
705 1382 814 1419 Ἐπειδὴ

50 1421 164 1457 σήμερον,
177 1422 241 1459 ἔφη,
260 1423 397 1451 ὲκδαίνειν
411 1425 542 1460 ἔφθασας,
555 1428 602 1454 καὶ
618 1428 685 1464 ἔφης
703 1429 750 1456 τοῦ
771 1429 824 1457 λοι-

49 1465 92 1492 ποῦ
110 1467 145 1499 ὡς
169 1468 333 1505 βλασφήμου
359 1470 395 1506 μὴ
416 1471 524 1499 ἀκούειν
549 1473 627 1509 ἐμοῦ,
645 1475 748 1510 αὔριον,
764 1476 823 1511 ιίγι

50 1511 116 1548 θέλῃς
123 1513 145 1529 ³⁸
159 1514 268 1550 μαθεῖν,
281 1515 383 1543 ἐλθόντι
394 1517 569 1554 ὑφηγήσομαι
581 1520 614 1551 ³⁷,
624 1521 672 1547 καὶ
682 1521 721 1553 ὡς
733 1521 820 1554 θέλεις

49 1557 208 1595 ἐξετασθῆναι
224 1569 260 1596 με
277 1564 447 1599 συγχωρήσω
462 1565 526 1592 ἄνευ
550 1567 722 1601 φιλονεικίας.
740 1570 795 1596 Καὶ
808 1570 823 1597 6

50 1603 127 1639 Σίμων
134 1605 183 1642 ἔφη
191 1615 198 1622 ·
208 1607 252 1638 Ὠς
265 1607 299 1634 ἄν
312 1616 356 1643 μοι
365 1608 427 1644 δόξῃ
439 1611 554 1646 ποιήσω.
564 1612 618 1639 Καὶ
623 1612 695 1640 τοῦτ’
707 1614 730 1630 ³⁸
738 1614 823 1643 εἰπὼν

49 1649 177 1687 ἐπορεύθη.
193 1652 256 1679 Τῶν
269 1653 299 1679 δὲ
316 1655 537 1684 συνεισελθόντων
552 1657 626 1693 αὐτῷ
653 1659 742 1691 οὐδεὶς
758 1669 822 1688 συν-

49 1694 154 1731 εξῆλθεν.
165 1698 232 1726 ἀλλὰ
241 1700 302 1731 τοῖς
316 1700 379 1727 ποσὶ
395 1703 595 1737 προσπεσόντες
604 1704 707 1740 Πέτρου
718 1705 820 1741 ἠξίουν,

49 1740 88 1767 ἐπὶ
97 1743 163 1780 τῷδ’
177 1745 371 1781 συνηρπάσθαι
378 1747 419 1783 τῷ
433 1748 535 1784 Σίμωνι
546 1750 710 1787 συγγνώμης
721 1753 822 1788 τυγχά-

48 1794 104 1819 νειν,
117 1790 160 1816 καὶ
183 1791 366 1826 ἀπωεχθῆναι
394 1795 599 1829 μετανοοῦντας.
619 1797 648 1824 '0
667 1797 695 1824 δὲ
719 1798 821 1834 Πέτρος

50 1835 210 1871 προσιέμενος
218 1837 242 1853 ⁸⁸
259 1838 360 1871 αὐτούς
383 1849 413 1866 τε
437 1842 501 1873 τοὺς
526 1843 760 1879 μεταμελομένους
774 1845 821 1872 καὶ

49 1879 102 1911 τοὺς
112 1881 203 1914 ἄλλους
215 1883 324 1919 θχλους,
340 1885 458 1922 ἐπέθηκε
469 1887 519 1919 τὰς
530 1889 624 1924 χεῖρας
630 1889 651 1905 ⁸³
663 1889 818 1926 εὐχόμενος,

50 1925 88 1951 καὶ
100 1927 205 1963 ἰώμενος
215 1929 309 1956 αὐτῶν
323 1931 387 1962 τοὺς
396 1932 560 1968 πάσχοντας,
572 1935 619 1961 καὶ
628 1934 714 1967 οὕτως
724 1936 747 1952 ⁸³
753 1936 820 1963 ἀπο-

51 1969 108 2016 λύων
123 1975 309 2010 παρήγγελλεν
320 1977 420 2009 αὐτοῖς,
434 1979 497 2014 περὶ
508 1979 553 2006 τὸν
565 1980 662 2016 ὄρθρον
684 1981 817 2016 ταχύνειν.

51 2015 95 2042 Καὶ
115 2019 181 2046 τοῦτ’
194 2020 217 2036 ⁸³
241 2021 324 2057 371
351 2023 434 2050 είπὼν
456 2025 504 2052 καὶ
521 2015 648 2053 είσελθῶν
762 2028 819 2056 τῶν

51 2064 154 2100 συνήθων
169 2067 203 2094 τὰ
219 2067 335 2095 εἰωθότα
357 2070 426 2106 πρὸς
446 2071 496 2106 τὴν
517 2071 679 2107 ἐπείγουσαν
702 2074 818 2109 ἡσυχίαν

50 2108 170 2146 ἐποίησεν,
182 2115 390 2151 καταλαϐούσης
402 2117 530 2153 ἑσπέρας.

319 2238 447 2266 ὈΜῙΛΙΑ
466 2240 515 2268 18'.

78 2280 96 2307 Ι.
113 2281 164 2317 Τῆς
175 2283 202 2309 δὲ
215 2283 299 2320 ἄλλης
312 2285 416 2320 ἡμέρας
428 2285 451 2301 ⁵⁸
462 2286 645 2324 ὀρθριαίτερον
654 2287 790 2324 προελθὼν
800 2290 815 2317 ὁ

51 2324 145 2362 Πέτρος,
153 2329 198 2355 καὶ
213 2330 277 2356 ἰδὼν
291 2330 338 2357 τὸν
352 2331 459 2366 Σίμωνα
472 2333 520 2360 σὺν
537 2333 625 2365 ἄλλοις
637 2334 742 2367 πολλοῖς
752 2335 816 2362 ἀνα·

52 2370 147 2416 μένοντα
157 2375 244 2407 αὑτὸν,
253 2377 476 2413 προσαγορεύσας
488 2378 518 2404 τὸ
531 2378 632 2415 πλῆθος
643 2380 743 2416 ἦρξατο
757 2381 815 2408 δια-

50 2412 326 2462 ἒέγεσθαιῙΛμαδὲτῷ
334 2412 466 2457 ἄρξασθαι
480 2423 495 2449 ό
507 2412 598 2459 Σίμιιίν
611 2412 729 2460 sitadd/ac
744 2425 795 2462 ἔφη
803 2434 811 2442 ·

51 2459 85 2488 Τὰ
94 2465 178 2500 μακρὰ
189 2475 234 2493 σου
244 2467 331 2494 ταῦτα
338 2468 436 2504 παρεὶς
449 2469 576 2505 προοίμια
583 2471 624 2502 είς
632 2471 663 2497 τὸ
671 2459 755 2507 προκε
760 2459 816 2508 με·

51 2514 87 2534 νον
100 2511 281 2550 πυνθανομένῳ
297 2522 343 2549 μοι
365 2514 510 2551 ἀπόκριναι
521 2515 554 2543 ⁸⁵.
578 2516 687 2553 Ἐπειδὴ
710 2518 812 2546 συννοῶ

878 914 928 943 ter,
943 911 1166 948 quandoquidem
1178 918 1206 942 et
1223 922 1317 943 verum
1340 921 1416 945 tuum
1438 924 1542 953 patrem
1559 921 1661 950 dereli-

875 964 978 991 quens.

911 1001 1006 1030 XXIII.
1024 1002 1077 1031 Sed
1098 1004 1174 1032 dices
1189 1014 1196 1032 :
1209 1005 1290 1034 Novit
1314 1015 1369 1035 non
1393 1016 1455 1037 esse
1479 1010 1562 1038 alium
1578 1020 1662 1047 supra

875 1055 915 1081 se,
932 1048 1048 1084 ideoque
1072 1057 1102 1077 se
1120 1057 1174 1077 non
1187 1058 1268 1085 posse
1281 1052 1383 1081 deseri.
1400 1053 1523 1083 Gratiam
1535 1065 1600 1092 ergo
1612 1059 1661 1085 de-

875 1093 921 1122 bet
934 1102 989 1122 non
1004 1095 1155 1124 existentia:
1165 1097 1278 1126 alterius
1294 1109 1301 1126 :
1317 1104 1390 1127 certe
1405 1102 1481 1129 novit
1493 1106 1520 1130 te
1534 1103 1658 1132 animum

875 1148 969 1175 gerere
985 1147 1111 1176 paratum
1132 1143 1166 1170 ad
1189 1144 1342 1178 perﬁdiam.
1366 1145 1414 1174 Sin
1438 1155 1502 1176 vero
1514 1157 1616 1184 gnarus
1631 1156 1658 1178 te

873 1193 935 1213 esse
948 1186 1095 1221 ingratum,
1118 1189 1214 1224 recipit
1236 1194 1338 1224 tamen,
1363 1200 1407 1220 me
1434 1198 1526 1221 autem
1551 1201 1659 1230 gratum

874 1239 1055 1267 cognoscens,
1070 1242 1126 1262 non
1144 1234 1275 1268 admittit,
1297 1237 1494 1267 irrationabilis
1507 1245 1549 1268 est
1560 1249 1660 1269 secun—

873 1276 938 1305 dum
956 1283 1030 1306 tuam
1048 1280 1194 1314 rationem,
1207 1282 1254 1316 qui
1269 1287 1342 1310 recta
1368 1284 1473 1312 ratione
1487 1293 1541 1313 non
1555 1291 1657 1314 utatur.

875 1321 920 1350 Sic
933 1331 987 1351 non
996 1325 1126 1359 advertis,
1139 1325 1246 1360 Simon,
1261 1332 1286 1355 te
1297 1336 1359 1356 esse
1369 1330 1479 1358 malitia:
1491 1332 1658 1360 ministrum.

873 1368 908 1397 Et
920 1369 1014 1398 Simon
1036 1373 1195 1407 respondit:
1211 1373 1288 1402 Unde
1312 1382 1379 1410 ergo
1392 1376 1493 1404 malum
1508 1382 1598 1406 ortum
1612 1379 1659 1413 sit,

873 1416 954 1444 nobis
974 1416 1068 1445 eti‘are.
1096 1417 1129 1445 Et
1158 1418 1532 1457 Petrus:Quand0quidem,
1558 1424 1658 1460 inquit,

874 1461 956 1489 hodie
968 1462 1044 1497 prior
1057 1464 1149 1498 egredi
1164 1465 1285 1498 voluisti,
1299 1471 1327 1494 et
1338 1467 1431 1495 dixisti
1444 1469 1517 1503 quod
1528 1469 1658 1504 deinceps

874 1515 918 1535 me
932 1512 962 1535 ut
970 1508 1163 1544 blasphemum
1180 1519 1235 1539 non
1251 1513 1291 1540 sis
1307 1513 1464 1548 auditurus,
1478 1523 1551 1549 cras,
1567 1516 1658 1551 siqui-

872 1553 934 1580 dem
946 1554 1066 1583 volueris
1079 1555 1196 1589 discere,
1211 1558 1328 1586 venienti
1350 1560 1495 1594 enarrabo,
1514 1561 1659 1597 sinamque

873 1603 904 1626 ut
917 1607 961 1627 me
982 1607 1032 1635 pro
1055 1601 1133 1629 libitu
1159 1603 1323 1639 interroges.
1343 1605 1447 1640 absque
1472 1607 1656 1635 contentione.

873 1645 968 1673 Simon
981 1646 1038 1674 ait:
1052 1647 1161 1675 Faciant
1176 1651 1248 1677 sicut
1262 1651 1331 1677 mibi
1344 1651 1490 1680 videbitur.
1504 1652 1538 1680 Et
1550 1654 1603 1681 hoc
1615 1653 1658 1681 di-

872 1698 938 1720 cens
959 1693 1100 1727 profectus
1118 1699 1170 1722 est.
1187 1695 1273 1724 Porro
1287 1704 1394 1730 eorum,
1410 1698 1457 1733 qui
1474 1706 1536 1726 cum
1561 1707 1595 1726 eo
1610 1699 1654 1727 in-

871 1739 958 1773 gressi
974 1739 1092 1773 fuerant,
1114 1749 1194 1770 nemo
1218 1750 1271 1770 una
1288 1751 1416 1778 egressus
1429 1749 1471 1772 est
1487 1753 1494 1772 :
1511 1746 1559 1773 sed
1583 1746 1657 1774 Petri

871 1784 986 1818 pedibus
1011 1786 1166 1815 accidentes
1191 1788 1342 1823 rogabant,
1362 1794 1406 1821 ut.
1429 1791 1494 1825 quia
1512 1799 1528 1818 a
1544 1791 1657 1820 Simone

871 1831 975 1866 abrepti
997 1831 1117 1866 fuerant,
1133 1833 1240 1861 veniam
1264 1841 1509 1871 consequerentur,
1523 1845 1555 1864 ac
1567 1838 1658 1876 pomi-

871 1879 958 1903 tentes
973 1877 1171 1912 reciperentur.
1188 1877 1284 1907 Petrus
1298 1888 1373 1914 vero,
1388 1885 1415 1908 et
1432 1881 1482 1910 bos
1494 1883 1653 1917 pmnitentta

869 1921 966 1949 ductos
978 1926 1005 1949 et
1015 1923 1149 1959 reliquam
1163 1925 1254 1960 populi
1267 1926 1469 1955 multitudinem
1490 1929 1650 1964 admittens,

869 1975 968 1996 manus
993 1968 1135 2004 imposuit,
1161 1975 1290 2005 precatus
1309 1977 1351 2000 est
1376 1977 1404 2001 et
1430 1975 1536 2003 sanavit
1557 1983 1654 2004 eorum

868 2021 967 2048 agros,
996 2015 1092 2050 sicque
1115 2016 1256 2046 dimittens
1278 2018 1449 2047 denuntiavit
1480 2021 1534 2049 illis
1563 2027 1594 2050 ut
1618 2023 1653 2051 ad

869 2067 949 2088 mane
965 2060 1138 2090 festinarent.
1151 2062 1212 2096 Quo
1226 2064 1299 2092 dicto
1320 2073 1382 2093 cum
1406 2066 1589 2097 familiaribus
1610 2069 1654 2098 in-

868 2113 980 2140 gressus
1002 2110 1056 2141 est,
1076 2112 1104 2136 et
1129 2109 1209 2138 solita
1223 2110 1257 2139 ad
1273 2111 1421 2141 instantem
1440 2115 1558 2149 quietem
1578 2116 1652 2152 fecit,

868 2157 980 2186 vespera
994 2152 1164 2182 adveniente.

1141 2246 1284 2277 HOMILIA
1298 2249 1369 2278 XIX.

903 2289 926 2317 1.
947 2289 1078 2326 Sequenti
1090 2300 1155 2321 vero
1167 2294 1212 2322 die
1229 2296 1366 2324 maturius
1376 2298 1530 2333 procedens
1543 2299 1651 2335 Petrus,

867 2342 900 2362 ac
913 2336 1009 2364 videns
1022 2336 1162 2366 Simonem
1177 2347 1239 2367 cum
1260 2341 1321 2369 aliis
1338 2342 1464 2377 pluribus
1489 2345 1578 2380 ipsum
1601 2354 1650 2374 ex-

867 2386 1002 2416 spectare,
1015 2387 1158 2419 postquam
1178 2386 1324 2416 salutasset
1340 2390 1482 2424 populum,
1498 2392 1581 2426 coepit
1594 2392 1651 2421 dis-

866 2433 968 2456 serere.
982 2427 1068 2456 Simul
1081 2437 1144 2458 vero
1158 2438 1190 2459 ac
1201 2431 1323 2467 incmpit,
1332 2433 1426 2462 Simon
1439 2435 1649 2472 interrumpens,

867 2471 906 2499 ait
921 2481 928 2499 :
945 2471 1061 2502 Omissis
1075 2475 1118 2504 his
1135 2476 1190 2505 tuis
1205 2477 1294 2513 longis
1317 2479 1525 2514 praefationibus
1538 2471 1650 2518 adpro-

868 2518 990 2553 positum
1014 2520 1191 2558 interroganti
1212 2523 1280 2552 mihi
1295 2526 1438 2561 responde.
1450 2526 1587 2560 QuOniam
1606 2528 1649 2557 in-

467 2621 470 2623 _
661 2580 781 2613 VARUS
800 2586 1002 2618 LECTIONES.

94 2639 112 2656 ⁸¹
119 2644 161 2669 τοῦ
171 2645 191 2671 0
204 2665 212 2677 ,
223 2647 316 2687 ut_legi
331 2647 417 2676 voluit
438 2648 457 2676 S
471 2669 479 2681 ,
497 2650 543 2676 τόν
557 2649 587 2681 C.
621 2651 699 2713 ηερ
785 2652 887 2697 ἰιιοό
916 2663 941 2683 c.
960 2656 989 2684 S:
1004 2657 1049 2685 hic
1060 2662 1085 2685 et
1103 2658 1185 2693 paulo
1197 2664 1268 2694 post,
1282 2660 1442 2713 ἀποδέξηται
1457 2663 1478 2690 C
1504 2663 1647 2706 utrobivis.

94 2680 236 2713 ρειπιτέρα
248 2682 315 2710 Vbb.
333 2683 363 2709 σὲ
374 2683 402 2710 δὲ
419 2684 469 2710 οὐκ
480 2685 635 2713 ἀποδέξεται
645 2687 669 2713 εί
694 2696 722 2713 uc
730 2687 824 2713 οτιτον
833 2698 912 2713 ιουσει
924 2698 972 2713 σου
984 2691 1099 2713 πηιιητιλυ
1126 2694 1156 2713 Λι¹ι
1170 2694 1225 2713 VA...
1237 2695 1309 2713 uo...
1328 2704 1381 2713 ρ...
1401 2706 1432 2713 η-
1445 2702 1605 2713 ................_

52 2671 130 2718 29251
137 2671 239 2718 πξῖέρᾶ
408 2671 635 2718 ⁷σι’ῙκῚάιίτειιθέξέτειι
645 2671 669 2713 Et

51 2706 149 2756 2192'!
166 2706 233 2756 mauis
246 2706 594 2756 sessionem:

52 2746 156 2789 ςξμαιμ
194 2746 298 2789 ξ’τοῢῖτο
308 2751 337 2789 β.
378 2746 446 2789 ’θ’τῷ

51 2776 91 2815 ἴβις
102 2783 186 2815 χεῖρας
199 2776 295 2814 1³ξίιίίᾶ
310 2776 337 2815 ἶιί
350 2789 380 2815 0.

694 2687 770 2731 ὓςιὸτι
778 2687 824 2733 1:va
833 2689 912 2733 9:335:
920 2698 972 2733 9ου
984 2687 1110 2733 ποιητὴν,
1126 2694 1156 2720 οὺ
1170 2687 1309 2733 γᾴρ-λέγω
1323 2687 1647 2733 fgitﬁ'répeiﬁ'n'ﬁir'

635 2722 657 2740 ³³
664 2722 791 2765 stionem:
804 2722 999 2765 QICl'raLobq
1013 2722 1125 2765 Pliryan
1139 2736 1166 2763 p.
1176 2722 1232 2765 ’ἵὲί
1254 2722 1303 2758 31⁷⁷
1321 2722 1578 2765 =-éti£.}'6.’"ii'6i

470 2754 519 2804 i.‘0
532 2774 545 2798 ι
557 2756 587 2782 τό
596 2756 631 2804 C.I
643 2754 713 2804 “‘13
723 2754 926 2804 lacuna).
940 2754 1152 2804 npgsészfiSp.’
1160 2754 1292 2804 dog—HE.
1301 2754 1521 2804 κροὲἷέξὶὲνέέο.
1555 2754 1648 2797 δἾρίῶ

420 2788 495 2827 φῆμαι
511 2789 603 2827 ,οὕτως
624 2791 665 2819 bis
680 2788 820 2827 legitur'in
834 2795 865 2821 0.
904 2788 927 2812 ⁸³
940 2788 1063 2825 τόῡτά
1079 2788 1176 2825 ’ϊυῖιῆ

50 2809 390 2854 ’⁸ἡιῖετέραίςῖῖ
618 2809 1020 2866 ἰιθῖιῐῖιδέῖυὲ’,ῃόἕθρίτέὲσῗ

1197 2809 1211 2840 ν
1229 2801 1333 2840 συνήθη
1348 2811 1396 2838 pro
1403 2801 1463 2831 ’τῶν
1478 2804 1600 2840 συνήθων
1617 2824 1642 2832 ...

1055 2833 1078 2849 ⁸⁵
1091 2833 1254 2871 ἀποκρίθητι
1268 2833 1300 2864 θ’.
