1917 3100
1798 154 1849 182 556

230 167 283 195 635
648 166 677 194 S.
696 164 892 194 CLEMENTIS
911 164 921 191 l
940 163 1012 191 ΗΘΜ

1066 160 1143 190 ΟΝΤ.
1163 160 1277 189 OPERA
1292 159 1405 188 DUBIA.

229 226 339 254 inimica
347 234 354 259 ;
363 225 435 261 quod
449 223 520 254 enim
527 234 635 263 semper
643 227 760 261 exsistit,
769 226 1011 262 etiamperpcssio-

1066 217 1157 251 iaetu"
1173 214 1206 250 7:5
1227 222 1281 258 γὰρ
1298 220 1370 249 ἄειδ’
1387 220 1417 248 ὃν
1431 219 1478 247 καὶ
1500 218 1604 250 ἀπαθές
1631 218 1722 249 ἐστιν,
1743 216 1851 248 ἀπαθὲς

229 272 274 300 nis
287 279 384 306 expers
394 275 446 305 est,
472 279 568 307 expers
585 261 676 300 autem
692 272 877 308 perpessionis
901 271 1009 298 beatum

1066 270 1092 296 δὲ
1115 269 1145 296 ὃν
1157 268 1291 304 μακάριόν
1306 268 1390 298 ἐστιν,
1408 265 1543 301 μακάριον
1555 263 1582 290 δὲ
1594 263 1624 290 ὃν
1646 263 1747 298 ἔχθρας
1760 261 1852 308 δεκτι-

229 319 283 348 est,
296 315 405 342 beatum
416 323 483 344 vero
495 317 632 344 exsistens
640 317 844 344 inimicitiarum
852 323 938 350 capax
951 322 1012 342 esse

229 361 335 396 nequit,
345 368 408 388 cum
416 366 527 396 propter
536 367 667 390 aeternam
675 363 841 389 creationem
854 369 909 388 non
919 368 1012 388 verea-

231 409 276 432 tur
288 413 426 441 quoquam
440 407 552 441 privari.
579 406 640 440 Quo
651 407 733 435 modo
746 411 835 434 autem
852 413 906 433 non
921 405 1012 440 potius

233 451 323 485 diligit
341 456 492 479 creatorem
518 453 648 486 materia,
666 445 728 480 cum
743 451 850 479 fructus
863 457 1012 486 procreans

232 501 372 532 appareat,
386 501 417 526 ut
440 499 598 526 nutriantur
624 499 715 527 omnia
737 499 771 526 ab
795 498 855 533 ipso
873 497 981 525 condita
1000 495 1013 521 ?

231 543 326 571 Nonne
340 544 432 579 potius
447 552 509 572 eum
532 549 563 572 ut
581 544 633 572 sibi
655 545 824 579 superiorem
842 543 929 576 timet,
945 550 1015 578 quo-

231 590 313 616 modo
340 594 367 617 et
394 593 472 617 terrae
500 590 619 617 motibus
648 594 767 617 tremens
791 589 954 621 conﬁtetur,
986 592 1013 615 et

232 635 397 670 perturbatis
423 635 503 664 undis
539 635 653 663 Domino
681 635 817 671 naviganti
847 641 861 656 ι
890 635 1013 670 marique

232 681 407 708 serenitatem
431 680 574 716 imperanti
601 681 672 708 haud
700 685 861 708 cunctanter
884 680 1014 708 obediens

233 725 370 760 acquievit
385 726 419 753 bi
443 725 539 754 Nonne
553 727 635 754 etiam
655 726 794 755 daemones
819 727 901 755 simul
927 726 1014 754 territi

234 779 266 799 ac
284 770 466 799 venerabundi
490 771 591 806 egressi
613 776 693 805 sunt,
713 771 759 799 alii
778 779 843 799 vero
859 779 966 804 eorum,
984 775 1016 799 ut

234 818 262 844 in
276 824 374 852 porcos
388 817 490 844 intrare
500 817 551 844 sibi
565 817 668 850 liceret,
681 818 757 852 prius
767 818 913 853 petendum
935 819 1015 852 puta-

233 863 309 896 bant,
328 863 428 898 quippe
444 863 490 898 qui
507 863 610 898 absque
620 863 693 891 illius
709 871 846 892 consensu
864 864 936 892 nein
951 870 1014 891 sues

232 909 341 944 quidem
357 909 522 944 ingrediendi
538 909 668 937 haberent
678 914 836 945 potestatem
851 911 886 937 οἳ

266 953 326 982 XV.
345 953 377 982 Et
402 953 516 982 Simon:
533 953 604 987 Quid
631 962 708 989 vero,
737 956 760 983 si
783 955 875 982 anima
901 955 1011 990 quidem

232 1001 336 1036 privata
348 999 467 1028 indolem
490 1000 588 1028 habeat
602 1001 674 1028 mala
686 1008 719 1028 ac
736 1001 809 1029 bona
832 1001 987 1036 ingignendi
1002 1000 1014 1027 τ

233 1046 382 1082 Respondit
396 1046 512 1074 Petrus:
531 1045 587 1074 Hac
611 1047 718 1074 ratione
746 1054 836 1082 neque
863 1047 935 1074 bona
958 1051 1010 1080 est,

233 1100 321 1128 neque
344 1093 431 1126 mala,
451 1093 515 1127 quia
533 1093 632 1120 anima:
647 1100 679 1120 ac
707 1100 806 1121 sensus
830 1100 929 1128 expers
958 1092 1014 1127 agit

233 1139 292 1167 sine
305 1139 431 1166 consilio.
459 1138 549 1172 Quare
562 1143 590 1166 et
607 1139 659 1166 hoc
674 1138 788 1174 intelligi
815 1142 916 1174 potest,
944 1146 1014 1173 quo-

233 1185 315 1212 modo
343 1186 443 1213 anima;
472 1193 572 1220 expers
599 1188 724 1220 procreet
759 1185 850 1212 anima
882 1189 1013 1220 tanquam

234 1231 356 1266 praedita,
374 1235 402 1258 et
416 1231 544 1266 quamvis
563 1238 645 1258 sensu
669 1237 766 1258 carens
784 1237 898 1265 corpora
927 1229 1014 1256 artill-

235 1277 308 1304 ciosa
327 1284 390 1304 cum
407 1276 569 1303 animalium
586 1282 644 1304 tum
674 1275 828 1311 plantarum
842 1275 949 1310 operari
974 1275 1016 1302 vi-

235 1323 340 1350 deatur.
365 1321 435 1349 Tum
449 1321 544 1349 Simon
560 1321 651 1354 :Quid
675 1328 752 1354 vero,
768 1321 791 1349 si
808 1321 880 1349 Deus
894 1320 1014 1348 animam

234 1368 259 1395 ei
274 1367 411 1400 indiderit,
425 1374 516 1394 nonne
530 1375 593 1395 reus
613 1367 643 1394 lit
667 1367 727 1402 ipse
738 1367 860 1399 illorum,
884 1374 945 1402 qua
962 1366 1015 1394 sibi

235 1413 322 1448 gignit
335 1413 469 1440 malorum
482 1413 494 1439 ?
511 1413 543 1440 Et
559 1413 657 1441 Petrus
675 1422 683 1441 :
698 1413 727 1440 Si
741 1412 812 1440 Deus
827 1420 886 1440 eam
907 1413 1015 1440 anilia-

235 1459 276 1485 vit
293 1458 443 1486 secundum
465 1466 543 1486 suam
560 1459 740 1492 voluntatem,
754 1459 816 1494 ejus
827 1459 940 1494 spiritus
954 1466 1015 1486 eam

236 1509 374 1539 operatur,
389 1511 477 1539 neque
488 1504 545 1531 Deo
559 1504 670 1532 inimica
681 1504 755 1532 ultro
768 1504 902 1533 exsistere
916 1509 1015 1540 potest,

237 1557 327 1585 neque
351 1557 428 1584 aequa
448 1549 550 1585 pollere
583 1550 725 1585 potentia;
749 1555 796 1578 aut
824 1550 883 1578 ﬁeri
909 1550 1013 1585 nequit,

1061 316 1107 343 κὸν
1125 313 1251 349 γενέσθαι
1266 313 1297 339 οὐ
1310 311 1432 342 δύναται,
1446 310 1522 345 ἀϊδίῳ
1543 309 1632 336 κτίσει
1645 308 1668 324 ⁸¹
1682 307 1851 343 στερηθῆναί

1059 367 1131 391 τινος
1154 358 1191 394 μὴ
1215 357 1405 392 πεφοϐημένη.
1430 355 1493 387 Πῶς
1511 355 1540 381 δὲ
1554 355 1622 390 οὐχὶ]
1638 353 1738 389 μᾶλλον
1751 352 1854 386 ἀγαπᾷ

1059 405 1105 431 τὸν
1112 403 1282 440 -δημιουργὸν
1297 403 1314 438 ὴ
1330 402 1389 437 ὕλη,
1403 401 1483 428 ὁπότε
1506 400 1560 436 (64)
1577 401 1701 435 φαίνεται
1725 398 1852 434 καρποὺς

1060 448 1198 484 ὲκφύουσα
1215 448 1255 479 είς
1271 445 1372 482 τροφήν
1385 444 1492 471 πάντων
1505 443 1559 470 τῶν
1575 443 1621 470 ὑπ’
1636 441 1718 469 αὑτοῦ
1733 448 1854 475 γεγενη-

1064 495 1152 531 μένων
1166 501 1173 526 ;
1195 492 1259 524 Πῶς
1272 492 1294 518 δ’
1305 492 1354 526 οὐχ
1366 490 1404 522 ὼς
1417 489 1559 526 κρείττονα
1573 488 1736 523 πεφόϐηται,
1749 486 1789 517 ὡς
1802 485 1854 512 καὶ.

1061 540 1106 568 διὰ
1120 540 1176 567 τῶν
1195 538 1315 574 σεισμῶν
1331 536 1469 572 τρέμουσα
1479 535 1614 570 ὁμολογεῖ,
1626 534 1673 561 καὶ
1684 533 1722 565 ὡς
1739 531 1851 568 μεγάλα

1061 584 1253 621 κυματουμένη
1259 582 1298 618 τῷ
1309 581 1466 616 Διδασκάλῳ
1476 580 1582 607 πλέοντι
1592 579 1639 607 καὶ
1655 579 1776 614 γαλήνην
1790 578 1855 604 ἑπι-

1060 629 1172 662 τάξαντι
1183 629 1298 664 τάχιστα
1308 626 1449 654 πεισθεῖσα
1472 625 1629 661 ἡσύχασεν;
1656 624 1688 650 Τί
1704 623 1733 650 δὲ
1757 623 1807 650 καὶ
1826 623 1854 648 οι

1061 676 1188 711 δαίμονες
1209 675 1241 701 οὺ
1267 673 1337 709 μετὰ
1353 672 1400 699 τοῦ
1422 670 1561 707 φοϐεῖσθαι
1577 671 1623 697 καὶ
1646 669 1783 705 προτιμᾷν
1805 667 1853 700 εε-

1062 720 1179 751 έδαινον,
1186 719 1261 747 ἄλλοι
1271 719 1301 745 δὲ
1314 719 1355 750 εἱς
1368 716 1476 753 χοίρους
1486 716 1616 743 εἰσελθεῖν
1623 714 1704 751 384
1716 714 1854 749 πρότερον

1063 765 1286 802 παρακαλοῦντες
1315 765 1418 801 ἠξίουν,
1447 764 1485 795 ὡς
1505 763 1571 799 μηδὲ
1598 761 1645 788 τοῦ
1676 761 1717 792 εἱς
1740 759 1854 795 χοίρους

1063 813 1192 840 εἰσελθεῖν
1213 813 1278 840 ἄνευ
1303 812 1354 848 τῆς
1385 809 1468 838 αὑτοῦ
1498 808 1696 845 συγχωρήσεως
1724 806 1855 840 ἐξουσίαν

1064 859 1171 895 ἔχοντες
1181 867 1189 892 ;

1098 955 1158 984 XV.
1172 955 1229 983 Καὶ
1243 956 1258 982 ὁ
1271 955 1379 991 Σίμων’
1394 954 1428 981 Τί
1438 953 1467 981 δὲ
1481 953 1505 980 εἰ
1518 948 1694 988 ἄψυχοςοῦσα
1703 950 1785 986 φύσιν
1794 950 1854 984 ἔχει

1063 1001 1180 1038 ἐμφύειν
1195 1000 1230 1028 τὰ
1240 1000 1313 1028 κακὰ
1326 1000 1373 1027 καὶ
1386 999 1422 1026 τὰ
1435 998 1545 1034 ἀγαθὰς
1561 998 1616 1024 Καὶ
1626 998 1640 1023 ὁ
1655 997 1759 1031 Πέτρος
1769 1004 1776 1010 ·
1792 996 1853 1022 Κα-

1062 1048 1096 1075 τὰ
1116 1048 1163 1074 τὸν
1174 1046 1253 1081 λόγον
1264 1046 1359 1073 τοῦτον
1372 1045 1434 1072 οὔτε
1448 1044 1537 1080 ἀγαθή
1567 1043 1653 1074 ἐστιν,
1679 1041 1742 1069 οὔτε
1765 1041 1853 1076 κακὴ,

1063 1093 1104 1120 ὅτι
1119 1093 1157 1129 μὴ
1175 1092 1332 1128 προαιρέσει
1345 1091 1458 1127 πράττει
1472 1089 1574 1125 ἄψυχος
1584 1086 1651 1116 οὖσα
1660 1088 1708 1114 καὶ
1721 1086 1856 1121 ἀναίσθη-

1063 1147 1118 1170 τος.
1140 1138 1185 1165 Διὺ
1197 1138 1244 1165 καὶ
1257 1137 1373 1164 ἐνταῦθα
1385 1136 1475 1163 διίδεῖν
1487 1135 1572 1168 ἐστιν,
1587 1134 1645 1166 πῶς
1665 1133 1770 1168 ἄψυχος
1783 1130 1856 1158 οὖσα

1063 1184 1184 1220 ἔμψυχος
1192 1184 1214 1199 λ’
1228 1183 1383 1219 προϐάλλει,
1398 1183 1445 1209 καὶ
1471 1180 1633 1216 ἀναίσθητος
1645 1177 1714 1206 οὖσα
1738 1176 1856 1213 τεχνικὰ

1065 1231 1204 1266 σχήματα,
1214 1229 1248 1256 τά
1265 1237 1295 1255 τε
1312 1227 1389 1261 ζώων
1402 1228 1449 1254 καὶ
1463 1226 1553 1262 φυτῶν
1567 1223 1773 1261 δημιωργοῦσα
1788 1222 1855 1257 φαί-

1064 1284 1151 1303 νεται.
1181 1276 1236 1301 Καὶ
1251 1275 1265 1301 ὁ
1292 1274 1383 1309 Σίμων
1395 1282 1401 1288 ·
1418 1273 1450 1300 Τί
1465 1272 1494 1299 δὲ
1506 1273 1530 1298 εἰ
1545 1273 1559 1299 ὁ
1574 1271 1640 1303 Θεὸς
1651 1270 1733 1302 αὐτὸς
1754 1269 1856 1304 ἑνεψὺ-

1064 1330 1152 1357 χωσεν
1167 1321 1262 1356 αὐτὴν,
1284 1320 1335 1346 οὐκ
1348 1319 1429 1351 αὐτὸς
1441 1318 1526 1349 αἴτιός
1543 1319 1617 1344 ἐστιν
1627 1313 1664 1343 ὧν
1678 1316 1747 1350 αὑτὴ
1763 1316 1856 1341 τίκτει

1064 1366 1157 1395 κακῶν
1171 1375 1179 1399 ;
1195 1366 1273 1393 Καὶὸ
1288 1362 1390 1401 Πέτρος
1402 1374 1408 1380 ·
1423 1365 1456 1392 Εἰ
1473 1365 1488 1391 ὁ
1507 1363 1574 1395 Θεὸς
1592 1362 1677 1398 αὐτὴν
1697 1361 1857 1396 ὲνεψὺχωσε

1065 1412 1136 1440 κατὰ
1150 1413 1200 1448 τὴν
1216 1411 1298 1438 αὐτοῦ
1317 1411 1454 1446 βούλησιν,
1475 1409 1507 1436 τὸ
1531 1407 1614 1436 αὐτοῦ
1638 1407 1747 1442 πνεῦμα
1768 1406 1856 1442 αὐτὴν

1065 1457 1221 1494 ἐργάζεται,
1235 1456 1284 1483 καὶ
1293 1456 1384 1482 οὐκέτι
1397 1455 1437 1491 τῷ
1454 1454 1514 1489 Θεῷ
1535 1453 1630 1489 ἐχθρόν
1643 1453 1671 1478 τί
1681 1453 1753 1478 ἐστιν
1769 1452 1786 1487 ἢ
1800 1452 1857 1477 ισο-

1064 1502 1197 1538 δύναμον·
1223 1502 1241 1538 ἢ
1257 1501 1397 1534 ἀδύνατον,
1413 1501 1454 1527 ὃτι
1470 1501 1525 1527 πᾶν
1534 1499 1565 1525 τὺ
1584 1498 1727 1533 γινόμενον
1743 1497 1791 1523 ὑπ’
1805 1497 1858 1523 αὺ-

1065 1550 1123 1583 τοῦ,
1136 1550 1173 1581 ὼς
1187 1549 1272 1581 θέλει,
1281 1549 1396 1583 γίνεται.
1414 1547 1482 1573 Ἀλλ’
1495 1547 1566 1582 ὲρείς
1577 1553 1585 1560 ι
1601 1543 1686 1575 Αὐτὸς
1693 1543 1742 1578 τῆς
1752 1542 1857 1573 κακίας

238 1599 268 1623 ιιι
278 1595 461 1630 quodcunque
473 1603 520 1630 per
532 1603 594 1622 eum
611 1595 668 1628 liat,
680 1596 829 1623 secundum
845 1595 906 1631 ejus
920 1596 1015 1631 gigna-

1066 1596 1162 1628 αῐτιος,
1176 1595 1254 1631 εἴπερ
1267 1595 1348 1626 αὐτὸς
1370 1594 1403 1620 δι’
1432 1593 1518 1627 αὐτῆς
1542 1590 1686 1626 ἐργάζεται
1711 1588 1748 1615 τὰ
1770 1588 1857 1615 κακά.

237 1650 283 1672 tur
297 1645 476 1673 voluntatem.
502 1643 643 1672 Atdices:
663 1645 724 1679 Ipse
747 1648 790 1672 est
816 1648 913 1671 auctor
940 1644 1017 1677 mali,

237 1691 260 1718 si
268 1698 314 1726 per
326 1698 385 1718 eam
392 1695 518 1726 operetur
533 1691 616 1718 mala.
628 1691 775 1726 Astqualia
788 1690 918 1725 intelligis
926 1690 995 1717 mala
1007 1690 1020 1717 2

238 1734 354 1770 Reptilia
362 1743 464 1764 veneno
474 1735 583 1768 infecta,
590 1740 616 1763 et
625 1736 730 1771 plantas
737 1735 914 1769 letiferas,vel
920 1736 1019 1763 daemo-

239 1789 302 1813 nes,
317 1782 359 1809 vel
370 1782 450 1809 etiam
463 1782 528 1815 alia,
541 1789 602 1816 quae
616 1781 772 1809 hominibus
786 1789 884 1809 nocere
895 1781 1020 1816 queant?

238 1829 305 1862 Quae
315 1830 423 1864 quidem
438 1829 571 1865 ejusmodi
584 1828 654 1856 mala
668 1836 722 1855 non
732 1831 833 1860 essent,
841 1828 864 1855 si
873 1827 955 1854 homo
964 1834 1018 1854 non

237 1876 415 1910 peccavisset,
425 1876 496 1902 unde
506 1882 580 1902 mors
594 1874 760 1909 supervenit.
776 1874 842 1902 Nam
861 1881 923 1901 cum
936 1874 1020 1900 homo

239 1923 343 1956 peccati
367 1920 463 1957 expers
479 1922 636 1955 exsistebat,
652 1928 785 1949 venenum
812 1919 948 1955 reptilium
965 1926 1018 1946 non

239 1970 410 2004 operabatur,
423 1975 511 2003 neque
530 1968 687 1996 nocivarum
703 1967 857 2002 plantarum
873 1966 956 1997 vires,
972 1973 1020 1992 ne—

239 2024 294 2051 que
309 2016 447 2043 daemones
459 2015 574 2050 injurias
595 2013 760 2047 inferebant,
774 2019 864 2048 neque
873 2011 947 2039 aliud
962 2018 1020 2038 ma-

231 2058 288 2086 lum
312 2066 408 2087 natura
433 2061 457 2087 ei
480 2061 590 2088 insitum
611 2064 683 2093 erat;
705 2064 892 2087 verumtamen
909 2059 1022 2087 immor-

232 2106 355 2138 talitatis,
373 2112 401 2134 ut
421 2108 488 2142 dixi,
504 2108 539 2135 ob
558 2112 698 2142 peccatum
716 2107 823 2142 jactura
839 2105 921 2139 facta,
939 2110 1021 2141 aptus

241 2149 275 2176 ad
293 2150 417 2183 quamvis
434 2149 615 2175 calamitatem
633 2148 816 2182 recipiendam
830 2147 954 2174 redditus
968 2151 1020 2173 est.

242 2195 271 2223 Si
293 2199 382 2222 autem
406 2194 480 2222 dices
494 2203 502 2222 :
533 2193 589 2221 Cur
603 2194 685 2229 igitur
701 2194 818 2220 humana
834 2197 930 2220 natura
944 2192 1022 2218 initio

241 2241 338 2268 mortis
351 2247 436 2275 capax
451 2244 494 2267 est
512 2239 638 2266 reddita?
652 2239 702 2266 tibi
722 2238 875 2272 respondeo
889 2246 896 2263 :
911 2237 1021 2272 Propter

241 2287 358 2314 liberum
379 2286 466 2321 ipsius
490 2284 643 2312 arbitrium.
672 2284 700 2311 Si
716 2284 788 2311 enim
818 2291 872 2310 non
897 2290 1020 2310 essemus

242 2332 324 2361 morti
338 2330 510 2364 obnoxii,ob
534 2334 714 2366 spontaneum
737 2334 879 2365 peccatum
902 2337 951 2357 nos
967 2329 1019 2356 im-

279 2406 293 2420 ι
308 2399 404 2427 Matth.
415 2419 422 2432 ,
437 2405 521 2430 xxvii,
537 2398 654 2430 52;viu,
669 2398 714 2425 25.

277 2445 292 2465 ιι
307 2443 402 2472 Matth.
421 2451 480 2477 vm,
491 2443 541 2476 26;
556 2441 622 2470 Luc.
639 2450 699 2476 vnn,
715 2443 764 2471 21..

1068 1642 1136 1669 Ποῖα
1149 1641 1203 1677 ἄρα
1221 1642 1292 1676 ἐρεῖς
1304 1639 1340 1666 τὰ
1350 1638 1424 1665 κακά
1437 1646 1445 1671 ;
1468 1635 1585 1673 Ἑρπετὰ
1610 1634 1699 1662 ίοὸὁλα
1713 1633 1736 1650 ’⁵³
1749 1633 1799 1660 καὶ
1810 1632 1856 1667 βο-

1067 1686 1151 1717 τάνας
1161 1685 1336 1720 θανασίμους,
1350 1684 1367 1719 ἢ
1383 1682 1520 1718 δαίμονας,
1535 1681 1553 1717 ἢ
1569 1680 1617 1708 καὶ
1636 1679 1704 1706 ἄλλα
1716 1678 1782 1705 τινὰ
1800 1677 1858 1704 τῶν

1068 1730 1220 1767 ἀνθρώποις
1239 1730 1327 1766 ὀχλεῑν
1340 1728 1494 1764 δυναμένων
1507 1735 1515 1759 ;
1532 1727 1620 1762 ’Ἅπερ
1632 1725 1668 1752 τὰ
1681 1724 1741 1760 [νῦν
1756 1723 1857 1759 χα]λε-

1069 1777 1199 1804 πὰ“οὐκ
1216 1776 1249 1803 ἂν
1267 1774 1312 1811 ἦν,
1330 1776 1354 1802 ει
1373 1774 1409 1810 μὴ
1436 1773 1590 1809 ἡμαρτήκει
1615 1772 1629 1798 ό
1647 1770 1804 1806 ἄνθρωπος,
1827 1766 1859 1795 οὗ

1069 1822 1169 1849 εἵνεκεν
1180 1821 1293 1851 Θάνατος
1304 1817 1495 1854 παρεισῆλθεν·
1510 1816 1699 1851 ἀναμαρτήτου
1710 1815 1734 1832 ⁸³
1744 1814 1801 1850 γὰρ
1812 1815 1858 1840 ὅν-

1068 1875 1114 1899 τος
1124 1866 1171 1893 τοῦ
1185 1864 1327 1901 ἀνθρώπου
1342 1864 1392 1899 οὐχ
1417 1861 1539 1898 ἑρπετῶν
1556 1862 1570 1888 ὁ
1590 1861 1628 1892 ἰὸς
1651 1858 1807 1895 εἰργάζετο,
1827 1859 1857 1884 οὑ

1068 1913 1123 1939 τῶν
1139 1912 1230 1939 κακῶν
1252 1910 1370 1946 βοτανῶν
1384 1910 1412 1936 al
1427 1908 1573 1944 ἐνέργειαι,
1591 1907 1621 1933 οὐ
1630 1905 1766 1941 δαιμόνων
1776 1904 1858 1940 ὀχλή-

1071 1967 1127 1989 σεις
1154 1957 1282 1992 ἐγίνοντο,
1309 1956 1369 1982 οὐδὲ
1381 1954 1462 1990 385
1476 1953 1538 1980 ἄλλο
1549 1962 1576 1979 τι
1588 1951 1674 1983 πάθος
1685 1950 1761 1985 αὐτῷ
1773 1959 1859 1986 προσ-

1070 2005 1138 2030 εῖναι
1150 2002 1230 2036 φύσιν
1246 2001 1331 2036 εἶχεν·
1343 2001 1375 2027 δι’
1391 1999 1528 2035 ἁμαρτίαν
1540 1998 1568 2024 δὲ
1581 1996 1705 2024 ἐκπεσὼν
1719 1996 1767 2022 τοῦ
1788 1995 1858 2022 ἀθά-

1069 2056 1147 2080 νατος
1157 2046 1236 2079 εἶναι,
1249 2047 1286 2078 ὡς
1298 2046 1377 2082 ἔφην,
1390 2045 1490 2076 παντὸς
1500 2043 1602 2075 πάθους
1615 2043 1710 2076 γέγονε
1720 2041 1857 2073 δεκτικὸς.

1070 2094 1102 2120 El
1114 2093 1142 2119 δὲ
1156 2094 1228 2128 ἐρεῖς
1240 2101 1246 2107 ·
1264 2091 1313 2118 Διὰ
1328 2091 1354 2117 τί
1367 2088 1414 2117 οὖν
1425 2090 1485 2117 κατ’
1497 2088 1583 2125 ἀρχὰς
1597 2088 1704 2123 ἐγένετο
1719 2088 1736 2122 ἢ
1750 2087 1859 2122 ἀνθρω-

1071 2139 1135 2166 πεία
1158 2138 1237 2173 φύσις
1249 2137 1364 2164 θανάτου
1377 2135 1506 2171 δεκτική;
1526 2135 1600 2170 Φημί
1614 2142 1656 2160 σοι
1670 2142 1676 2148 ·
1706 2133 1757 2160 Διὰ
1769 2133 1801 2159 τὺ
1813 2133 1859 2160 αὐ-

1070 2183 1216 2217 τεξούσιον.
1231 2184 1262 2209 Et
1282 2182 1396 2218 γὰρούκ
1420 2179 1491 2216 ἦμεν
1518 2180 1632 2207 θανάτου
1656 2179 1789 2210 δεχτικοὶ,
1811 2179 1858 2205 ἐπὶ

1073 2229 1237 2264 αὐτεξουσίῳ
1261 2228 1438 2263 ἁμαρτήματι
1463 2225 1641 2261 τιμωρεῖσθαι
1665 2225 1703 2256 ὡς
1727 2224 1858 2251 ἀθάνατοι

1073 2277 1123 2302 οὐκ
1139 2273 1300 2310 ἐδυνάμεθα.
1318 2273 1373 2299 Καὶ
1389 2272 1474 2304 οὕτως
1487 2271 1530 2298 διὰ
1542 2272 1571 2298 τὺ
1589 2270 1693 2302 ἀπαθὲς
1711 2270 1803 2297 πλεῖόν
1821 2279 1858 2301 τι,

1074 2321 1124 2358 κᾷν
1139 2322 1172 2357 τῇ
1188 2320 1344 2356 προαιρέσει
1365 2318 1436 2355 ἦμεν
1462 2318 1580 2349 natet“,
1595 2318 1613 2353 ή
1629 2317 1675 2343 καὶ
1697 2316 1858 2351 δικαιοσύνη

1111 2395 1122 2409 ο
1139 2388 1234 2416 Matth.
1248 2396 1297 2415 vtu
1319 2387 1363 2415 51.

870 2488 984 2516 VARIIE
1000 2487 1196 2515 LECTIONES.

275 2538 299 2554 ⁸⁸
309 2538 363 2565 αἰεί
381 2537 412 2565 C.
423 2570 436 2572 μ
450 2537 470 2554 ⁸⁸
487 2536 563 2572 ἀϊδίῳ
578 2535 673 2571 κτήσει
694 2536 766 2572 conj.
783 2537 804 2563 C
818 2556 826 2568 ,

240 2571 263 2599 0
293 2573 391 2608 repetit
407 2570 473 2600 οὖσα
483 2570 659 2608 (ξιφιὶιιςιιιιιηΖ

869 2536 999 2571 ὰῖδιὰτητι
1011 2534 1181 2571 proposuit!)
1195 2554 1202 2565 ,
1214 2533 1246 2560 δι’
1256 2533 1405 2571 ¹ὰῖδιότῃςςα
1419 2533 1522 2571 mavult
1538 2532 1567 2560 S-
1605 2533 1627 2548 δ’
1649 2531 1721 2571 Post
1739 2532 1856 2571 ξμψυχος

698 2571 721 2586 ⁸³
735 2567 758 2598 0
787 2576 921 2599 commate
932 2567 1075 2605 distinguit
1088 2575 1149 2605 post
1162 2567 1304 2605 symaet
1319 2568 1417 2594 ἰοϐόλα.
1455 2568 1479 2584 ⁸⁵
1498 2567 1637 2605 Lacunam
1659 2567 1768 2605 codicis
1783 2568 1855 2605 exci-

241 2602 426 2642 piunt'litterae
437 2602 601 2641 λεπόνῖεἰε).
639 2604 662 2621 ⁸⁸
679 2605 734 2642 Pro
746 2607 936 2642 ἀναμαρτήτου
954 2602 1050 2642 lacuna
1077 2602 1103 2642 in
1117 2604 1162 2642 ΟΔ,
1179 2602 1229 2642 sed
1245 2604 1367 2642 aderam
1391 2611 1466 2642 man:
1487 2610 1542 2630 rec.
1565 2602 1630 2633 ἴσως
1653 2602 1854 2639 ἀναμαρτήτου.

240 2638 263 2658 ⁵⁸
282 2643 321 2671 lta
335 2651 407 2670 man.
424 2646 485 2671 rec.‘
495 2638 537 2670 Μ’
545 2638 621 2668 oram
635 2641 747 2674 codicis,
761 2642 787 2669 in
801 2638 862 2676 'cu'j.
877 2638 951 2668 textu
969 2641 1062 2668 κακόν.
1083 2640 1203 2668 Subinde
1215 2639 1232 2674 ἢ
1245 2639 1290 2665 καί
1305 2646 1332 2674 p.
1350 2639 1367 2673 ή
1378 2638 1425 2665 καί
1441 2638 1522 2665 idem.

889 2710 1068 2739 VARIORUM
1082 2709 1196 2737 NOT/E.

279 2758 335 2792 (61)
350 2757 496 2793 Hucusque
508 2766 561 2785 ms.
577 2757 716 2793 Cotelerii.
728 2758 763 2784 At
779 2756 830 2784 tria
843 2757 898 2791 jam
912 2761 1022 2793 peracta

242 2798 305 2821 sunt
321 2793 416 2827 lustra,
428 2791 460 2820 ei
476 2800 530 2827 quo
544 2793 570 2819 in
581 2793 641 2820 cod.
661 2792 845 2820 Ottoboniano
860 2792 949 2819 inveni
960 2791 1024 2818 reli-

243 2835 326 2860 quam
340 2825 563 2854 Clementinbrum
578 2832 682 2862 partem
695 2827 770 2861 (inde
784 2834 799 2853 a
811 2828 874 2854 vbb.
885 2827 958 2854 hom.
967 2834 1023 2858 tux,

245 2863 290 2894 Η,
316 2862 438 2897 φαίνεται
459 2861 587 2898 καρποὺς
606 2862 742 2899 ὲκῷουσα
765 2863 804 2894 εἰς
831 2862 932 2899 τροφὴν
952 2861 1021 2889 πάν-

1074 2764 1129 2795 των
1153 2762 1245 2795 usque
1269 2754 1302 2781 ad
1325 2753 1401 2795 hom:
1424 2753 1516 2795 χαλᾷ
1537 2753 1668 2788 ὁρμήσειν
1692 2752 1854 2793 Ἀντιόχειαν

1076 2790 1225 2829 ἔσπευσεν).
1239 2790 1370 2829 hactenus
1391 2790 1577 2823 incognitam,
1601 2795 1684 2822 quam
1708 2796 1785 2829 nunc
1806 2790 1853 2823 pri-

1079 2833 1153 2852 mum
1166 2825 1298 2864 evulgavi.
1317 2824 1443 2851 Lacunas
1453 2831 1514 2862 quae
1529 2827 1691 2855 occurrunt;
1701 2824 1854 2858 conjeciss-

1076 2861 1110 2888 do
1136 2860 1384 2896 explevtuncisque
1409 2858 1517 2889 inclusa
1536 2857 1663 2885 Dssssst.
