  <div class='ocr_page' id='page_1' title='image "/cluster/home/n/w/nwhite01/storage/ocr_20150623/2/njp.32101077772349/340.png"; bbox 0 0 1917 3100; ppageno 0'>
   <div class='ocr_carea' id='block_1_1' title="bbox 54 149 100 177">
    <p class='ocr_par' dir='ltr' id='par_1_1' title="bbox 54 149 100 177">
     <span class='ocr_line' id='line_1_1' title="bbox 54 149 100 177; baseline 0 0"><span class='ocrx_word' id='word_1_1' title='bbox 54 149 100 177; x_wconf 66' lang='grc' dir='ltr'>ιη</span> 
     </span>
    </p>
   </div>
   <div class='ocr_carea' id='block_1_2' title="bbox 593 155 1114 186">
    <p class='ocr_par' dir='ltr' id='par_1_2' title="bbox 593 155 1114 186">
     <span class='ocr_line' id='line_1_2' title="bbox 593 155 1114 186; baseline 0.004 -2"><span class='ocrx_word' id='word_1_2' title='bbox 593 155 824 185; x_wconf 71' lang='grc' dir='ltr'><strong>οιΕΙιΕΝΤιΝΛ.</strong></span> <span class='ocrx_word' id='word_1_3' title='bbox 831 173 865 179; x_wconf 95' lang='grc'><strong>-</strong></span> <span class='ocrx_word' id='word_1_4' title='bbox 883 157 1025 186; x_wconf 74' lang='lat' dir='ltr'><strong>HOIILIA</strong></span> <span class='ocrx_word' id='word_1_5' title='bbox 1044 157 1114 186; x_wconf 73' lang='lat' dir='ltr'><strong>XIX.</strong></span> 
     </span>
    </p>
   </div>
   <div class='ocr_carea' id='block_1_3' title="bbox 1641 161 1692 190">
    <p class='ocr_par' dir='ltr' id='par_1_3' title="bbox 1641 161 1692 190">
     <span class='ocr_line' id='line_1_3' title="bbox 1641 161 1692 190; baseline 0 0"><span class='ocrx_word' id='word_1_6' title='bbox 1641 161 1692 190; x_wconf 63' lang='grc' dir='ltr'>ιω</span> 
     </span>
    </p>
   </div>
   <div class='ocr_carea' id='block_1_4' title="bbox 55 207 848 255">
    <p class='ocr_par' dir='ltr' id='par_1_4' title="bbox 55 207 848 253">
     <span class='ocr_line' id='line_1_4' title="bbox 55 207 848 253; baseline 0.015 -19"><span class='ocrx_word' id='word_1_7' title='bbox 55 207 201 244; x_wconf 61' lang='lat' dir='ltr'><strong>liquebat,</strong></span> <span class='ocrx_word' id='word_1_8' title='bbox 213 211 273 239; x_wconf 79' lang='grc' dir='ltr'><strong>τῶν</strong></span> <span class='ocrx_word' id='word_1_9' title='bbox 285 213 378 245; x_wconf 77' lang='grc' dir='ltr'>κακὰς</span> <span class='ocrx_word' id='word_1_10' title='bbox 400 213 516 250; x_wconf 71' lang='grc' dir='ltr'>ἑχόντων</span> <span class='ocrx_word' id='word_1_11' title='bbox 524 217 699 253; x_wconf 77' lang='grc' dir='ltr'><strong>προαιρέσεις</strong></span> <span class='ocrx_word' id='word_1_12' title='bbox 715 218 848 251; x_wconf 81' lang='grc' dir='ltr'>ἀπαθείας</span> 
     </span>
    </p>
   </div>
   <div class='ocr_carea' id='block_1_5' title="bbox 901 207 1692 255">
    <p class='ocr_par' dir='ltr' id='par_1_5' title="bbox 901 219 1692 255">
     <span class='ocr_line' id='line_1_5' title="bbox 901 219 1692 255; baseline 0.001 -8"><span class='ocrx_word' id='word_1_13' title='bbox 901 220 1030 248; x_wconf 80' lang='lat' dir='ltr'><strong>mortales</strong></span> <span class='ocrx_word' id='word_1_14' title='bbox 1047 219 1139 255; x_wconf 91' lang='lat' dir='ltr'><strong>puniri</strong></span> <span class='ocrx_word' id='word_1_15' title='bbox 1165 228 1220 248; x_wconf 93' lang='lat' dir='ltr'><strong>non</strong></span> <span class='ocrx_word' id='word_1_16' title='bbox 1239 227 1396 255; x_wconf 87' lang='lat' dir='ltr'><strong>possemus.</strong></span> <span class='ocrx_word' id='word_1_17' title='bbox 1428 219 1462 248; x_wconf 83' lang='lat' dir='ltr'><strong>Et</strong></span> <span class='ocrx_word' id='word_1_18' title='bbox 1476 219 1530 248; x_wconf 88' lang='lat' dir='ltr'><strong>hoc</strong></span> <span class='ocrx_word' id='word_1_19' title='bbox 1552 219 1646 254; x_wconf 78' lang='lat' dir='ltr'><strong>modo,</strong></span> <span class='ocrx_word' id='word_1_20' title='bbox 1668 220 1692 248; x_wconf 81' lang='lat' dir='ltr'><strong>si</strong></span> 
     </span>
    </p>
   </div>
   <div class='ocr_carea' id='block_1_6' title="bbox 57 256 572 296">
    <p class='ocr_par' dir='ltr' id='par_1_6' title="bbox 57 256 572 296">
     <span class='ocr_line' id='line_1_6' title="bbox 57 256 572 296; baseline 0.014 -14"><span class='ocrx_word' id='word_1_21' title='bbox 57 256 130 292; x_wconf 76' lang='grc' dir='ltr'>αἰτίᾳ</span> <span class='ocrx_word' id='word_1_22' title='bbox 142 257 339 294; x_wconf 73' lang='grc' dir='ltr'><strong>τιμωρηθῆναι</strong></span> <span class='ocrx_word' id='word_1_23' title='bbox 352 260 390 296; x_wconf 86' lang='grc' dir='ltr'>μὴ</span> <span class='ocrx_word' id='word_1_24' title='bbox 407 260 572 296; x_wconf 77' lang='grc' dir='ltr'>δυναμένων.</span> 
     </span>
    </p>
   </div>
   <div class='ocr_carea' id='block_1_7' title="bbox 908 265 1691 304">
    <p class='ocr_par' dir='ltr' id='par_1_7' title="bbox 908 265 1691 304">
     <span class='ocr_line' id='line_1_7' title="bbox 908 265 1691 304; baseline 0 -10"><span class='ocrx_word' id='word_1_25' title='bbox 908 273 941 294; x_wconf 80' lang='lat' dir='ltr'><strong>ex</strong></span> <span class='ocrx_word' id='word_1_26' title='bbox 969 266 1086 294; x_wconf 86' lang='lat' dir='ltr'><strong>consilio</strong></span> <span class='ocrx_word' id='word_1_27' title='bbox 1115 266 1179 304; x_wconf 86' lang='lat' dir='ltr'><strong>mali</strong></span> <span class='ocrx_word' id='word_1_28' title='bbox 1193 274 1337 300; x_wconf 75' lang='lat' dir='ltr'><strong>essemus,</strong></span> <span class='ocrx_word' id='word_1_29' title='bbox 1362 267 1445 294; x_wconf 86' lang='lat' dir='ltr'><strong>etiam</strong></span> <span class='ocrx_word' id='word_1_30' title='bbox 1469 265 1578 301; x_wconf 82' lang='lat' dir='ltr'><strong>justitia</strong></span> <span class='ocrx_word' id='word_1_31' title='bbox 1599 267 1635 294; x_wconf 89' lang='lat' dir='ltr'><strong>ob</strong></span> <span class='ocrx_word' id='word_1_32' title='bbox 1650 267 1691 294; x_wconf 90' lang='lat' dir='ltr'><strong>in-</strong></span> 
     </span>
    </p>
   </div>
   <div class='ocr_carea' id='block_1_8' title="bbox 57 302 1691 348">
    <p class='ocr_par' dir='ltr' id='par_1_8' title="bbox 57 302 1691 348">
     <span class='ocr_line' id='line_1_8' title="bbox 57 302 1691 348; baseline 0.007 -19"><span class='ocrx_word' id='word_1_33' title='bbox 57 302 205 331; x_wconf 71' lang='lat' dir='ltr'><strong>dolentiam</strong></span> <span class='ocrx_word' id='word_1_34' title='bbox 232 305 326 341; x_wconf 80' lang='lat' dir='ltr'><strong>magis</strong></span> <span class='ocrx_word' id='word_1_35' title='bbox 357 306 587 342; x_wconf 87' lang='lat' dir='ltr'><strong>imminueretur,</strong></span> <span class='ocrx_word' id='word_1_36' title='bbox 613 316 676 337; x_wconf 87' lang='lat' dir='ltr'><strong>cum</strong></span> <span class='ocrx_word' id='word_1_37' title='bbox 702 309 750 344; x_wconf 89' lang='lat' dir='ltr'><strong>qui</strong></span> <span class='ocrx_word' id='word_1_38' title='bbox 775 310 847 338; x_wconf 84' lang='lat' dir='ltr'><strong>mala</strong></span> <span class='ocrx_word' id='word_1_39' title='bbox 866 310 978 340; x_wconf 87' lang='lat' dir='ltr'><strong>foveant</strong></span> <span class='ocrx_word' id='word_1_40' title='bbox 1009 302 1138 341; x_wconf 81' lang='lat' dir='ltr'><strong>consilia</strong></span> <span class='ocrx_word' id='word_1_41' title='bbox 1158 313 1342 341; x_wconf 86' lang='lat' dir='ltr'><strong>immunitatis</strong></span> <span class='ocrx_word' id='word_1_42' title='bbox 1357 320 1441 340; x_wconf 82' lang='lat' dir='ltr'><strong>causa</strong></span> <span class='ocrx_word' id='word_1_43' title='bbox 1455 312 1544 348; x_wconf 62' lang='lat' dir='ltr'><strong>pictus</strong></span> <span class='ocrx_word' id='word_1_44' title='bbox 1555 311 1623 340; x_wconf 77' lang='lat' dir='ltr'><strong>allici</strong></span> <span class='ocrx_word' id='word_1_45' title='bbox 1637 320 1691 341; x_wconf 85' lang='lat' dir='ltr'><strong>non</strong></span> 
     </span>
    </p>
   </div>
   <div class='ocr_carea' id='block_1_9' title="bbox 56 354 181 385">
    <p class='ocr_par' dir='ltr' id='par_1_9' title="bbox 56 354 181 385">
     <span class='ocr_line' id='line_1_9' title="bbox 56 354 181 385; baseline 0.008 -9"><span class='ocrx_word' id='word_1_46' title='bbox 56 354 181 385; x_wconf 83' lang='lat' dir='ltr'><strong>possent.</strong></span> 
     </span>
    </p>
   </div>
   <div class='ocr_carea' id='block_1_10' title="bbox 90 393 853 437">
    <p class='ocr_par' dir='ltr' id='par_1_10' title="bbox 90 393 853 437">
     <span class='ocr_line' id='line_1_10' title="bbox 90 393 853 437; baseline 0.009 -16"><span class='ocrx_word' id='word_1_47' title='bbox 90 393 164 421; x_wconf 77' lang='lat' dir='ltr'><strong>XVI.</strong></span> <span class='ocrx_word' id='word_1_48' title='bbox 183 395 264 423; x_wconf 76' lang='grc' dir='ltr'><strong>Καὶὸ</strong></span> <span class='ocrx_word' id='word_1_49' title='bbox 275 397 368 432; x_wconf 86' lang='grc' dir='ltr'>Σίμων</span> <span class='ocrx_word' id='word_1_50' title='bbox 382 397 451 434; x_wconf 82' lang='grc' dir='ltr'>πρὸς</span> <span class='ocrx_word' id='word_1_51' title='bbox 465 398 552 426; x_wconf 77' lang='grc' dir='ltr'>ταῦτα</span> <span class='ocrx_word' id='word_1_52' title='bbox 565 399 617 436; x_wconf 73' lang='grc' dir='ltr'><strong>ἔφη</strong></span> <span class='ocrx_word' id='word_1_53' title='bbox 629 409 636 416; x_wconf 89' lang='grc'>·</span> <span class='ocrx_word' id='word_1_54' title='bbox 650 401 719 437; x_wconf 78' lang='grc' dir='ltr'>Περὶ</span> <span class='ocrx_word' id='word_1_55' title='bbox 733 400 853 437; x_wconf 81' lang='grc' dir='ltr'>πονηροῦ</span> 
     </span>
    </p>
   </div>
   <div class='ocr_carea' id='block_1_11' title="bbox 56 441 853 480">
    <p class='ocr_par' dir='ltr' id='par_1_11' title="bbox 56 441 853 480">
     <span class='ocr_line' id='line_1_11' title="bbox 56 441 853 480; baseline 0.009 -13"><span class='ocrx_word' id='word_1_56' title='bbox 56 449 81 468; x_wconf 78' lang='grc' dir='ltr'><strong>τι</strong></span> <span class='ocrx_word' id='word_1_57' title='bbox 96 441 138 468; x_wconf 68' lang='grc' dir='ltr'>ἑτι</span> <span class='ocrx_word' id='word_1_58' title='bbox 154 441 210 477; x_wconf 65' lang='grc' dir='ltr'><strong>ἅχω</strong></span> <span class='ocrx_word' id='word_1_59' title='bbox 224 443 321 479; x_wconf 67' lang='grc' dir='ltr'>ἕτερον</span> <span class='ocrx_word' id='word_1_60' title='bbox 335 443 434 478; x_wconf 77' lang='grc' dir='ltr'>λέγειν.</span> <span class='ocrx_word' id='word_1_61' title='bbox 444 445 479 472; x_wconf 83' lang='grc' dir='ltr'><strong>Ἦ</strong></span> <span class='ocrx_word' id='word_1_62' title='bbox 501 446 542 473; x_wconf 80' lang='grc' dir='ltr'>ὅτι</span> <span class='ocrx_word' id='word_1_63' title='bbox 559 446 590 480; x_wconf 76' lang='grc' dir='ltr'><strong>ἑξ</strong></span> <span class='ocrx_word' id='word_1_64' title='bbox 605 446 655 473; x_wconf 83' lang='grc' dir='ltr'>οὐκ</span> <span class='ocrx_word' id='word_1_65' title='bbox 668 446 753 474; x_wconf 71' lang='grc' dir='ltr'>ὄντων</span> <span class='ocrx_word' id='word_1_66' title='bbox 772 446 853 474; x_wconf 80' lang='grc' dir='ltr'>αὐτὸν</span> 
     </span>
    </p>
   </div>
   <div class='ocr_carea' id='block_1_12' title="bbox 57 487 853 529">
    <p class='ocr_par' dir='ltr' id='par_1_12' title="bbox 57 487 853 529">
     <span class='ocr_line' id='line_1_12' title="bbox 57 487 853 529; baseline 0.01 -16"><span class='ocrx_word' id='word_1_67' title='bbox 57 487 185 523; x_wconf 70' lang='grc' dir='ltr'>ἐποίησεν</span> <span class='ocrx_word' id='word_1_68' title='bbox 198 489 214 515; x_wconf 99' lang='lat'><strong>6</strong></span> <span class='ocrx_word' id='word_1_69' title='bbox 228 489 306 521; x_wconf 79' lang='grc' dir='ltr'>Θεὸς,</span> <span class='ocrx_word' id='word_1_70' title='bbox 318 491 366 517; x_wconf 84' lang='grc' dir='ltr'>καὶ</span> <span class='ocrx_word' id='word_1_71' title='bbox 382 491 452 518; x_wconf 80' lang='grc' dir='ltr'>κατὰ</span> <span class='ocrx_word' id='word_1_72' title='bbox 465 491 544 518; x_wconf 79' lang='grc' dir='ltr'>τοῦτο</span> <span class='ocrx_word' id='word_1_73' title='bbox 559 492 642 524; x_wconf 78' lang='grc' dir='ltr'>κακὸς</span> <span class='ocrx_word' id='word_1_74' title='bbox 652 492 667 519; x_wconf 88' lang='lat'><strong>6</strong></span> <span class='ocrx_word' id='word_1_75' title='bbox 680 493 806 529; x_wconf 76' lang='grc' dir='ltr'>ποιήσας.</span> <span class='ocrx_word' id='word_1_76' title='bbox 823 492 853 525; x_wconf 81' lang='grc' dir='ltr'><strong>ὃς</strong></span> 
     </span>
    </p>
   </div>
   <div class='ocr_carea' id='block_1_13' title="bbox 55 532 851 573">
    <p class='ocr_par' dir='ltr' id='par_1_13' title="bbox 55 532 851 573">
     <span class='ocr_line' id='line_1_13' title="bbox 55 532 851 573; baseline 0.009 -14"><span class='ocrx_word' id='word_1_77' title='bbox 55 532 86 559; x_wconf 77' lang='grc' dir='ltr'><strong>τὸ</strong></span> <span class='ocrx_word' id='word_1_78' title='bbox 102 532 142 568; x_wconf 80' lang='grc' dir='ltr'>μὴ</span> <span class='ocrx_word' id='word_1_79' title='bbox 155 532 186 560; x_wconf 75' lang='grc' dir='ltr'>ὃν</span> <span class='ocrx_word' id='word_1_80' title='bbox 198 534 327 570; x_wconf 68' lang='grc' dir='ltr'>ἐποίησεν</span> <span class='ocrx_word' id='word_1_81' title='bbox 344 533 423 568; x_wconf 77' lang='grc' dir='ltr'>εἶναι,</span> <span class='ocrx_word' id='word_1_82' title='bbox 438 536 486 563; x_wconf 79' lang='grc' dir='ltr'>καὶ</span> <span class='ocrx_word' id='word_1_83' title='bbox 498 536 584 564; x_wconf 81' lang='grc' dir='ltr'>ταῦτα</span> <span class='ocrx_word' id='word_1_84' title='bbox 605 537 753 573; x_wconf 80' lang='grc' dir='ltr'>δυνάμενος</span> <span class='ocrx_word' id='word_1_85' title='bbox 771 538 851 565; x_wconf 81' lang='grc' dir='ltr'>αὑτὸν</span> 
     </span>
    </p>
   </div>
   <div class='ocr_carea' id='block_1_14' title="bbox 56 579 851 620">
    <p class='ocr_par' dir='ltr' id='par_1_14' title="bbox 56 579 851 620">
     <span class='ocr_line' id='line_1_14' title="bbox 56 579 851 620; baseline 0.008 -15"><span class='ocrx_word' id='word_1_86' title='bbox 56 579 161 612; x_wconf 70' lang='grc' dir='ltr'>ἀγαθὸν</span> <span class='ocrx_word' id='word_1_87' title='bbox 175 580 290 615; x_wconf 78' lang='grc' dir='ltr'>ποιῆσαι</span> <span class='ocrx_word' id='word_1_88' title='bbox 305 581 345 617; x_wconf 84' lang='grc' dir='ltr'>τῷ</span> <span class='ocrx_word' id='word_1_89' title='bbox 355 582 403 609; x_wconf 75' lang='grc' dir='ltr'><strong>τὸν</strong></span> <span class='ocrx_word' id='word_1_90' title='bbox 416 581 555 618; x_wconf 80' lang='grc' dir='ltr'>γινόμενον</span> <span class='ocrx_word' id='word_1_91' title='bbox 571 584 653 620; x_wconf 81' lang='grc' dir='ltr'>μηδὲν</span> <span class='ocrx_word' id='word_1_92' title='bbox 668 583 737 619; x_wconf 81' lang='grc' dir='ltr'>πρὸς</span> <span class='ocrx_word' id='word_1_93' title='bbox 753 584 851 616; x_wconf 82' lang='grc' dir='ltr'>κακίας</span> 
     </span>
    </p>
   </div>
   <div class='ocr_carea' id='block_1_15' title="bbox 57 625 851 665">
    <p class='ocr_par' dir='ltr' id='par_1_15' title="bbox 57 625 851 665">
     <span class='ocr_line' id='line_1_15' title="bbox 57 625 851 665; baseline 0.008 -15"><span class='ocrx_word' id='word_1_94' title='bbox 57 625 220 661; x_wconf 79' lang='grc' dir='ltr'>προαίρεσιν</span> <span class='ocrx_word' id='word_1_95' title='bbox 237 626 305 653; x_wconf 81' lang='grc' dir='ltr'>ίδίαν</span> <span class='ocrx_word' id='word_1_96' title='bbox 319 628 467 663; x_wconf 81' lang='grc' dir='ltr'>κεκτῆσθαι</span> <span class='ocrx_word' id='word_1_97' title='bbox 481 627 571 663; x_wconf 86' lang='grc' dir='ltr'>φύσιν.</span> <span class='ocrx_word' id='word_1_98' title='bbox 584 629 638 655; x_wconf 82' lang='lat' dir='ltr'><strong>Kal</strong></span> <span class='ocrx_word' id='word_1_99' title='bbox 652 629 667 655; x_wconf 94' lang='lat'><strong>6</strong></span> <span class='ocrx_word' id='word_1_100' title='bbox 681 629 796 665; x_wconf 83' lang='grc' dir='ltr'>Πέτρος·</span> <span class='ocrx_word' id='word_1_101' title='bbox 813 629 851 655; x_wconf 83' lang='grc' dir='ltr'><strong>Τὸ</strong></span> 
     </span>
    </p>
   </div>
   <div class='ocr_carea' id='block_1_16' title="bbox 56 671 851 711">
    <p class='ocr_par' dir='ltr' id='par_1_16' title="bbox 56 671 851 711">
     <span class='ocr_line' id='line_1_16' title="bbox 56 671 851 711; baseline 0.005 -13"><span class='ocrx_word' id='word_1_102' title='bbox 56 671 85 704; x_wconf 78' lang='grc' dir='ltr'><strong>ἐξ</strong></span> <span class='ocrx_word' id='word_1_103' title='bbox 99 671 152 698; x_wconf 78' lang='grc' dir='ltr'>οὐκ</span> <span class='ocrx_word' id='word_1_104' title='bbox 163 672 248 699; x_wconf 70' lang='grc' dir='ltr'>ὄντων</span> <span class='ocrx_word' id='word_1_105' title='bbox 263 673 345 700; x_wconf 76' lang='grc' dir='ltr'>αὑτὸν</span> <span class='ocrx_word' id='word_1_106' title='bbox 355 673 465 709; x_wconf 75' lang='grc' dir='ltr'>ποιῆσαι</span> <span class='ocrx_word' id='word_1_107' title='bbox 475 675 635 711; x_wconf 77' lang='grc' dir='ltr'>προαίρεσιν</span> <span class='ocrx_word' id='word_1_108' title='bbox 644 675 749 710; x_wconf 71' lang='grc' dir='ltr'>ἔχοντα,</span> <span class='ocrx_word' id='word_1_109' title='bbox 757 675 851 711; x_wconf 70' lang='grc' dir='ltr'>ὅμοιόν</span> 
     </span>
    </p>
   </div>
   <div class='ocr_carea' id='block_1_17' title="bbox 57 713 850 756">
    <p class='ocr_par' dir='ltr' id='par_1_17' title="bbox 57 713 850 756">
     <span class='ocr_line' id='line_1_17' title="bbox 57 713 850 756; baseline 0.005 -13"><span class='ocrx_word' id='word_1_110' title='bbox 57 717 130 743; x_wconf 81' lang='grc' dir='ltr'>ἐστιν</span> <span class='ocrx_word' id='word_1_111' title='bbox 141 713 166 751; x_wconf 77' lang='grc' dir='ltr'>ᾧ</span> <span class='ocrx_word' id='word_1_112' title='bbox 177 718 384 754; x_wconf 71' lang='grc' dir='ltr'>προειρήκαμεν</span> <span class='ocrx_word' id='word_1_113' title='bbox 399 718 479 755; x_wconf 80' lang='grc' dir='ltr'>λόγῳ,</span> <span class='ocrx_word' id='word_1_114' title='bbox 498 719 540 746; x_wconf 80' lang='grc' dir='ltr'>ὅτι</span> <span class='ocrx_word' id='word_1_115' title='bbox 553 720 622 756; x_wconf 76' lang='grc' dir='ltr'>πρὸς</span> <span class='ocrx_word' id='word_1_116' title='bbox 636 719 667 746; x_wconf 84' lang='grc' dir='ltr'>τδ</span> <span class='ocrx_word' id='word_1_117' title='bbox 684 719 788 756; x_wconf 76' lang='grc' dir='ltr'><strong>χαίρειν</strong></span> <span class='ocrx_word' id='word_1_118' title='bbox 801 720 850 747; x_wconf 78' lang='grc' dir='ltr'><strong>αὐ-</strong></span> 
     </span>
    </p>
   </div>
   <div class='ocr_carea' id='block_1_18' title="bbox 55 762 850 801">
    <p class='ocr_par' dir='ltr' id='par_1_18' title="bbox 55 762 850 801">
     <span class='ocr_line' id='line_1_18' title="bbox 55 762 850 801; baseline 0.005 -12"><span class='ocrx_word' id='word_1_119' title='bbox 55 762 100 790; x_wconf 69' lang='grc' dir='ltr'>τὸν</span> <span class='ocrx_word' id='word_1_120' title='bbox 112 764 212 794; x_wconf 80' lang='grc' dir='ltr'>κακοῖς</span> <span class='ocrx_word' id='word_1_121' title='bbox 224 763 274 799; x_wconf 86' lang='grc' dir='ltr'><strong>τὴν</strong></span> <span class='ocrx_word' id='word_1_122' title='bbox 287 765 386 800; x_wconf 83' lang='grc' dir='ltr'>κρᾶσιν</span> <span class='ocrx_word' id='word_1_123' title='bbox 399 766 516 801; x_wconf 79' lang='grc' dir='ltr'>ποιήσας</span> <span class='ocrx_word' id='word_1_124' title='bbox 532 766 612 798; x_wconf 75' lang='grc' dir='ltr'>αὐτὸς</span> <span class='ocrx_word' id='word_1_125' title='bbox 625 766 711 797; x_wconf 81' lang='grc' dir='ltr'>αἴτιος</span> <span class='ocrx_word' id='word_1_126' title='bbox 727 765 850 800; x_wconf 86' lang='grc' dir='ltr'>φαίνεται</span> 
     </span>
    </p>
   </div>
   <div class='ocr_carea' id='block_1_19' title="bbox 55 803 889 847">
    <p class='ocr_par' dir='ltr' id='par_1_19' title="bbox 55 803 889 847">
     <span class='ocr_line' id='line_1_19' title="bbox 55 803 889 847; baseline 0.005 -13"><span class='ocrx_word' id='word_1_127' title='bbox 55 808 102 834; x_wconf 79' lang='grc' dir='ltr'>τοῦ</span> <span class='ocrx_word' id='word_1_128' title='bbox 116 808 278 844; x_wconf 72' lang='grc' dir='ltr'><strong>γενομένου.</strong></span> <span class='ocrx_word' id='word_1_129' title='bbox 287 810 360 842; x_wconf 66' lang='lat' dir='ltr'><strong>Md;</strong></span> <span class='ocrx_word' id='word_1_130' title='bbox 369 807 416 837; x_wconf 80' lang='grc' dir='ltr'>οὖν</span> <span class='ocrx_word' id='word_1_131' title='bbox 429 810 511 845; x_wconf 76' lang='grc' dir='ltr'>οὖα-ης</span> <span class='ocrx_word' id='word_1_132' title='bbox 524 811 573 847; x_wconf 82' lang='grc' dir='ltr'><strong>τῆς</strong></span> <span class='ocrx_word' id='word_1_133' title='bbox 585 811 746 847; x_wconf 72' lang='grc' dir='ltr'><strong>ἀμφοτέρων</strong></span> <span class='ocrx_word' id='word_1_134' title='bbox 759 811 853 838; x_wconf 77' lang='grc' dir='ltr'>ἐπιλύ-</span> <span class='ocrx_word' id='word_1_135' title='bbox 868 803 889 831; x_wconf 73' lang='grc' dir='ltr'><strong>Β</strong></span> 
     </span>
    </p>
   </div>
   <div class='ocr_carea' id='block_1_20' title="bbox 57 853 852 898">
    <p class='ocr_par' dir='ltr' id='par_1_20' title="bbox 57 853 852 898">
     <span class='ocr_line' id='line_1_20' title="bbox 57 853 852 898; baseline 0.005 -18"><span class='ocrx_word' id='word_1_136' title='bbox 57 861 135 886; x_wconf 76' lang='grc' dir='ltr'>σεως,</span> <span class='ocrx_word' id='word_1_137' title='bbox 156 853 261 898; x_wconf 53' lang='grc' dir='ltr'>τδ.διά</span> <span class='ocrx_word' id='word_1_138' title='bbox 281 855 320 886; x_wconf 71' lang='grc' dir='ltr'><strong>τί,</strong></span> <span class='ocrx_word' id='word_1_139' title='bbox 328 856 434 891; x_wconf 84' lang='grc' dir='ltr'>χαίρειν</span> <span class='ocrx_word' id='word_1_140' title='bbox 457 856 538 884; x_wconf 83' lang='grc' dir='ltr'>αὑτὸν</span> <span class='ocrx_word' id='word_1_141' title='bbox 565 857 610 883; x_wconf 66' lang='grc' dir='ltr'><strong>ἐπ’</strong></span> <span class='ocrx_word' id='word_1_142' title='bbox 627 857 737 893; x_wconf 79' lang='grc' dir='ltr'><strong>ὀλέθρου</strong></span> <span class='ocrx_word' id='word_1_143' title='bbox 759 856 852 884; x_wconf 81' lang='grc' dir='ltr'>κακῶν</span> 
     </span>
    </p>
   </div>
   <div class='ocr_carea' id='block_1_21' title="bbox 53 900 852 939">
    <p class='ocr_par' dir='ltr' id='par_1_21' title="bbox 53 900 852 939">
     <span class='ocr_line' id='line_1_21' title="bbox 53 900 852 939; baseline 0.005 -13"><span class='ocrx_word' id='word_1_144' title='bbox 53 900 185 936; x_wconf 70' lang='grc' dir='ltr'>ἐποίησεν</span> <span class='ocrx_word' id='word_1_145' title='bbox 200 900 315 937; x_wconf 77' lang='grc' dir='ltr'>ὕστερον</span> <span class='ocrx_word' id='word_1_146' title='bbox 329 901 455 938; x_wconf 73' lang='grc' dir='ltr'>ἐροῦμεν.</span> <span class='ocrx_word' id='word_1_147' title='bbox 472 903 526 930; x_wconf 80' lang='grc' dir='ltr'><strong>Καὶ</strong></span> <span class='ocrx_word' id='word_1_148' title='bbox 535 904 550 929; x_wconf 94' lang='lat'><strong>6</strong></span> <span class='ocrx_word' id='word_1_149' title='bbox 560 903 666 939; x_wconf 78' lang='grc' dir='ltr'>Σίμων’</span> <span class='ocrx_word' id='word_1_150' title='bbox 678 903 710 930; x_wconf 73' lang='lat' dir='ltr'><strong>Et</strong></span> <span class='ocrx_word' id='word_1_151' title='bbox 724 903 852 936; x_wconf 80' lang='grc' dir='ltr'>αὐτεξου-</span> 
     </span>
    </p>
   </div>
   <div class='ocr_carea' id='block_1_22' title="bbox 55 947 851 985">
    <p class='ocr_par' dir='ltr' id='par_1_22' title="bbox 55 947 851 985">
     <span class='ocr_line' id='line_1_22' title="bbox 55 947 851 985; baseline 0.003 -11"><span class='ocrx_word' id='word_1_152' title='bbox 55 947 128 979; x_wconf 64' lang='lat' dir='ltr'><strong>«iw;</strong></span> <span class='ocrx_word' id='word_1_153' title='bbox 144 947 262 982; x_wconf 66' lang='grc' dir='ltr'>ἐποίησα</span> <span class='ocrx_word' id='word_1_154' title='bbox 279 948 328 975; x_wconf 74' lang='grc' dir='ltr'>καὶ</span> <span class='ocrx_word' id='word_1_155' title='bbox 340 949 405 981; x_wconf 82' lang='grc' dir='ltr'>τοὺς</span> <span class='ocrx_word' id='word_1_156' title='bbox 423 948 565 984; x_wconf 83' lang='grc' dir='ltr'>ἀγγέλους.</span> <span class='ocrx_word' id='word_1_157' title='bbox 577 950 592 976; x_wconf 98' lang='lat'><strong>6</strong></span> <span class='ocrx_word' id='word_1_158' title='bbox 606 949 634 976; x_wconf 78' lang='grc' dir='ltr'><strong>δὲ</strong></span> <span class='ocrx_word' id='word_1_159' title='bbox 650 949 767 985; x_wconf 70' lang='grc' dir='ltr'>πονηρὸς</span> <span class='ocrx_word' id='word_1_160' title='bbox 781 949 851 976; x_wconf 70' lang='grc' dir='ltr'>ἀπέ-</span> 
     </span>
    </p>
   </div>
   <div class='ocr_carea' id='block_1_23' title="bbox 55 992 852 1031">
    <p class='ocr_par' dir='ltr' id='par_1_23' title="bbox 55 992 852 1031">
     <span class='ocr_line' id='line_1_23' title="bbox 55 992 852 1031; baseline 0.003 -11"><span class='ocrx_word' id='word_1_161' title='bbox 55 1001 103 1029; x_wconf 78' lang='grc' dir='ltr'>στη</span> <span class='ocrx_word' id='word_1_162' title='bbox 115 993 166 1020; x_wconf 76' lang='grc' dir='ltr'>τοῦ</span> <span class='ocrx_word' id='word_1_163' title='bbox 179 993 286 1026; x_wconf 78' lang='grc' dir='ltr'>δίκαιος</span> <span class='ocrx_word' id='word_1_164' title='bbox 292 992 374 1027; x_wconf 76' lang='grc' dir='ltr'>εἶναι,</span> <span class='ocrx_word' id='word_1_165' title='bbox 381 996 428 1022; x_wconf 77' lang='grc' dir='ltr'>καὶ</span> <span class='ocrx_word' id='word_1_166' title='bbox 440 995 484 1022; x_wconf 75' lang='grc' dir='ltr'>διὰ</span> <span class='ocrx_word' id='word_1_167' title='bbox 492 995 597 1031; x_wconf 78' lang='grc' dir='ltr'>τίάρχῇ</span> <span class='ocrx_word' id='word_1_168' title='bbox 606 995 751 1031; x_wconf 85' lang='grc' dir='ltr'>τετίμηται</span> <span class='ocrx_word' id='word_1_169' title='bbox 759 1003 766 1028; x_wconf 89' lang='grc'>;</span> <span class='ocrx_word' id='word_1_170' title='bbox 775 995 852 1022; x_wconf 80' lang='grc' dir='ltr'>ὀτι-</span> 
     </span>
    </p>
   </div>
   <div class='ocr_carea' id='block_1_24' title="bbox 55 1037 848 1077">
    <p class='ocr_par' dir='ltr' id='par_1_24' title="bbox 55 1037 848 1077">
     <span class='ocr_line' id='line_1_24' title="bbox 55 1037 848 1077; baseline 0.001 -11"><span class='ocrx_word' id='word_1_171' title='bbox 55 1037 233 1076; x_wconf 73' lang='grc' dir='ltr'>μήσας,διόὗ</span> <span class='ocrx_word' id='word_1_172' title='bbox 241 1040 263 1056; x_wconf 71' lang='grc'><strong>⁵⁷</strong></span> <span class='ocrx_word' id='word_1_173' title='bbox 269 1040 427 1076; x_wconf 73' lang='grc' dir='ltr'><strong>τετίμηκεν,</strong></span> <span class='ocrx_word' id='word_1_174' title='bbox 443 1041 481 1073; x_wconf 78' lang='grc' dir='ltr'>ὡς</span> <span class='ocrx_word' id='word_1_175' title='bbox 489 1043 585 1073; x_wconf 80' lang='grc' dir='ltr'>κακοῖς</span> <span class='ocrx_word' id='word_1_176' title='bbox 598 1040 700 1077; x_wconf 85' lang='grc' dir='ltr'>χαίρων</span> <span class='ocrx_word' id='word_1_177' title='bbox 715 1041 848 1076; x_wconf 76' lang='grc' dir='ltr'>φαίνεται.</span> 
     </span>
    </p>
   </div>
   <div class='ocr_carea' id='block_1_25' title="bbox 53 1086 849 1123">
    <p class='ocr_par' dir='ltr' id='par_1_25' title="bbox 53 1086 849 1123">
     <span class='ocr_line' id='line_1_25' title="bbox 53 1086 849 1123; baseline 0.003 -11"><span class='ocrx_word' id='word_1_178' title='bbox 53 1086 106 1113; x_wconf 83' lang='grc' dir='ltr'><strong>Καὶ</strong></span> <span class='ocrx_word' id='word_1_179' title='bbox 114 1087 130 1113; x_wconf 89' lang='lat'><strong>6</strong></span> <span class='ocrx_word' id='word_1_180' title='bbox 141 1087 250 1122; x_wconf 80' lang='grc' dir='ltr'><strong>Πέτρος</strong></span> <span class='ocrx_word' id='word_1_181' title='bbox 259 1087 307 1114; x_wconf 84' lang='grc' dir='ltr'><strong>Ἐι</strong></span> <span class='ocrx_word' id='word_1_182' title='bbox 317 1087 473 1114; x_wconf 75' lang='grc' dir='ltr'><strong>ἀποστάντα</strong></span> <span class='ocrx_word' id='word_1_183' title='bbox 484 1087 565 1114; x_wconf 78' lang='grc' dir='ltr'>αὑτὸν</span> <span class='ocrx_word' id='word_1_184' title='bbox 577 1088 592 1114; x_wconf 93' lang='lat'><strong>6</strong></span> <span class='ocrx_word' id='word_1_185' title='bbox 604 1087 670 1120; x_wconf 77' lang='grc' dir='ltr'>Θεὸς</span> <span class='ocrx_word' id='word_1_186' title='bbox 685 1087 780 1123; x_wconf 80' lang='grc' dir='ltr'>ἄρχειν</span> <span class='ocrx_word' id='word_1_187' title='bbox 793 1087 849 1114; x_wconf 83' lang='grc' dir='ltr'><strong>τῶν</strong></span> 
     </span>
    </p>
   </div>
   <div class='ocr_carea' id='block_1_26' title="bbox 52 1132 849 1169">
    <p class='ocr_par' dir='ltr' id='par_1_26' title="bbox 52 1132 849 1169">
     <span class='ocr_line' id='line_1_26' title="bbox 52 1132 849 1169; baseline 0 -9"><span class='ocrx_word' id='word_1_188' title='bbox 52 1132 150 1167; x_wconf 73' lang='grc' dir='ltr'>ὁμοίων</span> <span class='ocrx_word' id='word_1_189' title='bbox 164 1133 320 1169; x_wconf 73' lang='grc' dir='ltr'>κατέστησε</span> <span class='ocrx_word' id='word_1_190' title='bbox 335 1133 418 1169; x_wconf 55' lang='lat'><strong>3“</strong></span> <span class='ocrx_word' id='word_1_191' title='bbox 428 1133 514 1169; x_wconf 82' lang='grc' dir='ltr'>νόμῳ,</span> <span class='ocrx_word' id='word_1_192' title='bbox 527 1133 576 1169; x_wconf 81' lang='grc' dir='ltr'>τὴν</span> <span class='ocrx_word' id='word_1_193' title='bbox 591 1133 725 1169; x_wconf 79' lang='grc' dir='ltr'>τιμωρίαν</span> <span class='ocrx_word' id='word_1_194' title='bbox 738 1133 849 1168; x_wconf 68' lang='grc' dir='ltr'>ἐπάγειν</span> 
     </span>
    </p>
   </div>
   <div class='ocr_carea' id='block_1_27' title="bbox 52 1178 846 1214">
    <p class='ocr_par' dir='ltr' id='par_1_27' title="bbox 52 1178 846 1214">
     <span class='ocr_line' id='line_1_27' title="bbox 52 1178 846 1214; baseline 0.003 -10"><span class='ocrx_word' id='word_1_195' title='bbox 52 1179 106 1209; x_wconf 82' lang='grc' dir='ltr'>τοῖς</span> <span class='ocrx_word' id='word_1_196' title='bbox 120 1178 313 1214; x_wconf 70' lang='grc' dir='ltr'>ἁμαρτάνουσι</span> <span class='ocrx_word' id='word_1_197' title='bbox 332 1178 463 1211; x_wconf 81' lang='grc' dir='ltr'>κελεύσας</span> <span class='ocrx_word' id='word_1_198' title='bbox 480 1178 564 1214; x_wconf 78' lang='grc' dir='ltr'>αὐτῷ,</span> <span class='ocrx_word' id='word_1_199' title='bbox 579 1179 630 1205; x_wconf 78' lang='grc' dir='ltr'>οὐκ</span> <span class='ocrx_word' id='word_1_200' title='bbox 651 1178 742 1211; x_wconf 74' lang='grc' dir='ltr'>ἄδικός</span> <span class='ocrx_word' id='word_1_201' title='bbox 763 1180 846 1207; x_wconf 75' lang='grc' dir='ltr'>ἐστιν.</span> 
     </span>
    </p>
   </div>
   <div class='ocr_carea' id='block_1_28' title="bbox 52 1222 850 1260">
    <p class='ocr_par' dir='ltr' id='par_1_28' title="bbox 52 1222 850 1260">
     <span class='ocr_line' id='line_1_28' title="bbox 52 1222 850 1260; baseline 0 -10"><span class='ocrx_word' id='word_1_202' title='bbox 52 1223 83 1250; x_wconf 78' lang='lat' dir='ltr'><strong>El</strong></span> <span class='ocrx_word' id='word_1_203' title='bbox 94 1223 123 1250; x_wconf 74' lang='grc' dir='ltr'><strong>δὲ</strong></span> <span class='ocrx_word' id='word_1_204' title='bbox 138 1224 182 1250; x_wconf 72' lang='grc' dir='ltr'>ἂτι</span> <span class='ocrx_word' id='word_1_205' title='bbox 199 1223 248 1250; x_wconf 75' lang='grc' dir='ltr'>καὶ</span> <span class='ocrx_word' id='word_1_206' title='bbox 261 1222 418 1250; x_wconf 62' lang='grc' dir='ltr'>ἀππάντα</span> <span class='ocrx_word' id='word_1_207' title='bbox 430 1224 587 1259; x_wconf 79' lang='grc' dir='ltr'><strong>τετίμηκεν,</strong></span> <span class='ocrx_word' id='word_1_208' title='bbox 602 1223 634 1250; x_wconf 73' lang='grc' dir='ltr'>τὸ</span> <span class='ocrx_word' id='word_1_209' title='bbox 646 1224 779 1260; x_wconf 82' lang='grc' dir='ltr'>χρήσιμον</span> <span class='ocrx_word' id='word_1_210' title='bbox 787 1224 801 1250; x_wconf 92' lang='lat'><strong>6</strong></span> <span class='ocrx_word' id='word_1_211' title='bbox 810 1232 850 1250; x_wconf 90' lang='grc' dir='ltr'>τι-</span> 
     </span>
    </p>
   </div>
   <div class='ocr_carea' id='block_1_29' title="bbox 53 1269 848 1306">
    <p class='ocr_par' dir='ltr' id='par_1_29' title="bbox 53 1269 848 1306">
     <span class='ocr_line' id='line_1_29' title="bbox 53 1269 848 1306; baseline -0.001 -10"><span class='ocrx_word' id='word_1_212' title='bbox 53 1270 141 1305; x_wconf 81' lang='grc' dir='ltr'>μήσας</span> <span class='ocrx_word' id='word_1_213' title='bbox 156 1269 298 1305; x_wconf 72' lang='grc' dir='ltr'>προείδεν,</span> <span class='ocrx_word' id='word_1_214' title='bbox 315 1270 357 1296; x_wconf 74' lang='grc' dir='ltr'>ὅτι</span> <span class='ocrx_word' id='word_1_215' title='bbox 371 1270 419 1296; x_wconf 84' lang='grc' dir='ltr'>καὶ</span> <span class='ocrx_word' id='word_1_216' title='bbox 437 1270 454 1306; x_wconf 82' lang='grc' dir='ltr'><strong>ἠ</strong></span> <span class='ocrx_word' id='word_1_217' title='bbox 472 1269 540 1305; x_wconf 84' lang='grc' dir='ltr'>τιμὴ</span> <span class='ocrx_word' id='word_1_218' title='bbox 556 1269 734 1306; x_wconf 83' lang='grc' dir='ltr'>πρόσκαιρος,</span> <span class='ocrx_word' id='word_1_219' title='bbox 746 1269 794 1297; x_wconf 77' lang='grc' dir='ltr'>καὶ</span> <span class='ocrx_word' id='word_1_220' title='bbox 808 1269 848 1296; x_wconf 76' lang='grc' dir='ltr'>ὅτι</span> 
     </span>
    </p>
   </div>
   <div class='ocr_carea' id='block_1_30' title="bbox 51 1314 849 1352">
    <p class='ocr_par' dir='ltr' id='par_1_30' title="bbox 51 1314 849 1352">
     <span class='ocr_line' id='line_1_30' title="bbox 51 1314 849 1352; baseline 0 -9"><span class='ocrx_word' id='word_1_221' title='bbox 51 1316 153 1343; x_wconf 78' lang='grc' dir='ltr'>δίκαιον</span> <span class='ocrx_word' id='word_1_222' title='bbox 165 1316 235 1348; x_wconf 81' lang='grc' dir='ltr'>τοὺς</span> <span class='ocrx_word' id='word_1_223' title='bbox 245 1316 348 1347; x_wconf 82' lang='grc' dir='ltr'>κακοὺς</span> <span class='ocrx_word' id='word_1_224' title='bbox 359 1315 412 1342; x_wconf 73' lang='grc' dir='ltr'>ὑπὸ</span> <span class='ocrx_word' id='word_1_225' title='bbox 420 1314 506 1343; x_wconf 79' lang='grc' dir='ltr'>κακοῦ</span> <span class='ocrx_word' id='word_1_226' title='bbox 520 1315 651 1351; x_wconf 77' lang='grc' dir='ltr'>ἄρχεσθαι</span> <span class='ocrx_word' id='word_1_227' title='bbox 668 1316 716 1343; x_wconf 74' lang='grc' dir='ltr'>καὶ</span> <span class='ocrx_word' id='word_1_228' title='bbox 724 1315 849 1352; x_wconf 85' lang='grc' dir='ltr'>ἀμαρτά-</span> 
     </span>
    </p>
   </div>
   <div class='ocr_carea' id='block_1_31' title="bbox 49 1361 511 1397">
    <p class='ocr_par' dir='ltr' id='par_1_31' title="bbox 49 1361 511 1397">
     <span class='ocr_line' id='line_1_31' title="bbox 49 1361 511 1397; baseline 0 -9"><span class='ocrx_word' id='word_1_229' title='bbox 49 1370 143 1395; x_wconf 76' lang='grc' dir='ltr'>νοντας</span> <span class='ocrx_word' id='word_1_230' title='bbox 158 1361 208 1389; x_wconf 78' lang='grc' dir='ltr'><strong>ὑπ’</strong></span> <span class='ocrx_word' id='word_1_231' title='bbox 219 1361 305 1388; x_wconf 76' lang='grc' dir='ltr'>αὐτοϋ</span> <span class='ocrx_word' id='word_1_232' title='bbox 322 1361 511 1397; x_wconf 77' lang='grc' dir='ltr'>τιμωρεῖσθαι.</span> 
     </span>
    </p>
   </div>
   <div class='ocr_carea' id='block_1_32' title="bbox 82 1458 848 1495">
    <p class='ocr_par' dir='ltr' id='par_1_32' title="bbox 82 1458 848 1495">
     <span class='ocr_line' id='line_1_32' title="bbox 82 1458 848 1495; baseline 0 -9"><span class='ocrx_word' id='word_1_233' title='bbox 82 1458 168 1486; x_wconf 78' lang='lat' dir='ltr'><strong>XVII.</strong></span> <span class='ocrx_word' id='word_1_234' title='bbox 191 1458 249 1485; x_wconf 73' lang='lat' dir='ltr'><strong>Kal</strong></span> <span class='ocrx_word' id='word_1_235' title='bbox 255 1459 270 1485; x_wconf 84' lang='lat'><strong>6</strong></span> <span class='ocrx_word' id='word_1_236' title='bbox 280 1458 370 1493; x_wconf 73' lang='grc' dir='ltr'>Σίμων</span> <span class='ocrx_word' id='word_1_237' title='bbox 379 1467 386 1474; x_wconf 93' lang='grc'>·</span> <span class='ocrx_word' id='word_1_238' title='bbox 396 1458 469 1495; x_wconf 83' lang='grc' dir='ltr'><strong>Μήτι</strong></span> <span class='ocrx_word' id='word_1_239' title='bbox 479 1459 523 1486; x_wconf 78' lang='grc' dir='ltr'>ἀεὶ</span> <span class='ocrx_word' id='word_1_240' title='bbox 530 1458 568 1485; x_wconf 85' lang='grc' dir='ltr'>ὣν</span> <span class='ocrx_word' id='word_1_241' title='bbox 576 1459 624 1486; x_wconf 76' lang='grc' dir='ltr'>καὶ</span> <span class='ocrx_word' id='word_1_242' title='bbox 634 1458 721 1491; x_wconf 74' lang='grc' dir='ltr'>οὕτως</span> <span class='ocrx_word' id='word_1_243' title='bbox 727 1459 848 1495; x_wconf 80' lang='grc' dir='ltr'>ἀναιρετ-</span> 
     </span>
    </p>
   </div>
   <div class='ocr_carea' id='block_1_33' title="bbox 46 1505 848 1541">
    <p class='ocr_par' dir='ltr' id='par_1_33' title="bbox 46 1505 848 1541">
     <span class='ocr_line' id='line_1_33' title="bbox 46 1505 848 1541; baseline 0.001 -9"><span class='ocrx_word' id='word_1_244' title='bbox 46 1514 90 1532; x_wconf 84' lang='grc' dir='ltr'><strong>ται</strong></span> <span class='ocrx_word' id='word_1_245' title='bbox 97 1505 132 1532; x_wconf 81' lang='grc' dir='ltr'><strong>τὰ</strong></span> <span class='ocrx_word' id='word_1_246' title='bbox 139 1505 194 1540; x_wconf 78' lang='grc' dir='ltr'>τῆς</span> <span class='ocrx_word' id='word_1_247' title='bbox 203 1505 362 1540; x_wconf 82' lang='grc' dir='ltr'>μοναρχίας,</span> <span class='ocrx_word' id='word_1_248' title='bbox 370 1505 609 1541; x_wconf 77' lang='grc' dir='ltr'>συναρχούσηςκαὶ</span> <span class='ocrx_word' id='word_1_249' title='bbox 616 1505 713 1541; x_wconf 80' lang='grc' dir='ltr'>ἑτέρας</span> <span class='ocrx_word' id='word_1_250' title='bbox 719 1505 769 1541; x_wconf 84' lang='grc' dir='ltr'><strong>τῆς</strong></span> <span class='ocrx_word' id='word_1_251' title='bbox 776 1505 848 1533; x_wconf 86' lang='grc' dir='ltr'><strong>κατά</strong></span> 
     </span>
    </p>
   </div>
   <div class='ocr_carea' id='block_1_34' title="bbox 46 1549 847 1586">
    <p class='ocr_par' dir='ltr' id='par_1_34' title="bbox 46 1549 847 1586">
     <span class='ocr_line' id='line_1_34' title="bbox 46 1549 847 1586; baseline 0.001 -10"><span class='ocrx_word' id='word_1_252' title='bbox 46 1551 94 1586; x_wconf 77' lang='grc' dir='ltr'>τὴν</span> <span class='ocrx_word' id='word_1_253' title='bbox 102 1550 174 1585; x_wconf 83' lang='grc' dir='ltr'>ὓλην</span> <span class='ocrx_word' id='word_1_254' title='bbox 182 1549 325 1585; x_wconf 79' lang='grc' dir='ltr'>δυνάμεως</span> <span class='ocrx_word' id='word_1_255' title='bbox 333 1558 341 1582; x_wconf 88' lang='grc'>;</span> <span class='ocrx_word' id='word_1_256' title='bbox 350 1550 424 1576; x_wconf 81' lang='lat' dir='ltr'><strong>Kal6</strong></span> <span class='ocrx_word' id='word_1_257' title='bbox 430 1551 532 1586; x_wconf 75' lang='grc' dir='ltr'>Πέτρος</span> <span class='ocrx_word' id='word_1_258' title='bbox 540 1559 546 1565; x_wconf 90' lang='grc'><strong>·</strong></span> <span class='ocrx_word' id='word_1_259' title='bbox 555 1550 587 1577; x_wconf 74' lang='lat' dir='ltr'><strong>Ei</strong></span> <span class='ocrx_word' id='word_1_260' title='bbox 596 1549 719 1586; x_wconf 80' lang='grc' dir='ltr'>διάφοροί</span> <span class='ocrx_word' id='word_1_261' title='bbox 727 1551 781 1577; x_wconf 85' lang='grc' dir='ltr'>είσι</span> <span class='ocrx_word' id='word_1_262' title='bbox 787 1551 847 1582; x_wconf 71' lang='grc' dir='ltr'>ταῖς</span> 
     </span>
    </p>
   </div>
   <div class='ocr_carea' id='block_1_35' title="bbox 46 1595 848 1632">
    <p class='ocr_par' dir='ltr' id='par_1_35' title="bbox 46 1595 848 1632">
     <span class='ocr_line' id='line_1_35' title="bbox 46 1595 848 1632; baseline 0 -9"><span class='ocrx_word' id='word_1_263' title='bbox 46 1596 165 1627; x_wconf 76' lang='grc' dir='ltr'>οὐσίαις,</span> <span class='ocrx_word' id='word_1_264' title='bbox 173 1595 300 1631; x_wconf 75' lang='grc' dir='ltr'>διάφοροί</span> <span class='ocrx_word' id='word_1_265' title='bbox 305 1596 637 1631; x_wconf 74' lang='grc' dir='ltr'>είσικαὶταῖςδυνάμεσιν,</span> <span class='ocrx_word' id='word_1_266' title='bbox 645 1597 710 1623; x_wconf 76' lang='grc' dir='ltr'>καὶὸ</span> <span class='ocrx_word' id='word_1_267' title='bbox 716 1596 848 1632; x_wconf 81' lang='grc' dir='ltr'>κρείττων</span> 
     </span>
    </p>
   </div>
   <div class='ocr_carea' id='block_1_36' title="bbox 46 1642 849 1679">
    <p class='ocr_par' dir='ltr' id='par_1_36' title="bbox 46 1642 849 1679">
     <span class='ocr_line' id='line_1_36' title="bbox 46 1642 849 1679; baseline 0 -9"><span class='ocrx_word' id='word_1_268' title='bbox 46 1644 127 1679; x_wconf 74' lang='grc' dir='ltr'>ἄρχει</span> <span class='ocrx_word' id='word_1_269' title='bbox 134 1642 187 1669; x_wconf 82' lang='grc' dir='ltr'>τοῦ</span> <span class='ocrx_word' id='word_1_270' title='bbox 195 1643 351 1677; x_wconf 65' lang='grc' dir='ltr'>ἥττονοςΕί</span> <span class='ocrx_word' id='word_1_271' title='bbox 358 1642 388 1669; x_wconf 80' lang='grc' dir='ltr'><strong>δὲ</strong></span> <span class='ocrx_word' id='word_1_272' title='bbox 394 1643 443 1678; x_wconf 86' lang='grc' dir='ltr'><strong>τῆς</strong></span> <span class='ocrx_word' id='word_1_273' title='bbox 449 1642 534 1677; x_wconf 81' lang='grc' dir='ltr'>αὐτῆς</span> <span class='ocrx_word' id='word_1_274' title='bbox 541 1642 610 1670; x_wconf 70' lang='grc' dir='ltr'>εἰσιν</span> <span class='ocrx_word' id='word_1_275' title='bbox 617 1643 721 1675; x_wconf 80' lang='grc' dir='ltr'>οὐσίας,</span> <span class='ocrx_word' id='word_1_276' title='bbox 726 1643 787 1670; x_wconf 76' lang='grc' dir='ltr'>τότε</span> <span class='ocrx_word' id='word_1_277' title='bbox 797 1643 849 1670; x_wconf 76' lang='lat' dir='ltr'><strong>lao-</strong></span> 
     </span>
    </p>
   </div>
   <div class='ocr_carea' id='block_1_37' title="bbox 46 1688 847 1726">
    <p class='ocr_par' dir='ltr' id='par_1_37' title="bbox 46 1688 847 1726">
     <span class='ocr_line' id='line_1_37' title="bbox 46 1688 847 1726; baseline 0 -10"><span class='ocrx_word' id='word_1_278' title='bbox 46 1690 163 1725; x_wconf 73' lang='grc' dir='ltr'>δύναμοι</span> <span class='ocrx_word' id='word_1_279' title='bbox 171 1688 364 1724; x_wconf 78' lang='grc' dir='ltr'>τυγχάνουσιν,</span> <span class='ocrx_word' id='word_1_280' title='bbox 372 1689 419 1716; x_wconf 75' lang='grc' dir='ltr'>καὶ</span> <span class='ocrx_word' id='word_1_281' title='bbox 424 1690 524 1724; x_wconf 82' lang='grc' dir='ltr'>ὁμοίως</span> <span class='ocrx_word' id='word_1_282' title='bbox 530 1689 649 1726; x_wconf 79' lang='grc' dir='ltr'>ἀγαθοὶῆ</span> <span class='ocrx_word' id='word_1_283' title='bbox 657 1690 812 1717; x_wconf 82' lang='grc' dir='ltr'>κακοί.’¹οτι</span> <span class='ocrx_word' id='word_1_284' title='bbox 817 1689 847 1716; x_wconf 72' lang='grc' dir='ltr'><strong>δὲ</strong></span> 
     </span>
    </p>
   </div>
   <div class='ocr_carea' id='block_1_38' title="bbox 46 1733 846 1771">
    <p class='ocr_par' dir='ltr' id='par_1_38' title="bbox 46 1733 846 1771">
     <span class='ocr_line' id='line_1_38' title="bbox 46 1733 846 1771; baseline 0 -9"><span class='ocrx_word' id='word_1_285' title='bbox 46 1736 96 1762; x_wconf 81' lang='grc' dir='ltr'>οὐκ</span> <span class='ocrx_word' id='word_1_286' title='bbox 106 1736 179 1762; x_wconf 79' lang='grc' dir='ltr'>εἰσὶν</span> <span class='ocrx_word' id='word_1_287' title='bbox 191 1733 357 1770; x_wconf 81' lang='grc' dir='ltr'>ίσοδύναμοι,</span> <span class='ocrx_word' id='word_1_288' title='bbox 364 1735 394 1761; x_wconf 82' lang='grc' dir='ltr'>οὐ</span> <span class='ocrx_word' id='word_1_289' title='bbox 400 1736 451 1770; x_wconf 85' lang='grc' dir='ltr'><strong>τῆς</strong></span> <span class='ocrx_word' id='word_1_290' title='bbox 460 1735 545 1771; x_wconf 77' lang='grc' dir='ltr'>αὐτῆς</span> <span class='ocrx_word' id='word_1_291' title='bbox 552 1735 646 1767; x_wconf 80' lang='grc' dir='ltr'>οὐσίας</span> <span class='ocrx_word' id='word_1_292' title='bbox 653 1734 677 1751; x_wconf 77' lang='grc'><strong>’⁵⁸</strong></span> <span class='ocrx_word' id='word_1_293' title='bbox 688 1734 828 1770; x_wconf 87' lang='grc' dir='ltr'>φαίνονται</span> <span class='ocrx_word' id='word_1_294' title='bbox 839 1743 846 1751; x_wconf 89' lang='grc'>·</span> 
     </span>
    </p>
   </div>
   <div class='ocr_carea' id='block_1_39' title="bbox 47 1776 847 1816">
    <p class='ocr_par' dir='ltr' id='par_1_39' title="bbox 47 1776 847 1816">
     <span class='ocr_line' id='line_1_39' title="bbox 47 1776 847 1816; baseline 0 -10"><span class='ocrx_word' id='word_1_295' title='bbox 47 1781 101 1807; x_wconf 74' lang='grc' dir='ltr'><strong>ὑπὸ</strong></span> <span class='ocrx_word' id='word_1_296' title='bbox 113 1780 173 1816; x_wconf 83' lang='grc' dir='ltr'>γὰρ</span> <span class='ocrx_word' id='word_1_297' title='bbox 182 1779 232 1806; x_wconf 86' lang='grc' dir='ltr'>τοῦ</span> <span class='ocrx_word' id='word_1_298' title='bbox 243 1779 415 1815; x_wconf 84' lang='grc' dir='ltr'>Δημιουργοῦ</span> <span class='ocrx_word' id='word_1_299' title='bbox 428 1781 444 1815; x_wconf 83' lang='grc' dir='ltr'><strong>ή</strong></span> <span class='ocrx_word' id='word_1_300' title='bbox 459 1779 509 1815; x_wconf 83' lang='grc' dir='ltr'>ὕλη</span> <span class='ocrx_word' id='word_1_301' title='bbox 526 1780 567 1812; x_wconf 82' lang='grc' dir='ltr'>είς</span> <span class='ocrx_word' id='word_1_302' title='bbox 580 1776 636 1807; x_wconf 76' lang='grc' dir='ltr'>οἷον</span> <span class='ocrx_word' id='word_1_303' title='bbox 648 1779 765 1816; x_wconf 67' lang='grc' dir='ltr'>ἠθέλησε</span> <span class='ocrx_word' id='word_1_304' title='bbox 782 1779 847 1807; x_wconf 86' lang='grc' dir='ltr'>κόσ-</span> 
     </span>
    </p>
   </div>
   <div class='ocr_carea' id='block_1_40' title="bbox 46 1825 847 1863">
    <p class='ocr_par' dir='ltr' id='par_1_40' title="bbox 46 1825 847 1863">
     <span class='ocr_line' id='line_1_40' title="bbox 46 1825 847 1863; baseline -0.002 -9"><span class='ocrx_word' id='word_1_305' title='bbox 46 1836 98 1863; x_wconf 84' lang='grc' dir='ltr'><strong>μου</strong></span> <span class='ocrx_word' id='word_1_306' title='bbox 115 1825 221 1861; x_wconf 75' lang='grc' dir='ltr'>ἠνέχθη</span> <span class='ocrx_word' id='word_1_307' title='bbox 237 1826 340 1861; x_wconf 85' lang='grc' dir='ltr'>σχῆμα.</span> <span class='ocrx_word' id='word_1_308' title='bbox 356 1826 410 1852; x_wconf 78' lang='grc' dir='ltr'><strong>Καὶ</strong></span> <span class='ocrx_word' id='word_1_309' title='bbox 429 1826 493 1861; x_wconf 87' lang='grc' dir='ltr'>μήτι</span> <span class='ocrx_word' id='word_1_310' title='bbox 505 1833 538 1860; x_wconf 84' lang='grc' dir='ltr'><strong>γε</strong></span> <span class='ocrx_word' id='word_1_311' title='bbox 553 1825 627 1852; x_wconf 74' lang='grc' dir='ltr'>ἔστιν</span> <span class='ocrx_word' id='word_1_312' title='bbox 641 1826 739 1858; x_wconf 75' lang='grc' dir='ltr'>εἰπεῖν,</span> <span class='ocrx_word' id='word_1_313' title='bbox 750 1825 791 1852; x_wconf 68' lang='grc' dir='ltr'>ὃτι</span> <span class='ocrx_word' id='word_1_314' title='bbox 803 1825 847 1852; x_wconf 78' lang='grc' dir='ltr'>ἀεὶ</span> 
     </span>
    </p>
   </div>
   <div class='ocr_carea' id='block_1_41' title="bbox 940 397 1690 434">
    <p class='ocr_par' dir='ltr' id='par_1_41' title="bbox 940 397 1690 434">
     <span class='ocr_line' id='line_1_41' title="bbox 940 397 1690 434; baseline 0.001 -9"><span class='ocrx_word' id='word_1_315' title='bbox 940 397 1010 426; x_wconf 76' lang='lat' dir='ltr'><strong>XVI.</strong></span> <span class='ocrx_word' id='word_1_316' title='bbox 1030 399 1071 426; x_wconf 78' lang='lat' dir='ltr'><strong>Ad</strong></span> <span class='ocrx_word' id='word_1_317' title='bbox 1085 399 1143 427; x_wconf 67' lang='lat' dir='ltr'><strong>haec</strong></span> <span class='ocrx_word' id='word_1_318' title='bbox 1158 398 1252 427; x_wconf 88' lang='lat' dir='ltr'><strong>Simon</strong></span> <span class='ocrx_word' id='word_1_319' title='bbox 1269 408 1276 427; x_wconf 94' lang='lat'><strong>:</strong></span> <span class='ocrx_word' id='word_1_320' title='bbox 1293 399 1331 427; x_wconf 88' lang='lat' dir='ltr'><strong>De</strong></span> <span class='ocrx_word' id='word_1_321' title='bbox 1344 399 1417 426; x_wconf 91' lang='lat' dir='ltr'><strong>malo</strong></span> <span class='ocrx_word' id='word_1_322' title='bbox 1434 398 1507 426; x_wconf 90' lang='lat' dir='ltr'><strong>aliud</strong></span> <span class='ocrx_word' id='word_1_323' title='bbox 1522 398 1586 434; x_wconf 88' lang='lat' dir='ltr'><strong>quid</strong></span> <span class='ocrx_word' id='word_1_324' title='bbox 1601 398 1690 426; x_wconf 81' lang='lat' dir='ltr'><strong>dicere</strong></span> 
     </span>
    </p>
   </div>
   <div class='ocr_carea' id='block_1_42' title="bbox 907 443 1692 477">
    <p class='ocr_par' dir='ltr' id='par_1_42' title="bbox 907 443 1692 477">
     <span class='ocr_line' id='line_1_42' title="bbox 907 443 1692 477; baseline -0.001 -5"><span class='ocrx_word' id='word_1_325' title='bbox 907 444 1003 472; x_wconf 88' lang='lat' dir='ltr'><strong>habeo.</strong></span> <span class='ocrx_word' id='word_1_326' title='bbox 1018 444 1151 472; x_wconf 84' lang='lat' dir='ltr'><strong>Nimirum</strong></span> <span class='ocrx_word' id='word_1_327' title='bbox 1169 445 1192 473; x_wconf 88' lang='lat' dir='ltr'><strong>si</strong></span> <span class='ocrx_word' id='word_1_328' title='bbox 1207 445 1279 472; x_wconf 84' lang='lat' dir='ltr'><strong>Deus</strong></span> <span class='ocrx_word' id='word_1_329' title='bbox 1300 452 1364 472; x_wconf 90' lang='lat' dir='ltr'><strong>eum</strong></span> <span class='ocrx_word' id='word_1_330' title='bbox 1386 452 1420 472; x_wconf 89' lang='lat' dir='ltr'><strong>ex</strong></span> <span class='ocrx_word' id='word_1_331' title='bbox 1442 444 1529 472; x_wconf 88' lang='lat' dir='ltr'><strong>nihilo</strong></span> <span class='ocrx_word' id='word_1_332' title='bbox 1547 443 1621 477; x_wconf 87' lang='lat' dir='ltr'><strong>fecit,</strong></span> <span class='ocrx_word' id='word_1_333' title='bbox 1640 443 1692 472; x_wconf 87' lang='lat' dir='ltr'><strong>hac</strong></span> 
     </span>
    </p>
   </div>
   <div class='ocr_carea' id='block_1_43' title="bbox 904 489 1690 524">
    <p class='ocr_par' dir='ltr' id='par_1_43' title="bbox 904 489 1690 524">
     <span class='ocr_line' id='line_1_43' title="bbox 904 489 1690 524; baseline 0 -8"><span class='ocrx_word' id='word_1_334' title='bbox 904 496 1015 524; x_wconf 85' lang='lat' dir='ltr'><strong>quoque</strong></span> <span class='ocrx_word' id='word_1_335' title='bbox 1030 489 1137 517; x_wconf 85' lang='lat' dir='ltr'><strong>ratione</strong></span> <span class='ocrx_word' id='word_1_336' title='bbox 1150 494 1257 518; x_wconf 76' lang='lat' dir='ltr'><strong>creator</strong></span> <span class='ocrx_word' id='word_1_337' title='bbox 1276 494 1319 517; x_wconf 84' lang='lat' dir='ltr'><strong>est</strong></span> <span class='ocrx_word' id='word_1_338' title='bbox 1333 490 1431 522; x_wconf 88' lang='lat' dir='ltr'><strong>malus,</strong></span> <span class='ocrx_word' id='word_1_339' title='bbox 1452 493 1543 524; x_wconf 85' lang='lat' dir='ltr'><strong>utpote</strong></span> <span class='ocrx_word' id='word_1_340' title='bbox 1563 489 1610 524; x_wconf 88' lang='lat' dir='ltr'><strong>qui</strong></span> <span class='ocrx_word' id='word_1_341' title='bbox 1634 497 1690 516; x_wconf 92' lang='lat' dir='ltr'><strong>non</strong></span> 
     </span>
    </p>
   </div>
   <div class='ocr_carea' id='block_1_44' title="bbox 904 535 1690 571">
    <p class='ocr_par' dir='ltr' id='par_1_44' title="bbox 904 535 1690 571">
     <span class='ocr_line' id='line_1_44' title="bbox 904 535 1690 571; baseline -0.001 -8"><span class='ocrx_word' id='word_1_342' title='bbox 904 536 1067 564; x_wconf 84' lang='lat' dir='ltr'><strong>existentem</strong></span> <span class='ocrx_word' id='word_1_343' title='bbox 1085 535 1219 571; x_wconf 82' lang='lat' dir='ltr'><strong>ejusmodi</strong></span> <span class='ocrx_word' id='word_1_344' title='bbox 1236 535 1343 570; x_wconf 83' lang='lat' dir='ltr'><strong>fecerit,</strong></span> <span class='ocrx_word' id='word_1_345' title='bbox 1361 535 1487 570; x_wconf 77' lang='lat' dir='ltr'><strong>quamvis</strong></span> <span class='ocrx_word' id='word_1_346' title='bbox 1508 535 1612 569; x_wconf 84' lang='lat' dir='ltr'><strong>liceret,</strong></span> <span class='ocrx_word' id='word_1_347' title='bbox 1627 542 1690 563; x_wconf 90' lang='lat' dir='ltr'><strong>eum</strong></span> 
     </span>
    </p>
   </div>
   <div class='ocr_carea' id='block_1_45' title="bbox 905 580 1689 617">
    <p class='ocr_par' dir='ltr' id='par_1_45' title="bbox 905 580 1689 617">
     <span class='ocr_line' id='line_1_45' title="bbox 905 580 1689 617; baseline -0.004 -8"><span class='ocrx_word' id='word_1_348' title='bbox 905 581 994 609; x_wconf 81' lang='lat' dir='ltr'><strong>facere</strong></span> <span class='ocrx_word' id='word_1_349' title='bbox 1009 581 1124 615; x_wconf 85' lang='lat' dir='ltr'><strong>bonum,</strong></span> <span class='ocrx_word' id='word_1_350' title='bbox 1139 582 1163 610; x_wconf 90' lang='lat' dir='ltr'><strong>si</strong></span> <span class='ocrx_word' id='word_1_351' title='bbox 1180 581 1301 617; x_wconf 89' lang='lat' dir='ltr'><strong>genitum</strong></span> <span class='ocrx_word' id='word_1_352' title='bbox 1325 581 1362 608; x_wconf 88' lang='lat' dir='ltr'><strong>ita</strong></span> <span class='ocrx_word' id='word_1_353' title='bbox 1384 585 1513 614; x_wconf 81' lang='lat' dir='ltr'><strong>creasset,</strong></span> <span class='ocrx_word' id='word_1_354' title='bbox 1531 585 1561 608; x_wconf 95' lang='lat' dir='ltr'><strong>ut</strong></span> <span class='ocrx_word' id='word_1_355' title='bbox 1581 580 1689 616; x_wconf 86' lang='lat' dir='ltr'><strong>propria</strong></span> 
     </span>
    </p>
   </div>
   <div class='ocr_carea' id='block_1_46' title="bbox 904 627 1688 663">
    <p class='ocr_par' dir='ltr' id='par_1_46' title="bbox 904 627 1688 663">
     <span class='ocr_line' id='line_1_46' title="bbox 904 627 1688 663; baseline -0.003 -8"><span class='ocrx_word' id='word_1_356' title='bbox 904 633 1002 655; x_wconf 88' lang='lat' dir='ltr'><strong>natura</strong></span> <span class='ocrx_word' id='word_1_357' title='bbox 1024 628 1236 663; x_wconf 83' lang='lat' dir='ltr'><strong>propensitatem</strong></span> <span class='ocrx_word' id='word_1_358' title='bbox 1263 627 1297 655; x_wconf 89' lang='lat' dir='ltr'><strong>ad</strong></span> <span class='ocrx_word' id='word_1_359' title='bbox 1321 627 1422 654; x_wconf 90' lang='lat' dir='ltr'><strong>malum</strong></span> <span class='ocrx_word' id='word_1_360' title='bbox 1449 635 1504 654; x_wconf 84' lang='lat' dir='ltr'><strong>non</strong></span> <span class='ocrx_word' id='word_1_361' title='bbox 1528 627 1688 662; x_wconf 79' lang='lat' dir='ltr'><strong>possideret.</strong></span> 
     </span>
    </p>
   </div>
   <div class='ocr_carea' id='block_1_47' title="bbox 903 671 1690 708">
    <p class='ocr_par' dir='ltr' id='par_1_47' title="bbox 903 671 1690 708">
     <span class='ocr_line' id='line_1_47' title="bbox 903 671 1690 708; baseline -0.004 -7"><span class='ocrx_word' id='word_1_362' title='bbox 903 673 972 701; x_wconf 86' lang='lat' dir='ltr'><strong>Tum</strong></span> <span class='ocrx_word' id='word_1_363' title='bbox 996 673 1093 702; x_wconf 79' lang='lat' dir='ltr'><strong>Petrus</strong></span> <span class='ocrx_word' id='word_1_364' title='bbox 1107 683 1115 701; x_wconf 84' lang='lat'><strong>:</strong></span> <span class='ocrx_word' id='word_1_365' title='bbox 1129 673 1207 707; x_wconf 85' lang='lat' dir='ltr'><strong>Quod</strong></span> <span class='ocrx_word' id='word_1_366' title='bbox 1232 673 1329 702; x_wconf 78' lang='lat' dir='ltr'><strong>fecerit</strong></span> <span class='ocrx_word' id='word_1_367' title='bbox 1347 681 1382 701; x_wconf 86' lang='lat' dir='ltr'><strong>ex</strong></span> <span class='ocrx_word' id='word_1_368' title='bbox 1407 673 1491 700; x_wconf 88' lang='lat' dir='ltr'><strong>nihilo</strong></span> <span class='ocrx_word' id='word_1_369' title='bbox 1506 671 1690 708; x_wconf 86' lang='lat' dir='ltr'><strong>propensilate</strong></span> 
     </span>
    </p>
   </div>
   <div class='ocr_carea' id='block_1_48' title="bbox 902 718 1689 755">
    <p class='ocr_par' dir='ltr' id='par_1_48' title="bbox 902 718 1689 755">
     <span class='ocr_line' id='line_1_48' title="bbox 902 718 1689 755; baseline -0.001 -9"><span class='ocrx_word' id='word_1_370' title='bbox 902 719 1045 755; x_wconf 67' lang='lat' dir='ltr'><strong>prmditum</strong></span> <span class='ocrx_word' id='word_1_371' title='bbox 1069 728 1124 748; x_wconf 90' lang='lat' dir='ltr'><strong>non</strong></span> <span class='ocrx_word' id='word_1_372' title='bbox 1140 720 1230 748; x_wconf 84' lang='lat' dir='ltr'><strong>dillert</strong></span> <span class='ocrx_word' id='word_1_373' title='bbox 1242 720 1277 747; x_wconf 87' lang='lat' dir='ltr'><strong>ab</strong></span> <span class='ocrx_word' id='word_1_374' title='bbox 1292 719 1355 752; x_wconf 82' lang='lat' dir='ltr'><strong>illo,</strong></span> <span class='ocrx_word' id='word_1_375' title='bbox 1370 719 1442 754; x_wconf 91' lang='lat' dir='ltr'><strong>quod</strong></span> <span class='ocrx_word' id='word_1_376' title='bbox 1459 726 1541 753; x_wconf 80' lang='lat' dir='ltr'><strong>supra</strong></span> <span class='ocrx_word' id='word_1_377' title='bbox 1557 718 1689 751; x_wconf 87' lang='lat' dir='ltr'><strong>diximus,</strong></span> 
     </span>
    </p>
   </div>
   <div class='ocr_carea' id='block_1_49' title="bbox 903 764 1690 802">
    <p class='ocr_par' dir='ltr' id='par_1_49' title="bbox 903 764 1690 802">
     <span class='ocr_line' id='line_1_49' title="bbox 903 764 1690 802; baseline -0.004 -8"><span class='ocrx_word' id='word_1_378' title='bbox 903 774 965 794; x_wconf 86' lang='lat' dir='ltr'><strong>eum</strong></span> <span class='ocrx_word' id='word_1_379' title='bbox 980 766 1044 802; x_wconf 83' lang='lat' dir='ltr'><strong>quia</strong></span> <span class='ocrx_word' id='word_1_380' title='bbox 1059 766 1139 794; x_wconf 86' lang='lat' dir='ltr'><strong>malis</strong></span> <span class='ocrx_word' id='word_1_381' title='bbox 1151 766 1281 802; x_wconf 77' lang='lat' dir='ltr'><strong>gauderet</strong></span> <span class='ocrx_word' id='word_1_382' title='bbox 1302 765 1431 794; x_wconf 88' lang='lat' dir='ltr'><strong>mistione</strong></span> <span class='ocrx_word' id='word_1_383' title='bbox 1452 764 1604 800; x_wconf 88' lang='lat' dir='ltr'><strong>composita</strong></span> <span class='ocrx_word' id='word_1_384' title='bbox 1624 772 1690 792; x_wconf 90' lang='lat' dir='ltr'><strong>cau-</strong></span> 
     </span>
    </p>
   </div>
   <div class='ocr_carea' id='block_1_50' title="bbox 902 810 1688 847">
    <p class='ocr_par' dir='ltr' id='par_1_50' title="bbox 902 810 1688 847">
     <span class='ocr_line' id='line_1_50' title="bbox 902 810 1688 847; baseline -0.003 -8"><span class='ocrx_word' id='word_1_385' title='bbox 902 819 962 839; x_wconf 90' lang='lat' dir='ltr'><strong>sam</strong></span> <span class='ocrx_word' id='word_1_386' title='bbox 977 819 1037 840; x_wconf 84' lang='lat' dir='ltr'><strong>esse</strong></span> <span class='ocrx_word' id='word_1_387' title='bbox 1052 811 1138 839; x_wconf 88' lang='lat' dir='ltr'><strong>videri</strong></span> <span class='ocrx_word' id='word_1_388' title='bbox 1158 819 1267 842; x_wconf 89' lang='lat' dir='ltr'><strong>eorum.</strong></span> <span class='ocrx_word' id='word_1_389' title='bbox 1292 819 1353 847; x_wconf 67' lang='lat' dir='ltr'><strong>quae</strong></span> <span class='ocrx_word' id='word_1_390' title='bbox 1367 811 1540 846; x_wconf 87' lang='lat' dir='ltr'><strong>proveniunt.</strong></span> <span class='ocrx_word' id='word_1_391' title='bbox 1558 810 1627 837; x_wconf 91' lang='lat' dir='ltr'><strong>Cum</strong></span> <span class='ocrx_word' id='word_1_392' title='bbox 1641 818 1688 837; x_wconf 85' lang='lat' dir='ltr'><strong>ea-</strong></span> 
     </span>
    </p>
   </div>
   <div class='ocr_carea' id='block_1_51' title="bbox 902 857 1689 894">
    <p class='ocr_par' dir='ltr' id='par_1_51' title="bbox 902 857 1689 894">
     <span class='ocr_line' id='line_1_51' title="bbox 902 857 1689 894; baseline -0.004 -8"><span class='ocrx_word' id='word_1_393' title='bbox 902 857 964 886; x_wconf 80' lang='lat' dir='ltr'><strong>dem</strong></span> <span class='ocrx_word' id='word_1_394' title='bbox 985 858 1021 886; x_wconf 82' lang='lat' dir='ltr'><strong>sit</strong></span> <span class='ocrx_word' id='word_1_395' title='bbox 1041 858 1185 894; x_wconf 87' lang='lat' dir='ltr'><strong>utriusque</strong></span> <span class='ocrx_word' id='word_1_396' title='bbox 1204 858 1317 890; x_wconf 90' lang='lat' dir='ltr'><strong>solutio,</strong></span> <span class='ocrx_word' id='word_1_397' title='bbox 1341 857 1456 893; x_wconf 82' lang='lat' dir='ltr'><strong>posthac</strong></span> <span class='ocrx_word' id='word_1_398' title='bbox 1479 857 1689 892; x_wconf 83' lang='lat' dir='ltr'><strong>explicabimus,</strong></span> 
     </span>
    </p>
   </div>
   <div class='ocr_carea' id='block_1_52' title="bbox 901 903 1690 939">
    <p class='ocr_par' dir='ltr' id='par_1_52' title="bbox 901 903 1690 939">
     <span class='ocr_line' id='line_1_52' title="bbox 901 903 1690 939; baseline 0 -8"><span class='ocrx_word' id='word_1_399' title='bbox 901 911 952 931; x_wconf 90' lang='lat' dir='ltr'><strong>cur</strong></span> <span class='ocrx_word' id='word_1_400' title='bbox 965 903 1001 931; x_wconf 90' lang='lat' dir='ltr'><strong>ita</strong></span> <span class='ocrx_word' id='word_1_401' title='bbox 1017 904 1175 931; x_wconf 81' lang='lat' dir='ltr'><strong>ordinatum</strong></span> <span class='ocrx_word' id='word_1_402' title='bbox 1187 903 1234 936; x_wconf 73' lang='lat' dir='ltr'><strong>sit,</strong></span> <span class='ocrx_word' id='word_1_403' title='bbox 1246 908 1276 931; x_wconf 78' lang='lat' dir='ltr'><strong>ut</strong></span> <span class='ocrx_word' id='word_1_404' title='bbox 1287 903 1423 931; x_wconf 89' lang='lat' dir='ltr'><strong>malorum</strong></span> <span class='ocrx_word' id='word_1_405' title='bbox 1439 903 1558 938; x_wconf 84' lang='lat' dir='ltr'><strong>pernicie</strong></span> <span class='ocrx_word' id='word_1_406' title='bbox 1572 904 1690 939; x_wconf 81' lang='lat' dir='ltr'><strong>gaudere</strong></span> 
     </span>
    </p>
   </div>
   <div class='ocr_carea' id='block_1_53' title="bbox 901 948 1690 985">
    <p class='ocr_par' dir='ltr' id='par_1_53' title="bbox 901 948 1690 985">
     <span class='ocr_line' id='line_1_53' title="bbox 901 948 1690 985; baseline 0.001 -8"><span class='ocrx_word' id='word_1_407' title='bbox 901 949 1037 977; x_wconf 85' lang='lat' dir='ltr'><strong>videatur.</strong></span> <span class='ocrx_word' id='word_1_408' title='bbox 1052 948 1086 977; x_wconf 86' lang='lat' dir='ltr'><strong>Et</strong></span> <span class='ocrx_word' id='word_1_409' title='bbox 1102 949 1196 978; x_wconf 89' lang='lat' dir='ltr'><strong>Simon</strong></span> <span class='ocrx_word' id='word_1_410' title='bbox 1209 958 1216 976; x_wconf 93' lang='lat'>:</span> <span class='ocrx_word' id='word_1_411' title='bbox 1229 949 1258 977; x_wconf 90' lang='lat' dir='ltr'><strong>Si</strong></span> <span class='ocrx_word' id='word_1_412' title='bbox 1274 954 1300 977; x_wconf 89' lang='lat' dir='ltr'><strong>et</strong></span> <span class='ocrx_word' id='word_1_413' title='bbox 1314 949 1426 985; x_wconf 77' lang='lat' dir='ltr'><strong>angelos</strong></span> <span class='ocrx_word' id='word_1_414' title='bbox 1441 950 1534 978; x_wconf 68' lang='lat' dir='ltr'><strong>libera:</strong></span> <span class='ocrx_word' id='word_1_415' title='bbox 1547 950 1690 984; x_wconf 71' lang='lat' dir='ltr'><strong>potestatis</strong></span> 
     </span>
    </p>
   </div>
   <div class='ocr_carea' id='block_1_54' title="bbox 900 993 1688 1029">
    <p class='ocr_par' dir='ltr' id='par_1_54' title="bbox 900 993 1688 1029">
     <span class='ocr_line' id='line_1_54' title="bbox 900 993 1688 1029; baseline -0.001 -8"><span class='ocrx_word' id='word_1_416' title='bbox 900 993 975 1027; x_wconf 87' lang='lat' dir='ltr'><strong>fecit,</strong></span> <span class='ocrx_word' id='word_1_417' title='bbox 993 995 1082 1023; x_wconf 86' lang='lat' dir='ltr'><strong>malus</strong></span> <span class='ocrx_word' id='word_1_418' title='bbox 1111 999 1201 1022; x_wconf 89' lang='lat' dir='ltr'><strong>autem</strong></span> <span class='ocrx_word' id='word_1_419' title='bbox 1215 993 1308 1029; x_wconf 86' lang='lat' dir='ltr'><strong>justus</strong></span> <span class='ocrx_word' id='word_1_420' title='bbox 1330 1001 1390 1022; x_wconf 82' lang='lat' dir='ltr'><strong>esse</strong></span> <span class='ocrx_word' id='word_1_421' title='bbox 1409 994 1524 1027; x_wconf 85' lang='lat' dir='ltr'><strong>destitit,</strong></span> <span class='ocrx_word' id='word_1_422' title='bbox 1536 1001 1586 1022; x_wconf 86' lang='lat' dir='ltr'><strong>cur</strong></span> <span class='ocrx_word' id='word_1_423' title='bbox 1601 994 1688 1029; x_wconf 84' lang='lat' dir='ltr'><strong>impe—</strong></span> 
     </span>
    </p>
   </div>
   <div class='ocr_carea' id='block_1_55' title="bbox 899 1039 1688 1075">
    <p class='ocr_par' dir='ltr' id='par_1_55' title="bbox 899 1039 1688 1075">
     <span class='ocr_line' id='line_1_55' title="bbox 899 1039 1688 1075; baseline -0.003 -7"><span class='ocrx_word' id='word_1_424' title='bbox 899 1041 942 1069; x_wconf 86' lang='lat' dir='ltr'><strong>rio</strong></span> <span class='ocrx_word' id='word_1_425' title='bbox 949 1040 1151 1069; x_wconf 74' lang='lat' dir='ltr'><strong>honorabatur?</strong></span> <span class='ocrx_word' id='word_1_426' title='bbox 1164 1039 1298 1068; x_wconf 83' lang='lat' dir='ltr'><strong>Nimirum</strong></span> <span class='ocrx_word' id='word_1_427' title='bbox 1309 1039 1332 1067; x_wconf 83' lang='lat' dir='ltr'><strong>is</strong></span> <span class='ocrx_word' id='word_1_428' title='bbox 1342 1040 1389 1075; x_wconf 91' lang='lat' dir='ltr'><strong>qui</strong></span> <span class='ocrx_word' id='word_1_429' title='bbox 1401 1039 1557 1072; x_wconf 85' lang='lat' dir='ltr'><strong>honoravit,</strong></span> <span class='ocrx_word' id='word_1_430' title='bbox 1564 1039 1600 1068; x_wconf 91' lang='lat' dir='ltr'><strong>ob</strong></span> <span class='ocrx_word' id='word_1_431' title='bbox 1606 1048 1688 1075; x_wconf 83' lang='lat' dir='ltr'><strong>quem</strong></span> 
     </span>
    </p>
   </div>
   <div class='ocr_carea' id='block_1_56' title="bbox 901 1086 1686 1124">
    <p class='ocr_par' dir='ltr' id='par_1_56' title="bbox 901 1086 1686 1124">
     <span class='ocr_line' id='line_1_56' title="bbox 901 1086 1686 1124; baseline -0.001 -9"><span class='ocrx_word' id='word_1_432' title='bbox 901 1087 1055 1121; x_wconf 80' lang='lat' dir='ltr'><strong>honoravit,</strong></span> <span class='ocrx_word' id='word_1_433' title='bbox 1084 1088 1164 1115; x_wconf 90' lang='lat' dir='ltr'><strong>malis</strong></span> <span class='ocrx_word' id='word_1_434' title='bbox 1187 1087 1307 1124; x_wconf 85' lang='lat' dir='ltr'><strong>gaudere</strong></span> <span class='ocrx_word' id='word_1_435' title='bbox 1324 1087 1442 1115; x_wconf 86' lang='lat' dir='ltr'><strong>videtur.</strong></span> <span class='ocrx_word' id='word_1_436' title='bbox 1473 1086 1553 1121; x_wconf 25' lang='lat' dir='ltr'><strong>Tum,</strong></span> <span class='ocrx_word' id='word_1_437' title='bbox 1568 1087 1686 1115; x_wconf 85' lang='lat' dir='ltr'><strong>Petrus:</strong></span> 
     </span>
    </p>
   </div>
   <div class='ocr_carea' id='block_1_57' title="bbox 900 1133 1689 1169">
    <p class='ocr_par' dir='ltr' id='par_1_57' title="bbox 900 1133 1689 1169">
     <span class='ocr_line' id='line_1_57' title="bbox 900 1133 1689 1169; baseline -0.003 -7"><span class='ocrx_word' id='word_1_438' title='bbox 900 1133 929 1162; x_wconf 90' lang='lat' dir='ltr'><strong>Si</strong></span> <span class='ocrx_word' id='word_1_439' title='bbox 950 1138 1013 1169; x_wconf 88' lang='lat' dir='ltr'><strong>post</strong></span> <span class='ocrx_word' id='word_1_440' title='bbox 1038 1133 1218 1162; x_wconf 88' lang='lat' dir='ltr'><strong>defectionem</strong></span> <span class='ocrx_word' id='word_1_441' title='bbox 1245 1133 1338 1166; x_wconf 86' lang='lat' dir='ltr'><strong>Deus,</strong></span> <span class='ocrx_word' id='word_1_442' title='bbox 1376 1138 1407 1161; x_wconf 94' lang='lat' dir='ltr'><strong>ut</strong></span> <span class='ocrx_word' id='word_1_443' title='bbox 1435 1133 1570 1162; x_wconf 86' lang='lat' dir='ltr'><strong>similibus</strong></span> <span class='ocrx_word' id='word_1_444' title='bbox 1592 1141 1689 1169; x_wconf 81' lang='lat' dir='ltr'><strong>regna-</strong></span> 
     </span>
    </p>
   </div>
   <div class='ocr_carea' id='block_1_58' title="bbox 899 1180 1688 1216">
    <p class='ocr_par' dir='ltr' id='par_1_58' title="bbox 899 1180 1688 1216">
     <span class='ocr_line' id='line_1_58' title="bbox 899 1180 1688 1216; baseline 0 -8"><span class='ocrx_word' id='word_1_445' title='bbox 899 1184 953 1214; x_wconf 89' lang='lat' dir='ltr'><strong>ret,</strong></span> <span class='ocrx_word' id='word_1_446' title='bbox 967 1181 1025 1216; x_wconf 86' lang='lat' dir='ltr'><strong>lege</strong></span> <span class='ocrx_word' id='word_1_447' title='bbox 1040 1181 1184 1209; x_wconf 74' lang='lat' dir='ltr'><strong>constituit</strong></span> <span class='ocrx_word' id='word_1_448' title='bbox 1197 1181 1222 1208; x_wconf 92' lang='lat' dir='ltr'><strong>ei</strong></span> <span class='ocrx_word' id='word_1_449' title='bbox 1237 1180 1409 1216; x_wconf 65' lang='lat' dir='ltr'><strong>praecipiens,</strong></span> <span class='ocrx_word' id='word_1_450' title='bbox 1427 1185 1457 1207; x_wconf 91' lang='lat' dir='ltr'><strong>ut</strong></span> <span class='ocrx_word' id='word_1_451' title='bbox 1477 1187 1572 1216; x_wconf 63' lang='lat' dir='ltr'><strong>poenas</strong></span> <span class='ocrx_word' id='word_1_452' title='bbox 1592 1188 1688 1215; x_wconf 88' lang='lat' dir='ltr'><strong>pecca-</strong></span> 
     </span>
    </p>
   </div>
   <div class='ocr_carea' id='block_1_59' title="bbox 898 1225 1688 1262">
    <p class='ocr_par' dir='ltr' id='par_1_59' title="bbox 898 1225 1688 1262">
     <span class='ocr_line' id='line_1_59' title="bbox 898 1225 1688 1262; baseline 0.001 -9"><span class='ocrx_word' id='word_1_453' title='bbox 898 1226 1005 1254; x_wconf 80' lang='lat' dir='ltr'><strong>toribus</strong></span> <span class='ocrx_word' id='word_1_454' title='bbox 1028 1225 1173 1262; x_wconf 74' lang='lat' dir='ltr'><strong>indigeret,</strong></span> <span class='ocrx_word' id='word_1_455' title='bbox 1187 1234 1241 1254; x_wconf 92' lang='lat' dir='ltr'><strong>non</strong></span> <span class='ocrx_word' id='word_1_456' title='bbox 1271 1226 1332 1254; x_wconf 87' lang='lat' dir='ltr'><strong>ideo</strong></span> <span class='ocrx_word' id='word_1_457' title='bbox 1356 1226 1477 1262; x_wconf 75' lang='lat' dir='ltr'><strong>injustas</strong></span> <span class='ocrx_word' id='word_1_458' title='bbox 1506 1230 1558 1254; x_wconf 85' lang='lat' dir='ltr'><strong>est.</strong></span> <span class='ocrx_word' id='word_1_459' title='bbox 1572 1226 1650 1260; x_wconf 86' lang='lat' dir='ltr'><strong>Quod</strong></span> <span class='ocrx_word' id='word_1_460' title='bbox 1663 1227 1688 1254; x_wconf 89' lang='lat' dir='ltr'><strong>si</strong></span> 
     </span>
    </p>
   </div>
   <div class='ocr_carea' id='block_1_60' title="bbox 897 1271 1688 1307">
    <p class='ocr_par' dir='ltr' id='par_1_60' title="bbox 897 1271 1688 1307">
     <span class='ocr_line' id='line_1_60' title="bbox 897 1271 1688 1307; baseline 0 -8"><span class='ocrx_word' id='word_1_461' title='bbox 897 1271 980 1299; x_wconf 90' lang='lat' dir='ltr'><strong>etiam</strong></span> <span class='ocrx_word' id='word_1_462' title='bbox 997 1276 1058 1307; x_wconf 89' lang='lat' dir='ltr'><strong>post</strong></span> <span class='ocrx_word' id='word_1_463' title='bbox 1069 1271 1247 1299; x_wconf 85' lang='lat' dir='ltr'><strong>defectionem</strong></span> <span class='ocrx_word' id='word_1_464' title='bbox 1271 1279 1334 1300; x_wconf 89' lang='lat' dir='ltr'><strong>eum</strong></span> <span class='ocrx_word' id='word_1_465' title='bbox 1359 1271 1517 1305; x_wconf 85' lang='lat' dir='ltr'><strong>honoravit,</strong></span> <span class='ocrx_word' id='word_1_466' title='bbox 1534 1272 1600 1300; x_wconf 88' lang='lat' dir='ltr'><strong>utile</strong></span> <span class='ocrx_word' id='word_1_467' title='bbox 1623 1272 1688 1300; x_wconf 87' lang='lat' dir='ltr'><strong>inde</strong></span> 
     </span>
    </p>
   </div>
   <div class='ocr_carea' id='block_1_61' title="bbox 898 1318 1688 1354">
    <p class='ocr_par' dir='ltr' id='par_1_61' title="bbox 898 1318 1688 1354">
     <span class='ocr_line' id='line_1_61' title="bbox 898 1318 1688 1354; baseline 0.001 -9"><span class='ocrx_word' id='word_1_468' title='bbox 898 1319 1096 1353; x_wconf 87' lang='lat' dir='ltr'><strong>proventuriim</strong></span> <span class='ocrx_word' id='word_1_469' title='bbox 1112 1318 1248 1352; x_wconf 69' lang='lat' dir='ltr'><strong>praevidit.</strong></span> <span class='ocrx_word' id='word_1_470' title='bbox 1264 1318 1312 1354; x_wconf 89' lang='lat' dir='ltr'><strong>qui</strong></span> <span class='ocrx_word' id='word_1_471' title='bbox 1329 1319 1493 1352; x_wconf 83' lang='lat' dir='ltr'><strong>honoravit;</strong></span> <span class='ocrx_word' id='word_1_472' title='bbox 1511 1327 1575 1346; x_wconf 90' lang='lat' dir='ltr'><strong>nam</strong></span> <span class='ocrx_word' id='word_1_473' title='bbox 1596 1323 1624 1346; x_wconf 90' lang='lat' dir='ltr'><strong>et</strong></span> <span class='ocrx_word' id='word_1_474' title='bbox 1638 1319 1688 1346; x_wconf 83' lang='lat' dir='ltr'><strong>ho-</strong></span> 
     </span>
    </p>
   </div>
   <div class='ocr_carea' id='block_1_62' title="bbox 899 1363 1688 1401">
    <p class='ocr_par' dir='ltr' id='par_1_62' title="bbox 899 1363 1688 1401">
     <span class='ocr_line' id='line_1_62' title="bbox 899 1363 1688 1401; baseline 0.004 -10"><span class='ocrx_word' id='word_1_475' title='bbox 899 1371 948 1391; x_wconf 93' lang='lat' dir='ltr'><strong>nor</strong></span> <span class='ocrx_word' id='word_1_476' title='bbox 963 1363 1121 1399; x_wconf 86' lang='lat' dir='ltr'><strong>temporalis</strong></span> <span class='ocrx_word' id='word_1_477' title='bbox 1135 1368 1187 1397; x_wconf 90' lang='lat' dir='ltr'><strong>est,</strong></span> <span class='ocrx_word' id='word_1_478' title='bbox 1200 1368 1227 1392; x_wconf 90' lang='lat' dir='ltr'><strong>et</strong></span> <span class='ocrx_word' id='word_1_479' title='bbox 1241 1364 1348 1400; x_wconf 89' lang='lat' dir='ltr'><strong>justum</strong></span> <span class='ocrx_word' id='word_1_480' title='bbox 1361 1365 1448 1394; x_wconf 82' lang='lat' dir='ltr'><strong>malos</strong></span> <span class='ocrx_word' id='word_1_481' title='bbox 1459 1372 1476 1392; x_wconf 86' lang='lat' dir='ltr'><strong>a</strong></span> <span class='ocrx_word' id='word_1_482' title='bbox 1488 1365 1561 1393; x_wconf 89' lang='lat' dir='ltr'><strong>malo</strong></span> <span class='ocrx_word' id='word_1_483' title='bbox 1573 1365 1631 1401; x_wconf 82' lang='lat' dir='ltr'><strong>regi</strong></span> <span class='ocrx_word' id='word_1_484' title='bbox 1645 1370 1688 1394; x_wconf 70' lang='lat' dir='ltr'><strong>at-</strong></span> 
     </span>
    </p>
   </div>
   <div class='ocr_carea' id='block_1_63' title="bbox 897 1409 1334 1445">
    <p class='ocr_par' dir='ltr' id='par_1_63' title="bbox 897 1409 1334 1445">
     <span class='ocr_line' id='line_1_63' title="bbox 897 1409 1334 1445; baseline 0.005 -9"><span class='ocrx_word' id='word_1_485' title='bbox 897 1417 952 1444; x_wconf 89' lang='lat' dir='ltr'><strong>que</strong></span> <span class='ocrx_word' id='word_1_486' title='bbox 966 1414 1124 1444; x_wconf 78' lang='lat' dir='ltr'><strong>peccatores</strong></span> <span class='ocrx_word' id='word_1_487' title='bbox 1136 1409 1172 1437; x_wconf 84' lang='lat' dir='ltr'><strong>ab</strong></span> <span class='ocrx_word' id='word_1_488' title='bbox 1185 1417 1218 1437; x_wconf 90' lang='lat' dir='ltr'><strong>eo</strong></span> <span class='ocrx_word' id='word_1_489' title='bbox 1232 1410 1334 1445; x_wconf 91' lang='lat' dir='ltr'><strong>puniri.</strong></span> 
     </span>
    </p>
   </div>
   <div class='ocr_carea' id='block_1_64' title="bbox 934 1454 1684 1491">
    <p class='ocr_par' dir='ltr' id='par_1_64' title="bbox 934 1454 1684 1491">
     <span class='ocr_line' id='line_1_64' title="bbox 934 1454 1684 1491; baseline 0.003 -9"><span class='ocrx_word' id='word_1_490' title='bbox 934 1454 1016 1482; x_wconf 82' lang='lat' dir='ltr'><strong>XVII.</strong></span> <span class='ocrx_word' id='word_1_491' title='bbox 1037 1454 1107 1483; x_wconf 87' lang='lat' dir='ltr'><strong>Tum</strong></span> <span class='ocrx_word' id='word_1_492' title='bbox 1125 1454 1220 1482; x_wconf 88' lang='lat' dir='ltr'><strong>Simon</strong></span> <span class='ocrx_word' id='word_1_493' title='bbox 1235 1465 1242 1483; x_wconf 91' lang='lat'><strong>:</strong></span> <span class='ocrx_word' id='word_1_494' title='bbox 1260 1455 1289 1484; x_wconf 91' lang='lat' dir='ltr'><strong>Si</strong></span> <span class='ocrx_word' id='word_1_495' title='bbox 1305 1456 1488 1491; x_wconf 84' lang='lat' dir='ltr'><strong>sempiternus</strong></span> <span class='ocrx_word' id='word_1_496' title='bbox 1504 1465 1559 1485; x_wconf 91' lang='lat' dir='ltr'><strong>non</strong></span> <span class='ocrx_word' id='word_1_497' title='bbox 1568 1457 1684 1490; x_wconf 83' lang='lat' dir='ltr'><strong>fuit,an.</strong></span> 
     </span>
    </p>
   </div>
   <div class='ocr_carea' id='block_1_65' title="bbox 899 1500 1686 1537">
    <p class='ocr_par' dir='ltr' id='par_1_65' title="bbox 899 1500 1686 1537">
     <span class='ocr_line' id='line_1_65' title="bbox 899 1500 1686 1537; baseline 0.003 -9"><span class='ocrx_word' id='word_1_498' title='bbox 899 1508 953 1528; x_wconf 88' lang='lat' dir='ltr'><strong>non</strong></span> <span class='ocrx_word' id='word_1_499' title='bbox 967 1508 1002 1528; x_wconf 89' lang='lat' dir='ltr'><strong>eo</strong></span> <span class='ocrx_word' id='word_1_500' title='bbox 1014 1500 1076 1536; x_wconf 87' lang='lat' dir='ltr'><strong>ipso</strong></span> <span class='ocrx_word' id='word_1_501' title='bbox 1095 1504 1123 1528; x_wconf 88' lang='lat' dir='ltr'><strong>et</strong></span> <span class='ocrx_word' id='word_1_502' title='bbox 1145 1501 1313 1528; x_wconf 59' lang='lat' dir='ltr'><strong>monarchia‘.</strong></span> <span class='ocrx_word' id='word_1_503' title='bbox 1335 1505 1364 1529; x_wconf 90' lang='lat' dir='ltr'><strong>et</strong></span> <span class='ocrx_word' id='word_1_504' title='bbox 1385 1501 1497 1537; x_wconf 67' lang='lat' dir='ltr'><strong>reliqua:</strong></span> <span class='ocrx_word' id='word_1_505' title='bbox 1525 1509 1559 1529; x_wconf 91' lang='lat' dir='ltr'><strong>ex</strong></span> <span class='ocrx_word' id='word_1_506' title='bbox 1572 1504 1686 1531; x_wconf 83' lang='lat' dir='ltr'><strong>materia</strong></span> 
     </span>
    </p>
   </div>
   <div class='ocr_carea' id='block_1_66' title="bbox 897 1546 1683 1582">
    <p class='ocr_par' dir='ltr' id='par_1_66' title="bbox 897 1546 1683 1582">
     <span class='ocr_line' id='line_1_66' title="bbox 897 1546 1683 1582; baseline 0.003 -9"><span class='ocrx_word' id='word_1_507' title='bbox 897 1546 1082 1581; x_wconf 85' lang='lat' dir='ltr'><strong>provenientis</strong></span> <span class='ocrx_word' id='word_1_508' title='bbox 1091 1546 1219 1582; x_wconf 67' lang='lat' dir='ltr'><strong>potentia:</strong></span> <span class='ocrx_word' id='word_1_509' title='bbox 1226 1547 1396 1574; x_wconf 86' lang='lat' dir='ltr'><strong>consortium</strong></span> <span class='ocrx_word' id='word_1_510' title='bbox 1403 1547 1522 1575; x_wconf 84' lang='lat' dir='ltr'><strong>deletur?</strong></span> <span class='ocrx_word' id='word_1_511' title='bbox 1531 1547 1565 1575; x_wconf 87' lang='lat' dir='ltr'><strong>Et</strong></span> <span class='ocrx_word' id='word_1_512' title='bbox 1572 1547 1668 1576; x_wconf 84' lang='lat' dir='ltr'><strong>Petrus</strong></span> <span class='ocrx_word' id='word_1_513' title='bbox 1676 1557 1683 1576; x_wconf 92' lang='lat'>:</span> 
     </span>
    </p>
   </div>
   <div class='ocr_carea' id='block_1_67' title="bbox 898 1592 1684 1626">
    <p class='ocr_par' dir='ltr' id='par_1_67' title="bbox 898 1592 1684 1626">
     <span class='ocr_line' id='line_1_67' title="bbox 898 1592 1684 1626; baseline 0.001 -6"><span class='ocrx_word' id='word_1_514' title='bbox 898 1592 927 1620; x_wconf 88' lang='lat' dir='ltr'><strong>Si</strong></span> <span class='ocrx_word' id='word_1_515' title='bbox 943 1592 1107 1620; x_wconf 87' lang='lat' dir='ltr'><strong>substantiis</strong></span> <span class='ocrx_word' id='word_1_516' title='bbox 1115 1592 1254 1626; x_wconf 76' lang='lat' dir='ltr'><strong>differunt,</strong></span> <span class='ocrx_word' id='word_1_517' title='bbox 1263 1592 1392 1620; x_wconf 83' lang='lat' dir='ltr'><strong>diﬂ&#39;erunt</strong></span> <span class='ocrx_word' id='word_1_518' title='bbox 1402 1593 1484 1621; x_wconf 91' lang='lat' dir='ltr'><strong>etiam</strong></span> <span class='ocrx_word' id='word_1_519' title='bbox 1495 1593 1684 1626; x_wconf 81' lang='lat' dir='ltr'><strong>facultatibus,</strong></span> 
     </span>
    </p>
   </div>
   <div class='ocr_carea' id='block_1_68' title="bbox 897 1638 1684 1674">
    <p class='ocr_par' dir='ltr' id='par_1_68' title="bbox 897 1638 1684 1674">
     <span class='ocr_line' id='line_1_68' title="bbox 897 1638 1684 1674; baseline 0.003 -9"><span class='ocrx_word' id='word_1_520' title='bbox 897 1642 925 1666; x_wconf 91' lang='lat' dir='ltr'><strong>et</strong></span> <span class='ocrx_word' id='word_1_521' title='bbox 937 1638 1075 1674; x_wconf 86' lang='lat' dir='ltr'><strong>potentior</strong></span> <span class='ocrx_word' id='word_1_522' title='bbox 1088 1639 1204 1673; x_wconf 86' lang='lat' dir='ltr'><strong>imperat</strong></span> <span class='ocrx_word' id='word_1_523' title='bbox 1224 1638 1359 1666; x_wconf 86' lang='lat' dir='ltr'><strong>inferiori.</strong></span> <span class='ocrx_word' id='word_1_524' title='bbox 1375 1638 1424 1666; x_wconf 90' lang='lat' dir='ltr'><strong>Sin</strong></span> <span class='ocrx_word' id='word_1_525' title='bbox 1445 1643 1536 1667; x_wconf 88' lang='lat' dir='ltr'><strong>autem</strong></span> <span class='ocrx_word' id='word_1_526' title='bbox 1560 1639 1684 1674; x_wconf 86' lang='lat' dir='ltr'><strong>ejusdem</strong></span> 
     </span>
    </p>
   </div>
   <div class='ocr_carea' id='block_1_69' title="bbox 897 1684 1685 1719">
    <p class='ocr_par' dir='ltr' id='par_1_69' title="bbox 897 1684 1685 1719">
     <span class='ocr_line' id='line_1_69' title="bbox 897 1684 1685 1719; baseline 0.001 -8"><span class='ocrx_word' id='word_1_527' title='bbox 897 1684 952 1711; x_wconf 88' lang='lat' dir='ltr'><strong>sint</strong></span> <span class='ocrx_word' id='word_1_528' title='bbox 963 1684 1134 1718; x_wconf 64' lang='lat' dir='ltr'><strong>substantiae,</strong></span> <span class='ocrx_word' id='word_1_529' title='bbox 1146 1684 1240 1712; x_wconf 85' lang='lat' dir='ltr'><strong>eadem</strong></span> <span class='ocrx_word' id='word_1_530' title='bbox 1254 1684 1374 1719; x_wconf 88' lang='lat' dir='ltr'><strong>potentia</strong></span> <span class='ocrx_word' id='word_1_531' title='bbox 1386 1684 1643 1719; x_wconf 67' lang='lat' dir='ltr'><strong>praeditiexsistunt,</strong></span> <span class='ocrx_word' id='word_1_532' title='bbox 1658 1689 1685 1712; x_wconf 91' lang='lat' dir='ltr'><strong>et</strong></span> 
     </span>
    </p>
   </div>
   <div class='ocr_carea' id='block_1_70' title="bbox 896 1729 1685 1764">
    <p class='ocr_par' dir='ltr' id='par_1_70' title="bbox 896 1729 1685 1764">
     <span class='ocr_line' id='line_1_70' title="bbox 896 1729 1685 1764; baseline 0.003 -8"><span class='ocrx_word' id='word_1_533' title='bbox 896 1729 1007 1764; x_wconf 88' lang='lat' dir='ltr'><strong>quidem</strong></span> <span class='ocrx_word' id='word_1_534' title='bbox 1031 1729 1115 1758; x_wconf 86' lang='lat' dir='ltr'><strong>simili</strong></span> <span class='ocrx_word' id='word_1_535' title='bbox 1137 1730 1218 1758; x_wconf 91' lang='lat' dir='ltr'><strong>modo</strong></span> <span class='ocrx_word' id='word_1_536' title='bbox 1243 1730 1285 1757; x_wconf 85' lang='lat' dir='ltr'><strong>vel</strong></span> <span class='ocrx_word' id='word_1_537' title='bbox 1309 1730 1374 1757; x_wconf 89' lang='lat' dir='ltr'><strong>boni</strong></span> <span class='ocrx_word' id='word_1_538' title='bbox 1395 1734 1460 1758; x_wconf 91' lang='lat' dir='ltr'><strong>sunt</strong></span> <span class='ocrx_word' id='word_1_539' title='bbox 1477 1729 1518 1757; x_wconf 85' lang='lat' dir='ltr'><strong>vel</strong></span> <span class='ocrx_word' id='word_1_540' title='bbox 1539 1730 1614 1758; x_wconf 88' lang='lat' dir='ltr'><strong>mali.</strong></span> <span class='ocrx_word' id='word_1_541' title='bbox 1632 1729 1685 1758; x_wconf 70' lang='lat' dir='ltr'><strong>Sed</strong></span> 
     </span>
    </p>
   </div>
   <div class='ocr_carea' id='block_1_71' title="bbox 897 1775 1686 1811">
    <p class='ocr_par' dir='ltr' id='par_1_71' title="bbox 897 1775 1686 1811">
     <span class='ocr_line' id='line_1_71' title="bbox 897 1775 1686 1811; baseline 0.001 -9"><span class='ocrx_word' id='word_1_542' title='bbox 897 1782 959 1803; x_wconf 90' lang='lat' dir='ltr'><strong>cum</strong></span> <span class='ocrx_word' id='word_1_543' title='bbox 980 1775 1039 1810; x_wconf 87' lang='lat' dir='ltr'><strong>pari</strong></span> <span class='ocrx_word' id='word_1_544' title='bbox 1063 1775 1184 1810; x_wconf 90' lang='lat' dir='ltr'><strong>potentia</strong></span> <span class='ocrx_word' id='word_1_545' title='bbox 1206 1783 1261 1802; x_wconf 92' lang='lat' dir='ltr'><strong>non</strong></span> <span class='ocrx_word' id='word_1_546' title='bbox 1285 1779 1406 1809; x_wconf 88' lang='lat' dir='ltr'><strong>utantur,</strong></span> <span class='ocrx_word' id='word_1_547' title='bbox 1427 1775 1550 1810; x_wconf 83' lang='lat' dir='ltr'><strong>ejusdem</strong></span> <span class='ocrx_word' id='word_1_548' title='bbox 1575 1784 1686 1811; x_wconf 84' lang='lat' dir='ltr'><strong>quoque</strong></span> 
     </span>
    </p>
   </div>
   <div class='ocr_carea' id='block_1_72' title="bbox 896 1820 1684 1855">
    <p class='ocr_par' dir='ltr' id='par_1_72' title="bbox 896 1820 1684 1855">
     <span class='ocr_line' id='line_1_72' title="bbox 896 1820 1684 1855; baseline 0.001 -7"><span class='ocrx_word' id='word_1_549' title='bbox 896 1820 1058 1848; x_wconf 73' lang='lat' dir='ltr'><strong>substantiae</strong></span> <span class='ocrx_word' id='word_1_550' title='bbox 1079 1828 1136 1849; x_wconf 91' lang='lat' dir='ltr'><strong>non</strong></span> <span class='ocrx_word' id='word_1_551' title='bbox 1160 1828 1221 1849; x_wconf 87' lang='lat' dir='ltr'><strong>esse</strong></span> <span class='ocrx_word' id='word_1_552' title='bbox 1242 1821 1392 1855; x_wconf 86' lang='lat' dir='ltr'><strong>videntur;</strong></span> <span class='ocrx_word' id='word_1_553' title='bbox 1419 1822 1548 1849; x_wconf 81' lang='lat' dir='ltr'><strong>materies</strong></span> <span class='ocrx_word' id='word_1_554' title='bbox 1570 1822 1643 1849; x_wconf 90' lang='lat' dir='ltr'><strong>enim</strong></span> <span class='ocrx_word' id='word_1_555' title='bbox 1667 1830 1684 1850; x_wconf 88' lang='lat' dir='ltr'><strong>a</strong></span> 
     </span>
    </p>
   </div>
   <div class='ocr_carea' id='block_1_73' title="bbox 45 1866 848 1909">
    <p class='ocr_par' dir='ltr' id='par_1_73' title="bbox 45 1868 847 1909">
     <span class='ocr_line' id='line_1_73' title="bbox 45 1868 847 1909; baseline -0.002 -9"><span class='ocrx_word' id='word_1_556' title='bbox 45 1871 80 1909; x_wconf 79' lang='grc' dir='ltr'>ἦν</span> <span class='ocrx_word' id='word_1_557' title='bbox 93 1873 188 1903; x_wconf 79' lang='grc' dir='ltr'>οὐσία,</span> <span class='ocrx_word' id='word_1_558' title='bbox 203 1868 273 1899; x_wconf 81' lang='grc' dir='ltr'>οὖσα</span> <span class='ocrx_word' id='word_1_559' title='bbox 282 1871 363 1907; x_wconf 72' lang='grc' dir='ltr'><strong>ὔλη⁸⁹</strong></span> <span class='ocrx_word' id='word_1_560' title='bbox 374 1872 412 1903; x_wconf 84' lang='grc' dir='ltr'><strong>ὡς</strong></span> <span class='ocrx_word' id='word_1_561' title='bbox 426 1871 494 1898; x_wconf 80' lang='grc' dir='ltr'>Θεοῦ</span> <span class='ocrx_word' id='word_1_562' title='bbox 514 1872 637 1907; x_wconf 80' lang='grc' dir='ltr'>ταμεῖον.</span> <span class='ocrx_word' id='word_1_563' title='bbox 649 1871 686 1899; x_wconf 87' lang='grc' dir='ltr'><strong>Οὺ</strong></span> <span class='ocrx_word' id='word_1_564' title='bbox 701 1871 756 1907; x_wconf 85' lang='grc' dir='ltr'><strong>γὰρ</strong></span> <span class='ocrx_word' id='word_1_565' title='bbox 773 1871 847 1899; x_wconf 72' lang='grc' dir='ltr'>ἐστιν</span> 
     </span>
    </p>
   </div>
   <div class='ocr_carea' id='block_1_74' title="bbox 901 1866 1683 1909">
    <p class='ocr_par' dir='ltr' id='par_1_74' title="bbox 901 1866 1683 1902">
     <span class='ocr_line' id='line_1_74' title="bbox 901 1866 1683 1902; baseline 0 -7"><span class='ocrx_word' id='word_1_566' title='bbox 901 1868 1020 1895; x_wconf 73' lang='lat' dir='ltr'><strong>ireatore</strong></span> <span class='ocrx_word' id='word_1_567' title='bbox 1044 1867 1168 1902; x_wconf 89' lang='lat' dir='ltr'><strong>impensa</strong></span> <span class='ocrx_word' id='word_1_568' title='bbox 1192 1866 1254 1900; x_wconf 83' lang='lat' dir='ltr'><strong>fuit,</strong></span> <span class='ocrx_word' id='word_1_569' title='bbox 1269 1867 1297 1894; x_wconf 94' lang='lat' dir='ltr'><strong>in</strong></span> <span class='ocrx_word' id='word_1_570' title='bbox 1321 1867 1430 1902; x_wconf 88' lang='lat' dir='ltr'><strong>qualem</strong></span> <span class='ocrx_word' id='word_1_571' title='bbox 1450 1867 1543 1894; x_wconf 91' lang='lat' dir='ltr'><strong>mundi</strong></span> <span class='ocrx_word' id='word_1_572' title='bbox 1567 1866 1683 1895; x_wconf 87' lang='lat' dir='ltr'><strong>formam</strong></span> 
     </span>
    </p>
   </div>
   <div class='ocr_carea' id='block_1_75' title="bbox 45 1915 845 1954">
    <p class='ocr_par' dir='ltr' id='par_1_75' title="bbox 45 1915 845 1954">
     <span class='ocr_line' id='line_1_75' title="bbox 45 1915 845 1954; baseline -0.003 -8"><span class='ocrx_word' id='word_1_573' title='bbox 45 1921 148 1951; x_wconf 72' lang='grc' dir='ltr'>εἰπεῖν,</span> <span class='ocrx_word' id='word_1_574' title='bbox 165 1919 209 1945; x_wconf 76' lang='grc' dir='ltr'>ὅτι</span> <span class='ocrx_word' id='word_1_575' title='bbox 217 1918 241 1934; x_wconf 82' lang='grc'><strong><em>³³</em></strong></span> <span class='ocrx_word' id='word_1_576' title='bbox 256 1915 291 1954; x_wconf 82' lang='grc' dir='ltr'>ἦν</span> <span class='ocrx_word' id='word_1_577' title='bbox 306 1917 452 1954; x_wconf 77' lang='grc' dir='ltr'>[ταμεῖον],</span> <span class='ocrx_word' id='word_1_578' title='bbox 471 1917 515 1943; x_wconf 72' lang='grc' dir='ltr'>ἅτε</span> <span class='ocrx_word' id='word_1_579' title='bbox 531 1918 665 1953; x_wconf 77' lang='grc' dir='ltr'>ἀκτήμων</span> <span class='ocrx_word' id='word_1_580' title='bbox 681 1915 715 1953; x_wconf 80' lang='grc' dir='ltr'>ἦν</span> <span class='ocrx_word' id='word_1_581' title='bbox 734 1919 749 1945; x_wconf 96' lang='lat'><strong>6</strong></span> <span class='ocrx_word' id='word_1_582' title='bbox 768 1917 845 1949; x_wconf 82' lang='grc' dir='ltr'>Θεὸς,</span> 
     </span>
    </p>
   </div>
   <div class='ocr_carea' id='block_1_76' title="bbox 45 1962 845 2000">
    <p class='ocr_par' dir='ltr' id='par_1_76' title="bbox 45 1962 845 2000">
     <span class='ocr_line' id='line_1_76' title="bbox 45 1962 845 2000; baseline -0.005 -6"><span class='ocrx_word' id='word_1_583' title='bbox 45 1966 117 1994; x_wconf 81' lang='grc' dir='ltr'>ἀλλὰ</span> <span class='ocrx_word' id='word_1_584' title='bbox 128 1965 175 1992; x_wconf 74' lang='grc' dir='ltr'>ἀεὶ</span> <span class='ocrx_word' id='word_1_585' title='bbox 188 1962 224 2000; x_wconf 79' lang='grc' dir='ltr'>ἦν</span> <span class='ocrx_word' id='word_1_586' title='bbox 239 1964 320 1999; x_wconf 83' lang='grc' dir='ltr'>μόνος</span> <span class='ocrx_word' id='word_1_587' title='bbox 343 1964 434 1999; x_wconf 75' lang='grc' dir='ltr'>ἄρχων</span> <span class='ocrx_word' id='word_1_588' title='bbox 455 1963 550 1999; x_wconf 77' lang='grc' dir='ltr'>αὐτῆς.</span> <span class='ocrx_word' id='word_1_589' title='bbox 571 1963 617 1990; x_wconf 79' lang='grc' dir='ltr'><strong>Διὸ</strong></span> <span class='ocrx_word' id='word_1_590' title='bbox 631 1963 678 1990; x_wconf 77' lang='grc' dir='ltr'>καὶ</span> <span class='ocrx_word' id='word_1_591' title='bbox 697 1963 781 1995; x_wconf 73' lang='grc' dir='ltr'>ἀΐδιος</span> <span class='ocrx_word' id='word_1_592' title='bbox 796 1963 845 1999; x_wconf 82' lang='grc' dir='ltr'><strong>μό-</strong></span> 
     </span>
    </p>
   </div>
   <div class='ocr_carea' id='block_1_77' title="bbox 46 2007 846 2047">
    <p class='ocr_par' dir='ltr' id='par_1_77' title="bbox 46 2007 846 2047">
     <span class='ocr_line' id='line_1_77' title="bbox 46 2007 846 2047; baseline -0.003 -10"><span class='ocrx_word' id='word_1_593' title='bbox 46 2010 117 2047; x_wconf 81' lang='grc' dir='ltr'>[νος]</span> <span class='ocrx_word' id='word_1_594' title='bbox 127 2010 162 2041; x_wconf 83' lang='grc'><strong>⁵¹,</strong></span> <span class='ocrx_word' id='word_1_595' title='bbox 176 2009 226 2036; x_wconf 75' lang='grc' dir='ltr'>καὶ</span> <span class='ocrx_word' id='word_1_596' title='bbox 236 2009 282 2036; x_wconf 69' lang='grc' dir='ltr'><strong>ἐπὶ</strong></span> <span class='ocrx_word' id='word_1_597' title='bbox 290 2009 378 2046; x_wconf 82' lang='grc' dir='ltr'>ταύτῃ</span> <span class='ocrx_word' id='word_1_598' title='bbox 390 2011 424 2046; x_wconf 79' lang='grc' dir='ltr'>τῇ</span> <span class='ocrx_word' id='word_1_599' title='bbox 445 2009 572 2036; x_wconf 78' lang='grc' dir='ltr'>ὑποθέσει</span> <span class='ocrx_word' id='word_1_600' title='bbox 585 2007 676 2040; x_wconf 83' lang='grc' dir='ltr'>καλῶς</span> <span class='ocrx_word' id='word_1_601' title='bbox 690 2007 723 2035; x_wconf 77' lang='grc' dir='ltr'>ἂν</span> <span class='ocrx_word' id='word_1_602' title='bbox 741 2007 846 2042; x_wconf 77' lang='grc' dir='ltr'>λέγοιτο</span> 
     </span>
    </p>
   </div>
   <div class='ocr_carea' id='block_1_78' title="bbox 44 2053 845 2090">
    <p class='ocr_par' dir='ltr' id='par_1_78' title="bbox 44 2053 845 2090">
     <span class='ocr_line' id='line_1_78' title="bbox 44 2053 845 2090; baseline -0.004 -7"><span class='ocrx_word' id='word_1_603' title='bbox 44 2057 124 2088; x_wconf 67' lang='grc' dir='ltr'>ὄντος</span> <span class='ocrx_word' id='word_1_604' title='bbox 136 2056 187 2083; x_wconf 76' lang='grc' dir='ltr'>καὶ</span> <span class='ocrx_word' id='word_1_605' title='bbox 196 2054 245 2082; x_wconf 80' lang='grc' dir='ltr'>τοῦ</span> <span class='ocrx_word' id='word_1_606' title='bbox 259 2055 389 2090; x_wconf 77' lang='grc' dir='ltr'>ἄρχοντος</span> <span class='ocrx_word' id='word_1_607' title='bbox 404 2056 450 2082; x_wconf 84' lang='grc' dir='ltr'>καὶ</span> <span class='ocrx_word' id='word_1_608' title='bbox 463 2054 510 2082; x_wconf 81' lang='grc' dir='ltr'><strong>τοῦ</strong></span> <span class='ocrx_word' id='word_1_609' title='bbox 525 2053 647 2090; x_wconf 59' lang='lat' dir='ltr'><strong>[histum]</strong></span> <span class='ocrx_word' id='word_1_610' title='bbox 660 2054 715 2080; x_wconf 79' lang='lat' dir='ltr'><strong>Kal</strong></span> <span class='ocrx_word' id='word_1_611' title='bbox 727 2053 741 2080; x_wconf 90' lang='lat'><strong>6</strong></span> <span class='ocrx_word' id='word_1_612' title='bbox 755 2053 845 2089; x_wconf 85' lang='grc' dir='ltr'>Σίμων</span> 
     </span>
    </p>
   </div>
   <div class='ocr_carea' id='block_1_79' title="bbox 44 2099 845 2138">
    <p class='ocr_par' dir='ltr' id='par_1_79' title="bbox 44 2099 845 2138">
     <span class='ocr_line' id='line_1_79' title="bbox 44 2099 845 2138; baseline -0.004 -9"><span class='ocrx_word' id='word_1_613' title='bbox 44 2103 101 2138; x_wconf 68' lang='grc' dir='ltr'><strong>ἔφη</strong></span> <span class='ocrx_word' id='word_1_614' title='bbox 112 2111 120 2118; x_wconf 90' lang='grc'><strong>·</strong></span> <span class='ocrx_word' id='word_1_615' title='bbox 136 2102 171 2129; x_wconf 87' lang='grc' dir='ltr'><strong>Τί</strong></span> <span class='ocrx_word' id='word_1_616' title='bbox 185 2099 233 2129; x_wconf 81' lang='grc' dir='ltr'>οὖν</span> <span class='ocrx_word' id='word_1_617' title='bbox 245 2101 340 2128; x_wconf 77' lang='grc' dir='ltr'>ἑαυτὸν</span> <span class='ocrx_word' id='word_1_618' title='bbox 352 2101 479 2137; x_wconf 67' lang='grc' dir='ltr'>εποίησεν</span> <span class='ocrx_word' id='word_1_619' title='bbox 498 2101 513 2127; x_wconf 93' lang='lat'><strong>6</strong></span> <span class='ocrx_word' id='word_1_620' title='bbox 532 2100 668 2136; x_wconf 85' lang='grc' dir='ltr'>πονηρός;</span> <span class='ocrx_word' id='word_1_621' title='bbox 687 2099 743 2126; x_wconf 74' lang='grc' dir='ltr'><strong>Καὶ</strong></span> <span class='ocrx_word' id='word_1_622' title='bbox 758 2099 845 2131; x_wconf 76' lang='grc' dir='ltr'>οὕτως</span> 
     </span>
    </p>
   </div>
   <div class='ocr_carea' id='block_1_80' title="bbox 896 1911 1684 1948">
    <p class='ocr_par' dir='ltr' id='par_1_80' title="bbox 896 1911 1684 1948">
     <span class='ocr_line' id='line_1_80' title="bbox 896 1911 1684 1948; baseline 0.001 -8"><span class='ocrx_word' id='word_1_623' title='bbox 896 1913 942 1941; x_wconf 86' lang='lat' dir='ltr'><strong>ille</strong></span> <span class='ocrx_word' id='word_1_624' title='bbox 956 1913 1052 1940; x_wconf 90' lang='lat' dir='ltr'><strong>voluit.</strong></span> <span class='ocrx_word' id='word_1_625' title='bbox 1062 1911 1156 1947; x_wconf 85' lang='lat' dir='ltr'><strong>Neque</strong></span> <span class='ocrx_word' id='word_1_626' title='bbox 1168 1913 1296 1941; x_wconf 88' lang='lat' dir='ltr'><strong>contendi</strong></span> <span class='ocrx_word' id='word_1_627' title='bbox 1311 1917 1410 1948; x_wconf 85' lang='lat' dir='ltr'><strong>potest,</strong></span> <span class='ocrx_word' id='word_1_628' title='bbox 1424 1920 1532 1948; x_wconf 88' lang='lat' dir='ltr'><strong>semper</strong></span> <span class='ocrx_word' id='word_1_629' title='bbox 1545 1913 1684 1941; x_wconf 76' lang='lat' dir='ltr'><strong>exstitisse</strong></span> 
     </span>
    </p>
   </div>
   <div class='ocr_carea' id='block_1_81' title="bbox 896 1957 1684 1994">
    <p class='ocr_par' dir='ltr' id='par_1_81' title="bbox 896 1957 1684 1994">
     <span class='ocr_line' id='line_1_81' title="bbox 896 1957 1684 1994; baseline 0.001 -8"><span class='ocrx_word' id='word_1_630' title='bbox 896 1958 1089 1991; x_wconf 84' lang='lat' dir='ltr'><strong>substantiam,</strong></span> <span class='ocrx_word' id='word_1_631' title='bbox 1109 1958 1210 1994; x_wconf 88' lang='lat' dir='ltr'><strong>quippe</strong></span> <span class='ocrx_word' id='word_1_632' title='bbox 1231 1966 1303 1994; x_wconf 65' lang='lat' dir='ltr'><strong>quae,</strong></span> <span class='ocrx_word' id='word_1_633' title='bbox 1321 1963 1351 1986; x_wconf 93' lang='lat' dir='ltr'><strong>ut</strong></span> <span class='ocrx_word' id='word_1_634' title='bbox 1374 1959 1512 1991; x_wconf 86' lang='lat' dir='ltr'><strong>materies,</strong></span> <span class='ocrx_word' id='word_1_635' title='bbox 1534 1957 1617 1986; x_wconf 83' lang='lat' dir='ltr'><strong>fuerit</strong></span> <span class='ocrx_word' id='word_1_636' title='bbox 1635 1959 1684 1987; x_wconf 85' lang='lat' dir='ltr'><strong>Dei</strong></span> 
     </span>
    </p>
   </div>
   <div class='ocr_carea' id='block_1_82' title="bbox 895 2003 1683 2040">
    <p class='ocr_par' dir='ltr' id='par_1_82' title="bbox 895 2003 1683 2040">
     <span class='ocr_line' id='line_1_82' title="bbox 895 2003 1683 2040; baseline 0.001 -8"><span class='ocrx_word' id='word_1_637' title='bbox 895 2004 963 2032; x_wconf 89' lang='lat' dir='ltr'><strong>cella</strong></span> <span class='ocrx_word' id='word_1_638' title='bbox 985 2004 1108 2040; x_wconf 90' lang='lat' dir='ltr'><strong>penaria.</strong></span> <span class='ocrx_word' id='word_1_639' title='bbox 1132 2003 1193 2031; x_wconf 89' lang='lat' dir='ltr'><strong>Non</strong></span> <span class='ocrx_word' id='word_1_640' title='bbox 1212 2005 1285 2032; x_wconf 88' lang='lat' dir='ltr'><strong>enim</strong></span> <span class='ocrx_word' id='word_1_641' title='bbox 1308 2004 1372 2032; x_wconf 75' lang='lat' dir='ltr'><strong>licet</strong></span> <span class='ocrx_word' id='word_1_642' title='bbox 1389 2005 1491 2038; x_wconf 88' lang='lat' dir='ltr'><strong>dicere,</strong></span> <span class='ocrx_word' id='word_1_643' title='bbox 1511 2012 1571 2032; x_wconf 89' lang='lat' dir='ltr'><strong>eam</strong></span> <span class='ocrx_word' id='word_1_644' title='bbox 1597 2005 1683 2033; x_wconf 88' lang='lat' dir='ltr'><strong>fuisse</strong></span> 
     </span>
    </p>
   </div>
   <div class='ocr_carea' id='block_1_83' title="bbox 895 2049 1683 2086">
    <p class='ocr_par' dir='ltr' id='par_1_83' title="bbox 895 2049 1683 2086">
     <span class='ocr_line' id='line_1_83' title="bbox 895 2049 1683 2086; baseline 0.001 -9"><span class='ocrx_word' id='word_1_645' title='bbox 895 2050 991 2078; x_wconf 85' lang='lat' dir='ltr'><strong>cellam</strong></span> <span class='ocrx_word' id='word_1_646' title='bbox 1005 2050 1157 2086; x_wconf 76' lang='lat' dir='ltr'><strong>penuriam,</strong></span> <span class='ocrx_word' id='word_1_647' title='bbox 1176 2058 1239 2078; x_wconf 87' lang='lat' dir='ltr'><strong>cum</strong></span> <span class='ocrx_word' id='word_1_648' title='bbox 1263 2050 1344 2085; x_wconf 88' lang='lat' dir='ltr'><strong>inops</strong></span> <span class='ocrx_word' id='word_1_649' title='bbox 1365 2055 1438 2078; x_wconf 89' lang='lat' dir='ltr'><strong>esset</strong></span> <span class='ocrx_word' id='word_1_650' title='bbox 1459 2049 1549 2083; x_wconf 86' lang='lat' dir='ltr'><strong>Deus;</strong></span> <span class='ocrx_word' id='word_1_651' title='bbox 1571 2056 1598 2078; x_wconf 88' lang='lat' dir='ltr'><strong>at</strong></span> <span class='ocrx_word' id='word_1_652' title='bbox 1619 2059 1683 2078; x_wconf 88' lang='lat' dir='ltr'><strong>vero</strong></span> 
     </span>
    </p>
   </div>
   <div class='ocr_carea' id='block_1_84' title="bbox 895 2096 1683 2132">
    <p class='ocr_par' dir='ltr' id='par_1_84' title="bbox 895 2096 1683 2132">
     <span class='ocr_line' id='line_1_84' title="bbox 895 2096 1683 2132; baseline 0 -8"><span class='ocrx_word' id='word_1_653' title='bbox 895 2104 1004 2132; x_wconf 87' lang='lat' dir='ltr'><strong>semper</strong></span> <span class='ocrx_word' id='word_1_654' title='bbox 1029 2096 1053 2124; x_wconf 91' lang='lat' dir='ltr'><strong>is</strong></span> <span class='ocrx_word' id='word_1_655' title='bbox 1076 2096 1182 2124; x_wconf 81' lang='lat' dir='ltr'><strong>exstitit</strong></span> <span class='ocrx_word' id='word_1_656' title='bbox 1203 2096 1280 2124; x_wconf 88' lang='lat' dir='ltr'><strong>solus</strong></span> <span class='ocrx_word' id='word_1_657' title='bbox 1302 2096 1376 2124; x_wconf 92' lang='lat' dir='ltr'><strong>illius</strong></span> <span class='ocrx_word' id='word_1_658' title='bbox 1391 2096 1529 2124; x_wconf 86' lang='lat' dir='ltr'><strong>dominus.</strong></span> <span class='ocrx_word' id='word_1_659' title='bbox 1544 2096 1631 2130; x_wconf 85' lang='lat' dir='ltr'><strong>Quam</strong></span> <span class='ocrx_word' id='word_1_660' title='bbox 1647 2098 1683 2125; x_wconf 86' lang='lat' dir='ltr'><strong>ob</strong></span> 
     </span>
    </p>
   </div>
   <div class='ocr_carea' id='block_1_85' title="bbox 44 2141 848 2183">
    <p class='ocr_par' dir='ltr' id='par_1_85' title="bbox 44 2143 842 2183">
     <span class='ocr_line' id='line_1_85' title="bbox 44 2143 842 2183; baseline -0.009 -7"><span class='ocrx_word' id='word_1_661' title='bbox 44 2147 151 2183; x_wconf 71' lang='grc' dir='ltr'>ἀγαθὸς</span> <span class='ocrx_word' id='word_1_662' title='bbox 165 2147 180 2173; x_wconf 79' lang='grc' dir='ltr'><strong>ό</strong></span> <span class='ocrx_word' id='word_1_663' title='bbox 193 2146 270 2178; x_wconf 80' lang='grc' dir='ltr'>Θεὸς,</span> <span class='ocrx_word' id='word_1_664' title='bbox 290 2146 341 2178; x_wconf 85' lang='grc' dir='ltr'>ὅτι,</span> <span class='ocrx_word' id='word_1_665' title='bbox 356 2145 529 2178; x_wconf 77' lang='grc' dir='ltr'>είδὼς,αὐτὺν</span> <span class='ocrx_word' id='word_1_666' title='bbox 547 2145 594 2171; x_wconf 82' lang='grc' dir='ltr'><strong>ὲπὶ</strong></span> <span class='ocrx_word' id='word_1_667' title='bbox 609 2143 686 2179; x_wconf 85' lang='grc' dir='ltr'>κακῷ</span> <span class='ocrx_word' id='word_1_668' title='bbox 704 2143 842 2179; x_wconf 73' lang='grc' dir='ltr'>ἐσόμενον,</span> 
     </span>
    </p>
   </div>
   <div class='ocr_carea' id='block_1_86' title="bbox 901 2141 1683 2183">
    <p class='ocr_par' dir='ltr' id='par_1_86' title="bbox 901 2141 1683 2177">
     <span class='ocr_line' id='line_1_86' title="bbox 901 2141 1683 2177; baseline 0 -7"><span class='ocrx_word' id='word_1_669' title='bbox 901 2150 953 2170; x_wconf 81' lang='lat' dir='ltr'><strong>rem</strong></span> <span class='ocrx_word' id='word_1_670' title='bbox 977 2146 1005 2170; x_wconf 89' lang='lat' dir='ltr'><strong>et</strong></span> <span class='ocrx_word' id='word_1_671' title='bbox 1028 2146 1148 2170; x_wconf 63' lang='lat' dir='ltr'><strong>atternus</strong></span> <span class='ocrx_word' id='word_1_672' title='bbox 1170 2142 1255 2175; x_wconf 82' lang='lat' dir='ltr'><strong>solus,</strong></span> <span class='ocrx_word' id='word_1_673' title='bbox 1273 2141 1388 2177; x_wconf 89' lang='lat' dir='ltr'><strong>ideoque</strong></span> <span class='ocrx_word' id='word_1_674' title='bbox 1415 2141 1484 2169; x_wconf 88' lang='lat' dir='ltr'><strong>bene</strong></span> <span class='ocrx_word' id='word_1_675' title='bbox 1501 2150 1533 2170; x_wconf 85' lang='lat' dir='ltr'><strong>ea</strong></span> <span class='ocrx_word' id='word_1_676' title='bbox 1547 2145 1683 2170; x_wconf 83' lang='lat' dir='ltr'><strong>diceretur</strong></span> 
     </span>
    </p>
   </div>
   <div class='ocr_carea' id='block_1_87' title="bbox 43 2189 842 2229">
    <p class='ocr_par' dir='ltr' id='par_1_87' title="bbox 43 2189 842 2229">
     <span class='ocr_line' id='line_1_87' title="bbox 43 2189 842 2229; baseline -0.006 -9"><span class='ocrx_word' id='word_1_677' title='bbox 43 2193 192 2229; x_wconf 82' lang='grc' dir='ltr'>γινόμενον</span> <span class='ocrx_word' id='word_1_678' title='bbox 206 2192 287 2219; x_wconf 74' lang='grc' dir='ltr'>αὐτὸν</span> <span class='ocrx_word' id='word_1_679' title='bbox 300 2192 350 2218; x_wconf 81' lang='grc' dir='ltr'>οὐκ</span> <span class='ocrx_word' id='word_1_680' title='bbox 357 2191 470 2223; x_wconf 75' lang='grc' dir='ltr'>ἀνεῖλεν,</span> <span class='ocrx_word' id='word_1_681' title='bbox 480 2191 525 2217; x_wconf 72' lang='grc' dir='ltr'>ἅτε</span> <span class='ocrx_word' id='word_1_682' title='bbox 538 2191 577 2222; x_wconf 82' lang='grc' dir='ltr'>ὡς</span> <span class='ocrx_word' id='word_1_683' title='bbox 589 2190 686 2226; x_wconf 80' lang='grc' dir='ltr'>ἀτελὴς</span> <span class='ocrx_word' id='word_1_684' title='bbox 696 2189 842 2225; x_wconf 81' lang='grc' dir='ltr'>ἀναιρεθῆ-</span> 
     </span>
    </p>
   </div>
   <div class='ocr_carea' id='block_1_88' title="bbox 43 2236 844 2276">
    <p class='ocr_par' dir='ltr' id='par_1_88' title="bbox 43 2236 844 2276">
     <span class='ocr_line' id='line_1_88' title="bbox 43 2236 844 2276; baseline -0.006 -8"><span class='ocrx_word' id='word_1_685' title='bbox 43 2250 91 2268; x_wconf 78' lang='grc' dir='ltr'><strong>ναι</strong></span> <span class='ocrx_word' id='word_1_686' title='bbox 103 2241 220 2272; x_wconf 77' lang='grc' dir='ltr'>δυνατὸς</span> <span class='ocrx_word' id='word_1_687' title='bbox 227 2238 261 2276; x_wconf 82' lang='grc' dir='ltr'>ἦν</span> <span class='ocrx_word' id='word_1_688' title='bbox 269 2248 277 2272; x_wconf 82' lang='lat'><strong>;</strong></span> <span class='ocrx_word' id='word_1_689' title='bbox 286 2240 319 2267; x_wconf 82' lang='grc' dir='ltr'>Εί</span> <span class='ocrx_word' id='word_1_690' title='bbox 328 2240 384 2276; x_wconf 83' lang='grc' dir='ltr'><strong>γὰρ</strong></span> <span class='ocrx_word' id='word_1_691' title='bbox 394 2239 522 2274; x_wconf 69' lang='grc' dir='ltr'><strong>ἐξαίφνης</strong></span> <span class='ocrx_word' id='word_1_692' title='bbox 535 2237 690 2274; x_wconf 73' lang='grc' dir='ltr'><strong>ωμὸέΰηκε</strong></span> <span class='ocrx_word' id='word_1_693' title='bbox 701 2236 844 2264; x_wconf 76' lang='grc' dir='ltr'>καὶταῦτα</span> 
     </span>
    </p>
   </div>
   <div class='ocr_carea' id='block_1_89' title="bbox 43 2282 843 2319">
    <p class='ocr_par' dir='ltr' id='par_1_89' title="bbox 43 2282 843 2319">
     <span class='ocr_line' id='line_1_89' title="bbox 43 2282 843 2319; baseline -0.006 -5"><span class='ocrx_word' id='word_1_694' title='bbox 43 2287 163 2319; x_wconf 74' lang='grc' dir='ltr'>τέλειος,</span> <span class='ocrx_word' id='word_1_695' title='bbox 200 2287 248 2314; x_wconf 83' lang='grc' dir='ltr'>καὶ</span> <span class='ocrx_word' id='word_1_696' title='bbox 261 2286 306 2313; x_wconf 83' lang='grc' dir='ltr'><strong>διὰ</strong></span> <span class='ocrx_word' id='word_1_697' title='bbox 318 2285 405 2314; x_wconf 81' lang='grc' dir='ltr'>ταῦτα</span> <span class='ocrx_word' id='word_1_698' title='bbox 429 2285 532 2317; x_wconf 73' lang='grc' dir='ltr'>τέλειος</span> <span class='ocrx_word' id='word_1_699' title='bbox 543 2284 625 2319; x_wconf 74' lang='lat'><strong>387</strong></span> <span class='ocrx_word' id='word_1_700' title='bbox 638 2284 685 2310; x_wconf 77' lang='grc' dir='ltr'>καὶ</span> <span class='ocrx_word' id='word_1_701' title='bbox 698 2282 742 2310; x_wconf 81' lang='grc' dir='ltr'><strong>διὰ</strong></span> <span class='ocrx_word' id='word_1_702' title='bbox 755 2282 843 2310; x_wconf 81' lang='grc' dir='ltr'>ταῦτα</span> 
     </span>
    </p>
   </div>
   <div class='ocr_carea' id='block_1_90' title="bbox 45 2329 843 2369">
    <p class='ocr_par' dir='ltr' id='par_1_90' title="bbox 45 2329 843 2369">
     <span class='ocr_line' id='line_1_90' title="bbox 45 2329 843 2369; baseline -0.008 -8"><span class='ocrx_word' id='word_1_703' title='bbox 45 2333 240 2369; x_wconf 79' lang='grc' dir='ltr'>προσπολεμεϊ</span> <span class='ocrx_word' id='word_1_704' title='bbox 252 2332 292 2368; x_wconf 84' lang='grc' dir='ltr'><strong>τῷ</strong></span> <span class='ocrx_word' id='word_1_705' title='bbox 307 2331 477 2368; x_wconf 81' lang='grc' dir='ltr'>δημιουργῷ,</span> <span class='ocrx_word' id='word_1_706' title='bbox 489 2331 528 2363; x_wconf 86' lang='grc' dir='ltr'><strong>ὡς</strong></span> <span class='ocrx_word' id='word_1_707' title='bbox 541 2330 670 2365; x_wconf 68' lang='grc' dir='ltr'>ἐξαίφνης</span> <span class='ocrx_word' id='word_1_708' title='bbox 684 2329 843 2364; x_wconf 82' lang='grc' dir='ltr'>ίσοδύναμος</span> 
     </span>
    </p>
   </div>
   <div class='ocr_carea' id='block_1_91' title="bbox 44 2378 270 2414">
    <p class='ocr_par' dir='ltr' id='par_1_91' title="bbox 44 2378 270 2414">
     <span class='ocr_line' id='line_1_91' title="bbox 44 2378 270 2414; baseline 0 0"><span class='ocrx_word' id='word_1_709' title='bbox 44 2379 127 2414; x_wconf 60' lang='grc' dir='ltr'>αὐτῷ</span> <span class='ocrx_word' id='word_1_710' title='bbox 138 2378 270 2414; x_wconf 76' lang='grc' dir='ltr'>γεγονώς-</span> 
     </span>
    </p>
   </div>
   <div class='ocr_carea' id='block_1_92' title="bbox 895 2188 1681 2224">
    <p class='ocr_par' dir='ltr' id='par_1_92' title="bbox 895 2188 1681 2224">
     <span class='ocr_line' id='line_1_92' title="bbox 895 2188 1681 2224; baseline 0.001 -8"><span class='ocrx_word' id='word_1_711' title='bbox 895 2196 957 2217; x_wconf 89' lang='lat' dir='ltr'><strong>esse</strong></span> <span class='ocrx_word' id='word_1_712' title='bbox 968 2196 1032 2217; x_wconf 88' lang='lat' dir='ltr'><strong>vere</strong></span> <span class='ocrx_word' id='word_1_713' title='bbox 1042 2188 1233 2216; x_wconf 83' lang='lat' dir='ltr'><strong>exsistentiset</strong></span> <span class='ocrx_word' id='word_1_714' title='bbox 1243 2188 1434 2224; x_wconf 86' lang='lat' dir='ltr'><strong>dominiatque</strong></span> <span class='ocrx_word' id='word_1_715' title='bbox 1440 2188 1681 2224; x_wconf 85' lang='lat' dir='ltr'><strong>sempiterni.Tum</strong></span> 
     </span>
    </p>
   </div>
   <div class='ocr_carea' id='block_1_93' title="bbox 897 2234 1682 2270">
    <p class='ocr_par' dir='ltr' id='par_1_93' title="bbox 897 2234 1682 2270">
     <span class='ocr_line' id='line_1_93' title="bbox 897 2234 1682 2270; baseline 0.001 -8"><span class='ocrx_word' id='word_1_716' title='bbox 897 2235 992 2262; x_wconf 88' lang='lat' dir='ltr'><strong>Simon</strong></span> <span class='ocrx_word' id='word_1_717' title='bbox 1009 2243 1017 2262; x_wconf 91' lang='lat'><strong>:</strong></span> <span class='ocrx_word' id='word_1_718' title='bbox 1034 2234 1116 2268; x_wconf 84' lang='lat' dir='ltr'><strong>Quid,</strong></span> <span class='ocrx_word' id='word_1_719' title='bbox 1136 2235 1235 2270; x_wconf 92' lang='lat' dir='ltr'><strong>inquit,</strong></span> <span class='ocrx_word' id='word_1_720' title='bbox 1260 2235 1284 2262; x_wconf 87' lang='lat' dir='ltr'><strong>si</strong></span> <span class='ocrx_word' id='word_1_721' title='bbox 1307 2235 1453 2270; x_wconf 89' lang='lat' dir='ltr'><strong>semetipse</strong></span> <span class='ocrx_word' id='word_1_722' title='bbox 1474 2236 1608 2263; x_wconf 63' lang='lat' dir='ltr'><strong>creaverit</strong></span> <span class='ocrx_word' id='word_1_723' title='bbox 1623 2243 1682 2263; x_wconf 91' lang='lat' dir='ltr'><strong>ma-</strong></span> 
     </span>
    </p>
   </div>
   <div class='ocr_carea' id='block_1_94' title="bbox 895 2280 1682 2317">
    <p class='ocr_par' dir='ltr' id='par_1_94' title="bbox 895 2280 1682 2317">
     <span class='ocr_line' id='line_1_94' title="bbox 895 2280 1682 2317; baseline -0.001 -10"><span class='ocrx_word' id='word_1_724' title='bbox 895 2280 958 2308; x_wconf 75' lang='lat' dir='ltr'><strong>lus?</strong></span> <span class='ocrx_word' id='word_1_725' title='bbox 971 2280 1012 2308; x_wconf 86' lang='lat' dir='ltr'><strong>An</strong></span> <span class='ocrx_word' id='word_1_726' title='bbox 1024 2280 1097 2309; x_wconf 86' lang='lat' dir='ltr'><strong>Deus</strong></span> <span class='ocrx_word' id='word_1_727' title='bbox 1111 2285 1138 2308; x_wconf 87' lang='lat' dir='ltr'><strong>et</strong></span> <span class='ocrx_word' id='word_1_728' title='bbox 1150 2281 1203 2308; x_wconf 90' lang='lat' dir='ltr'><strong>hoc</strong></span> <span class='ocrx_word' id='word_1_729' title='bbox 1216 2281 1299 2308; x_wconf 89' lang='lat' dir='ltr'><strong>modo</strong></span> <span class='ocrx_word' id='word_1_730' title='bbox 1312 2281 1402 2309; x_wconf 89' lang='lat' dir='ltr'><strong>bonus</strong></span> <span class='ocrx_word' id='word_1_731' title='bbox 1416 2285 1515 2315; x_wconf 84' lang='lat' dir='ltr'><strong>est,ut,</strong></span> <span class='ocrx_word' id='word_1_732' title='bbox 1522 2281 1572 2309; x_wconf 90' lang='lat' dir='ltr'><strong>etsi</strong></span> <span class='ocrx_word' id='word_1_733' title='bbox 1587 2282 1682 2317; x_wconf 71' lang='lat' dir='ltr'><strong>cogni.</strong></span> 
     </span>
    </p>
   </div>
   <div class='ocr_carea' id='block_1_95' title="bbox 895 2327 1682 2361">
    <p class='ocr_par' dir='ltr' id='par_1_95' title="bbox 895 2327 1682 2361">
     <span class='ocr_line' id='line_1_95' title="bbox 895 2327 1682 2361; baseline 0.001 -7"><span class='ocrx_word' id='word_1_734' title='bbox 895 2331 954 2355; x_wconf 88' lang='lat' dir='ltr'><strong>tum</strong></span> <span class='ocrx_word' id='word_1_735' title='bbox 969 2327 1097 2360; x_wconf 85' lang='lat' dir='ltr'><strong>habebat,</strong></span> <span class='ocrx_word' id='word_1_736' title='bbox 1109 2331 1282 2355; x_wconf 81' lang='lat' dir='ltr'><strong>versaturum</strong></span> <span class='ocrx_word' id='word_1_737' title='bbox 1305 2334 1369 2355; x_wconf 89' lang='lat' dir='ltr'><strong>eum</strong></span> <span class='ocrx_word' id='word_1_738' title='bbox 1384 2327 1412 2354; x_wconf 89' lang='lat' dir='ltr'><strong>in</strong></span> <span class='ocrx_word' id='word_1_739' title='bbox 1427 2328 1511 2361; x_wconf 88' lang='lat' dir='ltr'><strong>malo,</strong></span> <span class='ocrx_word' id='word_1_740' title='bbox 1528 2335 1582 2355; x_wconf 91' lang='lat' dir='ltr'><strong>non</strong></span> <span class='ocrx_word' id='word_1_741' title='bbox 1605 2328 1682 2355; x_wconf 84' lang='lat' dir='ltr'><strong>dele-</strong></span> 
     </span>
    </p>
   </div>
   <div class='ocr_carea' id='block_1_96' title="bbox 897 2372 1680 2408">
    <p class='ocr_par' dir='ltr' id='par_1_96' title="bbox 897 2372 1680 2408">
     <span class='ocr_line' id='line_1_96' title="bbox 897 2372 1680 2408; baseline -0.001 -8"><span class='ocrx_word' id='word_1_742' title='bbox 897 2372 978 2406; x_wconf 85' lang='lat' dir='ltr'><strong>verit,</strong></span> <span class='ocrx_word' id='word_1_743' title='bbox 992 2373 1039 2408; x_wconf 91' lang='lat' dir='ltr'><strong>qui</strong></span> <span class='ocrx_word' id='word_1_744' title='bbox 1053 2380 1108 2400; x_wconf 92' lang='lat' dir='ltr'><strong>non</strong></span> <span class='ocrx_word' id='word_1_745' title='bbox 1125 2372 1267 2400; x_wconf 86' lang='lat' dir='ltr'><strong>absolutus</strong></span> <span class='ocrx_word' id='word_1_746' title='bbox 1283 2372 1419 2408; x_wconf 74' lang='lat' dir='ltr'><strong>exstingui</strong></span> <span class='ocrx_word' id='word_1_747' title='bbox 1435 2373 1559 2407; x_wconf 76' lang='lat' dir='ltr'><strong>poterat?</strong></span> <span class='ocrx_word' id='word_1_748' title='bbox 1574 2372 1680 2400; x_wconf 86' lang='lat' dir='ltr'><strong>Etenim</strong></span> 
     </span>
    </p>
   </div>
   <div class='ocr_carea' id='block_1_97' title="bbox 45 2418 1680 2457">
    <p class='ocr_par' dir='ltr' id='par_1_97' title="bbox 45 2418 1680 2457">
     <span class='ocr_line' id='line_1_97' title="bbox 45 2418 1680 2457; baseline -0.005 -3"><span class='ocrx_word' id='word_1_749' title='bbox 45 2427 69 2454; x_wconf 90' lang='lat' dir='ltr'><strong>si</strong></span> <span class='ocrx_word' id='word_1_750' title='bbox 84 2426 179 2454; x_wconf 88' lang='lat' dir='ltr'><strong>subito</strong></span> <span class='ocrx_word' id='word_1_751' title='bbox 193 2425 276 2453; x_wconf 91' lang='lat' dir='ltr'><strong>simul</strong></span> <span class='ocrx_word' id='word_1_752' title='bbox 291 2432 354 2453; x_wconf 92' lang='lat' dir='ltr'><strong>cum</strong></span> <span class='ocrx_word' id='word_1_753' title='bbox 365 2432 399 2452; x_wconf 85' lang='lat' dir='ltr'><strong>eo</strong></span> <span class='ocrx_word' id='word_1_754' title='bbox 412 2423 501 2451; x_wconf 83' lang='lat' dir='ltr'><strong>factus</strong></span> <span class='ocrx_word' id='word_1_755' title='bbox 516 2422 608 2456; x_wconf 90' lang='lat' dir='ltr'><strong>fuerit,</strong></span> <span class='ocrx_word' id='word_1_756' title='bbox 622 2426 650 2450; x_wconf 90' lang='lat' dir='ltr'><strong>et</strong></span> <span class='ocrx_word' id='word_1_757' title='bbox 669 2421 697 2450; x_wconf 90' lang='lat' dir='ltr'><strong>id</strong></span> <span class='ocrx_word' id='word_1_758' title='bbox 708 2421 818 2457; x_wconf 89' lang='lat' dir='ltr'><strong>quidem</strong></span> <span class='ocrx_word' id='word_1_759' title='bbox 839 2419 931 2448; x_wconf 79' lang='lat' dir='ltr'><strong>ﬁnitus</strong></span> <span class='ocrx_word' id='word_1_760' title='bbox 958 2426 1046 2454; x_wconf 85' lang='lat' dir='ltr'><strong>eoque</strong></span> <span class='ocrx_word' id='word_1_761' title='bbox 1061 2418 1208 2454; x_wconf 82' lang='lat' dir='ltr'><strong>perfectus,</strong></span> <span class='ocrx_word' id='word_1_762' title='bbox 1231 2418 1267 2446; x_wconf 92' lang='lat' dir='ltr'><strong>ob</strong></span> <span class='ocrx_word' id='word_1_763' title='bbox 1287 2419 1374 2454; x_wconf 87' lang='lat' dir='ltr'><strong>ipsam</strong></span> <span class='ocrx_word' id='word_1_764' title='bbox 1400 2427 1512 2447; x_wconf 87' lang='lat' dir='ltr'><strong>causam</strong></span> <span class='ocrx_word' id='word_1_765' title='bbox 1534 2419 1680 2447; x_wconf 85' lang='lat' dir='ltr'><strong>bellaretur</strong></span> 
     </span>
    </p>
   </div>
   <div class='ocr_carea' id='block_1_98' title="bbox 45 2465 1063 2504">
    <p class='ocr_par' dir='ltr' id='par_1_98' title="bbox 45 2465 1063 2504">
     <span class='ocr_line' id='line_1_98' title="bbox 45 2465 1063 2504; baseline -0.008 -4"><span class='ocrx_word' id='word_1_766' title='bbox 45 2477 146 2501; x_wconf 85' lang='lat' dir='ltr'><strong>contra</strong></span> <span class='ocrx_word' id='word_1_767' title='bbox 166 2475 330 2504; x_wconf 87' lang='lat' dir='ltr'><strong>creatorem,</strong></span> <span class='ocrx_word' id='word_1_768' title='bbox 344 2470 390 2498; x_wconf 89' lang='lat' dir='ltr'><strong>cui</strong></span> <span class='ocrx_word' id='word_1_769' title='bbox 404 2469 535 2496; x_wconf 86' lang='lat' dir='ltr'><strong>nimirum</strong></span> <span class='ocrx_word' id='word_1_770' title='bbox 549 2468 584 2496; x_wconf 89' lang='lat' dir='ltr'><strong>ab</strong></span> <span class='ocrx_word' id='word_1_771' title='bbox 604 2468 681 2496; x_wconf 90' lang='lat' dir='ltr'><strong>initio</strong></span> <span class='ocrx_word' id='word_1_772' title='bbox 695 2475 746 2503; x_wconf 91' lang='lat' dir='ltr'><strong>par</strong></span> <span class='ocrx_word' id='word_1_773' title='bbox 760 2471 842 2495; x_wconf 87' lang='lat' dir='ltr'><strong>natus</strong></span> <span class='ocrx_word' id='word_1_774' title='bbox 859 2470 918 2494; x_wconf 89' lang='lat' dir='ltr'><strong>erat</strong></span> <span class='ocrx_word' id='word_1_775' title='bbox 932 2465 1063 2501; x_wconf 88' lang='lat' dir='ltr'><strong>potentia.</strong></span> 
     </span>
    </p>
   </div>
   <div class='ocr_carea' id='block_1_99' title="bbox 85 2537 842 2574">
    <p class='ocr_par' dir='ltr' id='par_1_99' title="bbox 85 2537 842 2574">
     <span class='ocr_line' id='line_1_99' title="bbox 85 2537 842 2574; baseline -0.003 -8"><span class='ocrx_word' id='word_1_776' title='bbox 85 2538 180 2566; x_wconf 76' lang='lat' dir='ltr'><strong>XVIII.</strong></span> <span class='ocrx_word' id='word_1_777' title='bbox 200 2539 257 2566; x_wconf 80' lang='grc' dir='ltr'><strong>Καὶ</strong></span> <span class='ocrx_word' id='word_1_778' title='bbox 275 2539 290 2566; x_wconf 93' lang='lat'><strong>6</strong></span> <span class='ocrx_word' id='word_1_779' title='bbox 311 2538 430 2574; x_wconf 80' lang='grc' dir='ltr'>Πέτρος·</span> <span class='ocrx_word' id='word_1_780' title='bbox 449 2538 578 2566; x_wconf 81' lang='grc' dir='ltr'>Ἀδύνατα</span> <span class='ocrx_word' id='word_1_781' title='bbox 592 2538 698 2573; x_wconf 81' lang='grc' dir='ltr'>λέγεις·</span> <span class='ocrx_word' id='word_1_782' title='bbox 721 2538 768 2565; x_wconf 76' lang='grc' dir='ltr'>καὶ</span> <span class='ocrx_word' id='word_1_783' title='bbox 787 2537 842 2572; x_wconf 84' lang='grc' dir='ltr'><strong>γὰρ</strong></span> 
     </span>
    </p>
   </div>
   <div class='ocr_carea' id='block_1_100' title="bbox 46 2583 842 2621">
    <p class='ocr_par' dir='ltr' id='par_1_100' title="bbox 46 2583 842 2621">
     <span class='ocr_line' id='line_1_100' title="bbox 46 2583 842 2621; baseline -0.003 -9"><span class='ocrx_word' id='word_1_784' title='bbox 46 2587 109 2612; x_wconf 74' lang='grc' dir='ltr'>κατ’</span> <span class='ocrx_word' id='word_1_785' title='bbox 117 2585 207 2619; x_wconf 85' lang='grc' dir='ltr'>ὀλίγον</span> <span class='ocrx_word' id='word_1_786' title='bbox 214 2585 356 2620; x_wconf 79' lang='grc' dir='ltr'>γινόμενον</span> <span class='ocrx_word' id='word_1_787' title='bbox 364 2584 445 2611; x_wconf 80' lang='grc' dir='ltr'>αὐτὸν</span> <span class='ocrx_word' id='word_1_788' title='bbox 454 2585 491 2617; x_wconf 83' lang='grc' dir='ltr'><strong>ὡς</strong></span> <span class='ocrx_word' id='word_1_789' title='bbox 500 2583 596 2621; x_wconf 78' lang='grc' dir='ltr'>ἐχθρὸν</span> <span class='ocrx_word' id='word_1_790' title='bbox 604 2585 649 2611; x_wconf 79' lang='grc' dir='ltr'><strong>ὑπ’</strong></span> <span class='ocrx_word' id='word_1_791' title='bbox 658 2583 740 2610; x_wconf 85' lang='grc' dir='ltr'>αὑτοῦ</span> <span class='ocrx_word' id='word_1_792' title='bbox 751 2592 842 2620; x_wconf 85' lang='grc' dir='ltr'>προαι-</span> 
     </span>
    </p>
   </div>
   <div class='ocr_carea' id='block_1_101' title="bbox 47 2629 841 2667">
    <p class='ocr_par' dir='ltr' id='par_1_101' title="bbox 47 2629 841 2667">
     <span class='ocr_line' id='line_1_101' title="bbox 47 2629 841 2667; baseline -0.003 -9"><span class='ocrx_word' id='word_1_793' title='bbox 47 2632 124 2667; x_wconf 77' lang='grc' dir='ltr'>ρέσει</span> <span class='ocrx_word' id='word_1_794' title='bbox 134 2631 238 2658; x_wconf 80' lang='grc' dir='ltr'>ἀνελεῖν</span> <span class='ocrx_word' id='word_1_795' title='bbox 249 2630 374 2666; x_wconf 71' lang='grc' dir='ltr'>ἠδύνατο.</span> <span class='ocrx_word' id='word_1_796' title='bbox 386 2630 441 2658; x_wconf 80' lang='grc' dir='ltr'><strong>Καὶ</strong></span> <span class='ocrx_word' id='word_1_797' title='bbox 452 2629 647 2666; x_wconf 77' lang='grc' dir='ltr'>προγινώσκων</span> <span class='ocrx_word' id='word_1_798' title='bbox 658 2630 779 2665; x_wconf 83' lang='grc' dir='ltr'>γίνεσθαι</span> <span class='ocrx_word' id='word_1_799' title='bbox 793 2631 841 2657; x_wconf 82' lang='grc' dir='ltr'><strong>αὒ-</strong></span> 
     </span>
    </p>
   </div>
   <div class='ocr_carea' id='block_1_102' title="bbox 46 2674 842 2711">
    <p class='ocr_par' dir='ltr' id='par_1_102' title="bbox 46 2674 842 2711">
     <span class='ocr_line' id='line_1_102' title="bbox 46 2674 842 2711; baseline -0.001 -9"><span class='ocrx_word' id='word_1_800' title='bbox 46 2675 94 2702; x_wconf 73' lang='grc' dir='ltr'>τδν</span> <span class='ocrx_word' id='word_1_801' title='bbox 107 2675 138 2702; x_wconf 82' lang='grc' dir='ltr'>οὐ</span> <span class='ocrx_word' id='word_1_802' title='bbox 155 2675 248 2709; x_wconf 78' lang='grc' dir='ltr'>καλὸν,</span> <span class='ocrx_word' id='word_1_803' title='bbox 262 2675 294 2702; x_wconf 82' lang='grc' dir='ltr'>οὐ</span> <span class='ocrx_word' id='word_1_804' title='bbox 302 2675 326 2691; x_wconf 89' lang='lat'><strong>&quot;</strong></span> <span class='ocrx_word' id='word_1_805' title='bbox 341 2674 501 2710; x_wconf 83' lang='grc' dir='ltr'>συνεχώρει,</span> <span class='ocrx_word' id='word_1_806' title='bbox 515 2676 540 2701; x_wconf 84' lang='grc' dir='ltr'><strong>εί</strong></span> <span class='ocrx_word' id='word_1_807' title='bbox 554 2674 592 2710; x_wconf 81' lang='grc' dir='ltr'>μὴ</span> <span class='ocrx_word' id='word_1_808' title='bbox 607 2675 676 2710; x_wconf 80' lang='grc' dir='ltr'>πρὸς</span> <span class='ocrx_word' id='word_1_809' title='bbox 688 2675 762 2711; x_wconf 85' lang='grc' dir='ltr'><strong>αὺτῷ</strong></span> <span class='ocrx_word' id='word_1_810' title='bbox 773 2676 826 2711; x_wconf 86' lang='grc' dir='ltr'>χρή</span> <span class='ocrx_word' id='word_1_811' title='bbox 835 2690 842 2695; x_wconf 72' lang='grc' dir='ltr'><strong>ο</strong></span> 
     </span>
    </p>
   </div>
   <div class='ocr_carea' id='block_1_103' title="bbox 929 2535 1680 2575">
    <p class='ocr_par' dir='ltr' id='par_1_103' title="bbox 929 2535 1680 2575">
     <span class='ocr_line' id='line_1_103' title="bbox 929 2535 1680 2575; baseline 0.005 -11"><span class='ocrx_word' id='word_1_812' title='bbox 929 2536 1024 2565; x_wconf 79' lang='lat' dir='ltr'><strong>XVIII.</strong></span> <span class='ocrx_word' id='word_1_813' title='bbox 1045 2535 1159 2571; x_wconf 83' lang='lat' dir='ltr'><strong>Excepit</strong></span> <span class='ocrx_word' id='word_1_814' title='bbox 1171 2535 1268 2565; x_wconf 87' lang='lat' dir='ltr'><strong>Petrus</strong></span> <span class='ocrx_word' id='word_1_815' title='bbox 1283 2547 1290 2565; x_wconf 90' lang='lat'><strong>:</strong></span> <span class='ocrx_word' id='word_1_816' title='bbox 1307 2536 1393 2570; x_wconf 84' lang='lat' dir='ltr'><strong>Dicis,</strong></span> <span class='ocrx_word' id='word_1_817' title='bbox 1406 2545 1467 2573; x_wconf 69' lang='lat' dir='ltr'><strong>qua&#39;</strong></span> <span class='ocrx_word' id='word_1_818' title='bbox 1477 2538 1535 2565; x_wconf 81' lang='lat' dir='ltr'><strong>fieri</strong></span> <span class='ocrx_word' id='word_1_819' title='bbox 1550 2547 1680 2575; x_wconf 76' lang='lat' dir='ltr'><strong>nonpos-</strong></span> 
     </span>
    </p>
   </div>
   <div class='ocr_carea' id='block_1_104' title="bbox 894 2583 1678 2619">
    <p class='ocr_par' dir='ltr' id='par_1_104' title="bbox 894 2583 1678 2619">
     <span class='ocr_line' id='line_1_104' title="bbox 894 2583 1678 2619; baseline 0.001 -7"><span class='ocrx_word' id='word_1_820' title='bbox 894 2588 976 2617; x_wconf 90' lang='lat' dir='ltr'><strong>sunt;</strong></span> <span class='ocrx_word' id='word_1_821' title='bbox 991 2591 1079 2619; x_wconf 89' lang='lat' dir='ltr'><strong>neque</strong></span> <span class='ocrx_word' id='word_1_822' title='bbox 1093 2584 1167 2612; x_wconf 87' lang='lat' dir='ltr'><strong>enim</strong></span> <span class='ocrx_word' id='word_1_823' title='bbox 1181 2591 1243 2612; x_wconf 90' lang='lat' dir='ltr'><strong>eum</strong></span> <span class='ocrx_word' id='word_1_824' title='bbox 1258 2583 1341 2618; x_wconf 90' lang='lat' dir='ltr'><strong>paulo</strong></span> <span class='ocrx_word' id='word_1_825' title='bbox 1356 2588 1420 2611; x_wconf 88' lang='lat' dir='ltr'><strong>ante</strong></span> <span class='ocrx_word' id='word_1_826' title='bbox 1432 2583 1554 2619; x_wconf 81' lang='lat' dir='ltr'><strong>genitum</strong></span> <span class='ocrx_word' id='word_1_827' title='bbox 1577 2590 1606 2612; x_wconf 91' lang='lat' dir='ltr'><strong>ut</strong></span> <span class='ocrx_word' id='word_1_828' title='bbox 1624 2586 1678 2613; x_wconf 64' lang='lat' dir='ltr'><strong>ini.-</strong></span> 
     </span>
    </p>
   </div>
   <div class='ocr_carea' id='block_1_105' title="bbox 895 2628 1683 2664">
    <p class='ocr_par' dir='ltr' id='par_1_105' title="bbox 895 2628 1683 2664">
     <span class='ocr_line' id='line_1_105' title="bbox 895 2628 1683 2664; baseline 0.003 -8"><span class='ocrx_word' id='word_1_829' title='bbox 895 2629 998 2657; x_wconf 91' lang='lat' dir='ltr'><strong>micum</strong></span> <span class='ocrx_word' id='word_1_830' title='bbox 1013 2636 1029 2657; x_wconf 92' lang='lat' dir='ltr'><strong>e</strong></span> <span class='ocrx_word' id='word_1_831' title='bbox 1042 2629 1158 2657; x_wconf 89' lang='lat' dir='ltr'><strong>consilio</strong></span> <span class='ocrx_word' id='word_1_832' title='bbox 1174 2629 1232 2664; x_wconf 88' lang='lat' dir='ltr'><strong>ipse</strong></span> <span class='ocrx_word' id='word_1_833' title='bbox 1246 2628 1420 2664; x_wconf 86' lang='lat' dir='ltr'><strong>exstinguere</strong></span> <span class='ocrx_word' id='word_1_834' title='bbox 1442 2629 1540 2663; x_wconf 90' lang='lat' dir='ltr'><strong>potuit.</strong></span> <span class='ocrx_word' id='word_1_835' title='bbox 1562 2632 1602 2657; x_wconf 86' lang='lat' dir='ltr'><strong>Ac</strong></span> <span class='ocrx_word' id='word_1_836' title='bbox 1616 2638 1683 2658; x_wconf 89' lang='lat' dir='ltr'><strong>cum</strong></span> 
     </span>
    </p>
   </div>
   <div class='ocr_carea' id='block_1_106' title="bbox 895 2673 1680 2710">
    <p class='ocr_par' dir='ltr' id='par_1_106' title="bbox 895 2673 1680 2710">
     <span class='ocr_line' id='line_1_106' title="bbox 895 2673 1680 2710; baseline 0.001 -7"><span class='ocrx_word' id='word_1_837' title='bbox 895 2674 1065 2710; x_wconf 72' lang='lat' dir='ltr'><strong>przevideret,</strong></span> <span class='ocrx_word' id='word_1_838' title='bbox 1081 2682 1143 2703; x_wconf 87' lang='lat' dir='ltr'><strong>eum</strong></span> <span class='ocrx_word' id='word_1_839' title='bbox 1157 2682 1211 2702; x_wconf 86' lang='lat' dir='ltr'><strong>non</strong></span> <span class='ocrx_word' id='word_1_840' title='bbox 1227 2674 1328 2702; x_wconf 84' lang='lat' dir='ltr'><strong>bonum</strong></span> <span class='ocrx_word' id='word_1_841' title='bbox 1351 2673 1486 2708; x_wconf 88' lang='lat' dir='ltr'><strong>futurum,</strong></span> <span class='ocrx_word' id='word_1_842' title='bbox 1502 2683 1555 2703; x_wconf 91' lang='lat' dir='ltr'><strong>non</strong></span> <span class='ocrx_word' id='word_1_843' title='bbox 1570 2676 1622 2704; x_wconf 79' lang='lat' dir='ltr'><strong>sibi</strong></span> <span class='ocrx_word' id='word_1_844' title='bbox 1635 2684 1680 2706; x_wconf 86' lang='lat' dir='ltr'><strong>as-</strong></span> 
     </span>
    </p>
   </div>
   <div class='ocr_carea' id='block_1_107' title="bbox 690 2767 1028 2796">
    <p class='ocr_par' dir='ltr' id='par_1_107' title="bbox 690 2767 1028 2796">
     <span class='ocr_line' id='line_1_107' title="bbox 690 2767 1028 2796; baseline 0.006 -2"><span class='ocrx_word' id='word_1_845' title='bbox 690 2767 758 2795; x_wconf 80' lang='lat' dir='ltr'><strong>VAB</strong></span> <span class='ocrx_word' id='word_1_846' title='bbox 764 2768 807 2796; x_wconf 69' lang='lat' dir='ltr'><strong>IIE</strong></span> <span class='ocrx_word' id='word_1_847' title='bbox 825 2768 1028 2796; x_wconf 83' lang='lat' dir='ltr'><strong>LECTIONES.</strong></span> 
     </span>
    </p>
   </div>
   <div class='ocr_carea' id='block_1_108' title="bbox 82 2825 1230 2862">
    <p class='ocr_par' dir='ltr' id='par_1_108' title="bbox 82 2825 1230 2862">
     <span class='ocr_line' id='line_1_108' title="bbox 82 2825 1230 2862; baseline 0.002 -9"><span class='ocrx_word' id='word_1_848' title='bbox 82 2826 104 2842; x_wconf 79' lang='grc'><strong>⁵⁷</strong></span> <span class='ocrx_word' id='word_1_849' title='bbox 125 2825 187 2860; x_wconf 68' lang='grc' dir='ltr'><strong>[ιθα.</strong></span> <span class='ocrx_word' id='word_1_850' title='bbox 211 2827 331 2856; x_wconf 77' lang='lat' dir='ltr'><strong>fortasse</strong></span> <span class='ocrx_word' id='word_1_851' title='bbox 341 2827 376 2854; x_wconf 79' lang='grc' dir='ltr'><strong>δι’</strong></span> <span class='ocrx_word' id='word_1_852' title='bbox 393 2827 432 2853; x_wconf 87' lang='grc' dir='ltr'><strong>ὅν.</strong></span> <span class='ocrx_word' id='word_1_853' title='bbox 470 2825 492 2842; x_wconf 74' lang='grc'><strong>’⁵⁸</strong></span> <span class='ocrx_word' id='word_1_854' title='bbox 510 2825 578 2853; x_wconf 82' lang='lat' dir='ltr'><strong>Vbb.</strong></span> <span class='ocrx_word' id='word_1_855' title='bbox 595 2826 626 2853; x_wconf 80' lang='grc' dir='ltr'>οὺ</span> <span class='ocrx_word' id='word_1_856' title='bbox 637 2826 788 2862; x_wconf 23' lang='grc' dir='ltr'><strong>τῆςναύτῆς</strong></span> <span class='ocrx_word' id='word_1_857' title='bbox 802 2825 896 2862; x_wconf 70' lang='grc' dir='ltr'>οὐσίας</span> <span class='ocrx_word' id='word_1_858' title='bbox 912 2828 1003 2856; x_wconf 81' lang='lat' dir='ltr'><strong>addidi</strong></span> <span class='ocrx_word' id='word_1_859' title='bbox 1018 2829 1052 2856; x_wconf 88' lang='lat' dir='ltr'><strong>dc</strong></span> <span class='ocrx_word' id='word_1_860' title='bbox 1063 2828 1230 2862; x_wconf 81' lang='lat' dir='ltr'><strong>conjectura.</strong></span> 
     </span>
    </p>
   </div>
   <div class='ocr_carea' id='block_1_109' title="bbox 1278 2827 1676 2865">
    <p class='ocr_par' dir='ltr' id='par_1_109' title="bbox 1278 2827 1676 2865">
     <span class='ocr_line' id='line_1_109' title="bbox 1278 2827 1676 2865; baseline 0 -9"><span class='ocrx_word' id='word_1_861' title='bbox 1278 2829 1299 2847; x_wconf 73' lang='grc'><strong>⁵³</strong></span> <span class='ocrx_word' id='word_1_862' title='bbox 1312 2827 1379 2857; x_wconf 77' lang='grc' dir='ltr'>οὖσα</span> <span class='ocrx_word' id='word_1_863' title='bbox 1396 2829 1445 2865; x_wconf 78' lang='grc' dir='ltr'>οὐχ</span> <span class='ocrx_word' id='word_1_864' title='bbox 1462 2829 1512 2865; x_wconf 85' lang='grc' dir='ltr'><strong>ὕλη</strong></span> <span class='ocrx_word' id='word_1_865' title='bbox 1527 2829 1558 2858; x_wconf 88' lang='grc' dir='ltr'><strong>Ο.</strong></span> <span class='ocrx_word' id='word_1_866' title='bbox 1598 2830 1620 2846; x_wconf 81' lang='grc'><strong>⁸⁸</strong></span> <span class='ocrx_word' id='word_1_867' title='bbox 1637 2831 1676 2858; x_wconf 79' lang='grc' dir='ltr'>ὅτι</span> 
     </span>
    </p>
   </div>
   <div class='ocr_carea' id='block_1_110' title="bbox 51 2860 1305 2899">
    <p class='ocr_par' dir='ltr' id='par_1_110' title="bbox 51 2860 1305 2899">
     <span class='ocr_line' id='line_1_110' title="bbox 51 2860 1305 2899; baseline 0.004 -12"><span class='ocrx_word' id='word_1_868' title='bbox 51 2868 102 2889; x_wconf 74' lang='lat' dir='ltr'><strong>non</strong></span> <span class='ocrx_word' id='word_1_869' title='bbox 117 2868 157 2890; x_wconf 81' lang='lat' dir='ltr'><strong>est</strong></span> <span class='ocrx_word' id='word_1_870' title='bbox 167 2863 194 2891; x_wconf 92' lang='lat' dir='ltr'><strong>in</strong></span> <span class='ocrx_word' id='word_1_871' title='bbox 205 2863 269 2892; x_wconf 90' lang='lat' dir='ltr'><strong>cod.</strong></span> <span class='ocrx_word' id='word_1_872' title='bbox 311 2863 334 2880; x_wconf 78' lang='grc'><strong><em>⁵⁸</em></strong></span> <span class='ocrx_word' id='word_1_873' title='bbox 347 2870 385 2899; x_wconf 83' lang='grc' dir='ltr'><strong>μο</strong></span> <span class='ocrx_word' id='word_1_874' title='bbox 397 2862 467 2898; x_wconf 84' lang='lat' dir='ltr'><strong>(sine</strong></span> <span class='ocrx_word' id='word_1_875' title='bbox 480 2862 604 2896; x_wconf 86' lang='lat' dir='ltr'><strong>accentu)</strong></span> <span class='ocrx_word' id='word_1_876' title='bbox 617 2860 675 2896; x_wconf 60' lang='lat' dir='ltr'><strong>seq;</strong></span> <span class='ocrx_word' id='word_1_877' title='bbox 691 2860 788 2890; x_wconf 85' lang='lat' dir='ltr'><strong>lacuna</strong></span> <span class='ocrx_word' id='word_1_878' title='bbox 803 2861 834 2890; x_wconf 89' lang='lat'><strong>0.</strong></span> <span class='ocrx_word' id='word_1_879' title='bbox 857 2860 899 2880; x_wconf 74' lang='grc'><strong>’⁸⁷</strong></span> <span class='ocrx_word' id='word_1_880' title='bbox 915 2863 946 2891; x_wconf 81' lang='grc' dir='ltr'>οὐ</span> <span class='ocrx_word' id='word_1_881' title='bbox 963 2863 1076 2899; x_wconf 88' lang='lat' dir='ltr'><strong>adjunxi</strong></span> <span class='ocrx_word' id='word_1_882' title='bbox 1091 2860 1123 2891; x_wconf 77' lang='lat' dir='ltr'><strong>ex</strong></span> <span class='ocrx_word' id='word_1_883' title='bbox 1138 2863 1305 2899; x_wconf 80' lang='lat' dir='ltr'><strong>conjectura.</strong></span> 
     </span>
    </p>
   </div>
  </div>
