1917 3100
231 157 283 185 459

652 159 681 187 S.
703 158 896 187 CLEMENTIS
913 159 922 186 I
937 158 1018 186 ROM.
1040 158 1140 187 PONT.
1159 159 1272 186 OPERA
1287 155 1400 188 DUBIA.

1801 157 1850 184 ιω

231 217 372 248 sociasset.
385 217 437 245 nisi
450 222 634 254 cognovnsset,
645 219 682 246 ita
695 226 756 246 eum
768 219 820 246 sibi
836 220 893 245 ﬁeri
907 219 1010 246 utilem.

1066 227 1143 254 σιμον
1161 219 1301 254 γινόμενον
1318 219 1461 254 ἠπίστατο.
1475 210 1530 245 Kal
1543 218 1642 250 τέλειος
1662 217 1796 253 ἐξαίφνης
1807 217 1851 251 αφ’

231 262 325 298 Neque
339 264 430 291 subito
441 271 489 298 per
499 265 674 299 semetipsum
689 265 825 300 perfectus
839 265 953 293 evadere
966 272 1013 300 po-

232 309 294 336 tuit.
307 308 374 336 Nam
395 309 419 337 is
439 310 486 345 qui
500 310 621 337 nondum
637 315 705 343 erat,
719 311 837 338 formare
851 318 881 338 se
891 311 949 345 ipse
958 318 1012 337 non

232 355 332 389 potuit,
344 362 433 389 neque
448 354 584 390 perfectus
602 355 756 383 facultatem
772 356 854 383 habet
871 363 904 383 ex
925 355 1012 383 nihilo

232 400 353 433 oriundi,
365 408 452 435 neque
465 408 527 428 eum
543 405 632 428 ortum
646 409 723 436 aequa
737 402 855 436 potentia
871 401 1012 437 praeditum

232 449 306 473 recte
328 446 426 481 aliquis
450 446 560 475 dixerit.
586 447 734 482 Respondit
757 447 851 474 Simon
868 457 875 476 :
891 449 932 474 An
957 455 1012 475 non

232 490 301 518 forte
315 491 423 519 illorum
441 497 493 526 est,
507 501 568 528 quae
592 494 624 520 ad
646 493 726 520 linem
749 493 866 528 aliquem
882 493 1014 521 creaban-

231 538 297 566 tur?
309 538 366 566 Hoc
379 539 461 566 modo
475 539 624 574 malignum
646 547 698 567 non
713 544 755 567 est
768 541 867 567 malum
883 549 1011 575 perenne,

232 588 263 611 ut
277 591 346 618 aqua
360 584 468 618 quidem
483 584 548 617 igni,
559 585 628 611 bona
637 589 726 612 autem
740 593 790 613 suo
801 590 920 620 tempore
935 589 1014 613 terra;

233 629 350 660 sitienti:
367 630 505 664 quomodo
517 634 544 657 et
559 629 660 658 ferrum
673 632 775 658 bonum
793 632 819 658 in
835 632 1012 666 agricultura,

232 673 333 699 malum
350 678 441 700 autem
457 674 489 701 ad
503 682 595 701 necem
621 675 826 710 perpetrandam
844 685 851 702 :
867 677 948 704 etiam
964 677 1012 704 de-

233 718 362 746 siderium
378 719 411 746 ad
427 720 600 748 matrimonia
621 720 738 748 ineunda
755 721 825 748 haud
839 729 963 756 pravum,
979 722 1013 749 ad

233 764 397 792 adulterium
426 769 516 792 autem
542 766 671 799 noxium;
695 771 724 793 ut
744 771 771 794 et
790 767 912 794 occidere
927 767 1013 800 nefas,

233 810 358 844 quamvis
372 811 515 845 pulchrum
531 819 563 838 ex
576 811 724 840 occidentis
737 813 866 845 consilio;
882 816 909 840 et
923 813 1014 840 avari-

233 855 269 883 tia
285 856 397 889 malum,
419 857 545 891 quamvis
565 857 645 885 dulce
667 865 761 890 avaro,
782 862 819 891 et,
844 866 1014 894 qnzecunqne

233 906 297 928 sunt
315 902 483 937 hnjusmodi,
500 903 594 930 eodem
610 911 640 931 se
656 904 737 931 modo
755 904 864 932 habent.
889 905 940 932 Sed
964 905 1015 932 hac

232 947 339 975 ratione
363 956 452 982 neque
480 949 580 976 malum
604 954 646 977 est
668 950 780 983 malum,
800 959 888 986 neque
913 951 1013 978 bonum

232 993 365 1027 contingit
380 1001 441 1020 esse
458 993 571 1024 bonum.
589 1002 650 1022 cum
667 995 780 1022 alterum
797 1001 923 1029 operetur
947 996 1013 1023 alte-

231 1046 304 1065 rum.
321 1038 371 1072 Qui
385 1044 473 1066 autem
487 1039 524 1070 id,
539 1039 613 1074 quod
630 1041 701 1068 male
716 1040 772 1068 iieri
787 1041 903 1073 videtur.
920 1046 1016 1069 aucto-

231 1092 288 1111 rem
304 1085 432 1117 delectat,
449 1086 473 1112 ei
489 1093 552 1112 vero
566 1086 675 1114 dolores
687 1091 770 1121 creat,
785 1087 831 1122 qui
848 1087 969 1122 patitur?
984 1087 1016 1114 Et

232 1129 255 1155 si
267 1129 328 1163 quis
341 1130 376 1156 ob
390 1131 505 1157 nimium
520 1130 562 1158 sui
576 1138 696 1158 amorem
713 1135 844 1165 quantum
858 1130 916 1157 ﬁeri
929 1134 1016 1165 potest

231 1183 291 1202 sese
315 1176 455 1202 obiectans
483 1176 552 1203 male
570 1175 659 1203 facere
681 1180 808 1211 putatur,
830 1176 874 1202 cui
893 1183 947 1202 non
972 1183 1015 1203 res

231 1229 291 1248 esse
303 1221 411 1249 videtur
423 1222 565 1256 injnsta,si
580 1222 615 1249 ob
630 1222 705 1249 illum
721 1229 841 1249 amorem
853 1229 901 1256 per
909 1221 1014 1256 justum

229 1267 349 1302 iudicem
366 1268 476 1302 gravius
491 1268 627 1302 patiatur?

267 1312 338 1340 XIX.
359 1313 391 1340 Et
400 1313 498 1340 Petrus
511 1322 518 1340 :
533 1313 585 1348 Ipsi
602 1313 716 1341 viriliter
725 1321 776 1341 nos
788 1313 922 1348 castigare
935 1313 1016 1340 debe-

232 1365 306 1390 mus,
320 1358 432 1393 quando
446 1358 530 1386 libido
549 1359 582 1386 ad
599 1359 712 1387 alterius
735 1367 832 1386 noxam
850 1359 907 1386 vult
920 1359 1016 1394 impel-

233 1403 299 1435 lere,
314 1403 432 1431 scientes
444 1404 543 1438 quippe
556 1404 656 1430 nialum
669 1404 759 1431 delere
773 1411 853 1439 posse
866 1405 1014 1439 improbos,

233 1453 263 1476 ut
276 1449 322 1483 qui
334 1449 368 1476 ab
379 1449 457 1476 initio
469 1456 563 1476 eorum
579 1450 714 1484 acceperit
735 1454 906 1484 potestatem.
924 1449 1017 1484 Neque

233 1495 287 1522 hoe
298 1494 400 1521 malum
418 1494 451 1522 iis
470 1495 516 1530 qui
535 1495 605 1522 mala
620 1499 827 1530 perpetrarunt;
851 1499 893 1522 ast
908 1503 1015 1530 ptenam

1062 263 1158 290 ἑαυτοῦ
1172 264 1297 298 γενέσθαι
1309 264 1359 300 οὐχ
1369 262 1426 296 οἷός
1437 273 1467 290 τε
1482 262 1527 300 ἦν.
1540 264 1651 290 Ἑαυτὸν
1666 263 1750 299 γὰρ-δ
1771 263 1852 298 μήπω

1061 308 1100 336 ὢν
1113 309 1239 336 πλάττειν
1250 310 1299 336 οὐκ
1311 309 1430 342 ὲδύνατο,
1445 310 1493 337 καὶ
1506 309 1607 341 τέλειος
1623 308 1686 336 οὔτε
1701 308 1732 342 ἐξ
1743 309 1796 336 οὐκ
1810 308 1852 335 ἦν-

1060 362 1116 382 πων
1128 354 1289 389 γενέσθαι-τι
1307 355 1400 381 οὐσίαν
1412 355 1482 390 ἔχειν
1492 355 1515 370 ³³
1529 354 1649 386 δύναται,
1663 354 1710 380 καὶ
1724 353 1854 388 γεννητὸν

1063 400 1218 436 ὑπάρχοντα
1227 400 1266 436 τῷ
1280 401 1323 427 ἀεὶ
1336 400 1504 436 ἰσοδυναμεῖν
1513 401 1563 427 οὐκ
1573 400 1659 436 ὀρθῶς
1672 399 1705 426 ἂν
1717 399 1791 426 εἴποι
1799 408 1852 431 τις.

1062 445 1117 472 Kal
1127 445 1141 471 ό
1151 445 1242 481 Σίμων
1251 453 1258 460 ·
1270 445 1343 481 Μήτι
1357 443 1403 472 οὖν
1413 445 1468 472 τῶν
1483 445 1550 481 πρός
1557 445 1584 471 τί
1594 446 1684 477 έστιν;
1695 445 1754 471 Καὶ
1766 444 1855 475 οὕτως

1063 491 1179 527 πονηρὸν
1195 491 1244 518 οὐκ
1252 491 1276 507 ⁸⁸
1288 491 1344 517 ἐστι
1358 491 1444 518 κακδν
1462 491 1539 527 μένον
1553 491 1590 522 ὡς
1605 490 1676 526 ὕδωρ
1691 490 1770 525 πυρὶ,
1787 490 1856 523 ἀγα-

1063 536 1109 564 θὸν
1119 536 1147 563 δὲ
1158 537 1191 572 τῇ
1205 537 1341 572 εὐκαίρως
1350 536 1454 572 διψώσῃ
1466 538 1500 572 γῇ
1514 545 1520 552 -
1531 536 1624 572 ὥσπερ
1638 544 1669 570 γε
1684 536 1733 562 καὶ
1746 535 1857 571 σίδηρος

1063 582 1103 613 είς
1117 582 1166 617 μὲν
1183 581 1318 617 γεωργίαν
1336 581 1428 613 καλὸς,
1443 583 1483 613 είς
1496 581 1525 608 δὲ
1541 581 1636 616 φόνους
1649 581 1734 612 κακός
1744 589 1751 596 ·
1771 581 1821 607 καὶ
1839 581 1856 615 ἠ

1063 627 1194 662 ἐπιθυμία
1205 627 1233 654 δὲ
1248 628 1288 658 είς
1303 627 1351 662 μὲν
1366 628 1473 662 γάμους
1483 627 1514 654 οὐ
1528 627 1611 663 κακὴ,
1629 628 1668 659 είς
1679 627 1709 654 δὲ
1730 627 1858 662 μοιχείαν

1063 673 1183 708 χαλεπή·
1196 672 1234 705 ὡς
1251 673 1299 700 καὶ
1313 673 1344 700 τὺ
1354 672 1480 708 φονεῦσαι
1501 673 1595 705 κακὸν,
1614 672 1682 699 ἀλλὰ
1699 672 1740 707 τῷ
1758 672 1857 707 φονεύ-

1065 726 1141 745 σαντι
1152 717 1221 754 πρὸς
1233 718 1247 745 δ
1260 717 1433 754 βεϐούλευται
1446 717 1538 750 καλὺν,
1551 718 1597 744 καὶ
1611 719 1628 753 ἡ
1644 717 1788 751 πλεονεξία
1804 727 1857 744 κα-

1064 763 1121 796 κὸν,
1129 762 1197 790 ἀλλὰ
1208 763 1248 799 τῷ
1256 763 1460 790 πλεονεκτοῦντι
1471 763 1519 799 ἡδύ
1528 772 1535 780 ·
1547 763 1596 790 καὶ
1606 763 1654 790 ὅσα
1663 763 1781 790 τοιαῦτα
1791 771 1859 797 τυγ-

1064 809 1140 844 χάνει
1153 809 1249 836 τοῦτον
1260 809 1381 844 περιέχει
1393 809 1438 836 τὸν
1449 809 1558 845 τρόπον.
1574 809 1668 844 Τούτῳ
1679 809 1708 835 δὲ
1725 809 1767 844 τῷ
1785 809 1860 844 λόγῳ

1064 854 1125 881 οὔτε
1145 854 1176 881 τὸ
1197 854 1282 882 κακὸν
1300 854 1384 881 κακόν
1406 854 1490 886 ἐστιν,
1503 854 1565 881 οὔτε
1583 853 1615 881 τὸ
1633 854 1735 888 ἀγαθὸν
1755 854 1859 888 ἀγαθὸν

1063 900 1211 936 τυγχάνει·
1226 900 1355 936 ἑκάτερον
1371 900 1425 936 γὰρ
1446 900 1477 926 τὸ
1495 900 1587 936 ἕτερον
1607 899 1765 936 ἐργάζεται.
1782 900 1859 934 Μήτι

1064 947 1129 981 γε¹³
1152 945 1182 973 τὸ
1203 945 1298 973 δοκοῦν
1321 946 1415 978 κακῶς
1435 945 1555 981 γίνεσθαι
1579 945 1720 981 εὐφραίνει
1744 946 1795 981 μὲν
1814 946 1859 972 τὸν

1064 991 1201 1024 ποιοῦντα,
1222 992 1330 1024 κολάζει
1355 992 1384 1019 δὲ
1407 991 1452 1018 τὸν
1474 992 1626 1026 πάσχοντα;
1648 993 1702 1019 Kal
1723 993 1748 1019 ει
1766 993 1859 1020 ἄδικον

1064 1042 1138 1068 δοκεῖ
1157 1042 1188 1068 τὸ
1210 1042 1304 1069 ἑαυτὸν
1326 1043 1507 1078 ἀγαπήσαντα
1527 1041 1681 1077 εὐφραίνειν
1694 1040 1733 1071 ὡς
1745 1039 1859 1066 δυνατόν

1065 1088 1137 1115 ἐστιν
1149 1108 1156 1120 ,
1171 1089 1218 1115 καὶ
1229 1088 1272 1115 διὰ
1285 1088 1363 1115 τοῦτο
1375 1088 1482 1124 χαλεπὰ
1496 1088 1579 1123 388
1592 1086 1735 1113 πείσεσθαι
1754 1085 1809 1112 ὑπὸ
1819 1085 1858 1111 δι-

1065 1133 1144 1160 καίου
1164 1133 1290 1161 δικαστοῦ
1310 1134 1374 1170 περὶ
1394 1134 1443 1161 τοῦ
1463 1133 1559 1161 ἑαυτὸν
1570 1132 1763 1169 ,ήγαπνκέναμ
1771 1131 1827 1158 τίνι
1835 1131 1859 1147 ⁸⁸

1064 1177 1116 1205 οὐκ
1132 1178 1223 1205 ἄδικον
1242 1177 1367 1213 φαίνεται
1379 1186 1386 1211 ;

1100 1317 1172 1345 XIX.
1192 1317 1246 1344 Kal
1257 1317 1272 1344 ὁ
1284 1316 1386 1353 Πέτρος
1396 1325 1404 1333 ·
1421 1316 1533 1344 Ἑαυτὸν
1547 1316 1600 1352 χρὴ
1610 1314 1736 1348 κολάζειν
1749 1314 1813 1341 τότε
1825 1315 1858 1349 τῇ

1066 1364 1223 1400 ἐγκρατείᾳ.
1242 1364 1306 1390 ὅταν
1321 1364 1337 1398 ἠ
1355 1363 1485 1398 ἐπιθυμία
1503 1362 1572 1397 πρὸς
1586 1361 1680 1396 ἑτέρου
1696 1360 1802 1396 suam
1816 1361 1860 1394 ὁρ-

1068 1409 1152 1445 μῆσαι
1167 1408 1242 1446 θέλῃ,
1255 1408 1343 1436 εἰδότα
1363 1409 1434 1434 ὅτι⁵⁷
1451 1409 1465 1434 ὁ
1478 1406 1593 1442 πονηρὸς
1608 1406 1672 1437 τοὺς
1690 1406 1740 1441 μὲν
1758 1406 1860 1436 κακοὺς

1065 1455 1170 1482 ἀνελεῖν
1187 1454 1309 1486 δύναται,
1323 1454 1370 1480 ἀπ’
1383 1454 1470 1489 ἀρχῆς
1492 1453 1541 1488 τὴν
1560 1452 1621 1479 κατ’
1632 1451 1722 1478 αὐτῶν
1740 1450 1861 1486 εἰληφὼς

1066 1499 1199 1532 ἐξουσίαν.
1214 1500 1268 1526 Καὶ
1282 1498 1357 1525 οὔπω
1369 1498 1449 1525 τοῦτο
1459 1498 1543 1524 κακὸν
1554 1499 1610 1528 τοῖς
1624 1496 1696 1523 κακὰ
1710 1496 1859 1532 πράξασιν,

233 1541 340 1569 animas
351 1549 446 1569 eorum
459 1546 521 1576 post
535 1542 747 1577 peremptionem
756 1547 958 1576 exspectantem
968 1550 1016 1577 pro

1068 1545 1137 1572 ἀλλὰ
1150 1545 1182 1572 τὸ
1198 1544 1267 1580 μετὰ
1285 1545 1334 1580 τὴν
1352 1544 1490 1579 ἀναίρεσιν
1508 1543 1558 1574 τὰς
1568 1542 1656 1578 ψυχὰς
1670 1542 1762 1568 αὐτῶν
1778 1542 1859 1568 κολα-

235 1589 306 1616 male
332 1589 531 1624 prazdispositis
554 1589 628 1617 omni
654 1598 717 1617 cum
735 1590 797 1625 jure
821 1590 920 1625 aliquis
943 1591 1016 1618 dicat

233 1635 343 1663 duram.
356 1635 457 1669 Quare,
472 1641 501 1663 ut
515 1636 581 1670 dixi,
595 1637 711 1664 evitetur
721 1641 827 1671 oportet
840 1638 891 1664 alia
905 1637 1013 1671 injusti-

235 1681 271 1708 tia
297 1689 345 1716 pro
371 1681 446 1709 brevi
470 1682 619 1718 voluptate,
641 1690 674 1710 ne
702 1683 738 1710 ob
762 1690 874 1718 parvam
895 1683 1014 1710 laetitiam

233 1731 333 1754 :eterna
355 1727 447 1754 luatur
470 1735 561 1762 poena.
581 1727 649 1755 Tum
673 1727 766 1755 Simon
782 1728 842 1754 :An
869 1727 938 1756 forte
960 1736 1014 1756 non

233 1773 351 1803 exsistit.
361 1773 432 1807 quod
448 1777 544 1800 natura
557 1772 657 1799 malum
672 1777 713 1800 est
725 1776 771 1800 aut
784 1773 950 1804 bonum,sed
958 1779 1017 1798 mo-

233 1819 269 1846 do
281 1819 370 1846 diﬂ‘ert
383 1823 411 1846 et
425 1819 522 1846 more?
538 1818 576 1846 lta
590 1819 659 1854 apud
672 1818 769 1846 Persas
783 1827 843 1846 mos
859 1824 902 1846 est
918 1819 1015 1846 matri-

235 1864 356 1892 monium
369 1864 478 1891 ineundi
494 1871 555 1892 cum
571 1865 716 1897 matribus,
730 1865 882 1897 sororibus,
897 1865 1015 1898 ﬁliabus,

234 1910 302 1937 alias
326 1916 416 1938 autem
435 1910 534 1937 ducere
559 1910 738 1938 smvissimum
765 1911 924 1945 appellatur.
940 1909 1017 1938 Unde

234 1955 368 1982 malorum
393 1963 447 1982 non
464 1954 638 1982 deiinitorum
657 1955 703 1982 Dei
721 1955 854 1989 judicium
879 1963 932 1982 non
957 1963 1017 1983 esse

235 2004 324 2034 potest
336 2007 386 2034 pro
397 2001 535 2027 omnibus.
548 2000 581 2027 Et
591 2000 687 2028 Petrus
699 2001 767 2028 dixit
780 2010 786 2028 z
798 2000 854 2028 Hoc
868 2001 1018 2028 subsistere

235 2046 330 2080 nequit
345 2054 351 2072 :
367 2053 429 2073 nam
446 2046 574 2072 omnibus
588 2045 774 2073 exsecrandus
798 2046 904 2073 videtur
928 2047 1018 2074 coitus

234 2099 297 2118 cum
313 2091 455 2122 matribus.
469 2092 491 2117 si
503 2091 585 2118 etiam
598 2091 753 2126 Persm,qui
769 2092 941 2126 partinncula
954 2096 1018 2120 sunt

235 2136 342 2171 generis
356 2137 657 2171 humani,iniquitatcm
673 2137 749 2164 exosi
763 2144 856 2164 eorum
867 2137 952 2164 moris
964 2145 1016 2163 non

235 2182 354 2216 capiant.
364 2181 404 2208 lla
411 2186 438 2208 et
446 2181 567 2208 Britanni
579 2181 666 2215 palam
676 2190 768 2208 coram
781 2182 909 2208 omnibus
918 2186 1019 2209 coeunt

1066 1591 1181 1626 ζομένας
1193 1590 1339 1626 διαμένειν,
1353 1590 1432 1616 τοῦτο
1442 1589 1526 1620 ὅντως
1536 1586 1608 1615 εἶναι
1618 1588 1738 1623 χαλεπὸν
1747 1588 1860 1619 δικαίως

1065 1636 1119 1662 τῶν
1131 1636 1225 1668 κακῶς
1239 1635 1475 1672 προδιωρισμένων
1490 1634 1578 1670 ὀρθῶς
1595 1634 1667 1669 ἐχειν
1685 1634 1759 1661 εἴποι
1773 1643 1817 1665 τις
1827 1635 1859 1660 ⁵⁵.

1067 1680 1104 1709 Οὖ
1115 1683 1218 1708 εἵνεκεν
1230 1681 1421 1717 παραιτεῖσθαι
1438 1679 1501 1716 χρὴ,
1517 1680 1555 1711 ὼς
1568 1679 1646 1714 ἔφην,
1662 1679 1795 1715 βραχείας
1811 1680 1860 1714 χά-

1069 1737 1111 1765 ριν
1128 1729 1223 1764 ἡδονῆς
1235 1728 1313 1755 ἄλλον
1322 1728 1414 1755 ἄδικον
1428 1727 1497 1763 πρὸς
1507 1727 1537 1753 τὸ
1549 1726 1586 1762 μὴ
1600 1727 1680 1753 αὐτόν
1692 1735 1754 1753 τινα
1767 1726 1860 1761 ὀλίγης

1067 1775 1147 1810 χάριν
1159 1774 1255 1810 ἡδονῆς
1264 1774 1341 1809 ἀϊδίῳ
1350 1772 1507 1809 περιϐαλεῖν
1520 1772 1639 1799 κολάσει.
1651 1772 1708 1799 Kal
1719 1773 1735 1799 ὸ
1749 1773 1843 1808 Σίμων
1852 1781 1858 1787 ·

1067 1821 1140 1856 Μήτι
1152 1818 1198 1847 οὖν
1212 1820 1262 1847 οὐκ
1276 1819 1334 1845 ἔστι
1351 1820 1386 1854 τῇ
1407 1818 1489 1853 φύσει
1501 1818 1618 1854 πονηρὸν
1631 1818 1646 1853 ἦ
1663 1818 1779 1852 ἀγαθὸν,
1794 1819 1860 1845 ἀλλὰ

1067 1868 1141 1902 νόμῳ
1151 1867 1272 1902 διαφέρει
1282 1867 1329 1892 καὶ
1339 1865 1395 1893 ἔθει
1406 1874 1414 1898 ;
1430 1865 1530 1901 [Οὕτω]
1538 1866 1562 1881 ⁵⁷
1574 1865 1650 1901 παρὰ
1659 1865 1782 1900 Πέρσαις
1795 1866 1860 1892 ἴδιον

1067 1913 1098 1939 τὸ
1119 1914 1217 1948 γαμεῖν
1242 1911 1370 1947 μητέρας,
1389 1911 1514 1945 ἀδελφὰς,
1533 1910 1701 1946 θυγατέρας,
1723 1910 1811 1942 ἄλλας
1833 1911 1860 1937 δὲ

1067 1958 1162 1993 ὥσπερ
1182 1956 1382 1992 χαλεπώτ[ατον
1403 1955 1672 1992 ἀ]γορεύεται.Ὂθεν
1693 1957 1751 1983 τῶν
1768 1957 1861 1983 κακῶν

1070 2003 1107 2039 μὴ
1122 2002 1282 2039 ὡρισμένων
1299 2003 1365 2029 πᾶσι
1385 2002 1435 2038 τὴν
1455 2004 1487 2029 ὲκ
1502 2002 1570 2029 Θεοῦ
1592 2003 1682 2038 κρίσιν
1703 2003 1860 2038 προσδοκᾷν

1068 2049 1118 2075 οὑκ
1135 2048 1219 2074 ἐστιν.
1235 2048 1289 2074 Kal
1304 2048 1318 2074 δ
1332 2048 1434 2083 Πέτρος
1450 2047 1501 2083 ἔφη
1512 2056 1518 2063 ·
1537 2048 1574 2074 Οὐ
1588 2048 1698 2074 δύναται
1711 2048 1795 2074 τοῦτο
1815 2057 1860 2074 συ-

1070 2095 1165 2130 στῆναι
1174 2102 1180 2109 ·
1192 2095 1259 2120 πᾶσι
1270 2093 1325 2129 γὰρ
1338 2093 1471 2128 φαίνεται,
1483 2094 1522 2120 ὄτι
1534 2093 1565 2119 τὺ
1581 2093 1699 2129 μητράσι
1712 2094 1859 2128 μίγνυσθαι

1070 2139 1201 2175 μυσαρὸν,
1216 2139 1267 2166 κᾶν
1279 2139 1391 2175 Πέρσαι,
1405 2139 1496 2175 μόριον
1509 2139 1676 2175 ὑπάρχοντες
1686 2139 1733 2166 τοῦ
1747 2141 1858 2171 παντὸς,

1069 2185 1122 2211 ὑπὸ
1146 2185 1232 2212 κακοῦ
1256 2184 1333 2216 ἔθους
1357 2185 1407 2219 τῆς
1432 2185 1556 2220 μυσαρᾶς
1574 2185 1664 2211 αὐτῶν
1682 2185 1812 2220 πράξεως
1830 2186 1859 2212 τὸ

235 2226 295 2252 sine
310 2226 429 2261 pudore;
443 2227 488 2253 alii
503 2226 621 2254 humana
628 2234 709 2254 carne
716 2231 862 2254 vescuntur
870 2227 998 2254 sinefasti

1068 2230 1165 2265 ἄνομον
1185 2230 1223 2266 μὴ
1234 2230 1522 2265 άντιλαμὸάνωνταιδο.
1532 2231 1574 2262 Ὠς
1586 2231 1633 2257 καὶ
1648 2231 1798 2266 Βρεττανοὶ
1810 2232 1870 2266 ἐμπ-

236 2271 297 2304 dio;
311 2271 356 2298 alii
375 2279 407 2298 ea
425 2279 487 2305 quae
507 2279 587 2298 canes
604 2276 631 2299 et
650 2272 702 2299 alia
718 2272 832 2300 nefanda
849 2277 1014 2307 perpetrant.

236 2317 295 2345 Hoc
312 2317 392 2344 modo
408 2325 462 2344 non
474 2317 650 2352 judicandum
671 2322 712 2344 est
725 2319 757 2344 de
771 2326 852 2345 sensu
866 2319 1014 2346 secundum

236 2369 361 2392 naturam
369 2371 508 2399 perverso.
519 2363 585 2390 Nam
597 2369 625 2390 et
637 2363 725 2390 occidi
739 2363 839 2390 malum
851 2369 903 2395 est,
912 2364 1017 2391 etiamsi

237 2419 290 2438 non
308 2418 404 2438 omnes
419 2411 456 2438 ita
468 2410 575 2442 dicant,
590 2417 651 2437 cum
671 2417 751 2435 nemo
767 2410 824 2444 ipse
844 2410 895 2436 sibi
910 2409 1020 2437 dolores

236 2465 332 2492 parere
346 2457 419 2489 velit,
436 2464 486 2483 nec
502 2463 581 2490 poena
598 2455 635 2481 ob
647 2454 748 2481 furtum
765 2455 817 2482 sibi
831 2455 932 2482 inﬂicta
948 2455 1018 2483 ullus

236 2504 394 2530 delectetur.
412 2502 440 2529 Si
458 2502 521 2537 quis
539 2509 604 2536 ergo
617 2501 770 2528 nullatenus
782 2502 905 2528 concedit
921 2509 1017 2536 pecca-

237 2553 294 2575 tnm
308 2549 450 2580 exsistere,
464 2547 620 2575 necessario
633 2551 661 2574 et
670 2547 779 2574 tertium
793 2547 924 2580 judicium
937 2547 972 2574 ob
984 2555 1015 2574 ea

237 2598 309 2622 recte
329 2594 540 2629 exspectandum
555 2598 606 2621 est.
621 2592 688 2626 Quae
704 2601 766 2620 cum
782 2592 878 2621 Petrus
893 2593 1016 2626 dixisset,

1069 2276 1160 2311 φανῶς
1174 2276 1220 2302 ἐπὶ
1237 2276 1346 2303 πάντων
1365 2276 1545 2308 κοινωνοῦσιν,
1562 2277 1608 2303 καὶ
1627 2278 1677 2303 οὐκ
1698 2277 1838 2304 αίδοῦνται
1850 2286 1856 2292 ³

1070 2323 1117 2349 καὶ
1135 2322 1208 2350 ἄλλοι
1229 2322 1333 2357 σάρκας
1355 2321 1505 2358 ἀνθρώπων
1521 2322 1665 2354 ἐσθίουσιν,
1682 2323 1730 2350 καὶ
1753 2324 1786 2349 οὺ
1809 2333 1857 2358 μυ-

1071 2367 1211 2393 σάττονται
1221 2374 1228 2380 ·
1250 2366 1334 2400 389
1348 2366 1394 2392 καὶ
1416 2366 1502 2401 ἕτεροι
1518 2365 1552 2392 τὰ
1567 2366 1654 2392 κυνῶν
1667 2366 1714 2392 καὶ
1727 2365 1796 2392 ἄλλα
1807 2367 1857 2401 ἆῤ-

1070 2414 1138 2448 ρητα
1152 2412 1319 2447 πράσσουσιν
1327 2413 1360 2439 ⁶¹.
1371 2411 1464 2443 Οὕτως
1476 2412 1506 2438 οὺ
1520 2411 1572 2447 χρὴ
1582 2411 1704 2446 αἰσθήσει
1717 2412 1772 2438 ὑπὸ
1780 2412 1857 2444 ἔθους

1066 2458 1114 2485 τοῦ
1137 2458 1207 2484 κατὰ
1228 2458 1308 2492 φύσιν
1330 2457 1497 2494 ἑκτραπείσῃ
1519 2457 1569 2489 τὰς
1589 2458 1694 2493 κρίσεις
1711 2458 1854 2485 ποιεῖσθαι.

1068 2503 1123 2530 Kal
1144 2503 1197 2539 γὰρ
1211 2504 1241 2530 τὺ
1254 2503 1412 2538 φονευθῆναι
1431 2503 1515 2530 κακον
1535 2504 1617 2535 ἐστιν,
1633 2503 1683 2530 κᾶν
1699 2504 1737 2539 μὴ
1757 2504 1855 2535 πάντες

1068 2549 1193 2584 λέγωσιν,
1207 2550 1248 2577 ὃτι
1264 2550 1356 2586 μηδεὶς
1368 2549 1530 2576 αὖτοπαθεῖν
1545 2549 1627 2581 θέλει,
1644 2550 1689 2576 καὶ
1708 2549 1796 2586 κλοπῇ
1809 2551 1853 2577 οὐ·

1068 2595 1123 2627 δεὶς
1140 2596 1185 2622 ἐπὶ
1197 2597 1230 2631 τῇ
1245 2595 1342 2622 ἑαυτοῦ
1361 2595 1470 2622 κολάσει
1483 2595 1585 2631 ἥδεται.
1603 2596 1662 2622 Κᾶν
1675 2594 1722 2623 οὖν
1737 2597 1798 2628 ἑνὸς
1812 2597 1854 2623 οὑ-

869 2664 986 2692 νΛῐίΙᾹΞ
1000 2664 1199 2692 LECTIONES.

275 2719 298 2757 f'
316 2719 373 2754 ἔχει
437 2756 442 2757 7
458 2720 481 2736 "
500 2720 549 2747 οὐκ
565 2720 675 2755 adjunxi
686 2728 721 2757 ex
735 2721 899 2757 conjectura.
938 2721 971 2757 "7
982 2721 1018 2748 Ita
1035 2722 1086 2755 leg.
1097 2726 1174 2748 notat
1186 2721 1208 2748 0
1236 2722 1263 2748 in
1277 2722 1410 2757 margine,
1424 2722 1501 2757 μήτοι
1512 2731 1542 2756 γε
1555 2722 1580 2749 in
1596 2728 1681 2750 textu.
1722 2725 1807 2754 ⁶⁴¹τινί
1821 2726 1850 2753 Ο.

238 2755 260 2796 ‘_"
274 2755 315 2781 ὃτι
330 2756 445 2789 aseripsi
456 2763 487 2782 ex
501 2757 668 2796 conjectura.
684 2755 824 2796 ⁵⁸-Ξικαίιυς
838 2755 882 2782 τὸν
899 2756 992 2796 κακῶς
1009 2757 1241 2796 προδιρρισμένον
1256 2755 1507 2796 (εἰολόρθῷςιέχειν
1523 2758 1644 2796 εἰπόντος
1659 2761 1690 2786 υ.
1723 2760 1746 2776 ⁵⁸
1768 2761 1850 2796 δυρηι

239 2790 373 2828 lacunam,
389 2798 470 2828 quam
487 2791 590 2828 explevi
612 2798 669 2828 vol;
694 2789 787 2828 [anno]
804 2791 910 2828 signa;
923 2789 1066 2828 apparent.
1087 2789 1212 2819 Fortasse
1235 2789 1376 2828 legendum
1394 2791 1435 2828 [ﬁ]
1451 2789 1538 2828 nonne
1560 2798 1587 2819 et
1610 2789 1717 2828 signum
1738 2789 1850 2823 interro.

238 2825 320 2859 gaodi
334 2831 371 2860 ur
390 2825 442 2867 line
460 2826 655 2857 enuntiatith
674 2826 841 2861 ponendum.
880 2826 901 2843 "
921 2826 1162 2862 ἀντιλαμϐάνονται
1187 2828 1215 2853 0.
1256 2827 1276 2842 "
1295 2827 1339 2853 καὶ
1355 2825 1442 2862 ἕτεροι
1471 2827 1558 2854 κυνῶν
1583 2825 1726 2856 καὶ”ᾱ.λ).οι
1749 2831 1851 2867 appr,“

238 2867 404 2893 xpzasauzw
417 2862 445 2886 υ.
