1917 3100
229 159 281 186 μδ

645 161 674 190 s.
700 153 895 190 cummis
911 161 922 189 ι
941 161 1023 190 non.
1048 161 1149 190 pom.
1168 161 1281 190 orans
1300 161 1413 191 num.

1805 159 1855 187 ιιι

231 218 314 254 impie
328 226 382 246 non
399 219 467 254 agit,
481 219 528 247 sed
544 219 570 246 in
586 219 751 247 adulterium
766 228 948 255 prorumpens
963 221 1015 248 im-

1073 221 1117 248 ἑάν
1132 229 1174 252 τις
1185 223 1218 256 τῇ
1230 221 1362 257 ἐπιθυμίᾳ
1374 221 1473 257 χρῆται
1485 221 1552 257 πρὸς
1563 221 1678 257 νόμιμον
1689 220 1793 256 γάμον,
1805 222 1856 248 οὐκ

231 265 359 299 pietatem
383 265 545 296 committit,
572 263 688 300 ideoque
704 266 892 301 castigabitur,
917 270 948 293 ut
968 266 1013 301 qui

231 309 303 336 male
315 317 383 347 usus
398 312 434 337 sit
453 316 498 342 eo,
512 309 586 345 quod
602 310 670 338 bene
685 310 767 338 fuerit
780 311 948 339 ordinatum.
973 310 1016 338 Si-

232 355 290 381 mili
303 354 385 382 modo
400 354 481 382 etiam
495 354 645 383 iracundiae
668 363 799 384 concessa
816 364 831 383 a
848 355 902 384 Deo
920 362 960 383 est
976 357 1017 384 vis

233 407 283 427 nos
304 400 492 435 aggrediendi.
515 405 546 428 ut
562 408 593 428 ea
607 401 758 429 excitemur
780 401 813 428 ad
841 406 1015 436 peccatOrum

234 445 375 473 ultionem.
397 445 591 473 Verumtamen
614 447 761 474 immodice
785 447 833 482 qui
865 454 897 474 ea
919 447 1016 482 utitur,

234 490 335 526 injuste
349 491 415 527 agit,
438 496 510 519 recte
524 499 555 519 ea
572 498 651 520 utens
673 492 777 527 justum
794 493 907 528 peragit.
921 493 956 520 At
974 493 1017 520 lu-

233 537 290 564 ctui
305 544 415 572 quoque
434 537 550 572 subjecti
565 545 672 568 sumus,
687 545 743 572 quo
758 538 862 567 doloris
875 547 936 567 esse
954 547 1018 575 pos-

233 582 322 610 simus
347 583 494 618 participes
518 583 611 610 obitus
635 584 868 618 propinquorum,
882 585 1016 618 mulieris,

232 629 275 656 vel
290 629 447 661 liberorum,
465 629 507 657 vel
522 629 700 662 fratrum,\'el
712 631 877 665 genitorum,
888 631 932 659 vel
948 632 1018 659 ami-

232 681 327 702 corum
342 675 502 703 ali0rumve.
525 675 781 704 Commiseratiouis
796 677 869 703 enim
891 682 1017 712 expertos

235 720 355 748 hominis
369 725 494 748 naturam
508 722 690 749 exuissemus.
703 721 792 749 Simul
805 723 910 757 reliqua
925 723 1018 751 omnia

235 772 297 801 apta
313 774 375 794 esse
391 767 571 803 reperientur,
584 768 607 796 si
622 768 831 796 considereutur
845 769 927 796 modo
941 777 956 797 a
975 777 1019 797 me

235 811 366 840 indicato.

270 857 354 884 XXII.
370 857 440 886 Tum
456 857 551 886 Simon
564 867 572 887 :
586 858 642 886 Cur
660 863 753 887 autem
767 863 796 888 et
812 860 936 887 homines
951 867 1019 895 prte-

235 908 342 932 mature
362 905 530 939 moriuntur,
547 909 575 933 et
589 905 679 933 morbi
694 905 824 941 periodici
840 893 962 938 veniunt,
978 906 1020 933 in-
1036 893 1055 920 Β

233 958 317 986 super
337 955 365 979 et
379 951 529 984 daemones,
551 952 665 980 insaniae
686 955 714 980 et
736 952 907 980 calamitates
924 952 1020 979 multi-

235 995 336 1024 formes
348 1004 445 1032 magna
460 996 870 1032 castigandifacultateprmliue
886 996 1020 1024 exsistere

235 1041 367 1077 pergunt?
389 1041 502 1077 Excepit
527 1041 648 1070 Petrus:
662 1042 732 1076 Quia
756 1043 885 1070 homines
907 1043 1021 1070 omnino

234 1087 340 1115 lubidini
361 1095 419 1116 suae
440 1088 612 1124 indulgentes
636 1088 842 1117 inconsiderate
861 1094 979 1122 coeunt,
993 1093 1022 1117 et

234 1133 272 1161 ita
295 1134 446 1162 seminibus
471 1134 562 1162 alieno
581 1139 705 1170 tempore
728 1134 834 1170 sparsis
859 1143 894 1164 ex
916 1140 1022 1163 naturae

234 1179 326 1208 indole
345 1179 559 1208 innumerabilia
581 1185 761 1215 procreantur
778 1181 862 1209 mala.
884 1180 1022 1209 Debebant

235 1226 326 1260 potius
348 1230 485 1261 reputare,
503 1226 543 1253 uti
561 1230 669 1261 tempus
682 1226 824 1254 deﬁnitum
840 1227 877 1255 sit
891 1227 926 1254 ad
943 1228 1022 1262 plan-

235 1272 346 1299 tandum
365 1275 393 1299 et
412 1271 601 1299 seminandum
615 1277 709 1306 aptum
724 1292 732 1304 ,
754 1272 791 1299 ita
809 1277 837 1300 et
858 1274 1022 1302 constitutos

237 1317 321 1344 fuisse
338 1316 397 1344 dies
417 1316 451 1343 ad
469 1317 570 1344 coitum
594 1317 719 1345 idoneos.
740 1316 812 1346 Hinc
830 1323 905 1346 certe
920 1318 1022 1353 aliquis

236 1362 340 1398 Moysi:
352 1362 462 1390 traditis
477 1363 581 1397 peritus
602 1363 734 1398 populum
750 1363 786 1391 ob
801 1368 912 1398 peccata
937 1371 1020 1392 accu-

236 1417 317 1442 sans,
337 1409 542 1436 noviluuiorum
565 1409 716 1437 secundum
737 1409 830 1436 lunam
845 1414 873 1437 et
894 1410 1023 1438 sabbato-

237 1463 298 1482 rum
319 1454 391 1482 iilios
406 1455 569 1490 appellabat.
589 1455 625 1482 At
647 1462 712 1482 vero
731 1455 757 1482 in
779 1455 914 1492 principio
929 1457 1023 1485 nmndi

237 1501 363 1528 homines
384 1505 411 1528 et
450 1501 563 1536 longaevi
598 1506 677 1529 erant
703 1501 847 1537 morbique
875 1502 1022 1531 immunes.

1065 266 1168 299 ἀσεϐεῖ,
1191 267 1260 302 πρὸς
1278 267 1398 302 μοιχείαν
1413 266 1441 293 δὲ
1453 266 1546 302 ὁρμῶν
1558 266 1580 282 ⁸⁹
1595 266 1732 298 δυσσεϐεῖ,
1745 267 1796 293 και
1813 266 1856 294 διὰ

1065 311 1144 338 τοῦτο
1155 313 1326 347 τιμωρεῖται,
1341 312 1382 338 ὅτι
1403 311 1442 347 τῷ
1453 312 1476 327 ⁷⁸
1493 311 1584 343 καλῶς
1599 311 1704 338 τεθέντι
1718 312 1856 348 ἐχρήσατο

1066 358 1168 389 κακῶς.
1177 358 1237 384 Ἔτι
1244 366 1274 385 τε
1283 357 1405 393 όμοίωςή
1414 357 1482 393 ὀργὴ
1490 357 1518 384 ἐν
1527 358 1591 393 ἡμῖν
1601 357 1767 390 ἐξάπτεσθαι
1776 357 1855 392 φύσιν

1066 401 1137 437 ἔχειν
1152 401 1244 437 εἴληφε
1257 401 1332 437 παρὰ
1343 401 1421 435 Θεοῦ,
1435 401 1477 428 ῖνα
1493 401 1561 437 πρὸς
1572 401 1677 437 ἄμυναν
1691 400 1855 436 ἁμαρτημά-

1065 455 1120 474 των
1131 447 1176 474 ὑπ’
1190 447 1276 482 αὐτῆς
1286 447 1438 483 ἑλκώμεθα.
1452 447 1524 483 Πλὴν
1536 447 1645 482 ἀμέτρῳ
1657 447 1727 482 αὐτῇ
1739 455 1784 478 τις
1793 455 1855 482 χρη-

1068 493 1185 528 σάμενος
1208 493 1308 526 ἀδικεῖ,
1330 494 1390 520 κατ’
1406 492 1483 525 ἀξίαν
1499 493 1527 519 δὲ
1545 492 1684 528 χρώμενος
1703 492 1736 518 τὸ
1752 491 1854 518 δίκαιον

1067 538 1180 565 ὲκτελεῖ.
1202 538 1280 565 Ἀλλά
1293 538 1341 565 καὶ
1352 538 1440 574 λύπης
1451 538 1533 573 ἐσμὲν
1545 538 1672 572 δεκτικοὶ,
1687 538 1732 565 ῐνα
1744 538 1777 564 τὸ
1791 546 1855 573 aop-

1069 584 1220 620 παθητικὸν
1232 584 1338 620 ἔχωμεν
1349 584 1395 611 ὲπί
1407 592 1437 610 τε
1449 583 1557 618 Θανάτῳ
1566 583 1683 616 οἰκείων,
1695 582 1826 617 γυναικὸς
1837 582 1853 618 ἢ

1067 629 1170 656 τέκνων
1183 629 1199 664 ἧ
1213 628 1362 664 ἀδελφῶνῆ
1381 628 1482 663 γονέων
1499 628 1516 664 ἦ
1529 628 1613 663 φίλων
1625 628 1642 663 ἢ
1658 627 1746 655 ἄλλων
1763 627 1851 654 τινῶν.

1074 675 1214 711 Ἐπειπερ,
1228 676 1252 702 εί
1268 675 1299 702 τὸ
1310 675 1481 711 συμπάσχειν
1503 675 1554 702 οὐκ
1576 675 1694 710 εἴχομεν,
1708 673 1854 708 ἀπάνθρω-

1068 730 1114 748 ποι
1139 721 1172 748 ἂν
1186 719 1262 756 εῐμεν
1274 721 1308 748 ⁷¹.
1327 721 1416 756 ὀμῶς
1433 721 1480 748 καὶ
1500 720 1534 747 τὰ
1557 719 1624 748 ἄλλα
1645 720 1735 746 πάντα
1748 719 1854 749 οἰκείως

1068 768 1244 804 εὑρεθήσεται
1265 767 1370 804 ἔχοντα,
1397 767 1444 794 ὲάν
1468 775 1502 801 γε
1524 766 1558 793 δι’
1581 766 1596 794 ὃ
1618 766 1711 801 ἔλεγον
1722 766 1746 781 ⁷¹
1771 764 1854 801 qm}-

1069 814 1161 850 νοηθῇ.

1106 870 1188 898 XXII.
1205 871 1261 898 Καὶ
1272 871 1287 899 ὁ
1298 871 1405 906 Σίμων·
1419 871 1468 898 Διά
1482 870 1509 898 τί
1525 870 1554 897 δὲ
1565 870 1613 897 καὶ
1628 869 1712 904 ἄωροι
1729 867 1857 894 τελευτῶ-

1071 925 1124 951 σιν,
1137 917 1185 944 καὶ
1202 916 1354 953 περιοδικαὶ
1373 916 1445 944 νόσοι
1462 916 1592 951 γίνονται,
1611 915 1652 942 ἐτι
1670 915 1725 950 μὴν
1741 914 1791 941 καὶ
1806 913 1857 939 δαίο

1072 971 1152 999 μονες
1171 963 1218 990 καὶ
1232 962 1325 998 μανίαι
1345 963 1392 990 καὶ
1411 962 1485 998 πάθη
1499 960 1654 989 παντοδαπά
1669 959 1798 991 κολάζειν
1815 968 1857 994 με·

1070 1008 1160 1043 γάλως
1170 1007 1307 1043 δυνάμενα
1318 1007 1451 1044 ὑπάρχει;
1463 1007 1519 1034 Καὶ
1533 1007 1548 1033 ὁ
1562 1006 1682 1041 Πέτρος·
1703 1006 1766 1032 ’θει
1779 1005 1805 1030 ot
1817 1005 1857 1032 ἀν-

1071 1054 1175 1090 θρωποι
1192 1053 1228 1080 τὰ
1247 1053 1335 1081 πάντα
1345 1053 1436 1080 αὐτῶν
1450 1054 1483 1089 τῇ
1503 1052 1584 1088 ἡδονῇ
1601 1051 1778 1086 χαριζόμενοι
1793 1050 1857 1076 ἀπα-

1071 1099 1233 1135 ρατηρήτως
1244 1097 1416 1126 κοινωνοῦσιν
1429 1097 1476 1125 καὶ
1491 1098 1576 1129 οὕτως
1589 1097 1605 1133 ἡ
1622 1096 1678 1123 τῶν
1692 1096 1857 1132 σπερμάτων

1071 1143 1206 1180 καταδολὴ
1220 1144 1341 1180 ἀκαίρως
1353 1143 1506 1171 ὲπιδοθεῖσα
1523 1142 1645 1178 φυσικῶς
1661 1141 1695 1168 τὰ
1713 1141 1800 1177 μυρία
1815 1141 1858 1167 ἐκ·

1071 1189 1134 1225 φύει
1146 1189 1229 1217 κακά.
1248 1189 1347 1226 Ἐχρῆν
1358 1189 1386 1216 δὲ
1398 1189 1496 1221 αὐτοὺς
1511 1187 1679 1223 λογίζεσθαι,
1693 1187 1747 1218 ὅτι,
1761 1187 1801 1218 ὡς
1811 1186 1857 1213 τοῦ

1071 1235 1202 1270 φυτεῦσαι
1226 1235 1274 1262 καὶ
1297 1237 1406 1271 σπεῖραι
1428 1235 1524 1271 καιρὸς
1555 1234 1705 1270 ἐπιτήδειος
1729 1233 1856 1270 ὥρισται,

1072 1281 1144 1308 οὕτω
1156 1282 1204 1308 καὶ
1213 1281 1260 1308 τοῦ
1273 1282 1436 1317 κοινωνῆσαι
1448 1281 1641 1317 ὲπιτηρήσιμοι
1661 1280 1764 1316 ἡμέραι
1782 1288 1858 1315 atpos-

1073 1327 1232 1362 ῳκείωνται.
1257 1326 1339 1362 392
1360 1327 1456 1354 Ἔνθεν
1478 1326 1543 1361 γοῦν
1557 1335 1598 1358 τις
1611 1327 1644 1352 ὲκ
1657 1326 1708 1360 τῆς
1721 1325 1858 1356 Μωῦσέως

1072 1375 1247 1410 παραδόσεως
1275 1374 1457 1410 μεμαθηκὼς,
1481 1374 1641 1410 αίτιώμενος
1662 1374 1708 1400 τὸν
1731 1373 1796 1400 λαὸν
1815 1372 1859 1399 ἐπὶ

1073 1421 1220 1457 ἁμαρτίας,
1233 1421 1308 1453 υἱοὺς
1314 1420 1464 1456 νεομηνιῶν
1473 1420 1527 1447 τῶν
1537 1420 1607 1447 κατὰ
1614 1420 1729 1455 σελήνην
1741 1419 1790 1446 καὶ
1801 1419 1859 1445 σαϐ-

1073 1465 1162 1493 ϐάτων
1180 1465 1322 1493 ἀπεκάλει.
1351 1464 1433 1493 Ἀλλά
1447 1465 1495 1492 καὶ
1514 1465 1574 1492 κατ’
1587 1463 1674 1500 ἀρχὰς
1689 1463 1738 1490 τοῦ
1757 1463 1858 1497 κόσμου

1073 1512 1098 1538 οί
1110 1511 1249 1547 ἄνθρωποι
1262 1511 1400 1543 πολυετεῖς
1415 1519 1445 1537 τε
1457 1508 1527 1547 ἦσαν
1540 1509 1587 1537 καὶ
1605 1510 1705 1536 ἄνοσοι.
1725 1508 1822 1535 Ὁπότε
1834 1508 1859 1534 δὲ

237 1546 291 1574 Sed
306 1554 357 1574 usu
374 1547 541 1582 negligenter
554 1547 695 1579 derelicto,
709 1547 759 1574 lilii
771 1547 882 1574 illorum
897 1547 1019 1575 vicissim

1073 1546 1256 1594 ἀμελήσαντες
1268 1558 1318 1593 τὴν
1330 1558 1519 1594 παρατήρησιν
1533 1556 1674 1587 ἀπέλιπον,
1685 1555 1780 1582 ἔκτοτε
1793 1554 1860 1581 κατὰ

237 1593 273 1620 ob
286 1593 478 1628 ignorantiam,
496 1597 526 1620 ut
541 1600 595 1620 non
619 1593 706 1626 licuit.
721 1593 871 1621 miscentes
885 1601 925 1627 se,
941 1594 1022 1621 innu-

239 1639 416 1667 merabilibus
428 1639 632 1667 calamitatibus
643 1639 746 1668 liberos
762 1647 828 1668 suos
847 1639 1023 1668 reddiderunt

239 1686 384 1714 obnoxios.
399 1685 491 1720 Quare
511 1691 539 1714 et
554 1687 684 1722 magister
708 1692 802 1715 noster
819 1687 854 1716 de
871 1687 927 1720 illo,
945 1689 992 1723 qui
1007 1696 1023 1716 a

238 1732 379 1761 nativitate
391 1740 480 1761 aecus
492 1738 551 1761 erat
565 1738 592 1761 et
614 1741 661 1768 per
679 1741 742 1761 eum
757 1734 836 1767 vidit,
853 1734 1023 1769 interrogan-

238 1780 323 1812 tibus,
344 1784 436 1807 utrum
454 1779 499 1808 hic
524 1780 677 1815 peccaverit
691 1787 727 1807 an
748 1781 886 1816 genitores
907 1781 978 1815 ejus,
994 1785 1023 1809 ut

237 1833 327 1853 caecus
342 1830 511 1858 nasceretur,
535 1825 697 1861 respondit:
713 1825 807 1862 Neque
821 1826 867 1854 hic
884 1827 911 1854 in
931 1827 1023 1862 aliquo

238 1872 369 1907 peccavit,
384 1879 472 1906 neque
485 1871 545 1906 ejus
561 1872 708 1907 genitores,
724 1872 770 1900 sed
791 1876 822 1899 ut
836 1871 864 1899 in
882 1879 916 1900 eo
936 1872 1023 1899 mani-

238 1917 384 1946 festarctur
408 1917 455 1946 Dei
480 1922 617 1953 potestas.
639 1925 702 1953 qua:
723 1917 885 1953 ignorantiae
913 1922 1023 1953 peccata

238 1969 318 1992 sanat
340 1969 364 1991 ι.
386 1964 426 1991 Ac
442 1963 565 1998 profecto
588 1963 749 1998 ignorantiae
774 1971 857 1991 causa
887 1963 1023 1998 ejusmodi

240 2016 285 2035 res
292 2008 430 2039 eveniunt,
441 2008 515 2043 quod
540 2007 669 2036 videlicet
685 2008 824 2043 ignoretur
837 2008 947 2043 quando
962 2015 1025 2036 cou-

238 2053 301 2089 juge
319 2054 357 2080 uti
379 2058 512 2088 oporteat,
531 2058 559 2081 et
578 2061 613 2080 an
629 2054 714 2081 libera
729 2054 765 2081 sit
778 2061 793 2080 a
809 2057 949 2081 menstrua
963 2054 1024 2088 pol-

241 2099 354 2127 lutione.
367 2099 428 2126 Jam
442 2106 507 2127 vero
521 2099 702 2132 calamitates,
721 2106 839 2133 quantm
853 2102 933 2126 antea
948 2106 1025 2126 men-

241 2145 342 2173 tionem
354 2144 453 2175 i'ecisti.
465 2152 498 2172 ex
511 2144 663 2180 ignorantia
675 2145 847 2179 proveniunt,
861 2152 915 2172 non
926 2152 942 2172 e
953 2144 1025 2172 malo

241 2195 362 2226 peracto.
376 2190 502 2218 Concede
518 2190 630 2226 insuper
643 2198 697 2217 non
714 2195 871 2225 peccantem
884 2195 913 2218 et
932 2191 1024 2226 accipe

242 2245 297 2264 non
311 2237 468 2272 patientem,
481 2240 562 2270 atque
575 2237 656 2262 etiam
672 2236 740 2264 alios
753 2237 873 2271 patiendi
887 2237 1024 2266 immunes
1040 2233 1062 2261 Β

241 2282 276 2310 ad
310 2280 337 2307 ei
367 2282 540 2310 serviendum
555 2285 633 2316 aptos
647 2282 780 2310 invenies.
800 2282 924 2318 Exempli
938 2284 1024 2318 gratia

241 2329 347 2364 Moyses
363 2332 473 2363 propter
489 2328 618 2362 pietatem
639 2328 724 2355 totius
741 2329 803 2356 vine
828 2334 935 2364 tempus
956 2337 1024 2357 cou-

240 2373 391 2401 summavit
405 2372 471 2400 mali
483 2379 591 2407 expers,
603 2376 630 2400 et
645 2371 789 2407 Egyptios
801 2373 836 2400 ob
850 2377 961 2409 peccata
975 2381 1024 2409 pa-

240 2419 339 2447 tientes
352 2418 478 2453 precibus
493 2418 609 2445 sanavit.

274 2464 368 2492 XXlll.
391 2463 461 2491 Tum
483 2463 601 2491 Simon:
622 2463 684 2492 Haec
704 2463 813 2499 quidem
839 2464 876 2492 ita
895 2472 956 2493 sese
974 2466 1024 2494 ha-

241 2511 333 2538 beant.
341 2510 393 2538 Sed
405 2510 576 2545 inaequalitas
591 2510 663 2536 inter
679 2510 804 2541 homines
818 2518 908 2538 nonne
921 2511 969 2538 tibi
984 2512 1024 2539 vi-

240 2556 319 2583 detur
326 2555 599 2590 iujustissimaMlter
605 2555 679 2582 enim
692 2554 914 2588 mendicat,alter
922 2555 1026 2583 divitiis

241 2601 380 2634 abundat,
409 2601 478 2628 alter
503 2605 634 2636 aegrotat,
665 2600 734 2627 alter
763 2600 847 2628 nimia
871 2601 1027 2629 valetudine

241 2646 352 2678 fruitur,
363 2651 390 2674 et
399 2653 461 2681 quae
470 2645 626 2681 hujusmodi
641 2645 848 2673 innumerabilia
860 2647 888 2673 in
905 2646 1024 2674 humana

278 2717 292 2733 ι
310 2711 390 2740 Joan.
402 2720 441 2747 ix,
454 2713 483 2746 2,
498 2712 526 2740 3.

1072 1603 1195 1640 διαδοχὴν
1210 1604 1263 1630 υἱοὶ
1274 1603 1384 1638 ἀγνοίας
1395 1603 1469 1638 atria
1480 1602 1541 1638 [ὡς]
1553 1602 1590 1637 μὴ
1603 1601 1657 1627 δεῖν
1669 1600 1860 1630 κοινωνοῦντες

1072 1650 1126 1677 ὑπὸ
1143 1649 1227 1686 μυρία
1239 1649 1311 1685 πάθη
1327 1649 1361 1676 τὰ
1372 1648 1476 1676 ἑαυτῶν
1492 1647 1597 1675 τιθέασι
1611 1647 1702 1673 τέκνα.
1719 1646 1801 1673 ὀθεν
1815 1645 1860 1672 καὶ

1073 1695 1260 1732 [Διδάσκ]αλος
1282 1693 1361 1730 ἡμῶν
1374 1693 1498 1730 περὶτοῦ
1511 1693 1543 1719 ὲκ
1562 1692 1676 1726 γενετῆς
1698 1690 1789 1726 πηροῦ
1814 1690 1860 1716 καὶ
1895 1730 1900 1734 ι

1073 1740 1272 1776 ἀναϐλέψαντος
1295 1739 1361 1775 παρ’
1383 1738 1465 1766 αὐτοῦ
1491 1737 1637 1773 tamam»;
1661 1735 1859 1772 ὲρωτήσασιν],

1073 1788 1098 1814 εί
1109 1787 1133 1803 ’³
1152 1785 1228 1818 οὗτος
1247 1786 1371 1822 ἥμαρτεν
1393 1784 1410 1820 ἢ
1430 1785 1455 1811 οί
1473 1785 1561 1818 γονεῖς
1580 1782 1673 1815 αὐτοῦ,
1695 1782 1740 1808 ῖνα
1763 1780 1860 1815 τυφλὸς

1073 1833 1206 1868 γεννηθῇ,
1225 1831 1407 1868 ἀπεκρίνατο’
1426 1829 1487 1856 οὕτε
1503 1826 1579 1860 οὗτος
1595 1837 1628 1863 ,τι
1643 1828 1780 1863 ἥμαρτεν,
1800 1826 1861 1852 οὕτε

1073 1880 1099 1906 oi.
1112 1877 1298 1914 γονείςαὺτοῦ,
1307 1877 1363 1904 ἀλλ’
1375 1877 1418 1903 ἵνα
1429 1876 1462 1903 δι’
1475 1874 1556 1902 αὑτοῦ
1568 1873 1709 1910 φανερωθῇ
1723 1873 1740 1908 ἡ
1748 1872 1861 1906 δύναμις

1073 1926 1121 1953 τοῦ
1135 1924 1203 1953 Θεοῦ
1216 1925 1267 1960 τῆς
1289 1923 1398 1959 ἀγνοίας
1417 1922 1519 1958 ἰωμένη
1532 1921 1568 1948 τὰ
1591 1921 1786 1956 ἁμαρτήματα.
1808 1918 1862 1945 Καὶ

1074 1971 1181 2007 ἀληθῶς
1195 1970 1305 2005 ἀγνοίας
1323 1969 1398 2005 αἰτίᾳ
1413 1968 1448 1996 τὰ
1467 1967 1579 1995 τοιαῦτα
1597 1966 1711 2001 γίνεται,
1739 1965 1800 2000 ἦτοι
1824 1963 1862 1999 τῷ

1076 2019 1113 2055 μὴ
1129 2017 1227 2045 ειδέναι
1241 2016 1306 2044 πότε
1319 2016 1360 2043 δεῖ
1374 2015 1511 2042 κοινωνεῖν
1525 2015 1559 2050 τῇ
1577 2013 1695 2048 γαμετῇ,
1714 2012 1738 2038 εί
1754 2009 1861 2046 καθαρά

1075 2065 1105 2098 ἐξ
1119 2065 1236 2101 ἀφέδρου
1261 2063 1398 2099 τυγχάνει.
1423 2062 1496 2098 Πλὴν
1510 2061 1528 2088 ἀ
1543 2061 1710 2097 προείρηκας
1731 2059 1807 2095 πάθη
1832 2059 1862 2092 ἐξ

1075 2111 1185 2147 ἀγνοίας
1207 2110 1293 2142 ἐστὶν,
1311 2109 1342 2136 οὐ
1359 2108 1451 2145 μέντοι
1473 2108 1506 2134 ὲκ
1527 2106 1645 2142 πονηροῦ
1667 2105 1859 2141 είργασμένου.

1076 2157 1193 2194 Προσέτι
1209 2156 1238 2183 δὲ
1251 2156 1294 2189 δὸς
1309 2155 1354 2181 τὸν
1371 2154 1407 2191 μὴ
1422 2153 1611 2190 ἁμαρτάνοντα
1628 2152 1673 2179 καὶ
1685 2151 1750 2178 λάϐε
1765 2151 1812 2177 τὸν
1825 2151 1860 2186 μὴ

1077 2203 1225 2239 πάσχοντα,
1240 2203 1287 2229 καὶ
1302 2200 1371 2237 πρὸς
1384 2199 1415 2227 τδ
1432 2200 1469 2236 μὴ
1482 2199 1596 2234 πάσχειν
1607 2198 1653 2225 καὶ
1667 2197 1764 2228 ἄλλους
1781 2197 1862 2224 αὑτὸν

1077 2248 1243 2285 θεραπεῦσαι
1272 2246 1438 2281 δυναμένους
1463 2245 1590 2281 εὑρήσεις
1607 2244 1641 2270 ⁷⁵.
1664 2242 1769 2269 Αὐτίκα
1796 2242 1862 2276 γοῦν

1077 2295 1197 2329 Μωῡσῆς
1210 2293 1254 2320 διὰ
1269 2292 1408 2319 εὐσέϐειαν
1426 2290 1535 2327 ἀπαθὴς
1556 2290 1601 2317 τὸν
1620 2289 1708 2316 πάντα
1721 2288 1774 2324 τῆς
1788 2288 1862 2323 ζωῆς

1075 2341 1208 2369 διετέλεσε
1222 2339 1327 2375 χρόνον,
1341 2338 1389 2365 καὶ
1411 2338 1475 2369 τοὺς
1497 2335 1662 2371 Αἰγυπτίους
1674 2334 1707 2361 δι’
1724 2334 1862 2370 ἁμαρτίας

1076 2387 1231 2422 πάσχοντας
1243 2385 1337 2420 εὐχαῖς
1351 2385 1419 2411 ἰᾶτο.

1108 2463 1203 2491 XXIII.
1217 2463 1271 2490 Kal.
1281 2463 1296 2489 ὀ
1310 2462 1410 2497 Σίμων·
1421 2462 1512 2488 Ἔστω
1525 2461 1574 2496 μὲν
1585 2460 1669 2487 ταῦτα
1680 2458 1768 2490 οὓτως
1779 2458 1859 2494 ἔχειν.

1074 2510 1111 2537 Οὺ
1128 2510 1201 2536 δοκεῖ
1223 2517 1264 2535 σοι
1286 2507 1468 2542 ἀδικωτάτηή
1485 2507 1514 2533 ὲν
1525 2505 1678 2541 ἀνθρώποις
1700 2504 1859 2540 ἀνωμαλία;

1077 2557 1125 2588 ⁸ος
1148 2556 1197 2592 μὲν
1219 2555 1273 2591 γὰρ
1291 2554 1412 2585 πένεται,
1438 2553 1468 2585 ὃς
1481 2552 1509 2579 δὲ
1529 2552 1650 2584 πλουτεῖ,
1663 2551 1744 2586 393
1757 2550 1805 2577 καὶ
1832 2550 1860 2580 ὃς

1077 2602 1128 2635 μὲν
1141 2603 1224 2632 νοσεῖ,
1251 2601 1298 2627 καὶ
1322 2600 1363 2636 [ὃς
1378 2599 1418 2635 δὲ]
1444 2598 1571 2633 ὑγιαίνει,
1586 2598 1634 2624 καὶ
1657 2597 1732 2632 ὁμῶς
1748 2595 1859 2623 τοιαῦτά

1075 2656 1136 2675 τινα
1161 2647 1246 2684 μυρία
1261 2647 1290 2674 ὲν
1305 2646 1345 2682 τῷ
1366 2645 1527 2681 ἀνθρωπίνῳ
1550 2643 1610 2680 βίῳ.
1631 2643 1687 2670 Καὶ
1710 2643 1726 2670 ὁ
1740 2642 1856 2678 Πέτρος⁶

877 2770 995 2799 ὙΑΚΗΕ
1010 2768 1209 2798 LECTIONES.

278 2816 300 2834 "
315 2817 392 2852 όρμῶ
408 2818 438 2844 0.
475 2817 497 2833 "°
511 2817 541 2843 τό
556 2818 587 2844 0.
624 2817 647 2834 τί
668 2817 700 2844 ἂν
712 2815 739 2844 εἴ
753 2818 953 2851 (subnotatum)
968 2815 1043 2852 εἶμεν
1060 2818 1090 2845 0.

243 2851 306 2880 dein
329 2851 468 2888 ἐγεννήθη.
516 2853 539 2869 ⁷⁵
554 2852 637 2888 εὖρης
662 2852 683 2880 0
697 2872 704 2885 ,
727 2853 774 2888 qui
788 2853 850 2881 dein
865 2853 909 2881 διό
922 2861 948 2889 p.
966 2851 1019 2880 διά.

1143 2817 1166 2835 ⁷·
1183 2816 1262 2851 λέγον
1279 2814 1342 2852 (sic)
1354 2813 1386 2843 0.
1424 2815 1448 2832 ⁷³
1467 2823 1496 2842 εν
1509 2815 1612 2850 absque
1626 2813 1724 2850 spiritu
1745 2812 1770 2844 0
1784 2833 1792 2846 .
1813 2812 1854 2849 «ιῦΙ
