1917 3100
43 150 94 184 ηδ’

571 155 802 185 CLEMENTINA.
814 170 848 177 —
860 154 1001 183 HOMILIA
1021 153 1092 184 XIX.

1632 158 1685 192 ιω

43 215 78 243 0'5
105 214 241 250 συνορᾷς,
254 212 280 241 ὦ
298 215 401 251 Σίμων,
416 216 458 243 ὅτι
475 216 555 243 πάλιν
580 217 659 249 me;
680 216 727 244 τοῦ
746 224 816 243 σκοπ

878 229 882 243 l
899 215 953 242 vita
975 217 1150 251 reperiuntur
1164 215 1227 243 alia.
1243 214 1277 242 Et
1291 214 1389 243 Petrus
1403 225 1409 243 :
1425 213 1519 243 Nonne
1539 216 1624 249 vides,
1642 218 1683 244 Si-

45 262 106 292 τοὺς
134 261 236 295 λόγους
275 261 417 297 πέμπεις;
442 263 509 298 Περὶ
543 262 662 298 πονηροῦ
687 262 742 298 γὰρ
766 261 844 297 ἡμῶν

44 307 262 343 διαλεγομένων,
279 308 313 335 σὺ
339 309 475 345 ἐκτροπὴν
498 309 615 345 ποιήσας
637 309 702 344 περὶ
722 307 778 335 τῶν
800 307 843 334 δο-

45 354 170 381 κούντων
186 354 376 390 ἀτοπημάτων
387 355 432 382 τὸν
449 355 527 390 λόγον
542 355 690 391 είσηγήσω.
707 354 782 390 Πλὴν
797 354 845 381 καὶ

43 402 82 432 είς
103 400 176 427 αὐτὸ
198 400 268 436 ὲρῶ.
286 400 317 428 ’0
331 400 431 437 κόσμος
444 401 557 437 ὄργανόν
570 402 631 428 ἐστι
649 399 782 436 τεχνικῶς
795 407 842 434 γε-

42 447 172 480 γονὺςπ,
189 446 235 473 ἴνα
250 446 291 482 τῷ
315 447 437 483 ἐσομένῳ
461 448 555 484 ἄρρενι
571 446 688 478 αιωνίως
708 446 724 481 ή
748 445 843 481 θήλεια

41 493 122 528 τίκτῃ
139 492 265 524 δικαίους
281 493 406 525 αἰωνίους
419 492 505 524 υἱούς.
529 493 586 519 Οὐκ
608 491 734 518 ὲδύναντο
753 491 781 517 δὲ
795 491 841 517 εὐ-

41 538 161 570 σεϐεῖς⁷⁶
170 538 291 566 ἐνταῦθα
303 538 524 575 ἀποτελεσθῆναι,
537 540 561 565 εί
574 539 610 574 μή
623 536 693 573 ἦσαν
705 537 730 564 οἱ
744 536 842 569 ἐνδεεῖς

38 582 79 616 οἷς
99 585 349 620 ὲπικουρήσουσιν.
370 585 485 620 Ὁμοίως
505 593 535 611 τε
559 585 606 611 καὶ
623 583 667 610 διὰ
690 582 769 610 τοῦτο
787 582 841 609 εἰσὶ

39 630 84 656 καὶ
96 629 259 662 νοσοῦντες,
272 627 310 658 ὧν
323 631 526 666 προνοήσουσιν.
539 630 593 657 Καὶ
607 629 642 656 τά
663 628 726 664 ἑξῆς
746 627 840 655 τοῦτον

38 676 172 712 περιέχει
186 676 234 703 τὸν
255 676 344 711 λόγον.
360 677 413 704 Καὶ
427 678 441 703 6
451 676 556 712 Σίμων·
581 675 684 703 οὐκοῦν
706 674 840 710 ήτύχηται

36 723 94 753 τοῖς
109 723 271 755 ταπεινοῖς;
287 722 359 758 Πρὸς
372 722 427 757 γὰρ
438 722 469 749 τὸ
485 721 699 757 ἀτωτελεσθῆναι
719 721 840 753 δικαίους

36 767 118 793 αὐτοὶ
143 767 356 802 κακουχοῦνται.
381 768 435 794 Καὶ
456 768 471 794 6
487 767 605 804 Πέτρος·
619 768 652 794 El
670 765 706 803 ἦν
730 766 840 799 αἰώνιος

35 812 210 845 ταπείνωσις
236 813 342 845 αὐτῶν,
366 813 465 849 ἀτυχία
489 813 522 840 ἂν
546 811 581 849 ἦν
608 813 733 850 μεγίστη.
759 812 839 840 Ἀλλὰ

37 859 106 895 πρὸς
117 860 162 896 τῷ
175 860 272 897 κλήρῳ
282 861 317 888 τά
329 861 522 898 ταπεινώματα
532 862 580 890 καὶ
593 862 727 898 ὑψώματα
738 861 838 896 ἀνθρώ-

37 913 98 938 ποις
116 906 230 940 γίνεται
240 927 247 934 .
267 904 303 943 ’ᾯ
320 908 342 934 δ’
355 908 388 935 ἂν
402 908 438 944 μὴ
461 908 567 945 ἀρέσκῃ
580 910 594 936 6
606 908 717 944 κλῆρος,
733 908 835 935 ἔνεστιν

37 952 182 988 ἑκκλήτως
204 953 377 989 χρησάμενον
400 954 447 981 καὶ
469 955 592 990 νομίμως
612 954 835 990 διαδικασάμενον

35 997 77 1024 τὸν
90 998 140 1025 ὑπ’
156 998 244 1025 αὐτοῦ
259 999 409 1032 ὑπαλλάξαι
424 1000 492 1035 βίον.
509 1001 563 1027 Καὶ
576 1001 590 1027 6
604 1000 696 1036 Σίμων
705 1009 712 1016 ·
731 1000 778 1032 Τίς
790 997 835 1027 οὗ-

35 1051 78 1075 τος
90 1044 107 1071 6
130 1044 248 1080 κλῆρος,
265 1045 312 1072 καὶ
335 1045 482 1081 Euhan-tog;
502 1047 557 1073 Καὶ
578 1047 593 1073 6
613 1047 732 1082 Πέτρος·
748 1046 834 1073 Τοῦτο

34 1089 128 1124 ἑτέρου
151 1090 236 1124 λόγου
260 1091 389 1127 ἐξήγησις
406 1093 489 1119 ἐστιν.
510 1092 584 1126 Πλὴν
601 1092 649 1119 ἐὰν
672 1092 831 1128 ὲπιτρέψῃς,

33 1133 114 1166 δεῖξαί
130 1144 176 1162 σοι
190 1136 342 1172 δυνάμεθα,
362 1137 420 1169 πῶς
433 1137 627 1173 ἀναγεννηθεὶς
644 1138 692 1164 καὶ
712 1138 762 1174 τήν
784 1138 832 1172 γέ-

32 1188 102 1207 νεσιν
118 1181 285 1216 ὑπαλλάξας
305 1184 352 1210 καὶ
366 1183 488 1220 νομίμως
507 1183 609 1220 βιώσας
621 1183 731 1211 αἰωνίου
749 1183 830 1221 τεύξῃ

32 1227 187 1263 σωτηρίας-

54 1327 161 1356 XXIV.
185 1330 244 1357 Καὶ
261 1330 276 1357 δ
297 1330 389 1365 Σίμων
411 1331 498 1358 ταῦτα
523 1331 644 1364 ἀκούσας
665 1331 734 1367 ἔφη·
754 1331 828 1367 Μήτι

25 1374 154 1410 νομίσῃς,
184 1374 224 1407 ὥς
249 1375 342 1411 ἐπειδὴ
370 1376 411 1408 είς
434 1375 549 1402 ἕκαστον
574 1375 722 1410 κεφάλαιον
739 1375 828 1410 ζητῶν

24 1418 75 1456 [τε]
86 1420 278 1456 συνετιθέμην
289 1421 327 1452 ὼς
335 1421 387 1457 πλη
392 1422 504 1458 ροφορού
508 1430 587 1458 μενος
599 1422 642 1456 ἐφ’
649 1421 730 1457 394
735 1421 828 1457 ἕτερον

24 1465 185 1501 ἐρχόμενον
231 1467 401 1502 κεφάλαιον;
425 1468 483 1495 ἀλλ’
520 1467 632 1502 ἀγνοίας
671 1475 712 1493 σοι
745 1466 777 1493 τὸ
803 1467 825 1482 ⁷⁷

21 1513 174 1539 πείθεσθαι
199 1515 341 1549 παρεῖχον,
359 1514 402 1541 ἵνα
421 1515 465 1541 ἐπ’
482 1514 545 1542 ἄλλο
567 1514 647 1550 ἔλθῃς
668 1512 824 1548 κεφάλαιον,

852 886 874 914 Β

896 270 976 294 mon,
1001 267 1027 290 te
1049 262 1147 290 iterum
1165 266 1241 289 extra
1264 262 1434 297 propositum
1459 269 1600 290 sermones
1621 264 1683 290 mit-

895 309 969 336 tere?
991 307 1076 336 Nobis
1098 308 1172 335 enim
1190 308 1224 336 de
1246 308 1320 335 malo
1342 307 1573 342 colloquentibns.
1591 308 1682 343 digre-

893 354 972 381 diens
986 353 1211 388 disceptationem
1226 354 1261 381 de
1276 353 1310 381 iis
1323 358 1350 381 tu
1372 353 1533 387 introducis,
1554 347 1615 388 quae
1629 353 1680 381 sibi

894 399 1083 427 contradicere
1098 399 1234 426 videntur.
1247 398 1432 426 Nihilominus
1440 399 1487 426 tibi
1499 399 1670 434 respondebo

895 444 1014 473 Mundus
1029 451 1071 473 est
1086 453 1155 481 opus
1171 446 1318 474 artiﬁciose
1337 445 1451 478 factum,
1464 450 1494 473 ut
1515 446 1636 474 masculo
1652 447 1679 474 in

891 497 1024 519 atternum
1035 491 1128 519 futuro
1136 492 1236 520 femina
1246 493 1426 528 pariatjustos
1433 501 1465 520 ac
1472 497 1589 520 aeternos
1598 493 1678 520 tilios.

891 537 927 565 At
940 538 978 573 pii
991 538 1037 566 hic
1048 539 1080 565 ad
1092 537 1288 573 perfectionem
1307 539 1400 566 venire
1416 546 1469 566 non
1488 543 1613 573 possent,
1625 538 1679 565 nisi

890 591 1025 619 pauperes
1036 584 1217 617 exsisterent,
1229 584 1330 620 quibus
1347 585 1480 612 auxilium
1504 584 1617 612 ferrent.
1635 583 1680 612 Si-

891 629 948 656 mili
964 630 1045 657 modo
1055 634 1082 657 et
1094 634 1256 665 aegrotantes
1268 630 1379 669 adsunt,
1391 630 1491 665 quibus
1507 631 1677 665 provideant.

889 675 924 703 Et
946 683 979 703 eo
995 680 1120 711 spectant
1136 676 1252 710 reliqua.
1275 675 1345 702 Tum
1364 675 1458 703 Simon
1479 685 1486 703 :
1506 675 1578 709 Quid
1601 684 1677 712 ergo,

889 730 1024 757 pauperes
1040 729 1132 750 nonne
1146 722 1269 750 infelices
1290 723 1372 750 sunt?
1385 721 1455 751 Male
1477 723 1607 750 nimirum
1629 731 1678 758 pa-

889 768 1005 800 tiuntur,
1022 773 1051 796 ut
1064 768 1132 804 justi
1153 769 1187 796 ad
1213 768 1408 804 perfectionem
1431 769 1552 796 veniant.
1572 768 1604 797 Et
1626 768 1678 797 Pe-

888 818 948 842 trus
967 823 974 841 :
992 813 1021 841 Si
1042 821 1138 841 eorum
1167 814 1309 842 humilitas
1329 819 1403 843 esset
1422 820 1534 847 aeterna,
1558 815 1676 843 infortu-

888 860 963 887 nium
979 865 1053 887 esset
1067 860 1227 888 maximum.
1243 860 1296 888 Sed
1310 860 1513 888 humiliationes
1531 865 1559 888 et
1571 861 1677 888 exalta-

888 906 976 933 tiones
1003 905 1160 933 hominibus
1182 910 1256 934 sorte
1281 906 1478 934 attribuuntur.
1504 906 1555 934 Cui
1581 911 1672 934 autem

885 959 948 979 sors
966 959 1020 978 non
1037 952 1134 986 placet,
1151 951 1190 979 illi
1210 952 1273 979 licet
1288 952 1383 984 vitam,
1405 960 1458 987 qua
1474 952 1559 980 electa
1576 952 1672 984 utitur.

884 1002 957 1024 recte
971 997 1146 1032 dijudicatam
1160 1005 1208 1033 per
1219 998 1397 1033 semetipsum
1409 1003 1589 1027 commutare.
1602 998 1671 1026 Tum

856 1071 858 1076 _
885 1043 998 1071 Simon:
1014 1043 1145 1077 Quaenam
1157 1048 1199 1072 est
1214 1044 1259 1072 illa
1273 1052 1345 1078 sors,
1358 1049 1385 1072 et
1397 1051 1428 1072 ea
1442 1045 1552 1080 quidem
1568 1045 1674 1073 electa?

883 1089 918 1117 Et
942 1089 1060 1118 Petrus:
1080 1089 1139 1118 Hoc
1164 1090 1235 1118 alius
1257 1091 1459 1126 disquisitionis
1479 1096 1671 1127 argumentum

881 1141 933 1164 est.
948 1135 1160 1170 Verumtamen,
1183 1137 1206 1165 si
1226 1144 1281 1165 non
1304 1138 1436 1171 vetueris,
1459 1138 1508 1165 tibi
1526 1138 1672 1166 ostendere

880 1189 1038 1218 possumus,
1050 1183 1190 1218 quomodo
1201 1183 1376 1217 generatione
1389 1189 1556 1212 commutata
1569 1184 1670 1212 iterum

880 1233 963 1256 natus
982 1233 1011 1256 tu
1032 1233 1107 1257 recte
1129 1229 1247 1257 vivendo
1262 1234 1392 1257 aeternam
1409 1229 1527 1257 salutem
1553 1230 1669 1265 adipisci

880 1274 981 1303 valeas.

914 1320 1011 1349 XXIV.
1031 1320 1136 1354 Quibus
1151 1321 1251 1348 auditis
1267 1320 1361 1348 Simon
1375 1321 1516 1356 respondit
1528 1331 1536 1349 :
1550 1321 1591 1349 An
1609 1330 1664 1350 non

879 1365 1021 1403 intelligis,
1043 1367 1182 1402 quomodo
1203 1367 1373 1403 capitulatim
1400 1368 1558 1403 disquirens
1571 1369 1620 1395 tibi
1633 1369 1667 1397 ad

877 1414 1034 1448 proximum
1063 1414 1248 1449 progredienti
1277 1419 1361 1449 caput
1386 1414 1574 1442 consenserim
1587 1416 1667 1450 quasi

878 1459 1052 1488 satisfactus?
1085 1460 1138 1488 Sed
1163 1460 1225 1488 dedi
1251 1460 1426 1488 occasionem
1453 1460 1589 1488 inscitiam
1619 1461 1666 1488 tibi

877 1506 1070 1541 persuadendi,
1086 1511 1117 1534 ut
1136 1507 1169 1534 ad
1182 1507 1256 1534 aliud
1271 1506 1420 1542 capitulum
1433 1514 1597 1542 progressus
1611 1511 1666 1535 tota

20 1559 98 1592 ῦπως
128 1560 226 1596 πάσης
247 1560 359 1594 ἀγνοίας
379 1569 425 1588 σου
454 1560 547 1596 μαθὼν
571 1561 607 1596 μὴ
631 1559 816 1595 στοχαζόμενος

878 1552 1034 1588 ignorantia
1056 1558 1103 1581 tua
1130 1553 1239 1588 cognita
1267 1561 1322 1580 non
1348 1553 1508 1588 conjectnns
1523 1557 1549 1580 te
1564 1553 1666 1588 dijudi-

20 1605 232 1640 κατα-γινώσκω
249 1614 307 1633 σου.
342 1606 422 1633 Ἀλλά
447 1606 758 1643 πεπληροφορημέ[νων]
778 1607 826 1634 νῦν

23 1652 77 1687 ἢδη
91 1651 116 1671 ⁷⁸
140 1651 230 1687 τριῶν
255 1652 367 1687 ἡμερῶν
392 1660 436 1687 μοι
461 1651 646 1688 συγχώρησον,
671 1652 719 1678 καὶ
741 1652 825 1679 ὲλθὼν

29 1695 104 1728 δείξω
122 1705 155 1723 σε
172 1696 257 1732 μηδὲν
281 1696 378 1723 ειδάτα.
400 1696 492 1723 Ταῦτα
503 1696 550 1724 τοῦ
568 1697 688 1733 Σίμωνος
700 1697 824 1730 εἰπόντος

29 1742 73 1768 καὶ
94 1742 200 1774 ἐξιέναι
228 1741 370 1777 μέλλοντος
387 1743 402 1769 6
424 1741 490 1778 έμδς
511 1742 563 1777 ἔφη
585 1743 692 1778 πατήρ·
716 1743 824 1779 Βραχέα

30 1797 88 1823 μου,
106 1788 214 1824 Σίμων,
243 1789 408 1822 ἐπακούσας,
433 1789 470 1821 ὥς
494 1798 534 1816 σοι
561 1790 638 1824 φίλον
661 1791 745 1823 ἐστὶν,
772 1799 822 1818 πο-

29 1834 116 1869 ρεύου.
140 1834 304 1870 Μέμνημαι,
324 1834 361 1866 ὡς
378 1835 428 1871 τὴν
446 1836 534 1871 ἀρχὴν
546 1836 600 1872 πρὸ
611 1837 661 1872 τῆς
673 1836 820 1873 ζητήσεως,

27 1879 63 1910 ὡς
86 1880 176 1914 μήπω
199 1880 297 1915 πεῖράν
320 1889 371 1916 μου
384 1880 483 1912 λαϐὼν,
497 1882 648 1918 προλήψεις
673 1891 724 1918 μου
741 1882 822 1909 κατέ-

27 1932 116 1960 φερες.
147 1925 206 1951 Καὶ
217 1924 264 1951 νῦν
275 1925 304 1952 δὲ
322 1925 478 1961 ἐπαλλήλως
489 1926 608 1959 ἀκούσας
619 1927 670 1962 τῆς
682 1927 822 1963 ζητήσεως

27 1971 71 1997 καὶ
82 1971 190 2007 Πέτρον
202 1971 226 1987 ⁷⁸
238 1972 267 1998 ὲν
286 1972 407 2007 ὑπεροχῇ
435 1972 517 2006 γνοὺς
540 1974 587 1999 καὶ
609 1973 683 2008 αὐτῷ
699 1973 730 2000 τὸ
754 1974 822 2009 ἀλη-

27 2017 113 2044 θεύειν
131 2017 182 2044 νῦν
204 2017 276 2050 δοὺς,
296 2018 323 2045 τί
347 2028 388 2045 σοι
412 2019 541 2055 φαίνομαι
557 2019 645 2056 ὀρθῶς
661 2020 763 2056 κρίνειν
779 2022 820 2048 εί-

25 2063 84 2095 cog,
99 2064 116 2099 ἢ
135 2062 191 2096 οὖς
209 2064 241 2090 Et
265 2064 314 2099 μὲν
335 2064 390 2099 γὰρ
411 2065 499 2100 ὀρθῶς
527 2065 657 2101 κρίναντά
674 2074 708 2102 με
725 2066 818 2101 φαίης,

27 2109 61 2145 μὴ
88 2108 186 2144 συνθῇ,
218 2109 262 2136 ἴνα
291 2110 328 2146 μὴ
355 2110 437 2147 φαίνῃ
456 2111 480 2128 ⁸ο
505 2111 819 2147 προειλημμένος,ὁκαὶ

27 2156 92 2191 μετά
114 2155 263 2191 ὁμολογίαν
284 2156 372 2191 ἥττων
385 2156 407 2172 ’ί
433 2157 577 2184 συνθέσθαι
603 2158 640 2194 μὴ
664 2157 758 2185 θέλων.
785 2159 817 2186 Εἰ

24 2202 45 2228 δ’
60 2202 114 2238 ἀρα
127 2202 166 2238 μὴ
182 2201 271 2252 ὀρθῶς
282 2201 328 2228 τὸν
341 2202 443 2238 Πέτρον
457 2203 485 2230 ὲν
508 2204 628 2238 ὑπεροχῇ
656 2203 706 2238 τῆς
734 2203 817 2240 ζητή-
832 2224 853 2252 D

25 2257 90 2280 σεως
117 2247 321 2283 ἀπεφαινόμην,
336 2249 368 2275 σὺ
384 2250 457 2284 ἡμᾶς
474 2251 578 2282 πεῖσον,
592 2250 652 2281 πῶς
664 2251 714 2277 οὐκ
725 2251 814 2286 ὀρθῶς

24 2294 179 2329 ἐκρίναμεν,
192 2293 210 2329 ἢ
222 2293 269 2320 τοῦ
280 2293 371 2329 ζητεῖν
387 2294 461 2330 αὑτῷ
473 2295 519 2322 ἐπὶ
534 2295 642 2323 πάντων
656 2297 693 2332 μὴ
706 2297 812 2333 παύσῃ,

24 2342 80 2368 ἐπεὶ
95 2341 172 2368 ἔσται
187 2350 230 2368 σοι
247 2341 376 2368 ἑκάστοτε
395 2342 544 2378 ἡττωμένῳ
557 2343 604 2369 καὶ
617 2344 811 2380 συντιθεμένῳ.

24 2385 57 2411 Ἥ
67 2385 98 2411 δὲ
106 2385 138 2412 τὺ
148 2385 282 2412 αἰδεῖσθαι
294 2385 366 2420 ἔχεις
379 2386 433 2413 ἀπὺ
459 2387 566 2414 πάντων
591 2388 646 2415 τῶν
670 2389 813 2424 ἀκροατῶν

24 2431 80 2458 ἀντὶ
96 2431 229 2466 μεγίστης
240 2431 376 2468 τιμωρίας
391 2433 655 2469 καταγινωσκομένῳ
670 2434 717 2461 καὶ
730 2435 813 2471 ἀσχη-

27 2477 145 2511 μονοῦν-ιι
162 2477 216 2503 ὑπὸ
230 2477 408 2513 συνειδήσεως
420 2478 443 2494 ³²
455 2478 505 2514 τὴν
526 2479 638 2506 σεαυτοῦ
654 2479 746 2514 ἀλγεῖν
760 2477 812 2516 ψυ-

27 2523 87 2556 χήν·
104 2522 134 2548 τὸ
148 2522 203 2558 γὰρ
222 2522 381 2558 νενικῆσθαι
403 2523 476 2559 ἔργῳ
492 2524 609 2559 εἴδομεν,
623 2526 668 2552 τὸν
681 2525 709 2552 δὲ
727 2527 812 2562 ἑπαγ-

27 2568 179 2604 γελλὸμενόν
200 2577 248 2595 σου
261 2568 340 2603 λόγον
351 2569 517 2604 ἠκούσαμεν.
532 2570 623 2606 Πέρας
635 2571 701 2605 γοῦν
712 2572 762 2598 οὐκ
774 2571 812 2600 οἶ-

30 2623 81 2648 μαι,
107 2614 135 2641 σὲ
151 2615 198 2641 ἐπὶ
209 2615 259 2651 τὴν
272 2614 389 2650 ζήτησιν
503 2616 587 2643 ἐλθεῖν
597 2636 604 2648 ,
621 2617 658 2649 ὡς
671 2617 807 2654 ὑπέσχου,

29 2658 88 2685 ἀλλά
103 2659 166 2694 πρὸς
180 2660 219 2696 τῷ
234 2660 326 2687 δοκεῖν
343 2659 382 2695 μὴ
396 2660 532 2687 αἰτιᾶσθαι
543 2661 566 2677 ⁸³
591 2661 670 2694 ἐξιὼν
693 2660 807 2690 ἐπανελ-

30 2703 79 2730 θεῖν
92 2705 238 2741 ὑτέσχησαι
250 2706 284 2733 ⁸⁸.

877 1606 948 1626 cem.
964 1598 1016 1626 Sed
1029 1603 1085 1627 tres
1100 1607 1162 1627 cum
1183 1600 1240 1635 jam
1260 1599 1440 1635 praeterierint
1462 1600 1532 1632 dies,
1555 1607 1665 1627 mecum

875 1644 980 1672 dissere
990 1649 1017 1672 et
1029 1645 1214 1673 continuando
1227 1653 1278 1681 ego
1293 1646 1434 1673 ostendam
1459 1650 1486 1672 te
1499 1645 1568 1673 nihil
1583 1646 1664 1673 scire.

875 1689 939 1718 Haec
956 1699 1018 1719 cum
1031 1690 1126 1719 Simon
1147 1691 1254 1719 locutus
1267 1695 1340 1719 esset
1353 1695 1380 1718 et
1393 1691 1469 1718 exire
1480 1691 1570 1723 vellet,
1586 1696 1665 1726 pater

874 1744 953 1765 meus
979 1737 1069 1765 dixit:
1091 1737 1235 1765 Paululum
1266 1745 1311 1765 me
1341 1738 1477 1769 ausculta.
1510 1738 1615 1770 Simon,
1635 1741 1664 1765 et

873 1786 980 1818 postea,
1002 1783 1025 1810 si
1044 1783 1130 1816 lubet,
1144 1783 1324 1818 proﬁciscere.
1348 1782 1458 1809 Mrmilti
1474 1787 1500 1810 te
1515 1783 1592 1809 initio
1604 1783 1664 1811 dis-

873 1828 1036 1863 putationis,
1062 1829 1141 1864 quasi
1177 1836 1220 1856 me
1241 1837 1296 1856 non
1319 1828 1494 1863 cognoveris,
1516 1829 1663 1856 divinatio-

872 1883 922 1902 nes
951 1882 1026 1902 meas
1050 1874 1258 1909 contempsisse.
1293 1873 1345 1901 Sed
1379 1874 1436 1909 jam
1459 1881 1522 1901 cum
1549 1874 1662 1902 alterius

871 1923 957 1958 partis
984 1922 1204 1957 disquisitionem
1232 1922 1395 1955 audiverim,
1409 1927 1517 1950 rectene
1539 1922 1587 1949 tibi
1602 1926 1661 1949 sta-

871 1973 948 1997 tuere
962 1969 1057 1996 videor
1073 1977 1108 1996 an
1123 1977 1189 2001 non,
1214 1969 1238 1996 si
1251 1969 1362 1997 Petrum
1377 1969 1582 2004 tesuperiorem
1599 1976 1661 1996 ore-

869 2014 998 2047 diderim,
1019 2021 1137 2048 eumque
1150 2021 1245 2041 verum
1271 2014 1362 2042 dicere
1382 2015 1514 2042 conﬁtear
1528 2014 1540 2041 ?
1555 2013 1582 2041 Si
1591 2014 1659 2049 qui-

869 2060 931 2088 dem
953 2063 1026 2087 recte
1049 2067 1092 2087 me
1116 2067 1227 2087 censere
1248 2059 1330 2093 dicis,
1354 2060 1410 2087 noli
1433 2060 1547 2095 pacisci.
1570 2068 1604 2087 ne
1616 2060 1659 2087 vi-

869 2105 963 2133 dearis
986 2105 1113 2140 quamvis
1137 2111 1343 2140 praeoccupatus
1365 2106 1407 2133 vel
1433 2114 1466 2134 ex
1482 2114 1616 2134 consensu
1632 2111 1660 2133 et

868 2151 957 2178 victus
979 2151 1052 2178 nolle
1080 2151 1239 2178 concedere.
1268 2150 1316 2179 Sin
1336 2151 1446 2179 Petrum
1476 2152 1503 2179 in
1530 2152 1658 2186 disputa-

869 2198 943 2225 tione
963 2197 1130 2233 superiorem
1150 2205 1212 2225 csse
1231 2205 1286 2225 non
1300 2203 1374 2225 recte
1396 2199 1584 2231 ostendebam,
1598 2206 1658 2233 per-

867 2244 952 2271 suade
967 2243 1057 2277 nobis,
1084 2244 1223 2279 quomodo
1237 2251 1291 2271 non
1307 2249 1380 2272 recte
1394 2245 1595 2276 censuerimus,
1611 2248 1659 2272 ant

868 2290 924 2317 noli
942 2298 1052 2318 cessare
1070 2298 1086 2317 a
1106 2290 1299 2325 disquisitione
1322 2298 1414 2318 coram
1438 2291 1577 2322 omnibus,
1591 2298 1654 2317 cum

867 2336 916 2363 tibi
945 2337 1109 2364 alterutrum
1135 2337 1237 2372 eligere
1261 2336 1354 2363 licebit
1370 2356 1377 2366 ,
1391 2340 1439 2363 aut
1460 2337 1584 2371 superari
1608 2341 1657 2363 aut

866 2390 1041 2418 componere.
1066 2382 1118 2410 Sed
1134 2386 1164 2410 tu
1185 2382 1303 2410 fortasse
1324 2382 1426 2416 pudere
1449 2389 1543 2409 coram
1565 2381 1656 2408 omni—

865 2430 918 2457 bus
942 2430 1115 2458 auditoribus
1142 2429 1290 2456 maximam
1315 2433 1397 2464 putas
1425 2435 1534 2463 poenam
1549 2428 1584 2459 ei,
1606 2428 1653 2463 qui

865 2476 1031 2512 dijudicatus
1043 2481 1094 2509 est,
1110 2475 1174 2512 quia
1193 2480 1283 2510 partes
1302 2474 1373 2502 male
1386 2475 1481 2508 egerit;
1495 2478 1522 2501 et
1536 2481 1569 2501 ex
1585 2481 1655 2500 con-

865 2522 981 2551 scientia
994 2522 1117 2549 dolorem
1143 2521 1280 2556 patiatur;
1294 2528 1357 2548 nam
1380 2521 1481 2548 victum
1496 2523 1521 2547 te
1534 2527 1597 2547 esse
1624 2527 1654 2547 re

865 2571 924 2604 ipsa
939 2569 1054 2602 scimus,
1071 2576 1134 2596 cum
1149 2567 1301 2595 orationem
1317 2575 1332 2594 a
1354 2572 1379 2594 te
1393 2569 1526 2602 prolatam
1540 2566 1653 2593 audive-

864 2615 962 2642 rimus.
987 2614 1119 2642 Praeterea
1149 2622 1259 2649 quoque
1291 2622 1345 2641 non
1372 2614 1454 2641 credo
1481 2617 1506 2640 te
1543 2613 1652 2640 venisse

863 2660 897 2688 ad
910 2661 1136 2696 disputationem,
1148 2660 1377 2696 quemadmodum
1392 2660 1559 2695 promiseras
1569 2680 1575 2692 ,
1589 2658 1648 2691 sed,

863 2715 899 2736 ne
918 2707 1056 2743 arguaris,
1070 2707 1222 2734 rediturum
1241 2712 1268 2734 te
1281 2706 1375 2735 exiens
1386 2705 1547 2742 promisisti.

654 2766 769 2793 VARle
789 2766 992 2795 LECTIONES.

61 2809 80 2848 ’ξ
93 2811 199 2848 γεῖρνώς
214 2811 245 2838 Ο.
268 2810 297 2848 ’ξ
304 2809 346 2837 Ita
360 2810 447 2848 scrib.
459 2815 555 2848 monet
570 2813 747 2848 amanuensis
764 2813 867 2840 codicis
883 2813 905 2841 Ο
928 2814 955 2841 in
971 2814 1104 2848 margine,
1119 2812 1228 2844 ἀσεϐεῖς
1244 2813 1271 2840 in
1281 2819 1365 2843 textu.
1387 2815 1410 2830 ⁷⁷
1429 2813 1476 2841 τοῦ
1494 2815 1524 2841 0.
1563 2812 1586 2829 ⁷³
1600 2812 1647 2848 νῦν

33 2840 53 2868 δέ
66 2840 102 2882 ος
122 2840 144 2863 θ’
158 2840 260 2882 πέτρος
277 2845 302 2873 0
319 2865 327 2877 ,
338 2845 387 2879 qui
402 2846 499 2882 deinde
511 2847 556 2872 καὶ
572 2847 599 2873 τί

30 2886 67 2908 ταν
76 2881 100 2911 Ο.
133 2883 154 2900 ⁸³
168 2880 385 2920 συνειδηάσεως
395 2881 425 2908 0.
465 2880 488 2897 ⁵³
508 2880 641 2909 αἰτεῖσθαι
659 2885 689 2910 Ο.

617 2855 640 2881 p.
657 2848 693 2888 τε.
730 2848 755 2888 ff
769 2848 819 2888 ζναι¹
829 2849 867 2884 μὴ
884 2849 968 2888 φαίνῃ
986 2845 1047 2878 dedi
1058 2857 1091 2888 ex
1112 2848 1271 2884 conjectura
1284 2850 1329 2886 ,δὲ
1347 2852 1380 2879 σὺ
1397 2850 1481 2888 φαίνῃ
1495 2850 1526 2876 0.
1565 2848 1585 2865 "
1599 2845 1647 2885 ἦτ-

730 2883 753 2900 ”
770 2883 923 2920 ὑπέσχηται
939 2883 970 2912 0.
