1917 3100
270 140 320 167 N7
700 142 729 169 S.
750 141 946 170 CLEMENTIS
963 144 973 171 Ι
994 142 1075 170 ROM.

1097 142 1196 171 [’ONT.
1219 142 1334 170 OPERA
1353 141 1465 170 DUBIA.
1844 142 1894 178 468,

305 196 389 223 XXV.
412 196 450 224 Ac
483 197 588 231 Simon,
618 207 679 227 cum
704 201 761 229 lucc
786 202 917 236 audisset,
937 211 992 238 pra:
1016 204 1030 230 il

1145 201 1229 228 XXV.
1256 202 1285 228 ὐ
1300 202 1328 228 δὲ
1341 201 1431 236 Σίμων
1447 200 1531 227 ταῦτα
1541 199 1660 230 ἀκούσας
1676 197 1728 225 imo
1739 197 1823 234 ὀργῆς
1833 200 1886 229 τοὺς

267 241 396 271 dentibus
428 244 547 272 stridens
572 247 653 274 tacite
675 247 752 276 abiit.
774 247 872 276 Petrus
889 253 980 276 autem
993 257 1055 276 cum

267 295 322 315 non
345 297 461 323 paucam
489 292 620 326 temporis
639 291 692 319 diei
714 298 879 328 superesset,
902 295 1010 330 aegrotis
1022 296 1056 324 ad

266 335 420 362 sanandum
450 337 576 365 manibus
609 338 756 374 impositis,
787 341 988 370 multitudinem
1013 343 1055 371 di-

266 381 352 415 misit,
372 390 490 417 cumque
508 383 690 412 familiaribus
706 386 817 413 domum
834 387 974 422 ingressus
986 396 1054 416 con-

265 427 344 454 sedit.
370 427 439 456 Tum
456 431 586 458 comitum
608 439 691 465 unus,
706 432 749 459 cui
769 431 915 467 Sophortiae
931 442 1029 462 nomen
1045 445 1051 463 :

263 472 437 507 Benedictus,
453 476 551 510 inquit,
568 477 602 504 sit
621 476 702 508 Deus,
727 477 773 512 qui
801 483 837 509 te,
853 477 944 510 Petre,
960 480 1051 515 elegit,

264 523 294 546 ut
307 520 386 554 probi
405 521 548 556 sapientiae
567 523 740 557 acquiescere
764 529 885 558 possent.
907 525 975 554 Nam
989 535 1052 555 vere

263 565 408 600 magnifice
421 572 448 593 et
461 574 524 594 cum
540 568 671 602 patientia
685 574 781 596 contra
802 569 941 599 Simonem
954 572 1051 607 dispu-

261 610 336 637 tasti.
356 610 433 638 Nunc
450 620 466 639 a
484 617 509 639 te
527 613 657 647 petimus,
681 619 748 642 utet
762 616 841 644 nobis
854 617 887 644 de
901 618 980 646 malis
994 619 1048 646 eol-

261 656 394 690 lnquaris,
413 656 553 692 sperantes
576 660 763 694 genuiniorem
780 665 806 688 te
821 662 898 690 nobis
913 663 1048 692 facturum

261 709 426 734 sermonem,
454 711 507 730 non
527 708 617 732 autem
630 713 687 740 1am
706 709 756 734 hac
771 707 847 740 hora,
868 709 915 736 sed
940 717 1013 743 eras,
1024 711 1048 738 si

259 748 309 776 tibi
325 749 412 783 placet
428 758 435 777 :
452 750 551 777 etenim
578 752 744 786 parcendum
761 754 807 781 tibi
826 759 868 782 est
882 755 917 782 ob
929 755 1046 789 labores,

256 804 329 831 quos
344 797 370 823 in
383 797 575 832 disquisitione
598 799 744 833 pertulisti.
762 800 915 836 Respondit
926 802 1045 830 Petrus:

258 841 335 868 Scire
359 849 409 870 vos
433 843 505 875 volo,
528 843 598 870 inter
619 844 692 879 ipsos
707 845 814 874 labores
846 854 909 874 eum
935 848 1046 882 acquie-

256 894 342 918 scere,
364 888 411 922 qui
431 888 556 916 lubenter
567 889 684 922 laborat,
707 898 782 923 cum,
799 891 845 926 qui
862 892 964 920 invitus
978 901 1044 928 opc-
1060 882 1081 909 Β

256 935 340 963 retur,
357 931 384 958 in
406 931 463 966 ipsa
487 933 578 967 quiete
603 933 644 961 vel
667 936 786 962 maxime
812 936 926 964 laboret.
952 937 1044 973 Itaque

254 976 401 1003 maximam
416 977 483 1005 mihi
500 981 696 1007 rccreationem
713 981 850 1016 przebctis,
867 983 888 1010 si
902 991 945 1010 me
960 984 994 1011 de
1009 984 1043 1012 iis

254 1022 372 1057 colloqui
396 1022 498 1055 facitis,
526 1033 588 1060 quae
602 1027 669 1053 mihi
687 1027 714 1053 in
730 1028 835 1056 deliciis
861 1033 934 1056 sunt.
951 1029 990 1057 lla
1009 1031 1043 1057 de

252 1067 368 1095 consilio
391 1068 451 1103 ejus
479 1071 612 1099 satisfacti
633 1077 659 1099 et
686 1073 841 1100 lassitudini
870 1074 1042 1110 indulgentes

252 1114 408 1148 rogavimus
425 1120 454 1142 ut
474 1116 502 1143 in
528 1122 636 1149 noctem
651 1119 782 1153 differret,
807 1122 1039 1155 quemadmodum

251 1166 311 1186 mos
332 1159 356 1186 ei
378 1165 437 1188 erat
461 1169 522 1189 cum
560 1163 742 1193 familiaribus
777 1167 962 1202 colloquendi.
1000 1169 1040 1196 Ac

250 1209 343 1238 postea
354 1205 415 1233 cibo
432 1212 541 1242 sumpto
554 1209 587 1236 ad
602 1217 728 1238 somnum
744 1213 868 1240 conversi
885 1220 990 1241 sumus.

532 1367 677 1396 ilOMlLlA
695 1369 755 1398 XX.

282 1420 302 1448 l.
324 1420 376 1449 Ubi
394 1427 475 1451 noctu
491 1426 622 1458 surrexit,
649 1427 728 1454 nobis
749 1428 949 1463 expergefactis
964 1437 1033 1459 con-

243 1467 315 1495 sedit
339 1470 489 1497 secundum
508 1479 612 1498 morem
635 1477 661 1500 et
684 1473 772 1501 dixit:
788 1473 957 1510 lntcrrogate
977 1485 1030 1508 me.

243 1513 278 1540 de
294 1514 394 1548 quibus
407 1515 491 1543 lubet.
511 1515 580 1544 Tum
599 1516 755 1552 Sophonias
775 1520 881 1554 primus
892 1521 917 1548 ei
940 1522 1031 1550 dicere

243 1558 356 1594 inempit
371 1569 377 1587 :
393 1559 505 1595 Explica
527 1563 606 1591 nobis
627 1563 734 1592 discere
760 1566 946 1602 cupientibus,
964 1569 1030 1604 quid
1044 1574 1066 1604 ς

242 1613 338 1639 reapse
351 1606 384 1634 de
399 1608 469 1634 malo
493 1607 528 1635 sit
549 1609 732 1638 sentiendum.
756 1610 791 1639 Et
805 1611 902 1640 Petrus
922 1623 929 1641 :
952 1613 1024 1648 Jam,

240 1651 340 1686 inquit,
356 1653 383 1680 in
397 1654 582 1690 disputatione
604 1664 667 1684 curn
691 1657 803 1686 Simone
827 1659 919 1687 habita
934 1661 961 1688 id
977 1661 1027 1689 de-

240 1699 403 1733 monstravi,
424 1701 487 1728 licet
513 1702 595 1729 variis
612 1703 640 1729 in
655 1704 783 1738 capitulis
798 1713 855 1732 non
883 1707 1028 1742 perspicue

240 1746 432 1780 apparuerint,
457 1754 520 1782 quas
540 1748 574 1775 de
597 1755 630 1776 eo
652 1748 790 1783 disserui;
815 1751 902 1778 multa
927 1752 1027 1787 quippe

235 1792 356 1826 capitula
381 1794 481 1828 quibus
503 1795 544 1822 vis
573 1796 668 1824 deesse
681 1798 790 1825 videtur
804 1806 883 1833 aequo
902 1799 1025 1834 .veritati,

236 1836 318 1863 etiam
342 1838 510 1866 multitudini
536 1841 661 1868 notitiam
685 1842 807 1877 aliquam
823 1844 878 1871 veri
894 1846 1026 1879 suppedi-

234 1884 295 1908 tant
308 1890 315 1909 :
331 1882 369 1909 ita
381 1888 410 1910 ut
425 1884 447 1911 si
463 1892 536 1912 nunc
550 1885 628 1913 vobis
647 1887 748 1921 dicam,
770 1897 832 1923 qua:
847 1894 904 1916 tum
919 1889 1025 1918 Simoni

234 1926 292 1953 dixi
309 1935 357 1962 per
372 1929 456 1957 multa
475 1931 605 1965 capitula,
627 1933 710 1960 nolite
725 1935 846 1968 credere,
863 1943 911 1963 vos
925 1936 1022 1973 eodem

233 1973 317 2000 modo
324 1973 451 2002 honorari
459 1984 490 2003 ac
500 1976 586 2005 illum.
597 1977 628 2005 Et
637 1978 806 2013 Sophonias:
820 1979 913 2013 Recte,
923 1980 1022 2016 inquit,

232 2018 303 2046 dicis
316 2028 322 2052 ;
348 2028 409 2047 nam
424 2021 445 2048 si
460 2030 531 2049 nunc
542 2024 620 2051 nobis
639 2032 672 2051 ex
690 2025 782 2053 multis
796 2031 861 2054 tunc
875 2027 1019 2061 perhibitis

231 2063 360 2098 capitulis
375 2065 482 2098 definis,
505 2068 578 2102 quod
591 2077 683 2096 verum
701 2071 736 2097 sit
745 2071 846 2099 clarius
858 2071 996 2100 ostendes.

268 2109 301 2137 ll.
317 2109 386 2138 Tum
411 2111 509 2140 Prtrns
524 2123 530 2140 :
546 2113 605 2141 Jam
628 2115 730 2149 audite,
754 2117 852 2151 inquit,
878 2120 1021 2147 veritatem

230 2154 266 2182 de
280 2160 352 2182 recta
377 2156 440 2183 mali
465 2157 618 2186 harmonia.
642 2159 713 2189 Deus
725 2161 834 2190 duobus
850 2164 941 2199 regnis
955 2165 1021 2193 den—

230 2201 296 2228 nitis
311 2201 366 2228 duo
379 2209 488 2237 quoque
501 2212 556 2230 aeva
579 2206 731 2239 constituit,
760 2208 833 2235 malo
856 2216 1018 2244 praesentem

231 2245 363 2273 mundum
386 2249 542 2281 assignans,
562 2249 627 2285 quia
646 2251 736 2279 brevis
752 2243 883 2288 temporis
897 2257 1016 2291 spatium
1034 2243 1057 2273 Β

227 2297 370 2324 permanet
387 2293 567 2329 celeriterque
593 2297 701 2329 transit,
728 2298 800 2325 bono
819 2305 909 2328 autern
925 2309 955 2329 se
967 2303 1017 2330 da-

226 2341 320 2365 turum
333 2339 460 2373 promisit
475 2342 606 2368 mundum
619 2342 753 2377 futurum,
765 2346 894 2380 grandem
914 2349 1017 2383 quippe

225 2387 310 2418 atque
324 2388 468 2412 aeternum.
488 2386 527 2413 Ac
552 2387 690 2415 hominem
716 2390 819 2417 creavit
836 2391 924 2420 libero
939 2394 1015 2421 arbi-

225 2430 279 2457 trio
300 2430 456 2465 praeditum,
473 2437 502 2460 ut
525 2432 655 2461 facultate
678 2435 789 2469 polleret
816 2437 966 2466 inclinandi
978 2440 1012 2467 ad

225 2478 341 2512 agenda,
360 2487 421 2514 qua:
436 2479 460 2506 ei
473 2480 620 2514 placerent.
646 2480 678 2508 Et
698 2488 798 2516 corpus
813 2483 874 2518 ejus
889 2484 1012 2519 triparti-

225 2527 282 2550 tum
297 2527 350 2556 est,
376 2530 439 2551 cum
465 2525 598 2559 originem
622 2525 704 2555 ducat
728 2533 762 2552 ex
789 2525 931 2560 femineo;
948 2536 1010 2556 nam

223 2568 349 2595 aﬂ‘ectum
370 2574 411 2597 est
435 2569 583 2604 cupiditate
596 2590 604 2603 ,
624 2570 665 2597 ira
678 2591 685 2604 ,
711 2571 785 2598 luctu
807 2576 835 2600 et
849 2580 910 2607 quae
932 2574 965 2600 ad
979 2581 1011 2602 ea

223 2615 369 2649 pertinent.
386 2615 473 2643 Simili
491 2617 573 2643 ntodo
587 2616 701 2651 spiritus
714 2625 777 2644 curn
798 2625 851 2645 non
869 2620 949 2646 trium
963 2628 1010 2655 ge-

223 2669 317 2688 nerum
331 2662 377 2693 sit,
404 2662 452 2689 sed
478 2662 585 2697 triplex.
604 2667 680 2689 ortus
693 2671 726 2690 ex
748 2663 871 2691 masculo
881 2669 908 2691 et
922 2673 1006 2700 capax

221 2711 262 2733 est
274 2707 464 2738 ratiocinandi,
485 2708 680 2742 cognoscendi,
701 2710 838 2736 metuendi
854 2715 880 2737 et
898 2717 1005 2743 eorum,

1107 249 1214 279 ὀδόντας
1243 247 1353 284 βρύξας,
1385 247 1494 273 σιωπῶν
1529 244 1673 281 ἐπορεύθη.
1701 243 1773 271 Ὀδὲ
1796 244 1887 279 Πέτρος

1106 293 1147 319 ἑτι
1163 292 1237 327 ὥρας
1253 292 1303 318 οὐκ
1327 291 1420 326 ὀλίγης
1441 289 1525 325 οὔσης
1539 288 1584 315 τὸν
1606 288 1689 314 πολὺν
1714 287 1793 322 όχλον
1808 295 1889 322 χειρο-

1106 338 1223 374 θετήσας
1239 337 1309 372 πρὸς
1322 336 1393 363 ῐασιν
1415 336 1462 362 καὶ
1486 334 1632 367 ἀπολύσας,
1661 332 1731 369 μετὰ
1753 333 1808 359 τῶν
1831 340 1888 384 συν-

1105 384 1260 420 ηθεστέρων
1275 382 1366 410 εἰσιὼν
1380 383 1449 409 οἴκοι
1480 380 1624 416 ὲκαθέσθη.
1654 380 1710 406 Καὶ
1730 379 1763 415 δή
1785 387 1826 410 τις
1839 379 1889 405 τῶν

1103 429 1257 457 ἀκολούθων
1282 428 1421 464 Σοφωνίας
1432 429 1454 444 ⁸³
1470 428 1555 463 ὄνομα
1578 427 1628 462 ἔφη
1639 434 1645 441 ·
1663 424 1828 461 Εὑλόγηται,
1841 423 1889 451 Πέ.

1102 484 1160 511 τρε,
1173 477 1187 503 ὁ
1203 476 1280 508 Θεὸς,
1295 476 1309 502 ὁ
1326 475 1506 510 ὲκλεξάμενός
1531 482 1561 500 σε
1585 473 1632 500 καὶ
1656 472 1753 507 σοφίας
1769 472 1888 498 ἀναπαύ-

1103 531 1172 555 σεως
1190 523 1238 558 μὲν
1256 523 1349 549 ἓνεκεν
1365 522 1419 549 τῶν
1442 520 1634 556 εὐγνωμόνων
1651 518 1758 555 ἀληθῶς
1772 518 1828 554 γὰρ
1845 526 1889 554 με·

1101 569 1192 604 γάλως
1219 569 1265 596 καὶ
1288 568 1456 602 ἀνεξικάκως
1484 566 1666 614 διειλέχθηςῌη⁸
1679 564 1887 614 regali-Simon.

1101 614 1156 640 Kal
1167 615 1232 650 ἡμῖν
1245 614 1274 640 δὲ
1289 613 1354 650 περὶ
1370 611 1496 648 πονηρῶν
1519 611 1689 647 διαλεχθῆναί
1707 619 1737 660 σε
1750 609 1887 660 ἀξιούμεν,

1100 659 1254 692 ἐλπίζοντες
1269 658 1451 695 γνησιιῖντερόν
1467 667 1495 685 σε
1510 659 1575 694 ἡμῖν
1589 657 1634 684 τὸν
1657 657 1720 691 περὶ
1746 656 1831 682 αὐτοῦ
1845 656 1887 681 ὲκ-

1099 706 1180 740 φάναι
1193 705 1281 740 λόγον,
1308 705 1357 732 καὶ
1379 704 1465 730 ταῦτα
1489 703 1539 730 οὐκ
1554 702 1638 738 αὐτῆς
1652 701 1748 753 ὥρας,
1764 700 1825 727 ἀλλ’
1841 700 1887 753 ait:

1100 760 1166 787 ριον,
1183 751 1210 778 εἰ
1225 760 1265 778 σοι
1279 751 1353 786 φίλον
1371 750 1460 776 ἐστίν’
1479 747 1699 783 συγγινώσκομεν
1717 746 1773 782 γάρ
1792 755 1833 772 σοι
1848 746 1888 773 διὰ

1096 797 1160 829 τοὺς
1176 797 1209 823 ὲκ
1223 797 1274 831 τῆς
1285 796 1426 832 ζητήσεως
1439 794 1587 830 καμάτους.
1610 794 1665 820 Kal
1680 794 1694 819 ό
1707 792 1814 826 Πέτρος
1824 800 1832 807 ·
1846 792 1888 818 Εἰ-

1096 843 1170 870 δέναι
1185 843 1257 878 ὑμᾶς
1274 842 1353 874 θέλω,
1371 842 1435 868 ὃτιὸ
1455 840 1525 876 μετὰ
1537 839 1633 875 ἡδονῆς
1646 837 1731 865 ποιῶν
1741 847 1768 864 τι
1786 838 1834 864 ὑπ’
1847 837 1888 867 αὺ-

1095 889 1150 916 τῶν
1166 889 1220 915 τῶν
1233 888 1363 924 καμάτων
1382 886 1558 918 ἀναπαύεται,
1572 886 1608 921 μὴ
1625 885 1709 911 ποιῶν
1725 884 1754 910 δὲ
1766 883 1785 911 ἃ
1799 883 1888 918 βούλι-

1094 944 1140 962 ται
1161 935 1209 961 ὑπ’
1228 934 1313 970 αὐτῆς
1327 934 1378 969 τῆς
1397 932 1577 963 ἀναπαύσεως
1593 930 1691 966 κάμνει
1707 929 1744 956 τὰ
1762 930 1886 965 μέγιστα.

1095 981 1176 1007 Ὥστε
1194 989 1239 1016 μοι
1253 980 1288 1006 τὰ
1304 979 1408 1015 μεγάλα
1422 978 1471 1014 τῆς
1490 975 1669 1007 ἀναπαύσεως
1690 974 1841 1010 χαρίζεσθε
1855 974 1886 1000 τὰ

1093 1027 1155 1062 ἐμοὶ
1171 1026 1235 1060 φίλα
1258 1024 1428 1060 διαλέγεσθαι
1453 1023 1602 1053 ποιοῦντες.
1618 1020 1754 1070 Πλὴνῌέπὶ
1767 1021 1802 1055 τῇ

1093 1072 1197 1108 αιρέσει
1237 1071 1319 1098 αὑτοῦ
1357 1068 1568 1105 ὲξαρκεσθέντες
1592 1067 1639 1094 καὶ
1665 1067 1723 1098 τοῖς
1752 1067 1885 1101 καμάτοις

1092 1119 1255 1153 συγγνόντες
1269 1119 1308 1149 είς
1321 1117 1369 1153 τὴν
1393 1117 1478 1143 νύκτα
1491 1115 1524 1147 ³⁷,
1538 1115 1576 1147 ὡς
1598 1114 1672 1149 αὐτῷ
1683 1113 1744 1146 ἔθος
1761 1111 1798 1148 ἦν
1821 1113 1884 1149 πρὸς

1090 1165 1154 1196 τοὺς
1170 1162 1394 1199 γνησιΙωτέρους]
1415 1161 1551 1196 λέγεσθαι,
1575 1160 1624 1196 τὴν
1647 1160 1799 1196 ὑπέρθεσιν
1813 1159 1884 1194 γενέ-

1090 1209 1151 1235 σθαι
1189 1208 1355 1244 ἠξιώσαμεν.
1380 1207 1435 1234 Kal
1451 1207 1482 1243 δὴ
1517 1205 1589 1233 ἁλῶν
1621 1206 1824 1242 μεταλαϐόντες
1847 1205 1883 1236 εἰς

1090 1254 1173 1282 ὕπνον
1191 1253 1384 1290 [ὲτρά]πημεν.

1331 1369 1415 1405 396
1439 1367 1569 1395 'OMIAIA
1587 1368 1630 1394 κ’.

1120 1426 1140 1453 l.
1161 1426 1279 1462 Νύκτωρ
1294 1425 1323 1452 δὲ
1337 1424 1481 1456 διαναστὰς
1498 1424 1545 1451 καὶ
1560 1423 1702 1454 διυπνίσας
1714 1424 1801 1459 ἡμᾶς,
1813 1422 1881 1449 καθ-

1083 1472 1173 1504 εσθεὶς
1202 1472 1324 1508 συνήθως
1353 1471 1422 1508 ἔφη’
1449 1470 1620 1498 Πυνθάνεσθέ
1654 1479 1718 1506 μου,
1748 1470 1815 1505 περὶ
1843 1466 1881 1496 ὧν

1084 1518 1219 1554 βούλεσθε.
1244 1519 1324 1546 Καὶό
1339 1517 1478 1553 Σοφωνίας
1510 1516 1586 1552 αὐτῷ
1626 1517 1735 1553 πρῶτος
1759 1516 1877 1553 ἤρξατο·

1083 1564 1146 1597 Πῶς
1159 1564 1242 1596 ὅντως
1256 1565 1271 1591 ὁ
1284 1563 1348 1600 περὶ
1368 1563 1487 1599 πονηροῦ
1507 1563 1585 1597 λόγος
1607 1562 1675 1598 ἔχει,
1695 1563 1879 1598 ἐπιθυμοῦσιν

1081 1611 1147 1646 ἡμῖν
1172 1610 1266 1645 μαθεῖν
1292 1610 1443 1645 ὑφήγησαι.
1468 1610 1523 1636 Kal
1540 1610 1554 1636 ὁ
1573 1609 1692 1645 Πέτρος·
1715 1608 1786 1644 Ἤδη
1817 1608 1878 1644 μὲν,

1080 1647 1144 1691 ἐςρη,
1159 1655 1207 1682 καὶ
1219 1654 1262 1682 διὰ
1275 1655 1324 1691 τῆς
1342 1653 1410 1690 πρὸς
1421 1654 1530 1690 Σίμωνα
1543 1654 1686 1687 διαλέξεως
1696 1653 1828 1690 έξέφηνα,
1839 1653 1878 1688 τῷ

1079 1701 1107 1728 δὲ
1122 1702 1170 1729 σὺν
1190 1702 1294 1738 ἑτέροις
1308 1700 1464 1736 κεφαλαίοις
1491 1700 1526 1727 τὰ
1545 1700 1610 1736 περὶ
1623 1699 1707 1727 αὑτοῦ
1732 1700 1879 1736 εἰρηκέναι

1078 1748 1109 1774 οὐ
1122 1749 1194 1775 πάνυ
1205 1748 1299 1783 σαφῶς
1313 1747 1451 1782 ἐφωτίσθη
1460 1755 1468 1762 ·
1482 1746 1567 1774 πολλὰ
1586 1747 1641 1782 γὰρ
1661 1746 1802 1781 κεφάλαια
1820 1747 1878 1772 ίσο-

1077 1795 1206 1830 δυναμεϊν
1218 1795 1346 1823 δοκοῦντα
1363 1796 1402 1832 τῷ
1417 1796 1511 1831 ἀληθεῖ
1525 1795 1608 1822 αὐτοῦ
1624 1794 1672 1821 τοῦ
1687 1794 1808 1830 ἀληθοῦς
1819 1795 1878 1826 τοῖς

1078 1841 1182 1868 πλείοσι
1202 1841 1317 1878 παρέχει
1337 1842 1398 1869 τινὰ
1423 1842 1537 1877 γνῶσιν
1561 1842 1642 1873 ὥστε,
1669 1840 1717 1867 ἐὰν
1736 1841 1785 1868 νῦν
1811 1842 1877 1876 ὑμῖν

1077 1886 1157 1918 εῐπω,
1173 1886 1191 1913 ἃ
1205 1886 1266 1913 τότε
1286 1887 1354 1922 μετὰ
1380 1887 1485 1914 πολλῶν
1505 1887 1626 1923 είρήκειν
1654 1886 1816 1920 κεφαλαίων
1836 1886 1877 1921 τῷ

1077 1931 1190 1967 Σίμωνι,
1208 1932 1245 1968 μὴ
1258 1932 1367 1968 οίηθῆτε
1389 1932 1434 1970 ῐσῃ
1455 1933 1533 1968 αὐτῷ
1543 1934 1609 1968 τιμῇ
1621 1931 1800 1967 τετιμῆσθαι.
1820 1932 1877 1959 Καὶ

1075 1977 1089 2003 ὁ
1105 1977 1244 2011 Σοφωνίας
1255 1986 1262 1993 ·
1287 1978 1400 2014 Ὀρθῶς,
1424 1978 1487 2014 ἔφη,
1516 1978 1621 2013 λέγεις·
1633 1979 1658 2004 εί
1668 1978 1717 2005 νῦν
1735 1978 1793 2013 γὰρ
1807 1980 1876 2014 ἡμῖν

1074 2023 1107 2049 ἐκ
1132 2023 1237 2050 πολλῶν
1260 2023 1314 2050 τῶν
1333 2024 1394 2050 τότε
1424 2023 1575 2060 εἰρημένων
1595 2023 1752 2057 κεφαλαίων
1774 2023 1876 2060 ἀφορί-

1074 2065 1140 2097 ζεις,
1160 2066 1227 2093 αὐτὸ
1239 2066 1270 2093 τὸ
1286 2067 1384 2102 ἀληθὲς
1401 2069 1524 2104 ποιήσεις
1536 2066 1736 2103 φανερώτερον.

1110 2110 1142 2138 ll.
1164 2112 1219 2138 Kal
1233 2113 1247 2138 ὁ
1260 2112 1363 2148 Πέτρος
1373 2122 1379 2128 ·
1400 2113 1557 2146 Ἀκούσατε,
1582 2113 1646 2149 ἔφη,
1659 2113 1810 2149 τοιγαροῦν
1822 2115 1877 2149 τῆς

1072 2156 1137 2192 περ).
1159 2156 1206 2183 τοῦ
1227 2157 1345 2194 πονηροῦ
1375 2159 1506 2194 ἁρμονίας
1528 2158 1576 2194 τὴν
1597 2158 1737 2194 ἀλήθειαν.
1757 2158 1787 2186 ’0
1803 2159 1875 2191 Θεὸς

1072 2201 1120 2229 δύο
1144 2202 1283 2238 βασιλείας
1303 2204 1397 2241 ὁρίσας
1415 2205 1522 2232 καὶδύο
1540 2204 1642 2236 αἰῶνας
1669 2206 1874 2241 συνεστήσατο,

1072 2247 1168 2283 κρίνας
1182 2249 1221 2284 τῷ
1236 2249 1347 2285 πονηρῷ
1361 2249 1482 2276 δεδόσθαι
1500 2249 1546 2277 τὸν
1561 2250 1683 2286 παρόντα
1701 2250 1807 2285 κόσμον
1827 2251 1875 2277 διὰ

1071 2293 1101 2319 τὸ
1113 2294 1210 2330 μικρόν
1221 2303 1251 2321 τε
1265 2295 1346 2322 αὐτὸν
1358 2293 1426 2322 εἶναι
1445 2296 1493 2322 καὶ
1507 2295 1694 2331 παρέρχεσθαι
1714 2295 1813 2328 ὀξέως,
1831 2297 1875 2332 τῷ

1070 2337 1098 2363 δὲ
1111 2338 1206 2374 ἁγαθῷ
1226 2338 1322 2366 σώσειν
1338 2340 1471 2375 ὑπέσχετο
1487 2339 1534 2366 τὸν
1555 2340 1686 2375 μέλλοντα
1703 2341 1802 2373 αἰῶνα,
1819 2342 1874 2368 ara

1070 2384 1103 2419 δὴ
1118 2385 1204 2420 μέγαν
1216 2385 1280 2412 ὄντα
1297 2386 1344 2413 καὶ
1361 2384 1455 2413 ἀΐδιον.
1472 2386 1524 2413 Τὸν
1538 2384 1584 2413 οὖν
1603 2386 1748 2421 ἄνθρωπον
1765 2388 1874 2421 αὑτεξ·

1068 2429 1159 2456 ούσιον
1179 2431 1321 2466 ἐποίησεν,
1340 2431 1546 2468 ἐπιτηδειότητα
1558 2431 1653 2467 ἔχοντα
1675 2432 1766 2459 νεύειν
1794 2434 1873 2468 πρὸς

1065 2475 1099 2507 ἃς
1121 2475 1245 2511 βούλεται
1265 2477 1387 2512 πράξεις.
1400 2478 1455 2504 Καὶ
1476 2478 1506 2504 τὸ
1528 2478 1577 2513 μὲν
1597 2477 1676 2513 σῶμα
1690 2478 1775 2505 αὑτοῦ
1803 2480 1870 2507 ἐστι

1066 2522 1210 2558 τριμερὲς,
1234 2523 1266 2549 ὲκ
1284 2522 1393 2559 θηλείας
1413 2523 1474 2559 ἔχον
1486 2523 1535 2559 τὴν
1548 2524 1660 2558 γένεσιν.
1681 2524 1763 2560 397
1780 2526 1869 2561 Ἔχει

1066 2567 1121 2602 γὰρ
1144 2568 1301 2604 ἐπιθυμίαν,
1325 2569 1421 2605 ὀργὴν,
1443 2569 1532 2606 λύπην
1545 2570 1639 2597 καὶτὰ
1660 2570 1768 2603 τούτοις
1793 2572 1870 2600 ἐπὸ-

1067 2610 1194 2645 μενατΤὸ
1206 2612 1235 2639 δὲ
1250 2613 1358 2649 πνεῦμα
1372 2614 1419 2640 καὶ
1431 2614 1496 2641 αὐτὸ
1515 2615 1547 2641 οὐ
1566 2616 1721 2651 τριτογενὲς
1731 2616 1772 2650 ὃν,
1788 2618 1867 2646 ἀλλὰ

1064 2657 1205 2692 τριμερὲς,
1220 2658 1253 2684 ἐκ
1266 2658 1313 2685 τοῦ
1336 2660 1450 2695 ἄρρενος
1470 2660 1527 2695 ἔχει
1548 2660 1597 2696 τὴν
1617 2661 1735 2696 γένεσιν,
1754 2663 1805 2690 καὶ
1817 2665 1866 2692 δε·

1061 2702 1154 2729 κτικόν
1168 2703 1225 2730 ἐστι
1242 2703 1382 2740 λογισμοῦ,
1397 2705 1534 2739 γνώσεως,
1554 2706 1637 2742 φόὸου
1655 2709 1704 2736 καὶ
1723 2709 1779 2737 τῶν
1790 2711 1864 2739 τού-

850 2789 965 2816 νΑιιιλΕ
985 2790 1185 2820 LECTIONES.

242 2840 265 2857 ‘"
289 2843 423 2877 Σοᾳονιας
439 2845 459 2871 0
474 2865 480 2877 ,
499 2850 526 2874 ut
542 2847 624 2874 etiam
639 2846 708 2875 infra
721 2853 888 2876 constanter.
941 2849 963 2864 ⁸⁸
981 2848 1064 2877 Nolui
1081 2850 1200 2879 scribere
1215 2851 1364 2887 διελέχθης.
1406 2853 1426 2869 ⁸⁷
1444 2853 1543 2880 νύκταν
1560 2855 1592 2882 0.
