1917 3100
274 143 322 172 651

695 144 724 172 S.
743 143 939 172 CLEMENTIS
957 143 967 171 l
985 143 1068 171 ROM.
1088 141 1188 171 ΡΟΝΤ.
1206 142 1321 171 OPERA
1339 142 1454 172 DUBIA.

1845 144 1893 173 ‘59

274 210 430 238 quanquam
450 202 538 232 malus
555 207 618 235 est,
635 210 698 231 cum
723 203 781 239 lege
798 203 954 231 facultatem
979 210 1057 231 acce-

1109 201 1169 233 σίας
1178 202 1217 228 ὢν
1229 202 1279 238 τῆς
1290 202 1360 238 πρὸς
1370 202 1470 229 κακίαν
1484 201 1577 238 μόνης,
1592 200 1824 238 μετασυγκριθιὶς
1835 203 1894 234 ἀγα.

274 249 345 283 pcrit
361 247 431 275 male
446 248 555 283 agendi.

309 383 357 411 IV.
376 383 443 417 Quae
454 391 516 411 cum
531 383 629 411 Petrus
641 383 748 412 loeutus
761 388 845 417 esset,
858 383 996 416 Michreas,
1009 383 1057 419 qui

273 433 301 456 et
325 429 383 464 ipse
404 436 437 456 ex
461 429 591 456 comitum
614 436 729 457 numero
753 434 832 462 erat,
857 428 1057 463 interrogavit:

275 473 353 502 Unde
371 475 453 510 igitur
466 475 507 507 lit,
526 479 555 502 ut
568 475 694 503 homines
713 475 892 510 delinquant?
907 474 1059 510 Respondit

274 520 372 548 Petrus
390 529 398 547 :
431 519 501 553 Quia
521 520 648 556 ignorant
664 528 693 548 se
708 528 759 555 pro
771 521 819 554 iis,
836 528 896 555 qua:
912 520 982 547 male
996 526 1059 554 ege-

273 566 338 599 rint,
351 566 493 601 injudicio
506 565 614 601 penitus
635 566 749 594 daturos
761 574 822 593 esse
833 573 952 601 pmnam.
968 565 1057 599 Unde,

273 612 504 646 quemadmodum
524 612 592 639 alias
609 613 684 646 dixi,
702 613 783 640 etiam
809 612 911 647 prolem
927 613 1058 640 habentes

273 658 417 693 cupiditati
433 658 585 693 indulgenl,
603 662 633 686 ut
648 659 739 686 evenit
752 658 778 685 in
796 659 934 686 occisione
950 663 1058 686 tenero-

274 711 335 731 rum
355 703 500 731 inl'antium
515 703 557 731 vel
570 704 597 730 in
611 704 667 731 alio
680 704 830 739 decipiente
845 708 966 738 peccato.
978 703 1056 737 Nam,

273 754 304 777 ut
315 749 397 777 modo
411 750 542 783 indicavi,
559 758 589 778 se
600 749 752 785 iudicatum
769 750 802 776 iri
816 750 980 782 nescientes,
992 749 1058 784 quia

273 795 343 822 nihil
355 799 407 829 est,
424 796 497 831 quod
511 795 585 831 ipsos
595 799 708 829 terreat,
725 799 872 830 properant
892 795 927 822 ad
950 795 1056 823 libidini

273 846 376 869 temere
390 846 471 876 atque
483 842 576 870 illicite
588 842 822 870 satisfaciendum.
840 841 902 869 ldeo
917 849 971 869 non
985 841 1057 869 Deus

272 887 393 922 iniustus
408 893 459 920 est,
473 888 574 923 quippe
586 888 633 923 qui
649 888 825 923 cupiditatem
843 888 876 915 ad
892 888 974 915 vitam
992 895 1056 923 pro-

271 934 423 968 pagandam
438 934 507 961 bene
518 934 702 967 ordinaverit;
720 937 749 961 at
767 933 820 969 ipsi
839 933 1054 968 sceleratissimi,

271 978 372 1013 quippe
386 979 434 1013 qui
451 979 528 1006 abusi
543 979 599 1007 sint
610 987 653 1012 eo,
668 980 742 1014 quod
753 980 779 1007 in
790 979 940 1014 cupiditate
953 979 1055 1008 bonum

270 1029 322 1051 est.
339 1024 376 1052 lta
391 1025 496 1052 censeri
514 1025 594 1053 debet
615 1025 697 1052 etiam
719 1025 754 1053 de
771 1025 829 1058 ira;
844 1033 899 1060 qua
913 1025 960 1060 qui
983 1031 1056 1054 recte

270 1071 366 1104 utitur,
391 1075 422 1098 ut
441 1071 546 1098 licitum
563 1075 616 1103 est,
634 1079 688 1098 non
713 1071 796 1106 impie
819 1072 885 1107 agit,
907 1071 955 1100 sed
982 1071 1055 1100 ultra

269 1117 382 1144 modum
397 1117 575 1152 progrediens
585 1117 690 1152 judicio
703 1117 837 1145 obnoxius
853 1121 956 1152 peccat.

308 1160 338 1189 V.
356 1159 511 1197 lterumque
531 1161 686 1197 Soplionias
706 1162 833 1197 excepit:
849 1162 1055 1198 Longanimitas

268 1212 327 1240 tua,
339 1207 449 1235 domine
466 1208 502 1235 mi
521 1207 610 1240 Petre,
622 1208 701 1236 nobis
718 1208 840 1236 animum
850 1208 936 1242 addit,
949 1209 984 1236 ob
997 1216 1055 1236 ma-

266 1253 356 1288 jorem
382 1253 536 1281 ﬁrmitatem
551 1254 585 1281 de
600 1254 662 1281 aliis
685 1254 778 1282 multis
802 1260 830 1282 te
854 1254 1052 1290 interrogandi.

270 1298 363 1331 Quare
377 1299 491 1326 omnino
504 1307 566 1327 cum
581 1299 681 1327 ﬁducia
698 1304 724 1327 te
736 1300 920 1336 exploramus.
943 1300 1053 1328 Memini

267 1344 370 1378 quippe
402 1343 540 1372 Simonem
568 1345 627 1372 heri
653 1349 743 1373 tecum
767 1345 952 1380 disputantem
975 1354 1052 1374 asse-

268 1390 370 1423 ruisse,
389 1391 503 1423 malum,
518 1390 540 1418 si
555 1398 570 1417 a
588 1390 642 1418 Deo
656 1391 764 1425 genitus
787 1391 842 1423 sit,
856 1397 1054 1426 consequenter

267 1443 330 1463 esse
366 1435 467 1464 debere
503 1436 625 1471 ejusdem
658 1438 784 1464 essentia
816 1445 849 1465 ac
883 1439 1050 1473 genitorem,

267 1481 385 1516 ideoque
397 1481 498 1508 bonum
508 1501 516 1514 ,
532 1489 620 1516 neque
639 1482 751 1509 malum.
767 1482 807 1510 Ac
821 1488 850 1510 tu
872 1483 1050 1518 respondisti,

1111 248 1157 280 θὸς
1174 247 1299 282 γενέσθαι
1316 247 1436 275 δύναται.
1451 248 1517 275 οὐδὲ
1532 248 1586 284 γὰρ
1598 247 1646 275 νῦν
1666 248 1755 274 κακόν
1769 256 1797 275 τι
1815 250 1890 276 ποιεῖ.

1110 293 1156 321 καί
1173 302 1215 321 τοι
1233 294 1318 326 κακὸς
1338 294 1386 326 ὣν,
1403 294 1527 330 νομίμως
1541 295 1686 329 κακουχεῖν
1707 293 1829 330 εἰληφὼς
1848 294 1892 329 τὴν

1110 340 1244 374 ἐξουσίαν.

1145 384 1190 413 IV.
1211 385 1304 413 Ταῦτα
1329 385 1376 412 τοῦ
1402 385 1507 421 Πέτρου
1529 384 1669 417 εἰπόντος,
1694 383 1834 420 Μιχαίας,
1851 383 1893 409 καὶ

1109 430 1191 462 αὐτὸς
1205 430 1260 458 τῶν
1276 430 1430 458 ἀκολούθων
1447 439 1490 462 τις
1513 429 1568 463 ὢν,
1590 429 1723 456 ἐπύθετο·
1744 429 1833 456 Πόθεν
1851 426 1893 455 οὖν

1108 478 1164 508 τοῖς
1177 476 1329 512 ἀνθρώποις
1340 476 1372 503 τὸ
1383 476 1566 511 ἀμαρτάνειν;
1585 476 1640 503 Καὶ
1664 477 1679 503 ὁ
1701 475 1807 511 Πέτρος
1826 474 1892 509 ἔφη’

1115 522 1162 549 Ἐκ
1174 522 1220 549 τοῦ
1236 523 1353 557 ἀγνοεῖν,
1370 523 1411 548 δτι
1426 522 1490 558 περὶ
1501 518 1538 548 ὧν
1551 521 1702 558 πράσσουσι
1718 521 1823 553 κακῶς,
1838 520 1893 556 xpl-

1110 569 1191 605 [σεως
1211 568 1371 604 γε]νομένης
1381 568 1488 600 πάντως
1504 568 1667 603 κολασθῆναι
1680 567 1797 603 ἔχουσιν.
1816 567 1893 595 Ὅθεν

1109 615 1156 641 καὶ
1168 614 1218 650 τὴν
1233 614 1391 650 ἐπιθυμίαν,
1405 614 1443 646 ὼς
1460 613 1553 641 ἄλλοτε
1565 612 1677 649 εῐιπονῙ,
1690 612 1818 648 διαδοχὴν
1837 613 1892 647 βίον

1108 659 1225 695 ἔχοντες,
1237 659 1338 695 ταύτην
1359 658 1586 694 πληροφοροῦσιν,
1603 659 1640 690 ὡς
1653 658 1747 693 ἔτυχεν
1758 657 1891 693 ἡμιξέρων]

1109 706 1211 733 παίδων
1235 705 1333 741 φθορᾷ,
1349 704 1367 740 ἦ
1390 705 1456 740 ἄλλῃ
1473 704 1525 732 τινὶ
1550 703 1736 740 κολακευούσῃ
1760 703 1890 738 ἁμαρτίᾳ.

1110 753 1157 789 Τῷ
1169 753 1223 789 γὰρ
1235 754 1352 788 ἀγνοεῖν,
1363 753 1404 778 ὅτι
1417 751 1563 788 κρίνονται,
1581 751 1618 782 ὡς
1631 750 1736 785 φθάσας
1751 747 1840 780 εἶπον,
1851 749 1891 775 διὰ

1108 800 1139 827 τὸ
1153 799 1254 834 ἀφοὸον
1274 799 1324 834 τὴν
1345 797 1490 833 ἐπιθυμίαν
1503 797 1534 824 οὐ
1545 796 1668 832 νομίμως
1684 794 1807 831 πληροῦν
1821 795 1891 821 ἐπεί-

1108 854 1210 880 γονται.
1227 845 1307 872 ’Ὥστε
1321 843 1369 879 οὐχ
1383 844 1398 870 ὸ
1415 842 1481 875 Θεὸς
1502 841 1597 873 κακὸς,
1618 842 1632 868 ὁ
1653 840 1743 872 καλῶς
1767 840 1826 873 θεὶς
1846 840 1891 876 τὴν

1107 892 1269 928 ἐπιθυμίαν,
1293 891 1337 918 ἵνα
1360 889 1468 924 διαδοχὴ
1492 888 1550 924 βίου
1580 887 1709 922 γένηται.
1733 886 1793 913 ἀλλ’
1818 887 1891 913 αὐτοὶ

1105 935 1292 967 ἀσεϐέστατοι,
1311 934 1336 961 οί
1352 933 1391 969 τῷ
1405 933 1480 969 καλῷ
1496 933 1546 968 τῆς
1562 931 1710 967 ἐπιθυμίας
1725 931 1891 967 χρησάμενοι

1105 980 1208 1012 κακῶς.
1222 979 1301 1006 Οὕτω
1314 979 1346 1015 δὴ
1362 979 1410 1006 καὶ
1425 979 1472 1005 ἐπὶ
1482 978 1532 1014 τῆς
1548 977 1634 1014 ὀργῆς
1646 976 1704 1003 ἔστι
1722 976 1889 1011 λογίσασθαι,

1103 1027 1145 1054 ὅτι
1161 1026 1272 1057 δικαίως
1290 1025 1338 1061 μὲν
1363 1025 1431 1060 αὐτῇ
1456 1032 1499 1056 τις
1514 1023 1686 1059 χρησάμενος
1696 1041 1704 1054 ,
1720 1022 1760 1054 ὡς
1777 1022 1888 1055 ἔξεστιν,

1104 1073 1221 1104 εὐσεὸεϊ,
1236 1071 1311 1108 παρά
1324 1071 1353 1098 δὲ
1365 1071 1396 1098 τὸ
1412 1071 1510 1107 μέτρον
1523 1068 1640 1103 ἐξελθὼν
1661 1068 1708 1096 καὶ
1729 1068 1821 1103 ἐαυτῷ
1844 1068 1889 1103 τὴν

1104 1118 1195 1154 κρίσιν
1208 1116 1297 1145 λαϐὼν
1314 1115 1416 1144 ἀσεϐεῖ.

1142 1163 1174 1191 ν.
1194 1163 1249 1190 Καὶ
1274 1163 1288 1190 ό
1310 1161 1448 1196 Σοφωνίας
1470 1160 1551 1188 πάλιν
1574 1160 1642 1196 ἐφη-
1666 1159 1698 1186 Ἦ
1716 1158 1889 1195 μακροθυμία

1105 1218 1162 1241 σου,
1178 1209 1257 1245 κύριέ
1279 1217 1328 1245 μου
1350 1208 1448 1244 Πέτρε,
1475 1206 1632 1243 παρρησίαν
1653 1207 1719 1241 ἡμῖν
1735 1205 1887 1241 χαρίζεται,

1102 1255 1246 1291 ἀκρισείας
1265 1253 1345 1289 χάριν
1361 1253 1432 1280 κατὰ
1454 1251 1538 1279 πολλά
1556 1251 1736 1278 πυνθάνεσθαί
1761 1259 1820 1278 σου.
1847 1250 1888 1277 Διὸ

1104 1301 1270 1337 θαρροῦντες
1292 1299 1374 1326 παντὶ
1395 1299 1488 1335 τρόπῳ
1508 1298 1558 1333 τὴν
1580 1297 1703 1329 ἐξέτασιν
1727 1295 1885 1332 ποιούμεθα.

1102 1346 1253 1382 Μέμνημαι
1265 1345 1364 1377 τοίνυν,
1382 1345 1420 1376 ὡς
1430 1344 1494 1379 χθὲς
1510 1343 1601 1379 Σίμων
1614 1343 1681 1378 πρὸς
1698 1342 1728 1369 σὲ
1744 1343 1794 1378 τὴν
1812 1341 1888 1378 ζήτη-

1103 1401 1145 1420 σιν
1161 1393 1230 1428 ἔχων
1242 1391 1305 1427 ἔφη,
1321 1392 1363 1418 ὅτι
1379 1391 1393 1417 ό
1409 1390 1534 1426 πονηρὸς,
1548 1390 1573 1416 εί
1585 1389 1639 1415 ἀπὸ
1650 1388 1697 1415 τοῦ
1713 1387 1782 1415 Θεοῦ
1794 1389 1888 1422 γεγέν-

1101 1447 1180 1474 νηται
1190 1439 1224 1470 ’⁸,
1241 1437 1394 1468 ἀκολούθως
1406 1436 1457 1471 τῆς
1470 1436 1556 1470 αὐτῆς
1566 1435 1605 1471 τῷ
1618 1434 1779 1471 προϐαλόντι
1792 1435 1888 1470 τυγχά-

1101 1493 1142 1512 νει
1153 1484 1260 1517 οὺσίας,
1277 1483 1359 1520 ιοο
1371 1482 1418 1510 καὶ
1430 1481 1530 1517 ἀγαθὸς
1541 1482 1647 1516 ὕφειλεν
1660 1479 1729 1508 εἷναι
1738 1500 1746 1513 ,
1765 1480 1814 1508 καὶ
1830 1480 1887 1515 οὐχὶ

268 1533 440 1561 nequaquam
448 1533 505 1553 rem
514 1526 550 1553 ita
564 1526 739 1559 sesehabere,
749 1534 811 1554 cum
828 1527 906 1554 multi
920 1535 953 1554 ex
970 1528 1050 1556 bonis

1103 1530 1195 1562 κακός.
1218 1530 1254 1557 Σὺ
1276 1530 1306 1556 δὲ
1328 1529 1477 1564 ἀπεκρίνω,
1502 1528 1539 1564 μὴ
1565 1528 1674 1559 πάντως
1695 1526 1784 1558 οὕτως
1805 1526 1884 1561 ἔχειν,

266 1572 443 1607 gignerentur
461 1572 535 1603 mali,
558 1572 640 1599 sicuti
654 1579 689 1600 ex
701 1572 787 1600 Adam
801 1573 856 1600 duo
870 1573 1049 1607 exstitissent,

266 1619 335 1646 alter
350 1619 448 1651 bonus,
461 1618 530 1646 alter
546 1619 645 1647 malus.
657 1618 762 1646 Simoni
776 1623 866 1647 autem
877 1620 1011 1655 arguenti,
1025 1625 1051 1648 te

265 1665 398 1700 exemplis
414 1665 453 1692 uti
479 1665 628 1697 humanis,
653 1665 835 1700 respondisti,
859 1673 948 1700 neque
970 1665 1049 1700 illud,

265 1710 351 1738 Deum
367 1710 488 1746 gignere,
504 1718 538 1739 eo
555 1711 637 1738 modo
649 1718 710 1738 esse
724 1711 933 1744 admittendum,
948 1712 1049 1747 quippe

264 1757 338 1791 quod
354 1757 507 1791 exemplum
522 1761 550 1784 et
562 1757 650 1792 ipsum
666 1757 701 1784 sit
712 1756 873 1784 humanum.
888 1756 944 1792 Ego
958 1762 1048 1785 autem

265 1802 420 1838 Sophonias
441 1802 524 1830 Deum
539 1803 650 1838 gignere
669 1802 796 1834 admitto,
813 1802 915 1830 malum
938 1803 1050 1838 gignere

262 1857 328 1876 eum
349 1856 403 1875 non
417 1848 550 1880 concedo,
564 1848 673 1876 etiamsi
691 1849 762 1876 inter
785 1848 910 1876 homines
929 1849 994 1877 boni
1009 1849 1050 1885 gi-

262 1899 348 1929 gnant
368 1894 466 1922 malos.
482 1893 537 1921 Nec
552 1898 642 1922 tamen
669 1894 771 1928 credo,
788 1902 832 1922 me
854 1895 973 1923 absurde
995 1895 1048 1923 alia

261 1947 371 1973 eorum,
392 1947 453 1975 quae
471 1939 615 1967 hominum
638 1939 705 1972 sint,
729 1939 786 1968 Deo
808 1940 971 1974 attribuere,
994 1941 1047 1968 alia

262 1992 329 2017 non,
344 1992 407 2012 cum
427 1985 557 2018 alterum,
577 1985 698 2020 gignere,
722 1986 918 2019 concesserim,
938 1993 993 2013 non
1010 1986 1047 2014 ita

262 2030 388 2063 alterum,
403 2029 505 2064 dispari
524 2029 605 2057 modo
621 2030 740 2065 gignere.
761 2028 829 2056 Nam
842 2029 967 2058 homines
980 2030 1048 2058 libe-

263 2083 309 2102 ros
323 2079 354 2101 ut
369 2083 418 2110 par
432 2079 474 2102 est
485 2074 634 2102 dissimiles
649 2076 771 2110 ipsorum
784 2075 909 2103 consiliis
929 2075 1000 2103 hanc
1012 2075 1048 2103 ob

262 2127 375 2147 causam
392 2124 547 2154 procreant.
567 2119 637 2147 Cum
659 2124 778 2155 quatuor
794 2120 919 2155 partibus
933 2128 1046 2156 compo-

225 2190 228 2194 ,
262 2169 373 2197 nantur,
392 2166 541 2192 secundum
558 2165 632 2192 varia
645 2166 709 2193 anni
722 2170 846 2201 tempora
862 2167 938 2194 varie
950 2174 1046 2194 eorum

1100 1576 1195 1604 καθότι
1207 1575 1300 1603 πολλοὶ
1315 1575 1344 1608 ἐξ
1359 1574 1470 1609 ἀγαθῶν
1482 1574 1562 1601 κακοὶ
1573 1573 1731 1608 γεννῶνται,
1748 1572 1842 1607 ὥσπερ
1856 1573 1885 1598 ἐκ

1100 1622 1148 1650 τοῦ
1168 1622 1252 1657 Ἀδὰμ
1263 1621 1350 1648 ὁποῖοί
1368 1629 1440 1652 τινες
1457 1620 1533 1651 ὄντες
1547 1619 1594 1646 δύο
1614 1618 1812 1654 ἐγεννήθησαν,
1825 1614 1861 1644 ὧν
1872 1619 1885 1644 6

1102 1667 1151 1704 μὲν
1162 1665 1196 1703 ἦν
1208 1665 1302 1698 κακὸς,
1314 1666 1329 1692 ὸ
1345 1665 1367 1692 δ’
1379 1664 1488 1700 ἀγαθός.
1513 1664 1566 1691 Τοῦ
1582 1664 1611 1691 δὲ
1628 1664 1751 1699 Σίμωνος
1762 1664 1886 1690 αίτιασα-

1101 1713 1194 1749 μένου,
1210 1713 1251 1740 ὅτι
1263 1711 1441 1747 ἀνθρωπίνοις
1454 1711 1561 1746 ἐχρήσω
1574 1709 1804 1745 παραδείγμασιν,
1818 1710 1886 1736 ἀπε-

1099 1757 1194 1793 κρίνω,
1211 1757 1253 1784 ὄτι
1283 1756 1371 1791 τούτῳ
1385 1756 1424 1792 τῷ
1440 1755 1511 1791 λόγῳ
1533 1754 1593 1782 οὐδὲ
1615 1754 1646 1781 τὸ
1669 1754 1799 1789 γεννῆσαι
1821 1754 1887 1781 Θεὸν

1100 1801 1302 1839 παραδέξασθαι
1315 1802 1371 1829 δεῖ·
1389 1800 1557 1837 ἀνθρώπινον
1569 1800 1624 1836 γὰρ
1637 1800 1685 1828 καὶ
1699 1799 1779 1826 τοῦτο
1790 1800 1822 1827 τὸ
1834 1809 1886 1827 πα-

1100 1849 1243 1885 ράδειγμα.
1267 1847 1338 1883 Ἐγὼ
1353 1847 1381 1875 δὲ
1395 1847 1534 1882 Σοφωνίας
1552 1846 1583 1873 τὸ
1601 1846 1650 1882 μὲν
1668 1846 1800 1881 γεννῆσαι
1820 1845 1886 1872 Θεὸν

1099 1893 1304 1930 παραδέχομαι,
1320 1891 1351 1919 τὸ
1371 1892 1400 1918 δέ
1415 1891 1500 1919 κακὸν
1523 1891 1652 1926 γεννῆσαι
1673 1891 1704 1917 οὐ
1726 1891 1883 1926 προσίεμαι,

1099 1941 1151 1968 κᾶν
1160 1941 1214 1968 τῶν
1229 1939 1381 1976 ἀνθρώπων
1403 1940 1428 1966 οἰ
1443 1938 1540 1974 ἀγαθοὶ
1563 1937 1664 1969 κακοὺς
1683 1937 1812 1972 γεννῶσι.
1831 1938 1884 1964 Καὶ

1100 1989 1137 2025 μή
1148 1997 1190 2016 τοι
1202 1987 1316 2024 νομίσας
1330 1995 1364 2022 με
1375 1985 1480 2020 ἀλόγως
1496 1985 1550 2012 τῶν
1568 1983 1723 2020 ἀνθρώποις
1740 1982 1885 2018 διαφερόν-

1096 2042 1152 2061 των
1164 2033 1223 2060 ἐνια
1237 2032 1286 2068 μὲν
1307 2031 1346 2068 τῷ
1367 2030 1426 2066 Θεῷ
1445 2029 1608 2061 ἀποδιδόναι,
1621 2029 1681 2055 ἔνια
1694 2027 1723 2055 δὲ
1735 2027 1778 2060 οὓ,
1791 2027 1885 2062 ἐπειδὴ

1096 2078 1128 2105 τὸ
1139 2078 1189 2114 μὲν
1202 2077 1332 2112 γεννῆσαι
1343 2076 1450 2111 διδωμι,
1463 2075 1494 2102 τὸ
1506 2074 1534 2101 δὲ
1547 2074 1673 2110 ἀνόμοιον
1691 2072 1775 2100 αὐτοῦ
1787 2072 1886 2107 γεννῆ-

1098 2133 1143 2152 σαι
1168 2124 1218 2150 οὐκ
1238 2122 1397 2158 ἀποδίδωμι.
1414 2122 1445 2148 Οἱ
1464 2121 1513 2157 μέν
1529 2120 1584 2156 γὰρ
1600 2120 1738 2156 ἄνθρωποι
1761 2118 1833 2146 κατά
1854 2118 1887 2144 τὸ

1097 2168 1170 2200 εἰκὸς
1182 2167 1325 2203 ἀνομοίους
1339 2168 1400 2198 ταῖς
1414 2165 1516 2193 ἑαυτῶν
1528 2164 1649 2200 γνώμαις
1661 2163 1792 2199 γεννῶσιν
1809 2163 1886 2195 υἱοὺς

261 2217 376 2244 corpora
393 2214 546 2243 vertuntur,
555 2210 591 2237 ita
607 2215 638 2238 ut
649 2211 676 2237 in
689 2219 804 2246 corpore
817 2212 938 2239 humano
948 2219 1046 2240 secun—

1103 2214 1141 2241 ἲιά
1156 2214 1281 2249 τοιαύτην
1301 2212 1397 2240 αἰτίαν.
1421 2212 1468 2238 Ἐκ
1482 2212 1622 2246 τεσσάρων
1639 2209 1694 2245 γάρ
1717 2209 1886 2240 συνεστῶτες

261 2256 326 2283 dum
333 2256 449 2291 quodvis
456 2261 563 2291 tempus
571 2257 607 2290 id,
619 2257 690 2292 quod
698 2257 762 2284 anni
770 2258 886 2292 tempori
903 2258 1044 2293 proprium

261 2300 310 2331 sit,
341 2305 448 2328 crescat
470 2305 517 2328 aut
533 2301 673 2328 decrescat
686 2307 883 2337 congruentem
898 2303 1044 2330 misturam

260 2348 364 2375 delens.
377 2345 445 2374 Nam
459 2347 562 2375 semina
582 2352 799 2381 temperatorum
815 2356 868 2376 non
884 2356 992 2384 semper
1005 2349 1042 2377 ita

259 2394 477 2429 permanentium
502 2393 570 2420 alias
591 2393 669 2420 aliter
688 2394 832 2421 commista
853 2399 1043 2430 segregantur,

259 2448 346 2474 caque
354 2439 503 2467 secundum
516 2439 646 2474 temporis
657 2439 810 2467 mistionem
825 2444 853 2467 et
869 2441 985 2468 consilia
1001 2448 1044 2469 se-

258 2489 380 2520 quuntur
391 2486 448 2512 sive
455 2485 525 2512 bona
532 2485 590 2512 sive
597 2485 677 2512 mala.
685 2485 719 2512 At
732 2485 785 2512 tale
798 2485 863 2521 quid
871 2486 904 2513 de
921 2485 975 2513 Deo
987 2494 1041 2513 non

258 2536 301 2558 est
324 2531 510 2558 statuendum.
527 2530 595 2558 Nam
612 2539 674 2558 cum
699 2531 878 2559 immutabilis
901 2532 938 2559 sit
958 2537 1041 2567 atque

258 2581 392 2609 aeternus,
407 2577 517 2611 quando
532 2585 625 2604 creare
640 2577 708 2610 vult,
729 2583 901 2612 procreatum
916 2578 1040 2613 ejusdem

258 2622 330 2649 modi
346 2630 379 2650 ac
397 2627 548 2650 creatorem
566 2630 627 2651 esse
648 2627 764 2657 oportet,
776 2625 847 2659 quod
863 2625 896 2651 ad
910 2625 1039 2652 substan-

259 2668 323 2694 tiam
339 2669 443 2696 scilicet
455 2673 482 2696 et
500 2674 628 2696 mentem.
651 2668 705 2696 Sed
719 2669 741 2696 si
760 2670 822 2705 quis
844 2678 907 2698 eum
925 2677 1037 2706 quoque

1099 2261 1190 2297 μερῶν
1214 2259 1285 2287 κατά
1305 2258 1355 2290 τὰς
1378 2258 1522 2293 διαφόρους
1543 2255 1646 2292 τροπὰς
1664 2255 1801 2291 διαφόρως
1821 2255 1886 2291 τρέ-

1099 2314 1194 2333 πονται
1209 2304 1243 2331 τὰ
1260 2303 1385 2340 σώματα,
1398 2303 1437 2335 ὡς
1455 2303 1502 2330 καὶ
1511 2303 1534 2319 ³⁵
1547 2303 1574 2329 ἐν
1592 2300 1752 2337 ἀνθρωπείῳ
1775 2299 1884 2336 σώματι

1097 2350 1158 2377 καθ’
1171 2349 1286 2376 ἕκαστον
1299 2347 1393 2384 καιρὸν
1406 2347 1436 2374 τὺ
1447 2347 1496 2383 τῆς
1507 2347 1610 2383 τροπῆς
1622 2346 1687 2372 ῐδιον
1698 2344 1884 2380 αὐξανόμενον

1097 2395 1113 2432 ἢ
1133 2393 1326 2430 ἐλαττούμενον
1337 2393 1387 2429 τὴν
1402 2392 1557 2428 σύμμετρον
1581 2391 1678 2427 κρᾶσιν
1697 2389 1799 2417 ἀθετεῖ.
1821 2390 1884 2416 Τῶν

1094 2441 1149 2477 γὰρ
1167 2439 1367 2474 συγκραμάτων
1377 2437 1400 2454 ³⁸
1415 2438 1464 2473 οὐχ
1483 2437 1613 2468 ὡσαύτως
1633 2435 1676 2463 ἀεὶ
1699 2436 1883 2470 διαμενόντων

1093 2487 1128 2514 τὰ
1149 2486 1294 2522 σπέρματα
1316 2484 1410 2512 ἄλλοτε
1431 2483 1513 2520 ἀλλην
1534 2483 1629 2518 ἔχοντα
1642 2484 1742 2519 κρᾶσιν
1763 2483 1883 2518 ἀποκρὶ-

1093 2541 1200 2564 νονται,
1223 2530 1263 2564 οἷς
1290 2531 1358 2568 πρὸς
1382 2530 1432 2566 τὴν
1457 2529 1504 2556 τοῦ
1534 2528 1630 2565 καιροῦ
1655 2530 1754 2564 κρᾶσιν
1779 2528 1830 2556 καὶ
1853 2528 1882 2554 αἱ

1091 2579 1200 2614 γνῶμαι
1214 2579 1324 2605 ἕπονται
1337 2577 1392 2604 εἴτε
1405 2575 1516 2609 ἀγαθαὶ,
1529 2575 1584 2602 εἴτε
1600 2574 1694 2602 κακαί.
1719 2574 1781 2601 Ἐπὶ
1791 2574 1821 2600 δὲ
1832 2573 1880 2600 τοῦ

1091 2625 1158 2652 Θεοῦ
1177 2625 1227 2651 οὐκ
1243 2624 1300 2651 ἐστι
1312 2631 1338 2649 τι
1354 2622 1471 2649 τοιοῦτον
1487 2621 1660 2655 λογίσασθαι·
1677 2620 1813 2656 ἄτρεπτον
1826 2619 1880 2654 γὰρ

1091 2672 1137 2699 καὶ
1148 2672 1192 2699 ἀεὶ
1203 2671 1251 2704 ὢν,
1263 2669 1385 2707 ὁπ[όταν]
1391 2670 1413 2686 ⁸⁷
1428 2667 1588 2705 προϐάλλειν
1601 2667 1757 2703 βουληθείη,
1771 2667 1878 2700 ἀνάγκη

886 2757 1004 2785 VARI/l3
1023 2757 1222 2785 LECTIONES.

292 2816 314 2833 "
327 2817 471 2853 γεγένηται
485 2818 516 2853 ο.
552 2817 576 2835 ’⁸
593 2817 639 2844 καὶ
654 2816 693 2853 ὡς
719 2815 800 2853 νεὼς
822 2814 872 2853 ριαί
889 2817 919 2853 9.
957 2815 981 2853 ’ξ
1002 2814 1040 2853 l_ta
1064 2815 1107 2853 ad_
1119 2823 1195 2844 oram
1215 2815 1288 2849 cod.,
1311 2813 1512 2850 συγγραμάτων
1537 2812 1564 2840 in
1584 2814 1669 2840 textu.
1708 2811 1732 2828 ³⁷
1750 2811 1795 2839 ὁπ’
1813 2811 1874 2847 (sic)

258 2860 314 2887 seq.
326 2851 424 2880 lacuna
435 2853 468 2881 0.
486 2852 612 2881 Fortasse
632 2851 804 2881 scribendum
820 2851 873 2886 ὅπη
889 2851 923 2879 ἀν
939 2851 980 2879 vel
1003 2851 1077 2883 ὅπως
1092 2851 1135 2878 ἄν.
