1917 3100
85 132 129 162 ιτς,

603 139 834 168 CLEMENTINA.
853 154 879 161 —
907 139 1045 168 IIOMILIA
1067 141 1127 169 XX.

1664 145 1712 173 554

85 195 155 222 πᾶσα
175 194 209 224 τδ
231 196 455 234 προὸαλλόμενον
475 198 550 235 αὐτῷ
571 199 703 230 ὡσαύτως
724 197 821 234 [εἷναι]
841 207 862 226 τι

929 200 1088 227 mutabilem
1104 200 1194 228 dicere
1209 201 1282 234 velit,
1301 202 1375 230 baud
1397 211 1464 232 sane
1488 204 1621 242 intelligo,
1643 212 1713 241 quo-

83 241 167 268 πάντα
176 241 218 277 τῷ
227 244 420 278 γεγεννηκότι,
433 245 483 280 τήν
495 253 525 271 τε
541 244 622 280 40],
635 245 729 272 οὐσίαν
742 245 814 279 λέγω
826 245 874 272 καὶ

81 288 128 322 τὴν
139 287 265 324 γνώμην.
277 289 352 325 suae
362 289 495 326 θελήσῙειέ
506 299 549 322 τις
560 291 607 317 καὶ
618 291 698 318 αὐτὸν
706 291 821 327 τρεπτὸν
831 291 872 317 λέ-

81 342 148 369 γειν,
156 333 208 360 οὐκ
218 332 289 367 οἶδα,
303 335 362 367 πῶς
369 336 416 362 καὶ¹
426 336 557 363 ἀθάνατον
568 336 655 363 εἰπεῖν
662 336 772 364 δύναται
783 337 871 364 αὐτόν.

114 390 160 417 Vl.
180 391 275 418 Ταῦτα
290 392 304 419 6
318 392 421 428 Πέτρος
435 391 555 424 ἀκούσας
568 393 615 420 καὶ
637 393 724 429 βραχὺ
747 393 793 420 ἐπὶ
812 401 874 419 συν-

82 437 155 469 ιοίας
167 438 314 474 γενόμενος
329 438 381 474 ἔφη
391 439 463 466 Ὀὐκ
478 439 554 475 οἴμαι
565 459 572 471 ,
587 439 649 466 τινὰ
663 439 792 466 δύνασθαι
807 440 873 475 περὶ

78 483 202 520 πονηροῦ
215 484 404 520 διαλεγόμενον
419 486 456 521 μὴ
468 485 550 512 αὑτοῦ
560 485 607 512 τοῦ
621 485 740 521 πονηροῦ
751 485 782 512 τὸ
792 485 872 521 θέλη-

79 537 118 563 μα
129 531 228 557 ποιεῖν,
238 530 317 557 Ὅθεν
327 530 406 557 τοῦτο
418 530 482 557 αὐτὸ
493 531 582 563 εἰδὼς,
591 531 642 557 οὑκ
656 529 713 557 οἶδα
723 530 750 557 τί
763 529 870 566 πράξω,

77 576 194 612 πότερον
210 577 340 612 σιωπήσω
353 577 369 612 ἦ
381 576 497 612 λαλήσω.
513 577 545 604 Et
561 577 611 612 μὲν
629 578 808 613 σιωπήσαιμι,
823 577 870 612 γέ-

76 620 151 648 λωτα
166 622 236 657 πρὸς
249 623 313 654 τοὺς
326 622 440 655 πολλοὺς
455 622 602 658 ὀφλήσαιμι
617 623 650 650 ἂν
662 644 670 655 ,
685 623 726 649 ὅτι
741 622 870 658 ἀλήθειαν

75 667 314 702 ἐπαγγελλόμενος
339 668 487 704 κηρύσσειν
509 668 557 694 τὸν
579 668 645 704 περὶ
669 668 769 701 κακίας
792 668 869 703 λόγον

75 713 168 746 ἀγνοῶ
178 721 186 728 -
198 713 223 739 εἰ
234 713 264 740 δὲ
274 713 378 750 ετποιμι
388 734 395 746 ,
410 713 546 750 φοϐοῦμαι
558 734 566 746 ,
580 715 617 750 μὴ
631 714 685 750 ἄρα
697 714 748 741 οὐκ
762 714 867 750 ἀρέσκῃ

73 757 136 793 Θεῷ
150 757 292 794 ζητεῖσθαι
302 759 332 786 τὺ
346 759 440 793 κακὸν,
449 760 517 787 ἀλλά
530 760 561 787 τὸ
575 760 676 795 ἀγαθὸν
692 760 781 796 μόνον.
793 759 867 796 Πλὴν

73 805 122 830 καὶ
132 805 200 840 ὑμῖν
214 806 257 837 εἰς
267 805 313 832 τὺν
323 805 456 840 Σοφωνίου
470 806 549 841 λόγον
560 805 610 838 τὰς
626 806 696 841 εμὰς
718 805 867 842 ὑπολήψεις

72 850 184 885 ποιήσω
212 851 415 887 φανερωτέρας.
445 852 609 888 Συντίθεμαι
636 851 713 887 κάγὼ
729 871 738 884 ,
767 852 808 879 ὅτι
834 852 865 878 οὐ

926 246 1009 273 modo
1023 253 1086 273 eum
1101 245 1282 275 immortalem
1299 247 1436 277 allirmare
1450 255 1541 285 queat.

959 382 1004 411 Vl.
1024 383 1129 416 Quibus
1143 385 1244 414 auditis
1258 394 1321 414 cum
1335 387 1432 416 Petrus
1447 390 1587 423 paululum
1603 392 1710 426 cogita-

923 427 1031 457 bundus
1048 430 1180 465 sedisset,
1197 434 1336 468 respondit
1351 443 1358 462 :
1376 434 1435 462 Non
1450 436 1533 463 credo
1554 444 1634 472 posse
1661 438 1712 465 ali-

921 482 1002 510 quem
1015 476 1049 503 de
1064 476 1137 504 malo
1152 477 1247 513 loqui,
1264 479 1317 506 nisi
1333 480 1417 508 faciat
1431 482 1514 510 simul
1530 483 1595 510 mali
1610 484 1711 511 volun-

921 524 1016 548 tatem.
1033 520 1128 554 Quare
1139 543 1147 555 ,
1164 531 1226 550 cum
1243 524 1295 552 hoc
1310 525 1398 560 ipsum
1414 527 1516 561 sciam,
1530 529 1634 560 dubito,
1643 530 1708 565 quid

921 565 1018 593 faciam
1029 587 1036 600 ,
1054 572 1147 595 utrum
1164 569 1258 596 sileam
1275 578 1309 598 an
1327 571 1433 607 loquar.
1451 573 1478 600 Si
1493 574 1566 603 enim
1583 578 1686 602 taceam
1697 596 1706 607 ,

919 611 1006 639 risum
1023 612 1094 647 apud
1109 614 1211 642 multos
1227 623 1368 650 moveam,
1385 623 1414 645 ut
1428 619 1474 653 qui
1486 639 1493 651 ,
1507 620 1648 647 veritatem
1664 629 1708 649 me

917 659 1117 694 explicaturum
1132 661 1275 696 professus
1285 682 1292 694 ,
1308 663 1341 690 de
1356 664 1459 692 malitia
1473 665 1549 700 loqui
1562 667 1682 694 nesciam
1696 676 1705 701 ;

917 704 960 732 sin
979 705 1087 741 loquar,
1107 706 1192 734 timeo
1209 715 1244 735 ne
1261 709 1318 736 Deo
1335 709 1481 744 displiceat
1495 711 1655 746 disquisitio
1671 713 1706 740 de

917 750 991 778 malo
1010 751 1154 786 instituta,
1173 753 1275 789 quippe
1294 754 1338 782 cui
1359 763 1414 783 non
1433 755 1486 784 nisi
1503 756 1659 792 disquisitio
1672 758 1707 785 de

916 795 989 823 bono
1016 796 1132 831 placeat.
1162 798 1289 827 Attamen
1313 808 1376 835 qua:
1398 801 1432 829 ad
1459 801 1607 837 Sophonlaa
1622 803 1708 830 inter-

916 843 1083 877 rogationem
1107 845 1254 879 respondi,
1283 847 1366 874 etiam
1388 847 1491 875 clarius
1514 848 1593 876 vobis
1619 850 1707 885 expli—

71 897 164 923 πάντα
179 897 215 924 τὰ
229 897 382 933 ἀνθρώπων
395 898 549 925 ἀποδιδόναι
563 899 603 925 δεῖ
616 898 656 934 τῷ
669 897 739 934 Θεῷ.
762 898 862 925 Αὐτίκα

918 889 997 916 cabo.
1024 889 1081 924 Ego
1099 898 1210 926 quoque
1230 892 1353 919 concedo
1365 913 1373 926 ,
1393 900 1448 920 non
1463 895 1556 922 omnia
1573 902 1635 929 quae
1653 896 1704 923 bo-

71 942 139 976 γοῦν
153 944 180 970 οἱ
195 943 338 980 ἀνθρωττοι
352 944 402 971 οὐκ
415 945 522 980 ἔχοντες
536 944 570 972 τὰ
585 945 699 980 σώματα
714 944 819 980 τρεπτὰ
833 945 864 972 οὐ

70 988 223 1021 τρέπονται
236 1008 244 1021 ,
259 989 328 1016 ἀλλά
341 989 430 1026 χρόνῳ
443 989 495 1017 ὑπὸ
509 990 563 1016 τῶν
574 990 684 1026 τροπῶν
695 989 865 1017 ἀλλοιοῦσθαι

70 1033 153 1068 (φύσιν
169 1034 292 1070 ἔχουσιν.
314 1035 345 1062 '0
360 1036 387 1062 δὲ
402 1035 467 1068 Θεὸς
479 1036 528 1071 οὐχ
545 1035 633 1068 οὕτως
644 1044 652 1051 ·
668 1036 721 1063 ὑπὸ
739 1036 795 1072 γὰρ
816 1035 864 1063 τοῦ

68 1080 195 1115 ἐμφύτου
208 1081 276 1108 τνεύ
281 1090 364 1117 ματος
376 1081 458 1109 αὑτοῦ
473 1083 622 1119 ἀπορρήτῳ
632 1082 743 1119 δυνάμει
754 1104 760 1116 ,
773 1083 864 1109 ὁποῖον

67 1125 250 1162 avsa-mm
260 1148 268 1160 ,
278 1127 383 1162 γίνεται
391 1127 422 1154 τὸ
433 1128 521 1163 σῶμα.
534 1129 589 1155 Καὶ
599 1128 683 1164 ταύτῃ
696 1128 794 1164 μᾶλλον
806 1127 865 1155 ἐστι

66 1172 220 1200 πιστεῦσαι
231 1194 238 1206 ,
287 1173 335 1200 καὶ
351 1174 365 1199 6
380 1174 434 1209 ἀὴρ
450 1174 515 1209 παρ’
531 1174 614 1200 αὑτοῦ
637 1173 765 1209 τοιαύτην
787 1174 864 1210 είλη-

66 1217 126 1252 φὼς
145 1220 232 1253 φύσιν
249 1219 301 1245 ὑπὸ
314 1218 362 1245 τοῦ
383 1219 464 1246 αὐτὸν
485 1220 626 1256 διήκοντος
649 1220 796 1255 ἀσωμάτου
816 1220 862 1247 νοῦ

65 1265 107 1296 είς
118 1263 219 1300 δρόσον
233 1265 348 1300 τραπεὶς
362 1266 408 1292 καὶ
419 1265 566 1300 παχυνθεὶς
576 1265 681 1300 γίνεται
697 1265 778 1302 ὕδωρ,
790 1265 863 1302 ὕδωρ

66 1309 96 1336 δὲ
122 1310 216 1344 παγὲν
239 1310 307 1337 λίθοι
330 1311 378 1338 καὶ
392 1312 447 1347 γῆ,
469 1311 517 1338 καὶ
539 1311 608 1338 λίθοι
628 1311 657 1338 δὲ
679 1311 863 1347 συρρήξαντες

63 1355 125 1391 πῦρ
139 1355 318 1388 ὲξάπτουσιν.
336 1357 464 1384 Τοιοῦτον
475 1359 546 1384 κατά
563 1357 713 1393 μεταϐολὴν
732 1357 779 1383 καὶ
798 1365 862 1393 τρο-

63 1401 123 1437 πὴν
145 1402 161 1427 6
187 1402 243 1438 ἀὴρ
266 1402 338 1438 ὕδωρ
360 1403 393 1429 τὰ
414 1403 511 1439 πρῶτα
525 1402 645 1437 γεγονὼς
657 1403 697 1435 εἰς
711 1402 767 1438 πῦρ
783 1401 860 1438 ἔληξε

61 1447 111 1474 διὰ
126 1447 183 1473 τῶν
197 1447 307 1483 τροπῶν
319 1469 326 1481 ,
340 1448 387 1475 καὶ
401 1449 431 1475 τὸ
445 1448 527 1484 ὑγρὸν
542 1449 583 1480 είς
602 1448 652 1484 τὴν
671 1448 795 1475 ἐναντίαν
811 1448 863 1482 φὺ-

63 1499 110 1517 σιν
137 1492 309 1528 μετετράπη.
334 1492 366 1518 Τί
385 1491 432 1524 δέ;
458 1492 518 1527 οὐχὶ
541 1492 589 1519 καὶ
611 1492 661 1528 τὴν
682 1492 822 1524 Μωῦσὲως
837 1491 861 1508 ’⁸

65 1535 170 1571 ῥάϐδον
197 1536 212 1562 ὀ
237 1536 303 1568 Θεὸς
325 1535 437 1573 ἔτρεψεν
463 1538 503 1568 είς
527 1536 613 1569 ζῶον,
642 1538 760 1573 ποιήσας
786 1536 858 1571 δφιν,

62 1582 95 1608 ὃν
110 1582 198 1609 πάλιν
213 1582 395 1618 μετέστρεψεν
405 1584 444 1614 είς
457 1582 538 1619 402
552 1583 662 1619 ῥάδδον;
674 1583 721 1610 καὶ
728 1583 761 1610 δι’
775 1582 859 1619 αὐτῆς

62 1627 93 1654 δὲ
107 1628 161 1664 τῆς
174 1629 326 1664 τραπείσης
340 1628 438 1665 ῥάϐδου
453 1629 482 1655 τὸ
498 1629 593 1655 Νείλου
608 1628 679 1664 ὕδωρ
694 1628 806 1665 ἔτρεψεν
820 1629 861 1660 είς

63 1672 139 1710 αἷμα
148 1695 157 1707 ,
169 1674 186 1700 ὃ
198 1674 246 1702 καὶ
259 1674 341 1701 πάλιν
356 1674 537 1710 μετέστρεψεν
551 1675 591 1706 είς
607 1673 679 1710 ὕδωρ
691 1682 698 1707 ;
719 1673 800 1700 Ἀλλά
812 1673 860 1700 καὶ

63 1719 112 1746 τὸν
127 1719 273 1755 ἄνθρωπον
282 1741 290 1753 ,
304 1719 370 1755 χοῦν
383 1719 448 1747 δντα
457 1741 464 1752 ,
475 1720 651 1755 ὲμφυσήματι
672 1719 758 1755 πνοῆς
781 1718 860 1754 μετέ-

65 1766 185 1801 στρεψεν
196 1767 237 1797 είς
248 1765 337 1801 σάρκα
346 1786 353 1799 ,
383 1766 430 1792 καὶ⁵
442 1765 523 1792 πάλιν
539 1765 720 1801 μετέστρεψεν
731 1765 771 1797 είς
782 1764 858 1800 χοῦν.

65 1812 136 1847 Οὐχὶ
149 1811 180 1838 δὲ
194 1811 315 1847 Μωῦσῆς
329 1811 410 1843 αὐτὸς
425 1810 492 1847 σὰρξ
504 1811 543 1838 ὢν
557 1812 596 1843 είς
611 1811 738 1846 μέγιστον
752 1811 859 1848 ἐτράπη

65 1858 145 1892 φῶς,
161 1857 200 1888 ὡς
217 1857 254 1892 μὴ
270 1856 418 1892 δυνηθῆναι
431 1857 495 1888 τοὺς
509 1857 585 1887 υἱοὺς
613 1855 721 1892 Ἰσραὴλ
735 1856 859 1883 ἀντιϐλέ-

63 1900 116 1935 ψαι
126 1899 204 1935 αὐτῷ
217 1909 224 1932 ;
239 1899 334 1935 Πολλῷ
346 1897 393 1926 οὖν
408 1900 507 1935 μᾶλλον
519 1900 533 1926 6
548 1899 616 1932 Θεὸς
628 1900 725 1928 ἑαυτὸν
735 1901 857 1937 τρέπειν,

63 1947 108 1978 εἰς
121 1946 136 1973 δ
150 1945 278 1982 βούλεται
290 1966 298 1978 ,
310 1945 495 1978 δυνατώτατός
509 1946 594 1974 ἐστιν.

103 2048 163 2076 Vll.
190 2048 260 2074 Ἀλλ’
277 2048 344 2080 ἴσως
357 2057 400 2080 τις
415 2048 492 2084 ὑμῶν
508 2048 636 2084 ἐνόησεν,
653 2049 694 2076 δτι
710 2048 789 2082 ἄλλος
809 2048 858 2085 μὲν

65 2094 114 2122 ὕπ’
130 2093 213 2121 ἄλλου
228 2093 354 2127 γενέσθαι
370 2103 396 2120 τι
412 2093 522 2120 δύναται
535 2115 542 2127 ,
557 2094 637 2126 αὐτὸς
647 2094 676 2120 δέ
691 2103 735 2126 τις
750 2094 857 2128 ἑαυτὸν,

65 2141 108 2172 είς
121 2139 136 2166 ὂ
152 2139 292 2174 βούλεται,
318 2140 499 2175 μετατρέπειν
516 2139 546 2165 οὑ
560 2139 671 2166 δύναται
683 2161 690 2171 ,
707 2140 754 2166 καὶ
769 2140 810 2166 ὅτι
823 2140 858 2168 ἶτδ

64 2185 219 2222 τρέπεσθαι
235 2184 282 2211 τοῦ
297 2184 435 2221 γηρῶντὸς
449 2185 508 2211 ἐστι
530 2184 577 2211 καὶ
591 2184 736 2211 ἀποθανεῖν
752 2184 857 2221 [φύσιν]

916 934 1017 962 minrm
1044 936 1117 970 sint,
1143 936 1200 965 Deo
1220 945 1281 965 esse
1305 939 1488 967 attribuenda.
1511 939 1571 968 Jam
1594 942 1704 976 quidem

916 979 1041 1009 homines
1053 1001 1061 1014 ,
1081 982 1182 1017 quibus
1202 991 1317 1019 corpora
1338 985 1522 1014 immutabilis
1541 992 1626 1021 sunt,
1648 996 1703 1016 non

914 1032 1070 1063 mutantur,
1089 1030 1136 1058 sed
1157 1030 1277 1058 indolem
1298 1031 1400 1060 habent
1417 1040 1480 1060 cum
1499 1034 1563 1061 anni
1583 1039 1704 1069 tempore

913 1075 1050 1103 variandi.
1068 1076 1104 1104 At
1120 1084 1175 1104 non
1195 1077 1233 1104 ita
1253 1078 1342 1112 Deus;
1365 1086 1428 1106 nam
1451 1079 1526 1108 illius
1552 1081 1649 1116 spiritu
1677 1082 1702 1109 ei

913 1121 1009 1149 innato
1023 1129 1125 1150 arcana
1139 1123 1166 1150 vi
1181 1130 1285 1159 corpus
1301 1123 1345 1157 ﬁt,
1360 1124 1442 1159 quale
1461 1125 1520 1160 ipse
1537 1127 1607 1154 vult.
1621 1126 1700 1160 Quod

912 1174 947 1195 eo
961 1168 1049 1204 magis
1064 1169 1230 1197 credendum
1243 1190 1252 1202 ,
1267 1177 1331 1197 cum
1343 1178 1391 1197 aer
1403 1178 1452 1206 per
1464 1179 1527 1199 eum
1538 1192 1545 1204 ,
1560 1172 1585 1199 id
1599 1177 1642 1200 est
1654 1181 1703 1208 per

914 1214 1102 1249 incorpoream
1118 1220 1237 1242 mentem
1254 1216 1281 1242 in
1297 1224 1360 1244 eum
1379 1217 1506 1244 diﬂ'usam
1519 1239 1527 1252 ,
1544 1217 1701 1247 facultatem

913 1261 1065 1296 acceperit,
1079 1265 1110 1288 ut
1124 1261 1151 1288 in
1168 1262 1301 1297 liquorem
1317 1270 1414 1290 versus
1431 1268 1459 1290 et
1472 1269 1617 1291 concretus
1629 1272 1701 1300 aqua

913 1306 978 1339 tiat,
1001 1314 1074 1342 aqua
1096 1312 1186 1335 autem
1209 1313 1337 1336 concreta
1361 1314 1482 1336 mutetur
1503 1310 1530 1337 in
1553 1310 1656 1345 lapides
1673 1316 1702 1339 et

913 1357 1012 1380 terram
1024 1375 1031 1386 ,
1049 1357 1077 1381 et
1090 1354 1194 1389 lapides
1209 1354 1335 1382 contricti
1351 1355 1440 1390 ignem
1457 1357 1618 1384 accendant.
1643 1357 1700 1386 Hoc

913 1399 996 1425 modo
1019 1406 1067 1426 aer
1089 1404 1151 1434 post
1175 1400 1381 1427 translationem
1405 1405 1433 1428 et
1456 1403 1698 1430 commutationem

912 1444 1032 1478 primum
1047 1444 1158 1479 quidem
1171 1453 1240 1480 aqua
1258 1445 1349 1473 factus
1363 1453 1413 1480 per
1426 1447 1621 1475 conversiones
1637 1455 1698 1475 ces-

913 1489 991 1517 sabat
1005 1489 1033 1516 in
1047 1489 1137 1525 ignetn
1148 1510 1156 1524 ,
1170 1494 1198 1518 et
1212 1490 1354 1518 humidum
1378 1491 1405 1518 in
1427 1492 1594 1519 contrariam
1617 1498 1700 1520 natu—

912 1542 971 1562 ram
1000 1533 1164 1563 mutabatur.
1196 1536 1267 1570 Quid
1290 1537 1378 1564 vero?
1404 1536 1501 1564 Nonne
1521 1537 1593 1566 Deus
1613 1539 1697 1566 etiam

873 1566 895 1602 C
911 1578 1014 1615 Moysis
1040 1580 1145 1616 virgam
1169 1566 1323 1608 invvanimal
1349 1582 1451 1613 vertit.
1478 1589 1632 1617 serpentem
1654 1583 1697 1611 fa-

910 1625 1005 1658 ciens,
1028 1633 1108 1660 quem
1132 1626 1230 1654 iterum
1253 1627 1280 1654 in
1303 1627 1407 1662 virgam
1429 1628 1570 1656 mutavit?
1583 1628 1617 1656 Et
1637 1629 1696 1664 ipsa

910 1669 956 1696 illa
970 1670 1044 1706 virga
1056 1677 1158 1705 aquam
1171 1670 1224 1698 Nili
1236 1673 1370 1699 convertit
1383 1672 1411 1699 in
1424 1673 1585 1708 sanguinem
1596 1693 1603 1705 ,
1614 1681 1696 1708 quem

909 1715 999 1743 redire
1012 1716 1076 1744 fecit
1089 1717 1116 1743 in
1129 1724 1240 1752 aquam.
1260 1717 1313 1745 Sed
1337 1717 1476 1745 hominem
1498 1726 1625 1754 quoque,
1648 1720 1696 1754 qui

909 1761 992 1789 limus
1006 1767 1081 1795 erat,
1097 1763 1197 1797 spiritu
1214 1763 1309 1790 inﬂato
1333 1763 1360 1790 in
1383 1770 1494 1791 carnem
1509 1774 1555 1796 rer
1567 1768 1690 1798 it.quam

909 1807 1009 1835 iterum
1030 1809 1147 1836 mutavit
1167 1809 1194 1836 in
1217 1809 1323 1836 limum.
1352 1808 1405 1836 Sed
1427 1817 1520 1836 nonne
1531 1814 1559 1836 et
1571 1809 1695 1845 Moyses,

909 1855 956 1890 qui
972 1862 1038 1882 caro
1050 1859 1124 1888 erat,
1137 1855 1164 1882 in
1178 1855 1329 1882 maximum
1344 1859 1516 1890 permutatus
1531 1859 1573 1882 est
1586 1855 1675 1890 ignem
1685 1875 1694 1887 ,

909 1899 947 1927 ita
960 1903 991 1927 ut
1009 1899 1057 1927 lllii
1067 1899 1177 1927 lsraelis
1189 1907 1251 1927 eum
1264 1900 1387 1934 aspicere
1397 1907 1451 1927 non
1467 1904 1578 1935 possent
1589 1901 1600 1927 2
1610 1900 1695 1928 Multo

907 1945 996 1980 magis
1010 1945 1094 1981 igitur
1108 1944 1179 1973 Deus
1195 1946 1372 1980 semetipsum
1388 1951 1495 1973 mutare
1509 1946 1538 1973 in
1552 1946 1695 1981 quodcun-

908 2001 961 2029 que
975 1993 1000 2021 ei
1014 1993 1103 2029 placet
1117 1993 1326 2029 potentissimus
1341 1997 1394 2021 est.

944 2049 1001 2078 Vll.
1019 2050 1054 2077 At
1065 2049 1191 2077 fortassis
1202 2053 1321 2076 vestrum
1334 2049 1434 2084 aliquis
1445 2049 1598 2082 existimat,
1609 2048 1692 2076 alium

907 2096 1018 2131 quidem
1034 2095 1093 2123 fieri
1108 2095 1211 2130 aliquid
1227 2102 1308 2130 posse
1321 2103 1367 2129 per
1382 2095 1482 2127 alium,
1499 2095 1545 2122 sed
1560 2095 1650 2130 ipsum
1664 2096 1692 2123 in

908 2141 1050 2176 quodlibet
1067 2148 1096 2167 se
1112 2145 1273 2167 convertere
1289 2147 1342 2166 non
1360 2139 1465 2170 valere.
1482 2147 1597 2175 esseque
1611 2140 1692 2167 etiam

907 2185 1071 2214 commutari
1089 2186 1258 2214 senescentis
1275 2190 1301 2213 et
1320 2185 1401 2212 morti
1421 2185 1532 2212 obnoxii
1548 2205 1555 2219 ,
1574 2185 1600 2213 id
1620 2187 1692 2221 quod

65 2233 178 2268 ἔχοντος
189 2253 197 2264 ,
213 2230 280 2257 ἀλλὰ
294 2231 358 2266 περὶ
371 2230 513 2257 ἀθανάτων
527 2230 607 2257 τοῦτο
617 2231 648 2256 οὐ
659 2231 712 2266 χρὴ
727 2229 856 2266 νομίζειν.

913 2239 964 2259 ηοη
984 2231 1150 2259 censendum
1170 2231 1206 2258 sit
1223 2231 1257 2258 de
1275 2230 1487 2257 immortalibus.
1507 2229 1602 2258 Nonne
1619 2231 1691 2258 cnim

64 2277 105 2306 Ἦ
130 2278 187 2314 γὰρ
209 2278 259 2304 οὐκ
284 2277 393 2312 ἄγγελοι
414 2277 526 2314 ἀγήρως
543 2278 565 2295 ⁹⁹
583 2277 786 2313 [ὑπάρχοντες]
810 2277 858 2304 καὶ

71 2325 210 2361 πυρώδους
238 2323 331 2355 οὐσίας
360 2324 400 2354 εἰς
426 2323 515 2359 σάρκα
549 2324 755 2359 μτετράπησαν
769 2344 778 2357 ,
809 2323 857 2349 καὶ

69 2371 92 2397 οἱ
105 2369 183 2406 παρά
197 2369 237 2405 τῷ
257 2369 382 2404 Ἀϐραὰμ
397 2367 586 2405 [ξενι]σθέντες
596 2388 603 2400 ,
617 2365 655 2395 ὧν
669 2369 717 2395 καὶ
729 2369 793 2400 τοὺς
809 2368 858 2394 πύ-

70 2417 114 2449 δας
125 2417 165 2448 ὡς
177 2415 327 2451 ὀμοουσίων
336 2414 487 2450 ἀνθρώπων
497 2415 545 2442 ἀνθ
550 2424 635 2450 ρωποι
645 2414 739 2449 ἐνιψαν
751 2423 759 2447 ;
775 2414 855 2441 Ἀλλὰ

70 2463 114 2489 καὶ
127 2461 168 2497 τῷ
187 2461 284 2489 Ἰακὼὸ
296 2461 432 2498 ἀνθρώπῳ
450 2462 506 2489 ὄντι
525 2461 639 2496 ἄγγελος
654 2460 800 2487 ἐπάλαισεν
815 2461 857 2492 είς

71 2509 157 2545 σάρκα
174 2509 308 2545 τραπεὶς,
327 2508 371 2534 ἶνα
393 2508 467 2543 αὐτῷ
488 2507 723 2543 συγχρωτισθῆναι
741 2506 854 2542 δυνηθῇ.

70 2555 121 2582 Καὶ
134 2554 211 2590 ὁμῶς
224 2554 360 2586 παλαίσας
374 2554 420 2580 ἐπὶ
434 2554 484 2590 τὴν
501 2554 568 2580 ἰδίαν
584 2553 666 2579 αὐτοῦ
690 2554 770 2587 φύσιν
791 2553 855 2588 βου-

70 2601 156 2636 ληθεὶς
166 2599 283 2636 ἐτράπη,
292 2600 362 2636 Ἤδη
373 2601 413 2632 είς
423 2599 479 2635 πῦρ
493 2598 725 2635 μεταϐαλλόμενος
738 2598 785 2625 τοῦ
803 2598 856 2625 Ἰα-

71 2646 123 2673 κὼὸ
138 2646 172 2662 ⁸⁸⁸
186 2646 216 2673 τὸ
229 2646 318 2673 πλατὺ
333 2644 429 2681 νεῦρον
443 2645 493 2671 οὐκ
509 2644 609 2671 ἔκαυσε
628 2644 692 2680 μὲν,
712 2643 806 2679 ἐφλεξε
823 2643 853 2670 δὲ

68 2693 112 2720 καὶ
130 2692 214 2729 χωλὸν
232 2692 375 2727 ἐποίησεν.
405 2691 434 2718 '0
452 2690 481 2717 δὲ
496 2690 588 2726 ἕτερόν
604 2699 631 2717 τι
647 2689 786 2724 γενέσθαι,
801 2689 815 2716 6
826 2698 853 2716 τι

908 2277 997 2313 angeli
1025 2285 1136 2312 quoque
1158 2284 1292 2311 perennes
1316 2280 1398 2311 atque
1423 2276 1509 2309 ignea:
1535 2276 1693 2304 substantia:

907 2331 973 2351 caro
998 2323 1061 2350 facti
1089 2322 1123 2350 ab
1150 2322 1308 2349 Abrahamo
1336 2321 1456 2356 hospitio
1478 2321 1582 2357 excepti
1612 2327 1692 2355 sunt,

907 2376 1024 2404 quorum
1045 2368 1087 2395 vel
1107 2368 1189 2403 pedes
1207 2372 1237 2394 ut
1255 2367 1379 2402 ejusdem
1399 2367 1542 2394 hominum
1567 2369 1692 2394 essentia:

907 2414 1033 2441 homines
1058 2412 1211 2440 lavabant?
1237 2411 1290 2439 Sed
1313 2412 1394 2439 etiam
1417 2419 1479 2439 cum
1502 2411 1619 2444 Jacobo,
1644 2411 1691 2447 qui

906 2459 990 2486 homo
1014 2463 1091 2490 erat,
1117 2458 1231 2493 angelus
1257 2456 1423 2487 luctabatur,
1443 2455 1471 2482 in
1489 2462 1597 2483 carnem
1617 2463 1692 2482 com-

906 2509 1046 2537 mutatus,
1067 2509 1097 2531 ut
1119 2507 1211 2538 posset
1229 2509 1292 2530 cum
1316 2508 1349 2528 eo
1364 2499 1533 2528 conversari.
1559 2499 1692 2528 Similiter

906 2554 1050 2585 postquam
1071 2549 1190 2576 luctatus
1225 2552 1304 2579 erat,
1331 2553 1364 2573 ex
1386 2545 1526 2572 voluntate
1552 2552 1600 2572 sua
1624 2553 1690 2580 pro-

906 2597 993 2632 priam
1020 2596 1117 2623 iterum
1134 2594 1223 2622 induit
1239 2597 1376 2620 naturam.
1391 2590 1450 2618 Jam
1471 2598 1535 2618 vero
1552 2591 1579 2618 in
1599 2591 1689 2625 ignem

905 2640 1117 2668 transformatus
1130 2639 1225 2667 Jacobi
1241 2644 1357 2665 nervum
1375 2635 1487 2663 femoris
1506 2643 1560 2662 non
1577 2636 1688 2671 quidem

904 2685 1072 2718 combussit,
1089 2685 1136 2713 sed
1152 2681 1333 2711 inﬂammavit
1347 2680 1531 2716 claudumque
1546 2680 1619 2709 fecit.
1640 2681 1689 2710 At-

689 2785 807 2814 ῩΔΠΙιΕ
827 2784 1029 2813 LECTIONES.

43 2837 53 2851 ζ
100 2861 119 2876 ’³
133 2859 263 2891 Μωῦσέος
277 2850 309 2885 ό.
353 2855 376 2872 ’⁵
394 2854 503 2883 Codicis
519 2855 682 2891 scripturam
701 2853 813 2890 ἀγήρως
837 2858 944 2888 mutare
968 2851 1051 2880 nolui.
1089 2851 1123 2868 ¹⁰⁰
1142 2849 1225 2878 ῑακών
1241 2851 1273 2878 0.
