1917 3100
244 126 298 155 ιεε

677 124 705 152 S.
725 123 918 152 CLEMENTIS
937 125 946 151 l
967 123 1048 152 [ιοιι.
1070 123 1169 152 PONT.
1191 125 1306 153 OPERA
1325 124 1445 153 DUBIA.

1832 124 1883 152 ιω

245 188 337 210 tamen
364 181 408 215 is,
434 181 483 216 qui
507 189 540 209 ex
567 181 711 209 voluntate
736 181 810 209 aliud
836 181 894 209 ﬁeri
921 182 1033 216 nequit,

1093 181 1157 209 ὶέλει
1167 203 1174 216 ,
1194 183 1232 218 μὴ
1245 182 1408 218 δυνάμενος,
1423 183 1462 214 ὼς
1477 182 1656 218 ὑποκείμενος
1677 180 1712 217 τῇ
1728 181 1817 208 αὐτοῦ
1833 182 1884 217 φύ-

246 231 339 261 utpote
364 226 493 254 subditus
517 226 605 262 ipsius
623 231 745 260 naturae,
758 227 887 254 mortalis
908 232 970 261 est;
986 227 1033 255 sed

244 274 359 309 quisue
368 269 455 309 ipsius
468 277 574 300 naturae
587 273 726 308 imperans
740 273 813 308 potis
827 278 869 301 est
882 273 940 300 ﬁeri
955 273 1035 308 quid-

245 318 312 353 quid
342 323 370 346 et
396 319 620 353 quandocunque
644 319 718 350 vult,
746 318 783 345 ita
803 322 832 345 ut
856 326 944 346 novus
973 325 1035 345 eve-

246 365 315 398 niat,
323 369 367 392 est
378 364 647 398 immortalis.Qnare
659 364 746 392 multo
754 365 842 400 magis
854 363 901 392 Dei
913 368 1035 399 potestas

247 410 397 438 essentiam
413 410 536 445 corporis
552 410 664 444 quando
682 415 709 437 et
728 410 755 437 in
775 410 958 445 quodcunque
978 410 1036 437 vult

245 456 398 488 convertit.
412 461 439 483 et
453 457 550 484 similis
565 456 742 490 substantim,
758 463 812 483 non
827 461 916 483 autem
931 464 1016 492 aqua;
1027 477 1034 490 ,

245 503 459 531 commutatione
476 507 585 538 peracta
608 508 744 537 procreat.
769 502 808 529 lta
831 507 938 530 creator
958 507 985 530 et
1007 502 1034 529 in

245 550 327 576 aliam
341 549 488 576 essentiam
505 554 671 577 comnmtata
691 549 718 576 in
734 556 764 576 se
778 554 914 576 revertere
927 553 1016 584 potest
1028 571 1034 581 ,

245 603 309 623 cum
323 603 357 624 ex
372 595 445 623 illius
459 596 610 623 mutatione
627 596 698 623 lilius
711 595 869 631 progenitus
883 596 942 624 sine
957 603 1035 623 crea-

245 642 314 670 toris
335 643 476 670 voluntate
501 643 575 671 aliud
600 643 667 678 quid
689 643 748 670 ﬁeri
776 650 832 670 non
856 642 961 677 possit,
983 642 1036 670 nisi

246 687 294 715 ille
309 691 424 715 annuat.

282 744 350 772 Vill.
370 744 434 773 llaec
446 753 509 773 cum
524 744 620 773 Petrus
633 745 766 777 dixisset,
782 745 910 773 Michaeas
919 765 927 779 ,
938 750 966 774 et
979 745 1037 781 ipse

245 799 278 820 ex
296 792 428 819 comitum
447 799 561 819 numero
576 800 647 820 unus
661 801 668 819 :
684 792 770 819 Velim
782 812 789 824 ,
806 792 911 827 inquit,
925 800 940 819 a
956 797 982 819 te
997 791 1038 818 di-

247 845 342 870 scere,
359 845 425 865 num
441 838 523 866 etiam
543 838 632 866 bonus
647 839 742 866 eodem
759 839 842 865 modo
858 839 968 874 genitus
983 839 1036 871 sit,
1053 857 1073 885 Β

246 892 304 919 quo
318 885 428 911 malus:
443 884 468 911 si
482 884 554 912 enim
571 892 651 919 a-quo
667 885 748 911 modo
764 884 828 911 facti
846 884 964 917 fuerint,
981 884 1038 911 fra-

247 934 303 957 tres
323 929 391 956 mihi
414 937 476 957 esse
499 929 635 957 videntur.
662 928 813 964 Respondit
834 928 952 957 Petrus:
976 928 1037 956 Non

247 975 331 1010 geniti
347 974 459 1002 fuerunt
473 975 557 1002 simili
574 975 672 1008 modo,
688 975 711 1003 si
728 983 771 1003 me
785 975 820 1003 ab
836 975 916 1002 initio
933 975 1037 1002 dixisse

247 1020 402 1048 recordaris
412 1040 420 1053 ,
437 1020 501 1047 mali
517 1020 725 1055 quadruplicem
741 1021 922 1048 substantiam
937 1027 1037 1055 corpo-

247 1066 286 1094 ris
306 1066 457 1094 secundum
478 1074 578 1101 genera
598 1066 714 1093 divisam
734 1074 750 1093 a
768 1065 824 1093 Deo
843 1069 1014 1100 procreatam
1027 1084 1035 1095 .

247 1111 295 1138 sed
314 1117 392 1139 extra
411 1120 471 1139 eam
490 1111 642 1139 secundum
661 1112 795 1139 creatoris
813 1111 984 1139 voluntatem
1003 1111 1037 1138 ad

247 1158 405 1185 mistionem
426 1157 574 1185 consilium
592 1156 673 1184 malis
688 1156 812 1192 gaudens
825 1164 887 1185 esse
903 1161 1038 1191 tempera-

247 1210 316 1233 tum.
328 1206 368 1233 Ac
383 1205 420 1232 ita
435 1205 611 1232 statuendum
627 1203 811 1232 substantiam
828 1204 1037 1238 quadruplicem

247 1260 281 1280 ex
298 1251 354 1279 Deo
369 1252 504 1287 prolatam
524 1251 585 1286 ejus
603 1251 715 1286 quidem
735 1259 797 1279 esse
815 1255 973 1279 creaturam
984 1271 992 1284 ,
1012 1256 1039 1279 et

248 1299 336 1333 ipsam
352 1298 559 1332 sempiternam.
572 1297 629 1324 Cur
643 1302 735 1324 autem
748 1302 826 1324 extra
838 1297 987 1325 essentiam
1003 1298 1039 1325 ab

248 1351 282 1372 co
297 1348 476 1379 temperatam
492 1342 673 1378 congrediens
689 1343 861 1377 propositum
878 1343 958 1371 malis
973 1351 1039 1378 gau-

249 1389 318 1417 dens
341 1393 436 1424 postea
460 1388 647 1424 gignebatur?
672 1388 705 1416 Et
732 1389 785 1417 hac
802 1389 912 1424 quidem
933 1390 1040 1417 ratione

250 1442 340 1470 neque
354 1443 369 1462 a
385 1434 441 1462 Deo
453 1456 460 1468 ,
478 1442 568 1469 neque
582 1434 617 1462 ab
631 1434 685 1462 alio
698 1435 816 1469 quodam
832 1440 954 1463 creatum
967 1456 974 1466 .
992 1435 1040 1464 sed

251 1490 286 1508 ne
300 1490 334 1509 ex
347 1489 382 1509 eo
395 1481 505 1516 quidem
522 1482 658 1515 prolatum
669 1503 676 1514 ,
693 1489 782 1517 neque
797 1488 895 1516 sponte
910 1490 1040 1518 progres—

1086 236 1147 262 σει,
1162 227 1259 264 Θνητός
1275 229 1349 256 ἐστιν
1362 237 1369 244 '
1385 228 1534 264 δυνάμενος
1557 228 1586 255 δέ
1601 237 1643 260 τις
1662 227 1794 262 γενέσθαι
1807 249 1816 261 ,
1841 229 1885 254 ὖτε

1085 274 1156 302 θέλει
1168 295 1176 307 ,
1192 275 1206 302 ὃ
1220 275 1310 308 ϐέλει,
1325 275 1364 307 ὡς
1378 275 1464 311 αὐτῆς
1485 275 1536 311 τῆς
1549 274 1664 310 λφύσεως
1684 274 1866 301 δεσπατεύων
1876 296 1884 308 ,

1084 322 1125 353 είς
1138 321 1168 348 τὸ
1191 321 1297 353 νεάζειν
1320 322 1510 357 ὑποστρέφων,
1535 321 1668 353 ἀθάνατός
1690 322 1775 348 ἐστιν.
1802 321 1885 348 Ὅθεν

1085 366 1153 393 πολὺ
1169 366 1295 403 μᾶλλονή
1308 367 1355 394 τοῦ
1367 367 1436 394 Θεοῦ
1449 367 1578 403 δύναμις,
1592 368 1636 394 ὅτε
1653 367 1725 394 θέλει
1737 366 1825 402 ‘03
1838 367 1884 393 τοῦ

1086 412 1212 447 σώματος
1225 412 1274 448 τὴν
1288 413 1382 439 οὐσίαν
1398 413 1437 444 είς
1451 412 1465 439 ὃ
1479 412 1550 440 θέλει
1567 412 1734 449 μετατρέπει
1750 413 1801 439 καὶ
1818 413 1885 447 ὁμο-

1086 458 1177 484 ούσιον
1194 458 1232 493 μὴ
1247 459 1373 494 παρούσῃ
1386 459 1474 494 τροπῇ
1491 458 1656 494 προϐάλλει,
1674 457 1844 493 ίσοδύναμον
1858 458 1885 484 ἃ

1086 503 1126 529 οὗ.
1142 504 1202 530 Ὀτι
1215 505 1229 530 ὁ
1244 504 1294 539 μὲν
1307 504 1467 541 προϐάλλων
1479 505 1527 532 καὶ
1542 505 1583 536 είς
1598 504 1694 540 ἑτέραν
1707 504 1806 531 οὐσίαν
1820 512 1885 540 τρα-

1086 549 1171 575 πέντα
1185 549 1267 576 πάλιν
1280 551 1323 585 ἐφ’
1338 549 1434 577 ἑαυτὸν
1454 550 1565 586 τρέπειν
1579 550 1690 578 δύναται
1704 551 1724 583 ¹,
1740 551 1755 576 ὁ
1769 551 1799 577 δὲ
1817 559 1885 586 προ-

1087 594 1195 630 ϐληθεὶς
1204 595 1254 630 τῆς
1266 595 1295 629 ἐξ
1307 596 1411 622 ἐκείνου
1426 597 1529 632 τροπῆς
1540 605 1570 623 τε
1580 597 1627 623 καὶ
1640 597 1735 624 τέκνον
1748 596 1884 632 ὑπάρχων

1086 642 1150 669 ἄνευ
1171 641 1219 668 τοῦ
1242 642 1438 677 προϐάλλοντος
1462 642 1560 678 βουλῆς
1578 643 1642 670 ἄλλο
1664 651 1691 669 τι
1706 642 1840 678 γενέσθαι
1854 643 1884 670 οὐ

1086 687 1216 721 δύναται,
1233 689 1256 714 εί
1273 688 1310 724 μὴ
1322 689 1427 720 ἐκεῖνος
1441 687 1522 714 ϐέλει.

1122 743 1190 772 Vill.
1211 744 1303 772 Ταῦτα
1317 744 1363 771 τοῦ
1379 745 1483 781 Πέτρου
1498 745 1632 777 είπόντος,
1653 744 1777 780 Μιχαίας
1791 745 1816 778 ³,
1839 744 1883 772 καὶ

1089 788 1170 821 αὐτὸς
1185 786 1225 821 εἷς
1236 789 1290 816 τῶν
1311 788 1452 825 ἑπομένων
1471 787 1598 824 ἑταίρων,
1622 787 1805 822 Ἐϐουλόμην,
1823 787 1885 823 ἔφη,

1090 836 1137 863 καὶ
1150 835 1230 868 αὐτὸς
1244 835 1338 871 μαθεῖν
1352 837 1428 872 παρὰ
1443 834 1501 868 cui},
1515 835 1540 861 εἰ
1560 834 1655 870 ὥσπερ
1671 835 1686 860 6
1702 833 1828 869 πονηρὸς
1843 834 1887 868 γέ-

1090 891 1178 918 γονεν,
1202 882 1273 909 οὕτω
1288 881 1434 918 γεγένηται
1457 881 1503 908 καὶ
1523 881 1537 908 ὁ
1558 880 1670 915 ἁγαθός.
1687 881 1719 907 EE
1739 879 1769 907 δὲ
1783 880 1887 915 ὁμοίως

1089 930 1249 965 γεγόνασιν,
1264 929 1374 964 ἀδελφοὶ
1390 927 1460 956 εἷναί
1484 937 1528 964 μοι
1551 928 1634 956 δοκεῖ.
1657 928 1713 955 Καὶ
1728 928 1744 954 6
1769 928 1884 964 Πέτρος·

1090 971 1147 1012 Οὐχ
1167 975 1270 1012 ὁμοίως
1287 975 1447 1010 γεγόνασιν.
1471 975 1551 1010 εἴπερ
1566 975 1703 1010 μέμνησαι
1717 970 1757 1001 ὧν
1770 975 1802 1002 ὲν
1817 975 1885 1010 ἀρχῇ

1090 1020 1181 1055 εἷπον,
1201 1023 1241 1050 ὅτι
1260 1021 1307 1049 τοῦ
1327 1022 1446 1058 πονηροῦ
1467 1023 1483 1058 ἡ
1503 1021 1668 1058 τετραγενὴς
1687 1020 1736 1048 τοῦ
1759 1020 1887 1056 σώματος

1090 1068 1169 1095 οὐσία
1195 1067 1448 1104 πεφυλοκρινημένη
1475 1067 1528 1094 ὑπὸ
1551 1066 1599 1094 τοῦ
1623 1067 1692 1095 Θεοῦ
1712 1067 1885 1104 προεϐλήθη,

1088 1112 1141 1145 ἔξω
1153 1113 1182 1139 δὲ
1194 1113 1275 1149 αὐτῆς
1293 1113 1363 1140 κατὰ
1373 1113 1421 1149 τὴν
1433 1112 1480 1139 τοῦ
1492 1112 1672 1149 προϐαλόντος
1684 1111 1785 1147 βουλὴν
1801 1112 1883 1146 ἐκρα-

1089 1159 1122 1196 θη
1140 1160 1150 1176 ³
1175 1159 1244 1195 πρὸς
1266 1159 1317 1195 τὴν
1338 1161 1436 1195 κρᾶσιν
1451 1159 1468 1194 ἡ
1491 1160 1586 1190 κακοῖς
1602 1159 1736 1195 χαίρουσα
1751 1158 1883 1194 προαίρε-

1090 1216 1142 1239 σις.
1168 1207 1212 1238 Ὠς
1229 1208 1312 1240 νοεῖν,
1328 1207 1368 1233 ὅτι
1383 1201 1451 1232 Θέοῦ
1467 1206 1516 1242 μὲν
1529 1205 1624 1232 τέκνον
1638 1206 1656 1242 ἡ
1670 1205 1843 1241 τετραγενὴς
1856 1204 1883 1236 ἐξ

1089 1251 1171 1279 αὐτοῦ
1186 1251 1371 1288 προϐληθείσα
1383 1251 1464 1278 οὐσία
1475 1272 1483 1284 ,
1496 1251 1513 1286 ἢ
1529 1251 1576 1278 καὶ
1587 1251 1656 1287 αὑτὴ
1667 1250 1749 1278 οὐσία
1759 1251 1815 1277 ἀεί.
1837 1250 1882 1276 Διὰ

1089 1298 1115 1325 τί
1130 1298 1140 1314 ⁸
1154 1298 1182 1324 δὲ
1198 1297 1249 1330 ἔξω
1262 1298 1307 1324 ὑπ’
1321 1297 1403 1324 αὑτοῦ
1419 1297 1567 1333 κραθείσης
1579 1296 1673 1328 οὐσίας
1696 1298 1713 1332 ὴ
1741 1296 1881 1332 συμϐεϐη-

1090 1345 1154 1372 κυῖα
1170 1345 1264 1376 κακοῖς
1281 1343 1414 1379 χαίρουσα
1431 1343 1590 1379 προαίρεσις
1600 1342 1740 1378 ἐπεγίνετο
1754 1351 1762 1376 ;
1777 1343 1827 1370 καὶ
1838 1343 1882 1369 οῦ-

1089 1398 1144 1422 τως
1157 1389 1218 1417 οὔτε
1235 1390 1288 1416 ὑπὸ
1301 1390 1349 1416 τοῦ
1363 1389 1432 1416 Θεοῦ
1445 1389 1605 1424 γεγέννηται
1614 1409 1621 1421 ,
1645 1389 1707 1416 οὕτε
1722 1389 1769 1424 ὑφ’
1789 1389 1882 1425 ἑτέρου

1089 1435 1176 1468 τινος,
1191 1435 1248 1462 ἀλλ’
1263 1435 1327 1462 οὔτε
1343 1435 1354 1451 ⁸
1369 1435 1414 1462 ὑπ’
1434 1434 1516 1461 αὐτοῦ
1533 1435 1716 1470 προϐέϐληται
1726 1456 1734 1468 ,
1753 1435 1818 1462 οὒτε
1836 1436 1882 1462 αὖα

1090 1482 1217 1517 τομάτως
1239 1481 1436 1517 προελήλυθεν,
1451 1481 1513 1508 οὒτε
1526 1482 1570 1508 ἀεὶ
1592 1480 1641 1518 ἧν,
1663 1482 1702 1514 ὡς
1723 1483 1741 1518 ἡ
1764 1482 1822 1518 πρὸ
1834 1482 1883 1517 τῆς

250 1535 314 1556 sum
334 1532 392 1560 est,
417 1535 507 1562 neque
529 1535 637 1562 semper
658 1528 730 1560 fuit,
751 1533 780 1555 ut
799 1532 862 1556 ante
881 1529 1038 1556 mistionem

1093 1528 1269 1564 συγκράσεως
1282 1528 1371 1562 οὐσία,
1386 1528 1454 1555 ἀλλὰ
1468 1527 1539 1555 κατὰ
1548 1528 1597 1564 τὴν
1611 1528 1658 1555 τοῦ
1672 1527 1742 1555 Θεοῦ
1757 1528 1882 1564 βούλησιν

251 1573 391 1604 essentia.
415 1573 462 1600 sed
485 1573 600 1600 mistura
625 1574 776 1601 secundum
800 1574 847 1602 Dei
870 1574 1038 1602 voluntatem

250 1622 330 1646 extra
344 1618 459 1645 exstitit.
476 1617 543 1651 Qua:
557 1618 667 1653 quidem
687 1619 724 1646 ita
745 1627 806 1647 sese
825 1620 944 1648 habeant
959 1627 1041 1655 opor-

251 1670 327 1698 tere,
343 1672 415 1700 saepe
430 1665 637 1692 allirmavimus.
655 1664 708 1693 Sed
723 1666 796 1694 bono
812 1674 845 1694 ex
860 1667 968 1702 optima
992 1667 1040 1694 Dei

251 1711 466 1738 commutatione
481 1715 560 1743 nato,
575 1718 626 1738 nec
639 1715 716 1739 extra
739 1712 884 1740 exsistenti
896 1713 1039 1745 mistione,

251 1756 339 1784 ﬁlium
355 1764 416 1784 esse
430 1757 565 1792 contingit
579 1757 620 1790 ei,
636 1758 684 1793 qui
707 1762 759 1785 est.
784 1757 884 1786 Verum
902 1758 960 1786 haec
977 1766 1039 1786 cum

251 1802 355 1837 scripta
379 1810 435 1830 non
456 1803 530 1836 sint,
551 1803 599 1831 sed
620 1804 728 1831 nonnisi
752 1804 918 1839 conjecturis
939 1805 1041 1832 conﬁr-

251 1854 339 1882 mata,
354 1850 427 1877 haud
441 1850 521 1885 plane
535 1858 568 1878 ea
583 1851 619 1878 ita
635 1858 666 1878 se
680 1851 781 1878 habere
793 1859 809 1878 a
824 1851 903 1879 nobis
915 1859 1042 1885 compro-

252 1897 342 1924 betur.
359 1895 427 1924 Nam
443 1897 511 1925 alias
525 1905 602 1925 mens
614 1905 727 1932 ea,qua:
739 1897 796 1932 jam
811 1898 924 1925 omnino
935 1905 1041 1932 praeoc-

251 1943 377 1978 cupavit,
394 1944 554 1978 perquirere
569 1949 702 1972 cessaret.
727 1947 816 1979 Atque
838 1949 968 1980 pneterea
982 1953 1042 1972 me-

252 1990 320 2017 mini
331 2010 338 2021 ,
356 1990 513 2025 huiusmodi
527 1999 572 2019 res
586 1999 642 2018 non
658 1992 803 2025 omnibus,
819 1993 867 2020 sed
881 1993 947 2021 solis
961 2001 1043 2028 expe-

253 2037 351 2063 rientia
367 2037 572 2071 probatissimis
588 2038 656 2065 mihi
671 2046 734 2067 esse
751 2040 921 2067 revelandas.
946 2039 1042 2075 Neque

255 2082 314 2108 sine
338 2082 496 2110 dillicnllate
522 2084 556 2111 de
581 2084 615 2112 iis
640 2090 736 2112 mutuo
758 2085 860 2120 aliquid
883 2085 1040 2119 allirmetis,

255 2135 344 2160 neque
357 2128 482 2155 audeatis
497 2130 677 2163 pronuntiare
691 2138 754 2157 cum
771 2131 933 2158 certitudine
947 2130 1042 2159 ineﬂ'a-

256 2171 352 2198 bilium
368 2173 550 2207 cognitionem
562 2194 570 2206 ,
587 2175 635 2201 scd
650 2174 677 2202 in
693 2175 802 2202 silentio
822 2179 928 2203 tantum
949 2184 1040 2204 rema-

255 2222 317 2244 nelc
341 2219 536 2254 cogitabundi;
560 2228 622 2246 nam
653 2220 724 2247 inter
759 2221 925 2256 loquendum
949 2221 1041 2249 forsan

256 2263 280 2290 is
291 2284 299 2295 ,
315 2263 361 2298 qui
378 2264 510 2299 loquitur,
526 2270 620 2299 peccat
635 2266 754 2297 inscitia.
770 2274 934 2302 pmnamque
949 2268 1042 2301 dabit,

255 2317 330 2341 cum,
345 2310 454 2337 etiamsi
472 2311 506 2338 ad
522 2311 712 2346 semetipsum,
728 2313 947 2347 pronuntiaverit
960 2313 1044 2341 silen-

256 2354 295 2382 tio
309 2355 473 2382 veneranda.

292 2411 337 2439 lX.
357 2412 423 2445 ρυω
438 2420 499 2439 cum
517 2411 614 2440 Petrus
635 2412 767 2446 dixisset,
783 2414 905 2442 Lalarus
917 2436 924 2449 ,
946 2415 995 2450 qui
1017 2420 1044 2442 et

256 2457 315 2493 ipse
328 2463 388 2486 erat
402 2466 475 2486 unus
490 2467 521 2486 ex
545 2459 716 2486 comitibus:
741 2459 790 2487 Dic
812 2461 909 2493 nobis,
934 2462 1043 2497 inquit,

256 2505 400 2539 quomodo
416 2505 474 2532 hzcc
498 2506 671 2534 consentiant
687 2517 693 2533 :
714 2507 763 2541 qui
785 2507 883 2534 rationi
898 2513 1045 2535 consenta-

258 2557 338 2577 neum
359 2558 421 2578 esse
444 2555 554 2584 potest,
578 2551 679 2578 malum
702 2551 792 2585 ipsum
813 2559 828 2577 a
850 2551 904 2578 Deo
917 2551 992 2586 justo
1009 2552 1042 2579 ad

258 2594 357 2630 impios
386 2596 565 2624 vindicandos
579 2597 759 2624 constitutum
784 2602 876 2632 postea
899 2597 969 2624 inter
991 2606 1041 2625 an-

1091 1573 1144 1606 ἑξω
1149 1575 1182 1610 τῇ
1194 1574 1291 1609 κράσει
1298 1573 1380 1610 ωε
1387 1574 1570 1610 συμϐέϐηκεν.
1578 1574 1634 1602 Καὶ
1644 1575 1686 1601 ὅτι
1697 1574 1808 1609 ἀνάγκη
1813 1574 1882 1600 τοῦθ’

1091 1620 1178 1652 οὕτως
1204 1619 1294 1655 ἔχειν,
1322 1620 1452 1651 πολλάκις
1483 1621 1644 1656 είρήκαμεν.
1680 1620 1710 1646 ’0
1728 1619 1759 1646 δὲ
1783 1619 1882 1654 ἀγαθὸς

1091 1666 1124 1694 ὲκ
1148 1667 1198 1702 τῆς
1218 1666 1266 1692 τοῦ
1290 1665 1358 1693 Θεοῦ
1384 1665 1530 1701 καλλίστης
1555 1666 1661 1701 τροπῆς
1675 1666 1819 1701 γεννηθεὶς
1837 1666 1883 1692 καὶ

1091 1713 1142 1740 οὐκ
1156 1712 1208 1745 ἔξω
1219 1711 1316 1748 κράσει
1330 1711 1512 1747 συμϐεϐηκὼς
1522 1710 1562 1746 τῷ
1574 1711 1630 1738 ὄντι
1645 1711 1703 1743 υίός
1714 1712 1800 1739 ἐστιν.
1811 1711 1883 1747 Πλὴν

1091 1758 1152 1785 ἐπεὶ
1172 1757 1260 1785 ταῦτα
1279 1758 1392 1792 ἄγραφα
1404 1757 1533 1792 τυγχάνει
1547 1757 1595 1784 καὶ
1610 1758 1777 1792 ποχασμοῖς
1805 1765 1883 1783 πεπι-

1093 1805 1218 1840 στωμὲνα
1227 1824 1235 1836 ,
1249 1804 1286 1841 μὴ
1301 1805 1409 1836 πάντως
1420 1803 1510 1840 ἠ[μῖν]
1523 1803 1609 1835 οὕτως
1621 1804 1693 1839 ἔχειν
1705 1803 1881 1839 βεϐαιούσθω.

1093 1851 1124 1877 Εἰ
1139 1851 1168 1878 δὲ
1185 1851 1220 1886 μή
1237 1859 1269 1885 γε
1279 1871 1286 1883 ,
1301 1851 1315 1878 ὁ
1327 1850 1389 1881 νοῦς
1403 1850 1441 1882 ὡς
1448 1850 1556 1881 πάντως
1569 1849 1744 1886 προειληφὼς
1759 1849 1809 1886 [τὸ
1821 1850 1881 1885 άλη-

1094 1897 1153 1932 ΘῙὲς
1176 1896 1224 1923 τοῦ
1251 1897 1343 1932 ζητεῖν
1364 1897 1493 1924 παύεται.
1517 1897 1639 1924 Κάκείνά
1663 1905 1707 1932 μοι
1731 1897 1880 1932 μνημονεύ-

1092 1951 1152 1969 εται
1165 1942 1186 1975 ⁸,
1201 1942 1243 1969 ὅτι
1260 1942 1295 1969 τὰ
1308 1942 1419 1969 τοιαῦτά
1432 1941 1479 1978 [με
1492 1941 1588 1977 ardetis:
1600 1941 1631 1968 οὐ
1643 1941 1684 1968 δεῖ
1697 1941 1803 1976 λέγειν,
1818 1941 1881 1969 ἀλλὰ

1092 1988 1149 2019 τοῖς
1164 1987 1234 2022 μετὰ
1248 1989 1344 2023 πεῖραν
1357 1988 1562 2023 δοκιμωτάτοις.
1576 1987 1614 2014 οὑ
1629 1987 1657 2013 δὲ
1672 1987 1741 2023 πρὸς
1755 1987 1881 2023 ἀλλήλους

1095 2033 1194 2070 ῥᾳδίως
1215 2033 1404 2069 ἰσχυρίζεσθαι
1428 2033 1470 2059 δεῖ
1489 2032 1525 2060 τὰ
1544 2032 1676 2066 τοιαῦτα,
1700 2032 1762 2059 οὐδὲ
1781 2033 1881 2068 τολμᾷν

1093 2079 1215 2113 ὀφείλετε
1230 2079 1319 2113 λέγειν
1339 2079 1378 2110 ὡς
1393 2078 1570 2115 ἀκριϐοῦντες
1582 2079 1632 2114 τὴν
1645 2077 1699 2105 τῶν
1720 2079 1882 2114 ἀπορρήτων

1093 2124 1219 2161 εὕρεσιν,
1240 2124 1308 2152 ἀλλὰ
1329 2125 1489 2157 σιωπῶντας
1509 2125 1562 2161 χρὴ
1586 2124 1763 2160 ἐνθυμεῖσθαι
1788 2124 1881 2159 μόνον·

1094 2172 1123 2198 ὲν
1138 2171 1193 2207 γὰρ
1207 2171 1246 2206 τῷ
1255 2171 1346 2205 λέγειν
1360 2171 1425 2202 ἴσως
1444 2171 1494 2206 οὐχ
1509 2171 1548 2202 ὡς
1557 2170 1627 2206 ἔχων
1640 2170 1651 2186 '
1667 2171 1681 2197 6
1699 2169 1882 2206 φθεγξάμενος

1095 2218 1304 2253 ἁμαρτήσεται,
1321 2217 1368 2243 καὶ
1382 2216 1460 2252 δίκην
1482 2216 1576 2251 ὑφέξει
1597 2216 1636 2244 ὡς
1657 2216 1795 2248 τολμήσας
1806 2236 1814 2249 ,
1832 2216 1882 2243 κᾶν

1095 2263 1164 2298 πρὸς
1179 2261 1274 2289 ἑαυτὸν
1286 2283 1294 2296 ,
1306 2261 1473 2297 φθέγξασθαι
1484 2261 1518 2288 τὰ
1532 2262 1595 2297 σιγῇ
1607 2268 1788 2297 τετιμημενα.

1131 2415 1164 2442 IX
1170 2414 1274 2443 ,Ταῦτα
1280 2414 1326 2441 τοῦ
1333 2414 1437 2451 Πέτρου
1444 2414 1576 2447 εἰπόντος,
1585 2414 1710 2450 Λαζαρός
1715 2423 1730 2442 τ
1735 2423 1759 2447 ις
1766 2415 1818 2442 τῶν
1824 2416 1881 2442 ἀκο-

1093 2460 1197 2487 λούθων
1208 2459 1256 2487 καὶ
1266 2459 1348 2490 αὐτὸς
1354 2459 1405 2495 ἔφη
1417 2468 1423 2474 ·
1432 2459 1487 2495 Τὴν
1496 2459 1654 2494 συμφωνίαν
1665 2459 1732 2494 ἡμῖν
1743 2459 1812 2485 είπέ·
1825 2459 1880 2490 πῶς

1075 2526 1077 2528 -
1094 2505 1327 2539 δυνατὸν,εὗλογον
1335 2502 1461 2537 εἴναι,τὸν
1467 2504 1519 2531 ὑπὸ
1525 2504 1591 2531 Θεοῦ
1599 2504 1706 2531 δικαίου
1715 2504 1879 2531 καταστάντα

1096 2551 1216 2588 πονηρὸν
1223 2551 1293 2577 ὣστε
1303 2550 1358 2577 τῶν
1369 2550 1561 2586 ἀσεϐησάντων
1572 2548 1641 2576 εἶναι
1651 2551 1783 2586 τιμωρὸν,
1790 2550 1878 2578 τοῦτον

1097 2597 1176 2624 αὺτδν
1201 2596 1315 2632 ὓστερον
1341 2595 1412 2631 μετὰ
1437 2595 1492 2622 τῶν
1513 2595 1595 2623 αὐτοῦ
1612 2596 1739 2630 ἀγγέλων
1756 2597 1804 2624 σὺν
1828 2599 1878 2628 τοῖς

894 2716 1010 2745 νΑῐιω
1029 2714 1221 2744 LECTIONES

296 2783 305 2799 ¹
322 2783 367 2824 οτι.
378 2784 396 2824 ὸ.
409 2783 460 2824 μὲν
475 2785 634 2824 προϐάλλων
650 2785 698 2812 καὶ
723 2786 763 2818 εἰς
779 2785 874 2824 ἑτέραν
889 2785 1077 2824 πάλιν-οῷσίαν
1094 2785 1136 2824 ἐφ’
1153 2783 1248 2824 eam”
1265 2783 1403 2819 τραπέντα
1412 2783 1530 2824 ,δύναται
1616 2783 1626 2798 ¹
1643 2783 1702 2824 ριν.
1718 2792 1801 2824 supra
1814 2785 1871 2824 c._l_.

258 2813 335 2858 ".an
352 2813 439 2858 dubie
451 2813 661 2858 IaliudJmmenA
676 2813 862 2858 reponendum
876 2825 918 2849 est
928 2821 1027 2858 exnillis
1049 2813 1205 2853 quze'habes
1225 2813 1298 2847 Itoni.
1317 2827 1348 2851 ιι,
1366 2827 1390 2847 e.
1412 2819 1432 2846 l.
1457 2818 1484 2858 _’
1497 2817 1630 2857 κραθείσῃ
1644 2819 1676 2846 0.
1706 2819 1729 2836 ’⁸
1742 2813 1784 2853 si;
1800 2829 1823 2857 p.
1835 2821 1873 2848 διὰ

259 2851 285 2877 τί
299 2853 329 2878 0.
367 2852 378 2869 ⁸
394 2851 502 2890 οὐδέιιιο.
520 2854 582 2882 οὔτε
593 2857 623 2882 0.
652 2851 853 2892 ⁶μνῖημονεύετε
866 2858 896 2883 0.
934 2859 945 2877 ⁷
961 2855 1022 2891 ἔχον
1039 2851 1071 2882 νζ
