1917 3100
63 106 102 133 457

63 160 205 198 ἁμαρτωλοῖς
214 161 254 193 εἰς
267 160 298 187 τὸ
314 161 410 193 σκότος
422 160 454 186 τὸ
467 158 620 196 κατώτερον
634 158 791 195 πέμπεσθαι
804 166 811 190 ;
826 159 850 187 Α

63 208 97 235 καὶ
113 207 157 243 γὰρ
177 206 220 234 καὶ
240 206 317 233 τοῦτο
341 206 483 241 μέμνημαι
505 204 646 240 εἰρηκότος
668 202 750 231 αὑτοῦ
766 201 814 229 τοῦ

59 252 200 280 Διδασχάλου.
211 252 264 280 Καὶ
275 252 289 278 ὁ
301 251 404 287 Πέτρος
413 260 419 266 ·
439 250 517 286 κάγὼ
526 270 533 283 ,
543 250 594 286 ἔφη
605 271 612 284 ,
623 249 746 286 ὁμολογῶ
756 268 763 281 ,
774 249 815 276 ὅτι

62 299 177 335 ὀπονηρδς
191 298 305 334 πονηρὸν
319 298 395 325 οὐδὲν
410 299 481 324 ποιεί
495 297 565 324 κατὰ
579 296 672 330 τοῦτο,
688 297 756 324 καθὸ
769 297 815 324 τὸν

61 345 146 381 δοθέντα
157 344 225 381 αὐτῷ
238 344 318 381 νόμον
330 343 442 371 ὲκτελεῖ,
455 343 509 371 Καί
521 352 562 370 τοι
577 343 734 379 προαίρεσιν
746 342 815 377 ἔχων

61 391 144 426 κακὴν,
155 391 223 426 ὅμως
238 389 311 425 φόϐῳ
324 389 363 425 τῷ
382 389 451 425 πρὸς
468 389 514 415 τὸν
533 388 600 415 Θεὸν
619 388 696 415 οὐδὲν
715 388 816 420 ἀδίκως

62 437 167 472 πράσσει·
182 435 327 463 διαϐάλλων
339 435 367 462 δὲ
379 435 555 467 διδασκάλους
567 434 697 471 ἀληθείας
718 435 758 466 είς
773 434 815 460 ὲν-

61 483 124 517 ίδραν
135 482 181 508 τῶν
193 481 310 517 ἀκρίτων
324 481 369 508 καὶ
386 481 507 513 διάϐολος
521 480 535 507 ὁ
548 481 629 513 αὐτὸς
642 479 812 516 ὀνομάζεται.

62 528 88 554 Τὸ
102 528 125 554 δὲ
142 528 183 554 τὸν
201 527 300 564 ἀψευδῆ
323 527 481 555 διδάσκαλον
501 527 582 564 ωε
603 528 619 562 ὴ
625 526 682 564 μῶν
707 527 794 553 εἰπεῖν
806 547 814 560 ,

62 573 122 600 αὐτόν
138 582 165 600 τε
181 573 224 600 καὶ
242 574 304 605 τοὺς
323 573 456 608 ἀγγέλους
473 572 554 600 αὑτοῦ
571 574 619 601 σὺν
636 573 692 605 τοῖς
711 573 816 608 ἀπατη-

61 619 125 645 etim
138 619 302 655 ἁμαρτωλοῖς
315 619 356 650 εἰς
373 619 403 645 τὸ
418 618 512 650 σκότος
522 617 551 645 τδ
563 618 717 654 κατώτερον
732 618 814 645 ἀπελ-

60 664 100 690 θεῖν
108 685 115 697 ,
123 665 229 691 τοιοῦτόν
239 674 300 692 τινα
314 665 370 700 ἔχει
382 665 471 700 λόγον.
487 663 517 691 ’0
529 665 647 700 πονηρὸς
658 665 746 700 σκότῳ
756 665 816 700 χαί-

61 717 102 744 ρειν
115 709 174 736 κατὰ
192 710 238 745 τὴν
254 711 353 746 κρᾶσιν
366 709 376 725 ⁸
389 712 508 744 γεγονώς
520 729 527 742 ,
546 708 614 745 μετὰ
632 708 685 736 τῶν
703 707 816 745 ὁμοδού-

59 753 97 779 λων
108 754 214 788 ἀγγέλων
232 755 272 786 είς
291 754 322 781 τὸ
341 753 388 780 τοῦ
403 753 545 790 Ταρτάρου
565 753 660 786 σκότος
678 751 815 780 κατελθὼν

60 799 148 833 ἣδεται·
163 800 234 834 φίλον
250 800 305 836 γὰρ
327 799 395 836 πυρὶ
412 799 443 826 τὸ
464 799 568 831 σκότος.
587 799 622 825 Αἱ
644 799 672 825 δὲ
693 798 747 826 τῶν
768 799 802 826 ἀν

60 844 153 881 Ορώπων
166 832 350 881 ᾦυχαὶ-φωτδς
366 832 486 881 καθαροῦ
504 845 632 879 σταγόνες
651 842 746 877 οὖσαι,
763 845 816 872 ὑπὸ
831 832 852 860 Β

59 892 178 927 ἀλλοφύλου
288 892 383 924 οὐσίας
399 885 598 927 συμπινόμεναι
613 892 660 921 καὶ
674 891 755 927 φύσιν
768 891 815 919 τοῦ

58 938 172 965 ἀποθανεῖν
182 939 228 966 οὐκ
242 939 351 975 ἔχουσαι
360 960 367 973 ,
379 939 439 966 κατ’
450 938 528 972 ἀξίαν
538 937 704 971 κολάζονται.
717 939 749 966 El
763 937 792 966 δὲ
801 940 816 966 ὁ

58 983 92 1017 τῆς
101 983 185 1016 κακίας
194 983 317 1020 ἡγεμὼν,
328 983 469 1020 ἄνθρωπος
483 984 566 1017 ὣν,οὺ
581 984 719 1019 πέμπεται
734 985 774 1017 είς
786 984 817 1011 τὸ

58 1028 130 1061 σκότος
143 1029 177 1061 ὡς
190 1029 225 1065 μὴ
235 1030 325 1065 τούτῳ
336 1029 438 1066 χαίρων
450 1050 458 1062 ,
472 1030 533 1057 τότε
547 1029 577 1057 οὐ
591 1028 700 1057 δύναται
713 1031 723 1051 ³
735 1031 752 1066 ἡ
765 1039 815 1059 κα-

58 1076 100 1106 κοῖς
117 1076 190 1103 αὑτοῦ
213 1077 346 1113 χαίρουσα
369 1078 468 1113 κρᾶσις
497 1076 750 1114 μετασυγκριθῆναι
776 1078 817 1110 εἰς

57 1121 135 1155 ἀγαθοῦ
149 1123 319 1160 προαίρεσιν.
334 1124 389 1151 Καὶ
404 1123 490 1151 οὕτως
507 1124 608 1161 ἀγαθὸς
625 1124 745 1152 συνεῖναι
760 1133 818 1161 κρι-

57 1166 142 1201 θήσεται
153 1169 233 1208 ταύτῃ
248 1172 360 1207 μᾶλλον,
377 1173 428 1205 ὅτι,
443 1175 538 1206 κακοῖς
558 1173 705 1210 χαίρουσαν
720 1173 816 1209 λελογ-

56 1213 96 1247 χὼς
112 1217 215 1251 κρᾶσιν,
239 1218 318 1254 αίτίᾳ
338 1218 384 1245 τοῦ
403 1219 471 1255 πρὸς
485 1220 530 1246 τὸν
545 1219 612 1246 Θεὸν
634 1219 717 1254 φόϐου
738 1220 816 1247 οὐδὲν

56 1260 112 1295 παρὰ
124 1262 150 1288 τὸ
163 1262 253 1291 δοκοῦν
267 1260 308 1300 τῷ
322 1264 369 1291 τοῦ
383 1265 450 1292 Θεοῦ
465 1266 540 1301 νόμῳ
562 1265 736 1302 διεπράξατο.
759 1266 816 1293 Καὶ

56 1306 105 1341 μήτι
118 1317 145 1342 γε
162 1310 190 1336 τὸ
207 1311 255 1347 τὴν
270 1311 318 1338 τοῦ
333 1312 483 1348 ἀρχιερέως
504 1311 609 1348 Ἀαρὼν
626 1312 723 1348 ῥάϐδον
738 1312 815 1347 γενέ-

55 1355 100 1382 σοαι
111 1355 164 1389 ὄφιν
179 1357 224 1384 καὶ
240 1358 322 1385 πάλιν
336 1357 536 1394 ἁντιτραπῆνοιι
551 1358 592 1390 είς
603 1358 700 1394 ῥάϐδον
712 1378 719 1391 ,
736 1358 815 1386 τοῦτο

575 99 804 129 CLEMENTINA.
824 115 859 120 —
876 96 1015 126 HOMILIA
1034 98 1090 126 XX.

1599 98 1650 126 458

864 157 939 192 gelos
954 163 1020 184 suos
1041 164 1104 184 cum
1125 157 1319 191 peccatoribus
1344 157 1372 185 in
1394 156 1502 185 intimas
1524 158 1652 187 tenebras

871 201 994 234 mitti}?
1020 200 1144 237 Namque
1159 206 1186 229 et
1201 201 1252 229 hoc
1279 202 1368 237 ipsum
1395 201 1554 238 Magistrum
1576 210 1654 231 asse-

871 248 960 275 ruisse
974 247 1096 275 memini.
1113 246 1183 275 Tum
1195 246 1294 275 Petrus
1310 257 1316 274 :
1335 248 1367 275 l-Lt
1382 254 1447 282 ego,
1463 247 1566 282 inquit,
1581 248 1654 275 θωτ-

871 301 916 321 mo
931 293 1033 321 malum
1056 293 1126 321 nihil
1161 293 1226 321 mali
1250 293 1340 322 facere
1359 313 1366 326 ,
1389 298 1526 329 quatenus
1547 294 1654 328 perﬁcit

866 347 929 376 quat
943 340 967 367 ei
979 339 1058 375 jussa
1075 344 1148 367 sunt.
1170 339 1301 373 Quamvis
1316 340 1350 367 ad
1368 340 1439 367 mala
1462 339 1591 374 inclinet,
1611 339 1654 367 ni-

869 386 1021 414 hilominus
1043 386 1143 414 timore
1168 386 1216 414 Dei
1238 385 1306 413 nihil
1330 385 1394 413 mali
1416 385 1502 418 facit;
1522 385 1569 413 sed
1589 385 1655 420 quia

866 433 1014 469 magistros
1027 432 1152 460 veritatis
1168 433 1200 460 ad
1216 432 1343 460 incautos
1356 432 1534 467 decipiendos
1551 432 1655 460 calum-

866 481 970 514 niatur,
995 485 1022 509 et
1044 480 1102 515 ipse
1128 479 1279 515 appellatur
1301 479 1437 507 diabolus.
1463 479 1540 514 Quod
1563 484 1654 508 autem

865 534 949 555 verax
969 531 1063 554 noster
1084 525 1213 561 Magister
1234 526 1321 558 dixit,
1344 526 1420 554 illum
1441 531 1522 562 atque
1543 527 1655 562 angelos

866 580 932 601 suos
947 580 1010 601 cum
1024 572 1143 600 seductis
1158 573 1348 608 peccatoribus
1362 572 1390 600 in
1406 572 1514 600 inﬁmas
1529 573 1655 601 tenebras

867 619 943 647 abire
954 639 962 652 ,
978 619 1015 647 ita
1032 618 1240 654 intelligendum
1256 623 1309 647 est.
1325 617 1414 648 Malus
1428 619 1578 647 secundum
1600 620 1655 647 mi-

866 664 984 692 stionem
1011 664 1049 692 ita
1076 665 1203 698 créatus,
1230 669 1260 692 ut
1285 664 1405 693 tenebris
1430 665 1563 700 gaudeat.
1590 671 1653 693 cum

866 710 969 746 angelis
983 710 1122 739 conservis
1137 710 1164 738 in
1179 709 1324 739 Tartarum
1339 711 1511 740 descendens
1524 711 1653 746 laetatur;

867 764 929 785 nam
946 757 1001 792 igni
1017 761 1100 793 gratae
1113 761 1179 784 sunt
1189 757 1317 785 tenebrae.
1327 756 1380 785 Sed
1393 758 1533 786 hominum
1544 759 1654 792 animae,
1702 769 1706 774 ι

867 810 928 837 quae
940 802 1002 837 puri
1016 801 1128 830 luminis
1142 801 1221 830 stillae
1233 805 1314 836 sunt,
1327 801 1398 837 ignis
1411 801 1522 837 quidem
1536 802 1656 830 essentia

869 848 943 876 alius
965 848 1074 884 generis
1097 848 1254 884 absorpta,
1278 848 1416 876 immunes
1436 853 1529 876 tamen
1550 853 1656 877 natura:

868 895 1024 928 moriundi,
1046 895 1197 923 secundum
1218 895 1292 931 quod
1311 899 1472 923 meruerunt
1491 896 1654 930 puniuntur.

869 940 898 970 Si
915 945 1006 969 autem
1022 939 1132 968 malitiae
1146 939 1248 974 dux,ut
1264 939 1423 973 homo,non
1448 939 1603 967 mitteretur
1625 939 1654 966 in

868 987 995 1016 tenebras
1005 1007 1013 1020 ,
1027 994 1060 1014 ac
1073 986 1097 1015 si
1111 986 1152 1014 eis
1165 993 1219 1013 non
1233 985 1374 1022 gauderet.
1390 985 1483 1014 mistio
1497 986 1558 1021 ejus
1573 986 1655 1015 malis

869 1033 991 1070 gaudens
1003 1033 1031 1060 in
1044 1032 1110 1062 boni
1125 1032 1271 1061 consilium
1287 1032 1409 1060 converti
1426 1040 1481 1060 non
1497 1038 1602 1068 posset.
1620 1033 1654 1060 Et

865 1080 902 1108 ita
917 1080 1007 1108 bonus
1023 1079 1060 1108 ibi
1078 1080 1214 1107 interesse
1227 1085 1260 1118 eo
1275 1078 1366 1114 magis
1385 1078 1567 1114 judicabitur,
1591 1087 1655 1107 cum

864 1125 1022 1154 mistionem
1042 1125 1124 1153 malis
1139 1125 1303 1162 gaudentem
1325 1128 1423 1153 nactus
1445 1130 1555 1161 propter
1572 1126 1655 1153 timo-

865 1180 922 1201 rem
951 1172 998 1200 Dei
1027 1171 1096 1199 nihil
1120 1175 1217 1200 contra
1240 1171 1300 1206 ejus
1327 1171 1413 1206 legem
1435 1171 1588 1206 perfecerit.
1614 1171 1656 1199 Ac

864 1227 956 1248 nonne
967 1218 1184 1247 commutatione
1195 1218 1279 1256 virga
1292 1218 1394 1245 summi
1409 1218 1558 1246 sacerdotis
1568 1218 1656 1246 Aaro-

865 1266 908 1294 nis
924 1265 953 1293 in
967 1268 1122 1301 serpentem
1137 1268 1165 1291 et
1178 1264 1335 1292 reversione
1347 1263 1407 1300 ejus
1421 1264 1448 1292 in
1462 1265 1566 1301 virgam
1582 1263 1656 1293 Scri-

869 1317 950 1348 ptura
964 1310 1081 1347 mystice
1094 1309 1316 1346 praesigniﬁcavit
1331 1315 1456 1344 spectare
1471 1318 1532 1340 eam
1552 1311 1588 1340 ad
1611 1311 1656 1340 fu-

866 1364 957 1387 turam
969 1357 1034 1385 mali
1047 1355 1234 1385 conversionis
1248 1357 1489 1386 commistionem?

54 1402 83 1433 είς
95 1403 136 1438 τὴν
163 1403 209 1430 τοῦ
235 1404 358 1440 πονηροῦ
375 1404 490 1441 ὕστερον
523 1404 710 1441 γενησομένην
729 1407 781 1443 τῆς
798 1406 904 1444 τροπῆς
928 1403 1148 1442 μετασύγκρασιν
1171 1403 1194 1419 ¹⁰
1216 1403 1412 1440 μυστηριωδῶς
1444 1404 1574 1442 ὴΓραφὴ
1592 1406 1655 1434 ἐσο-

54 1446 119 1483 μένην
133 1449 314 1486 προεδήλωσεν
329 1458 338 1484 ;

77 1503 104 1530 Χ.
119 1506 188 1533 Μετὰ
199 1507 227 1534 δὲ
242 1507 289 1534 τὴν
302 1507 427 1544 Λάζαρον
446 1508 544 1544 Ἰωσὴφ
556 1528 565 1540 ,
578 1508 608 1541 ὃς
620 1510 667 1537 καὶ
678 1510 760 1543 αὐτὸς
781 1511 822 1544 εἷς

52 1550 92 1576 ai»
105 1552 256 1587 ἀκολούθων,
282 1553 350 1589 ἔφη·
371 1554 474 1590 Ὀρθῶς
490 1555 580 1584 πάντα
593 1555 742 1593 είρ[ηκας].
761 1558 821 1588 Κά-

54 1596 88 1630 μοὶ
101 1597 170 1624 τοῦτο
181 1597 335 1634 βουλομένῳ
353 1599 449 1634 μαθεῖν
466 1599 608 1635 παράσχου
619 1609 626 1615 ·
643 1601 688 1628 διὰ
702 1602 729 1629 τί
752 1603 820 1633 πᾶσι

52 1641 94 1668 τῶν
109 1643 189 1671 αὐτῶν
202 1644 288 1678 λόγων
304 1644 476 1680 [μεταδίδως]
489 1653 496 1677 ;
510 1646 534 1672 οὶ
557 1646 607 1681 μὲν
624 1647 777 1682 πείθονται,
794 1649 820 1676 οι

52 1686 72 1712 δὲ
84 1688 233 1716 ἀπειθοῦσιν.
251 1689 310 1718 Καὶ
321 1691 336 1717 ο
351 1690 464 1726 Πέτρος,
489 1691 526 1718 οὐ
541 1692 595 1727 γάρ
609 1692 678 1719 εἰσιν
691 1713 699 1726 ν
716 1693 780 1730 ἔφην
793 1695 820 1722 οἱ

52 1731 108 1767 λόγοι
122 1735 231 1770 ἐπῳδαὶ,
245 1736 290 1763 ἵνα
309 1736 416 1768 πάντως
430 1736 512 1773 406
526 1737 646 1771 ἀκούσας
656 1747 698 1771 τις
709 1741 820 1768 πιστεύ-

53 1786 88 1814 σῃ.
103 1780 142 1816 Τῷ
161 1780 188 1807 δέ
202 1790 279 1814 τινας
297 1782 346 1817 μὲν
365 1782 523 1817 πείθεσθαι,
548 1783 624 1816 τινὰς
637 1785 666 1811 δὲ
679 1786 733 1821 μὴ,
757 1795 820 1814 συν-

52 1824 105 1856 ετῶς
129 1826 259 1856 δείκνυται
279 1828 312 1854 τὸ
337 1827 517 1861 αὐτεξούσιον.
547 1829 640 1857 Ταῦτα
664 1831 776 1863 είπόντα
792 1833 818 1859 οί

52 1870 130 1902 πάντες
141 1872 335 1909 εὐλογήσαμεν.

78 1915 113 1943 XI.
130 1918 181 1944 Kal
194 1919 226 1955 δὴ
245 1919 388 1954 μέλλουσιν
401 1921 466 1956 ἡμτν
479 1921 620 1951 ἑστιᾶσθαι
633 1922 818 1961 ὑπεισέδραμά

50 1969 82 1993 τις
93 1962 167 1998 λέγων
176 1973 182 1979 ·
206 1965 331 1992 ’Δππίων
344 1965 359 1991 ὁ
371 1965 561 2002 πλειστονίκης
576 1968 625 1995 σὺν
648 1969 817 1998 ’Δννουϐίωνι

51 2003 103 2042 ἧκεν
123 2010 217 2046 ἀρτίως
237 2011 293 2038 ἀπὸ
323 2012 496 2047 Ἀντιοχείας,
514 2014 561 2041 καὶ
586 2014 718 2047 ξενίζεται
741 2016 818 2052 παρὰ

51 2053 140 2088 Σίμωνι.
158 2057 184 2083 '0
195 2057 223 2084 δὲ
234 2058 328 2094 πατὴρ
342 2058 460 2090 ἀκούσας
473 2059 519 2086 καὶ
532 2060 627 2096 χαρεὶς
637 2059 688 2097 ἔφη
705 2062 814 2098 Πέτρῳ·

51 2098 124 2134 Elim:
142 2102 309 2138 ἐπιτρέπεις,
334 2103 484 2140 πορεύομαι
499 2105 728 2142 προσαγορεύσων
752 2106 816 2135 Ἁπ-

52 2145 122 2174 πίωνα
134 2149 177 2175 καὶ
202 2149 383 2177 Ἀννουϐίωνα
403 2152 436 2178 ὲκ
461 2151 573 2187 πρώτης
598 2151 707 2187 ἡλικίας
723 2153 816 2188 φίλους

52 2200 86 2224 1w.
98 2196 294 2231 γεγενημένους,
325 2196 410 2232 Τυχὺν
432 2197 488 2234 γὰρ
517 2197 697 2226 Ἀννουϐίωνα
718 2199 817 2233 πείσω,

51 2236 165 2273 Κλήμεντι
180 2241 352 2277 διαλεχθῆναι
368 2243 433 2278 περὶ
449 2243 591 2277 γενέσεως.
599 2244 656 2271 Καὶ
671 2245 685 2271 ό
698 2244 816 2280 Πέτρος,

55 2282 201 2321 Ἐπιτρέπω,
215 2288 266 2324 ἔφη
275 2309 282 2322 ,
297 2289 346 2315 καὶ
358 2289 460 2316 ἐπαινῶ
473 2289 508 2316 τὰ
525 2289 609 2324 φίλων
618 2299 649 2317 τε
662 2290 820 2326 πληροῦντα-

52 2328 116 2365 μέρη.
130 2331 198 2368 Πλὴν
213 2333 299 2360 ὲννόει
315 2342 370 2369 μοι,
383 2333 421 2365 ὡς
433 2333 504 2360 κατὰ
521 2334 649 2370 πρόνοιαν
663 2335 730 2361 Θεοῦ
748 2344 817 2362 παν-

50 2376 141 2410 ταχόθεν
156 2380 292 2415 συντρέχει
317 2379 353 2406 τὰ
372 2380 440 2416 πρὸς
450 2381 500 2416 τὴν
513 2381 562 2416 σὴν
580 2380 765 2417 πληροφορίαν
779 2382 820 2408 οἰ-

50 2420 110 2448 κείαν
120 2423 295 2452 ἀποτελοῦντα
308 2426 358 2461 τὴν
371 2426 513 2461 ἁρμονίαν.
529 2424 617 2453 Τοῦτο
633 2426 662 2453 δὲ
683 2425 760 2453 εἷπον
774 2427 819 2454 διὰ

50 2467 88 2501 τὴν
101 2469 278 2503 ’Λννουϐίωνος
290 2472 435 2507 χρησίμως
446 2480 488 2498 σοι
497 2470 646 2507 γενομένην
658 2472 806 2508 ἐπιδημίαν
814 2490 822 2498 .

52 2510 114 2539 Κιὶό
124 2516 221 2551 πατήρ·
241 2516 362 2552 ’Δληθῶς
378 2516 482 2552 συνορῶ
491 2515 570 2543 τοῦτο
585 2516 654 2551 έχον-
667 2516 722 2543 Kal
733 2517 819 2544 ταῦτα

52 2558 118 2585 εἰπὼν
137 2560 264 2598 ἐπορεύθη
287 2562 356 2598 πρὸς
369 2562 481 2598 Σίμωνα
494 2562 525 2589 ¹¹.

78 2603 124 2631 ΧΠ.
148 2606 236 2643 Ἡμεῖς
243 2609 271 2635 δὲ
278 2609 303 2635 οἱ
315 2607 439 2640 συνόντες
450 2607 489 2644 τῷ
501 2607 597 2643 Πέτρῳ
604 2607 637 2634 δι’
648 2607 710 2643 ὅλης
720 2607 815 2639 νυκτὸς

80 2667 90 2680 ι
103 2661 190 2692 Matth.
206 2674 268 2699 xxv,
280 2667 326 2693 41.

826 1460 850 1491 C

907 1502 941 1530 Χ.
961 1502 1028 1534 Post
1043 1502 1177 1531 Lazarum
1189 1502 1301 1541 Ioseph,
1314 1508 1342 1532 et
1353 1504 1412 1540 ipse
1426 1513 1498 1534 unus
1511 1507 1654 1542 comitum,

867 1549 940 1579 dixit
955 1558 962 1577 :
978 1548 1063 1577 Recte
1079 1549 1194 1578 omnino
1218 1549 1327 1578 locutus
1349 1558 1390 1578 es.
1408 1550 1443 1579 Et
1462 1552 1529 1579 mihi
1550 1553 1656 1582 discere

868 1594 991 1631 cupienti
1003 1595 1056 1623 hoc
1069 1594 1176 1630 explica
1189 1602 1197 1622 :
1211 1602 1259 1622 cur
1271 1595 1381 1623 eosdem
1401 1598 1530 1626 omnibus
1548 1606 1655 1629 sermo-

870 1647 921 1669 nes
934 1640 1098 1678 impertiris,
1114 1648 1176 1669 cum
1192 1641 1254 1669 aliis
1266 1641 1375 1676 quidem
1386 1644 1593 1680 persuadeatur,
1607 1647 1655 1675 alii

870 1688 961 1716 autem
974 1695 1030 1715 non
1043 1687 1172 1716 credant?
1184 1687 1218 1714 Et
1230 1687 1326 1716 Petrus
1339 1698 1345 1715 :
1362 1688 1509 1718 Sermones
1520 1711 1529 1725 ,
1547 1692 1654 1727 inquit,

871 1731 942 1761 haud
962 1741 1028 1761 sane
1049 1733 1253 1762 incantamenta
1276 1738 1355 1768 sunt,
1372 1735 1473 1770 quibus
1484 1757 1492 1770 ,
1507 1737 1555 1772 qui
1567 1739 1654 1773 audit,

869 1778 983 1806 omnino
994 1778 1089 1806 credat
1100 1786 1212 1807 necesse
1224 1783 1277 1807 est.
1293 1779 1371 1813 Quod
1385 1780 1447 1809 aliis
1462 1783 1655 1818 persuadetur,

869 1822 931 1852 aliis
946 1831 1019 1858 non,
1036 1824 1210 1853 manifestam
1233 1825 1330 1860 probat
1353 1827 1460 1855 arbitrii
1488 1828 1653 1859 libertatem.

868 1869 931 1903 Haec
945 1869 1054 1898 elocuto
1068 1878 1120 1898 nos
1133 1878 1230 1899 omnes
1244 1871 1442 1900 benediximus.

900 1914 948 1943 Xl.
963 1915 997 1943 Et
1009 1924 1073 1944 cum
1094 1924 1146 1945 nos
1158 1917 1192 1945 ad
1208 1917 1343 1946 edendum
1359 1926 1574 1954 praepararemus
1584 1941 1591 1954 ,
1609 1922 1654 1948 in-

867 1969 977 1997 gessus
987 1966 1029 1990 est
1035 1962 1146 1998 quidam
1158 1963 1303 1992 nuntians:
1313 1965 1418 1999 Appion
1426 1966 1583 2000 plistonices
1590 1975 1653 1995 cum

864 2008 1028 2036 Annubione
1042 2016 1128 2044 nuper
1149 2007 1294 2036 Antiochia
1308 2008 1392 2038 venit.
1412 2010 1566 2043 hospesque
1578 2014 1656 2035 rece-

864 2058 927 2090 ptus
940 2058 981 2082 est
992 2062 1007 2082 a
1022 2054 1142 2082 Simone.
1157 2053 1262 2087 Quibus
1282 2053 1382 2081 auditis
1398 2057 1475 2087 pater
1486 2053 1596 2088 gavisus
1608 2052 1657 2081 Pe-

865 2105 908 2128 tro
918 2099 1002 2128 dixit:
1016 2099 1044 2127 Si
1057 2100 1123 2127 mihi
1134 2100 1280 2135 permittis.
1291 2100 1336 2128 ibo
1346 2100 1492 2128 salutatum
1504 2099 1656 2135 Appionem

865 2146 1101 2179 etAnnubionem,
1108 2146 1209 2182 quippe
1215 2147 1286 2182 quia
1295 2146 1381 2181 prima
1388 2150 1468 2174 aetate
1477 2145 1579 2174 fuerint
1587 2145 1655 2174 mihi

867 2192 958 2230 amici.
971 2192 1101 2220 Fortasse
1117 2192 1199 2222 etiam
1219 2192 1377 2220 Annubioni
1389 2192 1568 2227 persuadebo.
1581 2197 1611 2220 ut
1621 2192 1657 2221 de

867 2238 960 2274 genesi
972 2246 1034 2267 cum
1046 2238 1184 2269 Clemente
1194 2239 1322 2274 disputet.
1339 2238 1372 2266 Et
1385 2238 1482 2266 Petrus
1494 2247 1500 2264 :
1512 2238 1655 2273 Permitto,

867 2285 971 2320 inquit,
992 2289 1021 2313 et
1039 2285 1130 2318 laudo,
1151 2285 1233 2314 amici
1254 2285 1342 2314 officio
1355 2289 1382 2313 te
1397 2285 1466 2314 velle
1486 2286 1654 2314 satisfacere.

868 2330 1062 2361 Verumtamen
1073 2337 1180 2368 reputa,
1191 2333 1330 2368 quomodo
1340 2340 1372 2360 ex
1382 2332 1429 2360 Dei
1441 2333 1611 2368 providentia
1622 2334 1657 2361 ad

870 2379 979 2415 plenam
995 2379 1200 2414 persuasionem
1212 2383 1285 2408 tuam
1295 2379 1452 2409 harmoniae
1462 2382 1654 2416 perﬁciendam

871 2426 963 2453 omnia
978 2425 1100 2460 undique
1116 2429 1292 2455 concurrant.
1310 2425 1367 2455 Hoc
1381 2431 1472 2454 autem
1492 2427 1571 2461 dico,
1588 2430 1654 2464 quia

873 2471 1048 2503 Annubionis
1064 2471 1196 2499 adventus
1212 2471 1259 2501 tibi
1273 2472 1392 2506 expedit.
1417 2472 1452 2500 Et
1472 2478 1548 2507 pater
1562 2484 1569 2502 :
1586 2474 1653 2503 Rem

870 2518 908 2545 ita
925 2526 986 2546 sese
996 2518 1097 2546 habere
1109 2522 1137 2546 et
1148 2525 1199 2553 ego
1214 2517 1335 2553 profecto
1342 2518 1430 2546 video.
1439 2518 1544 2552 Quibus
1560 2521 1653 2555 dictis,

871 2565 904 2592 ad
919 2564 1059 2592 Simonem
1072 2563 1211 2599 profectus
1223 2570 1274 2592 est.

906 2611 963 2638 Xll.
983 2610 1039 2639 Nos
1049 2617 1152 2644 autem,
1165 2611 1213 2646 qui
1228 2619 1291 2638 cum
1301 2610 1380 2639 Petro
1389 2618 1509 2644 eramus.
1523 2613 1654 2641 continuo

659 2723 777 2751 VARIIE
796 2721 997 2751 LECTlONES.

68 2765 87 2804 "
99 2767 233 2806 χαίρουσαν
248 2769 412 2806 τῂννκρᾶσιν
428 2778 459 2806 μη
473 2769 579 2806 χαίρειν
595 2770 666 2797 κατὰ
688 2771 738 2806 τὴν
764 2771 861 2806 κρᾶσιν
871 2770 902 2796 ’0.

51 2797 182 2830 amento.
215 2804 235 2819 ιο
249 2797 340 2832 Malim.
360 2797 580 2840 μετασύῇιρίσιν.
621 2806 642 2821 “
662 2805 702 2832 Ad
716 2797 891 2833 Ἁηιιίήοιιεηι.
905 2803 967 2833 Ruf.

171 2850 305 2882 Ρηιιοι.
332 2852 394 2882 Gn.
417 2852 455 2881 ll.

959 2770 969 2786 ⁹
985 2770 1096 2808 χαίρων.
1124 2770 1221 2808 Τδῠδὲ.
1251 2770 1360 2798 δύναται
1376 2778 1403 2807 p.
1421 2771 1533 2808 χαίρων,
1546 2773 1608 2800 τότε
1624 2772 1654 2800 οὐ

1007 2814 1097 2841 ecogn.
1111 2814 1139 2837 ι,
1158 2806 1202 2833 52.

1500 2853 1537 2884 15
