1917 3100
250 124 303 151 ι59
694 122 721 149 S.
742 121 936 150 CLEMENTlS
955 121 966 149 1
985 121 1068 149 ROM.

251 181 445 216 interrogando
459 181 494 208 ob
508 181 674 215 voluptatem
698 186 780 216 atque
805 181 966 208 suavitatem
988 180 1031 207 di-
1047 184 1070 211 Α

249 235 356 255 olorum
372 232 457 255 totam
467 232 574 255 noctein
586 228 681 263 vigiles
696 228 909 262 permansimus.
922 227 956 254 Et
967 235 1031 254 cum

247 275 303 309 jam
325 278 532 306 auroresceret,
550 273 646 302 Petrus
668 282 711 301 me
733 282 765 302 ac
791 274 889 301 fratres
902 281 978 300 meos
993 273 1035 300 in-

249 326 340 353 tuens,
357 320 444 347 dixit:
458 319 573 350 llzesito,
588 319 653 353 quid
673 320 742 355 patri
763 324 854 347 vestro
877 318 964 346 visum
988 319 1032 346 sit.

251 365 308 393 lloc
334 365 416 393 Petro
446 365 547 393 dicenti
573 370 649 400 pater
682 366 849 396 intervenit,
881 365 1035 399 reperitque

251 419 312 438 eum
330 411 409 438 nobis
424 410 457 437 de
468 418 497 438 se
512 411 678 446 loquentem.
695 409 780 444 Quem
797 418 858 438 cum
874 414 1033 438 mcerentem

253 457 366 490 videret,
383 461 443 492 post
453 457 644 484 salutationem
657 457 690 484 ad
705 465 734 485 se
746 458 836 492 ipsum
849 456 1033 484 excusandum

249 503 386 538 exposuit,
407 509 489 537 quam
516 503 551 529 ob
573 510 686 530 causam
705 501 773 530 foris
798 502 956 529 dormisset.
979 500 1034 528 Nos

248 558 313 576 vero
329 557 391 576 eum
411 548 548 575 intuentes
560 549 729 582 expavimus,
748 548 850 574 vultum
867 547 976 581 quidem
987 546 1035 574 ‘Si-

249 594 338 622 monis
352 594 484 626 videntes,
494 601 587 621 vocem
595 600 684 621 autem
693 592 784 620 Fausti
795 593 880 628 patn's
894 593 979 620 nostri
986 600 1034 619 au—

248 641 361 668 dientes.
381 639 481 667 Etcum
498 647 557 667 sum
571 639 725 675 fugeremus
734 643 814 674 atque
828 639 1034 666 exhorrescere—

249 694 321 718 mus,
339 686 480 721 obstupuit
498 691 586 721 pater,
599 685 672 720 quod
689 690 742 713 tam
755 689 865 712 austere
879 692 910 712 ac
925 684 1034 712 inimice

248 740 311 759 cum
335 740 367 759 eo
391 739 544 767 ageremus.
574 730 655 758 Solus
678 734 769 758 autem
795 730 890 758 Petrus
917 729 1032 757 formam

248 777 308 812 ejus
324 778 475 804 naturalem
489 776 556 804 vidit
567 776 702 810 nobisque
713 775 783 802 dixit
796 783 804 802 :
820 774 875 802 Cur
889 782 1034 802 exsecran-

248 827 289 849 tes
304 822 425 857 rel'ugitis
447 829 462 848 a
478 825 554 856 patre
576 820 685 848 vestro?
699 820 750 847 Cui
766 827 816 847 nos
834 827 887 846 una
902 827 963 846 cum
977 827 1034 846 nia-

248 873 288 896 tre
311 867 521 902 respondimus:
539 867 632 894 Simon
655 866 705 894 iste
727 866 805 893 nobis
828 873 889 894 esse
914 866 1033 898 videtur,

248 921 342 941 vocem
356 913 458 940 habens
471 912 557 947 patris
569 912 665 939 nostri.
681 911 714 939 Et
727 911 824 939 Petrus
839 911 908 938 dixit
925 920 931 937 ι
950 910 1034 938 Vobis

245 959 355 995 quidem
371 967 424 987 vox
435 959 495 994 ejus
508 958 654 994 praestigiis
670 965 726 986 non
739 963 844 985 mutata
860 958 916 985 sola
933 965 1034 993 cogno-

246 1005 344 1039 scitur;
355 1012 447 1032 verum
459 1005 546 1033 oculis
560 1005 630 1032 meis
641 1012 697 1031 non
709 1003 851 1032 fascinatis
864 1004 956 1031 vultus
965 1011 1034 1038 quo-

245 1060 309 1088 que,
324 1052 414 1087 qualis
435 1056 488 1085 est,
511 1055 626 1086 apparet
637 1072 645 1084 ,
660 1058 715 1078 non
730 1050 863 1082 Simonis.
876 1050 924 1078 sed
939 1049 1032 1078 Fausti

245 1098 331 1133 patris
345 1098 438 1126 vestri.
455 1097 525 1125 Tum
539 1097 596 1132 jam
609 1101 714 1132 patrem
727 1096 934 1132 respexiteique
946 1091 1030 1124 dixit:

245 1143 358 1179 Propria
375 1143 460 1171 facies
477 1142 531 1171 illis
546 1143 574 1170 in
599 1147 626 1170 te
640 1149 695 1170 non
713 1147 836 1178 apparet,
850 1142 897 1170 sed
912 1142 1032 1170 Simonis

245 1189 443 1224 p‘rotervissimi
460 1189 597 1224 nobisque
610 1188 806 1216 inimicissimi.

280 1245 349 1273 Xlll.
367 1245 430 1274 Haec
441 1244 524 1273 Petro
536 1245 664 1280 loquente
683 1245 794 1272 advenit
813 1244 924 1279 quidam
941 1251 973 1271 ex
986 1244 1030 1278 iis,

244 1291 291 1326 qui
303 1291 475 1318 Antiochiam
486 1291 622 1326 praemissi
633 1290 752 1324 fuerant,
766 1290 846 1325 eique
855 1290 942 1317 dixit:
956 1290 1031 1317 Scire

244 1342 272 1364 te
287 1337 349 1364 volo
361 1357 368 1369 ,
385 1337 423 1364 mi
438 1336 560 1369 domine,
577 1336 717 1364 Simonem
731 1357 738 1370 ,
752 1335 905 1363 Antiochiae
923 1335 1031 1370 publice

245 1382 330 1410 multa
344 1382 467 1417 prodigia
487 1382 610 1409 edentem
624 1401 632 1415 ,
657 1389 767 1416 magum
795 1386 822 1409 te
844 1382 981 1416 appellare
999 1389 1030 1409 ac

1050 851 1071 878 Β

245 1427 490 1463 ιιταιειίεἰδῐοτεω,
515 1426 674 1462 incolasque
702 1427 736 1454 ad
761 1431 868 1455 tantum
893 1429 1030 1457 excitasse

245 1473 357 1506 odium,
373 1477 403 1500 ut
426 1473 517 1508 quivis
544 1473 679 1501 desiderio
698 1474 808 1502 anhelet
831 1475 875 1501 vel
900 1475 1029 1502 carnibus

245 1520 300 1547 tuis
311 1519 447 1546 vescendi.
465 1518 636 1553 Quapropter
658 1527 708 1547 nos
721 1539 729 1552 ,
744 1520 876 1555 praemissi
895 1528 957 1548 cum
973 1521 1029 1548 l'ra-
1042 1515 1066 1546 C

245 1564 334 1592 tribus
347 1563 449 1591 nostris
464 1564 569 1592 Simoni
581 1572 596 1592 a
609 1568 635 1592 te
649 1565 796 1600 adjunctis,
817 1573 879 1593 cum
891 1566 1028 1594 civitatem

243 1610 419 1638 vehementer
430 1614 559 1638 eontrate
570 1615 734 1638 commotam
745 1611 911 1645 videremus,
923 1612 1029 1640 occulte

244 1656 441 1689 cenvenimus,
460 1655 525 1691 quid
538 1656 596 1684 ﬁeri
610 1661 749 1692 oporteret
766 1658 981 1686 considerantes.
995 1658 1029 1687 Et

243 1711 306 1731 cum
318 1703 416 1730 incerti
428 1703 625 1737 haesitaremus,
642 1703 785 1732 Cornelius
800 1705 933 1738 centurio,
946 1713 1028 1740 quem

243 1749 374 1777 Caesareae
387 1748 519 1777 Dominus
535 1757 551 1776 a
564 1749 687 1778 diemone
703 1750 828 1778 liberavit
838 1772 846 1784 ,
862 1751 896 1779 ab
911 1752 1029 1787 impera-

243 1800 302 1822 tore
325 1795 359 1822 ad
386 1795 532 1830 provinciae
557 1795 714 1830 praefectum
738 1796 841 1824 missus
859 1798 1026 1832 supervenit.

242 1842 295 1875 Qui
310 1850 324 1869 a
338 1842 418 1870 nobis
441 1841 509 1870 clam
531 1844 682 1871 accersitus
699 1851 731 1871 ac
744 1844 777 1871 de
792 1852 876 1872 causa
889 1845 1028 1872 mmstitite

242 1891 344 1915 nostrae
357 1887 457 1914 certior
469 1887 560 1915 factus
581 1892 609 1915 et
632 1892 663 1915 ut
686 1889 794 1924 iuvaret
808 1894 919 1924 rogatus
935 1898 1028 1925 prom-

243 1933 366 1967 ptissime
394 1934 519 1968 promisit
541 1941 570 1961 se
598 1941 660 1960 eum
686 1934 861 1970 fugaturum,
879 1935 900 1962 si
917 1936 1025 1970 quidem

242 1983 362 2013 coeptum
383 1979 435 2013 ipsi
456 1979 653 2013 adjutarentus.
678 1979 802 2014 Cumque
824 1981 937 2015 polliciti
952 1989 1027 2009 esse-

243 2031 305 2050 mus
323 2023 417 2051 sedulo
436 2031 486 2051 nos
501 2023 593 2051 omnia
614 2024 734 2052 facturos
748 2034 755 2052 :
774 2024 830 2059 Ego
842 2046 850 2059 ,
865 2026 963 2060 inquit,
978 2034 1027 2062 per

243 2068 344 2095 multos
357 2075 434 2095 meos
449 2068 552 2094 amicos
565 2067 698 2102 evulgabo
726 2075 770 2095 me
794 2069 901 2096 venisse
914 2069 947 2095 ad
963 2077 1025 2096 eum

243 2113 428 2148 capiendum,
454 2120 516 2139 eum
548 2112 639 2139 Catsar
672 2112 767 2140 multis
794 2114 881 2148 magis
912 2114 1027 2142 sublatis

242 2159 276 2186 de
304 2166 337 2187 eo
364 2158 465 2186 certior
494 2158 582 2185 factus
609 2166 652 2186 me
677 2159 711 2186 ad
732 2160 759 2186 id
782 2160 921 2193 misisset,
943 2165 974 2188 ut
997 2165 1025 2188 et

242 2205 331 2239 ipsunt
350 2203 444 2231 eodem
474 2204 572 2236 modo,
599 2212 655 2238 quo
687 2204 764 2239 prius
791 2205 1024 2240 praestigiatores,

241 2249 360 2285 puniret.
373 2248 406 2276 Et
417 2249 464 2283 qui
479 2256 512 2276 ex
527 2249 628 2277 vestris
641 2257 702 2276 cum
718 2257 751 2277 eo
770 2255 930 2282 versantur,
945 2251 1026 2285 quasi

241 2296 347 2324 occulte
359 2296 535 2330 undicunque
558 2295 711 2328 audierint,
727 2295 844 2323 referant
868 2297 910 2330 ei,
932 2304 976 2324 me
990 2297 1024 2324 ad

241 2342 403 2378 capiendum
418 2349 482 2369 eum
499 2347 560 2368 esse
573 2341 716 2368 emissum.
733 2340 839 2374 Quibus
853 2342 954 2369 auditis
970 2341 1027 2369 for—

240 2394 314 2416 tasse
328 2394 428 2422 pavore
452 2390 594 2421 correptus
618 2385 748 2421 aufugiet.
771 2385 841 2414 Cum
864 2387 937 2414 aliud
959 2387 1026 2422 quid

241 2434 331 2461 facere
343 2432 527 2468 cogitaremus
540 2451 548 2465 ,
571 2432 653 2460 simul
667 2432 703 2460 ita
717 2433 816 2460 evenit.
838 2432 943 2460 Etenim
958 2441 1019 2461 cum

240 2485 268 2508 et
281 2487 315 2507 ex
327 2478 422 2507 multis
443 2478 539 2506 alienis
560 2477 630 2505 clam
655 2478 843 2506 nuntiantibus
856 2499 863 2512 ,
892 2485 1020 2514 tanquam

240 2526 337 2560 ingens
351 2523 514 2551 beneﬁcium
529 2522 581 2557 ipsi
593 2521 763 2554 conferrent,
776 2527 803 2550 et
813 2523 925 2558 insuper
936 2532 968 2551 ex
983 2524 1023 2551 fa-

240 2569 393 2597 miliaribus
406 2573 563 2596 nostrorum
587 2568 722 2596 simulatis
744 2567 810 2595 illud
836 2568 985 2596 audivisset
995 2574 1023 2597 et

241 2614 312 2642 hanc
326 2621 388 2642 esse
401 2621 514 2641 suorum
532 2614 695 2641 sententiam
717 2617 835 2648 putaret,
853 2614 905 2642 sibi
922 2622 1022 2642 caven-

241 2659 305 2687 dum
316 2666 377 2687 esse
392 2659 528 2695 cognovit.
545 2659 689 2687 Antiochia
702 2659 784 2695 igitur
799 2659 944 2695 aufugiens
959 2667 1021 2687 cum

1087 121 1187 149 PONT.
1206 121 1320 149 OPERA
1338 121 1381 150 DU
1386 121 1452 149 BIA.
1826 124 1869 151 663

1090 180 1246 216 ἐπαλλήλως
1254 181 1509 217 πυνθανόμενοιὺπὸ
1516 190 1545 208 τε
1559 182 1655 218 ήδονῆς
1669 171 1717 209 καὶ
1727 184 1815 218 χαρᾶς
1824 184 1870 210 τῶν

1086 226 1238 262 λεγομένων
1259 227 1389 262 νήφοντες
1412 227 1655 263 ὲνυκτερεύσαμεν.
1679 228 1752 263 Ἤδη
1769 228 1798 254 δέ
1820 237 1870 260 πως

1086 273 1183 304 νυκτὸς
1196 273 1433 310 ὐπαυγαζομένης,
1445 274 1547 310 Πέτρος
1560 274 1698 310 ἐμϐλέψας
1707 274 1771 309 ἐμοί
1786 282 1815 301 τε
1830 276 1871 301 καὶ

1085 319 1141 349 τοῖς
1151 318 1275 353 ἀδελφοῖς
1286 327 1347 354 μου,
1360 318 1410 354 ἔφη
1419 328 1425 334 ·
1437 319 1574 355 Διαπορῶ,
1584 320 1610 346 τί
1620 319 1741 354 ἔδοξετῷ
1753 319 1871 356 ὑμετέρῳ

1087 363 1178 399 πατρί.
1193 364 1249 390 Kal.
1262 364 1386 398 λέγοντος
1401 363 1480 390 τοῦτο
1492 362 1559 400 ἧκεν
1570 365 1584 391 ὁ
1597 364 1690 400 πατὴρ
1702 364 1798 391 αὐτόθι
1809 384 1817 396 ,
1831 365 1871 391 τδν

1085 409 1188 445 Πέτρον
1198 409 1264 444 ἡμῖν
1273 410 1338 446 περὶ
1346 409 1427 436 αὑτοῦ
1439 409 1627 445 διαλεγόμενον
1640 410 1802 437 καταλαϐών
1809 419 1816 425 ”
1829 411 1871 437 καὶ

1085 455 1241 491 ἀθυμοῦντα
1259 455 1320 482 ίδὼν
1334 456 1556 492 προσαγορεύσας
1569 456 1758 492 ἀπελογήσατο
1768 476 1776 488 ,
1788 456 1821 482 δι’
1842 457 1872 491 ἢν

1085 502 1173 528 αἰτίαν
1189 502 1241 535 ἔξω
1256 501 1428 538 κεκοίμηται.
1453 503 1548 538 Ἡμεῖς
1562 502 1590 529 δὲ
1605 502 1789 537 ἐμϐλέποντες
1802 502 1872 537 αὐτῷ

1085 547 1224 583 ὲξεστήκει
1228 556 1288 582 μεν,
1298 548 1328 574 τὸ
1338 546 1407 579 εἶδος
1416 548 1537 583 Σίμωνος
1546 548 1673 582 ὁρῶντες,
1684 548 1777 583 φωνῆς
1785 549 1813 575 δὲ
1828 549 1871 575 τοῦ

1088 594 1191 630 πατρὸς
1201 594 1279 629 ὴμῶν
1292 594 1436 626 ἀκούοντες
1444 594 1576 621 Φαύστου.
1594 595 1648 621 Kal.
1657 595 1738 631 ω’]
1754 595 1787 630 δὴ
1810 603 1871 629 φευ-

1085 639 1185 674 γόντων
1198 641 1214 675 ἡ
1218 639 1275 674 μῶν
1296 639 1376 666 αὑτὸν
1385 640 1406 655 ¹¹
1416 640 1463 666 καὶ
1480 640 1648 674 στυγούντων
1665 639 1850 675 ἐξεπέπληκτο
1859 641 1872 667 ὁ

1085 686 1176 722 πατὴρ
1185 686 1231 712 ἐπὶ
1237 685 1276 721 τῷ
1283 685 1370 717 οὕτως
1377 686 1488 721 ἀπηνῶς
1497 687 1544 713 καὶ
1551 686 1656 722 ἐχθρῶς
1665 686 1739 721 αὺτῷ
1747 686 1870 722 χρῆσθαι.

1085 732 1173 764 Μόνος
1183 732 1212 758 δὲ
1222 732 1326 768 Πέτρος
1343 733 1393 768 τὴν
1407 732 1477 759 κατὰ
1489 731 1569 767 φύσιν
1580 731 1661 760 αὐτοῦ
1679 732 1752 768 ὁρῶν
1770 733 1873 768 μορφὴν

1084 777 1153 812 πρὸς
1166 777 1240 812 ἡμᾶς
1253 776 1315 813 ἔφη·
1326 776 1405 809 Τίνος
1413 777 1494 806 ἕνεκα
1503 777 1708 813 βδελυσσόμενοι
1717 777 1871 804 ἀπωθεῖσθε

1084 822 1129 849 τὸν
1140 823 1271 859 ὑμέτερον
1281 823 1401 859 πατέρα;
1416 823 1510 859 Ἡμεῖς
1523 824 1551 850 δὲ
1566 824 1639 859 καὶὴ
1653 825 1744 860 μήτηρ
1752 823 1856 859 ἔφαμεν
1865 832 1871 838 ·

1085 868 1176 903 Σίμων
1187 870 1253 904 ἡμῖν
1264 866 1342 901 οὗτος
1352 869 1476 903 φαίνεται
1491 870 1582 906 φωνὴν
1596 869 1664 905 ἔχων
1677 869 1725 896 τοῦ
1740 869 1872 905 ἡμετέρου

1084 914 1195 949 πατρὸς.
1221 915 1276 941 Kal.
1291 915 1306 941 ό
1321 914 1424 950 Πέτρος
1439 915 1505 950 ἔφη·
1529 915 1606 950 Ὑμῖν
1625 915 1673 950 μὲν
1688 916 1704 950 ἡ
1719 915 1873 950 ἀμάγευτος

1084 958 1166 985 αὐτοῦ
1179 959 1255 995 φωνὴ
1274 959 1341 995 μόνη
1355 958 1492 995 γνώριμός
1507 961 1590 992 ἐστιν,
1608 959 1674 994 ἐμοῦ
1688 959 1717 986 δὲ
1731 961 1790 991 τοῖς
1802 960 1872 995 ἅμα·

1084 1005 1190 1040 γεύτοις
1203 1005 1351 1041 ὀφθαλμοῖς
1363 1007 1410 1033 καὶ
1423 1006 1454 1033 τὺ
1461 1004 1530 1038 εἶδος
1543 1005 1625 1033 αὑτοῦ
1636 1006 1674 1038 ὡς
1684 1006 1758 1032 ἔστιν
1767 1007 1873 1041 ὁρατὸν,

1083 1052 1123 1078 ὅτι
1137 1052 1172 1087 μή
1187 1052 1244 1078 ἐστι
1261 1052 1367 1087 Σίμων,
1382 1051 1450 1078 ἀλλά
1465 1050 1585 1082 Φαῦστος
1597 1053 1611 1078 ό
1625 1052 1761 1087 ὑμέτερος
1772 1052 1871 1087 πατήρ.

1083 1098 1150 1124 Τότε
1175 1098 1207 1134 δὴ
1231 1097 1440 1134 προσεμϐλέψας
1461 1099 1508 1125 καὶ
1525 1097 1565 1132 τῷ
1581 1098 1665 1133 πατρὶ
1680 1097 1749 1133 ἔφη·
1769 1096 1873 1133 [Ἴδι]όν

1083 1152 1130 1170 σου
1147 1141 1216 1176 εἶδος
1236 1143 1328 1176 αὐτοῖς
1343 1144 1374 1171 οὺ
1389 1143 1525 1178 φαίνεται,
1539 1143 1607 1170 ἀλλά
1619 1144 1743 1179 Σίμωνος
1754 1143 1803 1171 τοῦ
1817 1144 1874 1170 ἀσε-

1082 1190 1213 1217 ϐεστάτου
1227 1190 1275 1216 καὶ
1288 1191 1353 1225 ἡμῖν
1365 1188 1523 1225 [ὲχθίστου].

1116 1246 1185 1273 Xlll.
1207 1245 1300 1273 Ταῦτα
1313 1245 1360 1272 τοῦ
1379 1245 1481 1281 Πέτρου
1495 1245 1684 1281 διαλεγομένου
1700 1245 1823 1280 ἐπεισῄει
1834 1253 1873 1276 τις

1080 1292 1135 1320 τῶν
1150 1292 1270 1328 προόδων
1282 1291 1336 1318 ἀπὸ
1351 1291 1402 1326 τῆς
1423 1292 1588 1326 Ἀντιοχείας
1603 1289 1815 1327 [ὑποστραφεὶς]
1835 1290 1873 1316 λέ·

1080 1345 1137 1372 γων
1153 1334 1263 1373 Πέτρῳ·
1280 1337 1386 1364 Είδέναι
1407 1345 1437 1364 σε
1456 1337 1541 1368 θέλω,
1557 1337 1634 1373 κύριέ
1650 1345 1712 1372 μου,
1729 1337 1771 1363 (“nt
1783 1336 1873 1371 Σίμων

1081 1385 1109 1411 ὲν
1119 1386 1153 1420 τῇ
1169 1384 1318 1419 Ἀντιοχείᾳ
1328 1384 1445 1419 δημοσίᾳ
1457 1383 1543 1410 πολλὰ
1551 1383 1680 1419 τεράστια
1689 1383 1775 1410 ποιῶν
1788 1383 1873 1418 μάγον

1081 1437 1111 1456 σε
1121 1429 1143 1445 ¹³
1150 1429 1289 1464 ὀνομάζων
1297 1429 1344 1455 καὶ
1354 1428 1439 1464 γόητα
1449 1428 1571 1463 καὶπρὸς
1580 1427 1707 1454 τοσοῦτον
1721 1428 1821 1459 αὐτοὺς
1835 1429 1874 1463 μῖ-

1082 1483 1127 1507 σος
1132 1476 1347 1512 παρεσκεύασεν,
1354 1475 1391 1506 ὡς
1397 1474 1536 1510 γλίχεσθαι
1545 1474 1634 1501 πάντα
1641 1474 1690 1501 ἄνθ
1695 1481 1786 1509 ρωπον
1793 1474 1847 1500 τῶν
1853 1474 1874 1489 ⁸⁸

1080 1521 1139 1548 ἐκεῖ
1160 1521 1385 1557 ἐπιδημησάντων
1417 1520 1525 1556 σαρκῶν
1548 1520 1637 1547 αὐτῶν
1667 1519 1873 1553 ἀπογεύσασθαι

1080 1575 1138 1594 σου.
1147 1567 1227 1594 Ὅθεν
1237 1567 1348 1602 ἡμεῖςοί
1355 1565 1463 1601 πρόοδοι
1474 1564 1605 1601 μετὰτῶν
1614 1564 1668 1592 ὑπὸ
1679 1564 1726 1591 σοῦ
1734 1564 1775 1600 τῷ
1787 1565 1874 1599 Σίμωι

1078 1621 1104 1640 νι
1118 1612 1344 1648 ὑποϐεϐλημένων
1353 1611 1475 1646 ἀδελφῶν
1484 1611 1572 1647 ἡμῶν,
1583 1611 1650 1638 πολὺ
1662 1610 1734 1637 κατά
1748 1610 1796 1636 σοῦ
1810 1609 1874 1645 βρύα

1078 1667 1178 1694 χουσαν
1190 1658 1240 1694 τὴν
1252 1658 1328 1685 πόλιν
1342 1656 1510 1694 ἑωρακότες,
1524 1656 1618 1692 κρύφα
1627 1657 1667 1688 είς
1678 1656 1708 1682 τὸ
1720 1656 1790 1683 αὐτὸ
1802 1657 1874 1690 γενό-

1080 1713 1155 1741 μενοι
1175 1703 1328 1740 σκοποῦμεν
1340 1704 1372 1736 ",
1385 1704 1413 1730 τι
1430 1703 1482 1740 χρὴ
1500 1704 1598 1730 ποιεῖν.
1612 1703 1668 1729 Kal.
1678 1702 1711 1737 δὴ
1725 1703 1755 1728 ὲν
1769 1702 1874 1737 ἀπορίᾳ

1078 1751 1157 1787 ἡμῶν
1170 1751 1254 1778 ὄντων
1267 1751 1422 1786 ἐπεδήμησε
1435 1749 1583 1785 Κορνήλιος
1594 1748 1803 1783 ἑκατόνταρχος,
1821 1748 1875 1774 ὑπὸ

1077 1796 1362 1833 Καίσαροςξπεμφθεὶς
1370 1796 1439 1832 πρὸς
1451 1796 1496 1822 τὸν
1503 1796 1552 1831 τῆς
1563 1794 1699 1830 ἐπαρχίας
1707 1793 1872 1829 ἡγούμενον,

1077 1843 1107 1870 ὃν
1121 1843 1150 1870 ὲν
1173 1843 1328 1879 Καισαρείᾳ
1343 1841 1513 1878 δαιμονῶντα
1525 1840 1608 1876 ωε
1620 1840 1713 1867 ίάσατο
1728 1840 1744 1866 ό
1757 1840 1872 1875 Κύριος.

1078 1886 1160 1920 Οὗτος
1175 1888 1380 1924 μεταπεμφθεὶς
1398 1888 1442 1922 ὑφ’
1467 1887 1545 1923 ήμῶν
1568 1886 1659 1921 κρύφα
1672 1886 1720 1913 καὶ
1736 1886 1788 1921 τῆς
1808 1886 1875 1913 ἀθυ-

1079 1934 1143 1970 μίας
1155 1934 1204 1969 τὴν
1215 1934 1304 1961 αἰτίαν
1315 1933 1379 1969 παρ’
1392 1932 1470 1968 ἡμῶν
1485 1931 1577 1967 μαθὼν
1599 1932 1646 1958 καὶ
1665 1930 1773 1966 βοηθεῖν
1789 1929 1873 1963 ἀξιω-

1077 1979 1134 2012 θεὶς
1147 1979 1339 2015 προθυμότατα
1357 1979 1489 2013 ὑπέσχετο
1512 1977 1633 2013 φοϐήσας
1648 1977 1814 2011 φυγαδεύειν
1827 1978 1875 2004 αύ-

1076 2026 1136 2058 τὸν,
1154 2025 1201 2052 ἐάν
1222 2033 1254 2059 γε
1274 2023 1357 2052 αὐτοῦ
1378 2024 1416 2059 τῷ
1436 2024 1615 2058 ἐγχειρήματι
1639 2023 1872 2058 ὑπουργήσωμεν.

1082 2071 1175 2106 Ἦμῶν
1183 2070 1211 2097 δὲ
1222 2069 1336 2105 ἑτοίμως
1352 2069 1440 2096 πάντα.
1460 2069 1582 2103 ποιήσειν
1594 2066 1792 2102 ὑποσχομένων
1803 2067 1856 2102 ἔφη
1866 2075 1874 2083 ·

1083 2116 1165 2152 Ἐμοῦ
1179 2115 1225 2142 διὰ
1245 2114 1350 2142 πολλῶν
1369 2114 1453 2149 φίλων
1472 2113 1564 2150 κρύφα
1581 2114 1622 2145 εἰς
1639 2112 1770 2147 σύλληψιν
1788 2112 1875 2139 αὑτοῦ

1076 2161 1232 2197 ἐληλυθέναι
1245 2158 1475 2195 περισκοποῦντος
1494 2159 1541 2185 καὶ
1555 2158 1646 2192 ζητεῖν
1659 2157 1740 2184 αὑτὸν
1755 2157 1878 2191 φάσκον-

1076 2216 1132 2238 τος,
1141 2206 1232 2232 καθότι
1240 2206 1349 2240 Καῖσαρ
1357 2204 1470 2236 πολλοὺς
1479 2203 1583 2239 μάγους
1591 2202 1692 2229 ἀνελὼν
1699 2203 1747 2229 καὶ
1758 2203 1796 2229 τὰ
1811 2206 1875 2230 κατ’

1076 2251 1156 2278 αὑτὸν
1171 2249 1263 2286 μαθὼν
1284 2249 1334 2285 ἐμὲ
1358 2250 1405 2276 ἐπὶ
1422 2248 1472 2283 τὴν
1493 2247 1575 2275 αὐτοῦ
1594 2247 1708 2283 ζήτησιν
1725 2247 1875 2283 επεμψεν,

1075 2297 1150 2328 ὅπως
1156 2296 1203 2322 καὶ
1212 2295 1291 2322 αὑτὸν
1296 2295 1335 2326 ὼς
1346 2287 1393 2321 καὶ
1403 2294 1467 2325 τοὺς
1476 2293 1529 2328 πρὸ
1537 2292 1621 2319 αὑτοῦ
1633 2293 1737 2328 μάγους
1753 2293 1875 2329 κολάσῃ.

1076 2343 1131 2369 Kal.
1145 2342 1169 2368 οἰ
1184 2340 1310 2376 ὑμέτεροι
1324 2340 1350 2366 οἱ
1364 2339 1487 2370 συνόντες
1499 2337 1571 2373 αὐτῷ
1586 2338 1623 2369 ὡς
1633 2337 1665 2374 δὴ
1680 2338 1772 2374 κρύφα
1787 2339 1876 2366 ποθὲν

1077 2386 1226 2423 ἀκηκοάτες
1233 2384 1526 2421 προσαναφερέτωσαν,
1533 2383 1570 2415 ὡς
1578 2382 1646 2418 ἐμοῦ
1655 2383 1739 2410 ἕνεκα
1750 2383 1802 2410 τοῦ
1813 2385 1875 2411 συλ-

1072 2433 1163 2460 λαϐεῖν
1168 2431 1248 2458 αὐτὸν
1256 2429 1469 2465 ἀπεσταλμένον.
1478 2430 1534 2456 Kal.
1538 2429 1618 2464 τυχὸν
1626 2429 1712 2455 ταῦτα
1720 2430 1742 2445 “
1747 2430 1875 2462 ἀκούσας

1073 2478 1201 2514 φοϐηθεὶς
1223 2476 1360 2511 φεύξεται.
1382 2475 1459 2502 Ἐπεὶ
1472 2474 1561 2501 τοίνυν
1569 2474 1660 2510 ἕτερόν
1669 2482 1695 2500 τι
1705 2476 1795 2501 ποιεῖν
1810 2475 1875 2501 ἐπε-

1073 2524 1220 2559 νοήσαμεν,
1238 2521 1313 2557 ὁμῶς
1327 2521 1412 2552 οὕτως
1430 2521 1546 2555 ἐγένετο.
1569 2520 1637 2546 Ὑπό
1646 2528 1676 2546 τε
1690 2519 1745 2555 γὰρ
1759 2520 1874 2548 πολλῶν

1072 2569 1126 2596 τῶν
1140 2567 1193 2600 ἔξω
1204 2569 1243 2599 εἰς
1258 2567 1293 2594 τὰ
1312 2567 1417 2602 μεγάλα
1434 2566 1508 2602 αὑτῷ
1521 2565 1707 2602 χαριζομένων
1721 2565 1814 2602 λάθρα
1827 2566 1873 2592 λε-

1073 2615 1186 2649 γόντων,
1208 2613 1286 2640 ἔτιδὲ
1300 2613 1347 2640 καὶ
1368 2611 1423 2639 τῶν
1446 2611 1518 2639 ἔνδον
1541 2611 1701 2647 imoquer
1722 2613 1872 2649 ἡμετέρων

1076 2660 1203 2696 ἀκηκοὼς
1224 2659 1271 2686 καὶ
1292 2659 1330 2691 ὡς
1355 2659 1420 2690 παρ’
1436 2658 1508 2685 ἰδίων
1528 2657 1639 2693 γνώμην
1659 2658 1782 2695 εῐληνξὼς
1803 2659 1871 2686 ὑπο-

869 2727 986 2755 ἾΑΒΙᾹΞ
1006 2727 1208 2756 LECTIONES.

276 2796 296 2810 κ
311 2795 349 2821 lta
363 2795 489 2830 scripsic.
509 2795 570 2822 Ruf.
586 2805 613 2828 ι,
625 2797 669 2828 55,
683 2796 771 2823 αὐτῶν
787 2798 817 2823 0.
857 2796 878 2812 "
895 2805 924 2822 τε
943 2797 973 2823 0.

241 2830 304 2857 vbb.
333 2830 400 2856 πολὺ
425 2830 492 2856 κατὰ
511 2831 557 2857 σοῦ
575 2831 733 2866 βρύχουσαν,
788 2831 809 2847 ⁸⁸
823 2831 902 2858 αὐτόν
918 2831 948 2858 0.

1027 2797 1048 2813 ’⁸
1065 2799 1113 2833 τήν
1128 2798 1159 2825 0.
1199 2798 1219 2814 ”
1238 2792 1338 2824 σκοποῦ
1353 2797 1400 2824 καί
1416 2798 1447 2830 0,
1465 2798 1492 2825 in
1503 2804 1558 2833 quo
1571 2797 1689 2826 subinde
1704 2802 1867 2833 repetuntur
