1917 3100
69 133 110 162 ιω

604 140 833 172 CLEMENTINA.
850 161 884 167 -—
901 145 1043 175 HOMILIA
1063 148 1119 177 XX.

1629 160 1682 188 463

69 192 220 220 «Mat
229 193 311 228 ἔγνω.
331 192 465 232 Ἀποδρὰς
477 194 524 224 οὖν
535 197 585 234 τῆς
605 198 767 235 Ἀντιοχείας
779 209 828 236 μετ

73 238 246 252 ¹ΔΠ--.Αέ.ῗι--..
259 239 352 252 χλιιι.»-
364 240 488 252 ιὴλςνηιυ,
510 242 522 252 1
558 243 565 252 ι
632 244 638 252 ι
736 246 742 252 ι
761 245 768 252 ι

880 202 1074 233 _Athenodoro
1089 206 1142 233 huc
1164 207 1254 240 venit,
1277 213 1307 236 ut
1325 210 1490 241 audivimus.
1515 213 1609 252 Itaque
1631 218 1683 247 tibi

73 238 246 274 Ἀθηνοδώρου
258 239 353 267 ἐνθάδε
363 240 499 277 ὲλήλυὋεν,
507 242 545 274 ὥς
553 243 720 280 ἀκηκόαμεν.
729 245 774 271 Διὸ
782 254 847 281 συμ-

67 284 219 320 ϐουλεύομέν
233 294 276 312 σοι
295 287 378 322 μήπω
393 288 520 324 ἐπιϐῆναι
538 289 588 325 τῆς
606 290 709 322 πόλεως
726 292 845 327 ἐκείνης,

68 331 154 365 μέχρις
167 330 201 356 ἂν
215 331 334 367 εἴδωμεν
344 352 351 364 ,
367 334 390 360 εί
401 334 450 369 τῆς
458 334 528 361 κατὰ
546 335 592 361 σοῦ
606 335 730 371 διαϐολῆς
740 338 845 365 ἐκείνου

66 377 168 408 ἀτώντος
184 377 272 414 ὐπολῆ
276 387 320 405 σαι
334 379 500 416 δυνήσονται.

96 421 159 448 XIV.
179 422 277 450 Ταῦτα
303 425 350 451 τοῦ
378 426 491 460 προόδου
517 427 748 462 ἀπαγγείλαντος,
763 431 778 457 δ
793 432 845 458 ῐΙέ6

64 472 118 503 τρος
128 469 165 505 τῷ
179 471 266 505 πατρὶ
279 472 487 508 πφσεμόλὲψας
497 473 549 510 ἐφη
558 483 565 489 ·
588 475 716 509 Ἀκούεις,
729 477 843 509 Φαῦστε,

63 514 109 540 ὑπὸ
120 515 240 550 Σίμωνος
247 516 299 543 τοῦ
305 516 400 552 Μάγου
411 518 427 553 ἡ
442 519 652 555 μεταμόρφωσίς
666 529 712 547 σου
722 522 842 556 γέγονεν,

63 560 95 592 ὡς
116 560 163 596 ἤδη
182 562 318 596 φαίνεται.
345 564 483 599 Καίσαρος
500 564 555 601 γὰρ
572 567 685 602 νομίσας
707 568 753 594 ἐπὶ
767 568 844 604 κακῷ

62 605 135 641 ιω
144 607 224 634 αὐτὸν
238 608 333 644 ζητεῖν
343 630 350 642 ,
366 609 494 645 φοϐηθεὶς
511 611 595 645 ἔφυγε
612 612 667 647 τὴν
691 613 786 640 ἑαυτοῦ
802 622 844 640 σοι

63 651 171 686 περιθεὶς
195 654 306 690 μορφὴν
319 674 326 687 ,
348 655 422 687 ὅπως
442 656 621 689 ἀποθανόντος
642 667 687 685 σου
710 660 766 691 τοῖς
788 660 843 692 σοῖς

62 697 155 730 τέκνοις
178 700 194 734 ἡ
218 699 293 735 λύπη
319 701 440 737 γένηται.
468 702 560 729 Ταῦτα
579 705 594 730 ὁ
614 705 705 740 πατὴρ
724 706 841 739 ἁκούων,

62 742 150 770 κλαίων
165 744 211 771 καὶ
229 745 391 781 ὀδυρόμενος
415 747 466 783 ἔφη
478 756 486 763 ·
507 749 608 784 Ὀρθῶς
623 750 774 785 ὲστοχάσω,
788 753 841 778 Πέ-

61 798 109 824 τρε.
129 790 288 818 Ἀννουϐίων
298 792 319 807 ⁵⁷
332 792 398 828 [γὰρ
412 794 521 830 οἰκεῖός]
537 794 587 830 μού
599 804 633 830 με
648 796 732 830 φιλῶν
744 806 843 834 μυστη,

62 835 152 870 ριωδῶς
162 836 212 872 τὴν
229 837 379 874 ἐπιϐουλὴν
397 838 535 875 ἐξέφηνεν,
553 841 606 868 Καὶ
619 842 669 868 οὐκ
679 843 841 879 ὲπίστευ[σα

60 881 269 919 όταλαίπωρος],
285 884 378 920 ἐπειδὴ
390 885 437 911 τοῦ
452 886 546 913 παθεῖν
556 887 630 922 ῆμην
645 888 727 921 ἄξιος.

88 926 141 954 XV.
153 928 246 955 Ταῦτα
258 929 307 956 τοῦ
319 931 420 966 πατρὸς
433 932 554 963 εἰπόντος
567 934 625 967 μετ’
637 935 668 961 οὐ
681 935 747 962 πολὺ
763 935 834 971 [Ἀν-

59 972 158 1000 νουϐίων
176 971 257 1010 ἦλθε]
281 976 351 1012 πρὸς
370 977 443 1011 ἡμᾶς
464 978 513 1013 τὴν
529 979 649 1014 Σίμωνος
664 981 730 1016 ἡμῖν
746 981 834 1017 δηλῶν

59 1018 144 1054 φυγήν,
158 1020 204 1046 καί¹
220 1021 260 1052 ὡς
274 1022 360 1058 αὐτῆς
371 1023 466 1055 νυκτὸς
477 1024 525 1051 ἐπὶ
543 1025 676 1052 Ἰουδαίαν
692 1027 830 1063 ὥρμησεν.

58 1061 116 1099 Εὗρε
131 1065 157 1091 δὲ
172 1065 218 1092 τὸν
229 1067 339 1102 πατέρα
348 1068 425 1104 ἡμῶν
439 1070 605 1106 κοπτόμενον
614 1072 661 1099 καὶ
754 1061 833 1110 ὀδυρ-

58 1109 106 1144 μῶν
119 1108 240 1145 λέγοντα*
267 1113 359 1148 Οῐμοι,
385 1115 456 1150 οἴμοι
480 1117 495 1143 ὁ
516 1117 614 1150 τάλας,
641 1118 728 1153 μάγον
751 1108 832 1147 αὑτδν

57 1156 149 1183 ἁκούων
164 1159 310 1193 ἠπίστουν,
332 1160 366 1187 Ὃ
380 1161 553 1198 ταλαίπωρος
566 1162 634 1199 πρὸς
649 1163 712 1200 μίαν
725 1165 832 1201 ἡμέραν

57 1203 218 1238 ἐπιγνωσθεὶς
231 1205 342 1241 συμϐίῳ
353 1207 398 1233 καὶ
408 1207 513 1240 τέκνοις
524 1209 629 1244 ταχέως
641 1210 688 1237 ἐπὶ
700 1210 750 1246 τὴν
764 1220 831 1247 προι

56 1248 125 1283 τέραν
146 1250 194 1286 τῆς
217 1250 332 1285 ἀγνοίας
351 1250 432 1288 ἦλθον
454 1255 604 1290 συμφοράν.
626 1255 680 1282 Καὶ
700 1257 717 1292 ή
740 1257 830 1294 μήτηρ

55 1290 186 1330 ὀδυρομένη
210 1295 263 1328 τὰς
286 1296 383 1332 τρίχας
406 1298 570 1326 κατέτιλλεν.
595 1290 746 1336 Ἡμεῖς

54 1339 95 1373 τῆς
107 1340 151 1366 τοῦ
167 1342 272 1378 πατρὸς
282 1343 452 1377 ἀλλοιώσεως
463 1346 658 1382 ἀδημονοῦντες
673 1348 828 1385 ἐστένομεν,

53 1383 66 1410 ὅ
77 1393 99 1410 τι
114 1386 175 1413 ποτὲ
189 1385 224 1423 ἦν
241 1389 386 1425 συννοῆσαι
403 1391 439 1426 μὴ
451 1391 603 1428 δυνάμενοι.
625 1383 788 1423 ’Δννουϐίων
800 1396 829 1423 δὲ

54 1429 126 1456 ταῦτα
139 1431 245 1459 ἀκούων
261 1433 312 1460 καὶ
326 1433 397 1469 ὁρῶν
412 1435 515 1471 ἀχανὴς
531 1436 606 1473 ἔστη.
630 1438 663 1465 '0
678 1439 708 1465 δὲ
725 1439 829 1475 Πέτρος

53 1472 109 1508 ἡμῖν
123 1478 176 1508 τοῖς
190 1477 301 1510 τέκνοις
314 1479 360 1506 ἐπὶ
376 1480 484 1509 πάντων
500 1482 563 1519 ἔφη·
580 1472 750 1512 Πιστεὺσατέ
770 1472 826 1521 μοι,

53 1517 117 1552 οὗτός
135 1522 191 1550 ἐστι
211 1523 337 1556 Φαῦστος
352 1526 366 1552 ὁ
382 1527 472 1563 πατὴρ
494 1517 581 1563 ὑμῶν.
602 1529 647 1556 Διὸ
668 1530 701 1565 δὴ
723 1517 827 1558 κελεύω

53 1565 115 1600 ὑμῖν,
130 1568 166 1600 ὡς
181 1569 267 1606 nath
285 1571 439 1606 προσέχειν.
457 1573 574 1609 Παρέεει
590 1574 644 1610 γὰρ
660 1575 748 1607 όΘεὸς
760 1575 828 1612 πρό-
841 1566 861 1596 c

53 1614 122 1647 φασίν
133 1623 201 1647 τινα,
212 1616 246 1643 δι’
254 1614 291 1653 ἦς
305 1617 354 1652 τὴν
368 1618 487 1653 Σίμωνος
501 1620 704 1656 ἀποδυσάμενος
721 1623 828 1658 μορφὴν

52 1659 92 1695 τὴν
108 1660 151 1688 τοῦ
168 1663 273 1698 πατρὸς
290 1663 368 1699 ὑμῶν
389 1665 529 1701 προδήλως
546 1666 679 1700 ἀναδείξει
702 1667 783 1695 πάλιν
794 1669 825 1695 ¹⁸.

51 1704 199 1742 Ταῦταήμῖν
209 1708 298 1736 εἰπὼν
309 1710 355 1736 καὶ
365 1710 403 1745 τῷ
415 1712 498 1747 πατρὶ
505 1712 678 1748 προσϐλέψας
684 1713 746 1750 ἔφη·
756 1713 826 1748 Ἐγώ

53 1759 86 1777 σοι
99 1752 241 1789 ἐπέτρεψα,
259 1756 481 1792 προσαγορεῦσαι
498 1757 639 1785 Ἀππίωνα
653 1759 700 1786 καὶ
721 1759 826 1787 Ἀννου-

52 1797 132 1830 δίωνα,
148 1799 240 1836 ἐπειδὴ
257 1801 293 1827 ὲκ
309 1801 411 1829 παίδων
426 1811 466 1829 σοι
483 1803 576 1838 φίλους
590 1801 660 1831 εἶναι
672 1805 823 1840 ὁμολογεῖς,

51 1842 100 1877 οὐχὶ
114 1844 212 1879 Σίμωνι
227 1845 268 1881 τῷ
276 1846 366 1882 Μάγῳ
382 1849 542 1883 συνομιλεῖν.

78 1887 151 1924 ﬁlo
163 1889 233 1917 XVI.
245 1891 431 1928 Καὶδπατήρ,
449 1893 601 1929 Ἥμαρτον,
612 1894 674 1930 ἔφη,
689 1895 821 1930 ὁμολογῶ.

52 1932 96 1960 Καὶ
109 1935 274 1963 Ἀννουϐίωψ
286 1937 342 1963 Καὶ
349 1938 430 1969 αὐτὸς
440 1937 504 1973 ἐγὼ,
516 1938 578 1975 ἔφη,
590 1939 639 1966 σὺν
646 1940 720 1976 αὺτῷ
727 1941 821 1977 δέομαί

52 1986 103 2011 σου,
123 1982 272 2016 συγγνῶναι
289 1982 398 2018 γέροντι
414 1985 518 2018 εὐγενεῖ
536 1985 582 2011 καὶ
598 1985 691 2020 ἀγαθῷ
712 1987 820 2023 ἠπατη-

52 2024 121 2060 μένῳ.
143 2028 268 2062 Παίγνιον
294 2029 349 2064 γὰρ
373 2030 482 2064 γέγονεν
497 2032 511 2057 ό
525 2031 659 2067 δυστυχὴς
679 2032 727 2059 τοῦ
744 2042 821 2069 περι-

51 2069 142 2106 ϐοήτου.
157 2073 230 2109 Πλὴν
246 2075 287 2106 ὡς
303 2075 396 2109 γέγονε
409 2076 430 2091 ¹⁹
446 2076 552 2111 φράσω.
575 2077 603 2104 '0
618 2078 718 2112 ἀγαθὸς
731 2079 820 2115 γέρων

50 2111 104 2148 ἦλθε
124 2120 350 2155 προσαγορεύσων
374 2122 455 2157 ἡμᾶς.
481 2111 676 2159 Ἐτυγχάνομεν
692 2125 720 2151 δὲ
734 2111 819 2160 αὐτῆς

51 2160 112 2196 ὥρας
119 2164 185 2191 κατὰ
199 2166 300 2193 ταυτὸν
322 2167 347 2192 οί
362 2167 420 2194 ἐκεῖ
431 2169 562 2204 παρόντες
571 2169 715 2202 ἀκούοντες
728 2171 817 2206 Σίμω-

52 2216 99 2240 νος,
117 2210 144 2242 ὃς
163 2211 371 2248 ἀποδιδράσκειν
392 2214 470 2250 ἤθελε
491 2215 559 2250 αὐτῇ
580 2217 656 2242 νυκτὶ
675 2216 814 2252 ἀκηκοὼς,

52 2253 208 2291 ἐπιδημήσειν
225 2258 308 2284 ποθέν
324 2267 399 2291 τινας
413 2260 530 2287 ἐνταῦθα
546 2262 578 2297 τῇ
594 2262 737 2297 Λαοδικείᾳ
746 2262 768 2278 ¹⁰
784 2263 816 2289 ὲκ
831 2253 854 2280 D

52 2302 189 2337 προσταγῆς
213 2303 357 2340 βασιλικῆς
381 2305 529 2341 ζητοῦντας
552 2307 641 2333 αὐτόν.
659 2307 771 2343 Φαύστῳ
787 2308 816 2335 δὲ

51 2344 142 2373 εἰσιόντι
159 2347 203 2375 τὸν
222 2349 290 2376 1διον
316 2349 398 2385 θυμὸν
421 2351 570 2387 ἐπέστρεφε
581 2353 602 2368 ²¹
619 2357 707 2387 φήσας
730 2353 816 2386 οὓτως

52 2392 106 2426 πρὸς
121 2394 198 2428 ἡμᾶς*
215 2396 290 2422 ἀλῶν
306 2396 386 2423 αὐτὸν
402 2397 513 2425 ἐλθόντα
530 2401 729 2434 συμμετασχεῖν
751 2400 815 2435 ὑμῖν

52 2438 170 2473 ποιήσατε·
189 2441 243 2475 ἐγὼ
255 2441 285 2467 δὲ
302 2441 386 2477 μύρον
401 2451 427 2469 τι
451 2443 583 2475 σκευάσω,
607 2444 650 2470 ἵνα
670 2445 814 2480 δειπνήσας

52 2483 88 2509 καὶ
107 2485 239 2513 ἀναλαϐών
262 2497 288 2514 τι
315 2488 380 2514 ἴδιον
402 2489 498 2524 χρίσας
521 2490 664 2525 πρόσωπον
682 2491 730 2526 τὴν
745 2491 813 2527 ἐμὴν

52 2530 119 2557 πᾶσιν
134 2532 200 2567 ἔχειν
214 2534 277 2570 δόξῃ
287 2535 310 2550 ¹¹
328 2536 445 2571 μορφήν.
467 2536 560 2571 Ὑμεῖς
572 2537 600 2563 δὲ
617 2537 731 2573 βοτάνης
743 2539 814 2570 τινὸς

52 2574 106 2611 ὕλης
120 2580 371 2616 προεναλειψάμενοι
387 2582 432 2608 ὑπ’
448 2582 516 2617 ἐμοῦ
538 2583 588 2609 οὐκ
606 2583 812 2620 ἀπατηθήσεσθε

52 2620 93 2647 ὑπο
113 2624 157 2659 τῆς
176 2626 253 2661 τένης
269 2626 304 2642 ε’·
324 2627 404 2653 αὐτοῦ
424 2629 539 2664 μορφῆς,
560 2628 628 2665 πλὴν
647 2631 703 2662 τοϊς
721 2630 812 2662 ἄλλοις

52 2668 119 2695 πᾶσιν
129 2671 142 2696 ὁ
155 2671 270 2704 Φαῦστος
285 2672 355 2705 δόξει
371 2671 438 2700 εἶναι
455 2674 556 2709 Σίμων.

897 249 1062 283 suademus,
1087 260 1122 279 ne
1136 253 1168 280 ad
1183 254 1313 288 oppidum
1337 256 1403 284 illud
1431 249 1582 293 ascendas;
1595 263 1683 292 donec

896 295 1061 329 viderimus,
1077 305 1144 326 num
1156 299 1202 327 illo
1213 307 1324 336 egresso
1334 305 1451 338 populus
1462 306 1605 336 calumnia:
1617 317 1682 338 con-

896 345 937 369 tra
952 347 978 370 te
990 343 1174 374 disseminata
1189 347 1313 377 oblivisci
1327 351 1424 384 possit.

930 431 999 459 XIV.
1014 433 1079 466 Quae
1090 443 1153 464 cum
1168 437 1202 470 is,
1217 439 1264 474 qui
1280 442 1429 474 praecessit.
1445 445 1609 480 nuntiasset,
1623 447 1678 476 Pe-

895 482 953 505 trus
976 479 1002 506 in
1029 484 1132 515 patrem
1154 489 1280 512 nostrum
1299 488 1447 522 respiciens
1468 490 1557 520 dixit:
1577 479 1676 528 Audis,

894 521 1005 557 Fauste,
1019 529 1251 563 metamorpliosin
1268 521 1401 566 tuanrper
1415 533 1552 564 Simonem
1568 521 1676 574 Maguui

894 569 993 597 factam
1007 579 1077 606 esse,
1097 577 1128 600 ut
1152 582 1195 602 am
1209 583 1332 611 apparet.
1348 578 1416 607 Nam
1431 589 1494 609 cum
1507 569 1625 619 putaret:
1641 587 1676 614 ad

892 622 1002 649 pcenam
1016 625 1045 645 se
1061 626 1076 645 a
1089 619 1196 648 Caesare
1213 623 1311 657 quaeri,
1329 627 1440 655 territus
1458 627 1530 664 fugit
1547 638 1580 658 ac
1593 639 1675 660 suum

893 661 941 689 tibi
961 663 1066 692 vultum
1087 666 1202 701 atlinxit,
1217 673 1247 696 ut
1263 675 1290 698 te
1311 677 1398 700 morte
1414 661 1522 703 sublato
1539 677 1602 705 filiis
1620 680 1676 708 tuis

893 709 1003 737 tristitia
1021 717 1172 746 pareretur.
1199 715 1238 742 Ac
1263 721 1348 751 pater,
1373 718 1432 747 hac
1446 721 1570 755 audiens,
1584 723 1675 759 lacry-

892 763 971 784 mans
984 761 1011 784 et
1024 758 1129 792 ejulans
1143 761 1303 790 exclamavit
1316 772 1323 791 :
1336 764 1416 793 Recte
1430 766 1568 802 divinasti,
1577 758 1671 798 Patre!

892 801 997 830 Etenim
1012 803 1158 833 Annubion
1172 808 1278 836 amicus
1295 817 1338 837 me
1349 810 1465 846 diligens
1478 813 1529 840 sub
1543 801 1672 850 mysterio

892 848 1008 883 quodam
1017 850 1130 880 insidias
1138 853 1284 882 collocatas
1291 856 1356 883 mihi
1366 848 1608 889 indicavit.Verum
1619 870 1671 899 ego

848 896 871 924 Β
885 892 977 922 infelix
986 903 1040 923 non
1047 897 1201 932 credebam,
1211 907 1272 928 nam
1289 901 1387 936 dignus
1400 912 1475 932 eram
1487 906 1533 940 qui
1550 913 1669 941 paterer.

920 938 980 967 XV.
996 940 1043 969 His
1062 949 1077 969 a
1098 948 1175 977 patre
1197 945 1287 980 dictis,
1305 947 1376 976 haud
1395 950 1481 978 multo
1571 953 1668 982 Annu-

885 986 950 1013 bion
977 987 1010 1014 ad
1033 995 1084 1016 nos
1110 991 1193 1023 venit,
1215 991 1352 1021 Simonem
1374 994 1475 1031 fugisse
1492 999 1621 1027 nuntians
1641 1006 1669 1029 et

884 1031 929 1059 illa
943 1037 1022 1061 nocte
1031 1033 1152 1062 Iudaeam
1165 1037 1286 1072 petiisse.
1301 1039 1340 1067 Ac
1353 1048 1414 1068 cum
1426 1047 1529 1077 patrem
1543 1050 1668 1075 nostrum

884 1078 1019 1107 inveniret
1031 1081 1159 1110 atllictum
1174 1088 1201 1111 et
1211 1092 1273 1113 cum
1287 1086 1414 1123 lacrymis
1426 1089 1558 1118 dicentem
1571 1101 1577 1120 :
1589 1091 1612 1120 Ο
1622 1101 1667 1121 me

883 1124 1013 1151 miserum
1024 1145 1032 1159 ,
1050 1127 1096 1162 qui
1112 1135 1222 1164 magum
1235 1137 1296 1158 esse
1310 1131 1386 1159 illum
1405 1133 1519 1163 audiens
1532 1143 1587 1163 non
1603 1145 1666 1165 cre-

882 1168 1012 1198 diderim!
1030 1171 1082 1200 Per
1099 1181 1182 1201 unam
1202 1174 1274 1202 diem
1291 1177 1326 1204 ab
1349 1185 1434 1206 uxore
1454 1183 1481 1207 et
1501 1181 1566 1209 tiliis
1586 1190 1666 1210 reco-

883 1214 973 1248 gnitus
987 1215 1021 1243 ad
1035 1217 1153 1251 priorem
1167 1220 1269 1248 erroris
1283 1221 1421 1250 miseriam
1439 1224 1564 1254 celeriter
1578 1227 1666 1255 infor-

881 1261 994 1288 tunatus
1006 1269 1132 1290 reversus
1148 1271 1219 1292 sum.
1235 1264 1321 1294 Mater
1333 1275 1398 1296 vero
1409 1269 1539 1306 plangens
1551 1273 1664 1308 capillos

881 1306 990 1335 evulsit.
1013 1306 1123 1343 NOSque
1144 1310 1177 1337 de
1197 1312 1283 1346 patris
1303 1316 1503 1348 permutatione
1523 1306 1663 1354 stupentes

881 1350 1073 1387 ingemuimus,
1091 1363 1142 1383 nec
1161 1357 1226 1392 quid
1246 1358 1285 1386 rei
1306 1364 1379 1387 esset
1402 1361 1551 1399 intelligere
1569 1350 1662 1400 potui-

880 1404 952 1426 mus.
973 1398 1120 1428 Annubion
1143 1406 1233 1429 autem
1255 1403 1309 1432 hoc
1329 1406 1424 1435 videns
1445 1398 1534 1437 stabat
1553 1398 1663 1440 silentio

879 1442 994 1471 defixus.
1020 1444 1088 1472 Tum
1112 1446 1209 1475 Petrus
1231 1450 1311 1478 nobis
1334 1451 1398 1480 filiis
1419 1461 1511 1482 coram
1534 1457 1662 1487 omnibus

879 1488 963 1516 dixit:
979 1489 1044 1518 Mlhi
1062 1493 1175 1527 credite,
1191 1494 1268 1523 hicce
1282 1502 1323 1524 est
1337 1497 1455 1527 Faustus
1469 1505 1546 1535 pater
1560 1508 1660 1533 vester.

878 1533 1023 1569 Propterea
1038 1545 1086 1564 vos
1102 1538 1214 1573 hortor,
1239 1546 1268 1568 ut
1288 1541 1412 1572 habeatis
1432 1533 1494 1572 enin
1521 1549 1660 1581 quomodo

877 1585 992 1615 patrem.
1009 1582 1080 1611 Deus
1102 1585 1172 1612 enim
1189 1586 1320 1621 prabebit
1336 1589 1507 1619 occasionem
1522 1593 1659 1629 aliquant,

876 1632 930 1659 qua
946 1625 1065 1655 Simonis
1079 1629 1154 1656 vultu
1170 1635 1252 1659 exuto
1266 1633 1351 1666 patris
1366 1636 1447 1662 vestri
1461 1625 1599 1665 evident-er

877 1678 1007 1706 cuperare
1024 1674 1111 1708 possit
1128 1675 1254 1710 effigiem.
1274 1677 1379 1710 Quibus
1395 1681 1428 1707 ad
1446 1689 1496 1710 nos
1512 1682 1593 1711 dictis
1608 1693 1659 1719 pa-

875 1720 943 1744 trem
964 1718 1089 1747 intuens:
1106 1720 1162 1756 Ego
1178 1722 1236 1755 tibi,
1254 1723 1350 1758 inquit,
1368 1728 1489 1760 permisi,
1510 1733 1540 1756 ut
1554 1718 1657 1765 Appio-

874 1769 936 1788 ncm
951 1768 978 1790 et
990 1763 1180 1792 Annubionem
1195 1767 1343 1796 salutatum
1359 1770 1413 1798 ires
1427 1772 1491 1806 quia
1503 1781 1551 1801 eos
1562 1763 1657 1809 a-pue-

873 1808 913 1834 ris
928 1808 976 1835 tibi
991 1809 1093 1837 amicos
1108 1818 1169 1839 esse
1182 1814 1334 1848 asserebas,
1351 1823 1404 1843 non
1417 1822 1447 1845 ut
1460 1817 1566 1847 Simoni
1578 1821 1656 1857 Mago

873 1856 1084 1883 conversareris.

907 1898 976 1926 XVI.
993 1899 1026 1927 Et
1039 1906 1130 1935 pater:
1146 1902 1269 1937 Peccavi,
1284 1905 1382 1940 inquit,
1399 1906 1494 1937 fateor.
1510 1909 1550 1938 Ac
1560 1911 1656 1939 Annu-

872 1943 952 1971 bion:
970 1944 1024 1979 Ego
1039 1953 1163 1981 quoque,
1179 1948 1285 1984 inquitl
1313 1951 1395 1978 simul
1410 1960 1472 1980 cum
1493 1962 1526 1982 eo
1544 1959 1569 1983 te
1587 1964 1654 1991 rogo

871 1993 901 2015 ut
917 1989 975 2015 seni
988 1997 1119 2024 generoso
1131 1995 1158 2018 et
1171 1992 1243 2020 bono
1255 1994 1368 2030 decepto
1380 1997 1515 2032 ignoscas.
1529 1989 1653 2037 Namque

870 2033 962 2061 infelix
978 2035 1124 2063 ludibrium
1138 2037 1226 2066 factus
1235 2044 1277 2067 est
1288 2040 1424 2069 decantati
1436 2044 1509 2073 illius
1522 2033 1650 2076 hominis.

870 2078 923 2107 Sed
944 2081 1001 2115 jam
1020 2083 1136 2110 narrabo
1157 2086 1294 2118 quomodo
1317 2089 1457 2118 acciderit.
1487 2091 1579 2121 Bonus
1606 2094 1652 2123 hic

869 2132 951 2153 senex
972 2127 1044 2154 venit
1065 2128 1100 2155 ad
1122 2137 1172 2157 nos
1195 2131 1364 2161 salutandos.
1381 2135 1500 2172 Conligit
1513 2143 1603 2167 autem
1620 2145 1651 2169 ut

868 2171 913 2199 illa
926 2172 992 2200 liora
1005 2181 1066 2200 cum
1084 2174 1196 2204 Simone
1210 2186 1344 2212 essemus,
1356 2181 1402 2215 qui
1415 2181 1475 2216 ipsa
1491 2189 1571 2212 nocte
1585 2185 1648 2221 fuga

868 2225 897 2245 se
909 2218 1015 2247 salvare
1027 2220 1149 2255 volebat,
1172 2230 1234 2250 cum
1253 2225 1389 2260 audisset,
1406 2228 1501 2256 adesse
1515 2231 1648 2264 quosdam

867 2263 894 2290 in
913 2263 965 2291 hac
981 2264 1123 2294 Laodiceae
1141 2268 1264 2302 civitate,
1280 2270 1326 2304 qui
1340 2279 1373 2298 ex
1387 2273 1559 2308 imperatoris
1578 2284 1648 2310 pne-

867 2313 945 2344 cepto
959 2318 1020 2338 eum
1036 2318 1198 2346 quaererent.
1220 2314 1253 2341 Et
1274 2320 1418 2351 postquam
1439 2327 1547 2347 omnem
1566 2329 1647 2350 suum

865 2355 987 2383 furorem
1011 2362 1106 2384 contra
1130 2358 1260 2387 Faustum
1282 2362 1435 2397 ingressum
1461 2372 1645 2399 converterat,

865 2401 902 2427 ita
917 2401 951 2428 ad
971 2410 1021 2430 nos
1038 2403 1145 2432 locutus
1160 2410 1219 2432 est:
1235 2406 1330 2441 Illum,
1343 2410 1390 2443 qui
1406 2410 1530 2444 advenit,
1547 2421 1647 2441 mensa:

865 2452 1018 2475 consortem
1034 2450 1176 2477 vobiscum
1191 2451 1315 2486 faciatis,
1332 2462 1382 2489 ego
1396 2463 1461 2483 vero
1476 2463 1645 2492 unguentum

865 2494 1000 2527 quoddam
1016 2502 1189 2530 componam.
1205 2505 1260 2532 quo
1277 2507 1355 2526 suam
1371 2501 1457 2535 ipsius
1471 2502 1566 2531 facient
1584 2511 1645 2540 post

863 2545 970 2566 coenam
986 2545 1134 2574 perunctus
1151 2543 1278 2571 omnibus
1293 2553 1383 2572 meum
1404 2548 1508 2575 vultum
1523 2550 1643 2578 circum-

863 2583 932 2611 ferre
939 2585 1224 2614 videatur.Vosautem
1233 2589 1323 2618 herbre
1330 2591 1471 2626 cujusdam
1480 2601 1563 2622 succo
1573 2604 1588 2622 a
1600 2605 1643 2625 me

861 2630 937 2664 prius
943 2632 1065 2665 peruncti
1078 2640 1132 2660 non
1146 2633 1276 2661 fallemini
1286 2635 1320 2663 de
1327 2642 1494 2666 commutato
1501 2640 1574 2668 illius
1583 2644 1642 2670 vul-

861 2681 901 2710 tu;
911 2682 937 2704 at
945 2679 1050 2707 caneris
1059 2679 1186 2708 omnibus
1196 2680 1314 2710 Faustus
1322 2690 1382 2711 esse
1392 2685 1526 2714 videbitur
1534 2687 1637 2718 Simon.

658 2743 774 2773 νΑΒΙίΕ
793 2745 995 2776 LECTIONES.

74 2793 378 2842 ῗ.⁷τἈν’2ἕ.ίων.ςεὶς).ο--
394 2801 552 2842 "13541250.-
593 2801 615 2842 τ’
630 2802 718 2842 γέρων
734 2804 764 2830 ο-
797 2804 826 2842 ,κ
835 2805 961 2842 Λαοδικίᾳ
977 2809 1004 2834 ο-
1044 2809 1065 2825 υ

52 2825 103 2854 But.
116 2838 140 2862 χ,
157 2832 198 2868 se,
236 2825 389 2868 -ἶδόὲεῖο,
433 2825 730 2866 ἶῖῖέἰοόπιωέίέῗέη

53 2867 214 2896 (gn-animalia
226 2868 294 2897 forte
305 2867 357 2898 erit
373 2871 539 2900 consultum.
553 2871 602 2899 En.
618 2872 703 2900 Pun.

1074 2809 1223 2849 sirempse:
1240 2812 1330 2849 addidi
1349 2821 1381 2840 ex
1397 2815 1562 2849 conjectura.
1581 2815 1636 2843 Cfr.

749 2840 904 2876 archetypo.
933 2840 960 2869 Si
989 2843 1066 2878 ξένης
1082 2840 1258 2880 iegeri‘sfuna
1271 2847 1361 2877 littera
1382 2840 1638 2883 ηιυιεῖῐξιξέεῦὲυῖ-ει
