1917 3100
247 131 297 160 I63

679 128 708 156 S.
725 127 918 156 CLEMENTIS
936 129 946 155 I
965 127 1047 155 ROM.
1067 127 1168 156 PONT.
1186 127 1301 155 OPEBA
1317 127 1431 156 DUBIA.

1811 130 1854 158 ιω

281 188 361 217 XVII.
379 188 445 222 Quae
457 194 520 215 cum
544 187 590 214 ille
608 186 791 221 praedixisset:
809 185 968 218 Quodnam,
985 185 1027 211 in-

1114 183 1194 210 XVII.
1218 183 1336 211 Ἐκείνου
1351 183 1379 210 δὲ
1390 183 1477 211 ταῦτα
1490 184 1667 220 προλέγοντος
1680 184 1764 221 ἔφην’
1776 186 1805 212 Τί
1814 186 1856 213 νῦν

245 243 344 270 quam,
359 234 408 261 tibi
426 234 532 261 lucrum
552 233 642 259 veniet
663 239 696 259 ex
715 231 905 266 hujuscemodi
923 230 1014 258 machi

246 281 372 308 natione?
386 280 424 307 Ac
435 279 528 307 Simon
544 278 682 313 respondit
694 288 699 305 :
715 277 836 305 Primum
850 277 971 312 quidem,
981 276 1028 303 illo

245 331 341 361 capto,
357 327 402 361 qui
419 333 462 352 me
479 330 618 360 quazrunt,
640 324 847 358 investigatione
867 327 960 350 contra
984 330 1028 350 me

246 372 311 399 inita
328 373 468 400 desistent.
490 371 518 398 Si
534 378 599 398 vero
613 370 694 398 etiam
712 378 795 397 manu
811 370 885 404 regia
904 369 1028 396 sublatus

247 419 338 450 fuerit,
354 425 517 453 magnopere
534 417 663 452 Iugebunt
679 417 725 444 filii
742 417 812 451 ejus,
831 416 878 451 qui
894 423 937 442 me
950 416 1029 442 dere-

247 465 312 492 licto
321 464 354 492 ad
367 463 476 491 Petrum
489 471 550 491 sese
562 463 746 495 contulerunt,
758 463 836 498 eique
847 461 1025 489 collaborant.

246 510 305 538 .lam
315 511 388 538 enim
397 510 456 543 tibi,
476 509 563 544 Petro,
578 517 671 537 verum
679 509 818 541 confiteor,
828 509 923 536 timore
936 507 1027 534 Simo-

247 558 289 585 nis
302 564 344 584 me
351 555 742 591 esseimpeditum,quominus
756 555 857 582 Fausto
873 555 929 581 haec
940 554 1027 589 signi-

246 602 366 630 ﬁcarem.
381 601 481 629 Verum
496 602 635 629 enimvero
648 609 682 628 ne
695 605 801 636 tempus
812 601 919 636 quidem
932 599 1027 628 Simon

245 649 325 676 nobis
336 648 410 676 dedit
423 648 553 675 secretius
568 647 757 683 colloquendi;
771 647 839 675 alias
855 654 966 682 pravum
984 646 1027 673 Si-

245 694 336 722 monis
368 694 514 722 consilium
541 694 565 722 ei
593 693 791 729 patefecissem.
814 692 917 720 Interea
939 693 1027 720 media

245 746 325 770 nocte
348 749 497 776 exsurgens
521 740 614 768 Simon
635 739 756 767 Iudaeam
780 739 843 775 fuga
867 739 944 774 petiit
963 746 1027 766 cum

245 789 390 817 comitibus
412 789 534 824 Appione
552 792 579 816 et
597 787 783 816 Athenodoro.
800 787 876 814 Tunc
890 795 940 822 ego
954 787 1028 814 vale-

246 834 346 861 tudinis
365 833 537 861 incommoda
559 833 641 865 tinxi,
659 838 689 860 ut
706 833 780 860 domi
800 840 943 860 remanens
965 836 1027 867 post

245 879 354 906 illorum
377 879 569 914 profectionem
588 879 713 906 celeriter
729 886 792 906 eum
807 879 840 906 ad
853 885 918 906 suos
929 878 1024 905 remit-

244 930 341 958 terem,
355 926 377 953 si
391 925 460 952 forte
476 925 547 960 apud
562 933 611 953 vos
627 925 719 960 aliquo
732 925 813 953 modo
826 928 920 959 posset
933 924 1025 952 occul-

244 972 308 1005 tari,
324 979 357 999 ne
369 979 385 998 a
399 970 519 998 Simonis
530 970 770 1006 investigatoribus
785 975 881 1005 captus
893 970 953 1005 ejus
965 970 1026 997 loco

243 1018 318 1053 regio
329 1017 392 1045 odio
405 1017 515 1052 periret.
531 1016 625 1052 Itaque
640 1021 720 1044 nocte
735 1017 897 1052 intempesta
912 1024 975 1043 eum
991 1017 1025 1044 ad

243 1070 292 1090 vos
309 1063 383 1095 misi,
396 1062 583 1097 sollicitusque
596 1067 677 1089 noctu
692 1062 813 1097 perveni,
829 1066 858 1089 ut
872 1069 935 1090 eum
947 1062 1022 1089 vide-

245 1117 301 1136 rem
317 1116 349 1136 ac
361 1109 480 1136 velocius
494 1107 622 1141 redirem,
634 1109 792 1143 priusquam
807 1109 1024 1144 supervenirent,

243 1155 289 1189 qui
309 1154 449 1182 Simonem
464 1154 586 1182 comitati
604 1159 676 1182 sunt.
694 1153 726 1181 Et
741 1162 890 1183 conversus
905 1155 939 1182 ad
955 1162 1024 1182 nos:

244 1200 300 1236 Ego
324 1201 487 1234 Annubion,
512 1201 618 1235 inquit,
637 1201 721 1235 patris
736 1201 820 1228 vestri
834 1209 928 1228 verum
947 1202 1026 1230 video

243 1247 358 1281 vultum,
370 1247 469 1282 quippe
476 1247 522 1282 qui
531 1254 545 1273 a
555 1247 668 1274 Simone
683 1251 832 1282 perunctus
844 1247 954 1281 fuerim,
968 1248 1026 1276 sic-

243 1293 282 1321 uti
297 1297 374 1320 antea
389 1292 524 1326 enarravi,
539 1297 569 1320 ut
595 1300 658 1320 vera
670 1292 763 1322 Fausti
779 1293 863 1321 facies
877 1294 945 1321 meis
959 1301 1026 1321 ocu-

243 1339 277 1366 lis
292 1343 445 1374 appareret.
462 1338 539 1366 Unde
553 1343 649 1374 stupeo
664 1343 745 1374 atque
763 1339 888 1367 admiror
905 1339 1025 1368 Simonis

243 1384 372 1419 magiam,
397 1384 470 1419 quod
491 1392 540 1412 vos
561 1384 769 1412 circumstantes
784 1390 887 1419 patrem
904 1390 1024 1414 vestrum

243 1438 298 1457 non
314 1430 469 1465 agnoscitis.
486 1429 626 1457 Flentibus
640 1434 730 1458 autem
745 1435 821 1465 patre
833 1435 859 1458 et
873 1435 959 1459 matre
973 1439 1024 1459 no-

244 1475 411 1510 bisqueipsis
421 1475 454 1502 de
460 1475 598 1502 communi
607 1475 772 1509 calamitate,
785 1477 1024 1505 commiseratione

242 1524 396 1547 commotus
407 1519 487 1547 ﬂebat
500 1524 527 1547 et
541 1520 700 1548 Annubion.

278 1642 370 1670 XVIII.
384 1642 454 1670 Tum
475 1642 572 1671 Petrus
592 1643 661 1678 patri
675 1644 780 1672 vultum
792 1652 822 1673 se
834 1645 1023 1673 restituturum

242 1689 322 1716 nobis
344 1689 470 1724 promisit
492 1689 526 1716 ad
541 1697 602 1717 eum
618 1690 730 1719 dicens:
746 1691 881 1719 Audivisti
892 1711 900 1723 ,
914 1691 1022 1724 Fauste.

241 1743 302 1770 qua:
322 1735 356 1763 ad
380 1743 431 1763 nos
453 1739 586 1770 spectant.
606 1736 636 1764 Si
655 1736 718 1764 ﬁcta
742 1737 769 1764 in
789 1743 814 1765 te
827 1738 919 1765 vultus
933 1738 1024 1773 imago

241 1782 316 1809 utilis
328 1781 407 1810 nobis
419 1781 466 1809 ﬁat
475 1787 503 1809 et
517 1787 544 1810 tu
559 1790 610 1810 nos
621 1783 761 1818 adjuveris
772 1784 806 1811 ad
817 1792 860 1818 ea,
873 1792 934 1819 quae
947 1792 1024 1812 man-

241 1828 322 1860 dabo,
342 1832 405 1856 tunc
415 1828 551 1863 propriam
569 1828 618 1855 tibi
632 1829 773 1856 restituam
786 1829 892 1862 faciem,
909 1830 932 1857 si
947 1829 1023 1865 prius

240 1872 337 1901 feceris
358 1881 419 1908 quae
443 1874 491 1902 tibi
511 1874 631 1909 iussero.
655 1873 694 1903 Ac
722 1875 793 1910 patri
806 1875 926 1903 dicenti:
941 1876 1023 1910 Quae-

239 1927 346 1954 cunque
359 1928 487 1954 possum,
506 1920 631 1948 lubenter
646 1921 799 1956 perﬁciam,
817 1922 841 1949 si
858 1922 940 1950 modo
955 1923 1024 1950 meis

240 1965 353 2000 etllgiem
369 1974 457 1993 meam
469 1967 578 2000 reddas,
595 1966 692 1995 Petrus
706 1968 862 2002 respondit:
876 1967 935 2003 Ipse
949 1969 1024 1996 auri-

240 2012 291 2039 bus
306 2012 361 2040 tuis
373 2012 471 2040 audisti
485 2020 517 2039 ex
533 2013 578 2046 iis,
592 2014 640 2048 qui
653 2021 669 2041 a
680 2021 724 2041 me
736 2014 869 2049 praemissi
879 2015 1022 2043 Antiochia

241 2057 396 2089 redierunt.
414 2058 551 2093 quomodo
568 2058 661 2086 Simon
682 2059 738 2087 illic
753 2063 877 2088 versatus
899 2061 1023 2090 multitu-

241 2103 331 2130 dinem
347 2103 521 2131 vehementer
535 2107 630 2131 contra
645 2112 688 2131 me
706 2105 851 2138 excitarit,
871 2113 979 2142 magum
995 2113 1023 2135 et

241 2148 314 2176 caede
334 2149 483 2183 pollutum.
506 2150 678 2185 deceptorem
699 2155 726 2179 et
739 2153 962 2188 praestigiatorem
979 2163 1022 2184 me

1081 238 1121 256 σοι
1137 231 1169 256 ἐκ
1189 229 1238 265 τῆς
1261 229 1389 265 τοιαύτης
1413 230 1536 265 μηχανῆς
1560 230 1617 257 ὲοτι
1639 230 1751 266 κέρδος
1777 232 1826 258 Καὶ
1843 233 1857 258 ὁ

1079 275 1169 310 Σίμων
1185 274 1247 310 ἔφη·
1263 274 1375 310 Πρῶτον
1393 274 1442 310 μὲν
1468 274 1643 307 συλλαϐόντες
1664 275 1746 307 αὐτὸν
1769 276 1792 302 οἱ
1810 276 1856 312 ἐμι

1080 319 1224 355 ζητοῦντες
1239 320 1389 348 παύσονται
1403 321 1452 356 τῆς
1474 321 1533 348 κατ’
1550 321 1617 356 ἐμοῦ
1633 321 1782 357 ζητήσεως.
1793 323 1857 350 Είδὲ

1077 366 1124 392 καὶ
1141 366 1193 392 ὑπὸ
1208 365 1350 402 βασιλικῆς
1366 366 1455 402 χειρὸς
1470 366 1637 402 ἀναιρεθείη,
1654 367 1780 403 μέγιστον
1798 368 1844 395 ’κέν

1077 413 1123 446 θος
1138 413 1243 446 ἕξουσιν
1270 415 1294 441 οί
1310 414 1408 441 τούτου
1421 414 1526 446 παῖδες,
1543 414 1568 440 οἶ
1586 422 1658 446 τινες
1681 415 1733 450 ἐμὲ
1756 416 1858 446 καταλι-

1079 460 1185 492 πόντες,
1203 459 1417 495 προσφυγόντίες
1432 459 1473 495 τῷ
1488 459 1594 497 Πέτρῳ]
1609 460 1793 496 συνεργοῦσιν.
1807 462 1858 489 Νῦν

1077 505 1131 541 γάρ
1139 514 1190 538 σοι,
1199 502 1221 532 ὦ
1229 505 1327 541 Πέτρε,
1335 505 1459 541 ὁμολογῶ
1464 504 1498 532 τὰ
1505 505 1601 541 ἀληθῆ,
1608 506 1649 533 δτι
1659 506 1812 543 ἐφοϐούμην
1817 508 1859 535 τὸν

1077 548 1198 585 [Σίμωνα
1208 569 1215 582 ,
1229 549 1269 585 τῷ
1295 549 1375 586 ιιι
1404 549 1530 585 Φαύ]στῳ
1544 550 1622 577 τοῦτο
1637 551 1749 587 μηνύειν
1759 552 1791 578 ’³.
1806 552 1860 579 ἀλλ’

1076 594 1136 621 οὐδὲ
1150 595 1244 631 καιρὸν
1259 596 1326 630 ἡμῖν
1340 597 1354 622 ό
1377 595 1468 631 Σίμων
1488 595 1573 622 ἐδίδου
1597 596 1665 631 πρὸς
1684 597 1715 624 τὸ
1740 597 1859 630 [διάξειν-

1077 638 1114 674 [sl
1130 639 1180 676 μὴ]
1191 640 1215 656 ’δ
1230 640 1305 675 αὐτῷ
1320 641 1370 676 τὴν
1385 641 1418 666 ἐκ
1431 640 1478 667 τοῦ
1493 640 1614 676 Σίμωνος
1630 642 1717 678 κακὴν
1731 642 1764 669 ἂν
1780 642 1862 678 ἑφηνα

1078 684 1184 721 βουλήν.
1197 686 1269 722 Πλὴν
1280 687 1309 712 ἐν
1321 686 1390 722 μέσῃ
1401 694 1434 720 γε
1445 686 1523 712 νυκτὶ
1533 686 1651 719 ἀναστὰς
1659 688 1674 714 ὁ
1684 688 1775 723 Σίμων
1784 688 1831 724 τὴν
1841 689 1861 705 ⁸⁸

1077 731 1123 758 ἐπὶ
1141 731 1268 759 Ἰουδαίαν
1282 733 1398 758 ἐποιεῖτο
1412 731 1511 767 φυγὴν,
1529 733 1757 768 προπεμπόμενος
1772 734 1823 761 ὑπό
1834 743 1862 761 τε

1083 776 1236 810 Ἀππίωνος
1251 778 1297 804 καὶ
1319 777 1512 813 Ἀθηνοδώρου.
1532 777 1597 805 Τότε
1619 778 1674 813 ἐγὼ
1696 779 1863 815 δυσαρέστως

1078 822 1150 858 ἔχειν
1164 823 1195 851 τὸ
1210 823 1289 859 σῶμα
1304 824 1507 860 ὑπεκρινάμην,
1528 826 1602 857 ὅπως
1627 824 1720 860 μείνας
1746 825 1814 860 μετὰ
1835 826 1863 852 τὺ

1075 869 1196 900 ἐκείνους
1211 869 1374 904 πορευθῆναι
1391 869 1472 901 εὐθὺς
1488 870 1568 898 αὐτὸν
1582 870 1628 896 ἐπὶ
1639 867 1776 896 τὰέαυτοῦ
1783 868 1863 896 ἐπαν-

1081 910 1167 939 ελθεῖν
1199 914 1316 950 ποιήσω,
1333 915 1360 941 εἴ
1375 922 1426 941 που
1442 915 1550 942 δύναιτο
1574 916 1638 951 παρ’
1659 916 1724 951 ὑμῖν
1747 915 1863 950 κρυπτό-

1077 968 1157 995 μενος
1172 959 1313 987 λανθάνειν
1334 961 1432 995 μήπως
1448 961 1501 988 ὑπὸ
1514 961 1568 988 τῶν
1582 961 1701 998 Σίμωνος
1715 960 1865 996 ζητούντων

1075 1004 1113 1036 ὡς
1138 1005 1229 1040 Σίμων
1250 1005 1361 1041 ληφθεὶς
1383 1006 1435 1032 ὑπὸ
1461 1006 1604 1043 βασιλικῆς
1628 1007 1713 1043 ὀργῆς
1732 1007 1863 1042 ἀποθάνῃ.

1084 1050 1199 1086 ’Δωρίας
1211 1048 1257 1078 οὖν
1269 1051 1351 1078 αὐτὸν
1362 1050 1539 1084 ὲξαπέστειλα
1551 1053 1620 1088 πρὸς
1633 1053 1715 1088 ὑμᾶς,
1729 1053 1778 1079 καὶ
1790 1052 1866 1088 κηδό-

1078 1104 1156 1131 μενος
1173 1097 1256 1124 αὐτοῦ
1273 1097 1363 1133 νύχιος
1377 1095 1458 1133 ἦλθον
1473 1097 1604 1133 ὀψόμενός
1618 1107 1648 1124 τε
1661 1097 1742 1125 αὐτὸν
1757 1099 1804 1125 καὶ
1817 1097 1864 1124 τά-

1077 1151 1134 1177 χιον
1148 1142 1373 1178 ἀπελευσόμενος,
1387 1143 1451 1180 πρὶν
1462 1144 1525 1175 τοὺς
1538 1143 1698 1179 πέμψαντας
1710 1143 1768 1179 [τὸν
1779 1144 1866 1179 Σίμω-

1077 1187 1121 1223 να]
1137 1188 1294 1216 ἐπανελθεῖν
1304 1189 1336 1215 ’⁸.
1353 1189 1407 1216 Καὶ
1431 1188 1603 1224 προσϐλέψας
1626 1190 1690 1224 ἡμῖν
1713 1189 1776 1226 ἔφη’
1797 1189 1865 1224 Ἐγὼ

1082 1234 1240 1263 ’Δννουϐίων
1253 1234 1302 1269 τὴν
1317 1234 1363 1261 τοῦ
1380 1235 1483 1270 πατρὸς
1498 1235 1575 1270 ὑμῶν
1589 1235 1675 1271 άληθῆ
1690 1235 1798 1272 μορφὴν
1811 1235 1865 1271 ὁρῶ

1075 1279 1284 1315 ὲναλειψάμενος
1299 1280 1344 1307 ὑπ’
1360 1279 1442 1307 αὐτοῦ
1465 1280 1512 1306 τοῦ
1535 1280 1670 1315 Σίμωνος,
1692 1280 1730 1312 ὡς
1756 1281 1863 1316 προεδι»

1075 1325 1222 1362 ηγησάμην
1231 1326 1263 1358 ’⁷,
1281 1326 1324 1352 ἵνα
1338 1327 1394 1358 τοῖς
1409 1326 1484 1362 ἐμοῖς
1495 1325 1643 1361 ὀφθαλμοῖς
1656 1327 1673 1362 ἡ
1685 1325 1787 1363 ἀληθὴς
1797 1325 1867 1355 Φαύ-

1076 1380 1139 1400 στου
1155 1371 1284 1407 φαίνηται
1306 1372 1406 1407 μορφή.
1430 1371 1670 1407 Ἐκπεπληγμένος
1692 1369 1740 1399 οὖν
1765 1373 1868 1410 σφόδρα

1075 1417 1207 1453 θαυμάζω
1223 1417 1272 1452 τὴν
1287 1417 1407 1453 Σίμωνος
1424 1417 1550 1453 μαγείαν,
1565 1418 1605 1444 ὄτι
1615 1417 1731 1449 ἑστῶτες
1741 1417 1788 1444 τὸν
1801 1417 1869 1452 ὑμέ-

1074 1470 1152 1498 τερον
1166 1463 1198 1490 οὐ
1215 1463 1362 1498 γνωρίζετε
1373 1463 1396 1478 ’⁸
1411 1462 1530 1498 πατέρα.
1552 1463 1706 1490 κλαιόντων
1722 1463 1752 1489 δὲ
1768 1463 1818 1493 τοῦ
1838 1472 1868 1490 τε

1076 1507 1177 1543 πατρὸς
1192 1508 1239 1535 καὶ
1252 1508 1302 1544 τῆς
1317 1508 1419 1544 μητρὸς
1435 1509 1482 1536 καὶ
1498 1508 1576 1544 ὴμῶν
1591 1509 1679 1536 αὐτῶν
1695 1509 1744 1538 ἐπὶ
1759 1510 1793 1545 τῇ
1811 1518 1869 1537 κοι-

1075 1554 1107 1588 νῇ
1125 1553 1232 1581 πάντων
1249 1553 1328 1589 ήμῶν
1343 1554 1480 1590 συμφορᾷ,
1504 1554 1685 1590 συμπαθήσας
1702 1554 1751 1582 καὶ
1767 1555 1781 1583 ὁ
1808 1554 1868 1581 ’Δν-

1075 1599 1187 1626 νουδίων
1204 1599 1353 1636 ἐδάκρυσεν
1360 1621 1366 1627 .

1110 1643 1201 1672 XVIII.
1212 1645 1278 1672 Τότε
1288 1645 1334 1672 καὶ
1341 1646 1355 1672 ό
1365 1646 1467 1681 Πέτρος
1473 1646 1523 1681 τῆς
1531 1646 1578 1673 τοῦ
1587 1646 1689 1682 πατρὸς
1698 1646 1807 1682 μορφῆς
1817 1646 1868 1682 τὴν

1074 1690 1294 1718 ἀποκατάστασιν
1322 1690 1404 1727 412
1426 1692 1492 1727 ἡμῖν
1507 1692 1688 1728 ἐπηγγείλατο
1699 1692 1783 1718 εἰσαὶιν
1798 1692 1870 1727 πρὸς

1075 1736 1169 1763 αὐτόν·
1189 1736 1337 1769 Ἤκουσας,
1363 1733 1386 1762 ὦ
1407 1736 1523 1769 Φαῦστε,
1547 1737 1582 1764 τὰ
1603 1737 1663 1764 καθ’
1677 1738 1763 1772 ἡμᾶς·
1781 1737 1869 1767 Ὅταν

1073 1779 1120 1808 οὖν
1135 1782 1200 1817 ἡμῖν
1213 1782 1347 1817 χρήσιμος
1360 1782 1377 1817 ὴ
1391 1782 1570 1818 περικειμένη
1593 1791 1633 1809 σοι
1655 1782 1756 1815 πλάνος
1773 1783 1869 1818 μορφὴ

1073 1827 1186 1863 γένηται
1195 1828 1241 1854 καὶ
1253 1828 1429 1864 ὑπουργήσῃς
1439 1829 1514 1864 ἡμῖν,
1527 1828 1594 1864 πρὸς
1603 1828 1623 1855 ἃ.
1633 1828 1793 1864 κελεύομεν,
1806 1829 1870 1855 τότε

1074 1873 1150 1908 κάγώ
1165 1882 1205 1900 σοι
1215 1873 1263 1909 τὴν
1274 1873 1402 1910 ἀληθινήν
1415 1882 1461 1900 σου
1473 1874 1579 1910 μορφὴν
1590 1874 1721 1901 ἀποδώσω
1733 1875 1869 1911 πρότερον

1074 1920 1215 1954 ποιήσαντι
1232 1919 1267 1946 τὰ
1281 1920 1346 1954 παρ’
1358 1919 1426 1955 ἐμοῦ
1441 1928 1481 1946 σοι
1492 1920 1634 1955 λεγόμενα.
1651 1921 1704 1947 Τοῦ
1718 1921 1747 1947 δὲ
1760 1923 1870 1958 πατρὸς

1073 1965 1208 1996 εἰπόντος·
1227 1965 1284 1992 Πᾶν
1305 1966 1319 1992 ὃ
1334 1973 1360 1992 τι
1380 1965 1413 1994 ἄν
1433 1975 1477 2001 μοι
1496 1966 1607 1993 δυνατὸν
1658 1967 1870 2002 προθυμότατον

1074 2011 1188 2046 τωιήσω,
1206 2012 1286 2046 μόνον
1299 2012 1348 2047 τὴν
1363 2012 1432 2047 ἐμὴν
1443 2014 1499 2044 τοῖς
1512 2013 1589 2048 ἐμοῖς
1600 2013 1700 2045 ἀπόδος
1713 2015 1837 2050 μορφήν
1855 2015 1872 2041 δ

1074 2057 1175 2093 Πέτρος
1189 2057 1366 2092 ἀπεκρίνατο·
1382 2057 1462 2089 αὐτὸς
1483 2058 1558 2090 ιδίοις
1576 2058 1644 2085 ὠσὶν
1664 2059 1788 2093 ἀκήκοας
1811 2059 1871 2086 τῶν

1073 2103 1193 2142 προόδων
1210 2112 1260 2138 μου
1274 2103 1328 2130 ἀπὸ
1347 2103 1509 2138 Ἀντιοχείας
1523 2104 1690 2140 ἐληλυθότων
1706 2104 1755 2131 καὶ
1770 2105 1874 2131 εἰπόν-

1072 2158 1137 2182 των,
1153 2149 1190 2182 ὡς
1201 2149 1260 2175 ἐκεῖ
1272 2147 1391 2183 γεγονὼς
1406 2150 1421 2176 ὑ
1438 2149 1529 2185 Σίμων
1548 2149 1665 2185 ἰσχυρῶς
1683 2150 1747 2182 τοὺς
1765 2150 1873 2186 ὄχλους

240 2201 414 2228 nuncupans,
431 2196 468 2222 ita
484 2199 514 2222 ut
527 2196 701 2224 vehementer
714 2197 826 2232 cupiant
844 2198 899 2226 illic
927 2207 1022 2229 omnes

1079 2196 1133 2223 κατ’
1148 2195 1215 2230 ἐμοῦ
1228 2194 1381 2230 παρώξυνε,
1396 2194 1483 2230 μάγον
1493 2195 1541 2222 καὶ
1554 2195 1703 2231 μιαιφόνον,
1717 2196 1824 2224 πλάνον
1838 2205 1873 2224 τε

239 2240 282 2267 vel
302 2241 431 2268 carnibus
451 2241 519 2268 meis
539 2241 622 2268 vesci.
644 2241 697 2269 Fac
711 2250 777 2277 ergo
790 2251 851 2278 quae
864 2245 913 2272 tibi
928 2247 1024 2280 praeci-

239 2286 327 2321 piam,
348 2291 390 2318 et,
409 2286 547 2314 Clemente
565 2287 636 2322 apud
659 2296 702 2315 me
725 2289 839 2322 relicto,
860 2297 922 2318 cum
938 2299 1024 2321 uxore

238 2337 285 2360 tua
295 2337 322 2359 et
333 2331 465 2360 Faustino
477 2340 510 2360 ac
525 2333 703 2362 Faustiniano
714 2356 722 2368 ,
738 2335 802 2363 ﬁliis
818 2337 872 2364 tuis
882 2357 889 2370 ,
902 2337 956 2366 duc
970 2347 1021 2367 nos

238 2378 422 2406 Antiochiam.
447 2378 533 2406 Erunt
551 2384 641 2406 autent
664 2385 753 2408 tecum
778 2386 806 2409 et
828 2382 874 2410 alii
891 2383 1020 2418 quidam,

238 2431 308 2459 quos
322 2423 355 2450 ad
367 2424 550 2458 adjuvandum
566 2432 658 2452 meum
673 2426 818 2454 consilium
834 2428 948 2457 idoneos
961 2437 1021 2458 cre-

238 2469 342 2497 didero.

273 2546 344 2574 XIX.
357 2546 471 2580 Quando
483 2547 566 2583 igitur
577 2548 659 2576 simul
672 2557 734 2576 cum
748 2549 783 2577 iis
796 2549 948 2579 Antiochia:
959 2560 1020 2581 ver-

239 2595 308 2622 saris
323 2599 351 2621 et
362 2593 456 2622 Simon
466 2594 576 2629 quidem
593 2602 654 2623 esse
669 2595 781 2629 videris,
798 2596 885 2630 palam
901 2598 1019 2632 praedica

238 2640 423 2675 pmnitentiam
450 2645 535 2675 tuam,
548 2646 631 2676 atque
655 2641 717 2668 dic:
743 2640 800 2676 Ego
822 2641 917 2670 Simon
942 2644 1019 2673 vobis

1074 2242 1121 2270 xui.
1134 2241 1220 2277 γόητα
1234 2241 1376 2268 ἀποκαλῶν
1387 2242 1433 2268 ἐπὶ
1442 2241 1578 2273 τοσοῦτον,
1590 2242 1629 2274 ὡς
1641 2242 1783 2278 γλίχεσθαι

1072 2295 1122 2319 τας
1135 2287 1198 2319 τοὺς
1211 2287 1269 2314 ἐκεῖ
1280 2287 1335 2313 τῶν
1347 2286 1421 2322 ἐμῶν
1432 2287 1634 2321 ἀπογεύσασθαι
1647 2287 1766 2323 σαρκῶν.
1780 2288 1875 2324 Ποιή-

1074 2340 1132 2363 σεις
1151 2329 1215 2364 οὖν,
1231 2332 1269 2363 ὡς
1286 2331 1341 2366 ἐγὼ
1354 2331 1440 2366 λέγω,
1454 2331 1610 2360 καταλιπὼν
1627 2333 1776 2368 Κλήμεντα
1798 2336 1873 2370 παρ’

1071 2377 1133 2412 ἐμοὶ
1149 2377 1195 2403 καὶ
1208 2376 1370 2412 προαγαγὼν
1385 2377 1457 2412 ἡμᾶς
1476 2377 1516 2409 εἰς
1536 2377 1700 2412 ’Δντιόχειαν
1719 2378 1794 2412 μετὰ
1817 2379 1873 2413 τῆς

1073 2420 1188 2456 συμῦίου
1206 2429 1263 2451 σου,
1283 2420 1324 2446 ἔτι
1335 2420 1363 2447 δὲ
1376 2420 1522 2448 Φαυστίνου
1537 2421 1585 2448 καὶ
1598 2421 1798 2448 Φαυστινιανοῦ
1811 2424 1872 2449 τῶν

1073 2466 1138 2492 υἱῶν
1151 2474 1207 2493 σου.
1221 2466 1379 2493 Συνέσονται
1391 2467 1422 2493 δέ
1437 2475 1479 2493 σοι
1493 2468 1540 2495 καὶ
1553 2466 1628 2494 ἄλλοι
1641 2468 1723 2499 τινὲς,
1740 2467 1793 2500 οὓς
1811 2469 1874 2503 ἐγὼ

1072 2511 1157 2546 κρίνω
1170 2511 1297 2543 δυνατοὺς
1311 2512 1480 2547 ὑπουργῆσαι
1494 2512 1534 2547 τῷ
1550 2512 1608 2547 ἐμῷ
1627 2512 1770 2548 θελήματι.

1107 2557 1178 2584 XIX.
1195 2557 1271 2585 Μετὰ
1288 2558 1390 2585 τούτων
1407 2559 1435 2585 ἐν
1451 2559 1484 2594 τῇ
1508 2559 1655 2595 Ἀντιοχείᾳ
1676 2559 1871 2597 [γενόμενος],

1070 2603 1099 2629 ἐν
1116 2603 1170 2638 ὅσῳ
1182 2602 1219 2634 ὡς
1229 2602 1320 2637 Σίμων
1335 2603 1428 2639 φαίνῃ,
1446 2603 1562 2640 δημοσίᾳ
1578 2604 1693 2640 κήρυξον
1708 2604 1759 2640 τὴν
1779 2614 1870 2634 σεαυ-

1070 2647 1116 2674 τοῦ
1142 2647 1333 2683 μετα[μέλειαν
1353 2648 1465 2685 εἰπών’]
1493 2649 1564 2683 Ἐγὼ
1584 2650 1676 2685 Σίμων
1690 2650 1782 2678 ταῦτα
1799 2651 1872 2685 ὑμῖν

873 2719 989 2749 ἾΑΒΙιΕ
1006 2722 1208 2752 LECTIONES.

277 2774 300 2818 τ’
313 2775 354 2818 ὅτι
374 2775 527 2818 ὲέροερύμην
538 2776 611 2818 ’τότε
621 2795 630 2809 ,
716 2775 830 2818 Φαύστῳ
843 2777 922 2818 τοῦτο
939 2779 1051 2818 μηνύειν
1068 2779 1133 2818 Ruf.
1172 2779 1436 2818 "_§}odicis»l_a_euua
1458 2781 1617 2818 Adesinjtiin
1633 2781 1686 2810 Iilt.
1704 2783 1777 2818 μῶν.
1791 2782 1866 2810 Tum

336 2809 521 2861 ἑδέξχιέφηχα
533 2811 618 2861 idenm.
634 2809 925 2861 iii‘li'éti‘s-co‘iijecta‘verih
932 2809 1177 2861 :;[i6w;’cuv61v1mv
1192 2814 1284 2858 ἠΙμῶγ
1299 2813 1374 2851 αὐτῷ
1385 2816 1439 2861 ξὴν
1456 2816 1495 2857 ἐκ⁵
1503 2816 1550 2842 τοῦ
1569 2809 1691 2861 aturato;
1704 2809 1813 2861 ’καιιῂν
1832 2809 1868 2861 ἐν

239 2844 325 2877 ἐφάνη
336 2844 440 2879 βουλήν.
479 2844 502 2861 ¹¹
517 2845 562 2872 τόν
572 2847 601 2872 0.

640 2845 825 2873 ¹⁶ἐπανελθών
839 2848 869 2874 0.
903 2845 970 2875 ’τῶν
982 2845 1244 2886 πρὸδιηγήσαμενᾝ.
1262 2850 1300 2882 ὡς
1314 2845 1555 2888 πρόεδιηγησάμτιν
1572 2845 1607 2878 θ’
1641 2852 1666 2868 ’⁸
1681 2845 1815 2889 γνωρίςῶ
1832 2854 1865 2879 0.
