  <div class='ocr_page' id='page_1' title='image "/cluster/home/n/w/nwhite01/storage/ocr_20150623/2/njp.32101077772349/354.png"; bbox 0 0 1917 3100; ppageno 0'>
   <div class='ocr_carea' id='block_1_1' title="bbox 79 160 1114 192">
    <p class='ocr_par' dir='ltr' id='par_1_1' title="bbox 79 160 1114 192">
     <span class='ocr_line' id='line_1_1' title="bbox 79 160 1114 192; baseline -0.005 0"><span class='ocrx_word' id='word_1_1' title='bbox 79 163 120 192; x_wconf 58' lang='grc' dir='ltr'>Ἠ</span> <span class='ocrx_word' id='word_1_2' title='bbox 597 162 828 191; x_wconf 76' lang='lat' dir='ltr'><strong>CLEMENTINA.</strong></span> <span class='ocrx_word' id='word_1_3' title='bbox 849 175 884 183; x_wconf 82' lang='lat'><strong>-—</strong></span> <span class='ocrx_word' id='word_1_4' title='bbox 902 160 1044 189; x_wconf 82' lang='lat' dir='ltr'><strong>IIOMILIA</strong></span> <span class='ocrx_word' id='word_1_5' title='bbox 1059 160 1114 187; x_wconf 66' lang='lat' dir='ltr'><strong>XX.</strong></span> 
     </span>
    </p>
   </div>
   <div class='ocr_carea' id='block_1_2' title="bbox 1621 158 1676 186">
    <p class='ocr_par' dir='ltr' id='par_1_2' title="bbox 1621 158 1676 186">
     <span class='ocr_line' id='line_1_2' title="bbox 1621 158 1676 186; baseline 0 -1"><span class='ocrx_word' id='word_1_6' title='bbox 1621 158 1676 186; x_wconf 71' lang='grc'><strong>466</strong></span> 
     </span>
    </p>
   </div>
   <div class='ocr_carea' id='block_1_3' title="bbox 77 212 842 256">
    <p class='ocr_par' dir='ltr' id='par_1_3' title="bbox 77 218 840 256">
     <span class='ocr_line' id='line_1_3' title="bbox 77 218 840 256; baseline 0 -10"><span class='ocrx_word' id='word_1_7' title='bbox 77 223 186 256; x_wconf 68' lang='grc' dir='ltr'>κηρύσσω</span> <span class='ocrx_word' id='word_1_8' title='bbox 196 218 332 255; x_wconf 77' lang='grc' dir='ltr'>ὁμολογῶν</span> <span class='ocrx_word' id='word_1_9' title='bbox 340 219 374 252; x_wconf 76' lang='grc'><strong>³³,</strong></span> <span class='ocrx_word' id='word_1_10' title='bbox 389 219 487 252; x_wconf 79' lang='grc' dir='ltr'>ἀδίκως</span> <span class='ocrx_word' id='word_1_11' title='bbox 502 219 736 256; x_wconf 78' lang='grc' dir='ltr'>καταψεύ[σασθαι</span> <span class='ocrx_word' id='word_1_12' title='bbox 747 219 782 246; x_wconf 81' lang='grc' dir='ltr'>τὰ</span> <span class='ocrx_word' id='word_1_13' title='bbox 792 218 840 246; x_wconf 80' lang='grc' dir='ltr'>τοῦ</span> 
     </span>
    </p>
   </div>
   <div class='ocr_carea' id='block_1_4' title="bbox 893 212 1675 256">
    <p class='ocr_par' dir='ltr' id='par_1_4' title="bbox 893 215 1675 252">
     <span class='ocr_line' id='line_1_4' title="bbox 893 215 1675 252; baseline -0.004 -8"><span class='ocrx_word' id='word_1_14' title='bbox 893 217 1025 245; x_wconf 87' lang='lat' dir='ltr'><strong>annuntio</strong></span> <span class='ocrx_word' id='word_1_15' title='bbox 1043 223 1124 252; x_wconf 85' lang='lat' dir='ltr'><strong>atque</strong></span> <span class='ocrx_word' id='word_1_16' title='bbox 1142 216 1229 244; x_wconf 81' lang='lat' dir='ltr'><strong>fateor</strong></span> <span class='ocrx_word' id='word_1_17' title='bbox 1248 224 1292 244; x_wconf 90' lang='lat' dir='ltr'><strong>me</strong></span> <span class='ocrx_word' id='word_1_18' title='bbox 1315 216 1407 252; x_wconf 87' lang='lat' dir='ltr'><strong>inique</strong></span> <span class='ocrx_word' id='word_1_19' title='bbox 1426 216 1460 244; x_wconf 91' lang='lat' dir='ltr'><strong>do</strong></span> <span class='ocrx_word' id='word_1_20' title='bbox 1477 215 1558 244; x_wconf 86' lang='lat' dir='ltr'><strong>Petro</strong></span> <span class='ocrx_word' id='word_1_21' title='bbox 1575 215 1675 242; x_wconf 87' lang='lat' dir='ltr'><strong>menti-</strong></span> 
     </span>
    </p>
   </div>
   <div class='ocr_carea' id='block_1_5' title="bbox 76 265 841 302">
    <p class='ocr_par' dir='ltr' id='par_1_5' title="bbox 76 265 841 302">
     <span class='ocr_line' id='line_1_5' title="bbox 76 265 841 302; baseline 0 -10"><span class='ocrx_word' id='word_1_22' title='bbox 76 266 177 302; x_wconf 63' lang='grc' dir='ltr'>Πέτρου·</span> <span class='ocrx_word' id='word_1_23' title='bbox 188 266 218 292; x_wconf 79' lang='grc' dir='ltr'>οὐ</span> <span class='ocrx_word' id='word_1_24' title='bbox 231 265 297 302; x_wconf 74' lang='grc' dir='ltr'>γάρ]</span> <span class='ocrx_word' id='word_1_25' title='bbox 307 266 367 292; x_wconf 69' lang='grc' dir='ltr'>ἐστι</span> <span class='ocrx_word' id='word_1_26' title='bbox 377 266 487 298; x_wconf 80' lang='grc' dir='ltr'><strong>πλάνος,</strong></span> <span class='ocrx_word' id='word_1_27' title='bbox 501 266 532 292; x_wconf 86' lang='grc' dir='ltr'>οὺ</span> <span class='ocrx_word' id='word_1_28' title='bbox 551 266 701 301; x_wconf 81' lang='grc' dir='ltr'>μιαιφόνος,</span> <span class='ocrx_word' id='word_1_29' title='bbox 718 266 749 292; x_wconf 82' lang='grc' dir='ltr'>οὐ</span> <span class='ocrx_word' id='word_1_30' title='bbox 763 265 841 301; x_wconf 80' lang='grc' dir='ltr'>γόης,</span> 
     </span>
    </p>
   </div>
   <div class='ocr_carea' id='block_1_6' title="bbox 74 311 842 348">
    <p class='ocr_par' dir='ltr' id='par_1_6' title="bbox 74 311 842 348">
     <span class='ocr_line' id='line_1_6' title="bbox 74 311 842 348; baseline 0 -10"><span class='ocrx_word' id='word_1_31' title='bbox 74 312 123 338; x_wconf 71' lang='grc' dir='ltr'><strong>οὐδὲ</strong></span> <span class='ocrx_word' id='word_1_32' title='bbox 137 311 182 338; x_wconf 72' lang='grc' dir='ltr'>ὅσα</span> <span class='ocrx_word' id='word_1_33' title='bbox 197 312 259 338; x_wconf 69' lang='grc' dir='ltr'>ποτὲ</span> <span class='ocrx_word' id='word_1_34' title='bbox 275 311 366 346; x_wconf 77' lang='grc' dir='ltr'>φαῦλα</span> <span class='ocrx_word' id='word_1_35' title='bbox 384 313 449 348; x_wconf 84' lang='grc' dir='ltr'>περὶ</span> <span class='ocrx_word' id='word_1_36' title='bbox 463 311 544 338; x_wconf 80' lang='grc' dir='ltr'>αὑτοῦ</span> <span class='ocrx_word' id='word_1_37' title='bbox 559 312 645 347; x_wconf 80' lang='grc' dir='ltr'>λέγων</span> <span class='ocrx_word' id='word_1_38' title='bbox 661 311 776 346; x_wconf 72' lang='grc' dir='ltr'>ἔφθανον</span> <span class='ocrx_word' id='word_1_39' title='bbox 790 311 842 338; x_wconf 79' lang='grc' dir='ltr'><strong>ὑπὸ</strong></span> 
     </span>
    </p>
   </div>
   <div class='ocr_carea' id='block_1_7' title="bbox 74 356 842 393">
    <p class='ocr_par' dir='ltr' id='par_1_7' title="bbox 74 356 842 393">
     <span class='ocr_line' id='line_1_7' title="bbox 74 356 842 393; baseline 0.001 -10"><span class='ocrx_word' id='word_1_40' title='bbox 74 357 145 392; x_wconf 71' lang='grc' dir='ltr'>θυμοῦ</span> <span class='ocrx_word' id='word_1_41' title='bbox 160 356 346 392; x_wconf 65' lang='grc' dir='ltr'>ἐλαυνόμενος.</span> <span class='ocrx_word' id='word_1_42' title='bbox 369 357 469 393; x_wconf 84' lang='grc' dir='ltr'>Δέομαι</span> <span class='ocrx_word' id='word_1_43' title='bbox 491 357 568 393; x_wconf 82' lang='grc' dir='ltr'>ὑμῶν</span> <span class='ocrx_word' id='word_1_44' title='bbox 583 357 664 389; x_wconf 84' lang='grc' dir='ltr'>αὺτδς</span> <span class='ocrx_word' id='word_1_45' title='bbox 679 357 750 392; x_wconf 65' lang='grc' dir='ltr'><strong>ἐγὼ,</strong></span> <span class='ocrx_word' id='word_1_46' title='bbox 766 358 780 384; x_wconf 83' lang='grc' dir='ltr'>ὁ</span> <span class='ocrx_word' id='word_1_47' title='bbox 795 357 842 384; x_wconf 82' lang='grc' dir='ltr'>τοῦ</span> 
     </span>
    </p>
   </div>
   <div class='ocr_carea' id='block_1_8' title="bbox 73 402 842 438">
    <p class='ocr_par' dir='ltr' id='par_1_8' title="bbox 73 402 842 438">
     <span class='ocr_line' id='line_1_8' title="bbox 73 402 842 438; baseline 0 -10"><span class='ocrx_word' id='word_1_48' title='bbox 73 403 129 438; x_wconf 77' lang='grc' dir='ltr'>πρὸς</span> <span class='ocrx_word' id='word_1_49' title='bbox 147 403 214 438; x_wconf 79' lang='grc' dir='ltr'>ὑμᾶς</span> <span class='ocrx_word' id='word_1_50' title='bbox 238 402 334 437; x_wconf 84' lang='grc' dir='ltr'>μίσους</span> <span class='ocrx_word' id='word_1_51' title='bbox 355 403 439 434; x_wconf 79' lang='grc' dir='ltr'>αἴτιος</span> <span class='ocrx_word' id='word_1_52' title='bbox 454 403 529 438; x_wconf 82' lang='grc' dir='ltr'><strong>αὺτῷ</strong></span> <span class='ocrx_word' id='word_1_53' title='bbox 545 402 681 438; x_wconf 82' lang='grc' dir='ltr'>γεγονὼς,</span> <span class='ocrx_word' id='word_1_54' title='bbox 704 402 842 430; x_wconf 82' lang='grc' dir='ltr'><strong>παύσασθε</strong></span> 
     </span>
    </p>
   </div>
   <div class='ocr_carea' id='block_1_9' title="bbox 72 446 843 484">
    <p class='ocr_par' dir='ltr' id='par_1_9' title="bbox 72 446 843 484">
     <span class='ocr_line' id='line_1_9' title="bbox 72 446 843 484; baseline 0.003 -11"><span class='ocrx_word' id='word_1_55' title='bbox 72 446 282 482; x_wconf 76' lang='grc' dir='ltr'>μισοῦντεςαὺτόν</span> <span class='ocrx_word' id='word_1_56' title='bbox 290 456 296 462; x_wconf 90' lang='grc'><strong>·</strong></span> <span class='ocrx_word' id='word_1_57' title='bbox 307 447 356 474; x_wconf 82' lang='grc' dir='ltr'><strong>τοῦ</strong></span> <span class='ocrx_word' id='word_1_58' title='bbox 367 447 420 483; x_wconf 81' lang='grc' dir='ltr'>γὰρ</span> <span class='ocrx_word' id='word_1_59' title='bbox 430 448 482 475; x_wconf 82' lang='grc' dir='ltr'><strong>ὑπὸ</strong></span> <span class='ocrx_word' id='word_1_60' title='bbox 489 448 558 475; x_wconf 77' lang='grc' dir='ltr'>Θεοῦ</span> <span class='ocrx_word' id='word_1_61' title='bbox 574 448 642 484; x_wconf 85' lang='grc' dir='ltr'>πρὸς</span> <span class='ocrx_word' id='word_1_62' title='bbox 653 448 788 484; x_wconf 79' lang='grc' dir='ltr'><strong>σωτηρίαν</strong></span> <span class='ocrx_word' id='word_1_63' title='bbox 802 448 843 475; x_wconf 81' lang='grc' dir='ltr'>κό-</span> 
     </span>
    </p>
   </div>
   <div class='ocr_carea' id='block_1_10' title="bbox 71 493 843 531">
    <p class='ocr_par' dir='ltr' id='par_1_10' title="bbox 71 493 843 531">
     <span class='ocr_line' id='line_1_10' title="bbox 71 493 843 531; baseline 0.003 -11"><span class='ocrx_word' id='word_1_64' title='bbox 71 502 130 528; x_wconf 79' lang='grc' dir='ltr'>σμου</span> <span class='ocrx_word' id='word_1_65' title='bbox 139 493 338 530; x_wconf 76' lang='grc' dir='ltr'>ἀπεσταλμένον</span> <span class='ocrx_word' id='word_1_66' title='bbox 349 494 465 530; x_wconf 79' lang='grc' dir='ltr'><strong>ἀληθοῦς</strong></span> <span class='ocrx_word' id='word_1_67' title='bbox 475 495 613 531; x_wconf 86' lang='grc' dir='ltr'>προφήτου</span> <span class='ocrx_word' id='word_1_68' title='bbox 633 494 714 531; x_wconf 62' lang='grc' dir='ltr'><strong>ἧιδ</strong></span> <span class='ocrx_word' id='word_1_69' title='bbox 741 494 843 531; x_wconf 78' lang='grc' dir='ltr'>ἀληθὴς</span> 
     </span>
    </p>
   </div>
   <div class='ocr_carea' id='block_1_11' title="bbox 70 539 843 577">
    <p class='ocr_par' dir='ltr' id='par_1_11' title="bbox 70 539 843 577">
     <span class='ocr_line' id='line_1_11' title="bbox 70 539 843 577; baseline 0.003 -11"><span class='ocrx_word' id='word_1_70' title='bbox 70 539 133 566; x_wconf 77' lang='grc' dir='ltr'>ἐστιν</span> <span class='ocrx_word' id='word_1_71' title='bbox 139 539 290 572; x_wconf 84' lang='grc' dir='ltr'>ἀπόστολος.</span> <span class='ocrx_word' id='word_1_72' title='bbox 299 540 345 567; x_wconf 78' lang='grc' dir='ltr'><strong>Διὸ</strong></span> <span class='ocrx_word' id='word_1_73' title='bbox 352 540 398 567; x_wconf 77' lang='grc' dir='ltr'>καὶ</span> <span class='ocrx_word' id='word_1_74' title='bbox 404 541 486 573; x_wconf 77' lang='grc' dir='ltr'>αὐτὸς</span> <span class='ocrx_word' id='word_1_75' title='bbox 494 548 526 567; x_wconf 91' lang='grc' dir='ltr'><strong>συ</strong></span> <span class='ocrx_word' id='word_1_76' title='bbox 529 540 679 576; x_wconf 78' lang='grc' dir='ltr'><strong>μὸουλιύω,</strong></span> <span class='ocrx_word' id='word_1_77' title='bbox 688 541 763 576; x_wconf 83' lang='grc' dir='ltr'><strong>αὺτῷ</strong></span> <span class='ocrx_word' id='word_1_78' title='bbox 770 542 843 577; x_wconf 79' lang='grc' dir='ltr'>ὑμᾶς</span> 
     </span>
    </p>
   </div>
   <div class='ocr_carea' id='block_1_12' title="bbox 69 582 844 622">
    <p class='ocr_par' dir='ltr' id='par_1_12' title="bbox 69 582 844 622">
     <span class='ocr_line' id='line_1_12' title="bbox 69 582 844 622; baseline 0.004 -12"><span class='ocrx_word' id='word_1_79' title='bbox 69 585 192 612; x_wconf 73' lang='grc' dir='ltr'>πείθεσθαι</span> <span class='ocrx_word' id='word_1_80' title='bbox 204 585 270 621; x_wconf 71' lang='grc' dir='ltr'>περὶ</span> <span class='ocrx_word' id='word_1_81' title='bbox 281 582 320 612; x_wconf 86' lang='grc' dir='ltr'>ὧν</span> <span class='ocrx_word' id='word_1_82' title='bbox 334 585 474 622; x_wconf 81' lang='grc' dir='ltr'><strong>κηρύσσω,</strong></span> <span class='ocrx_word' id='word_1_83' title='bbox 485 587 547 613; x_wconf 74' lang='grc' dir='ltr'>ἐπεὶ</span> <span class='ocrx_word' id='word_1_84' title='bbox 560 587 634 613; x_wconf 80' lang='grc' dir='ltr'>πᾶσα</span> <span class='ocrx_word' id='word_1_85' title='bbox 647 586 724 622; x_wconf 72' lang='grc' dir='ltr'>ὑμῶν</span> <span class='ocrx_word' id='word_1_86' title='bbox 737 587 754 622; x_wconf 83' lang='grc' dir='ltr'><strong>ἠ</strong></span> <span class='ocrx_word' id='word_1_87' title='bbox 767 586 844 618; x_wconf 82' lang='grc' dir='ltr'><strong>πόλις</strong></span> 
     </span>
    </p>
   </div>
   <div class='ocr_carea' id='block_1_13' title="bbox 68 630 842 668">
    <p class='ocr_par' dir='ltr' id='par_1_13' title="bbox 68 630 842 668">
     <span class='ocr_line' id='line_1_13' title="bbox 68 630 842 668; baseline 0.003 -11"><span class='ocrx_word' id='word_1_88' title='bbox 68 630 139 666; x_wconf 72' lang='grc' dir='ltr'>ἄρδην</span> <span class='ocrx_word' id='word_1_89' title='bbox 154 631 302 658; x_wconf 82' lang='grc' dir='ltr'>ἀπολεῖται.</span> <span class='ocrx_word' id='word_1_90' title='bbox 317 632 356 658; x_wconf 89' lang='grc' dir='ltr'><strong>Δι’</strong></span> <span class='ocrx_word' id='word_1_91' title='bbox 371 633 403 668; x_wconf 69' lang='grc' dir='ltr'>ἢν</span> <span class='ocrx_word' id='word_1_92' title='bbox 416 632 444 658; x_wconf 75' lang='grc' dir='ltr'><strong>δὲ</strong></span> <span class='ocrx_word' id='word_1_93' title='bbox 457 632 547 659; x_wconf 71' lang='grc' dir='ltr'>αἰτίαν</span> <span class='ocrx_word' id='word_1_94' title='bbox 561 632 625 668; x_wconf 78' lang='grc' dir='ltr'>ὑμῖν</span> <span class='ocrx_word' id='word_1_95' title='bbox 637 632 723 659; x_wconf 81' lang='grc' dir='ltr'>ταῦτα</span> <span class='ocrx_word' id='word_1_96' title='bbox 739 632 842 668; x_wconf 80' lang='grc' dir='ltr'>ὡμολό-</span> 
     </span>
    </p>
   </div>
   <div class='ocr_carea' id='block_1_14' title="bbox 69 677 845 715">
    <p class='ocr_par' dir='ltr' id='par_1_14' title="bbox 69 677 845 715">
     <span class='ocr_line' id='line_1_14' title="bbox 69 677 845 715; baseline 0.004 -12"><span class='ocrx_word' id='word_1_97' title='bbox 69 685 139 712; x_wconf 83' lang='grc' dir='ltr'>γησα,</span> <span class='ocrx_word' id='word_1_98' title='bbox 153 677 249 705; x_wconf 74' lang='grc' dir='ltr'>ειδέναι</span> <span class='ocrx_word' id='word_1_99' title='bbox 263 678 339 714; x_wconf 73' lang='grc' dir='ltr'>ὑμᾶς</span> <span class='ocrx_word' id='word_1_100' title='bbox 351 677 429 705; x_wconf 74' lang='grc' dir='ltr'>θέλω.</span> <span class='ocrx_word' id='word_1_101' title='bbox 445 679 554 715; x_wconf 84' lang='grc' dir='ltr'><strong>Ταύτης</strong></span> <span class='ocrx_word' id='word_1_102' title='bbox 565 679 615 714; x_wconf 87' lang='grc' dir='ltr'>τῆς</span> <span class='ocrx_word' id='word_1_103' title='bbox 627 679 723 711; x_wconf 72' lang='grc' dir='ltr'>νυκτὸς</span> <span class='ocrx_word' id='word_1_104' title='bbox 735 679 845 714; x_wconf 78' lang='grc' dir='ltr'>ἀγγελοί</span> 
     </span>
    </p>
   </div>
   <div class='ocr_carea' id='block_1_15' title="bbox 69 723 844 761">
    <p class='ocr_par' dir='ltr' id='par_1_15' title="bbox 69 723 844 761">
     <span class='ocr_line' id='line_1_15' title="bbox 69 723 844 761; baseline 0.004 -12"><span class='ocrx_word' id='word_1_105' title='bbox 69 730 97 757; x_wconf 82' lang='grc' dir='ltr'><strong>με</strong></span> <span class='ocrx_word' id='word_1_106' title='bbox 109 723 150 749; x_wconf 84' lang='grc' dir='ltr'>τοῦ</span> <span class='ocrx_word' id='word_1_107' title='bbox 163 723 240 756; x_wconf 78' lang='grc' dir='ltr'>Θεοῦ,</span> <span class='ocrx_word' id='word_1_108' title='bbox 251 724 300 751; x_wconf 75' lang='grc' dir='ltr'>τὸν</span> <span class='ocrx_word' id='word_1_109' title='bbox 313 724 409 760; x_wconf 75' lang='grc' dir='ltr'>ἀσεϐῆ,</span> <span class='ocrx_word' id='word_1_110' title='bbox 425 724 462 756; x_wconf 82' lang='grc' dir='ltr'><strong>ὡς</strong></span> <span class='ocrx_word' id='word_1_111' title='bbox 476 725 573 760; x_wconf 81' lang='grc' dir='ltr'><strong>ὲχθρδν</strong></span> <span class='ocrx_word' id='word_1_112' title='bbox 586 725 651 752; x_wconf 72' lang='grc' dir='ltr'>ὄντα</span> <span class='ocrx_word' id='word_1_113' title='bbox 664 725 704 760; x_wconf 84' lang='grc' dir='ltr'>τῷ</span> <span class='ocrx_word' id='word_1_114' title='bbox 715 725 765 761; x_wconf 82' lang='grc' dir='ltr'><strong>τῆς</strong></span> <span class='ocrx_word' id='word_1_115' title='bbox 778 725 844 761; x_wconf 80' lang='grc' dir='ltr'>ἀλη-</span> 
     </span>
    </p>
   </div>
   <div class='ocr_carea' id='block_1_16' title="bbox 67 767 842 806">
    <p class='ocr_par' dir='ltr' id='par_1_16' title="bbox 67 767 842 806">
     <span class='ocr_line' id='line_1_16' title="bbox 67 767 842 806; baseline 0.004 -13"><span class='ocrx_word' id='word_1_116' title='bbox 67 767 130 800; x_wconf 76' lang='grc' dir='ltr'>θείας</span> <span class='ocrx_word' id='word_1_117' title='bbox 145 770 260 804; x_wconf 73' lang='grc' dir='ltr'>κήρυκι,</span> <span class='ocrx_word' id='word_1_118' title='bbox 279 768 376 801; x_wconf 77' lang='grc' dir='ltr'><strong>δεινῶς</strong></span> <span class='ocrx_word' id='word_1_119' title='bbox 397 770 573 805; x_wconf 76' lang='grc' dir='ltr'>ἐμαστίγουν.</span> <span class='ocrx_word' id='word_1_120' title='bbox 598 770 754 806; x_wconf 83' lang='grc' dir='ltr'>Παρακαλῶ</span> <span class='ocrx_word' id='word_1_121' title='bbox 778 767 842 802; x_wconf 82' lang='grc' dir='ltr'>οὖν,</span> 
     </span>
    </p>
   </div>
   <div class='ocr_carea' id='block_1_17' title="bbox 68 813 844 852">
    <p class='ocr_par' dir='ltr' id='par_1_17' title="bbox 68 813 844 852">
     <span class='ocr_line' id='line_1_17' title="bbox 68 813 844 852; baseline 0.001 -11"><span class='ocrx_word' id='word_1_122' title='bbox 68 813 119 849; x_wconf 78' lang='grc' dir='ltr'><strong>μηδ’</strong></span> <span class='ocrx_word' id='word_1_123' title='bbox 133 814 163 841; x_wconf 81' lang='grc' dir='ltr'>ἂν</span> <span class='ocrx_word' id='word_1_124' title='bbox 174 815 256 847; x_wconf 78' lang='grc' dir='ltr'>αὐτὸς</span> <span class='ocrx_word' id='word_1_125' title='bbox 270 815 328 850; x_wconf 67' lang='grc' dir='ltr'><strong>ἑγὼ</strong></span> <span class='ocrx_word' id='word_1_126' title='bbox 341 814 436 842; x_wconf 71' lang='grc' dir='ltr'>ἄλλοτε</span> <span class='ocrx_word' id='word_1_127' title='bbox 450 815 572 843; x_wconf 69' lang='grc' dir='ltr'>ἐπελθὼν</span> <span class='ocrx_word' id='word_1_128' title='bbox 585 815 655 843; x_wconf 76' lang='grc' dir='ltr'>κατὰ</span> <span class='ocrx_word' id='word_1_129' title='bbox 669 816 773 852; x_wconf 82' lang='grc' dir='ltr'>Πέτρου</span> <span class='ocrx_word' id='word_1_130' title='bbox 788 817 844 842; x_wconf 77' lang='grc' dir='ltr'>ἑπι-</span> 
     </span>
    </p>
   </div>
   <div class='ocr_carea' id='block_1_18' title="bbox 66 860 844 897">
    <p class='ocr_par' dir='ltr' id='par_1_18' title="bbox 66 860 844 897">
     <span class='ocr_line' id='line_1_18' title="bbox 66 860 844 897; baseline 0.003 -11"><span class='ocrx_word' id='word_1_131' title='bbox 66 860 150 895; x_wconf 77' lang='grc' dir='ltr'>χειρῶν</span> <span class='ocrx_word' id='word_1_132' title='bbox 170 860 257 895; x_wconf 80' lang='grc' dir='ltr'>λέγω,</span> <span class='ocrx_word' id='word_1_133' title='bbox 284 861 324 897; x_wconf 84' lang='grc' dir='ltr'>μὴ</span> <span class='ocrx_word' id='word_1_134' title='bbox 343 861 510 897; x_wconf 71' lang='grc' dir='ltr'>ἀποδέξησθε</span> <span class='ocrx_word' id='word_1_135' title='bbox 539 870 584 897; x_wconf 87' lang='grc' dir='ltr'><strong>με.</strong></span> <span class='ocrx_word' id='word_1_136' title='bbox 614 861 844 897; x_wconf 79' lang='grc' dir='ltr'>Ἐξομολοτοῦμαι</span> 
     </span>
    </p>
   </div>
   <div class='ocr_carea' id='block_1_19' title="bbox 65 907 844 946">
    <p class='ocr_par' dir='ltr' id='par_1_19' title="bbox 65 907 844 946">
     <span class='ocr_line' id='line_1_19' title="bbox 65 907 844 946; baseline 0.004 -12"><span class='ocrx_word' id='word_1_137' title='bbox 65 907 110 944; x_wconf 75' lang='grc' dir='ltr'>γὰρ</span> <span class='ocrx_word' id='word_1_138' title='bbox 118 909 188 944; x_wconf 82' lang='grc' dir='ltr'>ὑμῖν·</span> <span class='ocrx_word' id='word_1_139' title='bbox 222 907 279 945; x_wconf 75' lang='grc' dir='ltr'><strong>ἐγὼ</strong></span> <span class='ocrx_word' id='word_1_140' title='bbox 292 909 380 946; x_wconf 80' lang='grc' dir='ltr'>μάγος</span> <span class='ocrx_word' id='word_1_141' title='bbox 389 931 397 943; x_wconf 94' lang='lat'><strong>,</strong></span> <span class='ocrx_word' id='word_1_142' title='bbox 409 910 464 945; x_wconf 72' lang='grc' dir='ltr'><strong>ἐγὼ</strong></span> <span class='ocrx_word' id='word_1_143' title='bbox 475 910 575 942; x_wconf 79' lang='grc' dir='ltr'>πλάνος</span> <span class='ocrx_word' id='word_1_144' title='bbox 584 929 592 943; x_wconf 85' lang='grc'><em>,</em></span> <span class='ocrx_word' id='word_1_145' title='bbox 604 909 660 945; x_wconf 70' lang='grc' dir='ltr'><strong>ἐγὼ</strong></span> <span class='ocrx_word' id='word_1_146' title='bbox 672 910 748 946; x_wconf 86' lang='grc' dir='ltr'>γόης.</span> <span class='ocrx_word' id='word_1_147' title='bbox 766 909 844 943; x_wconf 75' lang='grc' dir='ltr'><strong>Ἔξε-</strong></span> 
     </span>
    </p>
   </div>
   <div class='ocr_carea' id='block_1_20' title="bbox 65 955 845 993">
    <p class='ocr_par' dir='ltr' id='par_1_20' title="bbox 65 955 845 993">
     <span class='ocr_line' id='line_1_20' title="bbox 65 955 845 993; baseline 0.001 -12"><span class='ocrx_word' id='word_1_148' title='bbox 65 963 100 981; x_wconf 82' lang='grc' dir='ltr'><strong>στι</strong></span> <span class='ocrx_word' id='word_1_149' title='bbox 111 955 161 991; x_wconf 81' lang='grc' dir='ltr'>γὰρ</span> <span class='ocrx_word' id='word_1_150' title='bbox 174 956 249 988; x_wconf 75' lang='grc' dir='ltr'>ἴσως,</span> <span class='ocrx_word' id='word_1_151' title='bbox 268 957 400 993; x_wconf 69' lang='grc' dir='ltr'>μετανοίᾳ</span> <span class='ocrx_word' id='word_1_152' title='bbox 412 955 549 984; x_wconf 82' lang='grc' dir='ltr'>ἀπολῦσαι</span> <span class='ocrx_word' id='word_1_153' title='bbox 561 956 596 983; x_wconf 81' lang='grc' dir='ltr'>τὰ</span> <span class='ocrx_word' id='word_1_154' title='bbox 609 956 845 992; x_wconf 65' lang='grc' dir='ltr'>προπεπραγμᾶνα</span> 
     </span>
    </p>
   </div>
   <div class='ocr_carea' id='block_1_21' title="bbox 65 1001 305 1038">
    <p class='ocr_par' dir='ltr' id='par_1_21' title="bbox 65 1001 305 1038">
     <span class='ocr_line' id='line_1_21' title="bbox 65 1001 305 1038; baseline 0.013 -12"><span class='ocrx_word' id='word_1_155' title='bbox 65 1008 102 1034; x_wconf 84' lang='grc' dir='ltr'><strong>μοι</strong></span> <span class='ocrx_word' id='word_1_156' title='bbox 113 1001 305 1038; x_wconf 74' lang='grc' dir='ltr'>ἁμαρτήματα.</span> 
     </span>
    </p>
   </div>
   <div class='ocr_carea' id='block_1_22' title="bbox 91 1044 843 1085">
    <p class='ocr_par' dir='ltr' id='par_1_22' title="bbox 91 1044 843 1085">
     <span class='ocr_line' id='line_1_22' title="bbox 91 1044 843 1085; baseline 0.001 -11"><span class='ocrx_word' id='word_1_157' title='bbox 91 1046 143 1075; x_wconf 81' lang='lat' dir='ltr'><strong>XX.</strong></span> <span class='ocrx_word' id='word_1_158' title='bbox 157 1049 248 1077; x_wconf 78' lang='grc' dir='ltr'>Ταῦτα</span> <span class='ocrx_word' id='word_1_159' title='bbox 269 1049 320 1076; x_wconf 77' lang='grc' dir='ltr'>τοῦ</span> <span class='ocrx_word' id='word_1_160' title='bbox 343 1049 446 1084; x_wconf 77' lang='grc' dir='ltr'><strong>Πέτρου</strong></span> <span class='ocrx_word' id='word_1_161' title='bbox 467 1044 673 1085; x_wconf 56' lang='lat' dir='ltr'><strong>summm»,</strong></span> <span class='ocrx_word' id='word_1_162' title='bbox 687 1046 766 1081; x_wconf 79' lang='grc' dir='ltr'>υῐδσ,</span> <span class='ocrx_word' id='word_1_163' title='bbox 790 1048 843 1084; x_wconf 71' lang='grc' dir='ltr'><strong>ἔφη</strong></span> 
     </span>
    </p>
   </div>
   <div class='ocr_carea' id='block_1_23' title="bbox 62 1088 843 1131">
    <p class='ocr_par' dir='ltr' id='par_1_23' title="bbox 62 1088 843 1131">
     <span class='ocr_line' id='line_1_23' title="bbox 62 1088 843 1131; baseline 0.001 -11"><span class='ocrx_word' id='word_1_164' title='bbox 62 1092 174 1130; x_wconf 77' lang='grc' dir='ltr'>ὸπατὴρ,</span> <span class='ocrx_word' id='word_1_165' title='bbox 188 1095 238 1122; x_wconf 78' lang='grc' dir='ltr'>ὅτι</span> <span class='ocrx_word' id='word_1_166' title='bbox 257 1094 358 1131; x_wconf 81' lang='grc' dir='ltr'><strong>βούλει.</strong></span> <span class='ocrx_word' id='word_1_167' title='bbox 381 1095 427 1121; x_wconf 82' lang='grc' dir='ltr'>Διὸ</span> <span class='ocrx_word' id='word_1_168' title='bbox 441 1095 478 1130; x_wconf 81' lang='grc' dir='ltr'>μὴ</span> <span class='ocrx_word' id='word_1_169' title='bbox 498 1095 595 1131; x_wconf 79' lang='grc' dir='ltr'>κάμνε.</span> <span class='ocrx_word' id='word_1_170' title='bbox 619 1095 696 1131; x_wconf 77' lang='grc' dir='ltr'>Ἐμοὶ</span> <span class='ocrx_word' id='word_1_171' title='bbox 716 1095 770 1130; x_wconf 80' lang='grc' dir='ltr'><strong>γὰρ</strong></span> <span class='ocrx_word' id='word_1_172' title='bbox 785 1088 843 1130; x_wconf 75' lang='grc' dir='ltr'><strong>οὐχ’</strong></span> 
     </span>
    </p>
   </div>
   <div class='ocr_carea' id='block_1_24' title="bbox 62 1136 844 1177">
    <p class='ocr_par' dir='ltr' id='par_1_24' title="bbox 62 1136 844 1177">
     <span class='ocr_line' id='line_1_24' title="bbox 62 1136 844 1177; baseline 0 -10"><span class='ocrx_word' id='word_1_173' title='bbox 62 1136 130 1174; x_wconf 73' lang='grc' dir='ltr'>ἦττον</span> <span class='ocrx_word' id='word_1_174' title='bbox 143 1141 252 1177; x_wconf 78' lang='grc' dir='ltr'>μελήσει</span> <span class='ocrx_word' id='word_1_175' title='bbox 277 1141 368 1168; x_wconf 71' lang='grc' dir='ltr'>ἐκεῖσε</span> <span class='ocrx_word' id='word_1_176' title='bbox 382 1141 485 1169; x_wconf 73' lang='grc' dir='ltr'>ἐλθόντι</span> <span class='ocrx_word' id='word_1_177' title='bbox 494 1141 678 1176; x_wconf 74' lang='grc' dir='ltr'>διαλεχθῆναι,</span> <span class='ocrx_word' id='word_1_178' title='bbox 690 1141 708 1168; x_wconf 75' lang='lat' dir='ltr'><strong>a</strong></span> <span class='ocrx_word' id='word_1_179' title='bbox 718 1140 771 1176; x_wconf 76' lang='grc' dir='ltr'><strong>χρὴ</strong></span> <span class='ocrx_word' id='word_1_180' title='bbox 781 1141 844 1176; x_wconf 76' lang='grc' dir='ltr'>περὶ</span> 
     </span>
    </p>
   </div>
   <div class='ocr_carea' id='block_1_25' title="bbox 63 1185 844 1223">
    <p class='ocr_par' dir='ltr' id='par_1_25' title="bbox 63 1185 844 1223">
     <span class='ocr_line' id='line_1_25' title="bbox 63 1185 844 1223; baseline 0.004 -12"><span class='ocrx_word' id='word_1_181' title='bbox 63 1185 102 1211; x_wconf 78' lang='grc' dir='ltr'>σοῦ</span> <span class='ocrx_word' id='word_1_182' title='bbox 114 1185 292 1221; x_wconf 75' lang='grc' dir='ltr'>διαλέγεσθαι.</span> <span class='ocrx_word' id='word_1_183' title='bbox 311 1187 366 1214; x_wconf 75' lang='grc' dir='ltr'><strong>Καὶ</strong></span> <span class='ocrx_word' id='word_1_184' title='bbox 375 1187 390 1213; x_wconf 77' lang='grc' dir='ltr'><strong>ὁ</strong></span> <span class='ocrx_word' id='word_1_185' title='bbox 403 1188 507 1223; x_wconf 74' lang='grc' dir='ltr'>Πέτρος</span> <span class='ocrx_word' id='word_1_186' title='bbox 520 1187 601 1215; x_wconf 85' lang='grc' dir='ltr'>πάλιν</span> <span class='ocrx_word' id='word_1_187' title='bbox 615 1187 771 1214; x_wconf 80' lang='grc' dir='ltr'>ὑπετίθετο·</span> <span class='ocrx_word' id='word_1_188' title='bbox 780 1187 844 1214; x_wconf 74' lang='grc' dir='ltr'>ὅταν</span> 
     </span>
    </p>
   </div>
   <div class='ocr_carea' id='block_1_26' title="bbox 61 1228 842 1270">
    <p class='ocr_par' dir='ltr' id='par_1_26' title="bbox 61 1228 842 1270">
     <span class='ocr_line' id='line_1_26' title="bbox 61 1228 842 1270; baseline 0.005 -14"><span class='ocrx_word' id='word_1_189' title='bbox 61 1228 99 1257; x_wconf 59' lang='grc' dir='ltr'>οὖν</span> <span class='ocrx_word' id='word_1_190' title='bbox 117 1233 213 1269; x_wconf 74' lang='grc' dir='ltr'>νοήσῃς</span> <span class='ocrx_word' id='word_1_191' title='bbox 234 1233 288 1268; x_wconf 82' lang='grc' dir='ltr'>τὴν</span> <span class='ocrx_word' id='word_1_192' title='bbox 309 1233 386 1260; x_wconf 75' lang='grc' dir='ltr'>πόλιν</span> <span class='ocrx_word' id='word_1_193' title='bbox 409 1233 633 1270; x_wconf 75' lang='grc' dir='ltr'>μετασαλομένην</span> <span class='ocrx_word' id='word_1_194' title='bbox 655 1233 702 1260; x_wconf 86' lang='grc' dir='ltr'>τοῦ</span> <span class='ocrx_word' id='word_1_195' title='bbox 731 1233 842 1269; x_wconf 73' lang='grc' dir='ltr'>μίσους,</span> 
     </span>
    </p>
   </div>
   <div class='ocr_carea' id='block_1_27' title="bbox 62 1275 843 1314">
    <p class='ocr_par' dir='ltr' id='par_1_27' title="bbox 62 1275 843 1314">
     <span class='ocr_line' id='line_1_27' title="bbox 62 1275 843 1314; baseline 0.004 -13"><span class='ocrx_word' id='word_1_196' title='bbox 62 1275 229 1312; x_wconf 68' lang='grc' dir='ltr'>ἐπιθυμοῦσαν</span> <span class='ocrx_word' id='word_1_197' title='bbox 244 1277 274 1304; x_wconf 76' lang='grc' dir='ltr'><strong>δὲ</strong></span> <span class='ocrx_word' id='word_1_198' title='bbox 296 1277 361 1304; x_wconf 77' lang='grc' dir='ltr'>ἰδεῖν</span> <span class='ocrx_word' id='word_1_199' title='bbox 375 1278 458 1313; x_wconf 75' lang='grc' dir='ltr'>ἡμᾶς,</span> <span class='ocrx_word' id='word_1_200' title='bbox 474 1277 585 1314; x_wconf 79' lang='grc' dir='ltr'>πέμψας</span> <span class='ocrx_word' id='word_1_201' title='bbox 599 1278 718 1314; x_wconf 75' lang='grc' dir='ltr'><strong>δῆλωσὸν</strong></span> <span class='ocrx_word' id='word_1_202' title='bbox 729 1286 784 1314; x_wconf 84' lang='grc' dir='ltr'>μοι,</span> <span class='ocrx_word' id='word_1_203' title='bbox 795 1279 843 1306; x_wconf 78' lang='grc' dir='ltr'><strong>καὶ</strong></span> 
     </span>
    </p>
   </div>
   <div class='ocr_carea' id='block_1_28' title="bbox 61 1321 843 1361">
    <p class='ocr_par' dir='ltr' id='par_1_28' title="bbox 61 1321 843 1361">
     <span class='ocr_line' id='line_1_28' title="bbox 61 1321 843 1361; baseline 0.005 -14"><span class='ocrx_word' id='word_1_204' title='bbox 61 1321 140 1348; x_wconf 73' lang='grc' dir='ltr'>αὐτόθι</span> <span class='ocrx_word' id='word_1_205' title='bbox 151 1323 418 1359; x_wconf 77' lang='grc' dir='ltr'>ἑπικαταληψόμεθά</span> <span class='ocrx_word' id='word_1_206' title='bbox 432 1333 473 1351; x_wconf 85' lang='grc' dir='ltr'><strong>σε.</strong></span> <span class='ocrx_word' id='word_1_207' title='bbox 485 1325 634 1361; x_wconf 83' lang='grc' dir='ltr'>Γενόμενος</span> <span class='ocrx_word' id='word_1_208' title='bbox 647 1324 675 1351; x_wconf 78' lang='grc' dir='ltr'><strong>δὲ</strong></span> <span class='ocrx_word' id='word_1_209' title='bbox 688 1325 746 1351; x_wconf 69' lang='grc' dir='ltr'>ἐκεῖ</span> <span class='ocrx_word' id='word_1_210' title='bbox 757 1324 843 1360; x_wconf 79' lang='grc' dir='ltr'><strong>αὺθή-</strong></span> 
     </span>
    </p>
   </div>
   <div class='ocr_carea' id='block_1_29' title="bbox 62 1368 843 1406">
    <p class='ocr_par' dir='ltr' id='par_1_29' title="bbox 62 1368 843 1406">
     <span class='ocr_line' id='line_1_29' title="bbox 62 1368 843 1406; baseline 0.004 -12"><span class='ocrx_word' id='word_1_211' title='bbox 62 1375 132 1402; x_wconf 76' lang='grc' dir='ltr'>μερον</span> <span class='ocrx_word' id='word_1_212' title='bbox 149 1369 199 1404; x_wconf 69' lang='grc' dir='ltr'>τὴν</span> <span class='ocrx_word' id='word_1_213' title='bbox 214 1368 366 1405; x_wconf 78' lang='grc' dir='ltr'>ἀλλοτρίαν</span> <span class='ocrx_word' id='word_1_214' title='bbox 386 1377 434 1396; x_wconf 92' lang='grc' dir='ltr'><strong>σου</strong></span> <span class='ocrx_word' id='word_1_215' title='bbox 449 1370 556 1406; x_wconf 76' lang='grc' dir='ltr'>μορφὴν</span> <span class='ocrx_word' id='word_1_216' title='bbox 574 1370 713 1402; x_wconf 80' lang='grc' dir='ltr'><strong>ἀπελάσας</strong></span> <span class='ocrx_word' id='word_1_217' title='bbox 726 1370 774 1405; x_wconf 79' lang='grc' dir='ltr'>τὴν</span> <span class='ocrx_word' id='word_1_218' title='bbox 794 1370 843 1405; x_wconf 81' lang='grc' dir='ltr'><strong>σὴν</strong></span> 
     </span>
    </p>
   </div>
   <div class='ocr_carea' id='block_1_30' title="bbox 60 1414 842 1451">
    <p class='ocr_par' dir='ltr' id='par_1_30' title="bbox 60 1414 842 1451">
     <span class='ocr_line' id='line_1_30' title="bbox 60 1414 842 1451; baseline 0.004 -12"><span class='ocrx_word' id='word_1_219' title='bbox 60 1414 106 1445; x_wconf 81' lang='grc' dir='ltr'>τοῖς</span> <span class='ocrx_word' id='word_1_220' title='bbox 129 1415 185 1446; x_wconf 87' lang='grc' dir='ltr'>σοῖς</span> <span class='ocrx_word' id='word_1_221' title='bbox 201 1415 250 1442; x_wconf 77' lang='grc' dir='ltr'><strong>καὶ</strong></span> <span class='ocrx_word' id='word_1_222' title='bbox 266 1415 338 1442; x_wconf 74' lang='grc' dir='ltr'>πᾶσι</span> <span class='ocrx_word' id='word_1_223' title='bbox 359 1417 415 1447; x_wconf 83' lang='grc' dir='ltr'>τοῖς</span> <span class='ocrx_word' id='word_1_224' title='bbox 439 1414 529 1448; x_wconf 67' lang='grc' dir='ltr'>ἄλλοις</span> <span class='ocrx_word' id='word_1_225' title='bbox 550 1415 678 1448; x_wconf 78' lang='grc' dir='ltr'>ἀπλανῶς</span> <span class='ocrx_word' id='word_1_226' title='bbox 700 1415 842 1451; x_wconf 70' lang='grc' dir='ltr'>φαίνεσθαι</span> 
     </span>
    </p>
   </div>
   <div class='ocr_carea' id='block_1_31' title="bbox 60 1459 843 1497">
    <p class='ocr_par' dir='ltr' id='par_1_31' title="bbox 60 1459 843 1497">
     <span class='ocr_line' id='line_1_31' title="bbox 60 1459 843 1497; baseline 0.005 -12"><span class='ocrx_word' id='word_1_227' title='bbox 60 1459 159 1494; x_wconf 75' lang='grc' dir='ltr'>ποιήσω.</span> <span class='ocrx_word' id='word_1_228' title='bbox 173 1460 267 1487; x_wconf 77' lang='grc' dir='ltr'>Ταῦτα</span> <span class='ocrx_word' id='word_1_229' title='bbox 278 1460 365 1487; x_wconf 78' lang='grc' dir='ltr'>εἰπὼν</span> <span class='ocrx_word' id='word_1_230' title='bbox 379 1462 498 1488; x_wconf 83' lang='grc' dir='ltr'>συνεῖναι</span> <span class='ocrx_word' id='word_1_231' title='bbox 507 1461 582 1497; x_wconf 81' lang='grc' dir='ltr'><strong>αὐτῷ</strong></span> <span class='ocrx_word' id='word_1_232' title='bbox 594 1461 658 1494; x_wconf 74' lang='grc' dir='ltr'>τοὺς</span> <span class='ocrx_word' id='word_1_233' title='bbox 669 1462 756 1494; x_wconf 68' lang='grc' dir='ltr'>υἱοὺς,</span> <span class='ocrx_word' id='word_1_234' title='bbox 767 1461 843 1489; x_wconf 79' lang='grc' dir='ltr'>ἀδελ-</span> 
     </span>
    </p>
   </div>
   <div class='ocr_carea' id='block_1_32' title="bbox 60 1504 842 1543">
    <p class='ocr_par' dir='ltr' id='par_1_32' title="bbox 60 1504 842 1543">
     <span class='ocr_line' id='line_1_32' title="bbox 60 1504 842 1543; baseline 0.004 -12"><span class='ocrx_word' id='word_1_235' title='bbox 60 1504 116 1537; x_wconf 74' lang='grc' dir='ltr'>φοὺς</span> <span class='ocrx_word' id='word_1_236' title='bbox 128 1504 154 1531; x_wconf 72' lang='grc' dir='ltr'><strong>δὲ</strong></span> <span class='ocrx_word' id='word_1_237' title='bbox 166 1506 249 1541; x_wconf 69' lang='grc' dir='ltr'>ἐμοὺς</span> <span class='ocrx_word' id='word_1_238' title='bbox 259 1505 375 1541; x_wconf 72' lang='grc' dir='ltr'>ἐποίησε</span> <span class='ocrx_word' id='word_1_239' title='bbox 390 1507 438 1533; x_wconf 75' lang='grc' dir='ltr'><strong>καὶ</strong></span> <span class='ocrx_word' id='word_1_240' title='bbox 453 1506 602 1534; x_wconf 83' lang='grc' dir='ltr'>Ματτιδίαν</span> <span class='ocrx_word' id='word_1_241' title='bbox 612 1507 635 1523; x_wconf 84' lang='grc'><em>³⁸</em></span> <span class='ocrx_word' id='word_1_242' title='bbox 647 1525 656 1539; x_wconf 87' lang='lat'><strong>,</strong></span> <span class='ocrx_word' id='word_1_243' title='bbox 671 1508 721 1543; x_wconf 79' lang='grc' dir='ltr'>τὴν</span> <span class='ocrx_word' id='word_1_244' title='bbox 737 1507 842 1543; x_wconf 76' lang='grc' dir='ltr'>μητέρα</span> 
     </span>
    </p>
   </div>
   <div class='ocr_carea' id='block_1_33' title="bbox 893 261 1678 298">
    <p class='ocr_par' dir='ltr' id='par_1_33' title="bbox 893 261 1678 298">
     <span class='ocr_line' id='line_1_33' title="bbox 893 261 1678 298; baseline -0.004 -8"><span class='ocrx_word' id='word_1_245' title='bbox 893 267 950 290; x_wconf 92' lang='lat' dir='ltr'><strong>tum</strong></span> <span class='ocrx_word' id='word_1_246' title='bbox 962 270 1039 296; x_wconf 86' lang='lat' dir='ltr'><strong>esse;</strong></span> <span class='ocrx_word' id='word_1_247' title='bbox 1053 271 1106 290; x_wconf 91' lang='lat' dir='ltr'><strong>non</strong></span> <span class='ocrx_word' id='word_1_248' title='bbox 1121 263 1194 291; x_wconf 88' lang='lat' dir='ltr'><strong>enim</strong></span> <span class='ocrx_word' id='word_1_249' title='bbox 1208 263 1253 290; x_wconf 86' lang='lat' dir='ltr'><strong>ille</strong></span> <span class='ocrx_word' id='word_1_250' title='bbox 1269 267 1310 291; x_wconf 89' lang='lat' dir='ltr'><strong>est</strong></span> <span class='ocrx_word' id='word_1_251' title='bbox 1323 263 1463 298; x_wconf 89' lang='lat' dir='ltr'><strong>deceptor,</strong></span> <span class='ocrx_word' id='word_1_252' title='bbox 1477 265 1526 290; x_wconf 89' lang='lat' dir='ltr'><strong>aut</strong></span> <span class='ocrx_word' id='word_1_253' title='bbox 1537 261 1608 290; x_wconf 58' lang='lat' dir='ltr'><strong>caede</strong></span> <span class='ocrx_word' id='word_1_254' title='bbox 1619 261 1678 296; x_wconf 83' lang='lat' dir='ltr'><strong>pol-</strong></span> 
     </span>
    </p>
   </div>
   <div class='ocr_carea' id='block_1_34' title="bbox 893 306 1676 345">
    <p class='ocr_par' dir='ltr' id='par_1_34' title="bbox 893 306 1676 345">
     <span class='ocr_line' id='line_1_34' title="bbox 893 306 1676 345; baseline -0.004 -8"><span class='ocrx_word' id='word_1_255' title='bbox 893 310 984 342; x_wconf 86' lang='lat' dir='ltr'><strong>lutus,</strong></span> <span class='ocrx_word' id='word_1_256' title='bbox 1001 315 1048 336; x_wconf 88' lang='lat' dir='ltr'><strong>aut</strong></span> <span class='ocrx_word' id='word_1_257' title='bbox 1063 309 1244 345; x_wconf 65' lang='lat' dir='ltr'><strong>praestigiator</strong></span> <span class='ocrx_word' id='word_1_258' title='bbox 1254 329 1261 342; x_wconf 94' lang='lat'><strong>,</strong></span> <span class='ocrx_word' id='word_1_259' title='bbox 1276 313 1324 336; x_wconf 85' lang='lat' dir='ltr'><strong>aut</strong></span> <span class='ocrx_word' id='word_1_260' title='bbox 1337 315 1397 344; x_wconf 66' lang='lat' dir='ltr'><strong>quae</strong></span> <span class='ocrx_word' id='word_1_261' title='bbox 1412 308 1465 335; x_wconf 91' lang='lat' dir='ltr'><strong>alia</strong></span> <span class='ocrx_word' id='word_1_262' title='bbox 1481 312 1579 335; x_wconf 87' lang='lat' dir='ltr'><strong>cuncta</strong></span> <span class='ocrx_word' id='word_1_263' title='bbox 1594 306 1627 334; x_wconf 92' lang='lat' dir='ltr'><strong>de</strong></span> <span class='ocrx_word' id='word_1_264' title='bbox 1643 314 1676 334; x_wconf 90' lang='lat' dir='ltr'><strong>eo</strong></span> 
     </span>
    </p>
   </div>
   <div class='ocr_carea' id='block_1_35' title="bbox 893 353 1676 391">
    <p class='ocr_par' dir='ltr' id='par_1_35' title="bbox 893 353 1676 391">
     <span class='ocr_line' id='line_1_35' title="bbox 893 353 1676 391; baseline -0.004 -8"><span class='ocrx_word' id='word_1_265' title='bbox 893 357 965 383; x_wconf 89' lang='lat' dir='ltr'><strong>mala</strong></span> <span class='ocrx_word' id='word_1_266' title='bbox 978 356 1079 391; x_wconf 90' lang='lat' dir='ltr'><strong>protuli</strong></span> <span class='ocrx_word' id='word_1_267' title='bbox 1093 355 1185 383; x_wconf 79' lang='lat' dir='ltr'><strong>furore</strong></span> <span class='ocrx_word' id='word_1_268' title='bbox 1199 356 1339 383; x_wconf 89' lang='lat' dir='ltr'><strong>incitatus.</strong></span> <span class='ocrx_word' id='word_1_269' title='bbox 1355 354 1476 383; x_wconf 82' lang='lat' dir='ltr'><strong>Obsecro</strong></span> <span class='ocrx_word' id='word_1_270' title='bbox 1486 362 1536 390; x_wconf 83' lang='lat' dir='ltr'><strong>ego</strong></span> <span class='ocrx_word' id='word_1_271' title='bbox 1547 361 1596 382; x_wconf 89' lang='lat' dir='ltr'><strong>vos</strong></span> <span class='ocrx_word' id='word_1_272' title='bbox 1607 353 1676 389; x_wconf 88' lang='lat' dir='ltr'><strong>ipse,</strong></span> 
     </span>
    </p>
   </div>
   <div class='ocr_carea' id='block_1_36' title="bbox 893 401 1679 437">
    <p class='ocr_par' dir='ltr' id='par_1_36' title="bbox 893 401 1679 437">
     <span class='ocr_line' id='line_1_36' title="bbox 893 401 1679 437; baseline -0.005 -7"><span class='ocrx_word' id='word_1_273' title='bbox 893 402 941 437; x_wconf 88' lang='lat' dir='ltr'><strong>qui</strong></span> <span class='ocrx_word' id='word_1_274' title='bbox 952 402 1006 429; x_wconf 93' lang='lat' dir='ltr'><strong>odii</strong></span> <span class='ocrx_word' id='word_1_275' title='bbox 1019 402 1102 430; x_wconf 84' lang='lat' dir='ltr'><strong>vestri</strong></span> <span class='ocrx_word' id='word_1_276' title='bbox 1119 406 1215 429; x_wconf 89' lang='lat' dir='ltr'><strong>contra</strong></span> <span class='ocrx_word' id='word_1_277' title='bbox 1229 409 1291 429; x_wconf 92' lang='lat' dir='ltr'><strong>eum</strong></span> <span class='ocrx_word' id='word_1_278' title='bbox 1311 401 1411 428; x_wconf 85' lang='lat' dir='ltr'><strong>noxius</strong></span> <span class='ocrx_word' id='word_1_279' title='bbox 1436 408 1496 428; x_wconf 91' lang='lat' dir='ltr'><strong>sum</strong></span> <span class='ocrx_word' id='word_1_280' title='bbox 1520 404 1632 432; x_wconf 84' lang='lat' dir='ltr'><strong>auctor,</strong></span> <span class='ocrx_word' id='word_1_281' title='bbox 1649 402 1679 426; x_wconf 91' lang='lat' dir='ltr'><strong>ut</strong></span> 
     </span>
    </p>
   </div>
   <div class='ocr_carea' id='block_1_37' title="bbox 894 446 1678 482">
    <p class='ocr_par' dir='ltr' id='par_1_37' title="bbox 894 446 1678 482">
     <span class='ocr_line' id='line_1_37' title="bbox 894 446 1678 482; baseline -0.004 -7"><span class='ocrx_word' id='word_1_282' title='bbox 894 447 921 475; x_wconf 98' lang='lat' dir='ltr'><strong>id</strong></span> <span class='ocrx_word' id='word_1_283' title='bbox 932 447 1094 482; x_wconf 78' lang='lat' dir='ltr'><strong>deponatis;</strong></span> <span class='ocrx_word' id='word_1_284' title='bbox 1109 455 1172 475; x_wconf 90' lang='lat' dir='ltr'><strong>nam</strong></span> <span class='ocrx_word' id='word_1_285' title='bbox 1187 447 1231 476; x_wconf 86' lang='lat' dir='ltr'><strong>ille</strong></span> <span class='ocrx_word' id='word_1_286' title='bbox 1246 451 1288 476; x_wconf 84' lang='lat' dir='ltr'><strong>est</strong></span> <span class='ocrx_word' id='word_1_287' title='bbox 1299 447 1356 474; x_wconf 89' lang='lat' dir='ltr'><strong>veri</strong></span> <span class='ocrx_word' id='word_1_288' title='bbox 1370 446 1403 473; x_wconf 88' lang='lat' dir='ltr'><strong>ad</strong></span> <span class='ocrx_word' id='word_1_289' title='bbox 1418 447 1534 474; x_wconf 83' lang='lat' dir='ltr'><strong>salutem</strong></span> <span class='ocrx_word' id='word_1_290' title='bbox 1552 446 1647 473; x_wconf 90' lang='lat' dir='ltr'><strong>mundi</strong></span> <span class='ocrx_word' id='word_1_291' title='bbox 1664 453 1678 472; x_wconf 91' lang='lat' dir='ltr'><strong>a</strong></span> 
     </span>
    </p>
   </div>
   <div class='ocr_carea' id='block_1_38' title="bbox 894 491 1681 529">
    <p class='ocr_par' dir='ltr' id='par_1_38' title="bbox 894 491 1681 529">
     <span class='ocr_line' id='line_1_38' title="bbox 894 491 1681 529; baseline -0.001 -9"><span class='ocrx_word' id='word_1_292' title='bbox 894 493 951 521; x_wconf 87' lang='lat' dir='ltr'><strong>Deo</strong></span> <span class='ocrx_word' id='word_1_293' title='bbox 963 494 1041 522; x_wconf 87' lang='lat' dir='ltr'><strong>missi</strong></span> <span class='ocrx_word' id='word_1_294' title='bbox 1055 494 1194 529; x_wconf 63' lang='lat' dir='ltr'><strong>prophetat</strong></span> <span class='ocrx_word' id='word_1_295' title='bbox 1208 501 1290 522; x_wconf 87' lang='lat' dir='ltr'><strong>verus</strong></span> <span class='ocrx_word' id='word_1_296' title='bbox 1303 493 1454 529; x_wconf 84' lang='lat' dir='ltr'><strong>apostolus.</strong></span> <span class='ocrx_word' id='word_1_297' title='bbox 1471 491 1641 527; x_wconf 81' lang='lat' dir='ltr'><strong>Quapropter</strong></span> <span class='ocrx_word' id='word_1_298' title='bbox 1654 497 1681 519; x_wconf 94' lang='lat' dir='ltr'><strong>ct</strong></span> 
     </span>
    </p>
   </div>
   <div class='ocr_carea' id='block_1_39' title="bbox 893 538 1679 574">
    <p class='ocr_par' dir='ltr' id='par_1_39' title="bbox 893 538 1679 574">
     <span class='ocr_line' id='line_1_39' title="bbox 893 538 1679 574; baseline -0.003 -8"><span class='ocrx_word' id='word_1_299' title='bbox 893 539 951 574; x_wconf 80' lang='lat' dir='ltr'><strong>ipse</strong></span> <span class='ocrx_word' id='word_1_300' title='bbox 961 540 1062 567; x_wconf 83' lang='lat' dir='ltr'><strong>suadeo</strong></span> <span class='ocrx_word' id='word_1_301' title='bbox 1078 544 1107 567; x_wconf 90' lang='lat' dir='ltr'><strong>ut</strong></span> <span class='ocrx_word' id='word_1_302' title='bbox 1121 539 1145 567; x_wconf 93' lang='lat' dir='ltr'><strong>ei</strong></span> <span class='ocrx_word' id='word_1_303' title='bbox 1159 540 1277 568; x_wconf 87' lang='lat' dir='ltr'><strong>credatis</strong></span> <span class='ocrx_word' id='word_1_304' title='bbox 1308 539 1336 568; x_wconf 93' lang='lat' dir='ltr'><strong>in</strong></span> <span class='ocrx_word' id='word_1_305' title='bbox 1359 539 1395 566; x_wconf 83' lang='lat' dir='ltr'><strong>iis</strong></span> <span class='ocrx_word' id='word_1_306' title='bbox 1411 538 1445 566; x_wconf 88' lang='lat' dir='ltr'><strong>de</strong></span> <span class='ocrx_word' id='word_1_307' title='bbox 1457 538 1557 574; x_wconf 78' lang='lat' dir='ltr'><strong>quibus</strong></span> <span class='ocrx_word' id='word_1_308' title='bbox 1569 538 1679 573; x_wconf 85' lang='lat' dir='ltr'><strong>loquor,</strong></span> 
     </span>
    </p>
   </div>
   <div class='ocr_carea' id='block_1_40' title="bbox 893 581 1681 620">
    <p class='ocr_par' dir='ltr' id='par_1_40' title="bbox 893 581 1681 620">
     <span class='ocr_line' id='line_1_40' title="bbox 893 581 1681 620; baseline -0.004 -8"><span class='ocrx_word' id='word_1_309' title='bbox 893 592 928 612; x_wconf 88' lang='lat' dir='ltr'><strong>ne</strong></span> <span class='ocrx_word' id='word_1_310' title='bbox 943 584 1014 613; x_wconf 76' lang='lat' dir='ltr'><strong>forte</strong></span> <span class='ocrx_word' id='word_1_311' title='bbox 1032 585 1161 620; x_wconf 89' lang='lat' dir='ltr'><strong>oppidum</strong></span> <span class='ocrx_word' id='word_1_312' title='bbox 1176 590 1296 613; x_wconf 86' lang='lat' dir='ltr'><strong>vestrum</strong></span> <span class='ocrx_word' id='word_1_313' title='bbox 1313 583 1436 612; x_wconf 79' lang='lat' dir='ltr'><strong>funditus</strong></span> <span class='ocrx_word' id='word_1_314' title='bbox 1451 587 1554 619; x_wconf 84' lang='lat' dir='ltr'><strong>pereat.</strong></span> <span class='ocrx_word' id='word_1_315' title='bbox 1569 581 1681 610; x_wconf 83' lang='lat' dir='ltr'><strong>Verum-</strong></span> 
     </span>
    </p>
   </div>
   <div class='ocr_carea' id='block_1_41' title="bbox 893 626 1682 664">
    <p class='ocr_par' dir='ltr' id='par_1_41' title="bbox 893 626 1682 664">
     <span class='ocr_line' id='line_1_41' title="bbox 893 626 1682 664; baseline -0.005 -6"><span class='ocrx_word' id='word_1_316' title='bbox 893 630 1035 658; x_wconf 85' lang='lat' dir='ltr'><strong>enimvero</strong></span> <span class='ocrx_word' id='word_1_317' title='bbox 1055 631 1126 658; x_wconf 89' lang='lat' dir='ltr'><strong>scire</strong></span> <span class='ocrx_word' id='word_1_318' title='bbox 1146 638 1196 658; x_wconf 82' lang='lat' dir='ltr'><strong>vos</strong></span> <span class='ocrx_word' id='word_1_319' title='bbox 1216 631 1297 664; x_wconf 92' lang='lat' dir='ltr'><strong>volo,</strong></span> <span class='ocrx_word' id='word_1_320' title='bbox 1322 637 1372 658; x_wconf 88' lang='lat' dir='ltr'><strong>cur</strong></span> <span class='ocrx_word' id='word_1_321' title='bbox 1393 630 1452 657; x_wconf 75' lang='lat' dir='ltr'><strong>haec</strong></span> <span class='ocrx_word' id='word_1_322' title='bbox 1475 628 1616 656; x_wconf 84' lang='lat' dir='ltr'><strong>conﬁtear.</strong></span> <span class='ocrx_word' id='word_1_323' title='bbox 1633 626 1682 654; x_wconf 87' lang='lat' dir='ltr'><strong>Dei</strong></span> 
     </span>
    </p>
   </div>
   <div class='ocr_carea' id='block_1_42' title="bbox 894 675 1681 714">
    <p class='ocr_par' dir='ltr' id='par_1_42' title="bbox 894 675 1681 714">
     <span class='ocr_line' id='line_1_42' title="bbox 894 675 1681 714; baseline -0.006 -8"><span class='ocrx_word' id='word_1_324' title='bbox 894 678 982 714; x_wconf 75' lang='lat' dir='ltr'><strong>angeli</strong></span> <span class='ocrx_word' id='word_1_325' title='bbox 995 686 1039 706; x_wconf 91' lang='lat' dir='ltr'><strong>me</strong></span> <span class='ocrx_word' id='word_1_326' title='bbox 1051 678 1176 714; x_wconf 88' lang='lat' dir='ltr'><strong>impium,</strong></span> <span class='ocrx_word' id='word_1_327' title='bbox 1191 678 1264 713; x_wconf 92' lang='lat' dir='ltr'><strong>quod</strong></span> <span class='ocrx_word' id='word_1_328' title='bbox 1278 677 1407 705; x_wconf 91' lang='lat' dir='ltr'><strong>inimicus</strong></span> <span class='ocrx_word' id='word_1_329' title='bbox 1423 684 1513 705; x_wconf 87' lang='lat' dir='ltr'><strong>essem</strong></span> <span class='ocrx_word' id='word_1_330' title='bbox 1526 675 1622 704; x_wconf 89' lang='lat' dir='ltr'><strong>nuntio</strong></span> <span class='ocrx_word' id='word_1_331' title='bbox 1636 682 1681 702; x_wconf 82' lang='lat' dir='ltr'><strong>vc-</strong></span> 
     </span>
    </p>
   </div>
   <div class='ocr_carea' id='block_1_43' title="bbox 894 719 1681 758">
    <p class='ocr_par' dir='ltr' id='par_1_43' title="bbox 894 719 1681 758">
     <span class='ocr_line' id='line_1_43' title="bbox 894 719 1681 758; baseline -0.006 -7"><span class='ocrx_word' id='word_1_332' title='bbox 894 723 1000 756; x_wconf 86' lang='lat' dir='ltr'><strong>ritatis.</strong></span> <span class='ocrx_word' id='word_1_333' title='bbox 1024 724 1075 751; x_wconf 88' lang='lat' dir='ltr'><strong>hac</strong></span> <span class='ocrx_word' id='word_1_334' title='bbox 1091 727 1171 751; x_wconf 91' lang='lat' dir='ltr'><strong>nocte</strong></span> <span class='ocrx_word' id='word_1_335' title='bbox 1186 724 1361 752; x_wconf 84' lang='lat' dir='ltr'><strong>vehementer</strong></span> <span class='ocrx_word' id='word_1_336' title='bbox 1379 722 1560 758; x_wconf 79' lang='lat' dir='ltr'><strong>ﬂagellarunt.</strong></span> <span class='ocrx_word' id='word_1_337' title='bbox 1581 719 1681 747; x_wconf 85' lang='lat' dir='ltr'><strong>Horter</strong></span> 
     </span>
    </p>
   </div>
   <div class='ocr_carea' id='block_1_44' title="bbox 893 765 1680 804">
    <p class='ocr_par' dir='ltr' id='par_1_44' title="bbox 893 765 1680 804">
     <span class='ocr_line' id='line_1_44' title="bbox 893 765 1680 804; baseline -0.006 -8"><span class='ocrx_word' id='word_1_338' title='bbox 893 776 958 804; x_wconf 72' lang='lat' dir='ltr'><strong>ergo</strong></span> <span class='ocrx_word' id='word_1_339' title='bbox 971 777 1005 796; x_wconf 90' lang='lat' dir='ltr'><strong>ne</strong></span> <span class='ocrx_word' id='word_1_340' title='bbox 1030 769 1096 797; x_wconf 89' lang='lat' dir='ltr'><strong>mihi</strong></span> <span class='ocrx_word' id='word_1_341' title='bbox 1108 769 1235 801; x_wconf 79' lang='lat' dir='ltr'><strong>credatis,</strong></span> <span class='ocrx_word' id='word_1_342' title='bbox 1249 769 1355 796; x_wconf 87' lang='lat' dir='ltr'><strong>etiamsi</strong></span> <span class='ocrx_word' id='word_1_343' title='bbox 1367 768 1436 795; x_wconf 82' lang='lat' dir='ltr'><strong>alias</strong></span> <span class='ocrx_word' id='word_1_344' title='bbox 1446 767 1559 794; x_wconf 90' lang='lat' dir='ltr'><strong>veniens</strong></span> <span class='ocrx_word' id='word_1_345' title='bbox 1570 765 1680 793; x_wconf 82' lang='lat' dir='ltr'><strong>Petrum</strong></span> 
     </span>
    </p>
   </div>
   <div class='ocr_carea' id='block_1_45' title="bbox 894 813 1680 849">
    <p class='ocr_par' dir='ltr' id='par_1_45' title="bbox 894 813 1680 849">
     <span class='ocr_line' id='line_1_45' title="bbox 894 813 1680 849; baseline -0.006 -6"><span class='ocrx_word' id='word_1_346' title='bbox 894 816 1057 845; x_wconf 87' lang='lat' dir='ltr'><strong>calumnier.</strong></span> <span class='ocrx_word' id='word_1_347' title='bbox 1075 816 1213 844; x_wconf 81' lang='lat' dir='ltr'><strong>Conﬁteor</strong></span> <span class='ocrx_word' id='word_1_348' title='bbox 1232 815 1305 844; x_wconf 88' lang='lat' dir='ltr'><strong>enim</strong></span> <span class='ocrx_word' id='word_1_349' title='bbox 1323 815 1418 842; x_wconf 84' lang='lat' dir='ltr'><strong>vobis:</strong></span> <span class='ocrx_word' id='word_1_350' title='bbox 1434 813 1599 849; x_wconf 82' lang='lat' dir='ltr'><strong>egomctipse</strong></span> <span class='ocrx_word' id='word_1_351' title='bbox 1620 819 1680 839; x_wconf 88' lang='lat' dir='ltr'><strong>sum</strong></span> 
     </span>
    </p>
   </div>
   <div class='ocr_carea' id='block_1_46' title="bbox 894 857 1680 898">
    <p class='ocr_par' dir='ltr' id='par_1_46' title="bbox 894 857 1680 898">
     <span class='ocr_line' id='line_1_46' title="bbox 894 857 1680 898; baseline -0.005 -9"><span class='ocrx_word' id='word_1_352' title='bbox 894 869 1002 898; x_wconf 70' lang='lat' dir='ltr'><strong>magus,</strong></span> <span class='ocrx_word' id='word_1_353' title='bbox 1017 870 1067 898; x_wconf 75' lang='lat' dir='ltr'><strong>ego</strong></span> <span class='ocrx_word' id='word_1_354' title='bbox 1080 862 1219 897; x_wconf 86' lang='lat' dir='ltr'><strong>deceptor,</strong></span> <span class='ocrx_word' id='word_1_355' title='bbox 1235 869 1286 897; x_wconf 78' lang='lat' dir='ltr'><strong>ego</strong></span> <span class='ocrx_word' id='word_1_356' title='bbox 1306 860 1498 896; x_wconf 65' lang='lat' dir='ltr'><strong>praestigiator.</strong></span> <span class='ocrx_word' id='word_1_357' title='bbox 1523 858 1570 887; x_wconf 89' lang='lat' dir='ltr'><strong>Sic</strong></span> <span class='ocrx_word' id='word_1_358' title='bbox 1587 857 1680 885; x_wconf 78' lang='lat' dir='ltr'><strong>forsan</strong></span> 
     </span>
    </p>
   </div>
   <div class='ocr_carea' id='block_1_47' title="bbox 895 904 1682 943">
    <p class='ocr_par' dir='ltr' id='par_1_47' title="bbox 895 904 1682 943">
     <span class='ocr_line' id='line_1_47' title="bbox 895 904 1682 943; baseline -0.006 -7"><span class='ocrx_word' id='word_1_359' title='bbox 895 908 959 936; x_wconf 81' lang='lat' dir='ltr'><strong>licet</strong></span> <span class='ocrx_word' id='word_1_360' title='bbox 981 913 1092 943; x_wconf 85' lang='lat' dir='ltr'><strong>peccata</strong></span> <span class='ocrx_word' id='word_1_361' title='bbox 1112 907 1190 943; x_wconf 87' lang='lat' dir='ltr'><strong>prius</strong></span> <span class='ocrx_word' id='word_1_362' title='bbox 1203 915 1218 935; x_wconf 68' lang='grc' dir='ltr'><strong>τι</strong></span> <span class='ocrx_word' id='word_1_363' title='bbox 1229 914 1273 934; x_wconf 89' lang='lat' dir='ltr'><strong>me</strong></span> <span class='ocrx_word' id='word_1_364' title='bbox 1295 906 1443 934; x_wconf 89' lang='lat' dir='ltr'><strong>commissa</strong></span> <span class='ocrx_word' id='word_1_365' title='bbox 1459 904 1617 941; x_wconf 81' lang='lat' dir='ltr'><strong>poenitentia</strong></span> <span class='ocrx_word' id='word_1_366' title='bbox 1635 904 1682 932; x_wconf 88' lang='lat' dir='ltr'><strong>de-</strong></span> 
     </span>
    </p>
   </div>
   <div class='ocr_carea' id='block_1_48' title="bbox 894 954 960 982">
    <p class='ocr_par' dir='ltr' id='par_1_48' title="bbox 894 954 960 982">
     <span class='ocr_line' id='line_1_48' title="bbox 894 954 960 982; baseline 0.015 -1"><span class='ocrx_word' id='word_1_367' title='bbox 894 954 960 982; x_wconf 83' lang='lat' dir='ltr'><strong>lere.</strong></span> 
     </span>
    </p>
   </div>
   <div class='ocr_carea' id='block_1_49' title="bbox 929 1040 1681 1079">
    <p class='ocr_par' dir='ltr' id='par_1_49' title="bbox 929 1040 1681 1079">
     <span class='ocr_line' id='line_1_49' title="bbox 929 1040 1681 1079; baseline -0.004 -8"><span class='ocrx_word' id='word_1_368' title='bbox 929 1043 989 1079; x_wconf 69' lang='lat' dir='ltr'><strong>XX.</strong></span> <span class='ocrx_word' id='word_1_369' title='bbox 1006 1043 1073 1077; x_wconf 56' lang='lat' dir='ltr'><strong>Quae</strong></span> <span class='ocrx_word' id='word_1_370' title='bbox 1097 1051 1160 1071; x_wconf 90' lang='lat' dir='ltr'><strong>cum</strong></span> <span class='ocrx_word' id='word_1_371' title='bbox 1178 1042 1277 1070; x_wconf 78' lang='lat' dir='ltr'><strong>Petrus</strong></span> <span class='ocrx_word' id='word_1_372' title='bbox 1296 1042 1368 1077; x_wconf 86' lang='lat' dir='ltr'><strong>patri</strong></span> <span class='ocrx_word' id='word_1_373' title='bbox 1398 1041 1556 1069; x_wconf 79' lang='lat' dir='ltr'><strong>mandasset</strong></span> <span class='ocrx_word' id='word_1_374' title='bbox 1575 1051 1581 1068; x_wconf 92' lang='lat'>:</span> <span class='ocrx_word' id='word_1_375' title='bbox 1597 1040 1681 1068; x_wconf 86' lang='lat' dir='ltr'><strong>Intel-</strong></span> 
     </span>
    </p>
   </div>
   <div class='ocr_carea' id='block_1_50' title="bbox 893 1087 1682 1126">
    <p class='ocr_par' dir='ltr' id='par_1_50' title="bbox 893 1087 1682 1126">
     <span class='ocr_line' id='line_1_50' title="bbox 893 1087 1682 1126; baseline -0.004 -9"><span class='ocrx_word' id='word_1_376' title='bbox 893 1089 959 1126; x_wconf 73' lang='lat' dir='ltr'><strong>ligo,</strong></span> <span class='ocrx_word' id='word_1_377' title='bbox 972 1090 1071 1124; x_wconf 86' lang='lat' dir='ltr'><strong>inquit,</strong></span> <span class='ocrx_word' id='word_1_378' title='bbox 1083 1088 1147 1124; x_wconf 92' lang='lat' dir='ltr'><strong>quid</strong></span> <span class='ocrx_word' id='word_1_379' title='bbox 1160 1088 1237 1116; x_wconf 87' lang='lat' dir='ltr'><strong>velis.</strong></span> <span class='ocrx_word' id='word_1_380' title='bbox 1251 1088 1341 1122; x_wconf 85' lang='lat' dir='ltr'><strong>Quare</strong></span> <span class='ocrx_word' id='word_1_381' title='bbox 1351 1096 1386 1116; x_wconf 88' lang='lat' dir='ltr'><strong>ne</strong></span> <span class='ocrx_word' id='word_1_382' title='bbox 1400 1088 1471 1116; x_wconf 84' lang='lat' dir='ltr'><strong>ultra</strong></span> <span class='ocrx_word' id='word_1_383' title='bbox 1485 1087 1600 1115; x_wconf 86' lang='lat' dir='ltr'><strong>labores.</strong></span> <span class='ocrx_word' id='word_1_384' title='bbox 1614 1087 1682 1115; x_wconf 86' lang='lat' dir='ltr'><strong>Nam</strong></span> 
     </span>
    </p>
   </div>
   <div class='ocr_carea' id='block_1_51' title="bbox 893 1134 1680 1169">
    <p class='ocr_par' dir='ltr' id='par_1_51' title="bbox 893 1134 1680 1169">
     <span class='ocr_line' id='line_1_51' title="bbox 893 1134 1680 1169; baseline -0.003 -6"><span class='ocrx_word' id='word_1_385' title='bbox 893 1143 967 1163; x_wconf 59' lang='lat' dir='ltr'><strong>curat</strong></span> <span class='ocrx_word' id='word_1_386' title='bbox 984 1135 1053 1162; x_wconf 90' lang='lat' dir='ltr'><strong>mihi</strong></span> <span class='ocrx_word' id='word_1_387' title='bbox 1069 1135 1132 1169; x_wconf 89' lang='lat' dir='ltr'><strong>erit,</strong></span> <span class='ocrx_word' id='word_1_388' title='bbox 1145 1142 1215 1169; x_wconf 49' lang='lat' dir='ltr'><strong>,cum</strong></span> <span class='ocrx_word' id='word_1_389' title='bbox 1232 1135 1288 1163; x_wconf 89' lang='lat' dir='ltr'><strong>illic</strong></span> <span class='ocrx_word' id='word_1_390' title='bbox 1304 1142 1417 1168; x_wconf 86' lang='lat' dir='ltr'><strong>venero,</strong></span> <span class='ocrx_word' id='word_1_391' title='bbox 1436 1139 1466 1161; x_wconf 92' lang='lat' dir='ltr'><strong>ut</strong></span> <span class='ocrx_word' id='word_1_392' title='bbox 1483 1134 1517 1161; x_wconf 89' lang='lat' dir='ltr'><strong>de</strong></span> <span class='ocrx_word' id='word_1_393' title='bbox 1533 1138 1559 1162; x_wconf 91' lang='lat' dir='ltr'><strong>te</strong></span> <span class='ocrx_word' id='word_1_394' title='bbox 1572 1134 1680 1169; x_wconf 87' lang='lat' dir='ltr'><strong>loquar,</strong></span> 
     </span>
    </p>
   </div>
   <div class='ocr_carea' id='block_1_52' title="bbox 893 1179 1682 1217">
    <p class='ocr_par' dir='ltr' id='par_1_52' title="bbox 893 1179 1682 1217">
     <span class='ocr_line' id='line_1_52' title="bbox 893 1179 1682 1217; baseline -0.001 -9"><span class='ocrx_word' id='word_1_395' title='bbox 893 1189 955 1217; x_wconf 72' lang='lat' dir='ltr'><strong>quae</strong></span> <span class='ocrx_word' id='word_1_396' title='bbox 972 1181 1136 1209; x_wconf 88' lang='lat' dir='ltr'><strong>annuntiare</strong></span> <span class='ocrx_word' id='word_1_397' title='bbox 1148 1189 1192 1210; x_wconf 91' lang='lat' dir='ltr'><strong>me</strong></span> <span class='ocrx_word' id='word_1_398' title='bbox 1210 1185 1327 1216; x_wconf 81' lang='lat' dir='ltr'><strong>oportet.</strong></span> <span class='ocrx_word' id='word_1_399' title='bbox 1343 1180 1445 1208; x_wconf 83' lang='lat' dir='ltr'><strong>D’einde</strong></span> <span class='ocrx_word' id='word_1_400' title='bbox 1458 1179 1556 1208; x_wconf 85' lang='lat' dir='ltr'><strong>Petrus</strong></span> <span class='ocrx_word' id='word_1_401' title='bbox 1570 1179 1682 1207; x_wconf 90' lang='lat' dir='ltr'><strong>manda-</strong></span> 
     </span>
    </p>
   </div>
   <div class='ocr_carea' id='block_1_53' title="bbox 895 1226 1683 1263">
    <p class='ocr_par' dir='ltr' id='par_1_53' title="bbox 895 1226 1683 1263">
     <span class='ocr_line' id='line_1_53' title="bbox 895 1226 1683 1263; baseline -0.003 -8"><span class='ocrx_word' id='word_1_402' title='bbox 895 1229 929 1256; x_wconf 85' lang='lat' dir='ltr'><strong>tis</strong></span> <span class='ocrx_word' id='word_1_403' title='bbox 941 1228 1087 1263; x_wconf 72' lang='lat' dir='ltr'><strong>subjunxit</strong></span> <span class='ocrx_word' id='word_1_404' title='bbox 1102 1237 1108 1254; x_wconf 90' lang='lat'>:</span> <span class='ocrx_word' id='word_1_405' title='bbox 1126 1227 1242 1261; x_wconf 85' lang='lat' dir='ltr'><strong>Quando</strong></span> <span class='ocrx_word' id='word_1_406' title='bbox 1255 1231 1346 1255; x_wconf 88' lang='lat' dir='ltr'><strong>autem</strong></span> <span class='ocrx_word' id='word_1_407' title='bbox 1360 1227 1457 1254; x_wconf 88' lang='lat' dir='ltr'><strong>urbem</strong></span> <span class='ocrx_word' id='word_1_408' title='bbox 1472 1227 1536 1254; x_wconf 88' lang='lat' dir='ltr'><strong>odio</strong></span> <span class='ocrx_word' id='word_1_409' title='bbox 1549 1226 1683 1254; x_wconf 82' lang='lat' dir='ltr'><strong>desistere</strong></span> 
     </span>
    </p>
   </div>
   <div class='ocr_carea' id='block_1_54' title="bbox 893 1273 1682 1308">
    <p class='ocr_par' dir='ltr' id='par_1_54' title="bbox 893 1273 1682 1308">
     <span class='ocr_line' id='line_1_54' title="bbox 893 1273 1682 1308; baseline -0.004 -6"><span class='ocrx_word' id='word_1_410' title='bbox 893 1274 970 1302; x_wconf 79' lang='lat' dir='ltr'><strong>vides</strong></span> <span class='ocrx_word' id='word_1_411' title='bbox 983 1282 1016 1302; x_wconf 84' lang='lat' dir='ltr'><strong>ac</strong></span> <span class='ocrx_word' id='word_1_412' title='bbox 1028 1274 1164 1302; x_wconf 87' lang='lat' dir='ltr'><strong>desiderio</strong></span> <span class='ocrx_word' id='word_1_413' title='bbox 1177 1281 1227 1302; x_wconf 92' lang='lat' dir='ltr'><strong>nos</strong></span> <span class='ocrx_word' id='word_1_414' title='bbox 1245 1273 1361 1302; x_wconf 86' lang='lat' dir='ltr'><strong>videndi</strong></span> <span class='ocrx_word' id='word_1_415' title='bbox 1374 1274 1446 1308; x_wconf 90' lang='lat' dir='ltr'><strong>capi,</strong></span> <span class='ocrx_word' id='word_1_416' title='bbox 1467 1273 1596 1300; x_wconf 91' lang='lat' dir='ltr'><strong>nuntium</strong></span> <span class='ocrx_word' id='word_1_417' title='bbox 1614 1273 1682 1300; x_wconf 89' lang='lat' dir='ltr'><strong>mihi</strong></span> 
     </span>
    </p>
   </div>
   <div class='ocr_carea' id='block_1_55' title="bbox 894 1319 1682 1356">
    <p class='ocr_par' dir='ltr' id='par_1_55' title="bbox 894 1319 1682 1356">
     <span class='ocr_line' id='line_1_55' title="bbox 894 1319 1682 1356; baseline -0.003 -8"><span class='ocrx_word' id='word_1_418' title='bbox 894 1321 981 1354; x_wconf 85' lang='lat' dir='ltr'><strong>mitte,</strong></span> <span class='ocrx_word' id='word_1_419' title='bbox 994 1325 1022 1348; x_wconf 87' lang='lat' dir='ltr'><strong>et</strong></span> <span class='ocrx_word' id='word_1_420' title='bbox 1036 1320 1130 1348; x_wconf 83' lang='lat' dir='ltr'><strong>statim</strong></span> <span class='ocrx_word' id='word_1_421' title='bbox 1146 1320 1182 1348; x_wconf 90' lang='lat' dir='ltr'><strong>ad</strong></span> <span class='ocrx_word' id='word_1_422' title='bbox 1196 1324 1222 1348; x_wconf 87' lang='lat' dir='ltr'><strong>te</strong></span> <span class='ocrx_word' id='word_1_423' title='bbox 1241 1320 1460 1356; x_wconf 84' lang='lat' dir='ltr'><strong>properabimus.</strong></span> <span class='ocrx_word' id='word_1_424' title='bbox 1474 1319 1581 1347; x_wconf 88' lang='lat' dir='ltr'><strong>Etcum</strong></span> <span class='ocrx_word' id='word_1_425' title='bbox 1592 1326 1625 1346; x_wconf 90' lang='lat' dir='ltr'><strong>eo</strong></span> <span class='ocrx_word' id='word_1_426' title='bbox 1637 1327 1682 1346; x_wconf 52' lang='lat' dir='ltr'><strong>ve</strong></span> 
     </span>
    </p>
   </div>
   <div class='ocr_carea' id='block_1_56' title="bbox 893 1364 1683 1401">
    <p class='ocr_par' dir='ltr' id='par_1_56' title="bbox 893 1364 1683 1401">
     <span class='ocr_line' id='line_1_56' title="bbox 893 1364 1683 1401; baseline -0.003 -7"><span class='ocrx_word' id='word_1_427' title='bbox 893 1373 970 1399; x_wconf 85' lang='lat' dir='ltr'><strong>nero,</strong></span> <span class='ocrx_word' id='word_1_428' title='bbox 985 1366 1102 1394; x_wconf 86' lang='lat' dir='ltr'><strong>alienam</strong></span> <span class='ocrx_word' id='word_1_429' title='bbox 1115 1365 1232 1394; x_wconf 78' lang='lat' dir='ltr'><strong>formam</strong></span> <span class='ocrx_word' id='word_1_430' title='bbox 1245 1373 1261 1393; x_wconf 93' lang='lat' dir='ltr'><strong>a</strong></span> <span class='ocrx_word' id='word_1_431' title='bbox 1274 1370 1300 1394; x_wconf 89' lang='lat' dir='ltr'><strong>te</strong></span> <span class='ocrx_word' id='word_1_432' title='bbox 1313 1364 1427 1401; x_wconf 81' lang='lat' dir='ltr'><strong>fugabo,</strong></span> <span class='ocrx_word' id='word_1_433' title='bbox 1445 1369 1576 1400; x_wconf 88' lang='lat' dir='ltr'><strong>tuamque</strong></span> <span class='ocrx_word' id='word_1_434' title='bbox 1590 1365 1645 1392; x_wconf 90' lang='lat' dir='ltr'><strong>tuis</strong></span> <span class='ocrx_word' id='word_1_435' title='bbox 1656 1369 1683 1392; x_wconf 90' lang='lat' dir='ltr'><strong>et</strong></span> 
     </span>
    </p>
   </div>
   <div class='ocr_carea' id='block_1_57' title="bbox 893 1411 1682 1448">
    <p class='ocr_par' dir='ltr' id='par_1_57' title="bbox 893 1411 1682 1448">
     <span class='ocr_line' id='line_1_57' title="bbox 893 1411 1682 1448; baseline -0.001 -9"><span class='ocrx_word' id='word_1_436' title='bbox 893 1413 955 1440; x_wconf 84' lang='lat' dir='ltr'><strong>aliis</strong></span> <span class='ocrx_word' id='word_1_437' title='bbox 972 1412 1102 1440; x_wconf 88' lang='lat' dir='ltr'><strong>omnibus</strong></span> <span class='ocrx_word' id='word_1_438' title='bbox 1117 1412 1191 1440; x_wconf 86' lang='lat' dir='ltr'><strong>clare</strong></span> <span class='ocrx_word' id='word_1_439' title='bbox 1202 1419 1335 1448; x_wconf 83' lang='lat' dir='ltr'><strong>apparere</strong></span> <span class='ocrx_word' id='word_1_440' title='bbox 1355 1411 1465 1440; x_wconf 79' lang='lat' dir='ltr'><strong>faciam.</strong></span> <span class='ocrx_word' id='word_1_441' title='bbox 1485 1411 1590 1445; x_wconf 84' lang='lat' dir='ltr'><strong>Quibus</strong></span> <span class='ocrx_word' id='word_1_442' title='bbox 1602 1411 1682 1438; x_wconf 84' lang='lat' dir='ltr'><strong>dictis</strong></span> 
     </span>
    </p>
   </div>
   <div class='ocr_carea' id='block_1_58' title="bbox 892 1456 1681 1493">
    <p class='ocr_par' dir='ltr' id='par_1_58' title="bbox 892 1456 1681 1493">
     <span class='ocr_line' id='line_1_58' title="bbox 892 1456 1681 1493; baseline -0.001 -8"><span class='ocrx_word' id='word_1_443' title='bbox 892 1457 964 1485; x_wconf 83' lang='lat' dir='ltr'><strong>ﬁlios</strong></span> <span class='ocrx_word' id='word_1_444' title='bbox 976 1457 1047 1493; x_wconf 85' lang='lat' dir='ltr'><strong>ejus,</strong></span> <span class='ocrx_word' id='word_1_445' title='bbox 1063 1465 1140 1485; x_wconf 91' lang='lat' dir='ltr'><strong>meos</strong></span> <span class='ocrx_word' id='word_1_446' title='bbox 1154 1456 1270 1492; x_wconf 79' lang='lat' dir='ltr'><strong>fratres,</strong></span> <span class='ocrx_word' id='word_1_447' title='bbox 1282 1464 1309 1485; x_wconf 86' lang='lat' dir='ltr'><strong>et</strong></span> <span class='ocrx_word' id='word_1_448' title='bbox 1329 1457 1481 1486; x_wconf 86' lang='lat' dir='ltr'><strong>Mattidiam</strong></span> <span class='ocrx_word' id='word_1_449' title='bbox 1495 1462 1610 1485; x_wconf 87' lang='lat' dir='ltr'><strong>matrem</strong></span> <span class='ocrx_word' id='word_1_450' title='bbox 1631 1464 1681 1484; x_wconf 79' lang='lat' dir='ltr'><strong>no~</strong></span> 
     </span>
    </p>
   </div>
   <div class='ocr_carea' id='block_1_59' title="bbox 892 1503 1680 1540">
    <p class='ocr_par' dir='ltr' id='par_1_59' title="bbox 892 1503 1680 1540">
     <span class='ocr_line' id='line_1_59' title="bbox 892 1503 1680 1540; baseline -0.001 -9"><span class='ocrx_word' id='word_1_451' title='bbox 892 1508 978 1532; x_wconf 90' lang='lat' dir='ltr'><strong>stram</strong></span> <span class='ocrx_word' id='word_1_452' title='bbox 997 1508 1024 1532; x_wconf 89' lang='lat' dir='ltr'><strong>et</strong></span> <span class='ocrx_word' id='word_1_453' title='bbox 1039 1503 1174 1532; x_wconf 87' lang='lat' dir='ltr'><strong>sodalium</strong></span> <span class='ocrx_word' id='word_1_454' title='bbox 1191 1504 1326 1540; x_wconf 85' lang='lat' dir='ltr'><strong>quosdam</strong></span> <span class='ocrx_word' id='word_1_455' title='bbox 1342 1511 1395 1532; x_wconf 86' lang='lat' dir='ltr'><strong>una</strong></span> <span class='ocrx_word' id='word_1_456' title='bbox 1416 1512 1478 1532; x_wconf 88' lang='lat' dir='ltr'><strong>cum</strong></span> <span class='ocrx_word' id='word_1_457' title='bbox 1495 1511 1528 1532; x_wconf 93' lang='lat' dir='ltr'><strong>eo</strong></span> <span class='ocrx_word' id='word_1_458' title='bbox 1544 1503 1680 1539; x_wconf 76' lang='lat' dir='ltr'><strong>proﬁcisci</strong></span> 
     </span>
    </p>
   </div>
   <div class='ocr_carea' id='block_1_60' title="bbox 59 1549 842 1588">
    <p class='ocr_par' dir='ltr' id='par_1_60' title="bbox 59 1549 842 1588">
     <span class='ocr_line' id='line_1_60' title="bbox 59 1549 842 1588; baseline 0.003 -11"><span class='ocrx_word' id='word_1_459' title='bbox 59 1549 136 1584; x_wconf 78' lang='grc' dir='ltr'>ἡμῶν.</span> <span class='ocrx_word' id='word_1_460' title='bbox 158 1552 203 1578; x_wconf 78' lang='grc' dir='ltr'><strong>καὶ</strong></span> <span class='ocrx_word' id='word_1_461' title='bbox 226 1551 285 1578; x_wconf 80' lang='grc' dir='ltr'>τῶν</span> <span class='ocrx_word' id='word_1_462' title='bbox 308 1551 501 1587; x_wconf 80' lang='grc' dir='ltr'>γνησιωτέρων</span> <span class='ocrx_word' id='word_1_463' title='bbox 526 1551 602 1584; x_wconf 83' lang='grc' dir='ltr'>τινὰς</span> <span class='ocrx_word' id='word_1_464' title='bbox 627 1552 842 1588; x_wconf 83' lang='grc' dir='ltr'>συναπέρχεσθαι</span> 
     </span>
    </p>
   </div>
   <div class='ocr_carea' id='block_1_61' title="bbox 893 1549 1680 1588">
    <p class='ocr_par' dir='ltr' id='par_1_61' title="bbox 893 1550 1680 1585">
     <span class='ocr_line' id='line_1_61' title="bbox 893 1550 1680 1585; baseline -0.001 -7"><span class='ocrx_word' id='word_1_465' title='bbox 893 1550 984 1585; x_wconf 85' lang='lat' dir='ltr'><strong>jussit.</strong></span> <span class='ocrx_word' id='word_1_466' title='bbox 1000 1550 1054 1579; x_wconf 86' lang='lat' dir='ltr'><strong>Sed</strong></span> <span class='ocrx_word' id='word_1_467' title='bbox 1068 1555 1154 1578; x_wconf 87' lang='lat' dir='ltr'><strong>mater</strong></span> <span class='ocrx_word' id='word_1_468' title='bbox 1167 1551 1252 1579; x_wconf 88' lang='lat' dir='ltr'><strong>invita</strong></span> <span class='ocrx_word' id='word_1_469' title='bbox 1271 1559 1334 1579; x_wconf 92' lang='lat' dir='ltr'><strong>cum</strong></span> <span class='ocrx_word' id='word_1_470' title='bbox 1349 1559 1382 1580; x_wconf 88' lang='lat' dir='ltr'><strong>eo</strong></span> <span class='ocrx_word' id='word_1_471' title='bbox 1395 1551 1470 1579; x_wconf 82' lang='lat' dir='ltr'><strong>abire</strong></span> <span class='ocrx_word' id='word_1_472' title='bbox 1482 1551 1624 1578; x_wconf 85' lang='lat' dir='ltr'><strong>videbatur</strong></span> <span class='ocrx_word' id='word_1_473' title='bbox 1638 1550 1680 1577; x_wconf 87' lang='lat' dir='ltr'><strong>di—</strong></span> 
     </span>
    </p>
   </div>
   <div class='ocr_carea' id='block_1_62' title="bbox 59 1594 843 1636">
    <p class='ocr_par' dir='ltr' id='par_1_62' title="bbox 59 1594 843 1636">
     <span class='ocr_line' id='line_1_62' title="bbox 59 1594 843 1636; baseline 0.008 -15"><span class='ocrx_word' id='word_1_474' title='bbox 59 1594 196 1624; x_wconf 74' lang='grc' dir='ltr'>ὲκέλευσεν.</span> <span class='ocrx_word' id='word_1_475' title='bbox 219 1597 252 1624; x_wconf 81' lang='grc' dir='ltr'><em>Ἡ</em></span> <span class='ocrx_word' id='word_1_476' title='bbox 270 1597 303 1624; x_wconf 76' lang='grc' dir='ltr'><strong>δὲ</strong></span> <span class='ocrx_word' id='word_1_477' title='bbox 326 1598 418 1634; x_wconf 84' lang='grc' dir='ltr'>μήτηρ</span> <span class='ocrx_word' id='word_1_478' title='bbox 432 1598 610 1627; x_wconf 67' lang='grc' dir='ltr'>πναπελθεῖν</span> <span class='ocrx_word' id='word_1_479' title='bbox 627 1598 702 1635; x_wconf 76' lang='grc' dir='ltr'>αὐτῷ</span> <span class='ocrx_word' id='word_1_480' title='bbox 720 1599 843 1636; x_wconf 79' lang='grc' dir='ltr'>ὀκνηρῶς</span> 
     </span>
    </p>
   </div>
   <div class='ocr_carea' id='block_1_63' title="bbox 60 1638 844 1681">
    <p class='ocr_par' dir='ltr' id='par_1_63' title="bbox 60 1638 844 1681">
     <span class='ocr_line' id='line_1_63' title="bbox 60 1638 844 1681; baseline 0.009 -15"><span class='ocrx_word' id='word_1_481' title='bbox 60 1638 104 1667; x_wconf 72' lang='grc' dir='ltr'>εἶδε</span> <span class='ocrx_word' id='word_1_482' title='bbox 115 1641 227 1676; x_wconf 70' lang='grc' dir='ltr'>λεγουσα</span> <span class='ocrx_word' id='word_1_483' title='bbox 237 1643 258 1660; x_wconf 78' lang='grc'><strong>³⁸</strong></span> <span class='ocrx_word' id='word_1_484' title='bbox 270 1652 278 1659; x_wconf 83' lang='grc'><strong>-</strong></span> <span class='ocrx_word' id='word_1_485' title='bbox 297 1644 404 1678; x_wconf 76' lang='grc' dir='ltr'>Μοιχὰς</span> <span class='ocrx_word' id='word_1_486' title='bbox 420 1644 475 1680; x_wconf 78' lang='grc' dir='ltr'>γὰρ</span> <span class='ocrx_word' id='word_1_487' title='bbox 493 1642 564 1672; x_wconf 73' lang='grc' dir='ltr'>εἶναι</span> <span class='ocrx_word' id='word_1_488' title='bbox 584 1645 656 1672; x_wconf 78' lang='grc' dir='ltr'>δοκῶ</span> <span class='ocrx_word' id='word_1_489' title='bbox 670 1647 703 1681; x_wconf 84' lang='grc' dir='ltr'><strong>τῇ</strong></span> <span class='ocrx_word' id='word_1_490' title='bbox 722 1645 844 1681; x_wconf 82' lang='grc' dir='ltr'>Σίμωνος</span> 
     </span>
    </p>
   </div>
   <div class='ocr_carea' id='block_1_64' title="bbox 61 1686 844 1728">
    <p class='ocr_par' dir='ltr' id='par_1_64' title="bbox 61 1686 844 1728">
     <span class='ocr_line' id='line_1_64' title="bbox 61 1686 844 1728; baseline 0.008 -15"><span class='ocrx_word' id='word_1_491' title='bbox 61 1686 163 1714; x_wconf 83' lang='grc' dir='ltr'>συνοῦσα</span> <span class='ocrx_word' id='word_1_492' title='bbox 177 1690 282 1725; x_wconf 77' lang='grc' dir='ltr'>μορφῇ.</span> <span class='ocrx_word' id='word_1_493' title='bbox 301 1689 334 1715; x_wconf 79' lang='lat' dir='ltr'><strong>El</strong></span> <span class='ocrx_word' id='word_1_494' title='bbox 349 1689 371 1716; x_wconf 83' lang='grc' dir='ltr'><strong>δ’</strong></span> <span class='ocrx_word' id='word_1_495' title='bbox 386 1690 440 1726; x_wconf 69' lang='grc' dir='ltr'><strong>ἀρα</strong></span> <span class='ocrx_word' id='word_1_496' title='bbox 449 1691 666 1727; x_wconf 77' lang='grc' dir='ltr'>συναπέρχεσθαι</span> <span class='ocrx_word' id='word_1_497' title='bbox 676 1691 751 1728; x_wconf 76' lang='grc' dir='ltr'>αὐτῷ</span> <span class='ocrx_word' id='word_1_498' title='bbox 761 1692 844 1726; x_wconf 76' lang='grc' dir='ltr'>ἀναγ-</span> 
     </span>
    </p>
   </div>
   <div class='ocr_carea' id='block_1_65' title="bbox 63 1732 842 1774">
    <p class='ocr_par' dir='ltr' id='par_1_65' title="bbox 63 1732 842 1774">
     <span class='ocr_line' id='line_1_65' title="bbox 63 1732 842 1774; baseline 0.008 -15"><span class='ocrx_word' id='word_1_499' title='bbox 63 1732 232 1770; x_wconf 78' lang='grc' dir='ltr'>κασθήσομαι,</span> <span class='ocrx_word' id='word_1_500' title='bbox 245 1735 380 1763; x_wconf 78' lang='grc' dir='ltr'>ἀδύνατον</span> <span class='ocrx_word' id='word_1_501' title='bbox 390 1737 439 1763; x_wconf 72' lang='grc' dir='ltr'><strong>ἐπὶ</strong></span> <span class='ocrx_word' id='word_1_502' title='bbox 449 1736 499 1772; x_wconf 79' lang='grc' dir='ltr'>τῆς</span> <span class='ocrx_word' id='word_1_503' title='bbox 510 1737 594 1773; x_wconf 74' lang='grc' dir='ltr'>αὐτῆς</span> <span class='ocrx_word' id='word_1_504' title='bbox 605 1737 691 1772; x_wconf 82' lang='grc' dir='ltr'>τύχης</span> <span class='ocrx_word' id='word_1_505' title='bbox 703 1737 797 1774; x_wconf 80' lang='grc' dir='ltr'>κλίνης</span> <span class='ocrx_word' id='word_1_506' title='bbox 808 1736 842 1754; x_wconf 73' lang='grc'><strong>⁸⁸·</strong></span> 
     </span>
    </p>
   </div>
   <div class='ocr_carea' id='block_1_66' title="bbox 63 1779 843 1817">
    <p class='ocr_par' dir='ltr' id='par_1_66' title="bbox 63 1779 843 1817">
     <span class='ocr_line' id='line_1_66' title="bbox 63 1779 843 1817; baseline 0.008 -12"><span class='ocrx_word' id='word_1_507' title='bbox 63 1780 364 1817; x_wconf 70' lang='grc' dir='ltr'>σνγκαταπλιθήσεσθαι.</span> <span class='ocrx_word' id='word_1_508' title='bbox 379 1782 437 1809; x_wconf 81' lang='grc' dir='ltr'><strong>οὐκ</strong></span> <span class='ocrx_word' id='word_1_509' title='bbox 449 1779 508 1809; x_wconf 81' lang='grc' dir='ltr'>οἶδα</span> <span class='ocrx_word' id='word_1_510' title='bbox 520 1782 560 1815; x_wconf 78' lang='grc' dir='ltr'><strong>δὲ,</strong></span> <span class='ocrx_word' id='word_1_511' title='bbox 573 1784 597 1809; x_wconf 73' lang='grc' dir='ltr'><strong>εἰ</strong></span> <span class='ocrx_word' id='word_1_512' title='bbox 610 1783 656 1810; x_wconf 77' lang='grc' dir='ltr'><strong>καὶ</strong></span> <span class='ocrx_word' id='word_1_513' title='bbox 667 1783 843 1812; x_wconf 78' lang='grc' dir='ltr'>συναπελθεῖν</span> 
     </span>
    </p>
   </div>
   <div class='ocr_carea' id='block_1_67' title="bbox 63 1823 842 1866">
    <p class='ocr_par' dir='ltr' id='par_1_67' title="bbox 63 1823 842 1866">
     <span class='ocr_line' id='line_1_67' title="bbox 63 1823 842 1866; baseline 0.009 -16"><span class='ocrx_word' id='word_1_514' title='bbox 63 1823 126 1857; x_wconf 71' lang='grc' dir='ltr'>αὐτῷ</span> <span class='ocrx_word' id='word_1_515' title='bbox 136 1827 333 1863; x_wconf 75' lang='grc' dir='ltr'>πεισθήσομαι.</span> <span class='ocrx_word' id='word_1_516' title='bbox 342 1827 524 1856; x_wconf 73' lang='grc' dir='ltr'>Ὀκνοῦσάνδὲ</span> <span class='ocrx_word' id='word_1_517' title='bbox 534 1828 618 1864; x_wconf 80' lang='grc' dir='ltr'>αὐτὴν</span> <span class='ocrx_word' id='word_1_518' title='bbox 628 1829 755 1856; x_wconf 82' lang='grc' dir='ltr'>ἀπελθεῖν</span> <span class='ocrx_word' id='word_1_519' title='bbox 761 1828 842 1866; x_wconf 60' lang='grc' dir='ltr'><strong>ιιι</strong></span> 
     </span>
    </p>
   </div>
   <div class='ocr_carea' id='block_1_68' title="bbox 59 1868 842 1910">
    <p class='ocr_par' dir='ltr' id='par_1_68' title="bbox 59 1868 842 1910">
     <span class='ocr_line' id='line_1_68' title="bbox 59 1868 842 1910; baseline 0.009 -15"><span class='ocrx_word' id='word_1_520' title='bbox 59 1868 71 1894; x_wconf 84' lang='grc' dir='ltr'><strong>ό</strong></span> <span class='ocrx_word' id='word_1_521' title='bbox 81 1868 229 1898; x_wconf 73' lang='grc' dir='ltr'>Ἀννουδίων</span> <span class='ocrx_word' id='word_1_522' title='bbox 237 1872 407 1908; x_wconf 73' lang='grc' dir='ltr'>προέτρεψεν</span> <span class='ocrx_word' id='word_1_523' title='bbox 413 1873 497 1909; x_wconf 77' lang='grc' dir='ltr'>αὐτὴν</span> <span class='ocrx_word' id='word_1_524' title='bbox 505 1873 590 1901; x_wconf 76' lang='grc' dir='ltr'>εἰπών</span> <span class='ocrx_word' id='word_1_525' title='bbox 599 1874 738 1910; x_wconf 67' lang='grc' dir='ltr'>-Πείσθητι</span> <span class='ocrx_word' id='word_1_526' title='bbox 745 1875 805 1910; x_wconf 79' lang='grc' dir='ltr'>ὲμοί</span> <span class='ocrx_word' id='word_1_527' title='bbox 812 1883 842 1902; x_wconf 79' lang='grc' dir='ltr'><strong>τε</strong></span> 
     </span>
    </p>
   </div>
   <div class='ocr_carea' id='block_1_69' title="bbox 59 1915 842 1956">
    <p class='ocr_par' dir='ltr' id='par_1_69' title="bbox 59 1915 842 1956">
     <span class='ocr_line' id='line_1_69' title="bbox 59 1915 842 1956; baseline 0.01 -16"><span class='ocrx_word' id='word_1_528' title='bbox 59 1915 98 1940; x_wconf 80' lang='grc' dir='ltr'><strong>καὶ</strong></span> <span class='ocrx_word' id='word_1_529' title='bbox 104 1916 195 1953; x_wconf 79' lang='grc' dir='ltr'>Πέτρῳ</span> <span class='ocrx_word' id='word_1_530' title='bbox 203 1918 251 1944; x_wconf 78' lang='grc' dir='ltr'><strong>καὶ</strong></span> <span class='ocrx_word' id='word_1_531' title='bbox 260 1918 333 1954; x_wconf 78' lang='grc' dir='ltr'>αὐτῇ</span> <span class='ocrx_word' id='word_1_532' title='bbox 341 1918 369 1945; x_wconf 78' lang='grc' dir='ltr'><strong>δὲ</strong></span> <span class='ocrx_word' id='word_1_533' title='bbox 378 1920 412 1954; x_wconf 80' lang='grc' dir='ltr'>τῇ</span> <span class='ocrx_word' id='word_1_534' title='bbox 425 1921 510 1955; x_wconf 79' lang='grc' dir='ltr'>φωνῇ,</span> <span class='ocrx_word' id='word_1_535' title='bbox 526 1919 567 1946; x_wconf 81' lang='grc' dir='ltr'>ὃτι</span> <span class='ocrx_word' id='word_1_536' title='bbox 577 1919 722 1956; x_wconf 78' lang='grc' dir='ltr'>[Φαῦστός]</span> <span class='ocrx_word' id='word_1_537' title='bbox 731 1921 813 1953; x_wconf 72' lang='grc' dir='ltr'>ἐστιν,</span> <span class='ocrx_word' id='word_1_538' title='bbox 828 1922 842 1948; x_wconf 78' lang='grc' dir='ltr'><strong>ό</strong></span> 
     </span>
    </p>
   </div>
   <div class='ocr_carea' id='block_1_70' title="bbox 59 1959 843 2001">
    <p class='ocr_par' dir='ltr' id='par_1_70' title="bbox 59 1959 843 2001">
     <span class='ocr_line' id='line_1_70' title="bbox 59 1959 843 2001; baseline 0.006 -12"><span class='ocrx_word' id='word_1_539' title='bbox 59 1959 228 1999; x_wconf 78' lang='grc' dir='ltr'>σδςσύμειος,</span> <span class='ocrx_word' id='word_1_540' title='bbox 243 1964 274 1991; x_wconf 73' lang='grc' dir='ltr'>ὃν</span> <span class='ocrx_word' id='word_1_541' title='bbox 299 1965 350 1991; x_wconf 76' lang='grc' dir='ltr'><strong>οὐκ</strong></span> <span class='ocrx_word' id='word_1_542' title='bbox 364 1964 474 1992; x_wconf 73' lang='grc' dir='ltr'>ἔλαττόν</span> <span class='ocrx_word' id='word_1_543' title='bbox 492 1973 538 1992; x_wconf 85' lang='grc' dir='ltr'><strong>σου</strong></span> <span class='ocrx_word' id='word_1_544' title='bbox 557 1966 666 2001; x_wconf 85' lang='grc' dir='ltr'>ἀγαπῶ.</span> <span class='ocrx_word' id='word_1_545' title='bbox 685 1967 740 1994; x_wconf 78' lang='grc' dir='ltr'><strong>Καὶ</strong></span> <span class='ocrx_word' id='word_1_546' title='bbox 761 1967 843 1999; x_wconf 77' lang='grc' dir='ltr'>αὐτὸς</span> 
     </span>
    </p>
   </div>
   <div class='ocr_carea' id='block_1_71' title="bbox 59 2008 843 2046">
    <p class='ocr_par' dir='ltr' id='par_1_71' title="bbox 59 2008 843 2046">
     <span class='ocr_line' id='line_1_71' title="bbox 59 2008 843 2046; baseline 0.006 -13"><span class='ocrx_word' id='word_1_547' title='bbox 59 2008 122 2044; x_wconf 74' lang='grc' dir='ltr'><strong>αὐτῷ</strong></span> <span class='ocrx_word' id='word_1_548' title='bbox 134 2009 399 2046; x_wconf 76' lang='grc' dir='ltr'>συμ[πορεύσομαι].</span> <span class='ocrx_word' id='word_1_549' title='bbox 415 2010 509 2037; x_wconf 79' lang='grc' dir='ltr'>Ταῦτα</span> <span class='ocrx_word' id='word_1_550' title='bbox 526 2010 574 2038; x_wconf 86' lang='grc' dir='ltr'>τοῦ</span> <span class='ocrx_word' id='word_1_551' title='bbox 602 2010 792 2044; x_wconf 77' lang='grc' dir='ltr'>Ἀννουϐίωνος</span> <span class='ocrx_word' id='word_1_552' title='bbox 807 2013 843 2038; x_wconf 81' lang='grc' dir='ltr'>εί-</span> 
     </span>
    </p>
   </div>
   <div class='ocr_carea' id='block_1_72' title="bbox 59 2053 606 2093">
    <p class='ocr_par' dir='ltr' id='par_1_72' title="bbox 59 2053 606 2093">
     <span class='ocr_line' id='line_1_72' title="bbox 59 2053 606 2093; baseline 0.007 -12"><span class='ocrx_word' id='word_1_553' title='bbox 59 2053 150 2088; x_wconf 76' lang='grc' dir='ltr'>πόντος,</span> <span class='ocrx_word' id='word_1_554' title='bbox 164 2057 181 2092; x_wconf 81' lang='grc' dir='ltr'>ἡ</span> <span class='ocrx_word' id='word_1_555' title='bbox 201 2057 296 2093; x_wconf 80' lang='grc' dir='ltr'>μήτηρ</span> <span class='ocrx_word' id='word_1_556' title='bbox 313 2056 449 2084; x_wconf 77' lang='grc' dir='ltr'>συνελθεῖν</span> <span class='ocrx_word' id='word_1_557' title='bbox 465 2058 606 2093; x_wconf 78' lang='grc' dir='ltr'>ὑπέσχετο.</span> 
     </span>
    </p>
   </div>
   <div class='ocr_carea' id='block_1_73' title="bbox 88 2099 842 2139">
    <p class='ocr_par' dir='ltr' id='par_1_73' title="bbox 88 2099 842 2139">
     <span class='ocr_line' id='line_1_73' title="bbox 88 2099 842 2139; baseline 0.007 -12"><span class='ocrx_word' id='word_1_558' title='bbox 88 2099 152 2128; x_wconf 72' lang='grc' dir='ltr'><strong>ΧΠ.</strong></span> <span class='ocrx_word' id='word_1_559' title='bbox 173 2102 202 2128; x_wconf 92' lang='lat'><strong>&#39;0</strong></span> <span class='ocrx_word' id='word_1_560' title='bbox 224 2102 253 2129; x_wconf 74' lang='grc' dir='ltr'><strong>δὲ</strong></span> <span class='ocrx_word' id='word_1_561' title='bbox 272 2102 378 2138; x_wconf 74' lang='grc' dir='ltr'>Πέτρος</span> <span class='ocrx_word' id='word_1_562' title='bbox 398 2102 490 2139; x_wconf 72' lang='grc' dir='ltr'><strong>[ἐφη]·</strong></span> <span class='ocrx_word' id='word_1_563' title='bbox 512 2104 674 2131; x_wconf 85' lang='grc' dir='ltr'>Δικαιότατα</span> <span class='ocrx_word' id='word_1_564' title='bbox 689 2105 782 2137; x_wconf 79' lang='grc' dir='ltr'>όΘεδς</span> <span class='ocrx_word' id='word_1_565' title='bbox 807 2105 842 2132; x_wconf 85' lang='grc' dir='ltr'><strong>τὰ</strong></span> 
     </span>
    </p>
   </div>
   <div class='ocr_carea' id='block_1_74' title="bbox 59 2145 842 2187">
    <p class='ocr_par' dir='ltr' id='par_1_74' title="bbox 59 2145 842 2187">
     <span class='ocr_line' id='line_1_74' title="bbox 59 2145 842 2187; baseline 0.008 -15"><span class='ocrx_word' id='word_1_566' title='bbox 59 2145 194 2182; x_wconf 79' lang='grc' dir='ltr'>πράγματα</span> <span class='ocrx_word' id='word_1_567' title='bbox 209 2148 292 2183; x_wconf 81' lang='grc' dir='ltr'>ἡμῶν</span> <span class='ocrx_word' id='word_1_568' title='bbox 310 2149 455 2184; x_wconf 73' lang='grc' dir='ltr'>οἰκονομεῖ.</span> <span class='ocrx_word' id='word_1_569' title='bbox 480 2149 598 2185; x_wconf 84' lang='grc' dir='ltr'>Ἔχομεν</span> <span class='ocrx_word' id='word_1_570' title='bbox 621 2150 676 2187; x_wconf 83' lang='grc' dir='ltr'><strong>γὰρ</strong></span> <span class='ocrx_word' id='word_1_571' title='bbox 690 2151 749 2187; x_wconf 81' lang='grc' dir='ltr'>μεθ’</span> <span class='ocrx_word' id='word_1_572' title='bbox 762 2152 842 2187; x_wconf 80' lang='grc' dir='ltr'>ἡμῶν</span> 
     </span>
    </p>
   </div>
   <div class='ocr_carea' id='block_1_75' title="bbox 63 2190 842 2232">
    <p class='ocr_par' dir='ltr' id='par_1_75' title="bbox 63 2190 842 2232">
     <span class='ocr_line' id='line_1_75' title="bbox 63 2190 842 2232; baseline 0.009 -15"><span class='ocrx_word' id='word_1_573' title='bbox 63 2190 240 2229; x_wconf 54' lang='grc' dir='ltr'>’Δννουὸίωήα</span> <span class='ocrx_word' id='word_1_574' title='bbox 271 2193 459 2230; x_wconf 77' lang='grc' dir='ltr'>ἀπρολ]όγον.</span> <span class='ocrx_word' id='word_1_575' title='bbox 492 2192 576 2227; x_wconf 74' lang='grc' dir='ltr'>οὗτος</span> <span class='ocrx_word' id='word_1_576' title='bbox 601 2195 656 2232; x_wconf 82' lang='grc' dir='ltr'>γὰρ</span> <span class='ocrx_word' id='word_1_577' title='bbox 683 2197 750 2232; x_wconf 79' lang='grc' dir='ltr'>ἡμῖν</span> <span class='ocrx_word' id='word_1_578' title='bbox 785 2198 842 2224; x_wconf 75' lang='grc' dir='ltr'>ἐπι-</span> 
     </span>
    </p>
   </div>
   <div class='ocr_carea' id='block_1_76' title="bbox 893 1596 1680 1631">
    <p class='ocr_par' dir='ltr' id='par_1_76' title="bbox 893 1596 1680 1631">
     <span class='ocr_line' id='line_1_76' title="bbox 893 1596 1680 1631; baseline 0 -7"><span class='ocrx_word' id='word_1_579' title='bbox 893 1604 958 1625; x_wconf 83' lang='lat' dir='ltr'><strong>eens</strong></span> <span class='ocrx_word' id='word_1_580' title='bbox 971 1606 979 1625; x_wconf 85' lang='lat'><strong>:</strong></span> <span class='ocrx_word' id='word_1_581' title='bbox 991 1596 1115 1625; x_wconf 80' lang='lat' dir='ltr'><strong>Profecto</strong></span> <span class='ocrx_word' id='word_1_582' title='bbox 1127 1597 1252 1625; x_wconf 89' lang='lat' dir='ltr'><strong>adultera</strong></span> <span class='ocrx_word' id='word_1_583' title='bbox 1265 1598 1333 1625; x_wconf 87' lang='lat' dir='ltr'><strong>mihi</strong></span> <span class='ocrx_word' id='word_1_584' title='bbox 1347 1605 1410 1626; x_wconf 89' lang='lat' dir='ltr'><strong>esse</strong></span> <span class='ocrx_word' id='word_1_585' title='bbox 1426 1598 1543 1631; x_wconf 87' lang='lat' dir='ltr'><strong>viderer,</strong></span> <span class='ocrx_word' id='word_1_586' title='bbox 1559 1598 1582 1625; x_wconf 89' lang='lat' dir='ltr'><strong>si</strong></span> <span class='ocrx_word' id='word_1_587' title='bbox 1593 1597 1680 1625; x_wconf 89' lang='lat' dir='ltr'><strong>vultui</strong></span> 
     </span>
    </p>
   </div>
   <div class='ocr_carea' id='block_1_77' title="bbox 892 1642 1681 1679">
    <p class='ocr_par' dir='ltr' id='par_1_77' title="bbox 892 1642 1681 1679">
     <span class='ocr_line' id='line_1_77' title="bbox 892 1642 1681 1679; baseline 0.001 -9"><span class='ocrx_word' id='word_1_588' title='bbox 892 1642 1016 1671; x_wconf 80' lang='lat' dir='ltr'><strong>Simonis</strong></span> <span class='ocrx_word' id='word_1_589' title='bbox 1027 1651 1117 1671; x_wconf 81' lang='lat' dir='ltr'><strong>essem</strong></span> <span class='ocrx_word' id='word_1_590' title='bbox 1135 1644 1294 1679; x_wconf 81' lang='lat' dir='ltr'><strong>conjuncta.</strong></span> <span class='ocrx_word' id='word_1_591' title='bbox 1313 1645 1406 1679; x_wconf 79' lang='lat' dir='ltr'><strong>Itaque</strong></span> <span class='ocrx_word' id='word_1_592' title='bbox 1421 1644 1445 1672; x_wconf 93' lang='lat' dir='ltr'><strong>si</strong></span> <span class='ocrx_word' id='word_1_593' title='bbox 1464 1652 1559 1679; x_wconf 76' lang='lat' dir='ltr'><strong>cogor,</strong></span> <span class='ocrx_word' id='word_1_594' title='bbox 1576 1648 1606 1671; x_wconf 89' lang='lat' dir='ltr'><strong>ut</strong></span> <span class='ocrx_word' id='word_1_595' title='bbox 1617 1651 1681 1671; x_wconf 85' lang='lat' dir='ltr'><strong>cuiu</strong></span> 
     </span>
    </p>
   </div>
   <div class='ocr_carea' id='block_1_78' title="bbox 893 1689 1682 1725">
    <p class='ocr_par' dir='ltr' id='par_1_78' title="bbox 893 1689 1682 1725">
     <span class='ocr_line' id='line_1_78' title="bbox 893 1689 1682 1725; baseline 0.001 -8"><span class='ocrx_word' id='word_1_596' title='bbox 893 1697 926 1717; x_wconf 86' lang='lat' dir='ltr'><strong>eo</strong></span> <span class='ocrx_word' id='word_1_597' title='bbox 939 1690 1049 1722; x_wconf 82' lang='lat' dir='ltr'><strong>abeam.</strong></span> <span class='ocrx_word' id='word_1_598' title='bbox 1062 1690 1123 1718; x_wconf 84' lang='lat' dir='ltr'><strong>ﬁeri</strong></span> <span class='ocrx_word' id='word_1_599' title='bbox 1138 1694 1228 1718; x_wconf 88' lang='lat' dir='ltr'><strong>tamen</strong></span> <span class='ocrx_word' id='word_1_600' title='bbox 1242 1697 1296 1719; x_wconf 90' lang='lat' dir='ltr'><strong>non</strong></span> <span class='ocrx_word' id='word_1_601' title='bbox 1310 1691 1421 1725; x_wconf 86' lang='lat' dir='ltr'><strong>poterit,</strong></span> <span class='ocrx_word' id='word_1_602' title='bbox 1435 1695 1464 1718; x_wconf 93' lang='lat' dir='ltr'><strong>ut</strong></span> <span class='ocrx_word' id='word_1_603' title='bbox 1477 1691 1504 1718; x_wconf 93' lang='lat' dir='ltr'><strong>in</strong></span> <span class='ocrx_word' id='word_1_604' title='bbox 1519 1689 1613 1718; x_wconf 86' lang='lat' dir='ltr'><strong>eodem</strong></span> <span class='ocrx_word' id='word_1_605' title='bbox 1627 1690 1682 1718; x_wconf 87' lang='lat' dir='ltr'><strong>lce-</strong></span> 
     </span>
    </p>
   </div>
   <div class='ocr_carea' id='block_1_79' title="bbox 893 1735 1680 1771">
    <p class='ocr_par' dir='ltr' id='par_1_79' title="bbox 893 1735 1680 1771">
     <span class='ocr_line' id='line_1_79' title="bbox 893 1735 1680 1771; baseline -0.003 -7"><span class='ocrx_word' id='word_1_606' title='bbox 893 1736 951 1764; x_wconf 90' lang='lat' dir='ltr'><strong>tulo</strong></span> <span class='ocrx_word' id='word_1_607' title='bbox 962 1735 1081 1771; x_wconf 85' lang='lat' dir='ltr'><strong>jaeeam.</strong></span> <span class='ocrx_word' id='word_1_608' title='bbox 1095 1735 1194 1764; x_wconf 82' lang='lat' dir='ltr'><strong>Nescio</strong></span> <span class='ocrx_word' id='word_1_609' title='bbox 1210 1741 1314 1769; x_wconf 90' lang='lat' dir='ltr'><strong>tamen,</strong></span> <span class='ocrx_word' id='word_1_610' title='bbox 1332 1745 1366 1763; x_wconf 85' lang='lat' dir='ltr'><strong>an</strong></span> <span class='ocrx_word' id='word_1_611' title='bbox 1380 1737 1422 1764; x_wconf 84' lang='lat' dir='ltr'><strong>vel</strong></span> <span class='ocrx_word' id='word_1_612' title='bbox 1436 1736 1594 1771; x_wconf 83' lang='lat' dir='ltr'><strong>persuaderi</strong></span> <span class='ocrx_word' id='word_1_613' title='bbox 1613 1736 1680 1763; x_wconf 88' lang='lat' dir='ltr'><strong>mihi</strong></span> 
     </span>
    </p>
   </div>
   <div class='ocr_carea' id='block_1_80' title="bbox 892 1781 1680 1817">
    <p class='ocr_par' dir='ltr' id='par_1_80' title="bbox 892 1781 1680 1817">
     <span class='ocr_line' id='line_1_80' title="bbox 892 1781 1680 1817; baseline -0.001 -8"><span class='ocrx_word' id='word_1_614' title='bbox 892 1782 988 1817; x_wconf 79' lang='lat' dir='ltr'><strong>possit,</strong></span> <span class='ocrx_word' id='word_1_615' title='bbox 1002 1786 1033 1809; x_wconf 89' lang='lat' dir='ltr'><strong>ut</strong></span> <span class='ocrx_word' id='word_1_616' title='bbox 1042 1782 1124 1810; x_wconf 86' lang='lat' dir='ltr'><strong>simul</strong></span> <span class='ocrx_word' id='word_1_617' title='bbox 1135 1789 1198 1810; x_wconf 91' lang='lat' dir='ltr'><strong>cum</strong></span> <span class='ocrx_word' id='word_1_618' title='bbox 1213 1789 1246 1810; x_wconf 89' lang='lat' dir='ltr'><strong>eo</strong></span> <span class='ocrx_word' id='word_1_619' title='bbox 1260 1782 1431 1817; x_wconf 82' lang='lat' dir='ltr'><strong>proﬁciscar.</strong></span> <span class='ocrx_word' id='word_1_620' title='bbox 1449 1781 1518 1809; x_wconf 88' lang='lat' dir='ltr'><strong>Tum</strong></span> <span class='ocrx_word' id='word_1_621' title='bbox 1531 1782 1680 1810; x_wconf 79' lang='lat' dir='ltr'><strong>Annubion</strong></span> 
     </span>
    </p>
   </div>
   <div class='ocr_carea' id='block_1_81' title="bbox 891 1828 1681 1862">
    <p class='ocr_par' dir='ltr' id='par_1_81' title="bbox 891 1828 1681 1862">
     <span class='ocr_line' id='line_1_81' title="bbox 891 1828 1681 1862; baseline 0.001 -7"><span class='ocrx_word' id='word_1_622' title='bbox 891 1833 990 1862; x_wconf 60' lang='lat' dir='ltr'><strong>praeter</strong></span> <span class='ocrx_word' id='word_1_623' title='bbox 999 1828 1168 1856; x_wconf 81' lang='lat' dir='ltr'><strong>voluntatem</strong></span> <span class='ocrx_word' id='word_1_624' title='bbox 1176 1829 1321 1856; x_wconf 85' lang='lat' dir='ltr'><strong>abeuntem</strong></span> <span class='ocrx_word' id='word_1_625' title='bbox 1333 1829 1372 1856; x_wconf 87' lang='lat' dir='ltr'><strong>ita</strong></span> <span class='ocrx_word' id='word_1_626' title='bbox 1384 1828 1509 1857; x_wconf 80' lang='lat' dir='ltr'><strong>hortatus</strong></span> <span class='ocrx_word' id='word_1_627' title='bbox 1516 1833 1559 1857; x_wconf 85' lang='lat' dir='ltr'><strong>est</strong></span> <span class='ocrx_word' id='word_1_628' title='bbox 1573 1838 1579 1855; x_wconf 75' lang='grc' dir='ltr'><strong>ε</strong></span> <span class='ocrx_word' id='word_1_629' title='bbox 1593 1828 1681 1856; x_wconf 82' lang='lat' dir='ltr'><strong>Crede</strong></span> 
     </span>
    </p>
   </div>
   <div class='ocr_carea' id='block_1_82' title="bbox 893 1873 1681 1909">
    <p class='ocr_par' dir='ltr' id='par_1_82' title="bbox 893 1873 1681 1909">
     <span class='ocr_line' id='line_1_82' title="bbox 893 1873 1681 1909; baseline 0.003 -9"><span class='ocrx_word' id='word_1_630' title='bbox 893 1874 961 1900; x_wconf 89' lang='lat' dir='ltr'><strong>mihi</strong></span> <span class='ocrx_word' id='word_1_631' title='bbox 976 1877 1004 1901; x_wconf 88' lang='lat' dir='ltr'><strong>et</strong></span> <span class='ocrx_word' id='word_1_632' title='bbox 1016 1873 1099 1901; x_wconf 80' lang='lat' dir='ltr'><strong>Petro</strong></span> <span class='ocrx_word' id='word_1_633' title='bbox 1114 1878 1142 1901; x_wconf 90' lang='lat' dir='ltr'><strong>et</strong></span> <span class='ocrx_word' id='word_1_634' title='bbox 1158 1874 1220 1901; x_wconf 89' lang='lat' dir='ltr'><strong>voci</strong></span> <span class='ocrx_word' id='word_1_635' title='bbox 1235 1874 1300 1909; x_wconf 86' lang='lat' dir='ltr'><strong>ipsi,</strong></span> <span class='ocrx_word' id='word_1_636' title='bbox 1312 1882 1376 1902; x_wconf 84' lang='lat' dir='ltr'><strong>esse</strong></span> <span class='ocrx_word' id='word_1_637' title='bbox 1389 1882 1452 1901; x_wconf 90' lang='lat' dir='ltr'><strong>eum</strong></span> <span class='ocrx_word' id='word_1_638' title='bbox 1465 1873 1597 1902; x_wconf 89' lang='lat' dir='ltr'><strong>Faustum</strong></span> <span class='ocrx_word' id='word_1_639' title='bbox 1614 1882 1681 1903; x_wconf 88' lang='lat' dir='ltr'><strong>con-</strong></span> 
     </span>
    </p>
   </div>
   <div class='ocr_carea' id='block_1_83' title="bbox 890 1917 1680 1954">
    <p class='ocr_par' dir='ltr' id='par_1_83' title="bbox 890 1917 1680 1954">
     <span class='ocr_line' id='line_1_83' title="bbox 890 1917 1680 1954; baseline -0.001 -9"><span class='ocrx_word' id='word_1_640' title='bbox 890 1918 983 1954; x_wconf 74' lang='lat' dir='ltr'><strong>jugent</strong></span> <span class='ocrx_word' id='word_1_641' title='bbox 998 1923 1086 1952; x_wconf 90' lang='lat' dir='ltr'><strong>tuum,</strong></span> <span class='ocrx_word' id='word_1_642' title='bbox 1103 1926 1184 1954; x_wconf 92' lang='lat' dir='ltr'><strong>quem</strong></span> <span class='ocrx_word' id='word_1_643' title='bbox 1199 1925 1251 1953; x_wconf 66' lang='lat' dir='ltr'><strong>ego</strong></span> <span class='ocrx_word' id='word_1_644' title='bbox 1273 1926 1326 1946; x_wconf 91' lang='lat' dir='ltr'><strong>non</strong></span> <span class='ocrx_word' id='word_1_645' title='bbox 1348 1918 1439 1945; x_wconf 87' lang='lat' dir='ltr'><strong>minus</strong></span> <span class='ocrx_word' id='word_1_646' title='bbox 1453 1917 1536 1953; x_wconf 77' lang='lat' dir='ltr'><strong>diligo</strong></span> <span class='ocrx_word' id='word_1_647' title='bbox 1551 1925 1633 1953; x_wconf 88' lang='lat' dir='ltr'><strong>quam</strong></span> <span class='ocrx_word' id='word_1_648' title='bbox 1651 1922 1680 1944; x_wconf 90' lang='lat' dir='ltr'><strong>tu</strong></span> 
     </span>
    </p>
   </div>
   <div class='ocr_carea' id='block_1_84' title="bbox 892 1962 1680 1999">
    <p class='ocr_par' dir='ltr' id='par_1_84' title="bbox 892 1962 1680 1999">
     <span class='ocr_line' id='line_1_84' title="bbox 892 1962 1680 1999; baseline -0.001 -9"><span class='ocrx_word' id='word_1_649' title='bbox 892 1963 962 1998; x_wconf 87' lang='lat' dir='ltr'><strong>ipsa.</strong></span> <span class='ocrx_word' id='word_1_650' title='bbox 978 1962 1035 1999; x_wconf 73' lang='lat' dir='ltr'><strong>Ego</strong></span> <span class='ocrx_word' id='word_1_651' title='bbox 1048 1967 1074 1990; x_wconf 86' lang='lat' dir='ltr'><strong>et</strong></span> <span class='ocrx_word' id='word_1_652' title='bbox 1087 1963 1145 1998; x_wconf 86' lang='lat' dir='ltr'><strong>ipse</strong></span> <span class='ocrx_word' id='word_1_653' title='bbox 1160 1971 1223 1990; x_wconf 88' lang='lat' dir='ltr'><strong>cum</strong></span> <span class='ocrx_word' id='word_1_654' title='bbox 1237 1971 1272 1990; x_wconf 87' lang='lat' dir='ltr'><strong>eo</strong></span> <span class='ocrx_word' id='word_1_655' title='bbox 1288 1962 1456 1998; x_wconf 81' lang='lat' dir='ltr'><strong>proﬁciscar.</strong></span> <span class='ocrx_word' id='word_1_656' title='bbox 1469 1962 1535 1996; x_wconf 66' lang='lat' dir='ltr'><strong>Quae</strong></span> <span class='ocrx_word' id='word_1_657' title='bbox 1550 1970 1613 1990; x_wconf 91' lang='lat' dir='ltr'><strong>eum</strong></span> <span class='ocrx_word' id='word_1_658' title='bbox 1625 1962 1680 1989; x_wconf 79' lang='lat' dir='ltr'><strong>An-</strong></span> 
     </span>
    </p>
   </div>
   <div class='ocr_carea' id='block_1_85' title="bbox 892 2009 1680 2044">
    <p class='ocr_par' dir='ltr' id='par_1_85' title="bbox 892 2009 1680 2044">
     <span class='ocr_line' id='line_1_85' title="bbox 892 2009 1680 2044; baseline -0.001 -7"><span class='ocrx_word' id='word_1_659' title='bbox 892 2009 997 2037; x_wconf 80' lang='lat' dir='ltr'><strong>nubion</strong></span> <span class='ocrx_word' id='word_1_660' title='bbox 1007 2009 1134 2043; x_wconf 85' lang='lat' dir='ltr'><strong>dixisset,</strong></span> <span class='ocrx_word' id='word_1_661' title='bbox 1156 2014 1244 2038; x_wconf 84' lang='lat' dir='ltr'><strong>mater</strong></span> <span class='ocrx_word' id='word_1_662' title='bbox 1256 2017 1285 2037; x_wconf 86' lang='lat' dir='ltr'><strong>se</strong></span> <span class='ocrx_word' id='word_1_663' title='bbox 1302 2016 1356 2037; x_wconf 89' lang='lat' dir='ltr'><strong>una</strong></span> <span class='ocrx_word' id='word_1_664' title='bbox 1370 2016 1432 2036; x_wconf 90' lang='lat' dir='ltr'><strong>cum</strong></span> <span class='ocrx_word' id='word_1_665' title='bbox 1450 2009 1562 2044; x_wconf 86' lang='lat' dir='ltr'><strong>reliquis</strong></span> <span class='ocrx_word' id='word_1_666' title='bbox 1582 2014 1680 2036; x_wconf 82' lang='lat' dir='ltr'><strong>ventu-</strong></span> 
     </span>
    </p>
   </div>
   <div class='ocr_carea' id='block_1_86' title="bbox 891 2055 1101 2090">
    <p class='ocr_par' dir='ltr' id='par_1_86' title="bbox 891 2055 1101 2090">
     <span class='ocr_line' id='line_1_86' title="bbox 891 2055 1101 2090; baseline 0 -7"><span class='ocrx_word' id='word_1_667' title='bbox 891 2063 952 2083; x_wconf 79' lang='lat' dir='ltr'><strong>ram</strong></span> <span class='ocrx_word' id='word_1_668' title='bbox 966 2055 1101 2090; x_wconf 84' lang='lat' dir='ltr'><strong>promisit.</strong></span> 
     </span>
    </p>
   </div>
   <div class='ocr_carea' id='block_1_87' title="bbox 926 2101 1678 2136">
    <p class='ocr_par' dir='ltr' id='par_1_87' title="bbox 926 2101 1678 2136">
     <span class='ocr_line' id='line_1_87' title="bbox 926 2101 1678 2136; baseline 0 -8"><span class='ocrx_word' id='word_1_669' title='bbox 926 2101 998 2129; x_wconf 72' lang='lat' dir='ltr'><strong>XXI.</strong></span> <span class='ocrx_word' id='word_1_670' title='bbox 1005 2103 1040 2128; x_wconf 81' lang='lat' dir='ltr'><strong>At</strong></span> <span class='ocrx_word' id='word_1_671' title='bbox 1045 2101 1142 2130; x_wconf 87' lang='lat' dir='ltr'><strong>Petrus</strong></span> <span class='ocrx_word' id='word_1_672' title='bbox 1154 2111 1161 2129; x_wconf 91' lang='lat'><strong>:</strong></span> <span class='ocrx_word' id='word_1_673' title='bbox 1174 2101 1245 2129; x_wconf 81' lang='lat' dir='ltr'><strong>Deus</strong></span> <span class='ocrx_word' id='word_1_674' title='bbox 1259 2101 1342 2129; x_wconf 87' lang='lat' dir='ltr'><strong>rebus</strong></span> <span class='ocrx_word' id='word_1_675' title='bbox 1355 2101 1457 2129; x_wconf 88' lang='lat' dir='ltr'><strong>nostris</strong></span> <span class='ocrx_word' id='word_1_676' title='bbox 1465 2101 1567 2136; x_wconf 88' lang='lat' dir='ltr'><strong>optime</strong></span> <span class='ocrx_word' id='word_1_677' title='bbox 1575 2109 1659 2129; x_wconf 91' lang='lat' dir='ltr'><strong>consn</strong></span> <span class='ocrx_word' id='word_1_678' title='bbox 1665 2116 1678 2122; x_wconf 91' lang='lat'><strong>-</strong></span> 
     </span>
    </p>
   </div>
   <div class='ocr_carea' id='block_1_88' title="bbox 891 2146 1678 2183">
    <p class='ocr_par' dir='ltr' id='par_1_88' title="bbox 891 2146 1678 2183">
     <span class='ocr_line' id='line_1_88' title="bbox 891 2146 1678 2183; baseline -0.001 -8"><span class='ocrx_word' id='word_1_679' title='bbox 891 2147 932 2181; x_wconf 87' lang='lat' dir='ltr'><strong>lit;</strong></span> <span class='ocrx_word' id='word_1_680' title='bbox 941 2147 1071 2176; x_wconf 85' lang='lat' dir='ltr'><strong>habemus</strong></span> <span class='ocrx_word' id='word_1_681' title='bbox 1078 2147 1150 2175; x_wconf 89' lang='lat' dir='ltr'><strong>enim</strong></span> <span class='ocrx_word' id='word_1_682' title='bbox 1158 2147 1299 2175; x_wconf 86' lang='lat' dir='ltr'><strong>nobiscum</strong></span> <span class='ocrx_word' id='word_1_683' title='bbox 1306 2146 1494 2176; x_wconf 84' lang='lat' dir='ltr'><strong>Annabionem</strong></span> <span class='ocrx_word' id='word_1_684' title='bbox 1501 2148 1678 2183; x_wconf 72' lang='lat' dir='ltr'><strong>astrologum.</strong></span> 
     </span>
    </p>
   </div>
   <div class='ocr_carea' id='block_1_89' title="bbox 892 2192 1679 2229">
    <p class='ocr_par' dir='ltr' id='par_1_89' title="bbox 892 2192 1679 2229">
     <span class='ocr_line' id='line_1_89' title="bbox 892 2192 1679 2229; baseline 0 -9"><span class='ocrx_word' id='word_1_685' title='bbox 892 2192 942 2221; x_wconf 83' lang='lat' dir='ltr'><strong>Hic</strong></span> <span class='ocrx_word' id='word_1_686' title='bbox 948 2201 1011 2221; x_wconf 88' lang='lat' dir='ltr'><strong>eum</strong></span> <span class='ocrx_word' id='word_1_687' title='bbox 1026 2193 1107 2221; x_wconf 90' lang='lat' dir='ltr'><strong>nobis</strong></span> <span class='ocrx_word' id='word_1_688' title='bbox 1113 2193 1146 2221; x_wconf 90' lang='lat' dir='ltr'><strong>de</strong></span> <span class='ocrx_word' id='word_1_689' title='bbox 1152 2193 1243 2228; x_wconf 72' lang='lat' dir='ltr'><strong>genesi</strong></span> <span class='ocrx_word' id='word_1_690' title='bbox 1252 2193 1393 2221; x_wconf 87' lang='lat' dir='ltr'><strong>utamicus</strong></span> <span class='ocrx_word' id='word_1_691' title='bbox 1401 2193 1550 2229; x_wconf 84' lang='lat' dir='ltr'><strong>disputabit</strong></span> <span class='ocrx_word' id='word_1_692' title='bbox 1560 2193 1679 2221; x_wconf 77' lang='lat' dir='ltr'><strong>familia-</strong></span> 
     </span>
    </p>
   </div>
   <div class='ocr_carea' id='block_1_90' title="bbox 57 2227 842 2276">
    <p class='ocr_par' dir='ltr' id='par_1_90' title="bbox 57 2227 840 2276">
     <span class='ocr_line' id='line_1_90' title="bbox 57 2227 840 2276; baseline 0.008 -12"><span class='ocrx_word' id='word_1_693' title='bbox 57 2235 182 2273; x_wconf 74' lang='grc' dir='ltr'>δημήσασι</span> <span class='ocrx_word' id='word_1_694' title='bbox 282 2227 434 2276; x_wconf 50' lang='grc' dir='ltr'>’Δῆιοξείᾳ</span> <span class='ocrx_word' id='word_1_695' title='bbox 463 2241 528 2276; x_wconf 76' lang='grc' dir='ltr'>περὶ</span> <span class='ocrx_word' id='word_1_696' title='bbox 550 2227 756 2276; x_wconf 45' lang='grc' dir='ltr'>γενέσεωςητοῦ</span> <span class='ocrx_word' id='word_1_697' title='bbox 784 2242 840 2270; x_wconf 82' lang='grc' dir='ltr'>λοι-</span> 
     </span>
    </p>
   </div>
   <div class='ocr_carea' id='block_1_91' title="bbox 893 2227 1680 2276">
    <p class='ocr_par' dir='ltr' id='par_1_91' title="bbox 893 2227 1680 2275">
     <span class='ocr_line' id='line_1_91' title="bbox 893 2227 1680 2275; baseline -0.001 -8"><span class='ocrx_word' id='word_1_698' title='bbox 893 2240 962 2273; x_wconf 85' lang='lat' dir='ltr'><strong>rius,</strong></span> <span class='ocrx_word' id='word_1_699' title='bbox 977 2240 1088 2274; x_wconf 82' lang='lat' dir='ltr'><strong>quando</strong></span> <span class='ocrx_word' id='word_1_700' title='bbox 1104 2227 1259 2267; x_wconf 65' lang='lat' dir='ltr'><strong>Antiochia;</strong></span> <span class='ocrx_word' id='word_1_701' title='bbox 1281 2239 1396 2268; x_wconf 87' lang='lat' dir='ltr'><strong>erimus.</strong></span> <span class='ocrx_word' id='word_1_702' title='bbox 1412 2227 1522 2267; x_wconf 71' lang='lat' dir='ltr'><strong>Etcum</strong></span> <span class='ocrx_word' id='word_1_703' title='bbox 1537 2245 1613 2275; x_wconf 82' lang='lat' dir='ltr'><strong>pater</strong></span> <span class='ocrx_word' id='word_1_704' title='bbox 1627 2241 1680 2267; x_wconf 87' lang='lat' dir='ltr'><strong>sub</strong></span> 
     </span>
    </p>
   </div>
   <div class='ocr_carea' id='block_1_92' title="bbox 58 2282 841 2325">
    <p class='ocr_par' dir='ltr' id='par_1_92' title="bbox 58 2282 841 2325">
     <span class='ocr_line' id='line_1_92' title="bbox 58 2282 841 2325; baseline 0.006 -15"><span class='ocrx_word' id='word_1_705' title='bbox 58 2282 101 2309; x_wconf 78' lang='grc' dir='ltr'>ποῦ</span> <span class='ocrx_word' id='word_1_706' title='bbox 123 2283 158 2316; x_wconf 79' lang='grc' dir='ltr'><strong>ὡς</strong></span> <span class='ocrx_word' id='word_1_707' title='bbox 176 2285 255 2320; x_wconf 81' lang='grc' dir='ltr'>φίλος</span> <span class='ocrx_word' id='word_1_708' title='bbox 280 2285 468 2325; x_wconf 72' lang='grc' dir='ltr'>γνησιώτερον</span> <span class='ocrx_word' id='word_1_709' title='bbox 491 2287 709 2323; x_wconf 83' lang='grc' dir='ltr'>διαλεχθήσεται.</span> <span class='ocrx_word' id='word_1_710' title='bbox 735 2288 790 2315; x_wconf 80' lang='grc' dir='ltr'><strong>Καὶ</strong></span> <span class='ocrx_word' id='word_1_711' title='bbox 809 2288 841 2325; x_wconf 86' lang='grc' dir='ltr'><strong>δὴ</strong></span> 
     </span>
    </p>
   </div>
   <div class='ocr_carea' id='block_1_93' title="bbox 57 2327 840 2368">
    <p class='ocr_par' dir='ltr' id='par_1_93' title="bbox 57 2327 840 2368">
     <span class='ocr_line' id='line_1_93' title="bbox 57 2327 840 2368; baseline 0.008 -15"><span class='ocrx_word' id='word_1_712' title='bbox 57 2327 98 2354; x_wconf 73' lang='grc' dir='ltr'>τοῦ</span> <span class='ocrx_word' id='word_1_713' title='bbox 115 2330 214 2366; x_wconf 78' lang='grc' dir='ltr'>πατρὸς</span> <span class='ocrx_word' id='word_1_714' title='bbox 229 2330 283 2357; x_wconf 81' lang='grc' dir='ltr'><strong>ὑπὸ</strong></span> <span class='ocrx_word' id='word_1_715' title='bbox 307 2330 391 2357; x_wconf 86' lang='grc' dir='ltr'>νύκτα</span> <span class='ocrx_word' id='word_1_716' title='bbox 405 2330 464 2366; x_wconf 78' lang='grc' dir='ltr'>μεθ’</span> <span class='ocrx_word' id='word_1_717' title='bbox 477 2328 516 2358; x_wconf 85' lang='grc' dir='ltr'>ὦν</span> <span class='ocrx_word' id='word_1_718' title='bbox 530 2331 656 2358; x_wconf 75' lang='grc' dir='ltr'>ἐκέλευσε</span> <span class='ocrx_word' id='word_1_719' title='bbox 677 2332 780 2368; x_wconf 74' lang='grc' dir='ltr'>Πέτρος</span> <span class='ocrx_word' id='word_1_720' title='bbox 792 2333 840 2360; x_wconf 86' lang='grc' dir='ltr'>σὺν</span> 
     </span>
    </p>
   </div>
   <div class='ocr_carea' id='block_1_94' title="bbox 57 2371 840 2411">
    <p class='ocr_par' dir='ltr' id='par_1_94' title="bbox 57 2371 840 2411">
     <span class='ocr_line' id='line_1_94' title="bbox 57 2371 840 2411; baseline 0.006 -12"><span class='ocrx_word' id='word_1_721' title='bbox 57 2371 90 2406; x_wconf 80' lang='grc' dir='ltr'>τῷ</span> <span class='ocrx_word' id='word_1_722' title='bbox 108 2374 275 2402; x_wconf 79' lang='grc' dir='ltr'>’Δννουδίωνι</span> <span class='ocrx_word' id='word_1_723' title='bbox 289 2375 462 2410; x_wconf 75' lang='grc' dir='ltr'>ὁρμήσαντος</span> <span class='ocrx_word' id='word_1_724' title='bbox 478 2376 524 2402; x_wconf 74' lang='grc' dir='ltr'><strong>ἐπὶ</strong></span> <span class='ocrx_word' id='word_1_725' title='bbox 539 2376 589 2411; x_wconf 86' lang='grc' dir='ltr'>τὴν</span> <span class='ocrx_word' id='word_1_726' title='bbox 602 2376 717 2411; x_wconf 84' lang='grc' dir='ltr'>πλησίον</span> <span class='ocrx_word' id='word_1_727' title='bbox 736 2377 840 2404; x_wconf 74' lang='grc' dir='ltr'>Ἀντιό-</span> 
     </span>
    </p>
   </div>
   <div class='ocr_carea' id='block_1_95' title="bbox 58 2420 840 2458">
    <p class='ocr_par' dir='ltr' id='par_1_95' title="bbox 58 2420 840 2458">
     <span class='ocr_line' id='line_1_95' title="bbox 58 2420 840 2458; baseline 0.008 -14"><span class='ocrx_word' id='word_1_728' title='bbox 58 2425 132 2451; x_wconf 78' lang='grc' dir='ltr'>χειαν,</span> <span class='ocrx_word' id='word_1_729' title='bbox 145 2420 243 2456; x_wconf 75' lang='grc' dir='ltr'>δρθρου</span> <span class='ocrx_word' id='word_1_730' title='bbox 257 2420 311 2456; x_wconf 84' lang='grc' dir='ltr'><strong>τῆς</strong></span> <span class='ocrx_word' id='word_1_731' title='bbox 327 2421 411 2456; x_wconf 75' lang='grc' dir='ltr'>ἄλλης</span> <span class='ocrx_word' id='word_1_732' title='bbox 427 2421 535 2456; x_wconf 81' lang='grc' dir='ltr'>ἡμέρας</span> <span class='ocrx_word' id='word_1_733' title='bbox 548 2422 613 2457; x_wconf 78' lang='grc' dir='ltr'>πρὶν</span> <span class='ocrx_word' id='word_1_734' title='bbox 630 2422 771 2458; x_wconf 78' lang='grc' dir='ltr'>προελθεῖν</span> <span class='ocrx_word' id='word_1_735' title='bbox 787 2423 840 2450; x_wconf 81' lang='grc' dir='ltr'><strong>Πέ-</strong></span> 
     </span>
    </p>
   </div>
   <div class='ocr_carea' id='block_1_96' title="bbox 57 2466 840 2504">
    <p class='ocr_par' dir='ltr' id='par_1_96' title="bbox 57 2466 840 2504">
     <span class='ocr_line' id='line_1_96' title="bbox 57 2466 840 2504; baseline 0.006 -13"><span class='ocrx_word' id='word_1_736' title='bbox 57 2471 111 2498; x_wconf 77' lang='grc' dir='ltr'>τρον</span> <span class='ocrx_word' id='word_1_737' title='bbox 125 2466 168 2492; x_wconf 65' lang='lat' dir='ltr'><strong>Eni.</strong></span> <span class='ocrx_word' id='word_1_738' title='bbox 181 2466 220 2501; x_wconf 83' lang='grc' dir='ltr'>τῷ</span> <span class='ocrx_word' id='word_1_739' title='bbox 241 2466 427 2501; x_wconf 77' lang='grc' dir='ltr'>διαλέγεσθαι,</span> <span class='ocrx_word' id='word_1_740' title='bbox 450 2467 601 2503; x_wconf 74' lang='grc' dir='ltr'>ἐπανῆλθον</span> <span class='ocrx_word' id='word_1_741' title='bbox 624 2469 665 2501; x_wconf 84' lang='grc' dir='ltr'><strong>είς</strong></span> <span class='ocrx_word' id='word_1_742' title='bbox 679 2469 730 2504; x_wconf 82' lang='grc' dir='ltr'>τὴν</span> <span class='ocrx_word' id='word_1_743' title='bbox 744 2469 840 2496; x_wconf 70' lang='grc' dir='ltr'>Λαοδί-</span> 
     </span>
    </p>
   </div>
   <div class='ocr_carea' id='block_1_97' title="bbox 59 2511 840 2550">
    <p class='ocr_par' dir='ltr' id='par_1_97' title="bbox 59 2511 840 2550">
     <span class='ocr_line' id='line_1_97' title="bbox 59 2511 840 2550; baseline 0.009 -15"><span class='ocrx_word' id='word_1_744' title='bbox 59 2517 123 2536; x_wconf 74' lang='grc' dir='ltr'>κειαν</span> <span class='ocrx_word' id='word_1_745' title='bbox 133 2511 177 2537; x_wconf 75' lang='grc' dir='ltr'><strong>τὸν</strong></span> <span class='ocrx_word' id='word_1_746' title='bbox 191 2512 305 2547; x_wconf 88' lang='grc' dir='ltr'>Σίμωνα</span> <span class='ocrx_word' id='word_1_747' title='bbox 322 2513 535 2548; x_wconf 82' lang='grc' dir='ltr'>προπέμψαντες</span> <span class='ocrx_word' id='word_1_748' title='bbox 558 2514 679 2541; x_wconf 81' lang='grc' dir='ltr'>Ἀππίων</span> <span class='ocrx_word' id='word_1_749' title='bbox 692 2514 740 2541; x_wconf 77' lang='grc' dir='ltr'><strong>καὶ</strong></span> <span class='ocrx_word' id='word_1_750' title='bbox 761 2514 840 2550; x_wconf 80' lang='grc' dir='ltr'><strong>Ἀθη-</strong></span> 
     </span>
    </p>
   </div>
   <div class='ocr_carea' id='block_1_98' title="bbox 58 2555 839 2596">
    <p class='ocr_par' dir='ltr' id='par_1_98' title="bbox 58 2555 839 2596">
     <span class='ocr_line' id='line_1_98' title="bbox 58 2555 839 2596; baseline 0.006 -13"><span class='ocrx_word' id='word_1_751' title='bbox 58 2555 160 2591; x_wconf 81' lang='grc' dir='ltr'>νὸὂωρος</span> <span class='ocrx_word' id='word_1_752' title='bbox 172 2558 370 2594; x_wconf 72' lang='grc' dir='ltr'>ἐπιζητοῦντες</span> <span class='ocrx_word' id='word_1_753' title='bbox 383 2559 429 2586; x_wconf 80' lang='grc' dir='ltr'>τὸν</span> <span class='ocrx_word' id='word_1_754' title='bbox 442 2559 557 2595; x_wconf 85' lang='grc' dir='ltr'>πατέρα.</span> <span class='ocrx_word' id='word_1_755' title='bbox 581 2560 610 2587; x_wconf 87' lang='lat'><strong>&#39;0</strong></span> <span class='ocrx_word' id='word_1_756' title='bbox 624 2560 653 2587; x_wconf 84' lang='grc' dir='ltr'><strong>δὲ</strong></span> <span class='ocrx_word' id='word_1_757' title='bbox 670 2560 762 2596; x_wconf 83' lang='grc' dir='ltr'>μαθὼν</span> <span class='ocrx_word' id='word_1_758' title='bbox 777 2561 839 2588; x_wconf 80' lang='grc' dir='ltr'><strong>ἐκέ-</strong></span> 
     </span>
    </p>
   </div>
   <div class='ocr_carea' id='block_1_99' title="bbox 58 2599 839 2640">
    <p class='ocr_par' dir='ltr' id='par_1_99' title="bbox 58 2599 839 2640">
     <span class='ocr_line' id='line_1_99' title="bbox 58 2599 839 2640; baseline 0.008 -12"><span class='ocrx_word' id='word_1_759' title='bbox 58 2599 139 2629; x_wconf 74' lang='grc' dir='ltr'>λευσεν</span> <span class='ocrx_word' id='word_1_760' title='bbox 153 2603 252 2636; x_wconf 81' lang='grc' dir='ltr'>αὐτοὺς</span> <span class='ocrx_word' id='word_1_761' title='bbox 271 2604 455 2640; x_wconf 78' lang='grc' dir='ltr'>είσέρχεσθαι.</span> <span class='ocrx_word' id='word_1_762' title='bbox 475 2605 632 2633; x_wconf 76' lang='grc' dir='ltr'>Είσὸἀντων</span> <span class='ocrx_word' id='word_1_763' title='bbox 644 2605 673 2632; x_wconf 84' lang='grc' dir='ltr'><strong>δὲ.</strong></span> <span class='ocrx_word' id='word_1_764' title='bbox 691 2607 740 2633; x_wconf 75' lang='grc' dir='ltr'>καὶ</span> <span class='ocrx_word' id='word_1_765' title='bbox 757 2607 839 2634; x_wconf 81' lang='grc' dir='ltr'>καθε-</span> 
     </span>
    </p>
   </div>
   <div class='ocr_carea' id='block_1_100' title="bbox 59 2647 838 2687">
    <p class='ocr_par' dir='ltr' id='par_1_100' title="bbox 59 2647 838 2687">
     <span class='ocr_line' id='line_1_100' title="bbox 59 2647 838 2687; baseline 0.006 -13"><span class='ocrx_word' id='word_1_766' title='bbox 59 2647 162 2676; x_wconf 76' lang='grc' dir='ltr'>σθέντων</span> <span class='ocrx_word' id='word_1_767' title='bbox 183 2650 241 2682; x_wconf 85' lang='grc' dir='ltr'>καί,</span> <span class='ocrx_word' id='word_1_768' title='bbox 258 2649 317 2676; x_wconf 77' lang='grc' dir='ltr'>Ποῦ</span> <span class='ocrx_word' id='word_1_769' title='bbox 332 2649 470 2683; x_wconf 53' lang='lat' dir='ltr'><strong>tit-16610;;</strong></span> <span class='ocrx_word' id='word_1_770' title='bbox 492 2651 623 2679; x_wconf 74' lang='grc' dir='ltr'>εἰπόντων</span> <span class='ocrx_word' id='word_1_771' title='bbox 643 2671 651 2684; x_wconf 86' lang='grc'><em>,</em></span> <span class='ocrx_word' id='word_1_772' title='bbox 670 2651 838 2687; x_wconf 83' lang='grc' dir='ltr'>ἀπεκρίνατο</span> 
     </span>
    </p>
   </div>
   <div class='ocr_carea' id='block_1_101' title="bbox 59 2692 837 2733">
    <p class='ocr_par' dir='ltr' id='par_1_101' title="bbox 59 2692 837 2733">
     <span class='ocr_line' id='line_1_101' title="bbox 59 2692 837 2733; baseline 0.008 -14"><span class='ocrx_word' id='word_1_773' title='bbox 59 2692 163 2728; x_wconf 84' lang='grc' dir='ltr'>Πέτρος·</span> <span class='ocrx_word' id='word_1_774' title='bbox 186 2696 243 2722; x_wconf 79' lang='grc' dir='ltr'><strong>οὑκ</strong></span> <span class='ocrx_word' id='word_1_775' title='bbox 258 2695 354 2731; x_wconf 75' lang='grc' dir='ltr'>ἴσμεν·</span> <span class='ocrx_word' id='word_1_776' title='bbox 372 2695 458 2731; x_wconf 82' lang='grc' dir='ltr'>αὐτῆς</span> <span class='ocrx_word' id='word_1_777' title='bbox 476 2697 531 2732; x_wconf 85' lang='grc' dir='ltr'>γὰρ</span> <span class='ocrx_word' id='word_1_778' title='bbox 547 2697 666 2733; x_wconf 74' lang='grc' dir='ltr'>ἑσπέρας</span> <span class='ocrx_word' id='word_1_779' title='bbox 684 2698 752 2733; x_wconf 82' lang='grc' dir='ltr'>πρὸς</span> <span class='ocrx_word' id='word_1_780' title='bbox 765 2698 837 2733; x_wconf 78' lang='grc' dir='ltr'>ὑμᾶς</span> 
     </span>
    </p>
   </div>
   <div class='ocr_carea' id='block_1_102' title="bbox 58 2739 835 2779">
    <p class='ocr_par' dir='ltr' id='par_1_102' title="bbox 58 2739 835 2779">
     <span class='ocr_line' id='line_1_102' title="bbox 58 2739 835 2779; baseline 0.005 -13"><span class='ocrx_word' id='word_1_781' title='bbox 58 2739 132 2766; x_wconf 74' lang='grc' dir='ltr'>ἐλθὼν</span> <span class='ocrx_word' id='word_1_782' title='bbox 141 2741 230 2768; x_wconf 82' lang='grc' dir='ltr'>οὐκέτι</span> <span class='ocrx_word' id='word_1_783' title='bbox 239 2743 299 2774; x_wconf 85' lang='grc' dir='ltr'>τοῖς</span> <span class='ocrx_word' id='word_1_784' title='bbox 310 2742 421 2773; x_wconf 84' lang='grc' dir='ltr'>οἰκείοις</span> <span class='ocrx_word' id='word_1_785' title='bbox 434 2743 536 2778; x_wconf 75' lang='grc' dir='ltr'>ὲφάνη’</span> <span class='ocrx_word' id='word_1_786' title='bbox 555 2743 619 2778; x_wconf 82' lang='grc' dir='ltr'>χθὲς</span> <span class='ocrx_word' id='word_1_787' title='bbox 631 2743 660 2770; x_wconf 83' lang='grc' dir='ltr'><strong>δὲ</strong></span> <span class='ocrx_word' id='word_1_788' title='bbox 677 2743 776 2779; x_wconf 74' lang='grc' dir='ltr'>ὄρθρον</span> <span class='ocrx_word' id='word_1_789' title='bbox 789 2744 835 2770; x_wconf 84' lang='grc' dir='ltr'><strong>καὶ</strong></span> 
     </span>
    </p>
   </div>
   <div class='ocr_carea' id='block_1_103' title="bbox 892 2285 1679 2320">
    <p class='ocr_par' dir='ltr' id='par_1_103' title="bbox 892 2285 1679 2320">
     <span class='ocr_line' id='line_1_103' title="bbox 892 2285 1679 2320; baseline 0 -7"><span class='ocrx_word' id='word_1_790' title='bbox 892 2290 1001 2314; x_wconf 90' lang='lat' dir='ltr'><strong>noctem</strong></span> <span class='ocrx_word' id='word_1_791' title='bbox 1027 2293 1090 2313; x_wconf 84' lang='lat' dir='ltr'><strong>cum</strong></span> <span class='ocrx_word' id='word_1_792' title='bbox 1117 2286 1161 2319; x_wconf 85' lang='lat' dir='ltr'><strong>iis,</strong></span> <span class='ocrx_word' id='word_1_793' title='bbox 1184 2293 1254 2320; x_wconf 86' lang='lat' dir='ltr'><strong>quos</strong></span> <span class='ocrx_word' id='word_1_794' title='bbox 1277 2285 1374 2314; x_wconf 89' lang='lat' dir='ltr'><strong>Petrus</strong></span> <span class='ocrx_word' id='word_1_795' title='bbox 1393 2286 1578 2319; x_wconf 86' lang='lat' dir='ltr'><strong>ordinaverat,</strong></span> <span class='ocrx_word' id='word_1_796' title='bbox 1596 2286 1679 2314; x_wconf 87' lang='lat' dir='ltr'><strong>simul</strong></span> 
     </span>
    </p>
   </div>
   <div class='ocr_carea' id='block_1_104' title="bbox 891 2332 1677 2367">
    <p class='ocr_par' dir='ltr' id='par_1_104' title="bbox 891 2332 1677 2367">
     <span class='ocr_line' id='line_1_104' title="bbox 891 2332 1677 2367; baseline 0 -7"><span class='ocrx_word' id='word_1_797' title='bbox 891 2339 954 2360; x_wconf 89' lang='lat' dir='ltr'><strong>cum</strong></span> <span class='ocrx_word' id='word_1_798' title='bbox 966 2332 1130 2360; x_wconf 86' lang='lat' dir='ltr'><strong>Annubione</strong></span> <span class='ocrx_word' id='word_1_799' title='bbox 1144 2333 1310 2367; x_wconf 81' lang='lat' dir='ltr'><strong>perrexisset</strong></span> <span class='ocrx_word' id='word_1_800' title='bbox 1324 2333 1357 2361; x_wconf 89' lang='lat' dir='ltr'><strong>ad</strong></span> <span class='ocrx_word' id='word_1_801' title='bbox 1370 2333 1485 2360; x_wconf 90' lang='lat' dir='ltr'><strong>vicinam</strong></span> <span class='ocrx_word' id='word_1_802' title='bbox 1495 2333 1677 2366; x_wconf 81' lang='lat' dir='ltr'><strong>Antiochiam,</strong></span> 
     </span>
    </p>
   </div>
   <div class='ocr_carea' id='block_1_105' title="bbox 891 2377 1677 2414">
    <p class='ocr_par' dir='ltr' id='par_1_105' title="bbox 891 2377 1677 2414">
     <span class='ocr_line' id='line_1_105' title="bbox 891 2377 1677 2414; baseline 0.003 -10"><span class='ocrx_word' id='word_1_803' title='bbox 891 2385 972 2404; x_wconf 90' lang='lat' dir='ltr'><strong>mane</strong></span> <span class='ocrx_word' id='word_1_804' title='bbox 996 2377 1136 2412; x_wconf 84' lang='lat' dir='ltr'><strong>sequentis</strong></span> <span class='ocrx_word' id='word_1_805' title='bbox 1150 2377 1216 2410; x_wconf 89' lang='lat' dir='ltr'><strong>diei,</strong></span> <span class='ocrx_word' id='word_1_806' title='bbox 1233 2383 1381 2413; x_wconf 83' lang='lat' dir='ltr'><strong>antequam</strong></span> <span class='ocrx_word' id='word_1_807' title='bbox 1404 2378 1502 2407; x_wconf 83' lang='lat' dir='ltr'><strong>Petrus</strong></span> <span class='ocrx_word' id='word_1_808' title='bbox 1523 2379 1558 2406; x_wconf 83' lang='lat' dir='ltr'><strong>ad</strong></span> <span class='ocrx_word' id='word_1_809' title='bbox 1581 2379 1677 2414; x_wconf 87' lang='lat' dir='ltr'><strong>dispu-</strong></span> 
     </span>
    </p>
   </div>
   <div class='ocr_carea' id='block_1_106' title="bbox 890 2422 1676 2459">
    <p class='ocr_par' dir='ltr' id='par_1_106' title="bbox 890 2422 1676 2459">
     <span class='ocr_line' id='line_1_106' title="bbox 890 2422 1676 2459; baseline 0.001 -9"><span class='ocrx_word' id='word_1_810' title='bbox 890 2423 1003 2450; x_wconf 84' lang='lat' dir='ltr'><strong>tandum</strong></span> <span class='ocrx_word' id='word_1_811' title='bbox 1015 2430 1144 2458; x_wconf 73' lang='lat' dir='ltr'><strong>egressus</strong></span> <span class='ocrx_word' id='word_1_812' title='bbox 1155 2427 1237 2456; x_wconf 90' lang='lat' dir='ltr'><strong>esset,</strong></span> <span class='ocrx_word' id='word_1_813' title='bbox 1251 2422 1412 2451; x_wconf 87' lang='lat' dir='ltr'><strong>Laodiceam</strong></span> <span class='ocrx_word' id='word_1_814' title='bbox 1425 2429 1558 2451; x_wconf 88' lang='lat' dir='ltr'><strong>venerunt</strong></span> <span class='ocrx_word' id='word_1_815' title='bbox 1570 2424 1676 2459; x_wconf 87' lang='lat' dir='ltr'><strong>Appion</strong></span> 
     </span>
    </p>
   </div>
   <div class='ocr_carea' id='block_1_107' title="bbox 888 2467 1676 2504">
    <p class='ocr_par' dir='ltr' id='par_1_107' title="bbox 888 2467 1676 2504">
     <span class='ocr_line' id='line_1_107' title="bbox 888 2467 1676 2504; baseline 0 -8"><span class='ocrx_word' id='word_1_816' title='bbox 888 2472 915 2496; x_wconf 87' lang='lat' dir='ltr'><strong>et</strong></span> <span class='ocrx_word' id='word_1_817' title='bbox 928 2467 1132 2501; x_wconf 83' lang='lat' dir='ltr'><strong>Athenodorus,</strong></span> <span class='ocrx_word' id='word_1_818' title='bbox 1147 2467 1267 2496; x_wconf 87' lang='lat' dir='ltr'><strong>Simonis</strong></span> <span class='ocrx_word' id='word_1_819' title='bbox 1281 2469 1406 2501; x_wconf 86' lang='lat' dir='ltr'><strong>comites,</strong></span> <span class='ocrx_word' id='word_1_820' title='bbox 1431 2474 1535 2503; x_wconf 86' lang='lat' dir='ltr'><strong>patrem</strong></span> <span class='ocrx_word' id='word_1_821' title='bbox 1552 2477 1676 2504; x_wconf 65' lang='lat' dir='ltr'><strong>quaeren-</strong></span> 
     </span>
    </p>
   </div>
   <div class='ocr_carea' id='block_1_108' title="bbox 887 2513 1673 2549">
    <p class='ocr_par' dir='ltr' id='par_1_108' title="bbox 887 2513 1673 2549">
     <span class='ocr_line' id='line_1_108' title="bbox 887 2513 1673 2549; baseline 0.001 -8"><span class='ocrx_word' id='word_1_822' title='bbox 887 2517 938 2541; x_wconf 85' lang='lat' dir='ltr'><strong>tes.</strong></span> <span class='ocrx_word' id='word_1_823' title='bbox 955 2513 1014 2546; x_wconf 84' lang='lat' dir='ltr'><strong>Qua</strong></span> <span class='ocrx_word' id='word_1_824' title='bbox 1036 2522 1066 2541; x_wconf 89' lang='lat' dir='ltr'><strong>re</strong></span> <span class='ocrx_word' id='word_1_825' title='bbox 1089 2514 1207 2549; x_wconf 72' lang='lat' dir='ltr'><strong>cognita,</strong></span> <span class='ocrx_word' id='word_1_826' title='bbox 1227 2514 1342 2542; x_wconf 89' lang='lat' dir='ltr'><strong>introire</strong></span> <span class='ocrx_word' id='word_1_827' title='bbox 1356 2521 1405 2541; x_wconf 84' lang='lat' dir='ltr'><strong>eos</strong></span> <span class='ocrx_word' id='word_1_828' title='bbox 1425 2514 1521 2549; x_wconf 89' lang='lat' dir='ltr'><strong>jussit.</strong></span> <span class='ocrx_word' id='word_1_829' title='bbox 1537 2514 1587 2548; x_wconf 90' lang='lat' dir='ltr'><strong>Qui</strong></span> <span class='ocrx_word' id='word_1_830' title='bbox 1613 2522 1673 2542; x_wconf 87' lang='lat' dir='ltr'><strong>cum</strong></span> 
     </span>
    </p>
   </div>
   <div class='ocr_carea' id='block_1_109' title="bbox 887 2559 1675 2595">
    <p class='ocr_par' dir='ltr' id='par_1_109' title="bbox 887 2559 1675 2595">
     <span class='ocr_line' id='line_1_109' title="bbox 887 2559 1675 2595; baseline 0.003 -9"><span class='ocrx_word' id='word_1_831' title='bbox 887 2559 1004 2595; x_wconf 84' lang='lat' dir='ltr'><strong>ingressi</strong></span> <span class='ocrx_word' id='word_1_832' title='bbox 1018 2564 1110 2587; x_wconf 83' lang='lat' dir='ltr'><strong>essent</strong></span> <span class='ocrx_word' id='word_1_833' title='bbox 1123 2563 1205 2594; x_wconf 90' lang='lat' dir='ltr'><strong>atque</strong></span> <span class='ocrx_word' id='word_1_834' title='bbox 1223 2559 1420 2592; x_wconf 86' lang='lat' dir='ltr'><strong>consedissent,</strong></span> <span class='ocrx_word' id='word_1_835' title='bbox 1437 2568 1469 2587; x_wconf 88' lang='lat' dir='ltr'><strong>ac</strong></span> <span class='ocrx_word' id='word_1_836' title='bbox 1483 2560 1527 2588; x_wconf 90' lang='lat' dir='ltr'><strong>ubi</strong></span> <span class='ocrx_word' id='word_1_837' title='bbox 1556 2560 1675 2588; x_wconf 84' lang='lat' dir='ltr'><strong>Faustus</strong></span> 
     </span>
    </p>
   </div>
   <div class='ocr_carea' id='block_1_110' title="bbox 887 2605 1671 2640">
    <p class='ocr_par' dir='ltr' id='par_1_110' title="bbox 887 2605 1671 2640">
     <span class='ocr_line' id='line_1_110' title="bbox 887 2605 1671 2640; baseline 0.001 -6"><span class='ocrx_word' id='word_1_838' title='bbox 887 2609 960 2634; x_wconf 83' lang='lat' dir='ltr'><strong>esset</strong></span> <span class='ocrx_word' id='word_1_839' title='bbox 982 2606 1165 2640; x_wconf 67' lang='lat' dir='ltr'><strong>quiesiissent,</strong></span> <span class='ocrx_word' id='word_1_840' title='bbox 1193 2605 1290 2633; x_wconf 88' lang='lat' dir='ltr'><strong>Petrus</strong></span> <span class='ocrx_word' id='word_1_841' title='bbox 1320 2605 1459 2640; x_wconf 87' lang='lat' dir='ltr'><strong>respondit</strong></span> <span class='ocrx_word' id='word_1_842' title='bbox 1482 2615 1489 2635; x_wconf 88' lang='lat'>:</span> <span class='ocrx_word' id='word_1_843' title='bbox 1508 2606 1671 2639; x_wconf 80' lang='lat' dir='ltr'><strong>Nescimus:</strong></span> 
     </span>
    </p>
   </div>
   <div class='ocr_carea' id='block_1_111' title="bbox 888 2651 1672 2687">
    <p class='ocr_par' dir='ltr' id='par_1_111' title="bbox 888 2651 1672 2687">
     <span class='ocr_line' id='line_1_111' title="bbox 888 2651 1672 2687; baseline 0.005 -9"><span class='ocrx_word' id='word_1_844' title='bbox 888 2659 952 2678; x_wconf 89' lang='lat' dir='ltr'><strong>nam</strong></span> <span class='ocrx_word' id='word_1_845' title='bbox 968 2659 1001 2679; x_wconf 77' lang='lat' dir='ltr'><strong>ex</strong></span> <span class='ocrx_word' id='word_1_846' title='bbox 1019 2659 1132 2687; x_wconf 86' lang='lat' dir='ltr'><strong>vespero</strong></span> <span class='ocrx_word' id='word_1_847' title='bbox 1147 2652 1203 2684; x_wconf 90' lang='lat' dir='ltr'><strong>illo,</strong></span> <span class='ocrx_word' id='word_1_848' title='bbox 1220 2659 1276 2686; x_wconf 92' lang='lat' dir='ltr'><strong>quo</strong></span> <span class='ocrx_word' id='word_1_849' title='bbox 1290 2651 1323 2678; x_wconf 90' lang='lat' dir='ltr'><strong>ad</strong></span> <span class='ocrx_word' id='word_1_850' title='bbox 1340 2659 1387 2678; x_wconf 88' lang='lat' dir='ltr'><strong>vos</strong></span> <span class='ocrx_word' id='word_1_851' title='bbox 1400 2651 1458 2685; x_wconf 87' lang='lat' dir='ltr'><strong>ivit,</strong></span> <span class='ocrx_word' id='word_1_852' title='bbox 1477 2653 1542 2680; x_wconf 92' lang='lat' dir='ltr'><strong>nulli</strong></span> <span class='ocrx_word' id='word_1_853' title='bbox 1560 2662 1672 2682; x_wconf 86' lang='lat' dir='ltr'><strong>suorum</strong></span> 
     </span>
    </p>
   </div>
   <div class='ocr_carea' id='block_1_112' title="bbox 888 2696 1672 2733">
    <p class='ocr_par' dir='ltr' id='par_1_112' title="bbox 888 2696 1672 2733">
     <span class='ocr_line' id='line_1_112' title="bbox 888 2696 1672 2733; baseline 0.003 -8"><span class='ocrx_word' id='word_1_854' title='bbox 888 2705 986 2725; x_wconf 86' lang='lat' dir='ltr'><strong>rursus</strong></span> <span class='ocrx_word' id='word_1_855' title='bbox 1005 2697 1140 2733; x_wconf 87' lang='lat' dir='ltr'><strong>apparuit.</strong></span> <span class='ocrx_word' id='word_1_856' title='bbox 1162 2696 1225 2725; x_wconf 80' lang='lat' dir='ltr'><strong>Heri</strong></span> <span class='ocrx_word' id='word_1_857' title='bbox 1239 2701 1330 2725; x_wconf 85' lang='lat' dir='ltr'><strong>autem</strong></span> <span class='ocrx_word' id='word_1_858' title='bbox 1346 2705 1426 2725; x_wconf 84' lang='lat' dir='ltr'><strong>mane</strong></span> <span class='ocrx_word' id='word_1_859' title='bbox 1449 2703 1477 2726; x_wconf 89' lang='lat' dir='ltr'><strong>et</strong></span> <span class='ocrx_word' id='word_1_860' title='bbox 1492 2698 1586 2727; x_wconf 89' lang='lat' dir='ltr'><strong>Simon</strong></span> <span class='ocrx_word' id='word_1_861' title='bbox 1609 2708 1672 2728; x_wconf 86' lang='lat' dir='ltr'><strong>eum</strong></span> 
     </span>
    </p>
   </div>
   <div class='ocr_carea' id='block_1_113' title="bbox 889 2743 1673 2781">
    <p class='ocr_par' dir='ltr' id='par_1_113' title="bbox 889 2743 1673 2781">
     <span class='ocr_line' id='line_1_113' title="bbox 889 2743 1673 2781; baseline 0.005 -11"><span class='ocrx_word' id='word_1_862' title='bbox 889 2743 1160 2778; x_wconf 69' lang='lat' dir='ltr'><strong>quazrebat,cumque</strong></span> <span class='ocrx_word' id='word_1_863' title='bbox 1169 2743 1237 2771; x_wconf 90' lang='lat' dir='ltr'><strong>nihil</strong></span> <span class='ocrx_word' id='word_1_864' title='bbox 1246 2744 1484 2779; x_wconf 86' lang='lat' dir='ltr'><strong>responderemus,</strong></span> <span class='ocrx_word' id='word_1_865' title='bbox 1496 2746 1588 2774; x_wconf 83' lang='lat' dir='ltr'><strong>nescio</strong></span> <span class='ocrx_word' id='word_1_866' title='bbox 1609 2747 1673 2781; x_wconf 83' lang='lat' dir='ltr'><strong>quid</strong></span> 
     </span>
    </p>
   </div>
   <div class='ocr_carea' id='block_1_114' title="bbox 697 2798 1035 2830">
    <p class='ocr_par' dir='ltr' id='par_1_114' title="bbox 697 2798 1035 2830">
     <span class='ocr_line' id='line_1_114' title="bbox 697 2798 1035 2830; baseline 0.012 -4"><span class='ocrx_word' id='word_1_867' title='bbox 697 2798 814 2827; x_wconf 66' lang='lat' dir='ltr'><strong>VARI/8</strong></span> <span class='ocrx_word' id='word_1_868' title='bbox 834 2800 1035 2830; x_wconf 83' lang='lat' dir='ltr'><strong>LECTIONES.</strong></span> 
     </span>
    </p>
   </div>
   <div class='ocr_carea' id='block_1_115' title="bbox 87 2845 1675 2895">
    <p class='ocr_par' dir='ltr' id='par_1_115' title="bbox 87 2845 1675 2895">
     <span class='ocr_line' id='line_1_115' title="bbox 87 2845 1675 2895; baseline 0.01 -25"><span class='ocrx_word' id='word_1_869' title='bbox 87 2845 318 2895; x_wconf 36' lang='lat' dir='ltr'><strong>:iep‘ql‘oyggv-Q;</strong></span> <span class='ocrx_word' id='word_1_870' title='bbox 355 2845 379 2862; x_wconf 82' lang='lat'>&quot;</span> <span class='ocrx_word' id='word_1_871' title='bbox 392 2845 542 2873; x_wconf 80' lang='grc' dir='ltr'>Ματοιδίαν</span> <span class='ocrx_word' id='word_1_872' title='bbox 559 2847 589 2872; x_wconf 92' lang='lat'><strong>0.</strong></span> <span class='ocrx_word' id='word_1_873' title='bbox 629 2846 648 2861; x_wconf 83' lang='grc'><strong>³¹</strong></span> <span class='ocrx_word' id='word_1_874' title='bbox 667 2846 783 2880; x_wconf 80' lang='grc' dir='ltr'>λέγουσα</span> <span class='ocrx_word' id='word_1_875' title='bbox 805 2848 927 2883; x_wconf 75' lang='lat' dir='ltr'><strong>suppleri</strong></span> <span class='ocrx_word' id='word_1_876' title='bbox 949 2857 981 2876; x_wconf 74' lang='lat' dir='ltr'><strong>ex</strong></span> <span class='ocrx_word' id='word_1_877' title='bbox 1004 2849 1170 2883; x_wconf 73' lang='lat' dir='ltr'><strong>conjectura.</strong></span> <span class='ocrx_word' id='word_1_878' title='bbox 1186 2848 1267 2885; x_wconf 77' lang='lat' dir='ltr'><strong>[Lege</strong></span> <span class='ocrx_word' id='word_1_879' title='bbox 1284 2849 1339 2887; x_wconf 78' lang='grc' dir='ltr'>εἶχε</span> <span class='ocrx_word' id='word_1_880' title='bbox 1353 2860 1401 2888; x_wconf 90' lang='lat' dir='ltr'><strong>pro</strong></span> <span class='ocrx_word' id='word_1_881' title='bbox 1414 2850 1490 2889; x_wconf 58' lang='grc' dir='ltr'>εἶδε]</span> <span class='ocrx_word' id='word_1_882' title='bbox 1529 2855 1560 2872; x_wconf 84' lang='grc'><strong>³¹¹</strong></span> <span class='ocrx_word' id='word_1_883' title='bbox 1577 2864 1610 2884; x_wconf 81' lang='lat' dir='ltr'><strong>an</strong></span> <span class='ocrx_word' id='word_1_884' title='bbox 1626 2857 1675 2895; x_wconf 78' lang='lat' dir='ltr'><strong>leg.</strong></span> 
     </span>
    </p>
   </div>
   <div class='ocr_carea' id='block_1_116' title="bbox 60 2880 318 2916">
    <p class='ocr_par' dir='ltr' id='par_1_116' title="bbox 60 2880 318 2916">
     <span class='ocr_line' id='line_1_116' title="bbox 60 2880 318 2916; baseline 0.008 -10"><span class='ocrx_word' id='word_1_885' title='bbox 60 2880 131 2916; x_wconf 66' lang='grc' dir='ltr'>πύλης</span> <span class='ocrx_word' id='word_1_886' title='bbox 140 2880 189 2908; x_wconf 19' lang='lat' dir='ltr'><strong>ruat</strong></span> <span class='ocrx_word' id='word_1_887' title='bbox 205 2881 318 2916; x_wconf 76' lang='grc' dir='ltr'>κλίνηςῖ</span> 
     </span>
    </p>
   </div>
  </div>
