1917 3100
266 158 314 191 to":

668 162 697 190 S.
711 158 903 190 CLEMENTIS
916 161 926 188 Ι
941 161 1023 189 ROM.
1042 161 1140 189 PONT.
1161 160 1276 188 OPERA
1290 153 1400 189 DUBIA‘
1829 160 1868 190 ‘08

264 221 290 249 ei
306 220 333 248 in
349 226 467 248 mentem
483 220 598 251 venerit,
612 220 743 247 Faustum
759 227 788 247 se
798 227 859 248 esse
873 221 1033 248 contestanti

1096 218 1186 254 Σίμων
1197 218 1278 245 αὐτὸν
1291 219 1430 254 ἐζήτησεν,
1443 220 1490 246 καὶ
1502 215 1562 247 ἐπεὶ
1576 217 1658 254 μηδὲν
1672 218 1868 254 ἀπεκρινάμεθα

265 267 342 301 Quod
362 274 424 294 cum
439 273 520 294 nemo
541 266 671 298 crederet,
692 266 760 294 ﬂens
773 271 801 294 et
815 267 909 295 dolens
921 267 1044 295 minaba—

263 318 321 347 tur,
335 313 490 340 occisurum
507 311 683 346 semetipsum
697 317 723 339 et
738 319 833 340 versus
846 320 922 340 mare
947 320 1043 348 prope—

263 359 344 386 ravit.

297 445 378 473 XXII.
396 446 462 479 Quae
482 454 543 474 cum
567 445 671 482 Appion
694 447 808 483 ejusque
821 448 934 476 comites
948 449 1042 476 audis-

263 498 335 525 sent,
351 492 456 520 ululatu
478 492 551 520 edito
573 493 736 528 plangebant
750 494 870 522 dicentes
885 503 891 521 :
907 495 962 522 Cur
979 502 1041 522 eum

261 545 317 566 non
342 538 506 573 excepistis?
529 538 561 565 Et
578 546 639 566 cum
659 538 852 567 Athenodorus
871 540 937 567 mihi
952 540 1042 568 dicere

261 585 342 612 vellet
357 595 363 612 :
382 585 434 612 Iste
449 585 566 613 Faustus
581 589 732 620 erat,pater
747 591 811 613 tuus
826 607 834 620 ,
850 586 954 621 Appion
971 595 1041 622 prae»-

260 630 374 658 veniens
388 640 394 658 :
411 629 614 665 Comperimus,
627 631 726 666 inquit,
742 639 757 658 a
771 632 900 667 quodam,
913 633 1042 660 incidisse

259 681 323 701 eum
335 674 362 701 in
376 673 514 702 Simonem
528 676 728 710 exhortantem,
742 680 772 704 ut
790 676 870 704 Petro
883 677 978 705 relicto
992 685 1040 706 co-

260 727 318 747 mes
337 720 389 747 sibi
412 721 497 752 Iieret.
514 721 593 757 eique
606 722 775 756 promisisse,
788 723 931 751 veritatem
953 732 982 751 se
997 731 1041 752 re-

259 765 425 799 velaturum,
442 767 500 802 ipso
514 767 616 795 Fausto
631 775 692 795 eum
708 769 879 803 obsecrante,
894 770 963 798 ﬁlios
974 777 1041 798 suos

259 819 292 839 se
303 813 416 847 posthac
428 820 568 849 nunquam
582 814 650 842 velle
661 815 763 849 videre,
778 817 879 852 quippe
892 817 940 852 qui
954 816 1040 845 Judazi

258 857 324 885 facti
337 862 437 886 essent.
460 858 526 892 Quae
539 868 601 888 cum
624 861 809 896 audissemus,
821 870 884 890 eum
899 863 1039 898 quaerendi

1094 265 1163 300 πρὸς
1178 264 1270 298 αὐτὸν,
1279 265 1329 291 οὐκ
1344 262 1413 297 οἶδα,
1425 265 1451 291 τί
1465 264 1553 298 ἔδοξεν
1563 265 1585 281 ³³
1591 265 1665 301 αὐτῷ
1680 266 1803 293 Φαῦστον
1816 266 1867 292 ἑαυ-

1092 310 1138 337 τὸν
1151 310 1264 337 είπόντι.
1278 311 1324 346 Μὴ
1339 310 1493 342 πιστευθεὶς
1512 311 1636 346 δακρύων
1652 312 1699 339 καὶ
1715 313 1869 347 κοπτόμενος

1092 356 1264 384 ἀποκτείνειν
1281 357 1377 384 ἑαυτὸν
1391 356 1542 392 ἀπειλήσας
1555 357 1593 389 ὡς
1609 358 1656 384 ἐπὶ
1668 357 1807 385 θάλασσαν
1825 358 1870 394 ὦρ-

1093 412 1187 438 μησεν.

1127 448 1210 475 XXII.
1237 448 1328 476 Ταῦτα
1348 449 1490 481 ἀκούοντες
1505 449 1519 475 ὃ
1534 457 1563 476 τε
1581 449 1702 475 ’Δππίων
1720 449 1770 476 καὶ
1786 449 1810 475 οἱ
1831 449 1870 475 σὺν

1091 495 1166 530 αὐτῷ
1178 495 1384 527 ὲπολολύξαντες
1396 493 1525 530 ἐκόψαντο
1532 495 1655 530 λέγοντες
1664 503 1671 510 ·
1683 494 1733 522 Διὰ
1745 495 1773 521 τί
1782 495 1812 522 οὺ
1827 504 1872 521 τια-

1093 541 1234 577 ρεδέξασθε
1254 541 1350 574 αὐτόν;
1365 543 1419 568 Καὶ
1442 541 1499 576 ἅμα
1519 541 1558 576 τῷ
1574 541 1716 576 βούλεσθαι
1736 541 1782 569 τὸν
1802 542 1871 577 Ἀθη-

1090 586 1208 622 νόδωρον
1231 587 1317 613 εἰπεῖν
1345 595 1405 622 μοι·
1430 587 1550 619 Φαῦστος
1570 585 1614 623 ἦν,
1636 588 1651 613 ὁ
1669 588 1761 623 πατήρ
1784 596 1842 618 σου,
1860 588 1872 613 ὁ

1098 631 1221 658 ’Ᾱππίων
1242 631 1323 667 415
1344 630 1503 666 ὑποφθάσας
1525 632 1606 659 αὐτὸν
1628 630 1721 659 εἶπεν⁸
1739 632 1871 667 ἐμάθομεν

1092 677 1169 712 παρά
1185 686 1267 710 τινος,
1283 678 1324 704 ὅτι
1340 677 1426 713 εὑρὼν
1439 678 1519 705 αὐτὸν
1530 679 1544 704 ὁ
1557 678 1647 713 Σίμων
1666 677 1808 713 ἐξώρμησε
1825 679 1872 714 [ἵνα

1091 724 1138 751 τὸν
1150 723 1253 760 Πέτρον
1262 724 1418 751 καταλιπὼν
1429 724 1503 760 αὐτῷ
1515 725 1726 761 συνοδοιπορήσῃ
1736 724 1872 759 ὑπισχνου-

1091 770 1164 806 μένῳ
1178 770 1391 806 ἀποκαλύπτειν]
1404 770 1439 797 τὰ
1448 770 1545 806 ἀληθῆ,
1559 770 1640 797 αὑτοῦ
1652 770 1774 797 Φαύστου
1788 780 1872 806 παρα-

1090 813 1255 845 καλέσαντος
1280 814 1369 847 αὑτὸν,
1389 815 1429 841 ὅτι
1453 815 1490 850 μὴ
1512 815 1605 850 ήθελεν
1627 816 1692 851 ὁρᾷν
1708 816 1774 847 τοὺς
1795 816 1871 842 αὐτοῦ

1091 860 1166 892 υἱοὺς
1200 860 1343 892 Ἰουδαίους
1368 861 1576 897 γεγενημένους.
1609 861 1704 897 Ἡμεῖς
1732 861 1762 887 δὲ
1791 861 1873 888 ταῦτα

258 911 342 932 causa
358 905 412 933 huc
427 906 561 934 venimus.
587 906 640 935 Sed
664 908 728 942 quia
750 908 795 935 hic
818 916 872 936 non
894 910 1037 944 reperitur,

1090 904 1256 937 ἀκούσαντες
1269 905 1363 935 τούτου
1385 894 1477 932 ἕνεκεν
1491 906 1608 942 ἤλθομεν
1624 906 1768 942 ζητοῦντες
1784 907 1870 933 αὑτὸν.

257 956 352 977 verum
365 950 468 978 dixisse
478 951 596 985 videtur,
612 953 660 988 qui
676 953 779 987 retulit,
793 955 945 988 quae‘vobis
961 955 1039 990 prius

255 995 468 1024 enuntiavimus.
484 996 540 1032 Ego
557 1002 648 1025 autem
674 998 810 1032 Clemens,
832 1005 975 1035 perspecto
987 1000 1039 1028 Pe-

257 1041 292 1068 tri
305 1041 429 1076 consilio,
447 1043 598 1072 seminandi
614 1044 640 1072 in
656 1045 718 1072 illos
733 1045 928 1080 suspicionem,
944 1054 1038 1075 senem

257 1087 328 1122 apud
346 1088 420 1123 ipsos
433 1089 485 1117 sibi
502 1097 563 1117 esse
578 1091 766 1125 quaerendum,
786 1095 816 1118 ut
830 1092 928 1120 timore
945 1093 1039 1128 repleti

255 1132 391 1168 fugerent,
414 1134 448 1161 ad
463 1135 646 1169 adjuvandum
662 1136 722 1171 ejus
745 1137 890 1165 consilium
912 1139 1038 1166 concurri

254 1178 371 1214 Appiani
380 1180 474 1208 dicens
486 1189 493 1207 :
503 1180 584 1216 Audi,
594 1181 700 1216 Appion
712 1183 873 1211 eharissime
885 1193 892 1210 ε
901 1183 968 1216 Nos,
978 1192 1039 1219 quae

256 1224 327 1252 bona
345 1233 405 1254 esse
420 1227 568 1260 credimus,
583 1227 665 1255 etiam
680 1228 751 1263 patri
764 1229 872 1258 tradere
885 1230 1036 1258 studemus.

255 1271 321 1305 Quae
335 1272 358 1299 si
374 1273 499 1308 accipere
511 1274 589 1306 nolit,
604 1274 651 1302 scd
665 1275 757 1310 potius
770 1283 820 1303 nos
836 1284 984 1304 exsecraris
996 1276 1038 1303 fu-

254 1317 303 1351 git,
325 1316 423 1345 durius
438 1317 540 1353 aliquid
554 1318 666 1353 eloquar
692 1327 699 1346 :
717 1319 800 1347 etiam
815 1327 866 1347 nos
886 1320 919 1348 de
935 1327 969 1348 eo
982 1329 1037 1348 non

255 1370 395 1390 curamus.
411 1363 477 1396 Quae
492 1371 554 1391 cum
577 1364 774 1397 enuntiassem,
790 1366 870 1401 quasi
890 1366 1037 1394 crudelita-

255 1412 309 1435 tem
324 1416 413 1436 meam
425 1417 496 1444 zegre
508 1409 627 1438 ferentes
642 1410 768 1438 abierunt
780 1415 807 1438 et
821 1411 941 1440 Simonis
955 1413 1037 1440 vesti-

253 1455 315 1491 gia,
331 1460 361 1484 ut
373 1457 494 1484 crastino
514 1457 558 1485 die
577 1454 761 1493 comperimus
772 1478 780 1491 ,
796 1466 880 1495 quam
894 1460 1037 1488 celerrime

253 1501 428 1537 insequentes
443 1502 564 1531 Judaeum
582 1504 728 1539 petierunt.

290 1590 384 1619 XXIII.
398 1590 501 1620 Interea
516 1600 578 1620 cum
589 1593 682 1621 decem
694 1593 890 1629 praeteriisscnt
907 1595 976 1631 dies,
987 1603 1037 1624 ve~

253 1637 295 1664 nit
305 1638 416 1672 quidam
429 1638 572 1667 Antiochia
584 1648 599 1667 a
613 1645 689 1676 patre
700 1641 803 1670 missus
814 1642 956 1677 nuntians,
966 1650 1038 1678 quo-

253 1683 335 1711 modo
346 1684 435 1719 palam
455 1684 593 1713 Simonem
609 1694 671 1714 cum
694 1687 781 1723 ipsius
803 1688 880 1716 vultu
904 1696 1037 1717 accusans

251 1729 418 1766 Petrumque
437 1731 565 1760 laudibus
584 1733 716 1761 extollens
736 1734 785 1761 toti
801 1734 1036 1763 Antiochenorum

251 1776 354 1804 civitati
369 1777 536 1805 desiderium
551 1777 676 1812 injeoerit
691 1779 769 1806 illum
787 1779 907 1807 videndi.
929 1779 970 1807 Ex
982 1788 1037 1815 quo

249 1829 345 1849 omnes
358 1830 457 1857 cupere
472 1823 552 1856 dixit,
569 1831 632 1852 eum
651 1832 743 1852 secum
757 1825 868 1853 habere.
884 1824 1036 1854 Nonnullos

249 1871 340 1895 autem
353 1868 389 1895 ob
404 1868 517 1896 nimium
532 1877 595 1904 erga
610 1869 720 1897 Petrum
737 1878 856 1898 amorem
883 1871 912 1898 in
930 1875 1035 1906 patrem

249 1913 392 1941 saevientes
417 1913 520 1942 Fausto
545 1919 576 1942 ut
599 1915 703 1943 Simoni
723 1916 791 1944 adeo
811 1924 909 1945 manus
924 1917 1036 1952 injicere

249 1958 328 1985 velle.
357 1958 504 1994 Propterea
529 1968 591 1988 eum
616 1961 768 1995 timentem,
784 1969 819 1989 ne
837 1962 1033 1997 perimeretur,

249 2004 342 2032 statim
354 2005 472 2038 misisse,
488 2006 535 2041 qui
551 2005 660 2034 Petrum
677 2012 795 2043 rogaret,
809 2012 839 2035 ut
852 2008 886 2035 ad
903 2015 966 2036 cum
993 2008 1035 2036 fe-

249 2051 375 2083 stinaret,
397 2051 420 2078 si
437 2052 528 2079 vivum
554 2053 634 2080 vellet
656 2058 683 2080 et
705 2054 916 2082 amoricivitatis
938 2063 1034 2090 supcr—

248 2095 399 2123 abundanti
424 2102 576 2132 opportune
604 2104 756 2133 appareret.
785 2099 890 2132 Quibus
917 2101 1033 2136 cognitis

247 2142 346 2171 Petrus
367 2144 400 2172 ad
415 2144 620 2173 deliberandum
635 2146 662 2173 in
685 2147 816 2174 concione
832 2147 1031 2174 multitudinem

248 2190 347 2225 coegit,
358 2195 395 2223 et,
404 2191 530 2226 episcopo
540 2199 573 2219 ex
582 2192 727 2220 comitibus
739 2193 874 2227 ordinato,
886 2197 1031 2228 postquam

1096 950 1202 986 Ἐπειδὴ
1224 951 1252 977 δὲ
1266 951 1383 978 ἐνταῦθα
1394 952 1444 979 οὐκ
1461 952 1529 985 ἐστι,
1545 952 1668 986 φαίνεται
1688 952 1843 988 ἀληθεύσας
1861 953 1873 978 ὁ

1089 994 1173 1021 εἰπὼν
1190 996 1265 1030 ἡμῖν,
1283 996 1321 1027 ὡς
1335 993 1381 1022 οὖν
1404 996 1468 1032 παρ’
1485 995 1566 1022 αὐτοῦ
1580 996 1746 1028 ἀκούσαντες
1761 998 1872 1032 εἰρήκα-

1091 1049 1140 1077 μεν
1153 1041 1227 1077 ὑμῖν.
1250 1041 1319 1076 Ἐγὼ
1336 1041 1365 1068 δὲ
1385 1041 1509 1077 Κλήμης,
1526 1043 1673 1078 συννοήσας
1688 1043 1736 1078 τὴν
1753 1043 1802 1069 τοῦ
1823 1043 1871 1069 Πὲ-

1087 1096 1153 1123 τρου
1167 1088 1334 1124 προαίρεσιν,
1343 1088 1384 1115 ὅτι
1396 1088 1522 1115 ὑπόνοιαν
1539 1089 1630 1120 αὺτοῖς
1639 1089 1781 1124 ὲνσπεῖραι
1793 1089 1870 1121 θέλει,

1088 1133 1126 1165 ὡς
1144 1133 1190 1160 τὸν
1206 1134 1322 1169 γέροντα
1336 1133 1426 1169 ζητεῖν
1443 1134 1545 1170 μέλλων
1563 1135 1628 1170 παρ’
1648 1135 1751 1168 αὐτοῖς,
1768 1136 1814 1162 ἵνα
1829 1144 1873 1170 φο-

1088 1178 1217 1214 ϐηθέντες
1230 1179 1361 1214 φύγωσιν,
1376 1180 1541 1216 συνέδραμον
1556 1180 1638 1207 αὑτοῦ
1659 1180 1697 1216 τῷ
1712 1180 1872 1216 βουλήματι,

1087 1225 1135 1252 καὶ
1159 1225 1227 1260 πρὸς
1252 1225 1297 1252 τὸν
1316 1225 1468 1258 ’Δππίωνα,
1495 1227 1640 1258 Ἄκουσον,
1656 1226 1740 1261 ἔφην,
1765 1226 1874 1261 φίλτατέ

1089 1280 1134 1307 μοι
1153 1271 1288 1298 Ἀππίων·
1304 1272 1384 1307 ἡμεῖς
1395 1272 1429 1298 τὰ
1442 1271 1602 1308 νομισθέντα
1613 1273 1678 1308 ἡμῖν
1688 1272 1761 1299 καλὰ
1771 1273 1811 1305 ὡς
1826 1282 1874 1299 πα-

1086 1319 1131 1353 τρὶ
1144 1317 1234 1345 δοῦναι
1247 1317 1429 1353 ὲσπεύσαμεν.
1442 1318 1473 1345 Ei
1488 1318 1516 1345 δὲ
1532 1318 1612 1350 αὐτὸς
1623 1319 1672 1352 οὐκ
1685 1318 1823 1354 ἐϐουλήθη
1835 1320 1874 1346 λα-

1087 1363 1155 1396 ϐεῖν,
1177 1363 1245 1390 ἀλλὰ
1267 1364 1421 1392 τούναντίον
1448 1365 1641 1401 βδελυξάμενος
1660 1366 1735 1401 ἡμᾶς
1757 1365 1873 1400 ἔφυγεν,

1086 1408 1253 1445 τραχύτερόν
1268 1417 1294 1435 τι
1315 1409 1384 1445 εριῖν
1407 1410 1467 1436 οὐδὲ
1485 1411 1564 1446 ἡμεῖς
1584 1409 1666 1437 αὐτοῦ
1683 1411 1873 1446 φροντίζομεν.

1093 1454 1176 1489 Ἐμοῦ
1189 1454 1275 1483 ταῦτα
1285 1455 1405 1486 είπόντος
1416 1455 1454 1487 ὡς
1469 1455 1512 1482 ἐπ’
1527 1455 1647 1491 ὠμότητι
1660 1455 1876 1491 δυσχεράναντες

1086 1500 1219 1537 ἀπῄεσαν,
1235 1501 1283 1528 καὶ
1300 1500 1338 1533 ὡς
1359 1501 1496 1536 ἐμάθομεν
1507 1501 1557 1536 τῆς
1570 1501 1652 1537 ἄλλης
1669 1502 1778 1537 ἡμέρας
1790 1502 1813 1518 ³³
1828 1502 1874 1538 [ὡς

1087 1546 1214 1583 τάχιστα]
1219 1548 1279 1574 κατ’
1289 1547 1347 1583 ἴχνη
1357 1547 1476 1583 Σίμωνος
1483 1547 1529 1574 ἐπὶ
1534 1547 1582 1583 τὴν
1595 1547 1722 1574 Ἰουδαίαν
1729 1547 1873 1583 ὥρμησαν.

1124 1591 1513 1629 ΧΧΙΕτΠλὴνὴμερῶν-δέκα
1520 1593 1683 1623 διελθουσῶν
1697 1591 1760 1629 [ἧκέ
1774 1593 1831 1630 τις]
1844 1595 1873 1619 ἐκ

1087 1639 1137 1674 τῆς
1159 1639 1320 1674 Ἀντιοχείας
1341 1639 1415 1675 παρὰ
1435 1638 1482 1666 τοῦ
1498 1640 1601 1675 πατρὸς
1622 1639 1780 1674 ἀγγελῶν³δ
1798 1641 1873 1675 ἡμῖν,

1087 1684 1146 1716 πῶς
1161 1685 1175 1711 ὁ
1190 1685 1280 1721 πατὴρ
1300 1684 1440 1721 δημο[σίᾳ]
1456 1685 1537 1711 αὐτοῦ
1561 1685 1669 1721 μορφῆς
1689 1686 1872 1721 κατηγορῶν,

1087 1730 1188 1766 Πέτρον
1201 1730 1317 1765 εὐλογῶν
1332 1731 1382 1766 τὴν
1395 1731 1484 1757 πᾶσαν
1501 1730 1657 1766 Ἀντιοχέων
1673 1731 1750 1758 πόλιν
1767 1732 1811 1763 εἰς
1825 1732 1875 1758 πὸ·

1087 1775 1132 1803 θον
1145 1776 1301 1812 μετέθηκεν.
1319 1778 1373 1804 Καὶ
1391 1778 1424 1804 ὲκ
1435 1777 1528 1804 τούτου
1542 1777 1646 1808 πάντας
1659 1776 1807 1812 ἐπιθυμεῖν
1828 1778 1876 1804 αὐ-

1085 1821 1130 1848 τὸν
1149 1822 1212 1849 ἰδεῖν
1227 1822 1394 1857 ἀπήγγελλεν
1405 1823 1442 1839 ³⁸”
1458 1823 1545 1854 ένίους
1560 1822 1588 1848 δὲ
1600 1823 1647 1849 καὶ
1658 1822 1877 1857 χαλεπαίνοντας

1085 1867 1159 1903 αὺτῷ
1171 1867 1208 1899 ὡς
1228 1868 1328 1903 Σίμωνι
1347 1867 1391 1894 διὰ
1409 1869 1457 1904 τὴν
1474 1867 1541 1904 πρὸς
1562 1868 1662 1903 Πέτρον
1685 1867 1876 1903 ὑπερϐάλλου-

1086 1921 1136 1940 σαν
1148 1913 1230 1949 416
1251 1913 1366 1949 στοργὴν
1387 1914 1433 1940 καί¹
1454 1916 1546 1950 χεῖρας
1563 1913 1814 1941 θέλεινὲπιδαλεῖν
1837 1914 1876 1948 τῷ

1084 1959 1197 1994 Φαύστῳ
1218 1959 1256 1991 ὡς
1272 1959 1382 1995 Σίμωνι.
1402 1960 1446 1986 Διὸ
1462 1961 1559 1995 μήπως
1576 1959 1705 1995 ἀναιρεθῇ
1719 1959 1874 1991 δεδοικότα,

1084 2005 1197 2041 ἐξαυτῆς
1220 2005 1307 2032 ἐλθεῖν
1329 2005 1473 2041 πέμψαντα
1494 2005 1586 2038 ἀξιοῦν
1602 2005 1647 2031 τὸν
1663 2005 1779 2041 Πέτρον,
1798 2007 1877 2038 ὅπως

1084 2050 1164 2082 αὐτὸν
1181 2051 1268 2083 ζῶντα
1288 2051 1483 2086 ἐπικαταλὰϐῃ,
1501 2051 1547 2077 καὶ
1565 2051 1597 2086 τῇ
1611 2050 1686 2076 πόλει
1706 2049 1877 2085 ἁκμαζούσῃ

1083 2097 1157 2133 πόθῳ
1170 2097 1210 2132 τῷ
1230 2097 1297 2133 πρὸς
1316 2098 1396 2124 αὑτὸν
1418 2097 1551 2133 εὐκαίρως
1571 2097 1698 2132 ἐπιφανῇ.
1719 2097 1828 2132 Πέτρος
1847 2097 1877 2124 δὲ

1082 2143 1169 2170 ταῦτα
1184 2143 1303 2175 ἀκούσας
1314 2144 1382 2178 πρὸς
1401 2142 1432 2169 τὸ
1446 2143 1633 2178 ἐκκλησιάζειν
1647 2142 1793 2174 πλείστους
1811 2152 1879 2170 σὐν⁹

1082 2189 1191 2224 αγαγὼν
1203 2190 1250 2216 καὶ
1263 2189 1410 2216 ἐπίσκοπον
1417 2189 1508 2218 ἐκτῶν
1520 2188 1671 2215 ἀκολούθων
1683 2190 1878 2224 καταστήσας,

248 2240 297 2267 per
306 2237 362 2261 tres
370 2233 428 2261 dies
438 2234 772 2270 Laodiceae,baptizaverat
786 2240 866 2272 atque
874 2243 1028 2272 sanaverat,

1090 2235 1214 2267 lamin;
1227 2235 1273 2262 καὶ
1295 2234 1439 2271 ἰασάμενος
1451 2234 1561 2269 ἡμερῶν
1574 2233 1716 2268 ἐπιμείνας
1733 2233 1824 2270 τριῶν
1842 2235 1877 2268 τῇ

247 2278 282 2306 ad
295 2279 412 2306 vicinam
427 2279 598 2308 Antiochiam
612 2289 722 2317 pergere
735 2283 898 2318 properavit.

1081 2281 1226 2317 Λαοδικείᾳ
1247 2280 1294 2308 ἐπὶ
1310 2280 1358 2316 τὴν
1381 2280 1493 2328 πλησίον
1512 2280 1643 2315 ὁρμήσειν
1655 2278 1678 2295 ³⁸
1704 2279 1879 2314 Ἀντιόχειαν

1081 2326 1220 2353 ἔσπευσεν.

871 2404 988 2432 VARIIE
1007 2404 1209 2437 LECTIONES.

284 2460 306 2476 ³¹
323 2459 401 2501 δείξαν
453 2480 460 2493 ,
470 2461 524 2501 _qui
539 2462 743 2501 dgindeﬂeimbv
758 2465 922 2501 ρηείπόντιζ
952 2465 974 2482 ³³
995 2465 1075 2501 ἡμῶν
1096 2467 1125 2492 0.

1181 2465 1204 2480 “
1220 2464 1341 2500 ἀγγέλων
1354 2465 1384 2501 Ο.
1424 2466 1446 2482 ³⁸
1459 2465 1660 2501 ἁπήγγελλοᾉθ,
1694 2464 1724 2501 _"
1738 2464 1876 2501 Fortasse

250 2495 395 2529 legendum
414 2495 543 2532 ὁρμῆσαι.
560 2496 626 2525 Post
641 2495 773 2536 ἔσπευσεν
789 2500 816 2526 in
829 2500 890 2536 cod.
906 2499 928 2528 Ο
947 2495 1058 2536 puncto
1070 2495 1250 2536 distinguitur
1263 2495 1466 2536 'apponiturque
1609 2499 1671 2532 Quo
1686 2499 1875 2536 intelligitur,

250 2538 446 2571 ainanuensem
466 2539 535 2566 opus
548 2541 627 2571 suum
652 2534 792 2568 putavisse
803 2535 913 2563 omnino
928 2534 1094 2568 absolutum,
1110 2534 1235 2571 quamvis
1248 2534 1327 2564 vetus
1342 2534 1432 2564 Ruﬁni
1447 2534 1774 2571 versio’Recognitionum
1784 2543 1874 2564 enar-

246 2565 332 2594 raudo
347 2565 461 2594 ulterius
472 2565 669 2603 progrediatur.
