1917 3100
252 179 298 207 471

651 179 679 209 S.
699 179 894 209 CLEMENTIS
916 180 926 208 I
946 181 1029 209 ROM.
1051 180 1151 209 PONT.
1172 181 1286 210 OPERA
1305 174 1421 211 DUBIA:
1831 182 1873 210 472

251 235 346 264 animo
363 235 545 271 pcrcepissem
561 236 767 272 cogitationem,
783 244 844 272 quae
859 237 953 265 nescio
967 237 1039 265 unde

1092 237 1148 266 οῖδα
1158 239 1240 266 πόθεν
1249 239 1439 267 ἐπεισελθόντα
1453 248 1508 276 μοι,
1517 239 1565 267 καὶ
1577 248 1609 266 πε
1613 239 1640 276 pl
1650 239 1766 266 θανάτου
1778 240 1874 272 πυκνὰς

253 280 282 309 in
305 289 350 310 me
363 282 526 318 irrepserat,
540 282 705 317 crebrasque
722 282 788 310 mihi
804 283 837 310 de
856 287 944 310 morte
962 290 1041 311 com-

252 327 434 355 mentationes
446 327 578 362 pariebat,
590 335 652 355 cum
667 327 807 356 laboribus
818 330 845 356 et
858 328 1041 357 anxietatibus

252 373 389 401 vivebam.
411 372 579 409 Reputabam
607 371 680 402 enim
712 383 798 409 num,
827 383 889 403 cum
906 380 1041 404 mortuus

254 419 344 453 fuero,
362 427 416 448 non
435 428 493 453 ero,
517 420 664 456 nullusque
687 421 740 449 erit
766 429 887 456 unquam
912 422 960 457 qui
986 422 1042 449 mei

253 465 419 492 mentionem
435 465 528 498 faciat,
546 471 669 501 tempore
694 466 824 494 nimirum
853 471 951 495 cuncta
970 467 1041 494 obli-

252 511 328 539 vioni
342 511 486 539 tradente?
499 511 570 540 Cum
582 518 672 540 autem
685 518 741 540 non
756 512 846 546 fuero,
858 520 891 540 an
904 513 1039 548 quodam-

253 557 337 584 modo
350 556 458 585 futurus
474 565 548 592 sum,
562 565 610 586 eos
626 559 672 594 qui
693 567 748 586 non
770 564 835 587 sunt
849 566 1037 594 cognoscens;

253 612 305 633 nec
319 612 501 640 cognoscens,
517 612 568 633 nec
584 604 728 640 cognitus;
745 605 848 640 quique
859 613 912 632 non
928 604 1036 638 fuerim,

252 658 308 678 non
331 650 403 678 sim?
426 650 459 678 Et
480 650 664 686 aliquandone
682 650 770 678 factus
797 651 833 678 sit
847 651 983 684 mundus;
1011 656 1039 679 et

253 701 316 725 ante
333 705 415 732 quam
438 697 524 730 ﬁeret,
546 697 678 732 quidnam
702 698 780 725 erat?
802 695 870 724 Nam
890 697 913 724 si
930 704 1039 732 semper

1092 285 1253 320 ποιούμενον
1274 285 1451 322 ὑπομνήσεις,
1467 286 1559 317 πόνοις
1579 285 1610 312 τὸ
1633 285 1727 312 λοιπὸν
1745 286 1793 312 καὶ
1817 286 1874 313 ἀθυ-

1094 330 1170 366 μίαις
1185 330 1313 368 συνέζων.
1325 329 1398 367 Ἀρα
1411 331 1476 368 γὰρ,
1498 330 1670 368 ἐλογιζόμην,
1682 332 1725 358 ὁτι
1734 331 1824 358 θανὼν
1835 331 1874 359 οὐκ

1092 376 1164 410 stiti;
1180 377 1227 403 καὶ
1237 375 1325 408 οὐδεὶς
1341 376 1417 403 ἔσται
1432 385 1482 412 μου
1495 377 1560 404 ποτὲ
1583 378 1692 413 μνήμην
1711 377 1875 413 ποιούμενος,

1090 421 1138 448 τοῦ
1157 421 1253 458 χρόνου
1269 422 1358 449 πάντα
1371 424 1404 458 τῇ
1422 422 1491 459 λήθῃ
1509 422 1715 459 παραδιδόντοςς
1728 421 1784 459 ἆρα
1803 423 1832 450 δὲ
1847 425 1875 459 μὴ

1090 466 1139 500 ὢν,
1155 467 1214 500 πῶς
1225 467 1430 504 ἐσομαι¹·⁶τοὺς
1443 469 1492 496 οὐκ
1506 469 1586 501 ὄντας
1593 468 1718 501 εἰδὼς,οὒ
1729 469 1875 504 γινώσκων,

1088 513 1118 540 οὺ
1129 514 1340 550 γινωσκόμενος,
1352 515 1383 541 οὐ
1392 514 1521 550 γεγονὼς,
1536 515 1566 542 οὒ
1577 515 1719 550 γινόμενος
1732 524 1740 549 ;
1753 515 1810 542 Καὶ
1830 513 1878 550 ἆρά

1087 568 1152 586 ποτε
1163 560 1173 576 ⁷
1185 559 1296 594 γέγονεν
1310 561 1324 587 ὁ
1337 560 1447 596 κόσμος,
1464 561 1511 588 καὶ
1523 561 1576 598 πρὸ
1586 561 1633 588 τοῦ
1646 561 1774 596 γενέσθαι
1789 562 1818 588 τί
1831 562 1878 596 ἄρα

1087 605 1135 632 καὶ
1152 602 1186 640 ἦν
1199 614 1206 638 ;
1221 606 1253 632 Ei
1270 605 1325 642 γὰρ
1335 603 1369 642 ἦν
1387 606 1440 638 ἀεὶ,
1454 606 1502 633 καὶ
1520 606 1608 633 ἐσται·
1619 608 1644 633 εί
1663 607 1693 633 δὲ
1704 607 1803 641 γέγονε
1814 626 1823 638 ,
1840 608 1878 633 καὶ

1087 650 1234 686 λυθήσεται
1242 652 1363 684 πάντωςθ
1372 653 1418 679 καὶ
1430 653 1500 688 μετὰ
1510 652 1586 681 λύσιν
1597 651 1651 688 ἄρα
1657 653 1684 680 τί
1695 653 1773 680 ἔσται
1784 653 1877 684 πάλιν;

1086 695 1101 723 ὃ
1112 697 1159 724 νῦν
1173 697 1302 725 ἀδύνατόν
1316 707 1362 734 μοι
1372 698 1476 734 νοῆσαι.

252 743 322 776 fuit,
346 752 454 780 semper
479 745 561 772 etiam
596 744 648 772 erit
666 753 673 772 :
696 743 738 772 sin
760 751 825 773 vero
840 749 932 772 ortum
954 743 1057 776 habet,
1077 744 1191 772 omnino
1220 745 1302 773 etiam
1325 745 1508 774 dissolvetur:
1530 750 1558 774 et
1581 746 1651 782 {post
1673 745 1878 774 dissolutionem

252 791 384 828 quidnam
399 791 452 820 erit
469 791 587 820 iterum?
607 792 680 828 quod
704 788 777 820 nunc
802 788 972 827 impossibile
985 791 1052 818 mihi
1072 794 1115 818 est
1128 796 1220 820 mente
1234 793 1388 829 concipere.

287 848 320 877 ll.
337 848 400 877 Htec
422 853 504 884 atque
527 848 571 877 his
593 849 705 883 similia,
721 849 813 877 nescio
833 849 916 881 unde,
932 848 1038 876 indesi-

1125 848 1157 876 ΙΙ.
1176 849 1268 877 Ταῦτά
1278 858 1308 877 τε
1321 851 1368 878 καὶ
1386 851 1421 878 τὰ
1432 851 1537 883 τούτοις
1549 851 1640 887 ὅμοια,
1657 851 1707 878 οὐκ
1718 848 1778 878 οἶδα
1791 850 1880 882 πόθεν,

251 900 349 924 nenter
369 894 461 923 animo
476 895 619 928 volutans,
641 899 772 930 perpetuo
794 902 901 930 semper
920 901 1039 922 maerore

251 939 403 973 afﬁciebat,
419 940 446 967 in
464 944 571 967 tantum
587 945 616 967 ut
639 939 768 975 pallerem
793 947 827 967 ac
843 939 1013 967 tabescerent
1031 948 1038 967 :

251 991 277 1014 et
289 986 362 1022 quod
375 986 570 1022 gravissimum
582 991 651 1018 erat,
667 986 691 1014 si
707 986 820 1022 quando
835 986 934 1013 harum
945 993 1039 1013 rerum

251 1032 465 1060 sollicitudinem
483 1031 603 1067 abjicere
619 1036 749 1067 tanquam
766 1039 866 1058 vanam
878 1032 1038 1067 cogitarem,

250 1079 442 1108 vehementius
456 1078 544 1106 multo
565 1086 609 1106 me
623 1079 764 1114 premebat
786 1067 899 1106 affectas
912 1088 919 1105 :
934 1078 962 1106 et
979 1086 1039 1106 eam

250 1133 309 1154 rem
327 1125 441 1153 moleste
461 1124 582 1152 ferebam
594 1144 601 1157 ,
621 1124 748 1152 nesciens
764 1124 838 1159 quod
857 1124 1040 1152 contuberna-

250 1172 304 1200 lem
316 1171 444 1199 haberem
459 1170 618 1205 praaclaram
632 1170 838 1205 cogitationem,
848 1178 909 1206 quae
924 1169 1040 1197 immor-

251 1220 366 1248 talitatis
381 1218 450 1246 mihi
475 1225 558 1246 causa
583 1217 708 1251 exstitit,
730 1221 762 1245 ut
784 1222 879 1252 porstea
897 1225 931 1244 ex
947 1223 1039 1245 rerum

249 1266 324 1295 exitu
339 1265 461 1301 agnovi,
481 1269 509 1292 et
529 1263 587 1292 Deo
602 1269 765 1292 cunctorum
790 1263 913 1290 eﬂ'ectori
938 1263 1040 1298 gratias

250 1313 305 1350 egi.
321 1312 391 1341 Cum
403 1312 478 1340 enim
498 1312 532 1340 ab
554 1311 633 1340 initio
648 1319 693 1339 me
711 1311 757 1338 illa
769 1310 899 1346 cogitatio
911 1314 1039 1344 vexaret,

249 1358 286 1387 ad
309 1365 402 1386 rerum
426 1356 634 1393 inquisitionem
657 1355 751 1385 venire
776 1361 889 1384 coactus
912 1363 995 1383 sum:
1013 1360 1041 1383 et

249 1413 321 1441 quos
333 1404 469 1440 principio
480 1411 528 1439 per
541 1403 725 1439 ignorantiam
741 1402 835 1430 beatos
846 1401 1039 1437 pradicabant,

249 1455 346 1488 postea
362 1450 447 1478 veluti
459 1449 575 1478 miseros
591 1457 645 1477 non
659 1449 764 1477 cessavi
777 1448 880 1483 lugere.

287 1496 332 1527 lli.
351 1496 436 1532 Igitur
457 1504 520 1524 cum
545 1503 560 1524 a
582 1503 668 1531 puero
683 1495 711 1522 in
737 1494 895 1530 hujusmodi
915 1501 1040 1522 versarer

250 1525 536 1574 considerationihus,
551 1525 592 1568 ad.
613 1525 836 1576 philosophorum
859 1538 1039 1566 adventabant
1053 1525 1074 1553 (ἶ

250 1589 371 1622 scholas,
385 1592 416 1616 ut
434 1587 497 1615 inde
515 1586 618 1621 aliquid
629 1586 695 1614 certi
709 1585 863 1613 discerem:
881 1585 928 1613 sed
946 1589 974 1612 et
989 1585 1039 1619 sic,

250 1634 321 1664 nihil
334 1634 408 1663 aliud
424 1634 458 1662 ab
474 1633 514 1662 eis
528 1632 651 1661 studiose
667 1632 721 1660 coli
738 1631 875 1665 videbam,
891 1639 974 1667 quam
988 1631 1040 1659 do-

250 1685 374 1717 gmatum
390 1679 590 1708 destructiones
605 1684 632 1707 et
653 1678 854 1708 adstructiones
865 1697 873 1710 ,
888 1677 1041 1705 contentio-

249 1733 372 1762 nesque,
387 1731 414 1753 et
428 1725 651 1762 syllogismorum
673 1723 789 1753 artiﬁcia
801 1744 808 1757 ,
828 1723 949 1758 itemque
964 1730 1041 1750 sum-

250 1773 375 1809 ptionum
389 1771 606 1807 excogitationes
621 1779 628 1798 :
642 1774 669 1798 et
682 1769 829 1805 aliquando
848 1769 958 1804 quidem
973 1776 1042 1804 prat-

248 1820 367 1852 valebat,
384 1818 460 1847 verbi
473 1819 559 1854 gratia
570 1838 578 1852 ,
596 1817 670 1855 quod
687 1816 780 1844 anima
799 1815 962 1855 immortalis
984 1815 1040 1849 sit;

249 1865 401 1902 aliquando
415 1872 492 1898 vero,
508 1856 582 1900 quod
596 1863 729 1892 mortalis.
750 1861 783 1890 Et
797 1862 908 1898 quidem
927 1861 1041 1897 quando

248 1920 282 1942 ea
294 1912 399 1948 opinio,
411 1919 473 1947 quae.
487 1911 610 1939 animum
624 1909 689 1939 facit
703 1908 897 1942 immortalem,
915 1907 1041 1944 superior

249 1964 319 1992 erat,
335 1959 489 1994 gaudebam
503 1966 511 1985 :
527 1956 638 1993 quando
652 1961 744 1984 autem
764 1963 807 1989 ea,
819 1963 881 1990 quae
895 1955 1040 1982 mortalem

249 2011 352 2036 censet,
361 2010 478 2033 maerore
484 2002 619 2031 aﬂiciebar
628 2010 634 2031 :
646 2007 812 2035 rursumque
821 1999 908 2035 magis
916 1999 1040 2027 animum

249 2049 452 2084 despondebam
463 2068 471 2081 ,
488 2048 561 2084 quod
575 2054 626 2075 nec
643 2046 788 2082 utriusque
806 2046 891 2081 partis
903 2045 1040 2081 quispiam

249 2099 368 2123 mentem
384 2097 473 2121 meam
488 2097 594 2128 poterat
609 2092 793 2120 confirmare:
813 2096 921 2120 tantum
937 2091 1040 2119 intelli-

250 2140 346 2176 gebam
356 2139 506 2168 sententias
529 2137 790 2169 controversiarum,
800 2144 849 2172 pro
861 2137 967 2166 viribus
978 2144 1042 2173 pro-

249 2190 434 2223 pugnatorum
450 2204 458 2217 ,
476 2183 519 2213 vel
544 2183 646 2217 falsas,
659 2182 702 2210 vel
722 2188 802 2210 veras
821 2181 940 2217 judicari
952 2202 961 2216 ,
984 2190 1040 2210 non

251 2238 316 2258 vero
331 2235 413 2266 prout
428 2230 493 2265 ipsae
517 2236 547 2257 se
572 2229 672 2257 habent
687 2229 714 2255 in
729 2228 827 2263 seipsis
841 2235 947 2261 revera,
961 2236 1038 2257 com-

250 2276 407 2314 prehendi:
432 2279 542 2311 propter
571 2274 645 2310 quod
671 2273 733 2309 plus
759 2273 850 2301 adhuc
875 2274 903 2301 in
928 2280 1039 2310 negotio

249 2323 401 2351 aastuabam
416 2322 604 2353 dubitatione,
625 2328 656 2349 ac
670 2329 704 2348 ex
726 2321 824 2353 animae
842 2320 979 2357 profundo
994 2329 1040 2357 ge-

1089 895 1237 929 ὰπαύστως
1253 897 1495 933 διενθυμούμενος,
1517 898 1656 925 ἄπαυστον
1675 895 1749 933 εἶχον
1776 897 1822 924 ἀεὶ
1838 897 1880 932 τὴν

1089 940 1193 978 λύπην,
1206 942 1254 969 καὶ
1279 942 1406 970 τοσοῦτον
1417 963 1424 976 ,
1437 942 1476 975 ὼς
1504 942 1662 979 ὠχριακότα
1684 951 1719 978 με
1734 942 1879 978 τήκεσθαι·

1090 988 1137 1016 καὶ
1154 989 1185 1015 τὸ
1205 988 1372 1021 δεινότατον,
1388 988 1480 1016 εῐποτε
1501 990 1549 1016 καὶ
1573 988 1738 1016 ἀπώσασθαι
1750 988 1802 1024 τὴν
1824 989 1882 1024 περὶ

1089 1034 1193 1062 τούτων
1207 1035 1350 1071 φροντίδα,
1365 1035 1404 1066 ὼς
1421 1035 1552 1071 ματαίαν,
1566 1035 1748 1070 ἐλογισάμην,
1769 1034 1881 1070 ἀκμαιό-

1089 1080 1167 1116 τερόν
1181 1088 1226 1116 μοι
1242 1078 1340 1116 μᾶλλον
1356 1080 1386 1108 τὺ
1398 1080 1483 1113 πάθος
1494 1081 1608 1115 ἐγίνετο·
1627 1081 1675 1108 καὶ
1696 1080 1823 1116 ἠχθόμην
1839 1080 1880 1106 ἐπὶ

1089 1126 1187 1163 τούτῳ,
1205 1127 1255 1154 οὑκ
1272 1127 1349 1159 εἰδὼς
1359 1127 1482 1154 σύνοικον
1499 1127 1585 1163 καλὴν
1600 1127 1669 1162 ἔχων
1684 1126 1803 1158 ἔννοιαν,
1820 1125 1880 1153 ἀθα-

1089 1173 1186 1205 νασίας
1197 1173 1287 1200 αἰτίαν
1305 1181 1350 1208 μοι
1362 1173 1527 1208 γενομένην,
1546 1173 1585 1204 ὡς
1598 1172 1712 1209 ὕστερον
1726 1172 1815 1206 ἔγνων
1835 1171 1882 1198 ἀπὺ

1089 1220 1136 1247 τοῦ
1148 1220 1251 1252 τέλους,
1267 1220 1314 1247 καὶ
1324 1219 1384 1256 Θεῷ
1398 1219 1437 1255 τῷ
1447 1219 1556 1246 πάντων
1570 1218 1764 1255 ηὐχαρίστησα
1776 1219 1880 1253 ποιητῇ.

1096 1266 1165 1293 Ὑπὸ
1177 1266 1232 1302 γὰρ
1242 1265 1292 1301 τῆς
1306 1265 1447 1301 καταρχὰς
1460 1274 1493 1301 με
1507 1264 1655 1300 πιεζούσης
1669 1263 1788 1297 ἑννοίας,
1802 1264 1882 1299 ἡναγ-

1090 1311 1196 1347 κάσθην
1210 1311 1250 1342 είς
1269 1310 1318 1346 τὴν
1335 1310 1390 1337 τῶν
1404 1310 1575 1346 πραγμάτων
1595 1309 1684 1336 ἐλθεῖν
1695 1308 1825 1345 ζήτησινο
1841 1310 1883 1334 καὶ

1089 1357 1137 1390 οὒς
1159 1357 1209 1393 τὴν
1230 1357 1318 1393 ἀρχὴν
1337 1356 1371 1383 δι’
1385 1356 1496 1392 ἄγνοιαν
1516 1355 1679 1392 μακαρίζειν
1703 1355 1882 1384 ἐκινδύνευον,

1090 1401 1205 1438 ὕστερον
1223 1401 1378 1434 ταλανίζειν
1391 1401 1442 1429 οὐκ
1459 1401 1634 1437 ἐπαυσάμην.

1125 1490 1169 1519 Ill.
1196 1491 1244 1519 Ἐκ
1258 1491 1354 1524 παιδὸς
1364 1489 1410 1519 οὗν
1431 1491 1460 1518 ὲν
1473 1491 1605 1523 τοιούτοις
1623 1490 1661 1518 ὣν
1676 1490 1836 1526 λογισμοῖς,
1849 1490 1883 1520 εἰς

1091 1536 1141 1569 τὰς
1159 1536 1215 1564 τῶν
1231 1537 1383 1572 φιλοσόφων
1404 1537 1519 1572 ἐφοίτων
1535 1536 1691 1573 διατριϐὰς,
1704 1536 1777 1563 ὥστε
1802 1544 1828 1563 τι
1844 1536 1883 1571 βέ-

1092 1582 1168 1610 ϐαιον
1179 1582 1284 1610 ἐκεῖθεν
1302 1582 1407 1619 μαθεῖν.
1426 1582 1506 1610 Ἀλλὰ
1524 1583 1571 1610 καὶ
1592 1582 1678 1614 οὓτως
1698 1582 1777 1609 οὐδὲν
1796 1582 1884 1617 ἕτερον

1092 1628 1158 1665 παρ’
1174 1628 1266 1662 αὐτοῖς
1285 1629 1316 1656 τὸ
1335 1629 1551 1665 σπουδαζόμενον
1562 1629 1573 1646 ⁸
1586 1628 1694 1665 ἑώρων,
1712 1629 1729 1664 ἦ
1744 1629 1885 1664 δογμάτων

1091 1674 1246 1707 ἁνασκευὰς
1260 1675 1308 1702 καὶ
1325 1675 1508 1707 κατασκευὰς,
1525 1675 1617 1711 ἐριδάς
1628 1675 1638 1690 '
1653 1682 1683 1701 τε
1699 1675 1749 1701 καὶ
1764 1674 1886 1708 συλλογι-

1092 1721 1169 1757 σμῶν
1191 1721 1300 1757 τέχνας,
1320 1722 1369 1749 καὶ
1389 1721 1422 1758 δὴ
1442 1721 1490 1748 καὶ
1506 1721 1658 1757 λημμάτων
1681 1720 1820 1752 ἐπινοίας·
1843 1719 1886 1746 καί

1091 1776 1158 1795 ποτε
1173 1768 1221 1804 μὲν
1234 1766 1393 1804 ἐπεκράτει,
1410 1768 1477 1804 φέρε
1489 1767 1588 1802 λέγειν,
1602 1766 1795 1798 ὃτι”ὰθάνατος
1805 1767 1823 1802 ἡ
1837 1767 1887 1801 ψυ-

1091 1813 1137 1850 χή·
1151 1814 1217 1841 ποτὲ
1233 1814 1271 1847 δὲ,
1286 1814 1328 1841 ὅτι
1338 1814 1432 1850 θνητή.
1445 1815 1500 1841 Καὶ
1515 1813 1556 1840 ὅτι
1578 1813 1626 1849 μὲν
1639 1812 1718 1847 λόγος
1729 1812 1888 1848 ἐπικρατῶν

1091 1858 1136 1896 ἦν,
1152 1860 1194 1887 ὅτι
1209 1860 1343 1892 ἀθάνατος
1356 1861 1372 1896 ή
1388 1860 1476 1896 ψυχὴ,
1493 1859 1616 1895 ἔχαιρον·
1634 1859 1679 1886 ὅτε
1694 1858 1722 1886 δὲ
1735 1859 1778 1885 ὅτι
1795 1857 1887 1893 θνητὴ.

1091 1905 1231 1942 ἠνιώμην·
1250 1905 1331 1932 πλέον
1345 1905 1373 1932 δὲ
1394 1905 1474 1932 πάλιν
1489 1904 1622 1940 ἠθύμουν,
1643 1903 1685 1930 ὅτι
1709 1903 1764 1930 οὐδ’
1794 1902 1888 1930 ὁποτέ-

1094 1961 1148 1988 ρων
1161 1952 1183 1968 ¹⁰
1206 1960 1249 1983 τις
1262 1951 1309 1979 τὸν
1331 1951 1396 1986 ἐμὸν
1422 1950 1570 1987 βεϐαιῶσαι
1585 1950 1647 1977 νοῦν
1670 1949 1800 1985 ἠδύνατο.
1818 1949 1887 1983 Πλὴν

1092 1997 1214 2026 ἐνενόουν
1228 1999 1270 2025 ὅτι
1281 1998 1308 2026 αῑ
1321 1997 1396 2032 δόξαι
1408 1997 1461 2024 τῶν
1474 1997 1638 2028 ὑποθέσεων,
1650 1995 1726 2031 παρὰ
1736 1996 1803 2027 τοὺς
1817 1995 1888 2022 sxa:-

1092 2045 1217 2078 κοῦντας,
1232 2045 1249 2080 ἥ
1261 2044 1377 2081 ψευδεῖς,
1393 2044 1413 2082 ἢ
1424 2043 1534 2080 ἀληθεῖς
1548 2042 1756 2078 ἀποφαίνονται,
1779 2042 1830 2068 καὶ
1843 2042 1889 2075 οὐχ

1092 2091 1131 2123 ὡς
1144 2090 1250 2127 ἔχουσιν
1260 2091 1339 2117 αὑταὶ
1349 2090 1391 2125 ἐφ’
1405 2089 1511 2117 ἑαυτῶν
1523 2088 1650 2125 ἀληθείας
1663 2088 1890 2123 καταλαμϐάνον-

1091 2145 1147 2164 ται·
1161 2136 1225 2173 παρ“
1239 2133 1261 2171 ᾦ
1272 2136 1292 2153 η
1309 2136 1356 2163 καὶ
1367 2135 1408 2162 ἔτι
1423 2135 1521 2171 μᾶλλον
1533 2134 1562 2161 ὲν
1576 2135 1631 2166 τοῖς
1643 2134 1807 2170 πράγμασιν
1824 2134 1891 2166 ἰλιγ-

1092 2182 1171 2218 γιῶν,
1188 2183 1236 2209 καὶ
1250 2181 1304 2209 ἀπὸ
1316 2181 1362 2208 τοῦ
1378 2181 1429 2216 τῆς
1443 2181 1533 2216 ψυχῆς
1544 2180 1643 2216 βάθους
1660 2179 1819 2212 ἐστέναζον·
1832 2179 1891 2205 οὔτε

1055 2213 1078 2241 D
1093 2213 1147 2265 γὰρ
1157 2213 1212 2260 οἷός
1222 2237 1252 2254 τε
1265 2225 1299 2264 ἦν
1311 2213 1551 2262 ἀποϐαλέσθαι
1564 2226 1628 2261 περὶ
1637 2225 1739 2252 τούτων
1749 2225 1892 2260 φροντίδα,

1093 2275 1215 2309 καίτοιγε
1236 2273 1338 2309 σφόδρα
1362 2272 1534 2308 βουλόμενος,
1548 2271 1587 2302 ὡς
1609 2270 1660 2306 ἠδη
1680 2270 1791 2304 φθάσας
1807 2270 1892 2305 mir

1095 2329 1159 2358 ρισα
1169 2341 1176 2353 ,
1190 2320 1251 2347 οὒτε
1270 2319 1377 2356 βέϐαιόν
1389 2327 1416 2345 τι
1428 2317 1592 2345 καταλαϐεῖν
1605 2316 1756 2352 ἠδυνάμην.

249 2372 359 2400 mebam
376 2379 383 2398 :
400 2377 488 2405 neque
499 2369 573 2397 enim
592 2369 626 2396 de
641 2369 799 2405 hujusmodi
817 2377 912 2398 curam
927 2370 1041 2406 rejicere
1059 2375 1195 2407 poteram,
1222 2370 1286 2398 licet
1313 2365 1392 2396 valde
1406 2374 1532 2402 cuperem
1544 2387 1551 2400 ,
1582 2370 1613 2393 ut
1631 2365 1688 2400 jam
1711 2371 1798 2400 supra
1821 2365 1893 2392 indi-

249 2419 330 2453 cavi;
352 2425 441 2454 neque
455 2417 565 2446 ﬁrmum
580 2418 647 2453 quid
661 2418 787 2446 valebam
805 2419 934 2447 retinere.

281 2467 327 2495 IV.
347 2466 448 2495 lterum
464 2473 529 2502 ergo
544 2466 679 2501 angustiis
701 2465 881 2494 haesitationis
905 2474 1018 2501 pressus
1030 2485 1038 2498 ,

249 2513 374 2542 dicebam
390 2511 461 2548 apud
474 2519 536 2539 me:
553 2511 623 2544 Quid
637 2511 757 2540 inaniter
773 2511 880 2545 laboro,
901 2519 964 2539 eum
980 2519 1039 2539 ma-

249 2559 350 2588 nifesta
363 2558 400 2587 sit
413 2556 575 2592 res?Quod,
598 2556 621 2585 si
642 2557 751 2592 quidem
771 2562 834 2592 post
853 2561 970 2584 mortem
984 2564 1040 2584 non

249 2612 317 2637 ero;
335 2611 420 2637 nunc,
436 2603 546 2641 quando
570 2610 644 2636 sum,
661 2602 818 2631 contristari
833 2610 889 2629 non
913 2607 1038 2637 oportet:

248 2650 380 2684 quocirca
392 2649 533 2677 tristitiam
545 2650 580 2676 ad
596 2647 663 2677 illud
679 2654 786 2683 tempus
800 2648 958 2681 reservabo,
973 2655 1040 2683 quo,

250 2705 313 2724 cum
326 2695 437 2724 futurus
450 2703 506 2723 non
524 2695 576 2723 sim
589 2715 596 2728 ,
617 2702 673 2722 non
689 2694 893 2722 contristabor:
909 2693 933 2721 si
947 2698 1038 2721 autent

249 2743 321 2771 forte
339 2750 397 2775 ero,
411 2749 461 2770 cur
480 2741 547 2769 mihi
569 2749 641 2769 nttnc
661 2741 797 2776 superﬂue
818 2741 890 2768 inest
905 2740 1038 2783 tristitia?

1127 2460 1172 2488 IV.
1193 2458 1277 2486 Πάλιν
1301 2459 1367 2494 γοῦν
1391 2457 1577 2493 ἀπορούμενος
1598 2456 1690 2490 ἔλεγον
1710 2456 1844 2492 ἐμαυτῷ·
1862 2455 1892 2482 ΤΞ

1094 2505 1283 2545 ματαιοπονῶ,
1308 2505 1411 2540 σαφοῦς
1425 2504 1502 2535 ὄντος
1516 2503 1565 2530 τοῦ
1586 2503 1749 2539 πράγματος
1764 2511 1772 2534 ;
1792 2504 1858 2529 Ὀτι
1873 2504 1894 2528 εἰ

1093 2554 1143 2591 μὲν
1161 2552 1249 2580 θανὼν
1267 2552 1317 2578 οὐκ
1332 2552 1399 2586 εἰμὶ,
1412 2550 1459 2577 νῦν
1474 2550 1538 2576 ὄντα
1558 2558 1591 2585 με
1604 2548 1794 2575 λυπεῖσθαιού
1806 2557 1894 2583 προσ-

1092 2600 1165 2636 ήκει.
1177 2598 1222 2625 Διὺ
1234 2598 1346 2635 τηρήσω
1360 2596 1390 2623 τὺ
1402 2595 1545 2624 λυπεῖσθαι
1555 2594 1716 2631 τηνικαῦτα,
1728 2594 1773 2620 ὅτε
1788 2594 1843 2620 οὐκ
1857 2594 1894 2620 ὢν

1092 2647 1123 2673 οὐ
1138 2643 1341 2680 λυπηθήσομαι·
1358 2643 1383 2669 εί
1395 2642 1423 2669 δὲ
1435 2641 1489 2677 ἄρα
1500 2641 1568 2677 εἰμὶ,
1583 2641 1610 2667 τί
1623 2639 1671 2667 νῦν
1690 2649 1736 2676 μοι
1750 2640 1784 2667 ὲκ
1795 2648 1893 2675 περισ-

1094 2691 1142 2719 σοῦ
1161 2691 1292 2727 πρόσεστι
1305 2689 1336 2716 τὸ
1355 2688 1498 2715 λυπεῖσθαι
1511 2697 1518 2720 ;
1530 2687 1585 2714 Καὶ
1599 2686 1701 2718 εὐθέως
1720 2686 1792 2722 μετὰ
1810 2686 1893 2713 τοῦτο

1091 2739 1186 2774 ἕτερος
1199 2737 1322 2772 ἑπεισῄει
1339 2743 1384 2772 μοι
1395 2735 1534 2771 λογισμός.
1552 2733 1665 2768 Ἔλεγον
1680 2733 1747 2770 γάρ,
1762 2734 1799 2770 μή
1816 2734 1847 2760 τί
1862 2741 1892 2767 γε

886 2810 1004 2838 VARUE
1024 2808 1226 2838 LECTIONES.

265 2870 298 2887 “'
311 2872 390 2909 Deest
401 2873 429 2900 in
443 2879 498 2900 uno
514 2880 556 2900 ms
604 2873 613 2890 ⁷
632 2871 666 2900 al.
685 2871 740 2908 ἄρα
757 2879 832 2899 ποτε.
872 2871 883 2887 ³
902 2871 937 2900 al.
955 2870 1008 2900 τῶν
1026 2870 1261 2909 σπουδαζομένων.
1302 2869 1312 2886 ⁹
1330 2870 1364 2898 al.
1383 2867 1466 2907 ἕρεις.
1507 2866 1528 2883 ¹⁰
1550 2865 1587 2896 al.
1603 2863 1756 2901 ὁπθτέρεις.

254 2907 357 2946 mp‘é.

1810 2863 1833 2882 ’³
1854 2863 1889 2891 al.
