1917 3100
71 181 115 209 I75
421 179 650 209 CLEMENTINA.
669 196 705 201 —
722 179 871 208 ΕΡῙΤΟΜΕ

70 241 114 275 ιρα
127 239 170 267 τοῦ
180 239 227 267 νῦν
246 249 281 276 με
297 240 445 273 λυποῦντος
455 242 563 278 χείρονα
578 243 636 269 ἐκεῖ
651 241 790 277 πείσομαι,
806 240 843 276 μὴ
858 243 879 271 Α

70 286 192 323 356mb;
209 286 341 319 εὺπὸῶς,
363 289 410 315 καὶ
435 287 658 324 παραδοθήσομαι
677 288 737 315 κατ’
762 287 839 314 ἐνίων

69 332 205 366 φιλοσόφων
219 332 326 366 λόγους,
341 333 569 368 Πυριφλεγέθοντι
584 334 631 360 καὶ
645 334 789 370 Ταρτάρῳ,
803 333 841 365 ὡς

69 378 178 411 Σίσυφος,
191 377 207 413 ἢ
224 377 332 409 Τιτυὸς,
345 378 362 414 ἢ
379 378 473 411 Ἰξίων,
488 379 504 414 ἢ
523 378 669 410 Τάνταλος,
683 379 730 405 καὶ
745 378 840 413 ἔσομαι

67 423 91 449 ἐν
109 423 166 458 ᾁδου
189 423 235 450 τὺν
255 424 343 451 αἰῶνα
360 424 556 460 κολαζόμενοςς
574 425 659 452 Πάλιν
677 425 706 451 δέ
723 424 840 451 ἀνθυπέ-

67 477 135 505 φερον
149 469 243 505 λέγων,
255 470 295 502 ὡς
308 470 403 506 ἀδήλου
424 471 498 502 Ιὂντος
512 471 559 498 τοῦ
575 472 747 507 πράγματος,
761 471 839 498 ἀκιν-

65 516 187 552 δυνάτερόν
199 517 258 543 ἐστι
281 517 380 552 μᾶλλον
400 517 519 549 εὐσεϐῶς
540 517 635 552 βιῶναι
649 526 693 553 με,
715 518 761 544 καὶ
785 517 840 544 τῶν

65 563 104 590 τοῦ
120 562 238 598 σώματος
250 565 363 599 κρατεῖν
376 563 485 599 ἡδονῶν,
502 565 525 590 εί
539 564 586 591 καὶ
607 564 643 599 μὴ
653 563 785 600 ἀκριϐῶς,
799 563 840 589 ὅτι

66 607 122 634 ποτέ
132 608 298 635 ὲστιδίκαιον
312 609 359 636 καὶ
368 609 483 645 ἀρέσκον
496 609 567 644 θεῷ,
579 608 838 644 πεπληροφορημαι,

65 653 117 680 οὔτε
128 654 175 690 εῑή
191 653 264 690 ψυχὴ
281 653 425 687 ἀθάνατος,
440 654 458 690 ἦ
470 654 565 691 θνητή.

95 796 121 824 ν.
134 797 238 824 Τούτων
255 795 304 824 οὖν
321 797 376 824 τῶν
389 797 526 833 λογισμῶν
542 797 710 833 στρεφόντων
726 804 776 832 μου
788 795 838 832 τὴν

63 842 147 879 ψυχὴν,
162 845 200 875 sic
212 844 352 879 Αἴγυπτον
363 844 543 880 πορεύσομαι,
557 843 643 876 εἷπον,
657 844 704 871 καὶ
717 845 774 876 τοῖς
785 843 839 870 τῶν

64 888 152 915 ἀδύτων
164 890 337 925 ἱεροφάνταις
353 890 399 917 καὶ⁹
413 891 564 926 προφήταις
575 889 783 925 φιλιωθήσομαι,
793 889 840 916 καὶ

64 935 138 971 μάγον
151 935 270 972 ζητήσας
287 938 336 964 καὶ
348 937 448 973 εὑρὼν,
469 938 592 973 χρήμασι
613 936 699 964 πείσω
722 936 838 966 πολλοῖς,

63 980 138 1017 ψυχῆς
161 982 330 1018 ἀναπομπὴν
358 982 407 1018 τὴν
428 981 578 1018 λεγομένην
605 981 802 1017 νεκρομαντίαν
819 981 840 996 ¹¹

63 1027 225 1062 ἐργάσασθαι,
248 1029 318 1065 ἐμοῦ
336 1029 413 1065 δῆθεν
430 1029 468 1061 ὼς
490 1029 555 1065 περὶ
580 1028 743 1064 πράγματός
767 1034 840 1057 τινος

63 1074 228 1101 πυνθάνεσθαι
241 1074 416 1110 βουλομένου·
430 1075 446 1110 ὴ
461 1074 489 1100 δὲ
503 1073 600 1105 πεῦσις
615 1073 701 1105 ἔσται,
715 1071 779 1107 περὶ
793 1071 840 1097 τοῦ

63 1120 144 1156 μαθεῖν
158 1121 211 1157 ἄρα
224 1122 249 1148 εί
263 1121 397 1153 ἀθάνατος
409 1122 424 1155 ἠ
436 1120 518 1156 ψυχή.
534 1119 618 1146 Τοῦτο
630 1119 658 1145 δὲ
671 1119 779 1150 πάντως
791 1119 840 1145 οὐκ

62 1167 88 1194 ὲκ
98 1167 140 1194 τοῦ
153 1167 355 1203 ἀποκρίνασθαι
365 1167 406 1193 ὅτι
415 1167 436 1182 ’³
450 1166 583 1197 ἀθάνατός
595 1166 678 1196 ἐστιν,
693 1164 750 1191 ἐστι
760 1164 781 1180 ¹⁵
794 1173 840 1199 μοι

62 1211 157 1246 γνῶναι,
170 1212 227 1239 ἀλλ’
244 1212 301 1239 ἀπὸ
313 1212 360 1239 τοῦ
378 1211 493 1247 ὀφθῆναι
512 1211 590 1246 μόνον
605 1211 646 1237 ὅτι
669 1210 752 1236 ἐστίν.
767 1209 839 1237 Ἰδὼν

61 1257 106 1293 γὰρ
116 1258 194 1294 αὐτὴν
206 1259 300 1290 αὐτοῖς
313 1258 434 1294 δμμασιν
443 1277 449 1288 ,
465 1256 560 1292 ἱκανὴν
574 1256 626 1289 ἔξω
641 1255 838 1292 πληροφορίαν,

61 1304 100 1330 καὶ
124 1304 212 1331 οὐκέτι
243 1304 395 1340 πιστότερα
423 1302 571 1338 ὀφθαλμῶν
598 1299 655 1329 ὦτα
679 1302 838 1337 ποιήσομαι.

62 1349 143 1384 Ὅμως
160 1350 300 1385 φιλοσόφῳ
314 1349 367 1376 τινὶ
381 1349 435 1376 τῶν
452 1348 583 1385 συνήθων,
596 1348 643 1374 καὶ
655 1347 755 1383 ταύτην
767 1348 839 1374 ἐκοι-

61 1391 149 1428 νούμην
160 1393 208 1429 τὴν
227 1393 359 1429 γνώμην,
381 1394 395 1420 ὁ
406 1393 434 1419 δὲ
457 1391 632 1419 συνεϐούλευέ
648 1400 693 1428 μοι
711 1392 748 1428 μὴ
766 1392 841 1418 λυσι-

61 1437 124 1470 τελὲς
140 1436 207 1466 εῖναι
227 1439 311 1466 τοῦτο
328 1439 461 1474 τολμῆσαι
482 1439 554 1465 δυοῖν
568 1438 660 1465 ἕνεκα.
678 1438 713 1465 Et
728 1447 758 1464 τε
773 1438 838 1474 γὰρ,

62 1482 114 1518 ἔφη,
129 1485 234 1516 πάντως
247 1485 300 1519 οὐχ
315 1485 501 1512 ὑπακούσεται
515 1486 532 1520 ἡ
545 1485 617 1521 ψυχὴ
632 1484 670 1520 τῷ
686 1484 775 1520 μάγῳ,
793 1485 840 1512 καὶ

62 1529 88 1555 σὺ
99 1530 150 1561 τοῖς
167 1530 253 1556 ταῦτα
265 1531 355 1556 ποιεῖν
374 1529 575 1565 ἀπαγορεύουσι
597 1529 689 1565 νόμοις
705 1529 743 1561 ὡς
764 1529 839 1556 (Ξιντι⁴

61 1575 163 1609 πράξας,
175 1575 391 1612 δυσσυνειδὴτως
406 1575 523 1611 βιώσεις·
537 1577 561 1602 εἰ
573 1575 600 1602 δὲ
615 1576 662 1603 καὶ
681 1575 840 1602 είσακούσε-
853 1587 874 1615 c

60 1626 107 1651 ται,
123 1620 188 1655 μετὰ
206 1621 254 1647 τοῦ
276 1620 490 1656 δυσσυνειδήτως
502 1628 531 1646 σε
551 1619 635 1655 βιοῦν,
651 1618 727 1656 οἶμαι
746 1620 793 1647 καὶ
807 1620 841 1648 τὰ

60 1664 103 1699 τῆς
114 1666 250 1699 εὐσεϐείας
277 1666 377 1703 μηκέτι
399 1674 440 1693 σοι
462 1668 623 1703 προχωρεῖν,
645 1664 674 1694 οῦ
692 1667 783 1694 ἕνεκεν
805 1666 840 1694 τὰ

60 1711 158 1738 τοιαῦτα
172 1712 300 1748 ἐτόλμας.
319 1711 485 1748 Ἐχθραίνειν
506 1711 560 1747 γὰρ
582 1711 612 1738 τὸ
630 1711 699 1738 θεῖον
715 1711 839 1746 λέγουσιν

61 1755 99 1782 ἐπὶ
108 1759 160 1789 τοῖς
170 1758 317 1785 σκύλλουσι
332 1758 381 1790 τὰς
392 1757 480 1793 ψυχὰς
505 1758 573 1793 μετά
586 1758 636 1793 τὴν
651 1758 704 1784 ἀπὸ
722 1758 769 1784 τοῦ
789 1757 840 1784 σώ-

62 1809 133 1837 ματος
148 1803 258 1830 ἐκείνων
283 1803 416 1830 διάλυσιν.
444 1802 514 1837 Ἐγὼ
539 1803 567 1830 δὲ
593 1803 679 1830 ταῦτα
702 1802 839 1834 ἀκούσας,

60 1846 221 1885 ὀκνηρότερος
241 1849 295 1885 μέν
315 1849 362 1875 ἐπὶ
381 1848 411 1876 τὺ
436 1849 589 1885 ἐγχείρημα
609 1848 753 1884 ἐγενόμην·
772 1847 841 1874 ἀλλὰ

61 1892 101 1926 τῆς
114 1893 246 1930 προτέρας
263 1893 371 1926 ἐννοίας
383 1893 491 1929 ἐκείνης
500 1893 675 1921 παντάπασιν
688 1893 839 1928 ἀποστῆναι

61 1938 104 1964 οὐκ
114 1939 260 1976 ἠδυνάμην.

856 912 877 939 Β

90 2037 129 2065 VI.
143 2038 196 2065 Καὶ
207 2039 251 2066 ῖνα
270 2039 309 2075 μή
319 2047 359 2065 σοι
372 2038 406 2065 τὰ
415 2038 526 2066 τοιαῦτα
542 2039 645 2075 μακρὸν
655 2038 788 2065 ἀποτείνω
796 2037 840 2064 λό-

60 2092 114 2119 γον,
134 2086 160 2113 ἐν
181 2086 323 2118 τοσούτοις
344 2085 483 2121 λογισμοῖς
507 2086 554 2112 καὶ
577 2085 738 2121 πράγμασιν
763 2084 840 2116 ὄντος

63 2140 115 2167 μου,
134 2134 208 2170 φήμη
218 2142 261 2165 τις
287 2133 388 2168 ἡρέμα,
410 2132 535 2168 Τιϐερίου
555 2132 694 2168 Καίσαρος
713 2131 748 2158 τὰ
772 2131 840 2158 Ῥω-

63 2179 137 2212 μαῖκὰ
161 2179 302 2211 διέποντος
326 2178 469 2214 σκῆπτρα,
492 2177 571 2213 ἔαρος
593 2177 644 2213 ἤδη
675 2177 838 2212 ἀρχομένου,

61 2224 161 2259 ηὖξανεν
171 2226 268 2253 ὁπόσαι
286 2226 396 2261 ἡμέραι,
409 2224 456 2252 καὶ
471 2224 509 2255 ὡς
532 2223 639 2258 ἀληθῶς
659 2223 747 2259 ἀγαθὴ
770 2223 837 2250 Θεοῦ

61 2269 161 2303 ἄγγελος
175 2271 243 2307 διῄει
253 2271 301 2297 τὸν
319 2270 430 2306 κόσμον,
444 2270 474 2296 τὸ
487 2269 533 2296 τοῦ
550 2268 618 2296 Θεοῦ
634 2269 698 2303 σιγῇ
713 2267 837 2303 βούλημα

63 2315 154 2348 στέγειν
165 2316 194 2342 οὐ
207 2315 357 2350 δυναμένη·
380 2314 479 2350 μᾶλλον
493 2314 520 2341 δὲ
538 2314 585 2341 καὶ
600 2313 701 2340 πλείων
718 2313 837 2348 ἑκάστης

62 2359 154 2395 ἡμέρας
173 2361 219 2387 καὶ
237 2361 340 2396 μείζων
361 2360 481 2395 ἐγίνετο,
504 2359 621 2393 λέγουσα
647 2357 686 2391 ὦς
705 2359 747 2390 τίς
772 2367 837 2385 ποτε

63 2403 86 2430 ἐν
105 2405 211 2443 Ἰουδαία
234 2406 265 2440 ἐξ
290 2406 401 2441 ἐαρινῆς
425 2405 528 2441 τροπῆς
552 2404 642 2431 λαϐὼν
662 2405 712 2440 τὴν
738 2404 836 2440 ἀρχὴν,

68 2449 182 2478 Ἰουδαίαν
199 2452 220 2467 ¹³
234 2452 287 2487 τὴν
301 2451 348 2478 τοῦ
360 2451 444 2477 ἀϊδίου
457 2450 524 2477 Θεοῦ
541 2449 744 2484 εὐαγγελίζεται
758 2450 836 2485 βασι-

62 2493 133 2528 λείαν,
148 2495 180 2533 ἦς
191 2497 337 2524 ἀπολαύειν
352 2497 442 2532 μέλλει
458 2497 489 2528 ¹⁸,
508 2496 554 2523 ἐάν
566 2503 609 2527 τις
629 2495 703 2531 αὐτῷ
718 2495 836 2531 ἀρίστην

63 2540 99 2568 διὰ
112 2543 212 2570 πάντων
222 2542 388 2579 ἐπιδείξηται
402 2542 549 2569 πολιτείαψ
563 2541 609 2568 τοῦ
622 2541 649 2568 δὲ
659 2540 836 2568 πιστεύεσθαι

64 2587 132 2614 αὐτὸν
156 2589 249 2625 χάριν,
274 2588 316 2615 ὅτι
342 2587 466 2623 θεότητος
492 2587 584 2623 γέμων
605 2586 692 2614 ταῦτα
703 2586 836 2618 διδάσκει,

64 2632 138 2660 πολλά
157 2634 304 2670 θαυμάσια,
319 2634 420 2670 τέρατά
439 2643 469 2660 τε
490 2633 537 2660 καὶ⁴
558 2634 659 2669 σημεῖα
675 2631 833 2668 ἐργάζεται,

66 2678 152 2714 ῥήματι
165 2682 235 2717 μόνῳ
254 2681 362 2716 κωφοὺς
381 2681 489 2707 ἀκούειν
511 2679 596 2707 ποιῶν
607 2699 614 2711 ,
627 2679 743 2713 τυφλοὺς
765 2679 834 2705 ἀνα-

65 2722 169 2759 ϐλέπειν,
184 2727 284 2763 χωλοὺς
305 2729 476 2763 περιπατεῖν,
497 2726 544 2753 καὶ
566 2726 655 2753 πᾶσαν
670 2724 747 2752 νόσον
765 2724 835 2751 ἀπε-

854 2255 876 2283 D

889 179 932 207 DE
946 178 1069 208 GESTIS
1093 178 1122 207 S.
1141 178 1254 208 PETRI.
1626 185 1680 212 474

895 239 1048 276 Statimque
1061 245 1153 275 postea
1170 241 1223 268 alia
1239 248 1282 268 me
1298 241 1380 268 subiit
1395 242 1533 276 cogitatio.
1550 242 1677 272 Dicebam

892 287 1008 321 quippe:
1025 294 1059 314 ne
1077 286 1147 314 forte
1165 287 1202 314 ibi
1220 287 1313 322 pejora
1331 294 1364 314 eo
1382 288 1455 322 quod
1471 296 1544 315 nunc
1556 296 1599 316 mc
1616 298 1679 317 cru-

891 333 945 359 ciat
961 333 1060 368 patiar,
1078 333 1101 360 si
1124 340 1178 360 non
1200 333 1294 359 vixero
1309 333 1367 367 pie;
1386 341 1418 360 ac
1441 334 1593 361 secundum
1609 343 1680 370 quo-

891 379 1016 406 rumdam
1032 379 1258 413 philosophorum
1271 379 1418 406 sententias
1435 379 1527 407 tradar
1540 379 1679 415 Pyriphle-

892 424 1013 459 gethonti
1035 429 1063 451 et
1075 424 1202 456 Tartaro,
1219 425 1450 459 quemadmodum
1477 424 1621 460 Sisyphus.
1637 427 1678 454 vel

891 469 987 505 Tityus
998 490 1005 503 ,
1027 470 1069 497 vel
1084 470 1176 502 lxion,
1192 470 1234 496 vel
1254 469 1402 502 Tantalus,
1419 476 1500 506 atque
1519 472 1545 498 in
1572 471 1679 499 inferno

890 521 1022 543 aeternum
1048 516 1165 550 puniar?
1185 516 1292 544 Rursus
1318 522 1408 544 autem
1428 518 1615 552 excipiebant.
1638 518 1679 545 di-

891 570 973 590 cens:
990 562 1016 589 in
1029 570 1059 589 re
1070 570 1132 597 quae
1145 563 1248 590 incerta
1260 568 1312 596 est,
1327 563 1412 590 tutius
1428 564 1513 590 multo
1524 569 1565 591 est
1578 572 1620 591 me
1634 564 1679 598 pie

890 608 1002 642 vivere,
1023 613 1050 636 et
1074 609 1226 643 voluptates
1248 610 1372 644 corporis
1398 609 1519 641 vincere,
1551 611 1678 645 quamvis

891 654 1014 682 absolute
1040 659 1067 681 et
1090 658 1165 682 certo
1183 654 1316 689 pleneque
1347 662 1400 681 non
1427 655 1512 682 sciam
1545 656 1676 690 quidnam

890 700 993 735 justum
1010 699 1046 727 sit
1060 707 1092 727 ac
1108 700 1163 727 Deo
1177 704 1304 735 gratum,
1325 708 1375 728 nec
1397 704 1488 728 utrum
1515 701 1678 729 immortalis

891 747 926 774 sit
941 747 1043 780 anima,
1058 754 1092 774 an
1106 747 1240 774 mortalis.

926 791 959 820 ν.
981 792 1027 820 His
1042 793 1133 827 itaque
1147 792 1360 828 cogitationibus
1375 793 1497 820 animum
1514 801 1603 820 meum
1617 802 1678 821 ver-

892 838 1031 866 santibus:
1050 838 1078 864 ln
1096 837 1238 874 Egyptum
1255 839 1423 873 proticisear,
1440 839 1515 871 dixi,
1530 845 1557 866 et
1579 839 1677 875 adyto-

892 892 952 912 rum
976 884 1181 920 hierophantis,
1211 893 1243 913 ac
1260 885 1400 920 prophetis
1423 886 1530 913 amicus
1554 885 1676 918 eﬂieiar,

891 937 1024 965 magoque
1035 931 1149 965 quaesito
1164 938 1195 958 ac
1209 931 1335 964 invento,
1351 931 1435 958 multa
1448 931 1562 966 pecunia
1576 931 1599 958 ei
1616 939 1678 966 per-

891 976 1021 1008 suadebo,
1037 981 1066 1004 ut
1081 977 1178 1004 animze
1193 977 1393 1009 evocationem,
1416 974 1498 1012 quam
1515 984 1678 1004 necroman-

891 1021 956 1048 tiam
970 1026 1085 1055 vocant,
1103 1021 1199 1054 faciat,
1215 1026 1344 1057 tanquam
1371 1021 1497 1049 videlicet
1513 1022 1546 1049 de
1568 1022 1677 1057 negotio

891 1067 982 1102 aliquo
997 1068 1150 1102 percontari
1165 1069 1244 1095 velim
1261 1060 1273 1095 ;’
1285 1075 1367 1103 porro
1382 1067 1436 1095 erit
1450 1068 1631 1102 percontatio,
1647 1072 1678 1094 ut

891 1113 994 1140 discam
1012 1117 1102 1140 utrum
1116 1114 1206 1140 anima
1221 1114 1255 1142 sit
1271 1113 1442 1141 immortalis.
1456 1113 1483 1141 ld
1496 1118 1584 1140 autem
1600 1121 1678 1148 pror-

891 1166 939 1186 sus
951 1166 1127 1194 cognoscam,
1140 1167 1193 1186 non
1209 1167 1240 1186 ex
1256 1166 1288 1186 eo
1301 1159 1373 1193 quod
1389 1158 1562 1193 respondebit
1574 1166 1603 1185 se
1617 1158 1678 1185 esSe

891 1204 1138 1238 immortalem,sed
1150 1213 1182 1232 ex
1195 1212 1228 1232 eo
1243 1204 1375 1232 duntaxat
1389 1204 1462 1239 quod
1474 1204 1547 1230 illam
1561 1203 1678 1230 existere

890 1250 1009 1278 videbo:
1027 1258 1090 1277 nam
1108 1249 1196 1278 oculis
1219 1250 1288 1278 meis
1306 1257 1422 1278 cernens
1443 1257 1520 1282 eam,
1538 1249 1605 1276 satis
1620 1255 1679 1275 ma-

891 1303 972 1332 gnam
1000 1296 1104 1324 habebo
1131 1296 1321 1324 certitudinem
1337 1317 1344 1329 ,
1364 1303 1414 1322 nec
1434 1296 1490 1330 jam
1508 1295 1570 1330 plus
1596 1294 1677 1321 tldam

891 1342 1015 1373 auribus,
1027 1349 1110 1377 quam
1123 1341 1221 1369 oculis.
1231 1340 1426 1369 Verumtamen:
1440 1348 1502 1368 cum
1516 1339 1679 1374 philosopho

891 1387 1009 1423 quodam
1030 1394 1064 1414 ex
1081 1386 1262 1414 familiaribus
1289 1387 1359 1414 meis
1377 1387 1428 1414 hoc
1450 1392 1562 1421 quoque
1587 1385 1678 1413 consi-

890 1434 958 1461 lium
974 1433 1175 1461 communicavi
1190 1442 1196 1460 :
1215 1433 1238 1460 is
1256 1441 1321 1460 vero
1337 1432 1445 1460 monuit
1457 1439 1510 1465 me,
1528 1439 1582 1458 non
1596 1438 1679 1466 expe—

890 1481 949 1508 dire
964 1485 994 1507 ut
1010 1480 1037 1507 id
1051 1480 1191 1514 auderem,
1216 1480 1285 1507 duas
1304 1480 1338 1507 ob
1355 1487 1463 1507 causas.
1481 1479 1509 1506 Si
1527 1479 1611 1511 enim,
1635 1479 1677 1505 in-

890 1527 960 1563 quit,
976 1528 1056 1563 plane
1079 1535 1159 1563 mago
1174 1535 1229 1555 non
1245 1527 1380 1555 obedierit
1395 1527 1497 1559 anima,
1513 1531 1541 1554 tu
1556 1526 1678 1561 quoque,

892 1577 921 1600 ut
933 1577 995 1607 pote
1007 1573 1054 1607 qni
1066 1572 1172 1608 legibus
1185 1572 1244 1600 haec
1256 1580 1335 1607 agere
1348 1571 1504 1599 vetantibus
1518 1572 1678 1598 adversatus

891 1617 993 1651 fueris,
1010 1619 1080 1645 male
1103 1617 1152 1645 tibi
1177 1617 1305 1645 conscius
1330 1618 1422 1650 vives;
1449 1617 1491 1644 sin
1513 1620 1602 1643 antem
1628 1622 1678 1650 pa—

891 1663 987 1696 ruerit,
1001 1668 1182 1698 praeterquam
1196 1662 1268 1697 quod
1288 1662 1363 1689 vives
1378 1661 1448 1688 male
1461 1661 1509 1688 tibi
1539 1660 1678 1694 conscius,

890 1709 974 1737 etiam
998 1716 1059 1744 qnze
1082 1709 1115 1735 ad
1136 1708 1210 1743 pium
1228 1708 1330 1735 cultum
1356 1707 1493 1742 pertinent
1521 1706 1619 1741 (cujus
1639 1706 1679 1733 rei

891 1756 977 1792 gratia
1002 1756 1068 1783 talia
1094 1762 1238 1790 aggressus
1256 1754 1369 1789 fueris),
1386 1762 1441 1781 non
1453 1753 1510 1788 jam
1535 1753 1583 1780 tibi
1610 1753 1680 1780 bene

891 1809 1005 1830 cessura
1020 1801 1158 1828 existimo.
1177 1799 1347 1826 Divinitatem
1365 1800 1437 1826 enim
1458 1799 1535 1826 aiunt
1550 1797 1678 1825 infestam

891 1856 952 1876 esse
969 1848 1012 1881 iis,
1029 1848 1075 1882 qui
1094 1847 1217 1879 animas,
1239 1852 1384 1881 postquam
1405 1853 1420 1872 a
1437 1845 1599 1879 corporibus
1620 1846 1682 1872 suis

891 1894 1032 1922 dissolutae
1046 1897 1121 1926 sunt,
1130 1897 1240 1920 vexant.
1251 1891 1306 1926 Ego
1317 1899 1380 1918 vero
1394 1892 1435 1919 his
1449 1891 1559 1923 auditis,
1569 1891 1677 1926 segnior

891 1941 1001 1977 quidem
1017 1940 1050 1968 ad
1068 1941 1238 1975 propositum
1258 1940 1348 1967 factus
1370 1947 1444 1972 sum,
1465 1939 1513 1967 sed
1531 1939 1576 1966 illa
1595 1947 1679 1976 sape.

890 1988 965 2015 riore
979 1987 1145 2022 cogitatione
1169 1987 1281 2014 omnino
1295 1993 1349 2013 non
1364 1991 1487 2021 poteram
1507 1985 1651 2014 absistere.

926 2033 971 2061 Vl.
991 2033 1030 2061 Ac
1043 2041 1076 2060 ne
1091 2032 1126 2061 de
1140 2032 1183 2060 his
1198 2032 1248 2059 tibi
1262 2032 1373 2067 longum
1390 2038 1544 2060 sermonem
1560 2032 1656 2060 faciam
1669 2053 1677 2066 ,

891 2087 953 2106 cum
967 2079 995 2106 in
1012 2079 1111 2106 talibus
1133 2077 1400 2106 considerationibns
1428 2086 1460 2106 ac
1476 2079 1593 2114 negotiis
1615 2086 1678 2105 ver—

891 2133 981 2158 sarer,
1000 2124 1110 2152 Tiberio
1131 2123 1239 2152 Caesare
1256 2123 1379 2152 Romana
1401 2128 1506 2159 sceptra
1533 2128 1679 2158 tractante,

890 2177 953 2207 post.
983 2171 1090 2198 initium
1118 2170 1202 2205 veris,
1224 2168 1298 2198 fama
1320 2171 1443 2206 quaedam
1465 2169 1566 2197 sensim
1582 2169 1680 2197 diebus

891 2217 1006 2252 singulis
1027 2216 1192 2252 percrebuit,
1208 2221 1235 2244 et
1259 2224 1353 2244 revera
1379 2216 1468 2243 bonus
1492 2215 1538 2242 Dei
1567 2215 1681 2242 nuntius

891 2262 1022 2290 mundun!
1041 2262 1171 2297 pervasit,
1192 2261 1236 2289 Dei
1260 2262 1429 2289 voluntatem
1456 2261 1565 2288 silentio
1589 2264 1679 2295 tegere

891 2317 945 2335 non
969 2309 1063 2335 valens
1080 2308 1145 2335 :sed
1171 2311 1198 2334 et
1224 2315 1271 2342 per
1295 2307 1416 2341 singulos
1434 2306 1491 2334 dies
1516 2306 1631 2340 amplior
1653 2311 1680 2333 et

891 2355 980 2389 major
991 2353 1082 2387 fiebat,
1100 2353 1139 2380 sic
1152 2353 1273 2380 referens
1288 2362 1294 2380 :
1307 2352 1422 2386 Quidam
1440 2353 1466 2379 in
1481 2352 1584 2384 Judzea,
1601 2352 1680 2379 initio

891 2406 999 2435 sumpto
1016 2407 1031 2427 a
1047 2407 1132 2427 verno
1146 2404 1279 2434 tempore,
1302 2399 1396 2426 aeterni
1417 2399 1465 2426 Del
1487 2406 1599 2434 regnum
1612 2398 1678 2427 inibi

890 2447 1029 2482 praedicat,
1057 2447 1129 2481 quod
1152 2451 1330 2481 percepturus
1347 2446 1392 2479 sit,
1414 2446 1460 2480 qui
1481 2446 1609 2480 optimam
1631 2453 1680 2480 per

890 2494 981 2520 omnia
1003 2493 1086 2520 vitam
1112 2492 1163 2526 ipsi
1186 2492 1324 2519 exhibebit
1340 2500 1346 2517 :
1361 2496 1391 2519 ut
1415 2495 1506 2518 autem
1535 2491 1677 2524 credatur,

889 2547 952 2566 eum
964 2538 1116 2566 divinitatis
1129 2538 1240 2573 plenum
1253 2538 1350 2564 docere
1371 2537 1460 2574 ista,"
1495 2537 1581 2563 multa
1596 2536 1680 2562 mira-

890 2583 965 2616 bilia,
979 2583 1102 2618 prodigia
1124 2587 1151 2609 et
1162 2582 1240 2617 signa
1260 2581 1326 2613 edit,
1343 2581 1402 2609 solo
1416 2581 1498 2608 verbo
1513 2581 1616 2608 faciens
1631 2588 1680 2607 au-

888 2630 947 2658 dire
970 2630 1079 2662 surdos,
1105 2636 1190 2656 caecos
1210 2627 1313 2661 videre,
1335 2628 1448 2655 claudos
1469 2628 1627 2659 ambulare;
1653 2634 1680 2656 et

889 2683 999 2704 omnem
1024 2675 1149 2702 morbum
1176 2673 1302 2708 depellit,
1327 2680 1494 2708 omnemque
1527 2673 1678 2702 daemonem

889 2721 965 2756 fugat
980 2730 986 2748 :
1003 2719 1155 2755 quinetiam
1171 2719 1272 2754 leprosi
1292 2718 1400 2746 eminus
1419 2722 1524 2746 tantum
1542 2719 1679 2748 intuentes

676 2782 793 2811 VAleE
807 2779 1010 2809 LECTIONES.

97 2841 118 2858 "
129 2843 167 2882 a_|._
183 2846 384 2882 νεκυομαντίειν.
423 2849 446 2869 ί·
462 2845 495 2873 al.
514 2845 598 2881 αὐτὴν
609 2844 659 2871 ὅτι.
700 2844 723 2862 η
739 2843 775 2871 al.
793 2842 879 2870 ἔσται.

66 2883 88 2910 ι,
101 2885 123 2905 c.
140 2879 178 2908 to.

929 2840 949 2857 ι’
967 2839 1003 2868 al.
1027 2835 1174 2868 Ἰουδαίοις.
1216 2836 1238 2853 ¹⁶
1251 2835 1286 2864 al.
1305 2835 1394 2871 λέγει.
1435 2835 1456 2852 ιτ
1478 2835 1497 2864 l.
1528 2831 1636 2868 Recagn.
1655 2833 1676 2864 ι,
