1917 3100
251 157 305 184 475
647 158 674 197 s,

250 225 324 249 eum,
346 216 434 245 sanati
450 217 562 251 abeunt,
579 219 679 246 mortui
698 220 782 247 oblati
800 222 978 255 suscitantur,
995 222 1038 249 ni-
1053 223 1075 251 Δ

250 262 346 297 hilque
367 268 409 290 est
433 263 507 298 quod
531 264 620 292 facere
643 270 769 300 nequeat.
790 267 878 302 Atque
902 276 955 302 quo
977 268 1037 302 plus

251 309 381 343 temporis
397 310 561 344 prieteribat,
574 318 607 337 co
629 311 716 346 major
728 319 760 339 ac
779 312 883 340 iirmior
896 321 944 348 per
960 322 1035 340 com-

251 354 343 389 plures
360 354 435 382 illiuc
456 355 632 383 advenientes
659 357 803 390 existebat,
828 366 882 384 non
908 359 1036 393 amplius.

251 399 375 434 inquam,
399 400 489 434 fama,
514 401 561 428 sed
587 402 645 436 ipsa
661 404 699 430 rei
721 404 832 432 veritas.
845 403 910 432 Jam
928 413 992 432 vero
1010 410 1038 432 et

251 450 338 473 caztus
354 454 401 481 per
416 447 474 474 loca
491 447 602 481 ﬁebant,
620 453 649 476 ut
662 450 863 477 consultaretur
874 458 906 478 ac
921 451 1037 486 dispice-

250 495 337 524 retur,
361 493 488 526 quisnam
510 499 583 522 esset
608 494 643 527 is,
659 495 706 530 qui
729 496 909 530 apparuisset,
923 501 951 523 ct
971 496 1035 531 quid

250 538 331 565 vellet
347 538 447 566 dicere.

288 679 341 706 VII.
356 680 425 708 Cum
446 686 534 709 autem
553 690 642 710 annus
664 683 697 711 ad
716 688 878 711 autumnum
904 682 958 718 iam
973 692 1034 712 ver-

249 730 335 760 geret.
359 726 442 754 homo
457 727 568 762 quidam
595 733 671 756 stans
694 729 721 756 in
745 729 806 757 loco
829 730 1033 764 publico:Viri,

248 771 349 806 inquit,
366 771 492 805 Romani,
509 774 620 801 audite:
635 774 680 801 Dei
696 775 780 802 Filius
796 775 823 802 in
838 775 929 803 Juda’a
941 776 1033 809 adest.

247 818 355 845 cunctis
376 819 530 847 volentibus
556 821 719 854 promittens
744 822 826 848 vitam
850 826 980 850 aeternam
1010 823 1034 850 si

247 862 362 891 fecerint
376 872 436 900 quae
449 863 525 898 jubet
546 865 570 892 is
591 865 638 900 qui
660 867 735 894 misit
756 867 843 893 illum.
863 867 1034 902 Quapropter

246 910 438 937 convertimini
450 919 466 938 a
477 911 657 938 deterioribus
671 912 704 939 ad
727 913 850 945 meliora,
866 921 881 940 a
894 918 1033 948 tempora-

245 955 296 983 riis
310 955 344 982 ad
360 960 478 990 aeterna;
495 961 522 984 et
542 957 682 992 agnoscite
705 957 801 992 Deum,
824 960 870 993 qui
895 959 921 986 in
948 960 1034 988 tribus

1049 898 1070 925 Β

196 1011 200 1015 -
244 999 374 1028 Personis
388 1009 460 1029 unus
474 1006 526 1035 est,
548 1002 627 1037 cujus
645 1004 777 1030 mundum
799 1003 901 1038 injuste
915 1005 1034 1033 incolitis

243 1052 307 1074 ante
318 1048 408 1082 justos
418 1048 477 1083 ejus
492 1049 598 1076 oculos.
614 1049 715 1076 Verum
739 1049 762 1077 si
780 1051 991 1083 convertamini,
1007 1056 1034 1079 et

243 1095 394 1122 secundum
416 1095 584 1123 voluntatem
609 1095 682 1122 illius
709 1096 823 1127 vivatis,
846 1096 874 1123 in
895 1097 968 1124 aliud
983 1105 1035 1125 sa:-

243 1141 336 1168 culum
352 1140 464 1174 sublati,
479 1141 630 1176 aeternique
651 1141 751 1175 eil‘ecti,
773 1141 958 1170 ineﬁ‘ahilibus
972 1143 1033 1178 ejus

242 1183 323 1212 bonis
336 1184 514 1219 perii-nemini
534 1194 541 1212 :
557 1186 600 1212 sin
616 1193 680 1213 vero
691 1193 794 1213 morem
810 1195 865 1214 non
877 1188 1031 1222 gesseritis.

242 1234 385 1264 postquam
411 1238 445 1257 ex
471 1230 523 1258 hac
546 1231 599 1258 vita
615 1231 780 1266 migrabitis,
805 1232 831 1259 in
851 1233 942 1261 locum
962 1233 1032 1269 ignis

243 1275 439 1309 conjiciemiui,
452 1276 499 1303 ubi
515 1281 646 1304 aeternum
662 1278 762 1312 puniti,
776 1277 878 1306 frustra
894 1279 1030 1306 ducemini

242 1323 401 1357 pinuitentia
426 1331 434 1350 :
456 1331 518 1350 nam
539 1324 706 1358 paenitentia:
728 1329 837 1360 tempus
861 1325 887 1352 in
905 1326 1031 1360 praesenti

242 1369 462 1404 uniuscujusque
483 1370 538 1397 vita
552 1370 689 1398 consistit.
708 1370 771 1398 Haec
792 1371 875 1406 igitur
889 1372 933 1400 ille
951 1373 1029 1400 dixit.

242 1414 300 1450 Ego
312 1423 377 1442 vero
391 1423 454 1442 cum
469 1416 622 1449 audissem,
638 1424 708 1452 aegre
727 1417 846 1444 ferebam
863 1419 936 1453 quod
950 1426 1031 1447 nemo

240 1469 275 1489 ex
298 1466 371 1488 tanta
387 1461 572 1494 multitudine,
598 1463 691 1490 audita
716 1467 770 1490 tam
800 1471 898 1498 magna
922 1464 1031 1491 nuutia-

240 1508 327 1541 tione,
344 1508 458 1536 dixisset
477 1517 484 1535 :
503 1507 532 1535 In
552 1507 673 1537 Judzeam
694 1510 861 1544 proﬁciscar,
878 1515 907 1537 ut
923 1511 1029 1538 videant

241 1561 276 1580 an
294 1553 344 1581 iste
365 1562 427 1581 vera
444 1554 588 1589 loquatur,
606 1555 670 1582 dum
688 1555 743 1588 ait,
758 1555 805 1584 Dei
830 1555 929 1583 Filium
948 1557 1029 1584 adve-
1044 1567 1064 1596 ε

242 1600 317 1628 uisse
339 1600 366 1627 in
390 1599 521 1634 Iudaeam,
547 1606 657 1636 propter
671 1601 865 1636 sempiternam
881 1609 913 1629 ac
930 1602 1029 1630 bonam

240 1653 328 1681 spem.
344 1647 391 1681 qui
410 1646 499 1674 Patris
520 1655 534 1673 a
550 1655 606 1682 quo
626 1648 728 1674 missus
742 1652 785 1675 est
800 1648 968 1675 voluntatem
982 1657 1031 1676 an-

241 1692 349 1720 nuntiet
366 1701 372 1719 :
386 1692 608 1727 quandoquidem
621 1699 648 1720 et
663 1693 690 1720 id
701 1694 774 1728 quod
790 1694 868 1721 aiunt
882 1701 944 1721 eum
961 1702 1030 1726 prato

240 1737 343 1772 dicare,
359 1746 412 1765 non
424 1743 465 1766 est
474 1739 602 1774 exiguum
619 1739 821 1774 :quorumdam
837 1741 909 1767 enim
923 1741 1030 1768 animas

239 1782 365 1815 allii-mat,
389 1788 418 1811 ut
440 1787 504 1818 pote
528 1784 707 1817 immortales,
731 1785 933 1813 immortalibus
945 1786 1028 1813 etiam

239 1835 274 1856 ae
289 1829 397 1856 alternis
414 1829 494 1856 bonis
519 1829 669 1863 fruituras;
693 1830 874 1865 quorumdam
902 1838 977 1864 vero,
1001 1831 1028 1858 in

240 1874 331 1910 ignem
353 1875 548 1903 inesstinctum
571 1875 728 1911 projectas,
759 1881 891 1909 meritum
913 1877 1029 1912 punien-

238 1919 298 1946 das.

276 1964 342 1992 VIII.
357 1964 425 1992 Cum
451 1966 488 1994 ita
503 1974 567 2002 erga
585 1971 700 1994 caeteros
721 1967 834 1994 allectus
847 1975 937 1995 essem
947 1988 954 2000 ,
970 1968 1028 1996 lucc.

239 2019 349 2046 quoque
362 2013 395 2039 ad
411 2012 545 2047 meipsum
557 2013 680 2040 dicebam
696 2022 703 2040 ε
720 2013 811 2047 Quare
824 2021 888 2041 vero
901 2015 970 2042 alios
989 2015 1028 2041 in-

239 2064 317 2089 cuso,
333 2058 380 2092 qui
402 2057 429 2084 in
445 2059 540 2085 eodem
560 2066 622 2085 cum
649 2059 702 2087 illis
725 2060 839 2087 crimine
856 2060 1028 2095 negligentia:

237 2103 353 2130 versor?
365 2111 424 2136 nec,
436 2104 577 2139 dispositis
588 2105 665 2139 prius
675 2106 756 2132 rebus
771 2107 850 2138 meis,
867 2106 893 2133 in
905 2106 1026 2134 Judzeam

238 2148 320 2180 vado,
346 2149 423 2176 testis
439 2157 535 2176 eorum
561 2151 684 2178 omnium
710 2152 819 2179 futurus
844 2152 918 2187 ipse?
933 2152 1027 2188 Itaque

239 2193 304 2221 dum
319 2194 372 2222 hoc
383 2195 528 2222 consilium
541 2196 684 2231 agitarem,
699 2197 815 2224 multum
832 2198 940 2225 interim
956 2204 1025 2226 tem-

236 2241 313 2274 poris
334 2240 481 2274 terebatur,
507 2243 624 2276 negotiis
648 2243 730 2278 hujus
752 2244 845 2271 saeculi
875 2253 918 2272 me
942 2246 975 2272 ad
995 2254 1024 2272 sc
1040 2235 1063 2264 Β

238 2286 531 2328 ροιιηιιειιιὶὺυεςιεο
544 2288 649 2315 valente
661 2296 704 2316 me
717 2289 750 2316 ab
770 2289 803 2316 iis
818 2290 950 2324 expediri.
970 2290 1022 2318 Sed

241 2331 360 2363 tandem,
373 2339 435 2359 cum
448 2333 531 2359 vitam
546 2333 777 2366 considet-assem,
793 2343 875 2369 quam
888 2335 1023 2364 instabilis

237 2377 273 2404 sit
293 2385 326 2404 ac
345 2378 503 2412 inaequalis,
527 2386 644 2412 cumque
665 2379 728 2406 dein
754 2387 834 2407 omne
856 2381 1021 2415 praztcritum

236 2427 344 2458 tempus
357 2424 384 2450 in
401 2424 561 2451 memoriam
576 2433 757 2458 revocassem,
769 2428 841 2461 quod
859 2428 940 2454 modo
957 2429 1024 2456 sub-

237 2470 393 2498 blandiente
410 2471 477 2498 mihi
498 2478 605 2505 semper
620 2479 678 2506 spe,
696 2471 839 2506 hucusque
856 2474 1022 2507 permansis-

237 2527 305 2553 sem,
326 2519 455 2555 quodque
471 2520 511 2547 sic
525 2527 621 2547 omnes
636 2519 760 2547 homines
779 2522 903 2555 occupati
920 2522 1022 2549 moria-

235 2573 314 2599 mur;
330 2569 428 2593 cuncta
443 2557 502 2592 mea
512 2568 594 2600 prout
606 2569 683 2592 erant
698 2565 866 2600 relinquens,
877 2567 1022 2594 confestim

647 158 676 186 S.
696 158 892 187 CLEMENTIS
911 161 920 188 I
940 160 1023 188 ΗΘΜ.
1044 159 1146 188 ΡΟΝΤ.
1166 160 1279 188 OPERA
1298 160 1406 188 DUBIA.

1833 161 1885 188 476

1088 222 1199 254 λαύνει,
1217 223 1262 249 καὶ
1275 223 1364 250 πάντα
1381 222 1495 258 δαίμονα
1514 221 1667 256 φυγαδεύει·
1681 221 1752 249 ἀλλά
1765 223 1817 249 καὶ
1840 223 1884 249 λε-

1089 269 1154 304 προὶ
1168 270 1199 296 ὲκ
1209 269 1390 304 διαστήματος
1407 269 1484 304 μόνον
1503 269 1648 304 ἐνορῶντες
1664 268 1750 303 αὐτῷ,
1768 268 1886 304 ἰώμενοι

1086 315 1316 347 ἀπαλλάσσονται,
1338 316 1428 351 νεκροὶ
1446 316 1660 351 προσφερόμενοι
1677 315 1884 349 ὲξεγείρσνται,

1088 360 1135 386 καὶ
1150 360 1226 386 οὐδέν
1243 360 1316 387 ἐστιν
1333 360 1347 386 ὃ
1364 361 1400 395 μὴ
1415 360 1526 392 δυνατὸς
1550 360 1593 396 εἴη
1618 361 1716 386 ποιεῖν.
1740 360 1800 386 Καὶ
1827 361 1887 394 ὅσῳ

1087 413 1119 438 γε
1141 405 1239 440 μᾶλλον
1259 407 1273 432 ό
1288 405 1383 441 χρόνος
1405 406 1568 441 προέκοπτε,
1586 405 1653 432 πολὺ
1675 405 1778 441 μείζων
1801 405 1823 420 ¹’⁴
1838 405 1886 431 διὰ

1088 450 1218 477 πλειόνων
1243 450 1297 477 τῶν
1320 451 1523 487 ἐπιδημούντων
1549 452 1595 478 καὶ
1619 451 1781 486 βεϐαιοτέρα
1799 451 1883 477 καθὶ-

1087 504 1178 527 στατο,
1203 497 1254 523 οὐκ
1269 497 1309 524 ἐτι
1331 499 1408 533 φήμη
1424 497 1504 531 λέγω,
1524 497 1578 524 ἀλλ’
1595 497 1663 532 αὑτὴ
1676 496 1723 524 τοῦ
1742 497 1883 532 πράγμα-

1085 550 1132 574 τος
1150 543 1166 578 ἡ
1185 543 1308 578 ἀλήθεια.
1327 543 1395 580 Ἤδη
1416 543 1472 579 γάρ
1487 552 1551 570 ποτε
1565 544 1610 570 καὶ
1626 544 1789 578 συστήματα
1807 542 1885 569 κατὰ

1085 589 1183 621 τόπους
1206 589 1321 623 ἐγίνετο,
1339 590 1437 625 βουλῆς
1460 591 1507 617 καὶ
1533 590 1654 624 σκέψεως
1674 589 1766 621 ἓνεκα,
1786 588 1820 614 τὸ
1837 589 1883 620 τίς

1086 635 1119 661 ἂν
1131 637 1145 662 ό
1160 637 1253 670 φανεὶς
1269 636 1322 672 εἴη,
1338 636 1385 663 καὶ¹
1398 637 1423 663 τί
1436 636 1560 672 βούλεται
1578 636 1676 670 λέγειν.

1123 679 1176 707 VII.
1186 681 1264 716 Ἀρτι
1276 681 1304 708 δὲ
1316 681 1363 708 τοῦ
1379 681 1453 713 ἔτους
1469 682 1535 718 πρὸς
1545 681 1575 708 τὸ
1592 681 1791 718 φθινοπωρινὸν
1808 681 1881 708 ἀπο-

1085 727 1229 760 κλίνοντος,
1238 729 1307 765 ἀνήρ
1317 738 1359 761 τις
1368 729 1485 765 δημοσίᾳ
1497 728 1571 760 στὰς,
1586 729 1708 764 Ἄνδρες,
1721 728 1788 763 ἔφη,
1808 729 1881 754 Ῥω-

1086 775 1170 809 μαῖοι,
1186 774 1330 801 ἀκούσατε·
1348 776 1362 801 ό
1373 774 1420 801 τοῦ
1439 773 1506 800 Θεοῦ
1532 774 1595 805 Υἱὸς
1611 774 1639 800 ὲν
1653 773 1799 808 Ἰουδαίᾳ¹⁹
1824 774 1881 799 πά-

1085 826 1190 854 ρεστιν,
1207 819 1438 856 ἐπαγγελλόμενος
1454 820 1522 846 πᾶσι
1536 821 1592 851 τοῖς
1610 819 1785 854 βουλομένοις
1803 819 1882 854 ζωὴν

1084 864 1201 897 αἰώνιον,
1219 865 1266 892 ἐὰν
1280 865 1314 892 τὰ
1325 865 1396 892 κατὰ
1405 865 1516 900 γνώμην
1533 864 1579 891 τοῦ
1593 865 1749 900 πέμψαντος
1758 865 1848 891 αὑτὸν
1857 865 1881 879 ’⁸

1085 910 1217 946 πράξωσι.
1231 911 1276 937 Διὸ
1292 911 1490 946 μεταϐάλλεσθε
1504 910 1557 937 ἀπὸ
1566 910 1625 936 τῶν
1635 910 1765 946 χειρόνων
1779 910 1829 936 ἐπὶ
1846 910 1882 935 τὰ

1085 957 1236 992 κρείττονα,
1253 957 1307 983 ἀπὸ
1327 956 1382 984 τῶν
1403 957 1579 992 προσκαίρων
1594 957 1640 982 ἐπὶ
1652 955 1687 982 τὰ
1704 955 1816 986 αἰώνια,
1831 956 1881 981 καὶ

1084 1002 1171 1037 γνῶτε
1187 1003 1231 1029 τὸν
1241 1003 1270 1029 ἐν
1284 1002 1374 1039 τρισὶν
1394 1002 1588 1029 ’Υποπάσεσιν
1601 1002 1648 1028 ἕνα
1657 1001 1724 1027 Θεὸν
1734 1001 1771 1033 ¹¹,
1787 998 1819 1027 οὗ
1832 1001 1880 1027 τὸν

1085 1049 1187 1084 κόσμον
1199 1048 1299 1080 ἀδίκως
1311 1049 1411 1075 οἰκεῖτε
1426 1047 1578 1084 ἔμπροσθεν
1592 1049 1647 1075 τῶν
1662 1047 1746 1075 αὐτοῦ
1759 1048 1880 1074 δικαίων

1083 1093 1238 1130 ὀφθαλμῶν.
1259 1094 1326 1121 Ἀλλ’
1343 1094 1390 1121 ἐὰν
1411 1094 1613 1130 μεταϐάλησθε
1625 1095 1659 1125 ’³,
1672 1095 1720 1121 καὶ
1737 1093 1812 1121 κατά
1827 1094 1879 1129 τὴν

1084 1139 1166 1167 αὑτοῦ
1195 1139 1311 1176 βιώσητε
1339 1140 1474 1176 βούλησιν,
1497 1141 1536 1172 είς
1559 1140 1652 1176 ἕτερον
1671 1140 1831 1176 ἐνεχθέντες
1856 1139 1879 1155 ’⁸

1083 1187 1179 1219 αἰῶνα,
1193 1187 1241 1214 καὶ
1258 1187 1337 1214 ἀΐδιοι
1360 1187 1507 1222 γινόμενοι,
1529 1186 1583 1213 τῶν
1606 1187 1772 1224 ἀπορρήτων
1791 1185 1877 1213 αὐτοῦ

1083 1233 1193 1267 ἀγαθῶν
1215 1232 1393 1259 ἀπολαύσετε·
1419 1232 1466 1258 ἐὰν
1487 1232 1515 1258 δὲ
1537 1231 1715 1267 ἀπειθήσητε,
1733 1231 1805 1266 μετά
1827 1231 1877 1266 τὴν

1082 1278 1186 1305 ἐνθένδε
1200 1279 1360 1310 ἀποὸίωσιν,
1376 1279 1415 1310 εἰς
1428 1278 1475 1305 τὸν
1498 1278 1580 1305 τόπον
1600 1277 1647 1304 τοῦ
1669 1278 1753 1313 πυρὸς
1771 1277 1877 1312 ἐμϐλη-

1082 1323 1208 1359 θήσεσθε,
1224 1324 1290 1351 ὅπου
1305 1324 1397 1356 ἀϊδίως
1411 1323 1595 1359 κολαζόμενοι,
1611 1324 1728 1358 ἀνόνητα
1749 1332 1875 1358 μεταμε-

1082 1370 1241 1406 ληθήσεσθε.
1264 1371 1292 1397 Ὀ
1308 1370 1362 1406 γὰρ
1377 1371 1427 1406 τῆς
1437 1371 1579 1406 μετανοίας
1592 1370 1697 1406 καιρὸς,
1712 1371 1728 1405 ἡ
1745 1370 1795 1397 νῦν
1810 1370 1876 1396 ἑκά-

1082 1426 1144 1444 στου
1171 1418 1227 1453 ζωὴ
1251 1417 1390 1453 τυγχάνει.
1415 1416 1508 1443 Ταῦτα
1524 1417 1572 1452 μὲν
1587 1414 1633 1443 οὖν
1647 1417 1750 1447 ἐκεῖνος
1769 1415 1874 1449 ἔλεγεν.

1088 1463 1158 1498 Ἐγὼ
1175 1464 1204 1490 δὲ
1227 1463 1333 1490 ἀκούων
1353 1463 1487 1498 ἠχθόμην,
1511 1463 1552 1489 ὅτι
1575 1463 1666 1497 μηδεὶς
1689 1463 1722 1489 ὲκ
1741 1463 1874 1489 τοσούτου

1081 1508 1199 1545 πλήθους
1212 1508 1375 1545 τηλικαύτην
1385 1508 1513 1543 ἀγγελίαν
1522 1508 1649 1540 ἀκούσας,
1666 1508 1712 1539 Εἰς
1728 1508 1872 1538 Ἰουδαίαν,

1081 1551 1153 1586 εἷπε,
1167 1554 1344 1590 πορεύσομαι,
1366 1553 1409 1580 ἶνα
1425 1553 1481 1585 ἴδω,
1497 1555 1520 1580 εί
1539 1550 1616 1584 οὗτος
1631 1553 1756 1588 ἀληθεύει
1772 1553 1872 1587 λέγων,

1083 1599 1121 1631 ὠς
1134 1600 1188 1636 ἀρα
1203 1599 1267 1631 Υἱὸς
1279 1599 1328 1626 τοῦ
1342 1599 1410 1626 Θεοῦ
1424 1599 1606 1635 ἐπιδεδήμηκε
1619 1601 1652 1635 τῇ
1675 1599 1791 1634 Ἰουδαίᾳ
1805 1599 1873 1625 αἰω-

1081 1646 1141 1678 νίας
1154 1654 1184 1672 τε
1198 1646 1244 1672 καὶ
1257 1645 1362 1681 ἀγαθῆς
1383 1646 1462 1681 χάριν
1476 1645 1592 1677 ἐλπίδος,
1612 1645 1660 1680 τὴν
1674 1644 1721 1670 τοῦ
1743 1645 1871 1679 πέμψαν.

1080 1700 1125 1724 τος
1146 1692 1252 1728 Πατρδς
1273 1691 1399 1727 βούλησιν
1420 1691 1621 1725 καταγγέλλων·
1642 1691 1703 1717 ἐπεὶ
1726 1692 1774 1717 καὶ
1801 1691 1872 1726 ὅπερ

1081 1737 1204 1772 λέγουσιν
1218 1738 1298 1765 αὑτὸν
1320 1738 1477 1773 κηρύσσειν,
1493 1737 1544 1764 οὐκ
1565 1737 1622 1763 ἐστι
1638 1737 1744 1773 μικρόν·
1768 1733 1806 1763 ὧν
1822 1737 1872 1771 μὲν

1080 1783 1135 1819 γὰρ
1147 1783 1196 1816 τὰς
1217 1783 1305 1819 ψυχὰς
1319 1783 1531 1814 διαϐεϐαιοῦται,
1547 1783 1671 1814 αἰωνίους
1689 1782 1790 1815 οὖσας,
1805 1784 1871 1811 αἰω-

1080 1830 1146 1857 νίων
1166 1830 1367 1857 ἀπολαύσεσθαι
1387 1830 1434 1856 καὶ
1450 1829 1503 1856 τῶν
1524 1829 1644 1864 ἀγαθῶν·
1659 1826 1696 1856 ὧν
1711 1829 1739 1856 δὲ
1755 1830 1786 1856 ὲν
1802 1830 1871 1864 πυρὶ

1079 1877 1202 1912 ἀσϐέστῳ
1217 1877 1352 1912 ριφείσας,
1363 1878 1402 1908 εἰς
1416 1875 1502 1903 αἰῶνα
1514 1875 1538 1892 ⁵⁸
1552 1875 1766 1911 κολασθήσεσθαι
1782 1875 1815 1903 ’⁸.

1117 1966 1182 1994 VIII.
1194 1967 1271 1994 Οὕτω
1287 1967 1352 2002 περὶ
1359 1966 1412 1992 τῶν
1422 1965 1523 1992 λοιπῶν
1533 1965 1613 2000 ἔχων,
1625 1963 1738 1990 τοιαῦτα
1747 1964 1870 2000 καὶπρὸς

1078 2013 1196 2048 ἐμαυτὸν
1212 2013 1313 2047 ἔλεγον·
1330 2012 1362 2039 Τί
1377 2012 1408 2048 δή
1435 2020 1499 2039 ποτε
1522 2011 1664 2047 μέμφομαι
1683 2010 1746 2042 τοὺς
1760 2010 1867 2041 ἄλλους,

1078 2058 1107 2084 ὲν
1123 2057 1172 2092 ἴσῳ
1190 2058 1240 2093 τῆς
1254 2057 1384 2092 ἀμελείας
1402 2057 1440 2084 ὦν
1461 2057 1575 2088 ἐκείνοις
1589 2056 1758 2091 ἐγκλήματι,
1777 2056 1824 2082 καὶ
1837 2056 1868 2082 οὐ

1079 2103 1209 2140 πρότερον
1234 2103 1279 2130 τὸν
1301 2103 1366 2138 ὲμὸν
1382 2102 1484 2134 διαθεὶς
1499 2103 1565 2138 βίον,
1581 2103 1620 2134 εἰς
1648 2102 1779 2128 Ἰουδαίαν
1802 2102 1866 2135 ἀφι-

1077 2149 1208 2184 κνοῦμαι,
1225 2149 1330 2186 μάρτυς
1356 2149 1410 2176 τῶν
1431 2150 1559 2176 τοιούτων
1574 2148 1654 2180 αὐτὸς
1670 2148 1866 2183 γενησόμενος

1078 2194 1166 2227 οὕτως
1181 2193 1228 2222 οὖν
1243 2195 1460 2230 βουλευσαμένῳ,
1477 2195 1560 2227 πολὺς
1572 2195 1586 2220 ό
1605 2193 1705 2229 μεταξὺ
1718 2193 1868 2228 διετρίϐετο

1078 2242 1182 2278 χρόνος,
1203 2242 1256 2268 τῶν
1282 2241 1414 2277 βιωτικῶν
1437 2250 1470 2276 με
1500 2240 1672 2277 πραγμάτων
1693 2238 1761 2274 πρὸς
1784 2239 1867 2265 ἑαυτὰ

1079 2287 1285 2324 περισπώντων,
1301 2287 1348 2313 καὶ
1361 2286 1530 2314 δυσεκλύτων
1548 2294 1592 2321 μοι
1609 2284 1768 2319 γινομένων.
1785 2282 1867 2314 Τέλος

1077 2333 1142 2368 γοῦν
1155 2334 1301 2370 συννοήσας
1316 2333 1362 2359 τὸν
1380 2332 1436 2368 βίον
1447 2333 1521 2364 ὅπως
1539 2331 1654 2362 ἅστατός
1668 2331 1725 2356 ἐστι
1738 2329 1785 2355 καὶ
1798 2328 1867 2354 ἀνώ-

1079 2379 1172 2416 μαλος,
1187 2377 1246 2406 εἶτα
1270 2379 1317 2406 καὶ
1337 2379 1382 2405 τὸν
1396 2378 1496 2414 προτοῦ
1516 2378 1610 2414 χρόνον
1626 2376 1732 2403 ἅπαντα
1751 2374 1863 2408 διαμνη-

1081 2427 1225 2464 μονεύσας,
1236 2427 1310 2457 ὅπως
1324 2424 1524 2460 ὑποσαινούσης
1538 2433 1570 2459 με
1586 2424 1629 2449 ἀεὶ
1643 2422 1693 2456 τῆς
1707 2422 1813 2453 ἐλπίδος
1824 2423 1863 2452 εἰς

1077 2473 1157 2509 δεῦρο
1171 2472 1334 2508 παρέμεινα,
1351 2471 1398 2498 κα)⁸
1415 2471 1455 2497 ὃτι
1465 2470 1551 2502 οὕτως
1563 2468 1754 2504 ἀσχολούμενοι
1767 2467 1865 2499 πάντες

1077 2519 1216 2553 ἂνθρωποι
1232 2518 1394 2553 θνῄσκομεν,
1409 2516 1443 2543 τὰ
1457 2516 1545 2542 πάντα
1557 2523 1608 2550 μου
1622 2514 1659 2546 ὡς
1672 2514 1765 2548 ἔτυχεν
1776 2513 1862 2547 ἀςεὶς,

1076 2566 1116 2597 εἰς
1143 2564 1244 2592 Πόντον
1267 2565 1304 2599 (5)
1319 2563 1399 2594 εὐθὺς
1421 2562 1553 2598 ὥρμησα,
1575 2561 1622 2587 καὶ
1639 2561 1678 2591 εἰς
1699 2559 1744 2586 τὸν
1769 2559 1863 2594 λιμένι

867 2625 985 2652 νΑιιιᾹι]
1006 2623 1206 2652 LECTIONES.

272 2694 294 2709 "‘
310 2694 345 2720 al.
361 2694 460 2728 μεῖζον.
501 2694 523 2709 ¹⁹
540 2693 575 2720 al.
591 2692 749 2730 inserivﬁv;
776 2692 840 2730 ‘fal.
856 2693 940 2730 inser.
957 2695 1067 2730 πατρὸς.

237 2726 408 2765 ιιέιιιιιίυηειξς]
428 2736 523 2765 parum
543 2729 705 2756 necessaria.
723 2727 853 2755 Similiter
868 2726 1019 2755 alibi.(lor.'
1058 2731 1121 2757 “al.
1141 2726 1338 2765 μεταϐάλησθε.
1376 2729 1439 2754 "al.
1457 2726 1625 2762 ἀναχθέντες.

236 2763 259 2778 ’⁵
276 2764 309 2790 al.
323 2763 419 2796 κολάζε
424 2763 495 2790 σθαι.

1103 2695 1124 2711 ¹¹
1135 2695 1187 2721 Τὺν
1203 2696 1232 2721 ἐν
1246 2694 1334 2730 τρισὶν
1350 2693 1545 2720 ’Υποστάσεσιν
1555 2691 1602 2717 ἕνα
1612 2690 1688 2717 Θεὸν.
1718 2689 1766 2716 Pia
1783 2689 1858 2715 inter—

1105 2731 1110 2751 I
1142 2730 1338 2751 ιιεττῦἷᾶλγιτῖῧε.
1376 2729 1439 2751 "nl.
1457 2726 1625 2751 ἀνανθέντεε.
1665 2724 1731 2751 "al.
1753 2725 1855 2751 αἰῶνας.

1695 2732 1731 2751 al.
1753 2732 1855 2754 atwvzg.

900 2797 1055 2826 VARIORU
1061 2797 1085 2825 Μ
1104 2797 1218 2824 NOT/E.

272 2845 310 2878 (3)
341 2844 422 2873 Forte
447 2845 563 2881 Πόρτον,
588 2844 717 2877 Portum;
736 2853 848 2880 nempe,
870 2844 1034 2872 Romanum.
1057 2844 1122 2872 Vide
1142 2844 1300 2879 Martyrium
1321 2841 1431 2877 Iguatii,
1451 2849 1478 2868 nt
1500 2848 1541 2873 vr,
1564 2844 1590 2867 ct
1607 2837 1690 2872 infra,
1705 2847 1735 2866 n.
1751 2847 1851 2867 LIIYIIL

237 2879 320 2908 Cum.
