1917 3100
59 174 99 201 ι77

57 234 127 262 ἐλθών
137 242 164 260 τε
179 235 224 261 καὶ
234 234 371 271 ἀναχθεὶς,
387 234 494 270 ἀνέμων
507 235 683 267 ἀντιπνοίαις,
701 235 761 262 ἀντὶ
770 234 817 262 τοῦ
832 238 855 265 Α

57 280 90 310 είς
107 278 227 306 Ἰουδαίαν
240 281 369 316 κατᾶραι,
382 280 552 316 προσώκειλα
565 282 598 316 τῇ
623 280 817 316 Ἀλεξανδρείᾳ.

62 323 122 350 Ἐκεῖ
138 324 165 351 δὲ
187 325 350 359 συνεφοίτων
376 327 432 357 τοῖς
456 326 629 361 φιλοσόφοις,
657 326 819 362 πνευμάτων

56 369 168 406 ἐπηρείας
179 370 228 405 ήδη
244 379 289 405 μοι
307 370 353 397 τὸν
372 370 456 398 πλοῦν
470 371 632 407 ἐπεχούσης,
644 372 691 398 καὶ
707 371 741 398 τὰ
757 372 820 407 περὶ

56 415 95 450 τῆς
107 415 203 450 φήμης,
215 415 249 451 ήν
262 417 276 442 ό
292 417 386 450 φανεὶς
396 417 424 443 ἐν
441 416 532 452 Ῥώμῃ
545 417 689 452 διήγγειλε,
703 417 750 444 καὶ
759 417 820 444 τίνα

55 470 79 495 γε
90 461 104 488 ἃ
116 461 300 496 καταγγέλλοι,
321 462 414 497 σαφῶς
428 463 532 490 ἕκαστα
548 463 707 497 καταλέγειν
717 462 816 498 ἠξίουν.

55 507 79 532 Οἱ
91 507 124 537 δέ,
141 507 259 533 Φανέντα
281 508 341 542 μὲν,
364 506 450 540 εἷπον,
472 509 502 535 ὲν
527 507 619 544 Ῥώμῃ
641 508 740 535 τοιόνδε
759 508 819 536 τινὰ

53 552 108 583 ὅλως
124 552 169 578 οὐκ
185 551 273 587 ῐσμεν·
290 553 355 589 περὶ
366 553 394 579 δὲ
408 552 455 580 τοῦ
476 554 506 580 ὲν
529 553 644 589 Ἰουδαία
660 553 817 589 γενομένου,

54 597 91 622 καὶ
102 597 160 623 Υίοῦ
173 597 238 624 Θεοῦ
260 598 314 625 ὑπὸ
331 599 382 634 τῆς
395 599 488 634 φήμης
507 599 719 634 κηρυττομένου,
744 597 818 633 παρὰ

54 642 140 669 πολλῶν
160 643 213 670 τῶν
239 644 344 671 ὲκεῖοεν
365 644 548 680 ἐληλυθότων,
573 644 740 680 ἠκούσαμεν,
769 643 816 670 καὶ

54 689 105 723 περὶ
118 688 219 715 πάντων
229 686 267 717 ὧν
282 690 370 716 ἐποίει
388 690 435 717 καὶ.
452 689 522 726 ψιλῷ
534 690 574 726 τῷ
594 691 695 726 ῥήματι
709 689 816 725 θαυμα-

54 733 106 760 σίων
119 734 260 770 ἐμάθομεν.

78 823 116 852 IX.
124 824 199 860 Ἑμοῦ
209 825 238 853 δὲ
250 826 382 858 εἰπόντος·
391 825 539 862 ἐϐουλόμην
547 826 600 853 τινὶ
608 826 662 854 τῶν
669 826 692 845 ³⁸
698 826 817 862 ἑωρακό-

52 879 94 896 των
107 871 179 898 αὐτὸν
190 872 382 906 συγγενέσθαι,
396 872 443 899 καὶ
453 872 503 899 ὅσα
513 872 589 899 ποθῶ
600 872 694 907 μαθεῖν
700 871 815 899 ἀκοῦσαι

441 172 668 201 CLEMENTINA.
686 189 720 194 —
739 172 888 201 EPITOME
906 173 948 201 DE
959 174 1080 202 GESTlS
1098 174 1126 202 S.
1142 173 1255 202 PETRI.

1545 178 1547 182 '
1603 176 1654 203 478

869 235 902 262 ad
918 243 992 263 mare
1014 236 1174 270 properavi;
1197 241 1225 263 et
1248 235 1275 262 in
1290 234 1406 263 Pontum
1424 243 1551 269 vemens,
1573 240 1654 272 atque

870 281 1036 314 subvectus,
1060 281 1148 308 ventis
1172 281 1394 312 adversantibus,
1424 289 1474 316 pro
1501 281 1593 309 Judaaa
1619 289 1651 310 an

869 334 952 361 quam
977 326 1076 354 deferri
1099 327 1257 361 cupiebam,
1278 327 1468 354 Alexandriam
1495 329 1595 363 appuli.
1615 329 1651 356 lbi

869 377 960 400 autem
998 373 1030 399 ad
1069 372 1246 407 philosophos
1284 373 1447 400 ventilabam
1489 374 1651 409 (ventorum

869 418 968 452 quippe
983 418 1025 444 vis
1036 417 1124 444 adhuc
1134 417 1332 451 navigationem
1345 417 1505 451 inhibebat),
1518 417 1652 452 petebam-

869 471 923 498 que
940 467 969 490 ut
996 462 1103 497 singula
1129 463 1202 490 clare
1225 467 1385 489 enarrareut
1409 463 1444 490 de
1471 470 1503 490 eo
1531 471 1650 496 rumore,

869 517 948 544 quem
966 509 988 537 is
1004 509 1050 544 qui
1065 508 1158 536 Romae
1175 514 1337 544 conspectus
1349 509 1435 536 fuerat
1451 510 1650 541 annuntiasset.

869 562 902 583 ac
916 562 1039 589 quaenam
1061 555 1106 582 ille
1124 555 1299 589 divulgasset.
1317 555 1351 581 At
1369 555 1406 582 illi
1429 556 1627 589 responderunt
1643 564 1650 582 :

869 601 943 629 Talis
958 600 1091 636 quispiam
1107 609 1141 627 an
1154 599 1247 627 Roma!
1266 600 1342 627 visus
1359 599 1450 632 fuerit,
1465 600 1545 634 plane
1561 601 1651 627 nesei-

868 655 946 679 mus;
965 647 998 674 de
1019 654 1052 674 eo
1076 650 1165 672 autem
1185 646 1230 681 qui
1252 646 1278 672 in
1299 645 1391 673 Iudaea
1413 645 1502 681 degit,
1525 652 1552 672 et
1566 645 1652 672 Filius

867 691 915 719 Dei
929 699 990 719 esse
1001 699 1016 718 a
1029 690 1100 718 lama
1117 691 1290 726 praedicatur,
1307 691 1461 718 audivimus
1474 698 1489 717 a
1500 691 1593 718 multis
1604 691 1650 725 qui

867 736 941 764 illinc
956 740 1100 769 venerunt,
1116 740 1143 763 et
1163 736 1346 763 intelleximus
1363 736 1396 763 de
1411 736 1582 764 mirabilibus
1593 743 1652 763 om-

867 782 948 810 nibus
961 789 1021 816 qua
1036 782 1095 809 solo
1105 781 1186 808 etiam
1199 781 1282 808 verbo
1297 781 1391 808 edidit.

902 825 947 852 IX.
960 825 993 852 Et
1005 833 1067 853 eum
1084 826 1202 853 dicerem
1213 833 1312 859 cupere
1327 833 1370 851 me
1385 825 1412 851 in
1424 825 1591 860 colloquium
1606 833 1653 853 ve-

867 872 925 899 nire
940 879 1002 899 cum
1018 872 1110 907 aliquo
1126 878 1222 898 eorum
1245 871 1291 906 qui
1313 871 1387 897 illum
1410 871 1552 904 vidissent,
1570 876 1652 906 atque

52 916 102 951 περὶ
114 916 198 949 αὐτοῦ,
215 917 398 950 ὑπολαϐόντες
411 917 518 950 ἐκεῖνοι,
537 918 615 944 Ἐστι
631 927 673 950 τις
691 918 814 948 ἐνταῦθα.

868 917 901 945 de
915 925 948 945 eo
963 917 1057 945 audire
1068 924 1237 952 quascunque
1249 916 1320 943 scire
1331 924 1473 950 cuperem;
1486 917 1651 951 excipientes

51 961 126 994 φασιν,
139 962 168 988 οὐ
184 962 264 998 μόνον
278 963 424 999 ἱστορήσας
435 963 526 994 αὐτὸν,
543 963 610 990 ἀλλά
621 965 668 990 καὶ
682 965 731 1000 τῆς
747 965 818 990 έκεῖ-

51 1006 85 1032 θεν
98 1008 144 1043 γῆς
156 1009 299 1044 ὑπάρχων,
315 1009 387 1045 ἀνὴρ
397 1009 488 1044 τίμιος
498 1009 610 1045 ὀνόματι
621 1009 773 1044 Βαρνάϐας,
787 1010 818 1042 ὃς

49 1051 87 1078 ενα
97 1054 137 1080 καὶ
149 1054 203 1080 τῶν
224 1053 310 1081 αὑτοῦ
327 1054 454 1090 μαθητῶν
470 1054 564 1081 ἑαυτὸν
577 1052 648 1082 εῖναι
667 1054 751 1089 λέγει,
770 1055 817 1082 καὶ

49 1098 145 1126 ἐνταῦθα
166 1108 217 1126 που
240 1100 432 1136 καθεζόμενος,
448 1100 482 1127 τά
497 1102 561 1136 παρ’
572 1101 675 1128 ἐκείνου
696 1101 817 1137 ὑπεσχη-

49 1143 103 1177 μένα
119 1146 169 1176 τοῖς
190 1145 246 1172 τῶν
264 1145 394 1173 τοιούτων
419 1147 520 1180 ἀξίοις,
536 1147 651 1182 ἑτοίμως
671 1146 710 1182 τῷ
725 1147 817 1182 βουλο-

49 1189 107 1224 μένῳ
119 1189 232 1222 διέξεισι.
246 1191 304 1218 Καὶ
315 1191 384 1226 δῆτα
397 1192 443 1218 τὸν
457 1191 538 1218 τόπον
553 1192 713 1219 καταλαϐὼν
727 1193 768 1224 εἰς
786 1193 816 1220 δν

47 1234 125 1270 όάνὴρ
142 1235 228 1263 εἰώθει
244 1236 420 1269 καθέζεσθαι,
440 1237 487 1264 καὶ
503 1237 585 1273 μέρος
607 1237 654 1264 κα)⁴
667 1237 748 1269 αὐτὸς
767 1237 815 1264 τοῦ

47 1282 236 1316 περιεστηκότος
257 1282 379 1318 πλήθους
395 1283 551 1319 γενόμενος,
573 1284 655 1320 ἔστην
671 1285 815 1312 ἐπακούων

46 1326 89 1352 τῶν
101 1325 257 1362 λεγομένων,
272 1329 322 1355 καὶ
340 1329 480 1356 συνενόουν
497 1329 602 1366 τάληθῆ
614 1330 644 1357 οὐ
659 1330 813 1367 διαλεκτικῇ

47 1371 89 1397 τινὶ
103 1371 177 1408 τέχνῃ
191 1373 354 1401 διδάσκοντα
367 1374 472 1407 τοῦτον,
488 1375 544 1402 ἀλλ’
560 1376 815 1412 ἀπαρασκευάστοις

45 1416 102 1444 οὕτω
110 1419 154 1445 καὶ
163 1419 256 1451 ἁπλῶς
269 1420 460 1461 ὲκτιθέμενον,
468 1421 485 1448 ἀ
495 1430 525 1448 τε
536 1422 636 1457 ήκουσε
650 1423 695 1449 καὶ
707 1422 813 1459 ἑώρακε

44 1462 80 1489 τὸν
91 1463 131 1490 τοῦ
144 1464 210 1491 Θεοῦ
225 1466 346 1500 φανέντα
361 1466 424 1493 Υίὸν
436 1467 615 1502 πεποιηκέναι
630 1476 660 1494 τε
674 1468 722 1495 καὶ
738 1469 814 1505 εῑρη-

45 1508 115 1537 κέναι.
129 1511 243 1544 Πολλοὺς
256 1512 287 1539 δὲ
310 1512 450 1548 μάρτυρας
465 1513 518 1540 τῶν
536 1514 582 1540 ὑπ’
597 1513 679 1541 αὺτοῦ
697 1514 813 1550 λεγομέ-

45 1555 294 1607 νων-θαυμασίωνιτε
307 1559 355 1585 καὶ
366 1558 462 1593 λόγων,
472 1559 502 1592 ἐξ
510 1559 594 1586 αὐτοῦ
609 1559 656 1587 τοῦ
672 1561 814 1597 παρεστῶ-
827 1577 848 1607 c

44 1608 80 1632 τος
90 1601 161 1637 ὄχλου
175 1604 334 1639 παρείχετο.

70 1645 99 1673 Χ.
118 1648 187 1675 Ἐπεὶ
196 1649 225 1676 δὲ
240 1650 312 1686 πρὸς
325 1649 359 1677 τά
369 1651 434 1687 παρ’
444 1650 526 1677 αὑτοῦ
544 1651 726 1687 ἀπανούργως
738 1652 815 1687 λεγό-

45 1700 100 1726 μενα
112 1694 192 1729 ἡδέως
212 1696 238 1722 οἱ
252 1695 328 1731 ὄχλοι
341 1696 486 1729 διέκειντο,
504 1697 530 1723 οι
552 1697 585 1724 ἐκ
608 1698 733 1730 παιδείας
768 1707 815 1725 κο-

44 1739 127 1774 σμικῆς
146 1740 302 1777 ὁρμώμενοι
329 1741 484 1777 φιλόσοφοι,
507 1742 646 1778 χλευάζειν
659 1744 740 1771 αὑτὸν
767 1745 815 1771 καὶ

43 1783 109 1820 γελᾷν
127 1786 294 1822 ἐπειρῶντο,
311 1787 482 1820 σκώπτοντες
501 1789 614 1825 ἀμέτρῳ
636 1789 742 1825 θράσει,
768 1791 815 1818 καὶ

43 1828 201 1866 διασύροντες,
216 1834 265 1860 καὶ
280 1831 325 1860 οἷα
349 1834 476 1869 μεγάλοις
499 1834 591 1867 ὅπλοις
614 1837 670 1867 τοῖς
693 1835 815 1870 συλλογι-

45 1877 109 1909 σμοῖς
121 1880 177 1904 κατ’
185 1879 269 1906 αὐτοῦ
285 1880 429 1916 χρώμενοι.
439 1881 468 1907 '0
477 1881 506 1907 δὲ
518 1880 712 1916 ἀπωθούμενος
725 1882 814 1910 αὐτῶν

44 1919 79 1947 τὸν
97 1922 181 1959 λῆρον,
199 1925 230 1952 οὺ
250 1925 412 1962 συνέτρεχεν
432 1927 522 1954 αὐτῶν
536 1928 570 1962 τῇ
586 1927 731 1963 πανούργῳ
748 1927 814 1954 πεύ-

45 1973 85 1997 σει,
98 1968 158 1995 ἀλλά
167 1971 213 1997 καὶ
226 1971 438 2007 ἀκατάπληκτος
453 1972 491 1999 ὢν
501 1972 590 2007 λέγειν
604 1973 654 1999 οὐκ
669 1973 811 2008 ἀφίστατο.

44 2011 88 2038 Καί
107 2016 168 2041 ποτέ
187 2024 229 2048 τις
249 2017 402 2050 διαπαίζων
424 2018 503 2054 δῆθεν
529 2018 611 2045 αὑτὸν
637 2018 812 2046 ὲπυνθάνετο’

44 2058 83 2085 Διά
94 2061 126 2092 τί,
139 2058 160 2088 ὦ
172 2063 215 2089 νέε
225 2063 382 2095 διδάσκαλε,
397 2063 496 2099 κώνωψ
513 2064 631 2098 ἐγένετο,
649 2065 696 2090 καὶ
711 2064 811 2100 βραχύ-

44 2111 109 2137 τατος
120 2107 164 2139 ὢν,
188 2108 218 2141 ἐξ
232 2109 318 2140 πόδας
332 2109 401 2144 ἔχων
424 2110 472 2136 καὶ
494 2110 583 2146 πτερά
605 2110 699 2146 φέρεν
715 2110 814 2145 ἐλέφας

43 2148 65 2175 δὲ
83 2151 109 2178 τὺ
128 2154 250 2188 μέγιστον
266 2155 336 2187 ζῶον
354 2156 471 2191 ἄπτερος
487 2155 538 2187 ὢν,
558 2156 695 2192 τέσσαρας
717 2156 814 2191 μόνους

44 2194 88 2230 ἔχει
100 2199 189 2232 πόδαςς
206 2201 235 2226 '0
249 2201 280 2228 δὲ
290 2200 339 2236 τὴν
348 2201 521 2228 διδασκαλίαν
535 2202 604 2237 πρὸς
616 2201 665 2237 τὴν
679 2201 813 2238 ἐρώτησιν

867 963 906 991 illi
922 964 1051 991 dixerunt
1064 971 1071 989 :
1089 962 1137 990 Est
1152 963 1197 990 hic
1210 963 1332 997 quidam,
1350 962 1398 997 qui
1413 970 1467 989 non
1482 963 1570 989 solum
1584 963 1652 990 vidit

867 1017 941 1042 eum,
956 1009 1003 1037 sed
1020 1013 1048 1036 et
1068 1016 1102 1036 ex
1124 1016 1158 1036 ea
1176 1008 1286 1043 regione
1309 1007 1444 1035 Oriundes
1455 1012 1507 1041 est,
1521 1008 1651 1041 eximius,

866 1055 978 1083 nomine
998 1054 1149 1087 Barnabas,
1170 1054 1217 1089 qui
1240 1061 1271 1081 se
1292 1053 1374 1081 etiam
1389 1054 1426 1081 ait
1443 1062 1527 1081 unum
1541 1062 1603 1082 esse
1617 1063 1652 1082 ex

866 1101 1008 1136 discipulis
1022 1101 1114 1134 illius;
1137 1104 1165 1127 et
1185 1100 1229 1127 hic
1243 1099 1344 1126 alicubi
1359 1100 1466 1132 sedens,
1480 1108 1541 1135 quae
1555 1101 1590 1128 ab
1604 1101 1652 1128 illo

865 1148 1002 1184 promissa
1018 1152 1092 1181 sunt,
1108 1146 1204 1174 talium
1228 1146 1329 1181 dignis,
1353 1146 1378 1173 ei
1403 1146 1450 1181 qui
1473 1145 1537 1173 velit
1558 1152 1652 1173 narrat
1674 1153 1678 1157 '

866 1195 947 1223 ultro.
963 1194 996 1222 Et
1009 1194 1119 1230 quidem
1133 1193 1167 1220 ad
1180 1192 1271 1220 locum
1285 1191 1312 1218 in
1322 1191 1378 1226 quo
1390 1192 1431 1218 vir
1446 1191 1542 1219 sedere
1553 1191 1652 1220 solitus

865 1244 925 1268 erat
944 1240 1018 1272 veni,
1036 1244 1117 1274 atque
1128 1239 1185 1274 ipse
1199 1244 1309 1273 quoque
1320 1244 1385 1272 pars
1399 1236 1437 1264 fui
1449 1237 1651 1264 circumstantis

865 1284 1059 1317 multitudinis,
1072 1284 1190 1319 stetiqne
1200 1284 1314 1312 audiens
1337 1291 1398 1320 quae
1417 1282 1523 1310 dicebat
1539 1290 1545 1308 :
1563 1290 1595 1310 ac
1608 1283 1652 1309 iu-

865 1330 956 1358 tellexi
970 1337 1035 1357 vera
1056 1337 1119 1357 eum
1144 1336 1197 1356 non
1222 1329 1364 1358 dialectica
1386 1329 1442 1357 ulla
1459 1333 1517 1356 arte
1540 1328 1650 1360 docere,

864 1375 913 1404 sed
928 1375 996 1403 adeo
1009 1375 1068 1402 sine
1083 1374 1314 1410 praemeditatione
1335 1383 1368 1403 ac
1387 1373 1548 1409 simpliciter
1568 1380 1652 1407 expo-

864 1432 930 1452 nere
943 1431 1006 1459 quae
1016 1423 1141 1451 audierat
1152 1427 1178 1450 et
1195 1423 1300 1451 viderat
1315 1423 1362 1451 Dei
1379 1423 1489 1454 Filium,
1506 1422 1553 1457 qui
1569 1429 1652 1456 appa-

864 1471 930 1503 ruit,
945 1469 1044 1497 fecisse
1058 1477 1090 1496 ac
1106 1469 1220 1497 dixisse.
1235 1469 1336 1497 Multos
1350 1473 1440 1497 autem
1456 1472 1540 1496 testes
1559 1468 1652 1495 verbo-

864 1524 925 1544 rum
941 1524 973 1544 ac
989 1515 1157 1543 mirabilium
1173 1523 1234 1551 quae
1258 1516 1292 1543 ab
1310 1516 1370 1551 ipso
1384 1514 1604 1551 proferebantur,
1617 1521 1651 1541 ex

865 1558 924 1598 ipsa
939 1562 1084 1590 assistente
1099 1562 1176 1597 plebe
1188 1561 1366 1597 producebat.

899 1650 935 1678 Χ.
951 1649 1051 1678 Verum
1066 1650 1131 1686 quia
1143 1650 1176 1678 ad
1197 1658 1229 1678 ea
1245 1657 1306 1685 quae
1322 1650 1356 1677 ab
1377 1649 1436 1685 ipso
1450 1650 1564 1678 candide
1578 1649 1652 1677 dice-

865 1696 976 1729 bantur,
995 1696 1111 1724 libenter
1130 1696 1246 1731 populus
1261 1696 1466 1730 acquiescebat;
1482 1696 1650 1730 philosophi,

865 1747 960 1777 utpote
973 1742 1020 1777 qui
1032 1750 1066 1770 ex
1083 1743 1197 1778 hujusce
1213 1742 1307 1769 mundi
1323 1742 1466 1776 disciplina
1482 1741 1650 1776 prodierant,

865 1788 999 1816 ludiﬁcari
1015 1795 1078 1816 eum
1089 1795 1121 1815 ac
1135 1787 1224 1815 ridere
1236 1787 1423 1820 ordiebantur,
1441 1787 1585 1814 immodica
1602 1794 1652 1814 au-

864 1833 942 1861 dacia
966 1834 1123 1861 cavillantes
1143 1837 1224 1868 atque
1245 1833 1354 1868 probris
1367 1833 1545 1865 incessentes,
1561 1836 1588 1859 et
1602 1831 1652 1859 ad-

863 1886 960 1906 versus
968 1887 1030 1906 eum
1043 1883 1149 1906 utentes
1164 1878 1329 1914 syllogismis
1345 1883 1476 1916 ta'nquam
1497 1878 1583 1905 armis
1601 1885 1651 1912 po-

865 1925 996 1952 tentibus.
1013 1924 1049 1952 At
1064 1925 1109 1952 ille
1128 1924 1244 1959 ineptias
1262 1931 1358 1951 eorum
1381 1924 1523 1959 repellens,
1541 1928 1651 1951 versute

864 1971 986 2006 ipsorum
999 1970 1204 2006 interrogationi
1227 1978 1282 1997 non
1303 1971 1474 2003 occurrebat,
1487 1978 1581 1997 verum
1598 1970 1650 2000 im-

863 2019 1025 2055 perterritus
1042 2025 1096 2045 non
1113 2017 1256 2045 desinebat
1269 2016 1357 2051 loqui.
1375 2015 1407 2043 Et
1426 2016 1574 2051 aliquando
1588 2016 1651 2050 qui—

863 2065 926 2092 dam
944 2064 1116 2100 jocabundus
1136 2063 1250 2098 rogabat
1264 2070 1327 2089 eum
1344 2070 1350 2087 :
1368 2062 1468 2095 Quare,
1485 2069 1501 2088 ο
1516 2070 1585 2089 nove
1599 2062 1650 2089 du-

863 2115 932 2143 ctor,
946 2111 983 2137 ita
1009 2110 1098 2137 factus
1123 2113 1165 2137 est
1178 2108 1268 2140 culex,
1287 2113 1317 2135 ut
1328 2108 1458 2134 minimus
1474 2107 1608 2139 existens,
1623 2111 1651 2134 et

863 2163 910 2183 sex
926 2155 1007 2190 pedes
1029 2155 1143 2188 habens,
1164 2154 1330 2189 insuperque
1347 2153 1405 2181 alas
1424 2156 1519 2187 gerat;
1539 2153 1650 2187 elephas

862 2209 939 2234 vero,
952 2201 1102 2229 maximum
1117 2200 1230 2233 animal,
1245 2208 1308 2227 cum
1330 2203 1422 2227 careat
1444 2199 1495 2226 alis
1507 2219 1514 2232 ,
1532 2203 1650 2233 quatuor

45 2243 125 2278 μικρὸν
137 2246 263 2282 ἐπισχὼν,
276 2248 403 2283 οὐδεμιᾶς
417 2249 508 2284 μέντοι
517 2248 556 2283 τῷ
564 2249 733 2284 έρωτήσαντι
747 2248 814 2284 πρὸς

867 2252 972 2276 tantum
991 2247 1072 2283 pedes
1084 2247 1200 2275 habeat?
1215 2246 1262 2274 Ille
1278 2250 1369 2273 autem
1381 2246 1506 2273 doctrina
1518 2245 1550 2272 ad
1567 2245 1650 2272 inter-

43 2288 113 2315 ταῦτα
134 2292 260 2326 μεταδοὺς
286 2293 472 2328 ἀποκρίσεως,
496 2294 542 2321 τὸν
566 2295 614 2321 ἀπ’
628 2294 716 2330 ἀρχῆς
739 2293 814 2329 αὐτῷ

44 2336 200 2371 προκείμενον
222 2337 304 2370 αὖθις
325 2339 494 2375 ἀνελάμϐανε
517 2339 604 2374 λόγον·
628 2339 715 2374 τούτῳ
743 2339 814 2375 μόνῳ

44 2382 159 2418 προοιμίῳ
179 2384 239 2410 καθ’
258 2385 379 2420 ἑκάστην
393 2385 513 2421 έγκοπὴν
535 2385 690 2421 χρώμενος·
720 2386 814 2420 Ἡμεῖς

44 2424 81 2451 τοῦ
93 2427 239 2464 πέμψαντος
248 2432 324 2466 ἡμᾶς
339 2431 401 2463 τοὺς
417 2431 512 2465 λόγους
526 2431 630 2462 καὶτὰς
646 2430 814 2466 θαυμασίους

45 2472 140 2506 πράξεις
163 2477 248 2503 εἰπεῖν
264 2477 329 2512 ὑμῖν
345 2477 424 2512 μόνον
441 2477 538 2513 ἔχομεν
553 2477 677 2512 ἐντολὴν,
693 2477 740 2503 καὶ
754 2477 814 2503 ἀντὶ

45 2516 85 2552 τῆς
98 2518 200 2556 λογικῆς
219 2522 383 2554 ἀποδείξεως
407 2523 549 2560 μάρτυρας
569 2522 726 2558 παρέχομεν
749 2523 813 2558 ὑμῖν

45 2564 88 2590 τῶν
101 2565 207 2594 ἐνταῦθα
230 2568 414 2604 παρεστώτων
429 2569 551 2600 πολλούς·
570 2568 663 2595 λοιπὸν
683 2568 733 2603 τῆς
747 2569 813 2603 ὑμε-

46 2609 112 2644 τέρας
130 2613 199 2640 ἐστὶν
212 2607 357 2647 ἐξουσίας,
382 2616 503 2642 ὑπείκειν
522 2615 539 2650 ἢ
563 2615 696 2642 ἀπειθεῖν.
711 2615 764 2642 Τοῦ
784 2617 812 2643 δὲ

47 2653 119 2689 λέγειν
131 2658 191 2694 ὑμῖν
204 2660 234 2686 τὺ
249 2662 399 2696 συμφέρον,
413 2662 445 2688 οὺ
458 2662 617 2697 παύσομαι,
631 2662 673 2688 ὅτι
687 2662 749 2697 ἐμοὶ
764 2663 813 2697 μὲν

46 2698 118 2735 ζημία
129 2704 157 2731 τὸ
173 2708 288 2742 σιωπᾷν,
305 2708 369 2742 ὑμῖν
385 2707 413 2734 δὲ
430 2707 461 2734 τὸ
481 2707 603 2734 ἀπειθεῖν
619 2708 715 2743 βλάὸη.
737 2709 811 2735 Ἐδυ-

47 2746 121 2784 νάμην
135 2751 180 2785 μὲν
189 2751 235 2780 οὖν
249 2754 296 2780 καὶ
309 2754 422 2781 είκαίων
437 2753 514 2790 ὑμῶν
528 2754 732 2790 προῦλημάτων
746 2755 813 2782 ἀπο-

46 2791 123 2821 δοῦναι
142 2798 188 2830 τὰς
208 2800 368 2833 ἀποδείξεις,
383 2801 439 2835 εἴγε
458 2800 613 2836 φιλαλήθως
633 2800 726 2836 ἐώρων
741 2801 812 2836 ὑμᾶς

48 2841 100 2874 περὶ
119 2843 212 2872 τούτων
234 2847 463 2882 πυνθανομένους·
489 2847 618 2879 κώνωπος
639 2847 668 2874 δὲ
687 2848 734 2874 καὶ
756 2847 812 2874 ὲλέ-

49 2892 131 2920 ἳαντος
152 2891 197 2928 τὴν
218 2894 305 2921 αἰτίαν
326 2893 377 2929 τῆς
402 2893 529 2930 διαφόρου
550 2894 743 2930 δημιουργίας,
764 2893 810 2920 νῦν

864 2296 1034 2330 rogationem
1051 2294 1189 2328 paulisper
1210 2292 1341 2325 cohibita,
1356 2292 1431 2318 nullo
1446 2297 1536 2318 tamen
1553 2290 1587 2318 de
1605 2290 1649 2318 bis

863 2341 927 2369 dato
942 2347 1076 2375 responso
1098 2340 1133 2375 ad
1156 2346 1219 2366 eum
1235 2338 1281 2373 qui
1304 2338 1530 2372 interrogaverat,
1545 2343 1650 2364 sermo—

863 2394 925 2414 nem
941 2394 1022 2421 quem
1045 2386 1080 2413 ab
1101 2385 1178 2412 initio
1203 2385 1256 2412 sibi
1278 2388 1459 2420 proposuerat
1482 2383 1647 2417 resumpsit;

863 2433 916 2460 hoc
938 2432 997 2460 solo
1020 2436 1100 2459 utens
1116 2430 1252 2466 prommio
1266 2430 1293 2456 in
1307 2436 1472 2464 unaquaque
1494 2427 1650 2462 interpella-

863 2479 937 2506 tione
952 2477 1054 2505 :Nobis
1068 2478 1260 2505 demandatum
1277 2475 1447 2503 solummodo
1463 2478 1514 2506 est,
1529 2479 1559 2501 ut
1573 2473 1650 2501 vobis

863 2532 1003 2552 sermones
1024 2531 1056 2551 ac
1080 2522 1215 2550 mirabilia
1241 2521 1311 2548 facta
1337 2521 1412 2547 illius
1435 2520 1482 2554 qui
1502 2518 1577 2546 misit
1598 2526 1649 2545 nos

862 2578 1039 2602 enarremus;
1056 2577 1089 2596 ac
1111 2576 1160 2603 pro
1174 2566 1409 2595 demonstratione
1429 2565 1570 2592 dialectica
1583 2585 1590 2596 ,
1610 2568 1650 2590 te-

863 2620 917 2643 stes
927 2615 1005 2642 vobis
1018 2614 1194 2649 producimus
1211 2619 1306 2639 eorum
1322 2611 1369 2646 qui
1386 2610 1431 2638 hic
1450 2610 1559 2637 adstant
1576 2609 1649 2637 mul-

861 2665 904 2688 tos
926 2670 932 2687 :
947 2665 1074 2687 caeterum
1090 2659 1117 2685 in
1134 2662 1222 2685 vestra
1242 2660 1376 2691 potestate
1388 2660 1440 2688 est,
1460 2654 1587 2690 obsequi,
1605 2654 1649 2682 vel

862 2707 944 2734 tidem
958 2713 1013 2733 non
1027 2705 1138 2732 habere.
1152 2703 1209 2738 Ego
1222 2706 1296 2729 certe
1310 2709 1364 2728 non
1379 2701 1493 2728 cessabo
1506 2701 1585 2728 vobis
1599 2709 1650 2727 ex-

864 2758 966 2784 ponere
990 2750 1064 2786 quod
1092 2749 1158 2776 utile
1181 2752 1223 2775 est
1249 2757 1256 2774 :
1282 2746 1412 2781 quoniam
1441 2745 1508 2772 mihi
1538 2745 1649 2780 quidem

862 2799 993 2826 damnum
1019 2801 1078 2829 est,
1095 2800 1203 2827 tacete;
1228 2793 1306 2820 vobis
1324 2799 1389 2819 vere
1411 2799 1494 2824 noxa,
1512 2799 1566 2818 non
1589 2798 1649 2817 erc—

862 2848 936 2874 dere.
950 2843 1082 2879 Equidem
1109 2849 1217 2877 possem
1243 2839 1356 2867 reddere
1380 2839 1500 2866 rationes
1529 2837 1649 2867 {utilium

863 2895 1015 2920 vestrarum
1044 2887 1242 2924 qumstiouum,
1265 2885 1289 2914 si
1312 2885 1431 2914 viderem
1458 2893 1507 2914 vos
1529 2885 1562 2913 de
1589 2885 1648 2914 istis
