1917 3100
249 149 302 178 479

636 150 666 179 S.
684 150 879 179 CLEMENTIS
899 149 909 177 l
928 150 1010 177 ROM.
1027 149 1127 176 PONT.
1147 149 1260 177 OPERA
1279 149 1393 180 DUBIA.

1826 150 1878 180 κη

250 209 374 238 veritatis
388 210 479 239 studio
489 211 645 246 percontari
664 219 671 238 ε
688 218 783 238 verum
796 218 908 238 causam
920 210 1033 238 diversae

1090 209 1149 244 3qu
1168 210 1217 235 οὐκ
1236 209 1362 244 εὔκαιρον
1381 210 1466 236 εἰπεῖν
1484 211 1540 242 τοῖς
1554 210 1577 227 ¹⁶
1591 211 1646 238 τῶν
1658 212 1730 238 ὅλων
1743 211 1879 245 ἀγνοοῦσι

250 256 398 283 creationis
415 257 511 284 culicis
529 261 557 284 et
578 257 724 291 elephanti,
741 264 814 284 nunc
829 257 907 284 vobis
928 257 1033 290 aperire

251 299 472 335 intempestivum
498 307 589 336 esset,
611 303 658 337 qui
682 302 768 330 Deum
795 303 917 330 omnium
942 310 1033 330 rerum

253 346 396 383 ignoratis.

288 392 333 420 XI.
363 393 426 421 Haec
453 402 485 422 co
508 395 631 428 dicente,
655 395 694 422 illi
718 395 857 423 communi
886 402 1033 427 consensu,

253 438 369 465 multum
385 446 417 466 ac
431 441 595 474 petulantem
612 441 697 468 risum
713 443 874 474 emiserunt,
890 441 922 468 ad
943 446 1035 475 stupo-

255 492 312 511 rem
335 492 367 512 ac
388 486 496 513 consilii
521 487 640 527 inopiam
666 488 783 515 nitentes
807 495 870 515 eum
897 488 1033 522 redigere,

254 528 337 555 veluti
355 529 500 556 barbarum
516 530 659 564 quemdam
681 538 712 557 ac
732 530 870 558 insanum.
893 530 959 563 Quae
973 538 1034 557 eum

254 580 304 608 ego
320 573 450 606 intuerer,
465 575 556 601 animo
577 575 646 609 coepi
666 575 840 607 incalescere,
858 583 891 602 ac
910 575 968 602 zelo
988 583 1036 602 ne-

255 617 313 645 scio
325 626 378 652 qua
400 619 506 645 ratione
524 623 674 654 correptus,
699 623 789 646 tacere
812 627 866 646 non
883 619 969 654 potui,
989 619 1035 646 sed

254 671 316 691 cum
331 663 427 691 ﬁducia
441 664 497 691 dixi
515 673 521 690 :
539 664 604 691 Jure
620 664 701 697 Deus,
728 673 744 692 0
760 665 896 698 homines,
912 665 1037 692 volunta-

254 715 308 737 tem
322 717 399 736 suam
413 710 713 745 ineomprebensibilem
728 711 805 738 vobis
818 710 892 743 fecit,
910 710 1037 745 indignos

254 762 304 782 vos
322 756 479 789 praasciens,
494 756 563 783 sicut
584 756 818 791 inpraesentiarum
835 757 882 785 dat
898 757 977 792 plene
996 757 1037 784 iu-

255 800 376 835 telligere
398 801 431 828 iis
451 801 498 836 qui
522 802 620 829 mentis
638 803 742 837 judicio
763 807 886 830 utuntur.
910 802 1038 835 Quando-

255 846 363 880 quidem
382 846 454 873 enim
475 854 548 874 nunc
571 847 631 882 ejus
647 848 792 876 voluntatis
807 856 946 883 praecones
960 848 1037 876 missi

254 894 332 923 sunt,
353 891 399 926 qui
424 899 478 918 non
499 897 556 919 arte
572 893 662 928 aliqua
682 898 709 921 et
731 895 876 921 verborum
900 894 1037 922 rhetorico

254 941 365 969 ornatu,
379 937 426 964 sed
442 938 602 972 simpliciter
615 943 722 966 tantum
737 943 763 966 et
777 939 880 974 absque
891 940 1038 967 calliditate

254 986 397 1013 consilium
418 986 477 1021 ejus
499 993 710 1021 repraesentant,
731 989 799 1016 adeo
814 993 844 1015 ut
864 989 977 1024 quilibet
990 988 1036 1024 qui

254 1030 385 1062 audierit,
410 1031 543 1067 intelligat
563 1039 623 1066 quae
642 1033 786 1067 dicuntur;
804 1034 908 1062 adestis
929 1039 989 1066 vos,
1008 1038 1038 1060 ut

253 1082 307 1102 non
325 1075 481 1111 iutelligatis
503 1077 576 1111 quod
600 1078 678 1106 vobis
703 1079 823 1113 expedit,
838 1083 921 1114 utque
937 1079 1037 1106 damno

253 1127 346 1150 vestro
365 1122 478 1151 rideatis
500 1125 655 1158 veritatem,
676 1133 737 1160 qua:
763 1126 834 1154 inter
855 1126 988 1153 barbaros
1004 1125 1037 1152 ad

252 1174 373 1195 vestram
398 1170 651 1197 condemnationem
677 1176 813 1203 versatur,
839 1179 976 1206 quamque
1003 1170 1038 1197 ad

253 1221 303 1241 vos
315 1215 502 1242 advenientem
525 1223 577 1242 non
592 1216 674 1243 vultis
691 1216 811 1251 baspitio
825 1217 954 1251 recipere,
972 1223 1038 1251 pro-

254 1262 314 1293 pter
329 1258 455 1286 libidines
468 1263 584 1292 vestras,
600 1264 627 1288 et
642 1261 788 1288 verborum
808 1261 882 1289 illius
897 1261 1036 1294 vilitatem,

253 1311 288 1331 ne
301 1305 463 1339 arguamiui,
490 1305 644 1333 inconsulto
666 1306 796 1342 philologi
810 1314 880 1340 esse,
900 1312 1037 1335 amatores

253 1356 423 1382 sermonum,
450 1357 503 1377 non
524 1354 613 1378 autem
634 1351 691 1378 veri
712 1351 877 1386 philosophi,
899 1353 1038 1387 sapientia:

255 1394 383 1422 studiosi.
410 1393 558 1430 Quousque
584 1403 650 1431 ergo
670 1396 776 1424 discitis
798 1397 882 1432 loqui,
903 1398 950 1432 qui
969 1398 1037 1426 bene

254 1439 330 1474 loqui
355 1440 487 1467 nescitis?
510 1440 593 1468 Multa
618 1441 690 1469 enim
710 1443 791 1469 verba
814 1451 875 1478 quae
896 1443 1035 1478 profertis,

255 1485 337 1513 unius
364 1486 439 1513 verbi
472 1487 561 1520 pretio
594 1494 648 1513 non
675 1490 739 1514 sunt
762 1489 930 1517 aestimanda.
966 1489 1036 1524 Quid

254 1535 345 1557 autent
367 1535 394 1557 et
412 1530 484 1557 dicet
497 1531 588 1558 Grieca
605 1536 696 1559 vestra
723 1533 878 1566 multitudo,
900 1536 1037 1564 unanimis

254 1576 402 1612 aliquando
425 1576 511 1608 facta,
533 1577 555 1604 si
572 1577 705 1612 judicium
731 1578 854 1606 futurum
869 1585 926 1613 est,
943 1585 973 1608 ut
986 1581 1038 1609 iste

255 1623 315 1650 ait?
333 1623 433 1656 Quare,
447 1623 528 1656 Deus,
544 1624 711 1652 voluntatem
725 1629 798 1652 tuam
815 1634 869 1653 non
884 1628 1038 1662 praedicasti

257 1670 356 1697 nobis?
380 1669 540 1697 Nullatenus
555 1670 703 1697 audiemini
717 1679 723 1696 :
739 1671 781 1698 vel
796 1671 866 1700 forte
881 1677 908 1700 et
919 1673 1038 1708 aliquam

256 1716 464 1750 responsionem
491 1716 677 1750 reportabitis,
703 1717 879 1752 hujusmodi:
903 1718 960 1754 Ego
975 1727 1038 1746 cum

255 1772 351 1792 oumes
383 1763 489 1791 futuras
515 1764 691 1796 voluntates,
727 1769 789 1792 ante
817 1766 1039 1794 constitutionem

256 1811 351 1840 mundi
368 1818 579 1845 cognoscerem,
595 1810 744 1846 unicuique
757 1820 806 1846 pro
821 1813 919 1840 merito
934 1820 985 1841 suo
1000 1813 1040 1840 la-

256 1861 345 1884 tenter
360 1856 476 1891 prtevius
491 1856 600 1884 occurri
617 1864 624 1882 :
643 1856 717 1891 quod
739 1862 829 1884 autem
851 1857 877 1884 id
897 1858 986 1892 ipsum
1004 1859 1041 1886 ita

256 1910 287 1931 se
301 1902 409 1934 habeat,
423 1902 517 1929 volens
532 1902 565 1929 iis
580 1902 627 1936 qui
647 1902 680 1929 ad
699 1910 742 1929 me
757 1902 948 1937 confugerunt,
964 1904 1042 1938 plene

257 1947 443 1979 manifestare,
456 1954 505 1973 cur
522 1946 557 1973 ab
575 1946 665 1979 initio,
684 1954 699 1974 a
712 1947 809 1981 primis
822 1948 1043 1982 generationibus

256 1993 425 2020 voluntatem
448 2000 536 2019 meam
558 1993 648 2026 palam
674 2001 728 2019 non
750 1993 859 2020 siverint
883 1994 1041 2028 praedicari;

257 2046 331 2066 nunc
355 2039 429 2065 circa
455 2038 535 2064 ﬁnem
562 2038 669 2070 saeculi,
699 2046 837 2073 praecones
860 2040 912 2067 mei
937 2041 1044 2068 consilii

258 2084 338 2116 misi;
358 2084 396 2111 illi
412 2091 477 2111 vero
499 2089 526 2111 et
546 2084 705 2115 irridentur,
720 2090 747 2110 et
765 2084 937 2111 contumeliis
956 2084 1044 2112 aﬂ‘ecti

258 2130 425 2160 dcluduntur
440 2131 473 2158 ab
490 2130 523 2158 iis
541 2131 589 2165 qui
611 2137 783 2164 nequaquam
799 2130 893 2156 volunt
910 2130 1043 2165 adjuvari,

258 2184 401 2212 meamque
413 2177 561 2204 amicitiam
571 2175 744 2202 vehementer
754 2175 942 2210 repudiarunt.
954 2175 975 2203 0
987 2184 1047 2203 ma-

1085 255 1161 282 Θεόν.

1122 386 1166 414 XI.
1185 386 1277 414 Ταῦτα
1292 387 1375 413 αὑτοῦ
1392 387 1530 422 λέγοντος,
1548 387 1580 414 ὲκ
1597 388 1758 423 συμφωνεας
1775 389 1881 415 ἐκεῖνοι

1085 433 1168 459 πολὺν
1191 433 1237 459 καὶ
1256 434 1372 461 ἄτακτον
1391 434 1506 468 ἠφίεσαν
1523 434 1644 468 γέλωτα,
1660 435 1700 466 εἰς
1715 434 1880 469 ἀμηχανίαν

1085 479 1165 506 αὐτὸν
1197 480 1340 515 ἐμϐάλλειν
1373 480 1551 516 πειρώμενοι,
1582 480 1704 516 καθάπερ
1734 481 1880 516 βάρϐαρόν

1086 533 1147 551 τινα
1163 526 1210 551 καὶ
1227 519 1398 560 μαινόμενον.
1427 525 1497 559 Ἐγὼ
1512 525 1540 552 δὲ
1555 525 1640 551 ταῦτα
1660 526 1742 561 ὁρῶν,
1762 525 1880 561 διαθερ-

1088 575 1217 610 μαὶνομαι
1232 574 1281 610 τὴν
1298 574 1402 610 ψυχὴν,
1423 575 1471 601 καὶ
1485 575 1556 610 ζήλῳ
1576 575 1625 601 οὐκ
1645 573 1693 602 οἷδ’
1709 576 1789 607 ὅπως
1806 576 1879 611 ληφ-

1087 620 1152 651 θεὶς,
1179 622 1257 656 σιγᾷν
1279 621 1329 655 οὐχ
1353 620 1497 656 ὑπέμενον,
1522 621 1590 648 ἀλλὰ
1614 621 1682 656 μετὰ
1701 622 1879 657 παρρησίας,

1086 666 1214 700 εὐλόγως,
1237 663 1323 697 εἷπον,
1344 666 1359 692 ὁ
1372 666 1438 699 Θεὸς
1458 666 1533 702 ὑμῖν,
1548 663 1571 693 ὧ
1584 664 1666 699 οὗτοι,
1679 667 1881 703 ductilqu

1086 711 1135 746 τὴν
1154 711 1235 738 αὑτοῦ
1251 711 1376 747 βούλησιν
1398 711 1483 744 ἔθετο,
1505 712 1630 745 ἀναξίους
1651 713 1724 748 ὑμᾶς
1742 713 1879 749 προϊδὼν,

1087 756 1116 789 ἐξ
1132 752 1169 783 ὧν
1189 756 1236 783 νῦν
1251 756 1314 787 τοὺς
1335 757 1457 792 κριτικὸν
1482 757 1543 783 νοῦν
1563 757 1672 792 ἔχοντας
1692 758 1881 793 πληροφορῶν

1086 801 1219 836 φαίνεταις
1243 801 1318 827 Ἐπεὶ
1329 801 1382 837 γὰρ
1395 801 1442 828 νῦν
1455 801 1504 836 τῆς
1519 802 1601 828 αὑτοῦ
1617 802 1772 838 βουλήσεως
1788 803 1879 838 κήρυ-

1088 854 1135 878 κες
1157 846 1395 882 ὲξαπεστάλησαν,
1422 847 1452 874 οὺ
1479 847 1561 884 τέχνῃ
1588 848 1641 874 τινὶ
1671 848 1718 874 καὶ
1744 849 1882 883 ῥητορεία

1053 881 1074 908 Β
1088 892 1182 927 λόγων,
1199 892 1256 918 ἀλλ’
1268 892 1362 924 ἁπλῶς
1384 892 1455 919 οὕτω
1476 881 1527 919 και
1538 881 1880 929 ἀπανουργεῡτώςλν-τὴν

1088 938 1169 964 αὑτοῦ
1181 937 1306 972 βούλησιν
1319 937 1512 973 παριστῶναιες,
1525 938 1563 970 ὡς
1573 938 1661 965 πάντα
1675 938 1819 965 ὁντιναοῦν
1834 939 1881 965 τὸν

1088 982 1240 1010 ἀκούσαντα
1261 985 1330 1010 νοεῖν
1351 983 1385 1009 τὰ
1403 983 1553 1018 λεγόμενα,
1577 984 1694 1019 πάρεστε
1725 984 1774 1011 νῦν
1800 985 1881 1019 ὑμεῖς

1088 1028 1156 1063 πρὸς
1170 1028 1209 1063 τῷ
1225 1029 1261 1064 μὴ
1276 1030 1345 1055 νοεῖν
1361 1029 1391 1055 τὸ
1403 1029 1466 1065 ὑμῖν
1485 1029 1632 1065 συμφέρον,
1647 1030 1692 1056 ἐπὶ
1705 1031 1738 1065 τῇ
1753 1030 1882 1065 ὑμετέρα

1089 1072 1175 1109 βλάϐῃ
1193 1073 1274 1108 γελᾷν
1291 1074 1340 1109 τὴν
1355 1074 1403 1100 ἐπὶ
1419 1075 1452 1109 τῇ
1468 1074 1589 1110 ὑμετέρᾳ
1604 1074 1737 1110 καταδίκῃ
1751 1075 1881 1100 πολιτευ-

1089 1118 1209 1154 σαμένην
1224 1119 1252 1145 ἐν
1268 1119 1416 1155 βαρϐάροις
1432 1119 1571 1155 ἀλήθειαν,
1587 1120 1621 1155 ἣν
1639 1121 1686 1147 καὶ
1701 1121 1767 1156 ὑμῖν
1784 1121 1880 1155 ἐπιδη-

1090 1165 1214 1200 μήσασαν
1248 1164 1350 1198 ξενίσαι
1377 1167 1408 1193 οὺ
1434 1165 1571 1201 βούλεσθε,
1600 1166 1644 1193 διὰ
1666 1166 1715 1198 τὰς
1733 1166 1879 1200 ἀσελγείας

1088 1211 1176 1246 ὑμῶν,
1207 1212 1254 1238 καὶ
1277 1211 1309 1237 τὸ
1337 1211 1410 1238 λιτὸν
1434 1212 1488 1239 τῶν
1514 1212 1600 1246 λόγων
1629 1212 1732 1247 αὐτῆς.
1765 1214 1812 1239 ἶνα
1842 1214 1879 1248 μὴ

1088 1255 1244 1291 ὲλεγχθῆτε,
1263 1256 1305 1283 ὃτι
1319 1257 1379 1292 εἰκῆ
1395 1257 1528 1292 φιλόλογοί
1545 1258 1618 1288 ἔστε,
1636 1258 1683 1284 καὶ
1696 1258 1747 1284 οὐκ
1766 1258 1880 1293 ἀληθεῖς

1088 1301 1237 1336 φιλόσοφοι.
1262 1303 1351 1338 Μέχρι
1365 1303 1413 1338 μὲν
1424 1300 1471 1330 οὖν
1484 1311 1550 1329 ποτε
1566 1303 1656 1330 λαλεῖν
1673 1303 1838 1338 μανθάνετε,
1855 1305 1879 1329 οἱ

1087 1348 1118 1375 τὸ
1137 1347 1226 1380 καλῶς
1248 1348 1336 1375 λαλεῖν
1355 1349 1405 1374 οὐκ
1427 1348 1534 1384 ἔχοντες
1558 1349 1614 1384 (4);
1634 1349 1722 1376 [Ιολλά
1743 1350 1800 1386 γὰρ
1813 1352 1878 1386 παρ’

1088 1394 1164 1429 ὑμῶν
1184 1394 1304 1430 ῥήματα.
1323 1394 1382 1426 ἑνὸς
1400 1394 1449 1421 οὐκ
1467 1394 1530 1427 ἄξια
1548 1394 1637 1428 λόγου.
1655 1395 1687 1421 Τί
1704 1395 1734 1422 δὲ
1753 1396 1810 1431 ἄρα
1833 1397 1879 1423 καὶ

1087 1439 1146 1475 ὲρεῖ
1159 1439 1223 1474 ὑμῖν
1237 1439 1259 1455 ’⁵
1266 1437 1296 1463 τό
1310 1439 1458 1475 Ελληνικδν
1473 1440 1574 1475 πλῆθος
1594 1441 1644 1476 μία
1656 1441 1728 1477 ψυχή
1750 1450 1817 1467 ποτε
1835 1450 1879 1475 γε·

1087 1485 1210 1522 νόμενον,
1227 1487 1305 1522 εἴπερ
1319 1486 1395 1513 ἔσται
1415 1487 1506 1522 κρίσις
1524 1488 1562 1519 ὡς
1576 1485 1653 1519 οὗτός
1667 1496 1751 1523 φησι;
1772 1487 1823 1514 Διά
1841 1489 1877 1517 τί,

1088 1527 1111 1558 ὧ
1127 1531 1188 1564 Θεὲ,
1207 1531 1257 1567 τὴν
1279 1532 1329 1567 σὴν
1354 1533 1482 1568 βούλησιν
1504 1534 1554 1560 οὐκ
1575 1534 1712 1570 ὲκήρνξας
1733 1534 1818 1570 ἡμῖν;
1843 1534 1879 1561 Οὐ

1090 1577 1199 1609 πάντως
1212 1578 1376 1610 ἀκούσεσθε,
1393 1579 1471 1614 εἴπερ
1484 1579 1556 1611 τινὸς
1569 1578 1624 1615 ἀρα
1643 1579 1690 1606 καὶ
1706 1580 1880 1615 ἀποκρίσεως

1090 1622 1340 1657 καταξιωθήσεσθε,
1363 1623 1416 1654 ὡς,
1437 1622 1492 1657 ἐγὼ
1509 1623 1599 1655 πάσας
1614 1623 1663 1654 τὰς
1680 1623 1813 1658 ἐσομένας
1829 1624 1881 1658 πρὸ

1091 1667 1243 1703 καταϐολῆς
1263 1668 1366 1704 κόσμου
1389 1669 1562 1704 προαιρέσεις
1584 1669 1671 1701 εἰδὼς,
1689 1669 1799 1704 ἑκάστῳ
1813 1670 1881 1705 πρὸς

1090 1713 1122 1739 τὸ
1136 1712 1218 1739 αὐτοῦ
1233 1712 1306 1745 ἄξιον
1321 1712 1507 1745 λανθανόντως
1522 1714 1719 1749 προαπήντησα
1731 1723 1737 1728 ·
1755 1713 1838 1740 τοῦτο
1853 1714 1880 1740 δὲ

1093 1758 1158 1785 αὐτὸ
1172 1759 1213 1785 ὅτι
1229 1757 1314 1790 οὕτως
1328 1758 1394 1794 ἔχει,
1409 1758 1548 1794 βουληθεὶς
1561 1759 1624 1790 τοὺς
1638 1759 1880 1794 προσπεφευγότος

1095 1815 1138 1842 μοι
1153 1807 1377 1843 πληροφορῆσαι,
1394 1807 1437 1834 διὰ
1452 1808 1478 1834 τί
1496 1807 1624 1843 ἀπαρχῆς
1634 1808 1667 1834 ἐκ
1681 1808 1823 1843 προτέρων
1837 1796 1880 1841 ξε-

1092 1853 1160 1880 νεῶν
1169 1853 1218 1889 τὴν
1231 1853 1301 1889 ἐμὴν
1316 1853 1442 1889 βούλησιν
1454 1853 1571 1889 δημοσίᾳ
1583 1854 1634 1880 οὑκ
1647 1854 1728 1881 εἴασα
1739 1854 1879 1890 κηρυχθῆ-

1092 1911 1148 1936 ναι,
1171 1904 1218 1931 νῦν
1240 1904 1309 1940 πρὸς
1329 1904 1368 1940 τῷ
1391 1905 1463 1931 τέλει
1489 1903 1535 1930 τοῦ
1559 1904 1616 1940 βίου
1631 1905 1653 1920 ’⁸
1667 1905 1794 1940 κήρυκας
1813 1905 1880 1939 ἐμῆς

1094 1949 1194 1985 βουλῆς
1210 1950 1356 1977 ἀπέστειλα
1366 1969 1374 1982 ,
1386 1950 1410 1977 οἳ
1424 1950 1472 1976 καὶ
1484 1949 1617 1984 γελῶνται
1626 1969 1634 1982 ,
1649 1950 1697 1977 καὶ
1710 1949 1880 1986 ὑϐριζόμενοι

1094 1994 1268 2030 χλευάζονται
1283 1995 1337 2022 ὑπὸ
1352 1995 1407 2022 τῶν
1425 1995 1506 2031 μηδὲν
1520 1995 1681 2030 ὡφελεῖσθαι
1702 1995 1879 2031 βουλομένων,

1095 2041 1141 2068 καὶ
1156 2041 1356 2077 ἐπιτεταμένως
1371 2041 1420 2076 τὴν
1435 2041 1505 2077 ἐμὴν
1519 2041 1609 2076 φιλίαν
1621 2042 1879 2077 παραιτησαμένων.

1095 2086 1131 2114 Ὦ
1143 2087 1264 2123 μεγάλης
1275 2088 1390 2119 ἀδικίας,
1403 2088 1443 2114 ὅτι
1456 2088 1535 2123 μέχρι
1547 2087 1644 2122 φθόνου
1652 2088 1674 2104 ³⁰
1684 2088 1880 2115 κινδυνεύουσιν

1096 2133 1121 2159 οἱ
1132 2133 1178 2159 τοῦ
1190 2133 1257 2160 Θεοῦ
1268 2134 1397 2169 κήρυκες,
1411 2133 1554 2161 καὶταῦτα
1565 2133 1617 2160 ὑπὸ
1631 2133 1685 2161 τῶν
1693 2135 1735 2166 εις
1747 2135 1881 2170 σωτηρίαν

1098 2177 1180 2204 καλου
1185 2179 1271 2214 μένων
1289 2178 1403 2214 ἀνδρῶν.

260 2233 341 2261 gnam
362 2225 506 2260 injuriam!
526 2223 635 2251 invidiae
673 2223 757 2251 etiam
787 2223 939 2258 periculum
962 2225 1081 2253 subeunt
1099 2227 1291 2261 praedicatores
1307 2226 1366 2260 Dei,
1391 2227 1474 2262 idque
1495 2234 1542 2262 per
1561 2234 1610 2254 eos
1629 2226 1772 2260 homines,
1789 2228 1836 2262 qui
1850 2228 1882 2254 ad

259 2274 376 2305 salutem
393 2277 535 2300 vocantur.

296 2333 354 2361 XII.
369 2332 435 2366 Quae
448 2341 510 2361 cum
523 2333 654 2365 dicerem,
669 2332 778 2367 aliaque
793 2332 836 2359 his
850 2335 1045 2363 consentanea,

1135 2331 1193 2358 XII.
1210 2330 1304 2358 Ταῦτά
1319 2340 1368 2367 μου
1381 2332 1506 2366 λέγοντος
1516 2331 1563 2358 καὶ
1574 2330 1608 2358 τὰ
1621 2330 1726 2362 τούτοις
1742 2327 1881 2357 ἀκόλουθα.

259 2381 376 2409 multum
398 2381 426 2407 in
448 2380 526 2415 plebe
546 2384 636 2407 ortum
657 2383 698 2406 est
716 2386 840 2406 murmur
860 2387 867 2404 ε
891 2383 972 2413 atque
1000 2379 1046 2406 alii

1100 2378 1184 2409 πολὺς
1205 2378 1259 2404 τῶν
1279 2378 1367 2413 ὄχλων
1393 2378 1500 2411 ἐγένετο
1524 2376 1655 2413 θρύλλος·
1671 2377 1719 2403 καὶ
1739 2376 1763 2402 οἱ
1787 2376 1833 2411 μὲν
1848 2376 1882 2406 ὡς

261 2427 373 2463 quidem
387 2426 540 2453 Barnabam
556 2425 728 2457 miserantes,
754 2424 820 2451 mihi
838 2423 981 2457 favebant;
1000 2425 1045 2451 alii

1098 2425 1143 2452 τὸν
1159 2424 1302 2460 Βαρνάϐαν
1317 2424 1454 2456 ἐλεοῦντες
1477 2424 1595 2460 συνῇράν
1617 2432 1675 2459 μοι·
1693 2423 1719 2449 οἱ
1740 2423 1768 2449 δὲ
1791 2422 1882 2457 ὴλῖοιοι

259 2481 335 2506 vero,
356 2472 402 2508 qui
423 2474 501 2499 erant
519 2470 626 2503 stolidi,
640 2471 758 2504 graviter
781 2469 809 2495 in
828 2476 873 2495 me
896 2469 1046 2496 stridebant

1101 2469 1187 2500 ὄντες,
1200 2468 1293 2500 δεινῶς
1312 2469 1371 2495 κατ’
1387 2469 1454 2504 ὲμοῦ
1471 2468 1584 2504 ἔϐρυχον
1598 2468 1661 2498 τοὺς
1673 2467 1791 2498 ὀδόντας.
1813 2468 1883 2494 Ἐπεὶ

259 2521 398 2549 dentibus.
424 2519 510 2546 Porro
524 2525 586 2546 cum
598 2517 655 2553 jam
670 2523 783 2552 vespera
797 2516 963 2548 advenisset,
979 2515 1046 2542 Bar-

1101 2515 1129 2541 δὲ
1143 2514 1194 2550 ἤδη
1211 2516 1258 2541 καὶ
1267 2516 1284 2550 ή
1299 2515 1403 2550 ἑσπέρα
1417 2514 1559 2546 κατέλαϐε,
1572 2514 1622 2550 τῆς
1639 2513 1730 2549 χειρὸς
1745 2512 1831 2539 λαϐὼν
1841 2513 1882 2538 τὸν

896 2587 1011 2615 νΑῐὶΙιΕ
1031 2587 1235 2615 LECTIONES.

300 2652 325 2668 ¹⁶
341 2652 377 2679 al.
394 2651 456 2678 add.
468 2650 524 2676 τόν.
562 2651 584 2666 "
605 2649 641 2676 al.
661 2648 850 2683 ἀπανούργως.
889 2647 911 2663 ⁸⁸
932 2647 949 2673 Ι.
967 2646 1044 2682 ὑμῶν
1056 2655 1089 2674 ex
1104 2655 1171 2683 mss.
1201 2647 1227 2683 7'?
1245 2647 1331 2675 Vertit
1348 2647 1508 2679 Cotelerius,
1527 2681 1533 2683 Α
1540 2645 1620 2683 quasi
1641 2645 1755 2683 perinde
1777 2648 1880 2672 essetac

259 2687 309 2714 τοῦ
325 2687 432 2719 αἰῶνος,
449 2685 585 2714 sententia
597 2684 761 2720 postulante,
770 2680 824 2710 "sed
840 2682 899 2710 sine
913 2680 1048 2716 exemplo,
1066 2682 1138 2717 quod
1161 2682 1272 2717 quidem
1287 2683 1380 2710 sciam.
1401 2683 1486 2710 CLsn.
1525 2681 1547 2697 '°
1567 2681 1604 2708 al.
1622 2680 1714 2715 φόνου.

902 2752 1088 2783 \‘ARIORUM
1109 2755 1223 2784 ΝΟΤᾸΞ..

265 2803 338 2866 nlo?
351 2805 387 2866 gl
412 2804 445 2832 τὸ
469 2803 568 2838 καλῶς
587 2804 693 2832 λαλεῖν
714 2803 769 2831 οὐκ
790 2803 922 2838 ἔχοντες.
941 2802 1020 2831 Vcrtc
1038 2813 1044 2830 ε
1062 2805 1113 2838 Qui
1128 2805 1189 2833 bene
1208 2806 1279 2842 loqui
1296 2814 1346 2834 mm
1363 2810 1488 2840 potest“;
1512 2804 1575 2841 quia
1601 2804 1666 2832 boui
1702 2803 1770 2832 nihil
1791 2802 1877 2831 didice-

306 2846 336 2865 t.
373 2846 434 2866 um.

306 2846 336 2866 ιι.
351 2846 434 2866 υιιιιι.
