1917 3100
53 142 91 170 481
389 135 615 165 CLEMENTINA.
634 149 672 159 -—
685 133 835 163 EPITOHE
853 133 896 160 DE
912 131 1034 161 GESTIS
1051 132 1080 159 S.
1100 131 1211 160 PETRI.

1598 128 1650 156 ‘82

52 200 182 237 Βαρνάϐαν,
199 199 245 226 καὶ
262 198 298 234 μὴ
311 196 475 233 βουλόμενον
488 197 533 232 βίᾳ
546 197 587 228 εἰς
601 195 650 231 τὴν
666 194 735 230 ἐμὴν
746 192 812 230 ἦγον

865 192 942 219 nabre
959 199 1043 219 manu
1055 191 1237 226 apprehensa,
1252 199 1315 220 eum
1331 191 1394 219 licet
1409 190 1558 222 nolentem,
1573 190 1599 217 vi
1616 188 1650 217 ad

51 248 132 278 οὶκίαν,
145 245 204 272 ἔνθα
222 245 270 271 καὶ
292 244 382 280 μένειν
405 243 486 270 αὑτὸν
507 241 632 276 ἐποίησα,
661 241 704 267 ῐνα
720 240 756 276 μή
770 248 812 272 τις

52 294 109 329 αΰτῷ
123 294 209 328 χεῖρας
227 290 361 327 ἐπιϐάλλῃ
381 290 412 316 ¹¹.
440 289 496 316 Καὶ
519 287 625 323 ἡμέρας
647 287 740 321 ὀλίγας
764 286 813 313 σὺν

51 341 99 376 ἐμοὶ
112 337 261 373 διατρίψας,
279 337 326 364 καὶ
343 336 389 363 τοῦ
412 334 538 370 ἀληθινοῦ
555 334 634 368 λόγου
659 332 762 368 βραχέα
780 340 813 367 με

52 387 167 421 χατήχησε
181 385 218 400 ⁸⁹’
238 383 362 410 σπεύδειν
380 382 402 398 ³³
420 381 475 417 γὰρ
498 380 589 414 ἔλεγεν
616 380 656 411 είς
684 378 813 405 Ἰουδαίαν

51 429 173 466 ἀφικέσθαι
193 429 243 464 τῆς
271 427 367 462 ἑορτῆς
391 426 481 461 χάριν,
506 425 544 456 ὡς
572 424 620 450 καὶ
643 422 690 449 τοῦ
718 421 812 448 λοιποῦ

52 479 147 504 συνεῖναι
160 477 214 508 τοῖς
226 471 312 502 αὑτοῦ
323 472 478 509 ὁμοεθνέσιν
491 470 600 497 ἐθέλων.

77 527 134 554 Xlll.
157 524 236 560 Ἐμοῦ
256 524 284 550 δὲ
299 523 359 549 λίαν
374 522 424 558 τῆς
442 520 545 548 ἐκείνου
567 519 690 554 γλώττης
707 527 813 554 κρεμα-

51 573 125 608 μένου,
143 571 185 598 καὶ
209 568 332 604 σφοδρῶς
353 566 525 602 ἐγκειμένου,
549 566 596 592 καὶ
611 565 662 591 οὐκ
681 564 811 594 ἀνιέντος,

51 619 103 646 ἀλλὰ
120 619 165 655 τὴν
184 617 280 653 λοιπὴν
305 613 482 645 ἀπαιτοῦντος
498 612 682 643 διδασκαλίαν,
703 612 751 638 καὶ
769 611 813 637 λέ-

49 673 138 700 γοντος·
160 664 190 690 σὺ
215 663 294 699 μόνον
314 661 360 693 οὒς
383 661 502 696 ῆκουσας
525 658 572 685 τοῦ
597 659 725 693 φανέντος
745 657 812 684 Θεοῦ

50 711 136 739 ὲκτίθου
154 719 194 746 μοι
209 709 321 743 λόγους,
344 706 422 741 κάγὼ
438 705 477 742 τῷ
496 705 555 741 ἐμῷ
569 704 640 740 λόγῳ
660 704 811 739 κοσμήσας,

49 757 85 784 τοῦ
95 757 152 784 Θεοῦ
164 755 273 792 κηρύξω
288 754 337 790 τὴν
355 752 490 788 βούλησιν.
502 750 558 778 Εἶθ’
570 750 656 782 οὕτως
675 751 721 777 καὶ
738 750 814 782 ἐντὸς

50 803 127 836 ὀλίγων
143 801 251 838 ἡμερῶν
275 799 467 827 συνεκπλεύσω
492 806 543 824 σοι.
575 797 642 824 Δίαν
660 796 714 831 γὰρ
737 795 813 822 ποθῶ

50 848 109 884 παρὰ
119 848 160 874 τὸν
174 846 221 882 τῆς
244 844 375 876 Ἰουδαίας
385 843 509 878 γενέσθαι
528 841 619 868 τόπον.
635 840 712 875 Τάχα
724 839 812 884 δὲκαὶ

863 245 951 265 meam
972 237 1084 265 domum
1108 238 1186 270 duxi,
1203 238 1248 266 ubi
1270 242 1297 265 et
1319 237 1369 265 feci
1390 245 1510 270 manere,
1534 244 1568 264 ne
1587 237 1651 272 quis

862 283 887 310 ei
903 291 1001 311 manus
1021 284 1153 318 injiceret.
1179 283 1340 319 Paucosque
1355 283 1414 311 dies
1428 291 1535 310 mecum
1557 291 1649 310 mora-

863 329 1054 359 tus.nonnulla
1069 336 1138 356 νει-ἐ
1153 329 1290 364 religionis
1306 329 1459 356 rudimenta
1474 335 1517 355 me
1539 327 1647 356 docuit:

863 374 952 402 aiebat
976 374 1048 401 enim
1072 374 1146 409 quod
1168 378 1327 409 properaret
1353 373 1445 401 venire
1468 373 1503 400 ad
1527 372 1648 400 Judaaam

864 425 973 454 propter
988 420 1099 452 festum,
1115 425 1145 447 ut
1160 421 1208 455 qui
1224 420 1304 448 vellet
1316 420 1344 447 in
1360 424 1498 455 posterum
1514 427 1576 447 cum
1591 420 1649 447 suis

864 466 1041 500 popularibus
1055 466 1164 501 degere.

900 512 968 540 Xlll.
989 513 1046 548 Ego
1065 521 1131 541 vero
1152 521 1215 541 cum
1230 514 1309 541 valde
1325 514 1360 542 ab
1376 514 1450 541 illius
1471 514 1563 549 lingua
1583 521 1650 548 pcn-

863 560 965 592 derem,
991 567 1023 587 ac
1037 560 1210 587 vehementer
1234 560 1377 594 instarem,
1400 567 1451 587 nec
1478 560 1651 592 desisterem,

864 606 911 633 sed
934 606 1067 641 reliquam
1085 606 1238 634 doctrinam
1260 607 1441 642 postularem,
1460 614 1492 633 ac
1512 606 1650 633 dicerem:

864 650 904 678 Tu
918 655 1024 679 tantum
1041 652 1108 679 mihi
1121 659 1227 687 expone
1240 651 1287 679 Dei
1302 652 1349 687 qui
1366 652 1502 687 apparuit,
1517 659 1587 686 quos
1603 659 1652 678 au-

864 697 943 730 disti,
965 705 1125 731 sermones;
1143 702 1170 725 et
1192 705 1243 732 ego
1260 698 1384 726 oratione
1399 706 1458 724 mea
1474 704 1522 724 eos
1537 704 1650 728 ornans,

863 744 1032 771 voluntatem
1058 743 1106 772 Dei
1133 744 1308 778 praedicabo,
1335 744 1428 779 sicque
1453 747 1546 778 postea
1579 743 1649 770 intra

865 797 965 824 paucos
980 790 1038 818 dies
1052 791 1186 826 navigabo
1199 795 1287 818 tecum
1301 799 1308 816 :
1322 790 1469 818 admodum
1483 789 1554 817 enim
1570 789 1651 824 cupio

865 836 898 864 ad
908 835 1008 864 Iudaeae
1022 837 1160 872 regionem
1177 837 1269 864 venire
1282 846 1288 863 :
1303 844 1335 863 ac
1351 836 1421 864 forte
1435 836 1576 863 vobiscum
1594 840 1651 862 toto

50 877 177 928 συνοαησω
199 877 264 927 ύμῖν
273 891 321 917 τὸν
347 877 437 916 πάντα
461 896 511 923 μου
537 886 587 921 τῆς
608 886 680 921 ζωῆς
707 883 812 920 χρόνον.

866 882 925 910 vita:
942 891 1008 910 meze
1022 889 1147 917 ,lempore
1164 883 1308 915 habitabo;
1332 883 1376 910 ille
1391 882 1434 910 his
1452 882 1563 914 auditis,
1580 881 1653 908 illico

49 939 116 971 A694
125 938 221 966 τούτων
239 937 371 968 ἀκούσας,
390 934 470 966 εὐθὺς
484 932 660 968 ἀπεκρίνατο·
672 931 708 957 Σὺ
725 931 749 956 εί
765 929 814 965 μὲν

50 985 166 1020 ἱστορῆσαι
181 983 214 1010 τὰ
229 983 354 1019 ἡμέτερα
376 981 422 1007 καὶ
440 979 532 1015 μαθεῖν
548 977 579 1004 τὸ
597 976 736 1012 συμφέρον
753 975 812 1002 ἑθέ-

49 1031 99 1063 ing,
111 1030 217 1064 ἐξαυτῆς
234 1038 291 1065 μοι,
311 1027 387 1063 φησὶ,
406 1025 586 1061 σύμπλευσον·
601 1024 626 1049 εί
644 1022 673 1048 δὲ
690 1021 726 1057 μὴ
749 1020 812 1056 βού-

49 1076 87 1107 ὶει,
99 1075 158 1102 ἀλλὰ
171 1075 204 1102 τὰ
221 1075 323 1110 σημεῖα
337 1073 386 1108 τῆς
396 1070 529 1107 οἰκήσεώς
541 1078 602 1105 μου,
618 1069 665 1095 καὶ
674 1065 711 1094 ὧν
725 1066 813 1097 θέλεις

49 1121 91 1155 ἐγώ
106 1130 141 1147 σοι
160 1121 276 1156 σήμερον
294 1118 416 1154 γνωριῶ,
434 1118 477 1143 ἵνα
493 1117 537 1143 ὅτε
552 1115 599 1142 καὶ
615 1114 704 1150 βούλει
723 1121 813 1148 παραψ

48 1167 168 1202 γενόμενος
180 1165 263 1202 εὕρῃς
280 1164 355 1200 ἡμᾶς
367 1172 373 1178 ·
386 1162 441 1197 ἐγὼ
452 1162 507 1198 γὰρ
518 1161 611 1194 αὔριον
622 1161 668 1186 ἐπὶ
679 1158 713 1185 τὰ
728 1159 813 1194 ἐμαυ-

48 1212 84 1240 τοῦ
96 1211 261 1248 πορεύσομαι.
278 1211 335 1237 Καὶ
351 1208 382 1244 δὴ
400 1207 574 1242 ἀδυσώπητον
593 1205 679 1236 οὓτως
693 1204 754 1231 ἰδὼν
767 1204 813 1231 τὸν

50 1257 176 1292 Βαρνάϐαν,
195 1255 326 1292 συνῆλθον
356 1254 431 1289 αὐτῷ
456 1252 537 1289 μέχρι
558 1252 604 1278 καὶ
623 1249 669 1277 τοῦ
690 1248 811 1285 λιμένος·

50 1303 86 1330 καὶ
100 1302 182 1339 μαθὼν
198 1303 263 1338 παρ’
273 1299 357 1328 αὑτοῦ
371 1300 442 1334 ᾶπερ
463 1298 537 1332 ἔλεγε
553 1298 654 1332 σημεῖα
667 1295 722 1322 τῶν
738 1295 813 1330 οἰκή-

50 1356 111 1379 rem,
132 1348 197 1382 φημὶ
219 1346 291 1382 πρὸς
306 1343 405 1372 αὐτόν’
426 1343 469 1374 Ὧς
488 1342 513 1368 εί
535 1341 572 1376 μὴ
589 1340 683 1377 αὔριον
701 1339 813 1375 ἔμελλον

49 1393 173 1429 ἀπαιτῆσαι
188 1401 214 1419 τι
233 1391 290 1418 τῶν
304 1389 484 1425 ὀφειλομένων
507 1396 565 1423 μοι,
583 1387 698 1422 ἐξαυτῆς
720 1384 753 1412 ἃν
767 1384 814 1412 καὶ

49 1439 170 1466 συνέπλεόν
192 1446 249 1465 σοι·
270 1436 342 1472 πλὴν
366 1435 432 1463 ἀλλὰ
448 1434 543 1470 τάχιὸν
562 1442 592 1460 σε
610 1431 812 1467 καταλήψομαι.

47 1485 121 1511 Ταῦτα
131 1483 220 1515 εἰπὼν,
235 1483 285 1510 καὶ
295 1480 484 1517 παραθέμενος
496 1479 576 1506 αὑτὸν
587 1480 645 1510 τοῖς
658 1477 705 1504 τοῦ
720 1476 813 1504 πλοίου

46 1532 192 1568 ἡγουμένοις,
202 1531 373 1566 ὑπέστρεφον
389 1527 458 1564 μετὰ
470 1527 568 1563 λύπης,
582 1524 754 1562 μεμνημένος
764 1523 812 1551 τοῦ

47 1578 112 1605 κσλοῦ
126 1579 170 1605 καὶ
186 1577 320 1613 συνήθους
333 1575 420 1610 φίλου.

73 1625 133 1653 XIV.
154 1625 274 1661 Ἡμέρας
301 1623 330 1650 δὲ
347 1620 503 1657 διατρίψας,
527 1619 574 1646 καὶ⁸
594 1618 625 1645 τδ
645 1617 725 1653 χρέος
748 1617 782 1643 δι’
798 1615 812 1643 δ

47 1671 82 1697 καὶ
98 1671 237 1706 ἐπεσχέθην
256 1669 309 1703 οὐχ
326 1667 386 1694 ὅλον
404 1665 497 1692 λαϐεῖν
516 1663 657 1699 δυνηθεὶς,
672 1661 812 1697 ἀμελήσας

47 1716 82 1742 τοῦ
98 1715 316 1752 περιλειπομένου
338 1712 383 1739 διὰ
396 1711 427 1738 τὺ
444 1710 513 1745 ταχὺ
531 1709 577 1736 τὸν
592 1708 676 1744 ἄνδρα
695 1707 813 1734 καταλα-

47 1760 100 1791 ϐεῖν,
123 1761 157 1792 ὡς
182 1759 312 1795 ἐμποδίου
340 1766 384 1794 μοι
411 1755 572 1791 γενομένου,
596 1755 643 1781 καὶ
666 1753 747 1785 αὐτὸς
771 1753 813 1784 εἰς

52 1806 158 1833 Ἰουδαίαν
171 1805 342 1836 ἀπέπλευσα,
360 1803 406 1830 καὶ
419 1801 462 1829 διὰ
476 1800 670 1828 πεντεκαίδεκα
688 1800 704 1835 ἡ
709 1798 810 1834 μερῶν,

47 1852 72 1886 τῇ
87 1851 230 1887 Στράτωνος
258 1849 386 1884 ἐπιδημῶ
406 1846 568 1882 Καισαρείᾳ.
602 1844 760 1875 Ἑπιϐάντος
784 1843 812 1870 δέ

49 1904 87 1930 μου
102 1897 144 1931 τῆς
156 1896 215 1931 γῆς,
231 1895 282 1922 καὶ
295 1893 384 1926 ξενίαν
400 1890 601 1927 ἐπιζητοῦντος,
618 1888 744 1924 μανθάνω
758 1887 812 1914 Πέ-

48 1949 97 1977 τρον
109 1943 163 1970 τινὰ
175 1943 332 1979 λεγόμενον,
346 1941 393 1967 τοῦ
405 1941 434 1967 ἐν
453 1938 567 1974 Ἰουδαίᾳ
581 1937 708 1972 φανέντος
725 1935 812 1971 Ἰησοῦ

48 1986 145 2023 Χριστοῦ
163 1989 227 2016 Υἱοῦ
248 1988 299 2015 τοῦ
315 1987 382 2014 θεοῦ
397 1985 443 2013 τοῦ
467 1986 567 2021 σημεῖα
581 1983 629 2014 καὶ
646 1983 749 2018 τέρατα
766 1990 814 2008 πε-

48 2033 178 2068 ποιηκθτος,
192 2034 237 2061 τὸν
250 2031 444 2068 δοκιμώτατον
455 2030 588 2067 μαθητὴν,
604 2028 697 2064 αῠριον
711 2027 812 2062 Σίμωνι

47 2078 77 2113 τῷ
90 2079 136 2106 ἀπὸ
147 2079 245 2109 Γιτθῶν
259 2079 285 2096 ³⁵
299 2079 431 2114 Σαμαρεῖ,
450 2077 556 2113 μέλλειν
581 2075 650 2102 ἱέναι
669 2073 738 2110 πρὸς
756 2073 814 2100 δια-

47 2122 124 2156 λέξεις.
142 2125 208 2160 Ἐγὼ
221 2125 250 2152 δὲ
264 2124 355 2152 ταῦτα
375 2123 505 2154 ἀκούσας,
527 2121 638 2156 ἐδεήθην
651 2120 703 2155 τὴν
717 2119 812 2145 τούτου

51 2176 86 2201 μοι
97 2171 234 2207 μηωθῆναι
251 2171 346 2206 μονήν.
366 2168 510 2204 Καὶλόμῶς
523 2166 634 2203 ἔμαθον,
646 2166 693 2192 καὶ
707 2165 747 2200 τῷ
762 2173 814 2191 πυ-

866 929 1020 963 respondit,
1041 937 1073 956 ac
1087 929 1156 956 dixit
1169 937 1175 956 :
1189 929 1241 961 Tu,
1259 930 1282 957 si
1301 929 1409 965 quidem
1431 929 1524 956 videre
1545 932 1651 961 nostra,

863 978 890 1000 et
905 974 977 1009 quod
995 975 1104 1009 expedit
1124 975 1202 1010 cupis
1218 975 1338 1008 discere;
1355 982 1460 1002 mecum
1485 974 1578 1001 statim
1602 981 1651 1000 ua-

864 1020 955 1055 .vigato
969 1028 975 1046 :
990 1020 1031 1048 sin
1048 1028 1113 1048 vero
1128 1028 1182 1048 non
1199 1021 1240 1048 vis
1255 1021 1394 1056 navigare,
1409 1028 1459 1056 ego
1471 1020 1551 1047 hodie
1573 1020 1651 1055 signa

864 1066 997 1094 domicilii
1012 1066 1077 1099 mei,
1090 1073 1240 1101 eorumque
1255 1073 1325 1101 quos
1345 1066 1492 1093 convenire
1510 1065 1652 1092 desideras

864 1112 1007 1146 indicabo;
1027 1118 1056 1140 ut
1067 1113 1178 1148 quando
1194 1113 1313 1140 volueris
1326 1113 1429 1145 venire,
1446 1120 1496 1139 nos
1515 1112 1649 1139 invenias:

863 1165 916 1194 ego
936 1167 1055 1194 namque
1077 1167 1139 1187 cras
1159 1159 1193 1187 ad
1217 1167 1276 1186 mea
1298 1167 1341 1186 me
1359 1158 1510 1186 conferam.
1536 1159 1568 1186 Et
1588 1167 1651 1186 vero

864 1211 979 1231 cernens
995 1203 1147 1231 Barnabam
1165 1204 1235 1232 adeo
1256 1211 1317 1231 esse
1340 1204 1546 1237 inexorabilem,
1565 1204 1651 1231 comi-

863 1254 938 1278 tatus
955 1257 1016 1277 sum
1039 1258 1101 1277 eum
1123 1258 1210 1285 usque
1224 1251 1258 1277 ad
1274 1255 1383 1286 portum
1394 1271 1402 1283 ,
1425 1250 1600 1285 acceptisque
1616 1251 1652 1278 ab

863 1304 897 1324 eo
911 1295 998 1330 signis
1014 1303 1076 1330 qua:
1088 1295 1195 1323 dixerat
1218 1296 1430 1328 domiciliorum,
1445 1296 1489 1322 aio
1508 1295 1541 1322 ad
1556 1295 1649 1322 illum:

864 1341 922 1369 Nisi
943 1349 1005 1370 cras
1049 1341 1224 1376 repetendum
1247 1341 1315 1368 mihi
1338 1345 1411 1369 esset
1429 1341 1531 1376 aliquid
1556 1348 1651 1368 eorum

864 1396 927 1423 qua;
950 1388 1022 1416 mihi
1046 1388 1191 1420 debentur,
1217 1387 1340 1422 profecto
1356 1387 1469 1422 jamjam
1490 1391 1580 1414 tecum
1603 1394 1652 1413 na-

863 1433 1007 1468 vigarem;
1039 1431 1158 1465 attamen
1188 1433 1242 1461 cito
1268 1438 1294 1460 te
1316 1440 1458 1467 assequar.
1486 1431 1534 1460 llis
1559 1432 1651 1465 dictis,

863 1478 1114 1514 commendatoque
1145 1487 1178 1507 eo
1207 1479 1284 1506 navis
1315 1479 1492 1512 ductoribus,
1526 1485 1652 1506 reversus

865 1532 925 1552 sum
958 1532 1021 1552 cum
1051 1525 1182 1558 tristitia,
1222 1531 1328 1552 memor
1353 1523 1416 1552 boni
1446 1531 1478 1551 ac
1506 1522 1652 1551 concordis

826 1553 849 1586 ε
865 1569 958 1598 amici.

900 1614 970 1643 XIV.
990 1616 1102 1651 Aliquot
1120 1619 1209 1642 autem
1232 1615 1290 1643 dies
1312 1620 1436 1643 moratus
1448 1636 1455 1648 ,
1471 1620 1496 1642 et
1513 1615 1647 1648 debitum,

863 1666 974 1697 propter
987 1662 1060 1697 quod
1077 1667 1201 1689 retentus
1217 1660 1333 1694 fueram.
1350 1669 1404 1688 non
1421 1666 1508 1688 totum
1527 1661 1651 1696 accipere

862 1709 974 1742 valens;
994 1712 1023 1735 ut
1039 1707 1162 1735 celeriter
1180 1707 1318 1746 hominem
1336 1706 1507 1742 attingerem,
1524 1707 1651 1742 neglecto

863 1755 936 1790 quod
950 1758 1102 1790 supererat,
1117 1754 1183 1788 quia
1198 1752 1264 1780 mihi
1278 1757 1350 1780 esset
1364 1752 1576 1787 impedimento;
1592 1753 1651 1788 ipse

863 1808 973 1836 quoque
988 1800 1015 1827 in
1029 1799 1151 1827 Judaeam
1166 1798 1319 1832 enavigavi,
1335 1802 1362 1825 et
1377 1797 1581 1832 quintodecilno
1605 1797 1651 1824 die

862 1847 1015 1874 Caesaream
1033 1844 1170 1872 Stratonis
1188 1844 1314 1871 advenio.
1333 1843 1457 1878 Cumque
1472 1847 1572 1870 terram
1588 1843 1651 1870 teti-

864 1892 975 1927 gissem,
995 1895 1022 1917 et
1039 1890 1187 1924 hospitium
1202 1896 1371 1924 quaererem,
1408 1888 1489 1921 audio
1505 1887 1651 1923 quemdam

864 1936 973 1964 nomine
995 1935 1124 1968 Petrum,
1150 1934 1214 1962 Jesu
1241 1934 1343 1962 Christi
1370 1934 1417 1961 Dei
1439 1933 1521 1966 Filii,
1544 1933 1591 1968 qui
1622 1933 1650 1960 in

863 1982 957 2010 Iudaea
975 1986 1140 2016 apparuerat
1152 1985 1179 2008 et
1193 1981 1269 2016 signa
1283 1985 1365 2015 atque
1381 1980 1503 2015 prodigia
1517 1980 1650 2013 ediderat,

863 2029 1086 2064 probatissimum
1111 2028 1288 2062 discipulum,
1313 2027 1434 2055 crastino
1456 2026 1501 2054 die
1524 2034 1586 2054 cum
1606 2027 1650 2054 Si-

864 2081 945 2102 mone
958 2081 991 2101 ex
1005 2073 1106 2101 Gitthis
1124 2073 1298 2101 Samaritano
1318 2078 1462 2100 venturum
1479 2073 1512 2100 ad
1527 2073 1651 2107 disputa-

864 2122 980 2149 tionem.
994 2120 1061 2154 Quaa
1071 2128 1122 2156 ego
1137 2119 1250 2147 audiens
1261 2120 1352 2154 rogavi
1365 2118 1480 2147 indicari
1497 2119 1563 2146 mihi
1577 2119 1651 2146 illius

860 2168 1047 2195 mansionem.
1064 2166 1097 2193 Et
1112 2167 1204 2194 statim
1219 2174 1251 2193 ac
1264 2166 1359 2198 didici,
1375 2168 1474 2200 praesto
1497 2164 1536 2192 fui
1553 2165 1586 2192 ad
1608 2163 1651 2192 fo-

49 2212 101 2240 λῶνι
118 2217 235 2252 ἐπέστην.
254 2216 424 2250 Θεασάμενοι
443 2214 472 2241 δὲ
492 2215 516 2241 οἱ
530 2214 558 2240 ἐν
577 2212 617 2248 τῷ
640 2212 717 2246 οἴκῳ,
738 2211 812 2237 ἀντι-

866 2221 920 2241 res.
952 2212 1045 2240 lntuiti
1071 2217 1164 2240 autem
1184 2213 1232 2248 qui
1255 2213 1282 2239 iu
1304 2212 1388 2239 domo
1416 2215 1504 2244 erant,
1530 2211 1602 2238 inter
1621 2219 1651 2239 se

50 2258 168 2294 θάλλοντες
179 2260 257 2298 ἦσαν,
268 2262 313 2294 τίς
321 2270 351 2289 τε
365 2261 422 2296 είμὶ
430 2280 437 2293 ,
449 2261 496 2287 καὶ
510 2259 591 2286 πόθεν
604 2259 673 2294 ἥκω.
685 2257 741 2284 Καὶ
757 2257 811 2284 ίδοὺ

50 2305 168 2341 Βαρνάϐας
182 2309 264 2340 ἐκϐὰς
274 2328 282 2341 ,
307 2308 366 2343 ἅμα
383 2307 422 2343 τῷ
438 2307 461 2323 ³⁸
478 2306 541 2333 [δεῖν
561 2303 733 2340 περιεπλὰκη
755 2311 810 2338 μοι,

52 2351 104 2378 πολὺ
118 2354 211 2389 χαίρων
231 2355 281 2382 καὶ
297 2354 432 2389 δακρύων.
454 2352 510 2379 Καὶ
527 2350 675 2386 λαϐόμενός
690 2357 740 2385 μου
761 2349 812 2384 τῆς

51 2397 132 2432 χειρὸς,
146 2400 249 2436 εἱοῆγεν
262 2401 304 2431 εἰς
317 2400 367 2435 τὴν
385 2399 483 2427 οὶκίαν.
505 2395 572 2424 Εῐτα
591 2396 638 2424 καὶ
651 2395 697 2423 τὸν
708 2395 811 2430 Πέτρον

52 2442 195 2477 ὑποδεικνὺς,
211 2444 287 2478 οὗτός
307 2446 391 2477 ἐστιν,
405 2444 491 2478 ἔλεγε,
507 2443 619 2478 Πέτρος,
637 2441 666 2469 δν
685 2440 813 2476 μέγιστον

54 2487 88 2513 ἐπὶ
103 2490 132 2524 τῇ
150 2490 194 2516 τοῦ
211 2491 280 2518 Θεοῦ
300 2491 381 2526 σοφίᾳ
402 2488 609 2525 ἐπηγγελλόμην
632 2495 686 2518 σοι,
701 2486 811 2521 Κλήμη,

53 2527 152 2564 (mins
161 2544 189 2562 τε
199 2537 246 2563 καὶ
258 2536 293 2563 τὰ
305 2536 376 2563 κατὰ
393 2535 422 2562 σὲ
442 2534 512 2561 καλὰ
527 2533 574 2560 καὶ
589 2533 639 2568 τὴν
653 2530 812 2567 προαίρεσιν

55 2577 89 2603 ἀεὶ
99 2579 243 2618 διηγούμην,
257 2583 296 2614 ὡς
305 2581 427 2609 ἐντεῦθεν
442 2579 580 2615 γλίχεσθαι
595 2577 642 2605 καὶ
654 2576 734 2604 αὐτὸν
750 2576 813 2602 ίδεῖν

56 2631 88 2657 σε,
97 2626 137 2652 καὶ
148 2626 193 2663 τὴν
205 2628 252 2664 σὴν
266 2627 406 2654 ἔπι-ποθεῖν
422 2624 575 2660 συντυχίαν.
590 2623 671 2657 Μέγα
679 2619 726 2648 οὖν
739 2620 813 2655 αὐτῷ

56 2667 124 2705 δῶρόν
145 2681 172 2698 σε
193 2673 234 2700 διὰ
256 2673 311 2700 τῶν
341 2672 417 2708 ἐμῶν
448 2669 596 2707 προσφέρω
622 2667 731 2703 χειρῶν.
758 2666 814 2693 Καὶ

55 2715 119 2743 τοῦτο
130 2718 215 2751 εἰπὼν,
230 2718 423 2755 προσαγαγὼν,
438 2717 490 2752 ἔφη
503 2725 510 2732 ⁸
524 2713 601 2746 οὗτός
617 2715 674 2741 ἐστι
684 2712 811 2748 Κλήμης,

57 2761 136 2798 Πέτρε.

864 2257 1042 2286 conferebant
1067 2258 1195 2292 quisnam
1211 2264 1310 2290 essem,
1325 2264 1357 2284 ac
1368 2257 1439 2284 unde
1453 2256 1648 2291 proﬁciscerer.

865 2304 900 2332 Et
917 2312 980 2332 ecce
995 2304 1136 2331 Barnabas
1159 2310 1297 2338 egressus,
1325 2303 1417 2330 statim
1438 2306 1468 2329 ut
1483 2301 1549 2329 vidit
1574 2309 1651 2328 com-

864 2351 960 2386 plexus
974 2350 1157 2383 est,‘multum
1173 2348 1294 2384 gaudens
1312 2356 1345 2376 ac
1367 2348 1535 2383 lacrymans;
1554 2354 1651 2381 appre-

866 2398 1005 2431 hensaque
1018 2404 1100 2423 manu
1116 2402 1187 2427 mea,
1200 2395 1228 2422 in
1242 2395 1354 2422 domum
1375 2393 1534 2421 introduxit.
1549 2391 1651 2420 Deinde

866 2443 977 2470 Petrum
1001 2442 1170 2470 ostendens:
1188 2440 1237 2468 Hic
1253 2444 1305 2473 est,
1322 2440 1422 2474 inquit,
1437 2438 1545 2470 Petrus,
1568 2445 1649 2473 quem

864 2489 1015 2515 maximum
1037 2487 1065 2514 in
1091 2486 1138 2514 Dei
1165 2486 1299 2521 sapientia
1324 2485 1372 2512 tibi
1401 2483 1608 2515 denuntiabam,
1633 2489 1651 2509 ο

863 2535 1005 2565 Clemens,
1029 2533 1128 2568 cuique
1152 2540 1246 2559 omnia
1266 2539 1327 2566 quae
1352 2531 1379 2557 in
1404 2535 1431 2557 te
1453 2533 1518 2557 sunt
1535 2529 1606 2556 bona
1623 2532 1651 2556 et

865 2579 1035 2615 propositum
1059 2583 1136 2606 tuum
1160 2585 1266 2612 semper
1281 2576 1438 2609 narrabam,
1451 2579 1481 2604 ut
1494 2583 1526 2602 ex
1542 2582 1576 2602 eo
1592 2574 1650 2608 ipse

864 2626 946 2654 etiam
972 2625 1065 2660 cupiat
1086 2624 1179 2652 videre
1204 2629 1246 2656 te,
1273 2627 1403 2656 tuamque
1426 2620 1648 2656 congressionem

863 2676 982 2706 expetat.
997 2670 1126 2706 Magnum
1145 2669 1227 2705 igitur
1245 2668 1270 2695 ei
1285 2675 1387 2695 munus
1403 2671 1430 2694 te
1443 2665 1570 2693 manibus
1582 2666 1651 2693 meis

864 2716 958 2744 oli‘ero.
973 2715 1052 2749 Quod
1068 2722 1130 2742 cum
1142 2713 1269 2746 dixisset,
1283 2711 1383 2740 obtulit
1396 2719 1449 2739 tne.
1463 2715 1490 2739 et
1502 2710 1585 2738 dixit:
1601 2710 1650 2739 llic

863 2768 905 2793 est
915 2762 1052 2795 Clemens,
1069 2760 1158 2789 Petre.

659 2815 776 2846 VARUE
794 2814 995 2845 LECTIONES.

85 2867 100 2883 "
117 2869 148 2896 al.
166 2871 277 2905 ἐπιϐάλῃ
322 2873 344 2889 ³1
365 2871 401 2898 al.
421 2868 589 2902 κατηχήσας.

638 2865 660 2881 ³³
676 2864 755 2891 Deest
771 2863 798 2890 in
813 2863 849 2890 al.
889 2863 911 2879 "
931 2863 966 2890 al.
985 2860 1104 2897 Γητθῶν.
1143 2861 1166 2878 ³⁵
1185 2861 1220 2888 al.
1238 2859 1294 2887 τοῦ.
