1917 3100
274 106 327 148 483

669 119 697 147 S.
718 118 911 147 CLEMENTIS
931 119 940 146 1
960 119 1042 148 ROM.
1063 118 1163 146 PONT.
1185 119 1299 147 OPERA
1319 119 1424 149 DUBIA

1841 120 1888 148 481

316 179 364 206 XV
395 180 429 206 At
439 179 547 210 Petrus,
574 183 716 214 postquam
742 187 839 207 nomen
863 180 977 213 audivit,
1000 188 1054 208 me-

1141 179 1198 206 XV.
1225 181 1253 207 '0
1267 180 1296 207 δὲ
1312 181 1393 215 ἡνίκα
1409 180 1457 208 τοῦ
1474 181 1604 217 ὀνόματος
1617 181 1745 217 ἠκουσεν,
1761 180 1803 211 εἰς
1824 180 1890 215 μνή-

271 220 362 252 ἠιοι-ὶιι
386 230 508 260 repetens
534 225 663 251 Barnabas
692 226 872 258 narrationes,
898 225 1052 258 confestim,

272 280 306 299 eo
322 271 415 298 habitu
440 278 495 305 quo
510 275 579 301 erat,
605 270 736 305 prosiliit,
763 278 860 306 meque
882 271 999 307 benigne
1022 279 1055 299 ac

272 325 401 350 germane
417 317 602 349 exosculatus,
619 321 700 352 atque
708 317 829 344 assidere
841 316 943 345 faciens
956 317 1054 345 :Recte

272 362 372 395 fecisti,
396 363 494 397 inquit,
511 362 558 397 qui
583 363 705 390 veritatis
727 370 879 397 praeconem
901 364 1053 391 Barnabam

272 409 392 443 hospitio
406 409 546 444 exceperis
566 409 593 436 in
607 410 663 436 veri
678 409 724 436 Dei
740 409 888 443 honorem;
906 411 1052 438 admodum

271 455 379 482 excelso
399 460 425 482 te
447 455 554 490 gessisti
578 455 680 488 animo,
702 455 748 490 qui
765 455 950 490 imperitorum
975 456 1052 483 furo~

271 509 328 528 rem
346 509 399 528 non
415 500 500 529 fueris
512 502 625 529 veritus.
644 501 748 529 Revera
769 502 841 528 cnim
858 502 953 529 beatus
965 509 995 529 es
1011 507 1051 535 tu,
1067 535 1071 539 ἡ

271 547 342 582 quod
358 546 480 574 veritatis
502 547 619 581 legatum
641 547 676 573 ita
699 547 774 574 omni
793 554 854 573 curn
870 547 974 574 honore
988 555 1051 575 sus-

270 593 376 627 ceperis
402 591 535 627 hospitem
550 601 556 618 :
571 600 620 627 pro
641 593 741 627 quibus
762 591 855 626 factis,
869 593 926 627 ipsa
943 601 1052 629 quoque

270 639 370 666 veritas
397 643 422 665 te
442 639 489 673 qui
511 640 610 673 hespes
630 646 670 671 es,
692 646 749 665 suae
770 638 846 666 urbis
866 639 952 666 civem
975 639 1050 666 desi-

269 685 372 719 gnabit,
387 689 506 720 tuncque
520 692 683 720 magnopere
698 685 850 718 ltetaberis;
864 686 927 720 quia
941 693 1050 720 parvam

270 731 384 765 gratiam
404 738 478 757 nunc
499 730 659 764 fmncratus,
679 731 834 766 hortamque
853 731 984 758 doctrinae
1001 739 1050 759 vo-

268 777 415 809 hmtatcm,
440 777 494 804 eris
520 777 606 804 haeres
635 777 840 804 commodorum
875 782 1049 810 aeternorum,

269 823 459 857 bonorumque
484 831 544 857 qua:
572 822 672 850 auferri
695 830 749 850 non
765 827 890 858 possunt.
914 823 970 851 Nec
984 832 1049 852 vero

268 869 388 896 laborem
403 869 501 896 subeas
516 868 648 896 referendi
666 869 732 895 mihi
748 877 839 897 mores
854 874 916 897 tuos
930 879 936 896 ε
956 871 1048 898 omnia
1063 857 1085 884 Β

267 915 339 942 enim
359 922 419 949 quae
445 915 478 942 ad
501 919 526 941 te
549 915 704 950 pertinent,
727 919 833 942 amator
857 915 908 943 iste
929 916 1050 944 veritatis

267 961 404 988 Barnabas
422 960 561 994 indicavit,
577 960 633 988 fere
651 961 774 995 quotidie
795 961 894 989 bonam
912 961 952 988 tui
973 969 1049 990 men-

260 1007 367 1034 tionem
390 1006 501 1034 faciens.
526 1006 559 1033 Et
578 1012 608 1034 ut
626 1007 689 1040 tibi,
714 1012 843 1042 tanquam
865 1007 931 1035 vero
950 1007 1049 1041 amico,

266 1051 385 1079 breviter
414 1060 471 1079 rem
496 1052 634 1087 aperiam;
659 1053 713 1080 nisi
735 1053 785 1080 tibi
807 1053 910 1088 aliquid
936 1053 1050 1088 impedi—

266 1102 359 1125 mento
376 1102 427 1130 est,
446 1098 497 1125 iter
514 1098 658 1126 nobiscum
672 1098 752 1132 habe,
773 1106 806 1126 ac
819 1098 927 1134 percipe
946 1107 1050 1127 sermo-

264 1151 326 1170 nem
341 1143 473 1177 veritatis,
485 1151 565 1178 quem
578 1151 625 1178 per
637 1144 758 1179 singulas
773 1144 896 1172 civitates
907 1144 1049 1173 habiturus

265 1197 338 1223 sum,
354 1189 470 1217 Romam
483 1196 570 1224 usque
583 1189 681 1224 ipsam.

299 1235 371 1262 XVI.
391 1235 447 1271 Ego
468 1244 533 1264 vero
553 1237 586 1264 ad
606 1237 681 1264 illum
697 1246 705 1264 :
723 1236 838 1265 Paratus
859 1237 968 1272 quidem
987 1245 1047 1265 sum

265 1282 399 1317 proficisci
417 1288 518 1316 tecum,
534 1283 645 1318 inquam
659 1291 665 1310 :
679 1283 730 1310 hoc
753 1291 871 1318 namque
889 1284 982 1311 nescio
993 1291 1048 1319 quo

265 1329 346 1355 modo
366 1329 495 1356 constitui
520 1329 597 1356 laetus
615 1338 621 1356 :
636 1337 730 1356 verum
755 1329 835 1364 cupio
853 1330 929 1364 prius
948 1330 1048 1357 certior

264 1373 299 1401 de
309 1373 421 1400 veritate
434 1374 505 1407 ﬁeri;
519 1378 549 1401 ut
560 1375 658 1407 sciam,
673 1379 764 1402 utrum
779 1375 870 1402 anima
884 1375 1047 1404 immortalis

264 1419 310 1451 sit,
327 1427 360 1445 an
378 1419 521 1452 mortalis;
539 1423 566 1446 et
584 1419 607 1446 si
627 1424 668 1446 est
682 1420 862 1454 sempiterna,
882 1428 947 1447 num
962 1421 997 1448 ob
1014 1428 1047 1448 ea

263 1472 325 1499 quae
339 1464 382 1492 hic
399 1464 492 1499 gessit,
510 1464 627 1499 iudicari
642 1465 756 1498 debeat;
778 1465 853 1498 item,
867 1465 996 1500 quidnam
1009 1466 1046 1493 sit

262 1508 365 1542 justum
391 1517 424 1536 ac
445 1509 500 1537 Deo
523 1514 650 1544 gratum;
680 1515 827 1545 praeterea,
857 1510 982 1538 factusne
1008 1512 1077 1554 εἰιο

264 1555 393 1589 mundus,
408 1558 435 1582 et
454 1563 539 1590 quare
560 1555 663 1589 factus;
680 1560 708 1584 et
730 1563 765 1583 an
787 1556 822 1584 sit
840 1557 1041 1589 dissolvendus,

265 1609 359 1632 necne,
376 1608 409 1627 an
427 1601 521 1628 melior
541 1600 659 1634 futurus,
679 1609 713 1628 an
732 1609 782 1629 nec
799 1602 907 1630 futurus
920 1603 1044 1637 omnino,

263 1653 306 1679 ac,
328 1654 362 1673 ne
383 1647 488 1681 singula
510 1654 671 1682 prosequar,
692 1647 750 1674 hate
775 1652 856 1682 atque
879 1647 922 1676 his
944 1648 1044 1676 similia

262 1693 358 1719 vellem
379 1692 493 1719 discere.
520 1692 567 1719 llle
589 1697 695 1726 autem,
717 1693 809 1720 divino
829 1693 924 1728 spiritu
942 1701 1044 1730 cogno-

262 1746 341 1766 scens
358 1738 423 1773 quid
441 1738 491 1766 sibi
504 1738 602 1766 vellent
620 1747 651 1766 ea
668 1740 760 1773 verba,
781 1740 867 1767 citum
883 1747 1043 1775 responsum

264 1784 348 1817 dedit,
366 1788 395 1811 ut
409 1790 435 1811 et
450 1785 504 1811 cito
521 1792 563 1811 me
578 1784 611 1811 ad
625 1785 766 1812 veritatem
782 1789 932 1813 revocaret.
957 1785 1045 1820 Atque

262 1838 321 1865 ego,
337 1830 434 1865 inquit,
450 1831 569 1858 breviter
584 1830 643 1863 tibi,
661 1838 678 1857 ο
690 1831 826 1866 Clemens,
844 1838 935 1860 rerum
955 1831 1045 1859 scien-

263 1877 327 1904 tiam
341 1876 473 1904 exhibebo
486 1885 493 1903 :
506 1879 532 1904 et
541 1876 598 1912 jam
610 1883 681 1904 nunc
696 1877 769 1904 audi.

295 1964 378 1992 XVII.
396 1964 442 1991 Dei
457 1963 585 1991 voluntas
603 1964 703 1991 multas
727 1964 763 1992 ob
787 1965 906 1993 rationes
923 1965 1041 1993 homini-

261 2010 313 2037 bus
336 2011 443 2037 occulta
466 2009 526 2037 fuit.
547 2009 640 2037 Primo
660 2010 769 2045 quidem
785 2011 858 2045 quod
878 2011 917 2038 illi
935 2011 1042 2039 detine-

261 2060 355 2082 rentur
369 2063 451 2089 prava
465 2055 648 2088 institutione,
663 2055 788 2082 convictu
805 2056 914 2088 vitioso,
928 2064 1044 2084 consue-

261 2100 356 2128 tudine
382 2101 556 2136 perniciosa,
587 2101 667 2128 malis
691 2101 855 2136 colloquiis,
883 2109 939 2128 non
969 2107 1043 2130 recta

262 2147 422 2181 opinionum
440 2146 634 2181 anticipationc
645 2166 652 2177 ,
676 2151 757 2181 atque
772 2152 915 2182 eapropter
931 2155 1041 2181 errore;

262 2193 324 2220 dein
341 2197 495 2227 contemptu
506 2213 514 2226 ,
530 2192 729 2225 incredulitate,
744 2192 935 2226 fornicatione,
951 2193 1041 2220 avari-
1057 2191 1080 2218 D

261 2239 315 2271 tia,
338 2238 412 2265 inani
435 2238 532 2272 gloria,
546 2238 664 2272 aliisque
685 2238 842 2272 similibus;
856 2246 917 2273 qua:
936 2246 996 2266 cum
1014 2240 1043 2266 in

261 2285 404 2316 mundum,
424 2288 554 2319 tanquam
578 2283 712 2318 plurimus
728 2283 820 2311 fumus
835 2284 863 2311 in
888 2292 970 2311 unam
995 2284 1044 2311 do-

261 2339 347 2364 mum,
369 2329 546 2362 intraverint,
562 2330 690 2364 intusque
706 2329 886 2357 habitantium
900 2330 1042 2358 hominum

260 2376 349 2403 visum
365 2375 525 2402 oﬁ'uscarint
536 2395 544 2407 ,
568 2382 615 2402 eos
630 2383 684 2402 non
702 2375 796 2402 sinunt
809 2376 940 2410 aspicere,
955 2384 1043 2411 neque

261 2421 355 2449 mundi
371 2425 521 2448 creatorem
538 2420 622 2448 Deum
640 2421 789 2455 intelligere
803 2428 836 2447 ex
854 2421 887 2449 iis
899 2422 926 2448 in
941 2422 1041 2456 quibus

260 2468 318 2503 ipse
329 2476 358 2495 se
370 2467 467 2502 pinxit,
479 2475 530 2494 nec
544 2474 707 2501 cognoscere
722 2467 794 2502 quod
808 2468 832 2495 ei
851 2468 950 2503 placet.
965 2468 1042 2501 Quo-

260 2515 334 2541 circa
361 2517 467 2548 oportet
495 2512 618 2540 veritatis
647 2513 785 2545 studiosi,
811 2513 978 2542 intrinsecus
1006 2523 1038 2542 ex

261 2559 358 2586 anima:
379 2557 526 2592 profundo,
541 2557 576 2584 ad
592 2557 723 2584 auxilium
738 2565 802 2585 vera
822 2559 930 2586 ratione
944 2564 1042 2586 vocent

262 2604 346 2632 Deum
361 2604 449 2632 solum
460 2623 469 2637 ,
483 2602 627 2630 Dominum
649 2607 740 2630 autem
763 2608 886 2631 nostrum
900 2608 927 2631 et
941 2604 1039 2631 Salva-

1107 234 1159 261 μην
1171 225 1255 252 ἐλθὼν
1267 226 1321 252 τῶν
1337 226 1465 261 Βαρνάϐα
1478 227 1664 262 διηγημάτων,
1679 225 1794 261 ἐξήλατο
1809 233 1839 251 τε
1854 225 1891 256 ὡς

1104 270 1174 306 εἶχεν
1188 271 1278 303 εὐθὺς,
1298 272 1345 298 καὶ
1369 272 1511 307 προσηνῶς
1532 281 1565 308 με
1579 272 1625 298 καὶ
1638 271 1759 306 γνησίως
1775 279 1890 304 καταφι-

1103 316 1196 352 λήσας,
1212 317 1259 343 καὶ
1274 317 1539 352 παρακαθισάμενος·
1557 317 1655 349 Καλῶς
1669 316 1812 351 ἐποίησας,
1828 316 1891 350 ἐφη,

1102 362 1147 388 τὸν
1160 361 1210 396 τῆς
1224 361 1352 396 ἀληθείας
1365 363 1472 398 κήρυκα
1484 363 1589 396 ξενίσας
1599 362 1743 398 Βαρνάϐαν
1754 363 1795 393 είς
1809 362 1892 396 τιμὴν

1101 407 1149 433 τοῦ
1163 407 1238 439 ὄντος
1250 408 1271 424 ³⁸
1284 408 1360 439 Θεοῦ,
1374 409 1422 436 καὶ
1436 408 1495 436 λίαν
1514 409 1731 444 μεγαλοφρόνως,
1753 407 1806 434 οὐκ
1819 407 1892 434 αἰδε-

1103 452 1176 484 σθεὶς
1197 453 1243 479 τὸν
1261 454 1282 469 ³⁷
1299 453 1353 480 τῶν
1373 454 1544 480 ἀπαιδεύτων
1566 453 1661 489 θυμόν.
1676 453 1824 488 Μακάριος
1838 452 1893 487 γὰρ

1102 498 1139 530 ὡς
1153 498 1261 534 ἀληθῶς
1279 499 1324 531 σὺ,
1343 499 1389 526 τὸν
1410 499 1461 534 τῆς
1476 499 1604 534 ἀληθείας
1627 499 1801 534 πρεσϐευτὴν
1821 497 1894 524 οὓτω

1101 537 1208 576 ξενίσας
1225 543 1300 580 πάσῃ
1318 546 1401 580 τιμῇ·
1423 544 1480 571 ἀνθ’
1492 542 1530 570 ὧν
1545 545 1614 580 αὐτὴ
1635 545 1683 571 καί
1698 553 1727 570 σε
1747 545 1764 579 ή
1777 543 1894 578 ἀλήθεια

1102 587 1175 621 ξένον
1195 589 1270 622 ὄντα,
1286 589 1337 624 τῆς
1355 589 1424 621 ἰδίας
1445 589 1548 622 πόλεως
1572 590 1737 624 καταστήσει
1759 589 1892 624 πολίτην·

1101 635 1148 660 καὶ
1166 635 1227 661 τότε
1236 636 1344 671 χαρήσῃ
1373 635 1507 670 μεγάλως,
1525 636 1566 662 ὅτι
1591 635 1719 670 βραχεῖαν
1743 635 1792 662 νῦν
1811 635 1893 670 χάριν

1100 680 1223 713 δανείσας
1234 682 1281 708 καὶ
1290 681 1395 717 ἀγαθὴν
1409 681 1495 715 λόγων
1512 682 1679 717 προαίρεσιν,
1693 680 1786 707 καλῶν
1797 681 1893 707 ἀϊδίων

1100 727 1147 753 καὶ
1168 727 1357 762 ἀναφαιρέτων
1375 726 1485 761 ἀγαθῶν
1503 727 1552 763 ἔσῃ
1573 727 1747 762 κληρονόμος.
1773 726 1832 753 Καὶ
1857 726 1893 761 μὴ

1099 771 1186 807 κάμνε
1205 772 1371 799 ἀντιϐάλλων
1394 781 1440 807 μοι
1458 772 1488 799 τὺ
1513 773 1558 799 σὺν
1577 771 1659 808 ἦθοςι
1677 772 1767 798 πάντα
1781 771 1838 807 γὰρ
1859 771 1894 797 τὰ

1099 817 1169 844 κατὰ
1184 817 1214 844 σὲ
1235 819 1249 845 ό
1263 817 1412 854 φιλαλήθης
1432 815 1508 850 οὗτος
1523 819 1593 854 ἀνὴρ
1614 819 1628 844 ὸ
1639 817 1783 854 Βαρνάϐας
1802 817 1895 852 ἀπήγ-

1099 863 1182 897 γειλε,
1203 864 1263 890 καθ’
1286 864 1392 899 ἡμέραν
1407 864 1500 899 σχεδὸν
1515 865 1564 900 τὴν
1587 863 1691 900 ἀγαθήν
1713 872 1761 890 σου
1777 863 1894 898 μνήμην

1100 909 1268 945 ποιούμενος.
1283 910 1338 937 Καὶ
1360 910 1403 937 ἴνα
1426 919 1476 942 σοι,
1494 911 1531 942 ὡς
1546 910 1650 946 γνησίῳ
1671 909 1752 946 φίλῳ,
1777 907 1893 944 δηλώσω

1099 956 1159 983 κατ’
1182 956 1314 991 ἐπιτομὴν
1328 955 1359 982 τὸ
1380 956 1569 992 προκείμενον,
1590 957 1614 982 εί
1639 955 1676 991 μή
1695 956 1736 982 σοί
1753 964 1780 982 τι
1801 955 1892 989 ἔμπο-

1098 1001 1181 1034 δίςει,
1212 1001 1368 1028 συνόδευσον
1393 1002 1469 1037 ἡμῖν,
1495 1001 1706 1037 μεταλαμϐάνων
1731 1001 1778 1027 τὸν
1799 1000 1822 1017 ³⁸
1842 1000 1893 1035 τῆς

1098 1045 1224 1082 ἀληθείας
1245 1045 1332 1080 λόγον,
1357 1045 1387 1072 ὃν
1402 1046 1424 1062 ³⁹
1444 1045 1515 1073 κατὰ
1539 1046 1614 1073 πόλιν
1634 1045 1771 1072 ποιεῖσθαι
1799 1044 1892 1080 μέλλω

1101 1092 1181 1128 μέχρι
1206 1091 1314 1127 Ῥώμης
1333 1091 1425 1127 αὐτῆς.

1133 1237 1202 1266 XVI.
1229 1238 1299 1273 Ἐγὼ
1317 1239 1346 1266 δὲ
1366 1239 1435 1275 πρὸς
1452 1238 1545 1272 αὐτόν,
1569 1239 1614 1266 Σοὶ
1634 1239 1683 1275 μὲν
1702 1239 1822 1275 ἑτοίμως
1837 1238 1892 1273 ἔχω

1099 1284 1260 1317 συνοδεύειν,
1282 1282 1358 1312 εἷπον
1369 1293 1376 1300 ’
1397 1284 1476 1311 τοῦτο
1488 1285 1542 1321 γὰρ
1557 1285 1606 1312 οὐκ
1625 1283 1673 1312 οἷδ’
1685 1285 1759 1316 ὅπως
1784 1285 1892 1321 χαίρων

1097 1328 1273 1365 προῄρημαι·
1303 1329 1373 1365 πλὴν
1390 1330 1455 1365 περὶ
1479 1329 1608 1365 ἀληθείας
1630 1329 1762 1365 βούλομαι
1778 1329 1892 1364 πρῶτον

1097 1374 1353 1410 πληροφορηθῆναι,
1382 1375 1425 1401 ἵνα
1448 1374 1524 1409 γνῶ,
1548 1375 1573 1401 εί.
1601 1375 1617 1409 ἡ
1639 1374 1713 1410 ψυχὴ
1740 1374 1892 1405 ἀθάνατος,

1098 1418 1116 1454 ἢ
1129 1419 1223 1454 θνητή·
1249 1419 1296 1446 καὶ
1307 1420 1332 1446 εί
1351 1420 1436 1452 ἀΐδιος
1460 1418 1538 1453 οὖσα,
1560 1421 1625 1455 περὶ
1645 1417 1683 1446 ὧν
1705 1419 1827 1455 ἔπραξεν
1850 1419 1893 1445 ὲν-

1095 1462 1192 1495 ταῦθα,
1207 1463 1264 1499 ἔχει
1274 1464 1412 1500 κριθῆναι·
1428 1465 1476 1492 καὶ
1486 1465 1512 1492 τί
1526 1465 1591 1491 ποτέ
1605 1466 1662 1491 ἐστι
1673 1465 1777 1491 δίκαιον
1793 1465 1811 1500 ἢ
1825 1464 1892 1500 ἀρέ-

1095 1517 1160 1536 σκον
1179 1509 1249 1544 Θεῷ,
1271 1511 1318 1537 καὶ
1329 1511 1353 1537 εί
1363 1510 1458 1545 γέγονε
1477 1511 1587 1546 κόσμος,
1600 1512 1648 1538 καὶ
1667 1510 1711 1538 διὰ
1731 1511 1758 1536 τί
1780 1511 1891 1544 γέγονε,

1095 1554 1143 1582 καὶ
1160 1555 1184 1581 εί
1197 1555 1342 1591 λυθήσεται
1353 1564 1360 1571 ³
1375 1557 1422 1583 καὶ
1432 1557 1456 1582 εί
1471 1557 1501 1583 οὐ
1511 1556 1668 1592 λυθήσεται,
1683 1557 1731 1583 καὶ
1751 1556 1776 1571 ⁸⁸
1793 1556 1891 1591 κρεῐτ-

1094 1609 1148 1627 των
1171 1600 1257 1633 ἔσται,
1275 1601 1292 1636 ἣ
1307 1601 1367 1628 οὐδὲ
1383 1602 1476 1629 ἔσται·
1498 1602 1546 1628 καὶ
1566 1602 1610 1629 ἵνα
1635 1602 1672 1637 μὴ
1688 1601 1718 1628 τὸ
1737 1602 1801 1628 κατ’
1816 1600 1892 1631 εἶδος

1094 1647 1181 1682 λέγω,
1204 1648 1290 1675 ταῦτά
1315 1655 1345 1674 τε
1375 1649 1422 1675 καὶ
1449 1648 1483 1674 τὰ
1505 1648 1610 1680 τούτοις
1637 1649 1759 1683 ἑπόμενα
1791 1647 1893 1683 μαθεῖν

1094 1693 1198 1728 ἦθελον.
1226 1693 1254 1719 '0
1277 1693 1305 1720 δὲ
1316 1713 1324 1725 ,
1345 1693 1366 1709 ⁸¹
1383 1694 1410 1720 τί
1430 1694 1509 1720 cauet
1526 1693 1649 1729 βούλεται
1663 1693 1698 1719 τὰ
1722 1694 1836 1729 ῥήματα
1853 1692 1892 1728 τῷ

1096 1738 1160 1774 θείῳ
1173 1738 1307 1774 πνεύματι
1317 1739 1408 1773 γνοὺς,
1419 1741 1530 1774 ταχεῖαν
1539 1740 1588 1774 τὴν
1597 1739 1742 1774 ἀπόκρισιν
1756 1740 1891 1770 ἐποιεῖτο,

1095 1783 1139 1811 ἴνα
1166 1784 1214 1811 καὶ
1235 1784 1302 1819 ταχύ
1330 1793 1364 1819 με
1389 1785 1456 1820 πρὸς
1476 1785 1525 1820 τὴν
1553 1785 1679 1821 ἀλήθειαν
1708 1785 1891 1820 ὲπαναγὰγη-

1094 1837 1138 1855 ται
1153 1829 1185 1856 δ’.
1205 1829 1269 1861 Καί,
1294 1830 1437 1865 Συντόμως
1459 1829 1513 1864 ἐγώ
1536 1839 1590 1862 σοι,
1611 1830 1713 1864 ἔλεγεν,
1734 1827 1756 1857 ὦ
1773 1831 1891 1866 Κλήμη,

1094 1875 1142 1912 τὴν
1161 1876 1218 1903 τῶν
1233 1876 1317 1904 ὄντων
1341 1877 1440 1912 γνῶσιν
1455 1876 1617 1913 παρέξομαιδ
1641 1878 1687 1905 καὶ
1710 1877 1746 1904 τὰ
1765 1876 1817 1904 νῦν
1846 1878 1891 1911 ἐξ-

1094 1921 1178 1957 αυτῆς
1190 1922 1282 1950 ἄκουε.

1129 1977 1212 2004 XVII.
1230 1978 1262 2004 Ἡ
1275 1977 1321 2004 τοῦ
1336 1978 1405 2005 Θεοῦ
1415 1978 1497 2014 βουλὴ
1513 1978 1584 2006 κατὰ
1597 1979 1711 2010 πολλοὺς
1721 1978 1848 2014 τρόπους
1863 1979 1891 2003 ἐν

1094 2022 1182 2058 ἀδήλῳ
1194 2022 1288 2057 γέγονε
1300 2025 1356 2055 τοῖς
1367 2023 1530 2059 ἀνθρώποις.
1542 2024 1643 2060 Πρῶτα
1655 2023 1704 2058 μὲν
1715 2023 1761 2049 διὰ
1770 2023 1802 2049 τὸ
1817 2032 1891 2058 κρα-

1093 2068 1207 2103 τηθῆναι
1226 2069 1325 2100 αὐτοὺς
1339 2070 1476 2105 εἰσαγωγῇ
1495 2071 1566 2105 κακῇ
1579 2089 1586 2102 ,
1602 2068 1748 2104 συντροφίει¹
1765 2069 1890 2103 πονηρᾷ,

1095 2114 1224 2150 συνηθείᾳ
1236 2114 1320 2150 δεινῇ,
1337 2115 1431 2150 ὁμιλίᾳ.
1446 2117 1519 2151 κακῇ
1537 2115 1570 2147 ⁸³,
1586 2114 1718 2150 προλήψει
1730 2115 1782 2140 οὐκ
1796 2114 1871 2149 ὀρθῇ
1883 2132 1891 2145 ,

1095 2159 1142 2184 καὶ
1153 2159 1196 2185 διὰ
1209 2159 1295 2186 ταῦτα
1309 2160 1396 2195 πλάνῃ
1406 2169 1413 2175 ·
1440 2160 1534 2187 ἔπειτα
1548 2160 1658 2195 ἀφοὸίᾳ,
1677 2159 1805 2194 ἀπιστίᾳ,
1820 2166 1891 2192 πορ-

1094 2205 1162 2240 νείᾳ,
1181 2206 1357 2242 φιλαργυρίᾳ,
1379 2206 1528 2242 κενοδοξία,
1542 2206 1590 2233 καὶ
1608 2205 1697 2237 ἄλλοις
1707 2204 1861 2235 τοιούτοις,
1874 2204 1891 2229 s

1093 2249 1124 2285 δὴ
1145 2250 1270 2286 καθάπερ
1289 2251 1393 2278 καπνοῦ
1412 2252 1513 2287 πλῆθος
1533 2252 1574 2282 είς
1596 2251 1645 2278 ἕνα
1665 2249 1739 2277 οἷκον
1755 2250 1890 2276 ἐπεισελ-

1094 2294 1174 2321 θόντα
1186 2295 1231 2321 τὸν
1247 2295 1358 2331 κόσμον,
1370 2296 1416 2322 καὶ
1432 2295 1485 2322 τῶν
1499 2295 1603 2322 ἔνδοθεν
1615 2295 1761 2321 οἰκούντων
1777 2294 1890 2329 ἀνδρῶν

1093 2337 1293 2365 ἐπιθολώσαντα
1318 2339 1367 2371 τὰς
1391 2340 1511 2375 ὁράσεις,
1535 2339 1682 2374 ἀναϐλέψαι
1706 2338 1807 2369 αὐτοὺς
1837 2339 1891 2365 οὐκ

1093 2384 1135 2419 ἑᾷ,
1150 2385 1197 2411 καὶ
1210 2387 1243 2420 τῇ
1258 2385 1394 2422 διαγραφῇ
1405 2387 1449 2413 τὸν
1462 2387 1700 2422 δημιουργήσαντα
1713 2385 1890 2420 κατανοῆσαι

1093 2429 1169 2462 Θεὸν,
1191 2431 1238 2457 καὶ
1255 2431 1286 2457 τὸ
1309 2432 1395 2467 τούτῳ
1406 2432 1501 2459 δοκοῦν
1523 2432 1664 2468 γνωρίσαι.
1687 2431 1734 2458 Διὸ
1747 2432 1802 2467 χρὴ
1820 2433 1890 2463 τοὺς

1094 2475 1249 2511 φιλαλήθεις
1270 2477 1370 2504 ἔσωθεν
1390 2479 1422 2505 ὲκ
1443 2478 1541 2513 βάθους
1562 2479 1651 2513 ψυχῆς
1676 2477 1890 2506 ἐκκαλέσασθαι

1093 2520 1160 2555 πρὸς
1180 2522 1338 2557 ἐπικουρίαν
1363 2523 1457 2558 ἀληθεί
1479 2523 1601 2558 λογισμῷ
1624 2523 1670 2550 τὸν
1695 2523 1777 2558 μόνον
1803 2524 1889 2555 Θεὸν,

1093 2565 1194 2601 Κύριον
1214 2567 1243 2593 δὲ
1257 2568 1334 2603 ἡμῶν
1348 2569 1394 2595 καὶ
1416 2569 1529 2604 Σωτῆρα
1558 2569 1661 2604 Ἰησοῦν
1683 2569 1817 2605 Χριστὸν,
1839 2571 1890 2596 καὶ

1093 2611 1158 2645 παρ’
1179 2611 1260 2638 αὑτοῦ
1282 2612 1381 2646 γνῶσιν
1395 2613 1497 2646 λαϐεῖν,
1519 2614 1564 2641 ἵνα
1586 2622 1628 2645 τις
1648 2613 1724 2645 ἐντὸς
1739 2613 1780 2640 ὢν
1801 2615 1835 2658 ὲν
1848 2616 1889 2650 τῷ

890 2670 1007 2698 ΫΑΒΙΑΕ
1027 2672 1224 2705 LECTIONES.

297 2740 318 2755 ³⁸
338 2739 406 2774 Lege
421 2740 467 2766 τοῦ
482 2739 566 2770 ὅντως
577 2737 657 2774 Θεοῦ,
664 2738 731 2773 ejus,
746 2738 791 2773 qui
803 2746 891 2765 revera
903 2737 971 2774 Deus
986 2743 1034 2772 est,
1049 2745 1079 2767 ut
1100 2742 1167 2770 infra

261 2778 282 2794 ⁸³
293 2774 327 2801 al.
344 2775 407 2801 τῶν.

260 2810 282 2828 ⁸¹
300 2809 334 2836 al.
355 2809 536 2845 ἐπαγάγηται,
573 2808 596 2825 ⁸⁸
612 2810 643 2836 οὐ
661 2809 742 2844 καλῇ.

1172 2765 1182 2791 ,
1189 2753 1269 2791 num.
1283 2746 1458 2791 §XIX.~CLEn.
1498 2748 1527 2791 '7’
1538 2748 1572 2775 al.
1588 2749 1671 2791 inser.
1687 2749 1720 2791 οὐ
1738 2749 1883 2791 φοῦηθείς.

445 2775 466 2819 ’θ
480 2775 514 2819 ἕξι-
526 2775 621 2819 λόγεεντ
632 2772 708 2819 ﬁtﬁt}
715 2774 754 2819 3”
769 2774 804 2800 al.
825 2774 872 2800 xz't
887 2773 921 2799 εῐ-
961 2774 982 2794 δ’
1001 2775 1036 2801 al.
1056 2777 1071 2802 ὁ
1086 2776 1113 2804 δὲ
1129 2772 1231 2815 Πέτρος
1242 2772 1879 2819 n98;Edoéé‘éézsxptﬁéo'i'iﬁhépdg'3517i
