1917 3100
222 121 272 149 487

625 117 653 145 S.
671 115 866 145 CLEMENTIS
884 115 895 142 I
912 114 997 144 ROM.
1020 114 1122 143 PONT.
1140 114 1256 143 OPERA
1270 112 1387 142 'DUBIA.

1803 110 1859 138 ιεε

224 186 314 217 potest
337 180 522 216 exstinguere.
543 178 638 214 Neque
652 178 750 212 diﬁ'er;
773 177 904 213 quoniam
916 177 1034 207 dilatio.

1105 176 1151 212 ιὴν
1177 175 1272 202 σϐέσαι
1289 174 1419 201 δύναται.
1446 172 1501 200 Καὶ
1524 172 1562 208 μὴ
1582 171 1753 217 ἁναδάλλουζ
1770 169 1810 198 ὅτι
1838 171 1861 207 ἡ

225 229 294 256 solet
312 227 411 255 aﬂerre
426 227 592 263 periculum,
618 230 763 261 propterea
782 225 856 261 quod
879 225 1014 252 incertum

225 277 261 304 sit
272 275 455 310 praestitutum
470 274 553 301 morti
569 277 671 300 nostrae
687 276 804 306 tempus.

259 321 331 349 XIX.
341 322 363 337 “
375 321 521 356 Postquam
537 320 594 347 haec
606 319 729 351 dixisset,
738 317 881 352 Equidem,
890 317 1013 351 inquam,

225 368 308 396 modo
327 359 429 403 gratias
445 374 495 401 ago
511 365 565 392 Deo
582 364 669 397 Patri,
686 369 713 392 et
734 363 876 398 unigenito
893 362 953 397 ejus
968 361 1015 388 Fi-

225 415 273 448 lio,
288 419 314 442 et
331 419 427 442 sancto
439 412 562 448 ejusdem
577 410 704 446 Spiritui,
720 410 784 445 quia
801 414 831 436 ut
846 413 939 436 certus
955 407 1015 435 ﬁeri

225 454 312 492 volui,
330 461 365 487 ita
382 464 408 486 et
426 457 494 485 mihi
509 457 613 484 tribuit.
629 456 764 483 Caeterum
778 455 812 482 de
828 461 871 481 me
885 453 1015 488 deinceps

227 514 341 534 securus
357 509 427 533 esto.
449 504 596 538 Nunquam
609 503 682 530 enim
698 500 830 528 dubitabo
845 499 878 526 de
893 498 949 526 ullo
965 506 1015 526 eo-

225 561 287 580 rum
309 561 371 588 qum
394 560 408 579 a
434 557 459 579 te
478 551 584 586 prolata
607 553 682 578 sunt.
710 547 815 583 Igitur,
841 546 956 574 Domine
979 545 1017 572 mi

226 597 317 630 Petre,
343 605 377 624 ne
392 596 484 623 animo
500 595 583 622 anxio
605 594 656 626 sis,
670 598 801 628 tanquam
818 599 871 618 non
889 590 1017 618 sentienti

229 642 333 670 homini
356 642 477 669 maxima
494 641 565 668 bona
581 639 739 667 donaveris.
764 637 828 664 Scio
841 637 943 671 quippe
965 636 1018 663 hoc

229 688 282 716 tale
294 691 321 715 et
336 687 403 715 adeo
421 694 550 722 maguum
567 693 638 717 essa,
651 689 681 712 ut
695 683 811 718 quilibet
824 682 889 709 illud
903 687 931 709 et
944 682 1017 709 cele-

229 735 294 761 riter
308 734 373 761 velit
394 732 529 767 accipere.
545 731 640 758 Sentio
658 730 731 758 enim
746 729 814 756 mihi
827 729 957 756 velociter
970 727 1019 755 da-

229 784 287 806 tum
303 779 453 806 charisma.
468 777 530 804 Haec
546 781 691 812 postquam
707 776 815 803 locutus
832 782 905 807 sum,
919 773 1020 801 Petrus

229 825 299 852 dixit
315 832 321 850 Ξ
337 824 459 852 Gratiam
475 823 563 850 habeo
578 822 634 850 Deo
646 841 653 854 ,
676 826 704 849 et
723 829 773 856 pro
793 821 881 848 salute
905 825 970 853 tua,
992 824 1020 846 et

1064 221 1182 257 ἀναϐολὴ
1194 221 1314 248 κίνδυνον
1330 217 1384 247 οἵδε
1398 218 1503 254 φέρειν,
1516 217 1560 245 διὰ
1571 217 1602 250 τὸ
1613 217 1710 253 ἄδηλον
1726 213 1796 244 εἶναι
1810 216 1862 243 τοῦ

1065 267 1180 295 θανάτου
1194 267 1242 302 τὴν
1263 265 1441 302 προθεσμίαν.

1101 312 1172 339 ΧΙΧ.
1190 310 1284 338 Ταῦτα
1312 309 1416 336 ἐκείνου
1442 308 1576 340 εἰπόντος,
1598 306 1669 341 Ἐγὼ
1691 305 1753 342 μὲν,
1777 305 1859 340 ἔφην,

1065 359 1116 395 ήδη
1130 357 1282 393 εὐχαριστῶ
1296 356 1335 392 τῷ
1347 356 1406 391 Θεῷ
1424 356 1471 382 καὶ
1484 354 1572 390 Πατρὶ
1581 373 1588 385 ,
1606 353 1653 387 καὶ
1666 353 1705 388 τῷ
1722 352 1867 388 μονογενεῖ

1066 404 1148 433 αὑτοῦ
1162 403 1230 439 Υίῷ,
1245 403 1293 430 καὶ
1307 402 1346 438 τῷ
1361 401 1501 438 Πνεύματι
1521 400 1603 428 αὐτοῦ
1615 399 1655 435 τῷ
1669 399 1753 434 ἁγίῳ,
1771 399 1813 425 ὣς.
1825 398 1869 430 ὡς

1067 451 1217 486 ἐΰουλόμην
1240 448 1498 486 πληφφορηθῆναι,
1516 447 1587 474 οὕτω
1601 455 1647 482 μοι
1666 446 1713 472 καὶ
1729 444 1866 480 παρέσχε.

1067 497 1141 533 Πλὴν
1155 497 1220 533 περὶ
1234 495 1301 532 ἐμοῦ
1323 495 1354 522 τὸ
1373 494 1465 522 λοιπὸν
1481 494 1610 530 ἄφροντις
1625 492 1680 519 ἔσο.
1706 491 1777 518 Οὺδέ
1799 499 1870 517 ποτε

1067 543 1122 579 γὰρ
1138 543 1259 569 ὲνδυάσω
1280 542 1303 558 ⁵³
1318 541 1386 577 πρός
1406 549 1433 566 τι
1455 540 1509 566 τῶν
1530 538 1583 566 ὑπὸ
1607 538 1654 565 σοῦ
1680 536 1868 572 λαληθέντων·

1068 590 1149 621 ὥστε,
1167 588 1244 623 κύριέ
1269 597 1319 624 μου
1341 587 1441 623 Πέτρε,
1465 587 1502 622 μὴ
1523 585 1634 620 ἀθύμει,
1649 585 1687 616 ὡς
1707 583 1872 618 ἀναισθήτῳ

1071 636 1188 672 μέγιστα
1206 633 1377 670 δωρούμενος
1396 632 1496 667 ἀγαθά.
1520 629 1586 658 Οἶδα
1597 630 1651 667 γὰρ
1678 630 1720 657 ὅτι
1742 628 1875 656 τοιοῦτὸν

1069 682 1126 709 ἐστι
1148 681 1195 708 καὶ
1217 680 1289 707 οὕτω
1315 679 1443 716 μέγιστον
1456 698 1463 711 ,
1488 675 1545 704 οἷον
1570 677 1603 704 ἄν
1624 685 1666 708 τις
1686 675 1735 702 καὶ
1758 675 1871 710 ταχέως

1069 728 1161 756 λαϐεῖν
1181 728 1312 764 βούλοιτο.
1340 727 1509 761 Αίσθάνομαι
1530 724 1585 760 γὰρ
1612 724 1659 750 τοῦ
1677 722 1803 754 δοθέντος
1824 730 1874 757 μοι

1070 775 1113 803 διὰ
1125 775 1224 810 τάχους
1234 773 1412 810 χαρίσματος.
1423 771 1517 798 Ταῦτά
1528 779 1579 806 μου
1592 769 1725 801 εἰπόντος,
1737 769 1751 795 ὁ
1763 768 1875 803 Πέτρος

1071 821 1123 856 ἔφη
1134 830 1140 836 ·
1159 820 1246 856 Χάριν
1261 818 1385 855 ὁμολογῶ
1398 817 1437 854 τῷ
1454 817 1524 852 Θεῷ,
1539 816 1665 852 καὶπερὶ
1682 816 1732 850 τῆς
1750 814 1803 849 σῆς
1819 822 1877 840 σω-

230 877 280 906 pro
294 869 440 897 commodo
454 877 525 896 meo.
539 867 633 902 Itaque
649 875 698 902 per
711 867 794 894 trium
808 866 945 894 mensium
959 865 1018 893 dies

1108 852 1177 903 ρίας,
1189 852 1236 893 καὶ
1247 852 1312 901 περὶ
1322 852 1371 900 τὴς
1382 852 1452 900 Att-i1;
1467 863 1652 893 ἀπολαύσεως.
1666 861 1741 896 Πλὴν
1754 861 1879 896 νηστευ-

230 915 333 950 jejuna,
357 919 384 942 et
408 914 576 949 baptismum
601 913 728 948 accipies.
753 911 844 946 Incipe
866 918 959 947 ergoa
977 910 1021 938 die

230 962 362 990 crastina.
385 960 443 988 Erit
458 965 549 988 autem
565 960 633 987 mihi
652 967 714 987 cras
733 966 795 986 cum
813 957 927 985 Simone
942 957 1021 992 Mago

230 1008 390 1044 disputatio.
414 1006 508 1042 Neque
523 1006 656 1040 ambigas,
676 1005 744 1032 mihi
762 1005 859 1032 adesse
879 1004 907 1031 in
925 1003 1022 1030 adver-

231 1054 351 1082 santium
367 1053 573 1081 controversiis.
592 1051 641 1079 His
651 1051 741 1084 dictis,
761 1050 819 1085 ipse
833 1050 915 1077 etiam
929 1049 1021 1077 cibum

233 1099 360 1134 sumpsit,
375 1106 474 1134 meque
494 1098 578 1134 jussit
591 1097 719 1133 privatim
742 1103 860 1124 sumere.
876 1094 1024 1122 Benedicto

233 1152 324 1174 autem
350 1146 422 1178 cibo,
447 1146 572 1180 actisque
596 1143 703 1179 gratiis,
729 1141 886 1175 subjuuxit,
907 1141 1022 1168 dicens:

234 1192 285 1220 Det
298 1192 346 1219 tibi
360 1191 441 1222 Deus,
457 1196 487 1218 ut
502 1191 529 1218 in
546 1190 675 1217 omnibus
692 1188 760 1216 mihi
775 1188 874 1215 similis
885 1187 1024 1220 eﬂiciaris,

234 1244 319 1274 utque
341 1238 516 1273 baptizatus,
541 1236 665 1271 ejusdem
686 1242 794 1262 mecum
820 1234 958 1269 particeps
975 1233 1025 1261 tias

235 1292 346 1312 mensae.
364 1283 460 1318 quue
472 1282 658 1318 pronuntiato,
670 1281 811 1316 quiescere
823 1288 865 1307 me
878 1279 1024 1315 praeepit:

235 1331 290 1366 iam
307 1330 380 1358 enim
398 1334 426 1357 et
441 1333 549 1364 tempus
563 1328 596 1355 ad
614 1335 743 1355 somnum
757 1326 884 1354 vocabat.

272 1419 335 1447 XX.
358 1420 381 1435 ⁵⁸
404 1417 533 1453 Sequenti
560 1425 625 1453 ergo
648 1416 708 1450 die,
729 1423 780 1452 ego
804 1415 941 1446 Clemens,
964 1422 1027 1442 cum

238 1466 330 1494 adhuc
343 1472 398 1492 nox
413 1469 496 1496 esset,
521 1472 536 1491 e
555 1471 654 1491 somno
672 1463 816 1495 excitatus,
837 1462 884 1489 ubi
905 1461 1026 1489 intellexi

1073 922 1118 940 σον
1146 912 1226 948 τριῶν
1264 910 1357 947 μηνῶν
1381 910 1505 946 ἡμέρας,
1529 909 1576 936 καὶ
1599 907 1746 943 λαμᾱίινεις
1769 906 1802 932 τὸ
1826 904 1879 939 βά-

1072 967 1188 994 πτισμα.
1207 957 1305 993 ’Δρξαι
1330 957 1421 984 τοίνυν
1437 955 1490 983 ἀπὸ
1505 955 1554 989 τῆς
1566 953 1676 990 αὔριον.
1687 953 1767 980 Ἔστι
1780 951 1810 978 δέ
1828 959 1878 986 μοι

1073 1006 1090 1042 ἡ
1105 1005 1200 1042 αὗριον
1218 1004 1288 1040 πρὸς
1306 1003 1417 1039 Σίμωνα
1435 1001 1480 1029 τὸν
1504 1001 1590 1037 μάγον
1605 999 1732 1033 διάλεξις.
1755 999 1814 1026 Καὶ
1836 998 1878 1034 μὴ

1073 1051 1193 1088 «suum;
1225 1049 1354 1085 παρεῖναί
1384 1057 1429 1084 μοι
1452 1049 1481 1075 ὲν
1504 1049 1566 1081 ταῖς
1592 1047 1646 1074 τῶν
1672 1045 1879 1081 ἀντικειμένων

1075 1098 1218 1134 ζητήσεσι.
1233 1095 1326 1125 Ταῦτα
1347 1093 1444 1126 εἰπὼν,
1465 1094 1512 1120 καὶ
1528 1093 1633 1129 τροφῆς
1649 1091 1731 1123 αὐτὸς
1751 1090 1878 1126 μεταλα-

1075 1143 1141 1175 6ὼν,
1158 1143 1212 1179 ἰδία
1226 1141 1301 1178 κάμὲ
1324 1139 1483 1177 μεταλαϐεῖν
1496 1139 1648 1166 ἐκέλευσεν.
1672 1137 1835 1172 Εὑλογήσας
1849 1136 1880 1163 δὲ

1081 1189 1128 1216 ἐπὶ
1141 1188 1192 1225 τῆς
1206 1188 1309 1224 τροφῆς
1326 1187 1373 1214 καὶ¹
1392 1186 1602 1222 εὐχαριστήσας,
1622 1184 1745 1219 ἐπήγαγε
1764 1182 1858 1216 λέγων
1871 1190 1878 1196 ·

1075 1235 1137 1270 Δῴη
1153 1243 1193 1261 σοι
1214 1235 1229 1260 ὁ
1251 1233 1318 1265 Θεὸς
1334 1232 1404 1260 κατὰ
1425 1232 1512 1259 πάντα
1527 1229 1724 1266 ὲξομοιωθῆναί
1747 1238 1807 1264 μοι,
1831 1228 1881 1255 καὶ

1078 1279 1253 1316 βαπτισθέντι
1274 1279 1298 1295 ⁸⁸
1311 1278 1361 1314 τῆς
1375 1277 1460 1312 αὐτῆς
1480 1285 1524 1312 μοι
1540 1275 1702 1310 κοινωνῆσαι
1721 1274 1878 1310 τραπέζης.

1078 1326 1172 1358 οὕτως
1192 1324 1289 1357 εἰπὼν,
1305 1323 1453 1361 ἡσυχάζειν
1477 1331 1523 1359 μοι
1538 1321 1722 1358 προσέταξεν·
1743 1320 1799 1356 ἤδη
1821 1319 1881 1355 γάρ

1078 1382 1130 1400 που
1145 1371 1193 1399 καὶ
1204 1372 1219 1398 ὁ
1232 1371 1328 1407 καιρὸς
1343 1370 1412 1406 πρὸς
1428 1369 1511 1396 ὒπνον
1529 1368 1629 1395 ἐκάλει.

1114 1419 1172 1446 XX.
1196 1418 1236 1454 Τῇ
1263 1417 1312 1454 μὲν
1329 1414 1376 1444 οὖν
1401 1415 1517 1452 ἐπιούσῃ
1537 1414 1592 1449 ἐγὼ
1613 1414 1738 1449 Κλήμης,
1762 1413 1805 1440 ἔτι
1831 1412 1883 1447 τῆς

1080 1465 1177 1497 νυκτὸς
1191 1464 1316 1501 ἐχούσης,
1336 1461 1521 1493 διῡπνισθεὶς,
1538 1461 1586 1487 καὶ
1599 1458 1692 1496 μαθὼν
1707 1459 1752 1485 τὸν
1774 1458 1883 1494 Πέτρον

239 1512 350 1540 Petrum
367 1511 492 1546 vigilare,
507 1514 533 1538 et
548 1518 611 1537 cum
628 1509 663 1537 iis
678 1510 724 1544 qui
744 1516 798 1536 una
813 1513 893 1540 erant
905 1508 939 1536 de
952 1507 1028 1534 cultu

1105 1510 1261 1548 τρηγορότα,
1284 1509 1332 1537 καὶ
1352 1509 1409 1540 τοῖς
1433 1507 1542 1534 συνοῦσι
1561 1505 1626 1542 περὶ
1648 1504 1806 1536 θεοσεῦείας
1824 1504 1884 1530 δια-

239 1558 287 1586 Dei
313 1559 448 1586 disserere
475 1557 564 1592 (erant
601 1561 691 1583 autem
731 1563 845 1582 numero
869 1554 1026 1587 sexdecim;

239 1612 357 1640 quorum
382 1605 439 1631 haec
461 1607 525 1630 sunt
550 1603 684 1630 nomina:
709 1600 867 1633 Zacchzeus,
893 1601 940 1636 qui
963 1600 1029 1627 olim

239 1650 420 1685 publicanus,
440 1653 466 1676 et
493 1647 648 1683 Sophonias
673 1647 758 1674 frater
783 1647 860 1682 ejus;
880 1645 1029 1682 Iosephus,

241 1695 370 1729 illiusque
394 1694 495 1721 sodalis
518 1692 666 1725 Michazas;
706 1697 837 1727 pragterea
862 1691 983 1719 Thomas
1004 1695 1031 1719 et

243 1741 380 1768 Eliczerus
397 1743 515 1775 gcmmi;
532 1739 621 1767 Encas
639 1737 921 1772 saeeraos;Lazarus
938 1745 1032 1765 sacer-

242 1788 303 1820 dos,
319 1795 398 1822 quem
415 1794 430 1814 a
452 1786 568 1813 mortuis
589 1785 719 1813 excitavit
737 1785 953 1819 quatriduanum
977 1783 1032 1811 Do-

242 1834 335 1861 minus
357 1838 450 1861 noster
471 1833 551 1860 Jesus
575 1832 721 1865 Christus;
747 1830 876 1863 Elisaaus,
890 1829 1034 1865 Beniamin

243 1881 316 1908 lilius
340 1879 464 1914 Saphrae,
483 1879 576 1906 itidem
594 1877 711 1905 Rubilus
727 1881 755 1904 et
776 1876 928 1904 Zacharias
943 1875 1035 1903 archi-

243 1925 317 1958 tecti,
331 1925 451 1952 Auanias
468 1924 618 1959 ctAggzeas
634 1922 780 1956 Ammeni;
796 1930 906 1950 necnon
922 1921 1035 1949 Nicetas

244 1976 271 1999 et
293 1972 390 2006 Aquila
411 1971 495 2004 socii)
516 1979 523 1997 :
550 1977 601 2004 ego
623 1977 734 2005 quoque
761 1969 903 2004 ingressus
921 1975 994 2002 sum,
1009 1972 1037 1995 et

245 2022 391 2052 postquam
408 2016 582 2047 salutassem,
595 2015 708 2050 jubente
726 2021 759 2042 eo
770 2013 894 2042 consedi.

285 2115 359 2143 XXI.
378 2115 424 2143 Ille
436 2119 527 2142 autem
549 2113 705 2141 institutum
721 2120 875 2140 sermonem
890 2112 1039 2140 interrum-

247 2166 367 2197 pens,et
380 2161 458 2196 quasi
475 2168 505 2187 se
527 2167 658 2195 purgans,
679 2158 815 2185 rationem
840 2158 958 2186 reddidit
989 2166 1038 2186 cur

1083 1546 1241 1594 λελίύμενον,
1264 1556 1288 1582 οἳ
1309 1553 1379 1590 ἦσαν
1403 1553 1550 1581 ἑκκαίδεκα
1562 1551 1609 1580 τὸν
1627 1550 1754 1586 ἀριθμὸν,
1769 1546 1810 1577 ὦν
1837 1550 1885 1577 καὶ

1080 1605 1116 1632 τὰ
1132 1603 1252 1640 ὀνόματὰ
1272 1602 1324 1628 εἱσι
1339 1600 1443 1631 ταῦτα,
1465 1599 1599 1634 Ζακχαῖος
1621 1597 1635 1624 ὃ
1655 1605 1725 1624 ποτε
1746 1595 1882 1631 τελώνης,

1081 1649 1130 1677 καὶ
1140 1647 1278 1683 Σοφωνίας
1292 1647 1315 1662 ⁵⁸
1328 1647 1342 1673 ὁ
1356 1645 1469 1680 ἀδελφὸς
1483 1643 1576 1676 αὑτοῦ,
1595 1642 1724 1678 Ἰώσηφός
1743 1650 1776 1669 τε
1802 1642 1852 1669 καὶ
1870 1641 1884 1666 ὁ

1081 1694 1176 1721 τούτου
1199 1693 1348 1729 σύντροφος
1367 1691 1500 1727 Μιχαίας,
1522 1689 1635 1725 προσέτι
1660 1688 1688 1715 δὲ
1709 1687 1818 1722 Θωμᾶς
1835 1686 1884 1713 καὶ

1089 1740 1239 1777 Ἑλιέζερος
1263 1740 1288 1766 oi
1311 1738 1434 1773 δίδυμοι,
1459 1736 1506 1763 καὶ
1541 1735 1636 1767 Ἐνέας
1659 1735 1673 1761 ὸ
1699 1733 1812 1769 ἱερεὺς,
1837 1731 1885 1758 καὶ

1084 1788 1208 1824 Λάζαρος
1214 1788 1230 1822 ῥ
1244 1786 1343 1822 ἱερεὺς,
1359 1785 1388 1812 ὃν
1399 1784 1547 1819 ἀνέστησεν
1564 1784 1596 1809 ὲκ
1606 1780 1711 1816 νεκρῶν
1724 1780 1883 1816 τετραήμε-

1087 1844 1131 1872 ρον
1142 1836 1156 1862 ὁ
1169 1834 1271 1870 Κύριος
1283 1832 1361 1869 ἡμῶν
1378 1831 1481 1867 Ἰησοῦς
1494 1829 1622 1866 Χριστὸς,
1643 1827 1689 1854 καὶ
1714 1826 1884 1857 Ἐλισσαῖος,

1085 1880 1217 1916 Βενιαμὶν
1241 1880 1256 1906 ὁ
1282 1878 1328 1905 τοῦ
1355 1877 1459 1912 Σαφρᾶ,
1483 1875 1585 1911 ὁμοίως
1609 1883 1642 1909 γε
1669 1873 1815 1904 Ῥεύὸιλος
1840 1871 1886 1898 καὶ

1086 1927 1222 1963 Ζαχαρίας
1236 1926 1261 1952 οἱ
1274 1924 1421 1960 οἰκοδόμοι,
1441 1921 1565 1953 Ἀνανίας
1577 1921 1598 1936 ⁵⁷
1615 1929 1645 1947 τε
1656 1920 1703 1946 καὶ
1722 1918 1885 1953 Ἀγγαίας⁶⁵

1086 1974 1111 2000 oi
1125 1972 1247 2008 ἀμμηνοί
1263 1969 1296 1987 ⁵9⁸
1316 1970 1357 1997 ἐτι
1375 1978 1405 1996 τε
1424 1969 1547 2004 Νικήτης
1560 1966 1608 1994 καὶ
1632 1965 1749 1997 Ἀκύλας
1772 1965 1799 1991 οἱ
1814 1965 1886 1990 ἑταῖ-

1090 2027 1139 2055 ροι·
1168 2017 1292 2053 εἰσῆλθον
1309 2015 1389 2050 κάγώ
1401 2023 1407 2031 ·
1423 2015 1470 2042 καὶ
1484 2012 1706 2050 προσαγορεύσας
1720 2010 1886 2044 ὲκαθέσθην,

1088 2065 1193 2092 ἐκείνου
1208 2063 1395 2094 κελεύσαντος.

1124 2110 1195 2138 XXI.
1215 2110 1244 2136 '0
1255 2109 1284 2136 δὲ
1298 2108 1343 2135 τὸν
1357 2106 1536 2143 προκείμενον
1552 2103 1672 2139 ἐκκόψας
1685 2103 1707 2119 ⁸⁸
1722 2102 1818 2137 λόγον,
1835 2102 1888 2129 ὦς’

1090 2166 1143 2192 περ
1163 2154 1391 2190 ἀπολογούμενος,
1415 2151 1598 2188 ὲπληροφόρει
1621 2149 1694 2181 τίνος
1717 2149 1815 2175 ’ἐνεκεν
1840 2150 1887 2172 oin:

250 2217 304 2236 non
316 2207 544 2243 cxpergefccissct
558 2213 612 2239 me,
623 2213 678 2240 quo
689 2205 835 2232 verborum
848 2205 934 2239 ipsius
947 2212 1034 2232 essem

1105 2201 1225 2238 ,edmtoé
1252 2209 1296 2237 με,
1323 2200 1398 2231 ὅπως
1421 2197 1559 2233 ἀκροατὴς
1576 2196 1630 2223 τῶν
1655 2194 1740 2221 αὐτοῦ
1761 2193 1887 2227 γένωμαι

249 2254 358 2281 auditor
375 2261 381 2278 :
398 2253 478 2288 cujus
493 2252 532 2279 rei
547 2259 671 2284 causam,
688 2250 870 2285 navigationis
882 2251 1036 2278 molestiam

251 2299 408 2334 assignabat
422 2306 428 2324 :
443 2298 518 2325 illam
531 2297 604 2324 enim
619 2297 754 2331 concoqui
766 2296 871 2329 volens,
885 2304 928 2323 me
943 2297 1037 2331 quies-

251 2353 313 2373 cere
337 2345 470 2380 permisit.
500 2343 642 2378 Siquidem
665 2343 776 2378 quando
800 2343 903 2376 anima,
930 2343 1037 2378 inquit,

251 2393 325 2420 circa
343 2391 370 2419 id
386 2391 459 2426 quod
478 2390 587 2424 corpori
610 2389 687 2417 deest
703 2393 865 2424 occupatur,
889 2389 931 2416 vel
947 2389 1040 2424 aliqua

252 2438 407 2466 calamitate
418 2437 561 2472 premitur,
574 2445 627 2464 nou
642 2435 727 2463 multa
740 2443 803 2463 cum
816 2435 957 2470 diligentia
968 2435 1039 2463 solet

253 2485 392 2512 attendere
417 2484 450 2512 iis
471 2492 533 2519 qum
552 2483 691 2511 dicuntur.
714 2481 749 2509 Et
774 2486 884 2517 propter
907 2482 960 2509 hoc
975 2482 1040 2509 nolo

1090 2250 1193 2284 λόγων·
1208 2248 1256 2275 καὶ
1270 2246 1365 2273 τούτου
1385 2245 1474 2272 αἰτίαν
1487 2244 1532 2270 τὸν
1551 2244 1584 2270 ὲκ
1604 2242 1651 2268 τοῦ
1674 2239 1743 2267 τελοῦ
1765 2238 1888 2274 σκυλμὺν

1091 2296 1221 2321 ἐποιεῖτο·
1241 2294 1344 2320 ἐκεῖνον
1365 2291 1421 2327 γὰρ
1443 2289 1581 2325 πεφθῆναι
1602 2287 1686 2314 θέλων
1705 2286 1740 2317 ελ,
1763 2285 1801 2321 μὲ
1822 2286 1887 2320 ἡσυ-

1092 2341 1185 2377 χάζειν
1208 2340 1324 2375 ἀφῆκεν.
1352 2337 1443 2364 Ὁπότ⁹
1462 2335 1494 2363 ἃν
1518 2335 1573 2370 γὰρ
1593 2334 1632 2369 (7)
1652 2333 1670 2368 ὴ
1686 2331 1761 2367 ψυχὴ
1773 2351 1782 2363 ,
1807 2330 1888 2366 φησὶ,

1092 2388 1157 2423 περὶ
1176 2387 1206 2413 τὸ
1221 2386 1313 2412 λεῖπον
1327 2384 1475 2419 ὰσχολῆται
1490 2381 1529 2417 τῷ
1544 2380 1660 2415 σώματι,
1674 2377 1730 2405 εἴτε
1749 2377 1807 2404 τινὶ
1821 2387 1888 2412 συμ-

1094 2434 1166 2469 φορᾷ
1187 2431 1345 2467 συνέχεται,
1368 2430 1398 2456 οὺ
1421 2427 1490 2464 μετὰ
1513 2426 1613 2461 πολλῆς
1636 2423 1716 2451 εἴωθε
1740 2423 1888 2459 προσέχειν

1095 2479 1237 2516 ἀκριϐείις
1259 2478 1316 2509 τοῖς
1340 2475 1507 2511 λεγομένοις,
1521 2471 1624 2499 Τούτου
1642 2471 1672 2497 δὲ
1698 2470 1798 2498 ἕνεκεν
1829 2470 1888 2497 adis

890 2549 1009 2577 VARI/IS.
1029 2547 1231 2578 LECTIONES.

290 2623 313 2639 ⁸³
333 2617 462 2648 Clement.
477 2621 552 2648 hom.
574 2627 592 2652 I,
611 2628 636 2647 c.
650 2619 695 2648 2|,
711 2623 764 2646 etc.
789 2616 898 2651 Recogn.
914 2616 933 2642 I.
955 2624 973 2648 I,
987 2624 1012 2652 c.
1029 2615 1072 2652 I8,
1084 2620 1136 2652 etc.
1175 2614 1198 2629 ⁸³
1214 2614 1249 2652 al.
1261 2611 1417 2652 _év60td_o:w.l
1447 2609 1472 2625 ⁸⁸
1488 2609 1524 2652 al.

1553 2606 1745 2642 βατιξτισθέντα.
1825 2602 1886 2633 Cle-

261 2660 340 2682 ment.
357 2638 637 2686 t.omu'.’n':"c'i"i.'iaZ-I
652 2638 950 2685 ’ῖίέεῗΐλιίνένδίῒοιικ
967 2638 973 2648 ’
990 2650 1014 2666 ⁵⁵
1031 2638 1187 2686 Σοφονίας.Δ
1215 2638 1461 2686 ᾞἸίξιιλο-ῧε-Αὶνείας,
1480 2648 1510 2686 ιιι
1523 2638 1558 2686 ad
1574 2638 1738 2686 Clen'tenlillm
1753 2640 1884 2686 dir‘i'mus.

357 2675 451 2718 "3'55:
466 2675 717 2725 "Kﬁa'zécimn‘
728 2675 1009 2723 tladjlqvoi—et'dtunvot
1022 2675 1197 2720 έιιᾶμμικὶὸι.
1238 2683 1260 2699 ⁸⁸
1277 2675 1313 2710 οῖ
1330 2675 1459 2716 ὲγκόψαξέ
1490 2679 1510 2695 ⁶¹
1526 2678 1561 2706 al.
1577 2676 1715 2711 πεφθῆναι
1732 2683 1780 2714 μοι
1791 2675 1884 2702 θέλων.

888 2742 1073 2771 VARIORUM
1093 2742 1209 2770 NOTIE.

295 2797 333 2831 (7)
349 2797 476 2823 ὀπόταν
489 2795 554 2831 γάρ.
572 2795 734 2830 Excerptam
759 2791 922 2822 sententiam
943 2790 1023 2822 haue,
1044 2793 1074 2816 ut
1093 2789 1250 2826 Κλήμεντος
1267 2788 1345 2815 πάπαι
1363 2785 1487 2821 Ῥώμης,
1503 2783 1590 2818 legere
1615 2786 1658 2809 est
1675 2781 1702 2808 in
1734 2786 1789 2810 ms.
1806 2779 1885 2814 Regio

262 2831 342 2859 I500.
358 2832 441 2859 Cum.
