1917 3100
271 179 319 207 491

695 177 723 205 S.
740 175 933 204 CLEMENTIS
953 175 963 203 I
983 174 1064 203 BOM.
1090 173 1190 202 PONT.
1202 173 1324 208 ’OPERA
1341 173 1463 203 DUBIA.‘

1841 173 1896 202 ωε

270 247 380 276 quoque
394 244 521 268 accurate
536 247 686 276 cognoscas
696 239 791 267 omnia
813 239 864 266 viri
889 238 981 272 illius;
997 245 1046 265 cu-

1119 236 1219 273 κριϐὦς
1233 237 1321 264 πάντα
1331 237 1365 264 τὰ
1375 237 1446 264 κατὰ
1455 237 1501 264 τδν
1515 237 1599 273 ἄνδρα
1612 237 1697 273 εἰδῇς,
1711 236 1784 268 τινος
1795 244 1826 263 τε
1843 235 1895 267 ὢν,

269 287 379 322 jusnam
393 287 438 319 sit,
457 291 484 314 et
502 287 575 322 quis,
589 291 618 314 et
635 285 725 319 unde;
744 290 771 312 et
784 292 908 320 quaenam
924 284 979 312 sint
991 291 1052 319 qua

270 331 345 364 facit,
359 336 387 359 et
400 340 454 367 quo
469 332 563 364 modo.
579 339 715 367 quamque
730 331 765 359 ob
776 338 898 358 causam.

305 377 391 405 XXV.
405 378 427 394 ⁸⁸
439 378 533 406 Simon
549 378 630 414 igitur
640 382 718 412 patre
732 377 841 412 quidem
853 376 979 415 Antonio,
994 383 1053 403 ma-

271 430 313 452 tre
325 431 388 452 vero
399 423 516 452 Raehele
529 427 605 452 ortus
615 427 672 456 est;
686 422 796 450 natione
809 421 1009 453 Samaritanus,
1017 428 1051 448 ex

270 470 383 502 Gitthis,
399 470 460 498 vico
472 470 519 505 qui
536 477 589 497 non
605 469 697 496 minus
711 476 792 504 quam
809 477 855 496 sex
881 467 1001 496 SCIKBIIIS
1016 467 1051 495 ab

271 513 338 542 urbe
356 512 590 541 Samaritanorum
604 513 696 541 distat.
720 513 768 540 llic
784 513 953 540 Alexandria:
968 511 1051 548 Egy-

270 559 309 594 pti
332 563 527 590 commoratus,
545 565 577 586 ac
591 558 617 584 in
639 557 733 585 Greca
753 558 877 585 doctrina
902 557 1049 592 plurimum

269 605 445 638 exercitatus,
462 609 488 632 et
500 609 558 633 arte
573 604 677 639 magica
693 604 808 639 pollens.
832 609 914 638 atque
928 604 1049 631 insolen-

271 650 306 677 tia
322 650 420 682 elatus,
436 658 466 678 se
476 650 533 677 vult
552 649 703 677 existimari
715 657 775 677 esse
801 649 928 676 virtutem
955 657 1050 684 supre-

270 704 364 730 mam,
389 696 449 732 ipso
474 703 584 731 quoque
613 696 782 731 superiorem
813 695 867 723 Deo
886 696 934 730 qui
961 700 1048 722 totum

269 742 362 770 orbem
382 742 521 777 produxit.
536 741 674 769 Interdum
689 748 754 768 vero
769 749 798 769 se
813 741 952 768 Christum
965 740 1050 776 signi—

268 788 516 821 ﬁcans,'Stantem
538 788 664 823 appellat.
691 787 813 822 Eamque
840 788 1048 823 appellationem

267 834 419 869 usurpavit,
442 834 522 869 quasi
539 834 587 869 qui
608 842 716 869 semper
736 834 905 863 constiturus
929 833 976 867 sit,
999 841 1048 861 nec

266 879 366 907 habeat.
383 878 565 913 corruptionis
581 886 691 907 causam
705 887 759 914 qua
775 886 890 914 corpore
910 879 1046 907 concidat.

266 923 321 952 Nec
334 931 397 951 vero
412 923 496 952 Deum
512 924 606 952 mundi
618 925 798 958 conditorem,
813 932 970 959 supremum
987 932 1048 953 esse

265 971 300 998 ait
317 978 324 997 :
340 978 390 998 nec
405 974 527 999 mortuos
550 971 697 1006 aliquando
722 971 872 999 excitatum
896 971 929 998 iri
947 971 1044 999 credit.

266 1015 479 1051 Hierosolymam
506 1020 596 1052 negat,
612 1020 732 1044 montem
750 1014 919 1043 Garizimum
944 1015 1047 1042 substi-

265 1062 326 1089 tuit.
345 1060 397 1089 Pro
414 1069 477 1089 vere
490 1060 601 1089 Christo
616 1061 672 1089 Deo
687 1065 794 1094 nostro,
811 1061 930 1096 seipsum
948 1060 1046 1096 praedi-

264 1114 317 1144 cat.
334 1107 442 1143 Legem,
460 1108 567 1143 propria
582 1108 797 1143 praesumptione
817 1107 895 1135 aliter
912 1107 1047 1142 interpre—

265 1159 353 1187 tatur;
365 1157 391 1180 et
399 1152 535 1189 judicium
549 1152 608 1182 fore
618 1152 730 1188 quidem
741 1148 817 1186 dicit,
829 1160 922 1179 verum
935 1159 989 1179 non
999 1159 1047 1180 ex-

265 1203 381 1235 spectat.

298 1244 394 1273 X-XVI.
408 1245 444 1273 Ut
464 1249 556 1273 autem
579 1245 637 1279 ipse
659 1243 799 1280 religionis
822 1243 979 1278 opinionem
1002 1243 1046 1271 in-

262 1291 384 1323 vaderet,
414 1290 516 1318 factum
541 1294 583 1318 est
608 1290 657 1317 ita.
674 1289 793 1317 Joannes
809 1289 919 1325 quidam
943 1289 1047 1317 exstitit

264 1335 311 1370 qui
335 1335 450 1370 singulis
472 1335 569 1362 diebus
590 1334 760 1370 baptizaret:
777 1339 804 1362 et
819 1334 1046 1369 quemadmodum

264 1381 380 1408 Domino
406 1380 517 1408 fuerunt
544 1380 689 1408 duodecim
721 1379 870 1415 discipuli,
900 1379 1046 1408 duodecim

265 1426 399 1454 mensium
424 1426 490 1454 solis
517 1429 640 1462 gerentes
657 1433 816 1458 numerum;
840 1425 879 1452 sic
897 1426 921 1452 ei
937 1432 1046 1460 quoque

265 1471 376 1499 luerunt
399 1472 510 1506 triginta
533 1470 583 1498 viri
604 1471 758 1506 principes.
784 1476 953 1499 menstruam
975 1471 1047 1499 luna;

265 1518 396 1545 rationem
424 1517 589 1552 implentes;
615 1516 685 1544 inter
705 1521 816 1552 quoset
841 1525 895 1545 una
921 1518 1045 1553 quaedam

263 1569 323 1592 erat
334 1564 443 1596 mulier,
454 1568 548 1592 vocata
566 1563 665 1591 Helena
678 1573 684 1597 ;
702 1569 732 1591 ut
745 1572 778 1592 ne
796 1565 848 1592 hoc
863 1565 972 1600 quidem
983 1567 1046 1594 abs—
1059 1575 1082 1606 ο

263 1619 316 1646 que
329 1610 560 1646 praemeditatione
580 1613 662 1638 esset.
676 1610 744 1638 Cum
765 1610 837 1637 enim
853 1611 952 1639 mulier
965 1612 1046 1639 dimi-

263 1658 338 1685 dium
354 1658 389 1686 sit
401 1657 462 1690 viri,
475 1657 662 1692 imperfectum
679 1657 818 1684 tricenarii
835 1658 978 1686 constituit
994 1666 1045 1685 nu-

263 1708 389 1734 merum;
419 1701 491 1728 sicut
515 1706 542 1728 et
565 1701 593 1728 in
621 1701 697 1733 luna,
728 1701 807 1735 cujus
842 1701 966 1729 incessus
990 1710 1044 1729 non

261 1747 413 1782 perlectum
435 1747 535 1775 mensis
561 1755 673 1775 cursum
699 1747 818 1775 conﬁcit.
837 1747 923 1774 Porro
947 1748 1044 1776 horum

261 1795 384 1830 triginta,
403 1793 503 1822 Joanni
524 1794 629 1829 primus
649 1802 681 1823 ac
703 1794 915 1830 probatissimus
929 1800 986 1822 erat
1001 1795 1045 1822 Si--

261 1850 336 1868 HIOII.

296 1884 401 1914 XXVII.
417 1886 440 1902 ⁷⁷
452 1885 517 1914 Post
532 1891 648 1913 mortem
666 1891 756 1914 autem
779 1885 908 1920 Joannis,
932 1888 1042 1922 Simon,

260 1933 398 1967 assumpta
414 1931 526 1965 Helena,
544 1931 664 1965 oberrat,
687 1933 790 1967 plebem
810 1933 988 1965 contui-bans,
1003 1933 1044 1959 di-

259 1986 378 2012 censque
390 1985 450 2005 eam
465 1977 595 2005 Helenam
611 1977 644 2004 de
663 1978 799 2012 supremis
813 1978 891 2005 coalis
912 1978 940 2004 in
956 1983 1043 2005 terras

260 2024 376 2050 delatam
389 2031 449 2050 esse
462 2033 469 2050 :
483 2023 562 2058 cujus
582 2023 679 2056 gratia,
703 2024 802 2058 inquit,
820 2023 907 2051 Grzeci
928 2028 955 2051 et
980 2024 1043 2051 bar-

261 2069 319 2095 bari
332 2068 431 2095 bellum
446 2073 598 2103 gesserunt,
616 2069 755 2104 imaginati
770 2070 887 2104 speciem
902 2070 1040 2098 veritatis:

259 2118 286 2140 et
301 2113 383 2140 edens
399 2113 483 2140 multa
495 2114 650 2149 prodigiosa
666 2114 816 2148 miracula;
832 2114 869 2141 ita
887 2119 916 2141 ut
926 2114 979 2142 nisi
995 2122 1043 2142 co-

260 2158 450 2193 gnovissemus
477 2166 539 2186 eum
563 2159 609 2187 illa
631 2167 680 2194 per
706 2161 823 2195 magiam
850 2160 966 2193 eilieere,
989 2160 1041 2195 ipsi

260 2210 369 2238 quoque
385 2202 534 2230 fuissemus
547 2204 662 2239 decepti.
675 2203 754 2232 Nune
766 2211 857 2232 autem
870 2206 980 2240 quando
995 2214 1041 2233 ve-

260 2257 344 2277 sanus
360 2249 405 2277 illo
420 2250 504 2277 voluit
522 2250 603 2277 etiam
623 2251 763 2285 imponere
788 2252 946 2280 hominibus
973 2253 1039 2280 reli—
1057 2241 1077 2268 ι)

260 2295 353 2330 g‘iosis,
367 2294 401 2321 ab
415 2302 448 2322 eo
459 2296 632 2323 secessimus.
647 2295 752 2322 Etenim
768 2297 840 2324 caede
851 2305 879 2324 se
897 2298 1040 2332 inquinare

259 2346 395 2375 coeperat;
411 2341 483 2368 sicut
495 2341 573 2368 nobis
584 2342 674 2369 adhuc
686 2342 781 2370 amicis
795 2343 869 2370 velut
880 2345 984 2371 amicus
996 2352 1042 2379 pa-

259 2385 370 2417 tefecit;
385 2385 458 2420 quod
470 2393 531 2413 cum
548 2386 624 2421 pueri
643 2386 762 2413 animam
779 2394 794 2414 a
808 2395 859 2414 suo
871 2395 983 2422 corpore
998 2396 1041 2416 se—

259 2435 393 2467 parasset,
406 2429 525 2458 infandis
537 2431 700 2466 quibusdam
714 2432 909 2467 adjuramentis
921 2433 1039 2461 futuram

259 2476 421 2512 adjutricem
436 2476 471 2503 ad
484 2483 578 2504 eorum
593 2483 653 2511 quae
666 2477 723 2512 ipse
735 2477 815 2505 vellet
825 2479 1041 2513 repraesentatio-

1102 283 1150 310 καὶ
1165 283 1218 315 τίς,
1234 284 1281 310 καὶ
1302 283 1395 315 πόθεν,
1419 283 1466 311 καὶ
1480 283 1542 310 τίνα
1558 282 1633 310 ἐστὶν
1647 281 1666 310 ἃ
1689 282 1819 318 πράττει,
1848 281 1898 308 καὶ

1102 330 1186 361 ὅπως,
1203 329 1250 355 καὶ
1263 328 1308 356 διὰ
1317 329 1354 356 τί.

1135 374 1219 401 XXV.
1227 375 1317 411 Σίμων
1324 372 1398 402 οὖν⁸³
1414 374 1514 410 πατρὸς
1525 374 1574 410 μέν
1585 374 1658 400 ἐστιν
1670 372 1828 403 Ἀντωνίου,
1842 380 1900 406 μη-

1100 420 1163 457 τρὸς
1173 421 1201 448 δὲ
1221 420 1329 457 Ῥαχὴλ,
1344 420 1487 456 Σαμαρεὺς
1494 419 1523 446 τὸ
1533 419 1610 454 γένος
1621 419 1656 451 ⁷ο,
1673 418 1727 445 ἀπὸ
1744 417 1856 444 Γιτθῶν
1874 417 1898 434 ’³

1100 467 1151 503 τῆς
1183 466 1290 502 κώμης,
1316 466 1346 493 οὺ
1376 468 1449 503 μεῖον
1466 465 1483 502 ἦ
1499 465 1618 501 σχοίνους
1630 464 1660 498 ἒξ
1673 464 1723 500 τῆς
1736 463 1899 498 Σαμαρέων

1101 511 1204 544 πόλεως
1227 511 1391 548 ἀπεχούσης.
1404 508 1486 542 Οὗτος
1511 511 1540 537 ὲν
1570 509 1757 545 Ἀλεξανδρείᾳ
1772 509 1808 544 τῇ
1823 508 1899 543 alr/3;

1100 557 1235 591 Αἴγυπτον
1256 557 1385 592 γεγονὼς,
1407 556 1548 592 Ἑλληνικῇ
1562 565 1592 583 τε
1608 556 1717 591 παιδείᾳ
1731 555 1807 582 πάνυ
1830 555 1899 581 ἑαυ-

1099 603 1144 630 τὸν
1157 604 1319 639 ἑξασκήσας,
1338 603 1385 630 καὶ
1401 605 1434 639 τῇ
1451 603 1530 638 μάγῳ
1551 603 1632 638 τέχνῃ
1651 601 1736 628 πολλὰ
1748 601 1897 636 δυνηθεὶς.

1100 649 1146 676 καὶ
1159 650 1199 681 εὶς
1206 649 1334 677 ἀπόνοιαν
1350 649 1490 685 ἐπαρθεὶς,
1507 647 1743 684 θέλεινομίςεσθαί
1759 655 1805 678 τις
1822 644 1899 672 εἶναι

1099 694 1211 730 δύναμις
1233 695 1361 722 ἀνωτάτω
1376 695 1416 726 ",
1441 694 1488 721 καὶ
1512 693 1593 721 αὑτοῦ
1610 693 1654 720 τὸν
1670 692 1774 728 κόσμον
1800 691 1899 718 πάντα

1099 742 1304 779 παραγαγόντος
1327 741 1404 768 Θεοῦ.
1432 741 1530 768 Ὲνίοτε
1544 741 1572 767 δὲ
1588 739 1635 766 καὶ
1649 739 1770 774 Χριστὸν
1793 737 1898 765 ἑαυτὸν

1099 788 1282 824 αἰνιττόμενος
1299 787 1322 803 ⁷³
1337 787 1535 824 προσαγορεύει
1553 786 1601 822 (8).
1617 786 1672 814 Καὶ
1685 785 1776 821 ταύτῃ
1801 785 1839 820 δὴ
1863 786 1897 819 τῇ

1100 834 1269 870 προσηγορίᾳ
1276 833 1417 870 κέχρηται,
1428 833 1464 865 ὡς
1475 833 1507 868 δὴ
1521 831 1718 867 συστησάμενος
1732 839 1766 856 τε
1777 830 1838 861 ἀεὶ,
1851 830 1899 856 καὶ

1099 880 1202 916 φθορᾶς
1216 880 1316 911 αἰτίαν,
1335 879 1405 906 ὥστε
1415 879 1445 905 τὸ
1459 878 1538 914 σῶμα
1557 879 1660 908 πεσεῖν,
1671 877 1722 903 οὐκ
1734 876 1823 911 ἔχων.
1840 876 1899 902 Καὶ

1098 926 1159 953 οὔτε
1174 926 1239 953 Θεὸν
1256 926 1300 953 τὸν
1314 926 1444 953 κτίσαντα
1462 925 1507 953 τὸν
1527 924 1639 960 κόσμον,
1654 923 1797 951 ἀνώτατον
1818 923 1899 957 λέγει

1098 971 1181 1000 εῖναι·
1199 971 1260 999 οὔτε
1275 973 1388 1008 νεκροὺς
1404 971 1552 1008 ὲγηγέρθαι
1564 971 1588 988 ⁷⁸
1603 970 1727 997 πιστεύει
1739 969 1824 997 ποτέ.
1839 970 1898 1004 Τήν

1103 1017 1278 1054 Ἰερουσαλὴμ
1292 1017 1423 1053 ἀρνεῖται,
1439 1017 1468 1044 τὸ
1488 1016 1611 1053 Γαριζεὶν
1626 1016 1688 1052 ὄρος
1703 1015 1897 1050 ἀντεισφέρει.

1103 1063 1176 1090 Ἀντὶ
1185 1063 1231 1090 τοῦ
1245 1063 1329 1096 ὅντως
1343 1063 1461 1099 Χριστοῦ
1474 1063 1520 1090 τοῦ
1531 1062 1598 1089 Θεοῦ
1608 1062 1698 1098 ἡμῶν,
1712 1062 1816 1088 ἑαυτὸν
1828 1061 1899 1088 ἁπλα-

1097 1109 1213 1146 γορεύει.
1229 1109 1271 1136 Τὰ
1291 1109 1320 1136 δὲ
1334 1108 1381 1136 τοῦ
1407 1109 1489 1144 νόμου
1511 1109 1574 1140 τδια,
1599 1107 1751 1144 προσλήψει
1768 1108 1793 1123 ⁷⁸
1810 1107 1898 1141 ἀλλη-

1096 1157 1182 1192 γορεῖ,
1198 1156 1246 1182 καὶ
1262 1155 1352 1191 κρίσιν
1375 1155 1483 1182 ἔσεσθαι
1508 1155 1557 1190 μὲν
1580 1154 1665 1188 λέγει,
1689 1153 1722 1180 οὐ
1746 1153 1898 1189 προσδοκᾷ

1097 1201 1136 1228 δέ.

1131 1245 1225 1273 XXVI.
1244 1245 1280 1272 Τὸ
1292 1246 1320 1273 δὲ
1332 1245 1518 1281 παρεισελθεῖν
1533 1244 1613 1272 αὺτὸν
1625 1244 1674 1279 τῆς
1691 1244 1714 1261 ⁷⁸
1729 1243 1897 1275 Bene-ﬁcia;

1096 1287 1184 1323 λόγον,
1204 1289 1313 1323 γέγονεν
1326 1288 1420 1321 οὕτως.
1447 1289 1572 1324 Ἰωάννης
1593 1297 1636 1320 τις
1661 1289 1774 1322 ἐγένετο
1788 1289 1898 1325 ἡμερο-

1097 1334 1261 1370 6απτιστής·
1278 1335 1325 1362 καὶ
1342 1334 1437 1371 ὥσπερ
1455 1335 1494 1370 τῷ
1515 1334 1610 1370 Κυρίῳ
1625 1335 1755 1368 γεγόνασι
1783 1334 1897 1361 δώδεκα

1097 1380 1215 1416 μαθηταὶ
1222 1381 1267 1407 τὸν
1277 1379 1324 1407 τοῦ
1333 1380 1410 1416 ἡλίου
1421 1381 1610 1416 δωδεκάμηνον
1617 1380 1748 1416 φέροντες
1758 1379 1896 1415 ἀριθμὸν,

1096 1426 1166 1453 οὕτω
1180 1427 1226 1453 καὶ
1240 1426 1314 1462 αὐτῷ
1328 1426 1437 1462 ἐξαρχοι
1452 1426 1596 1461 γεγόνασιν
1611 1426 1708 1461 ἄνδρες
1723 1426 1896 1461 τριάκοντα,

1095 1470 1141 1497 τὸν
1151 1473 1276 1506 μηνιαῖον
1288 1472 1335 1507 τῆς
1347 1471 1461 1507 σελήνης
1468 1471 1545 1506 λόγον
1557 1470 1796 1506 ἀποπληροῦντες,
1813 1471 1847 1497 ὲν
1856 1469 1898 1502 οἷς

1096 1517 1141 1543 καὶ
1154 1517 1201 1552 μία
1214 1526 1256 1549 τις
1269 1515 1302 1553 ἦν
1314 1518 1380 1553 γυνὴ
1390 1517 1543 1553 καλουμένη
1559 1517 1662 1553 Ἑλένη,
1671 1517 1714 1543 ἵνα
1726 1517 1799 1552 μηδὲ
1810 1517 1899 1544 τοῦτο

1096 1563 1306 1599 ἀνοικονόμητον
1379 1564 1483 1599 Ἦμισυ
1499 1563 1553 1599 γὰρ
1567 1563 1662 1598 ἀνδρὸς
1682 1561 1749 1590 οὖσα
1772 1563 1790 1597 ἡ
1808 1563 1897 1599 γυνὴ,

1097 1607 1179 1643 ἀτελῆ
1191 1609 1237 1634 τὸν
1251 1610 1301 1643 τῆς
1312 1608 1502 1644 τριακοντάδος
1519 1609 1625 1644 τίθησιν
1637 1608 1755 1644 ἀριθμόν
1766 1617 1772 1622 ·
1794 1607 1898 1644 ὥσπερ

1095 1654 1149 1689 ἄρα
1167 1655 1213 1681 καὶ
1227 1655 1278 1690 τῆς
1291 1655 1417 1691 σελήνης,
1438 1653 1471 1690 ἧς
1484 1656 1501 1690 ἡ
1515 1655 1611 1690 πορεία
1632 1654 1679 1680 τοῦ
1698 1654 1788 1689 μηνὸς
1799 1654 1836 1680 οὐ
1852 1654 1898 1681 τέ-

1095 1699 1165 1726 λειον
1181 1701 1295 1727 ποιεῖται
1311 1700 1356 1726 τὸν
1371 1700 1479 1736 δρόμον.
1495 1700 1602 1726 Τούτων
1621 1700 1649 1726 δὲ
1661 1700 1714 1726 τῶν
1723 1699 1897 1735 τριάκοντα,

1094 1745 1133 1781 τῷ
1154 1746 1263 1781 Ἰωάννῃ
1276 1746 1383 1781 πρῶτος
1398 1746 1444 1773 καὶ
1454 1745 1639 1782 δοκιμώτατος
1652 1743 1709 1782 ἦνὸ
1726 1746 1840 1782 Σίμων.

1134 1885 1240 1913 XXVII.
1273 1886 1351 1913 Μετὰ
1372 1886 1400 1913 δὲ
1428 1887 1478 1922 τὴν
1500 1887 1627 1924 τελευτὴν
1660 1888 1812 1920 Ἰωάννου,
1845 1891 1897 1925 τὴν

1100 1930 1206 1966 Ἑλένην
1213 1932 1227 1957 ὁ
1235 1931 1325 1967 Σίμων
1334 1932 1509 1967 παραλαϐὼν,
1520 1933 1703 1968 περιέρχεται,
1714 1934 1783 1965 τοὺς
1792 1934 1896 1970 ὀχλοκ

1093 1976 1260 2009 ἁναστατῶν,
1287 1978 1372 2013 αὑτήν
1393 1987 1423 2004 τε
1444 1979 1493 2014 τὴν
1514 1978 1620 2014 Ἑλένην
1646 1979 1733 2013 λέγων
1755 1980 1817 2006 ἀπὸ
1839 1989 1855 2006 τ
1869 1981 1895 2005 ᾖν

1092 2022 1220 2049 ἀνωτάτω
1234 2023 1355 2058 οὐρανῶν
1371 2024 1562 2059 κατενεχθῆναι
1575 2024 1614 2058 τῷ
1631 2025 1739 2059 κόσμῳ·
1756 2023 1795 2060 ἧς
1807 2026 1895 2051 ἓνεκα

1094 2067 1221 2103 Ἔλληνές
1231 2077 1272 2100 τε,
1291 2070 1368 2103 φησὶ,
1382 2070 1428 2096 καὶ
1448 2069 1773 2105 βὰρὸαροιὲμαχέσαντο,
1795 2071 1894 2097 εἰκόνα

1092 2113 1287 2147 φαντασθέντες
1301 2114 1426 2149 ἀληθείας
1436 2123 1442 2129 ·
1458 2116 1505 2141 καὶ
1519 2115 1602 2142 πολλὰ
1619 2114 1761 2150 τερατώδη
1779 2115 1896 2151 θαυμά-

1092 2166 1137 2184 σια
1148 2158 1242 2190 ποιῶν,
1258 2159 1295 2190 ὡς
1308 2160 1332 2185 εἰ
1348 2159 1384 2194 μὴ
1402 2158 1510 2194 ᾔδειμεν
1522 2160 1562 2186 ὅτι
1580 2159 1679 2195 μαγείᾳ
1693 2159 1785 2186 ταῦτα
1803 2163 1894 2189 ποιεῖ.

1091 2205 1272 2240 ἡπατήοημεν
1286 2205 1318 2231 ἂν
1336 2206 1382 2232 καὶ
1402 2207 1489 2233 αὐτοί.
1505 2206 1560 2232 Νῦν
1576 2206 1604 2232 δὲ
1622 2207 1666 2232 ὅτε
1685 2206 1858 2242 πολυμανὴς
1872 2208 1895 2223 ⁷⁵

1092 2251 1196 2286 ἀπατᾷν
1214 2252 1293 2287 ἤθελε
1311 2253 1357 2278 καὶ
1376 2254 1439 2284 τοὺς
1450 2253 1478 2278 ἐν
1494 2252 1642 2288 θεοσεϐείᾳ,
1658 2253 1828 2287 ἀπέστημεν
1844 2254 1894 2280 ἀπ’

1091 2297 1183 2323 αὑτοῦ.
1195 2297 1247 2324 Καὶ
1259 2297 1312 2333 γὰρ
1325 2299 1473 2332 μιαιφονεῖν
1483 2297 1592 2333 ἤρξατο,
1603 2298 1640 2330 ὠς
1650 2298 1730 2329 αὐτὸς
1747 2299 1894 2333 Ξτιςρῑλοις

1092 2343 1167 2371 οὖσιν
1182 2345 1246 2380 ἡμῖν
1259 2344 1307 2374 οἷα
1319 2345 1394 2380 φίλος
1404 2346 1542 2380 ἐξέφανεν,
1555 2348 1596 2373 ὅτι
1609 2346 1716 2373 παιδίου
1727 2347 1826 2383 ψυχὴν
1843 2349 1892 2374 τοῦ

1094 2388 1159 2414 ἰδίου
1175 2389 1435 2425 σώματοςχωρίσας,
1448 2390 1615 2426 ἀπορρήτοις
1630 2391 1722 2426 ὅρκοις
1733 2391 1806 2422 τισὶ,
1826 2401 1893 2418 συν-

1093 2435 1173 2470 εργὸν
1191 2436 1258 2471 πρὸς
1270 2437 1318 2472 τὴν
1335 2437 1389 2463 τῶν
1402 2436 1475 2472 αὐτῷ
1490 2436 1638 2464 δοκούντων
1653 2438 1827 2471 φαντασίαν,
1844 2439 1891 2464 τὸν

1093 2481 1332 2517 παῖδαδιαγράψας
1338 2482 1730 2519 ὲπὶείκόνος,ἐντινιὲνδστέρῳ
1736 2484 1889 2517 οἵκῳ,καῦ“

888 2549 1004 2576 ΥΑΒΙΑΞ
1024 2549 1226 2579 LECTIONES.

278 2592 301 2609 ⁸⁸
313 2592 439 2620 Clement.
453 2591 539 2618 hom:
551 2600 580 2621 ιι,
594 2599 645 2624 cap
675 2590 717 2620 l8.
730 2591 776 2624 ‘21,
789 2597 841 2619 etc.

243 2627 327 2663 ἔθνος.
377 2628 399 2644 ⁷¹
413 2627 449 2655 al.
465 2627 575 2663 Γητθῶν
591 2632 617 2663 et
627 2625 746 2661 Γητθών.
766 2662 769 2663 ν
794 2628 816 2643 ⁷³
830 2627 865 2654 al.
881 2625 1018 2663 ἀνωτᾷτη.

891 2592 912 2607 es
925 2592 1016 2608 wn...“
1032 2589 1060 2608 ηε

925 2592 1016 2626 Σίμων
1032 2592 1087 2618 οὖν.
1102 2592 1137 2618 al.
1152 2592 1242 2624 Σίμων
1256 2592 1342 2621 οὗτος,
1356 2594 1386 2616 ιιι
1402 2592 1522 2616 Clenrent:

925 2627 1018 2653 υτάτη.
1068 2627 1091 2642 ⁷³
1108 2627 1142 2653 al.
1162 2626 1288 2652 Clement.
1306 2625 1390 2653 inser.
1407 2624 1522 2650 ἑστῶτα.

1102 2591 1137 2618 al.
1152 2591 1242 2624 Σίμων
1256 2586 1342 2621 οὗτος,
1356 2594 1386 2616 ιιι
1402 2589 1556 2616 Clementin.
1573 2597 1603 2619 ιι,
1619 2587 1664 2613 22.
1680 2586 1752 2613 Cor.
1803 2587 1831 2604 ’⁸
1850 2588 1889 2617 aI.

1108 2627 1142 2653 al.
1162 2626 1288 2652 Clement.
1306 2625 1390 2653 inser.
1407 2624 1522 2650 ἑστῶτα.
1573 2625 1596 2639 ⁷⁵
1609 2623 1643 2648 al.
1665 2622 1888 2657 ὲγερθήσεσθαι,

1609 2632 1621 2647 ιι
1627 2632 1633 2648 ι
1639 2643 1643 2646 .
1665 2632 1874 2651 εγερυησεσυαι
1880 2646 1888 2651 .

243 2662 267 2699 ff
282 2657 317 2690 al:
331 2664 384 2699 ἰδίᾳ
396 2657 528 2699 προλήιῂι
544 2668 572 2690 ιιι
585 2657 712 2699 Clement.
750 2662 773 2678 ⁷⁸
789 2663 824 2690 al.
839 2662 878 2694 εἰς
890 2663 936 2689 τὸν
952 2657 1011 2697 τῆςζ
1048 2661 1070 2677 ’⁷
1085 2661 1212 2688 Clement.
1230 2662 1303 2688 hom.
1324 2667 1354 2692 ll,
1373 2667 1398 2687 c.
1415 2659 1459 2687 25.
1479 2659 1611 2693 Recagnil.
1631 2657 1648 2684 Ι.
1667 2665 1698 2689 ll,
1711 2666 1736 2685 c.
1758 2658 1804 2687 1‘2.
1831 2665 1887 2687 etc.

243 2697 266 2713 "
282 2699 317 2725 al.
333 2692 400 2726 πολὺ
418 2692 512 2734 ξιανέις
526 2703 552 2726 et
564 2697 737 2732 πολυμανείς.

893 2749 1074 2777 VARIORUM

305 2811 341 2845 (8)
356 2812 481 2845 Χριστὸν
492 2812 599 2838 ἑαυτὸν
608 2813 807 2845 αἰνιττόμενος
821 2813 1041 2845 προσαγορεύει.

271 2846 367 2881 Mirum
386 2847 412 2872 in
427 2847 501 2873 nullo
513 2847 659 2881 exemplari
681 2849 742 2873 ante
755 2846 953 2881 προσαγορεύει
980 2846 1042 2880 poni

272 2880 386 2910 ἑστῶτα,
401 2881 471 2914 quod
487 2885 513 2908 et
537 2879 698 2910 01.2mm...
718 2879 827 2910 habent.
851 2879 884 2908 ct‘
902 2880 1042 2910 sequentia

1089 2750 1204 2778 ΝΟΤᾸΕ.

1097 2818 1243 2871 postulant.
1265 2814 1305 2838 An
1322 2819 1416 2853 vocem
1433 2810 1637 2839 non‘intellexit
1655 2803 1863 2848 metaphrastos
1875 2816 1890 2841 τ

1121 2848 1161 2871 nio.
1175 2855 1223 2871 nos
1239 2848 1271 2871 ad
1289 2847 1421 2871 Reeoamt.
1436 2847 1454 2871 l.
1468 2854 1552 2871 Lxxn.
1568 2845 1637 2871 (Σο-ι.

1121 2847 1161 2874 ide
1174 2855 1223 2875 nos
1239 2848 1272 2875 ad
1287 2847 1421 2883 Recognit.
1436 2847 1454 2875 l.
1468 2854 1552 2874 Lxxn.
1568 2845 1637 2874 Cor.
