1917 3100
60 176 101 206 693

428 174 660 203 CLEMENTINA.
681 189 715 195 —
734 172 883 202 EPI’I'OME
902 169 945 199 DE
964 170 1086 200 GESTIS
1101 170 1132 198 S.
1151 168 1264 197 PETRI.

1600 169 1650 197 ιεη

59 240 82 266 ἣν
89 239 154 270 αὐτὸς
164 236 247 269 ὑπνοῖ,
260 235 472 272 ἀνατεθειμένην
486 234 551 269 ἔχει.
567 233 621 266 Διδ,
633 233 760 261 ἀσέϐειαν
770 232 817 259 αὑ-

871 238 932 258 nexn
942 240 950 264 ;
962 238 1047 266 puero
1059 230 1085 257 in
1100 228 1219 265 imagine
1233 228 1380 260 delineato.
1398 234 1586 256 consecratam
1603 230 1651 257 lia-

59 285 95 312 τοῦ
107 283 284 318 καταγνόντες,
297 282 455 317 ἀπέστημεν
465 281 512 307 ἀπ’
530 279 622 306 αὑτοῦ.

84 413 185 442 XXVIII.
203 413 294 440 Ταῦτα
305 412 353 440 τοῦ
370 412 468 439 Ἀκύλα
483 412 614 443 εἰπόντος,
625 412 640 437 ὁ
648 410 760 446 ἀδελφὸς
772 411 817 438 αὺ-

56 461 92 488 τοῦ
110 462 232 496 Νικήτης·
261 460 431 494 Ἀναγκαῖον,
452 458 550 493 ἀδελφὲ
565 458 677 494 Κλήμη,
697 457 760 493 ἔφη,
782 457 816 484 τὰ

57 505 247 542 παραλειφθέντα
266 505 306 541 τῷ
325 504 425 541 Ἀκύλᾳ
445 505 495 540 ἐμὲ
517 502 683 540 ὑπομνῆσαι.
705 504 816 540 Πρῶτον

57 553 95 588 μὲν
105 553 152 588 γὰρ
160 553 173 578 ὁ
185 550 250 584 Θεὸς
265 552 380 588 μάρτυς,
393 550 430 583 ὠς
441 551 516 578 οὐδὲν
526 551 607 578 αὐτοῦ
617 551 698 586 ἡμεῖς
713 558 817 586 συνειρ-

55 597 174 633 γασάμεθα
184 597 290 629 ἀσεϐὲς,
307 597 363 624 ἀλλ’
376 597 417 623 ὁτι
429 595 511 623 αὐτοῦ
527 595 696 632 πράσσοντος
707 592 816 630 ιστορή-

56 653 133 680 σιμεν.
150 645 201 672 Καὶ
221 644 319 680 μέχρις
340 644 383 670 ὅτε
400 643 505 678 ἀὸλαὸῆ
528 643 611 669 ποιῶν
627 642 815 674 ἐπεδείκνυτο,

55 690 215 725 ὲτερπόμεθα·
227 690 272 718 ὅτε
285 690 315 717 δὲ
330 689 364 716 τὰ
373 690 473 725 μαγείᾳ
489 688 543 716 τινὶ
558 687 696 724 γινόμενα,
711 685 816 723 θεότήτι

55 737 124 762 ποιεῖν
137 737 201 772 πρὸς
213 736 324 771 ἀπάτην
342 732 474 763 θεοσεϐὦν
492 735 595 769 ἔλεγεν,
613 734 664 761 οὐκ
680 734 720 761 ἔτι
734 733 815 761 αὐτοῦ

54 781 216 816 ἠνεσχόμεθα,
245 782 337 807 καίτοι
360 777 445 807 πολλά
472 781 537 816 ἡμῖν
563 778 814 815 ἐπαγγελλομένουθ

54 826 139 861 πρῶτον
151 826 198 861 μὲν
218 826 283 857 ναὸν
305 825 353 853 καὶ
372 826 534 862 ἀνδριάντας
549 825 628 860 ἡμῶν
641 833 815 852 κατασκευα-

54 871 139 906 σθῆναι,
154 872 198 899 καὶ
213 872 292 903 θεοὺς
303 872 462 907 νομισθῆναι
479 871 513 904 ⁸⁸,
527 871 575 898 καὶ
587 870 640 898 ὑπὸ
652 871 782 907 βασιλέων
792 870 815 886 ⁸¹

52 905 198 953 ὼξασθῆναι,
211 918 258 945 καὶ
274 905 417 953 δημοσίων
432 917 520 954 τιμῶν
539 905 752 953 καταξιώθῆναι,
769 916 818 944 καὶ
833 905 853 932 Β

52 963 166 998 χρήμασιν
177 961 379 999 ἀπεριορίστοις
393 963 554 998 πλουτῆσαι.

79 1058 160 1086 XXIX.
173 1059 265 1086 Ταῦτά
282 1067 313 1086 τε
328 1060 374 1087 καὶ
388 1059 423 1086 τὰ
434 1059 538 1091 τούτοις
552 1059 663 1095 μείζονα
677 1059 820 1095 νομιζόμε-

52 1112 84 1136 νι,
98 1105 156 1140 ἡμῖν
175 1105 322 1140 ὑπέσχετο,
343 1105 423 1141 μόνον
441 1105 486 1133 ἴνα
504 1104 629 1137 συνόντες
641 1105 716 1141 αὑτῷ
727 1105 758 1133 τὸ
769 1106 819 1142 τῆς

50 1149 208 1187 ὶγχειρήσεως
231 1151 319 1179 κακὸν
343 1151 499 1187 σιωπῶμεν.
524 1152 599 1184 ὅπως
621 1151 696 1188 αὐτῷ
712 1151 747 1179 τὰ
767 1151 819 1187 τῆς

50 1195 138 1230 ἀπάτης
159 1196 312 1233 προκόπτῃ.
335 1195 390 1223 Καὶ
412 1196 486 1232 ὅμως
503 1196 534 1223 οὐ
551 1196 731 1232 συνεθέμεθαν
751 1193 819 1223 ἀλλά

51 1241 86 1266 ut
99 1241 172 1268 αὐτὸν
182 1241 234 1276 τῆς
245 1240 375 1276 τοιαύτης
387 1240 516 1273 ἀπονοίας
528 1240 683 1268 παύσασθαι
697 1241 819 1268 συνεϐου-

49 1284 172 1322 λεύσαμεν,
187 1287 314 1322 λέγοντες
324 1287 399 1323 αὑτῷ
408 1294 415 1302 ·
434 1286 542 1314 Παῦσαι
554 1287 604 1322 τῆς
616 1287 744 1322 τοιαύτης
755 1286 817 1314 τόλ-

50 1339 91 1366 μης
98 1341 104 1347 ·
116 1333 177 1365 Θεὸς
184 1330 254 1360 εἶναι
264 1333 298 1360 οὺ
305 1332 426 1361 δύνασαι·
440 1332 574 1369 φοόήθητι
586 1331 632 1360 τδν
642 1332 729 1365 ὅντως
738 1332 816 1359 Θεόνο

49 1378 115 1412 γνῶθι
129 1379 168 1406 ὅτι
178 1379 326 1416 ἄνθρωπος
336 1377 371 1412 εἷ,
382 1380 429 1407 καὶ
435 1379 476 1406 ὅτι
488 1388 535 1406 σου
549 1379 647 1415 μικρός
660 1380 735 1406 ἐστιν
745 1379 759 1405 ὁ
766 1377 818 1415 τῆς

49 1423 106 1460 ζωῆς
116 1425 215 1460 χρόνος.
225 1425 287 1452 Κᾶν
298 1424 369 1461 μέγα
380 1425 543 1462 πλουτήσῃς,
551 1425 568 1460 ἢ
582 1424 629 1451 καὶ
645 1423 816 1461 βασιλεύει-ης,

48 1469 77 1503 τῷ
90 1471 171 1507 μικρῷ
184 1480 230 1498 σου
247 1471 337 1507 χρόνῳ
352 1472 402 1507 τῆς
418 1471 490 1506 ζωῆς
502 1470 580 1505 ὀλίγα
597 1471 726 1505 τυγχάνει
749 1470 817 1506 πρδς

47 1516 175 1543 ἀπόλαυσιν
184 1526 190 1533 ·
208 1518 257 1544 καὶ
273 1517 382 1549 ἀσεϐῶς
393 1517 513 1553 ζήσαντα
527 1517 624 1544 αἰωνία
645 1517 755 1549 κόλασις
769 1526 818 1544 πε-

49 1560 142 1595 ριμένει.
159 1562 203 1588 Atla
221 1561 366 1597 φοὸεἶσοαι
386 1562 409 1578 ⁸³
429 1561 476 1589 τὸν
495 1561 561 1589 Θεὸν
578 1562 815 1598 συμϐουλεύομεν,

47 1603 82 1639 ὕφ’
90 1603 116 1633 οὗ
125 1607 251 1642 κριθῆναι
259 1607 318 1642 ἔχει
328 1608 345 1642 ἡ
357 1607 473 1634 ἑκάστου
483 1607 556 1643 ψυχὴ
573 1607 637 1643 περὶ
650 1603 687 1635 ὧν
700 1607 817 1643 ἑπραξεν

48 1651 153 1678 ἐνταῦθα.

73 1696 145 1725 XXX.
172 1699 200 1726 '0
218 1699 249 1726 δὲ
264 1698 354 1726 ταῦτα
367 1699 498 1732 ἀκούσας,
519 1699 657 1734 ἐγέλασεν.
679 1698 772 1735 Ἧμῶν
788 1700 817 1727 δὲ

46 1743 172 1770 εἰπόντων·
184 1745 216 1771 Τί
230 1745 287 1772 τῶν
302 1745 325 1761 ⁸³
334 1744 369 1772 τά
383 1753 425 1771 σοι
438 1744 612 1780 συμφέροντα
625 1744 819 1780 συμϐουλευόν-

45 1795 88 1815 των
97 1790 261 1826 καταγελᾷςς
292 1791 412 1822 ἐκεῖνος’
432 1790 507 1817 Γελῶ
520 1790 607 1826 ὑμῶν,
621 1790 683 1826 ἐφη,
699 1790 749 1826 τὴν
762 1799 818 1826 μω-

48 1834 86 1867 ρὰν
98 1835 233 1870 ὑπόληψιν,
248 1836 293 1863 ὅτι
311 1836 456 1863 πιστεύετε
471 1836 604 1863 ἀθάνατον
618 1834 688 1863 εἶναι
708 1837 758 1873 τὴν
770 1837 817 1863 τοῦ

46 1879 170 1915 ἀνθρώπου
191 1881 294 1918 ψυχήν.
317 1882 404 1917 Κάγὼ
425 1882 507 1917 ἔφην·
530 1882 567 1909 οὺ
590 1882 775 1919 θαυμάζομεν,
795 1880 818 1910 ὦ

47 1923 127 1958 Σίμων,
159 1928 182 1953 εἰ
203 1928 316 1963 ἀπατᾷν
335 1928 408 1963 ἡμᾶς
428 1925 587 1963 ἐπιχειρεῖς,
602 1928 658 1954 ἀλλ’
671 1928 818 1964 ἐκπληττό-

47 1970 103 2003 μεθα
114 1971 191 1999 ’δτίνι
201 1973 275 2008 λόγῳ
286 1973 334 1999 καὶ¹
343 1972 455 2000 σεαυτὸν
468 1973 586 2008 ἀπατᾷς.
600 1971 670 2008 Λέγε
678 1970 725 2000 οὖν
740 1973 816 2009 ἡμῖν,

46 2010 166 2051 ὦΣίμων,
180 2019 204 2044 ει
221 2020 270 2045 καὶ
286 2018 341 2045 τῶν
361 2018 448 2045 ἄλλων
467 2018 556 2050 οὐδεὶς
576 2018 818 2055 πεπληροφὸρηται

47 2059 160 2089 ἀθάνατον
175 2061 245 2090 εἶναι
256 2063 309 2100 τὴν
320 2064 419 2100 ψυχὴν,
436 2063 494 2090 ἀλλ’
505 2061 552 2090 οὖν
563 2072 595 2098 γε
611 2064 644 2091 σὺ
658 2065 706 2091 καὶ
719 2065 798 2100 ήμεῐς
809 2073 815 2097 ;

48 2107 72 2132 σὺ
88 2107 140 2142 μὲν,
153 2108 188 2140 ὡς
201 2109 375 2145 ἀνθρωπείου
393 2109 517 2145 σώματος
532 2110 652 2146 χωρίσας
664 2110 759 2146 αὐτὴν,
771 2111 817 2137 καὶ

47 2153 231 2190 προσομιλήσας
242 2155 294 2182 καὶ
305 2155 435 2188 ἐπιτάξας
446 2165 453 2171 ·
469 2156 549 2191 ἡμεῖς
560 2155 600 2187 δὲ,
613 2156 650 2188 ὼς
658 2156 816 2192 συμπαρόν-

46 2203 90 2228 τες,
106 2199 148 2225 καὶ
157 2200 205 2235 τὴν
219 2200 356 2236 ἐπιταγὴν
367 2200 544 2233 ἀκούσαντες,
555 2202 602 2228 καὶ
614 2202 644 2228 τὸ
655 2202 781 2228 κελευθὲν
793 2202 817 2219 ⁸⁸

868 277 943 305 beret
952 277 1097 312 imaginem
1108 276 1136 302 in
1146 274 1265 310 quadam
1276 274 1398 302 interiori
1409 275 1477 308 ede,
1486 275 1512 302 in
1524 283 1578 310 qua
1593 275 1652 311 ipse

867 327 975 357 caperet
990 329 1130 350 somnum.
1145 319 1329 356 Quapropter,
1343 320 1472 348 damnata
1484 319 1545 354 ejus
1556 320 1652 355 impie-

868 372 930 399 tate,
947 367 1129 395 abscessimus
1143 366 1177 393 ab
1187 373 1230 393 eo.

903 412 1022 440 XXVIII.
1037 413 1060 430 "
1074 411 1138 441 Haec
1156 419 1220 441 cum
1238 411 1339 447 Aquila
1352 411 1478 444 dixisset,
1491 409 1576 438 frater
1591 411 1652 446 ejus

867 459 975 487 Nicetas
988 468 995 486 :
1009 457 1125 486 Necesse
1136 462 1189 489 est.
1202 457 1285 485 frater
1293 457 1430 490 Clemens,
1442 457 1541 492 inquit,
1559 465 1591 484 ea
1608 464 1653 484 me

867 511 1092 538 commemorare,
1109 511 1170 540 quae
1185 503 1221 532 ab
1246 503 1344 539 Aquila
1366 504 1549 539 praetermissa
1575 508 1650 531 sunt.

867 550 988 578 Primum
1003 550 1128 585 equidem
1144 549 1215 577 Deus
1229 549 1307 577 testis
1314 552 1366 582 est,
1379 556 1430 576 nos
1443 549 1469 576 in
1481 548 1557 576 nullo
1570 555 1653 584 opere

868 597 952 632 impio
967 596 1105 631 adjuvisse
1117 603 1196 628 eum;
1211 595 1256 622 sed
1273 594 1321 622 illo
1332 593 1458 626 faciente,
1471 598 1576 622 tantum
1590 601 1654 628 spe-

867 647 965 671 ctasse.
979 641 1011 670 Et
1022 642 1143 678 quandiu
1157 649 1240 676 opera
1252 641 1363 669 innoxia
1379 641 1486 674 edebat,
1498 640 1653 668 delectam--

868 697 948 717 mur:
965 689 1075 724 quando
1090 693 1182 716 autem
1204 696 1265 723 quae
1283 696 1333 724 per
1347 688 1463 723 magiam
1479 687 1589 720 ﬁebant,
1604 694 1652 722 per

867 734 1036 762 divinitatem
1053 742 1082 762 se
1094 733 1194 767 facere,
1206 734 1240 762 ad
1249 734 1309 769 pios
1324 734 1450 762 homines
1465 733 1651 768 decipiendos.

867 780 945 813 dixit,
956 788 1011 809 non
1019 780 1137 815 amplius
1148 787 1210 808 eum
1225 780 1298 815 passi
1314 787 1421 813 sumus,
1430 779 1556 814 quamvis
1567 779 1652 807 multa

867 826 946 854 nobis
966 827 1154 861 promitteret;
1180 826 1300 861 primum
1316 825 1439 861 quidem,
1455 825 1516 852 fare
1538 829 1569 852 ut
1580 829 1650 852 tem-

867 873 941 908 plum
962 877 990 900 et
1004 877 1101 900 statuae
1113 873 1194 901 nobis
1212 876 1430 904 exstruerentur,
1452 871 1545 906 diique
1558 871 1654 899 existi«

869 915 1028 953 maremur;
1053 920 1116 947 item
1133 927 1149 947 a
1168 919 1279 954 regibus
1304 919 1542 953 magniticaremur
1569 922 1653 953 atque

868 966 1034 994 donaremur
1052 965 1170 1001 publicis
1184 965 1349 998 honoribus;
1365 973 1415 993 nec
1436 973 1491 993 non
1507 964 1612 993 inﬁnita
1625 963 1652 991 vi

868 1012 989 1048 pecunia:
1004 1012 1211 1040 ditesceremus.

902 1057 999 1086 XXIX.
1019 1056 1094 1092 Haac,
1106 1062 1134 1085 et
1147 1057 1200 1086 alia
1222 1065 1284 1093 quae
1297 1061 1429 1094 putantur
1441 1057 1556 1094 majora,
1571 1058 1653 1087 nobis

868 1104 1058 1139 pollicebatur,
1067 1104 1150 1133 modo
1161 1108 1193 1132 ut
1205 1112 1268 1132 eum
1279 1111 1313 1132 eo
1326 1105 1459 1137 viventes,
1470 1112 1584 1140 pravum
1593 1105 1653 1141 ejus

869 1150 999 1178 molimen
1015 1155 1180 1183 taceremus,
1196 1158 1251 1186 quo
1261 1149 1338 1178 fraus
1356 1151 1380 1178 ei
1394 1151 1562 1179 succederet.
1576 1150 1654 1179 Atta-

868 1204 931 1224 men
946 1196 1052 1225 assensi
1069 1205 1123 1224 non
1142 1204 1239 1225 sumus
1253 1206 1260 1224 :
1277 1197 1403 1232 quiuimo
1416 1197 1561 1225 consilium
1577 1198 1655 1225 dedi-

868 1251 941 1275 mus,
954 1247 984 1270 ut
1001 1243 1036 1270 ab
1056 1242 1107 1270 ista
1125 1242 1252 1270 vecordia
1276 1243 1438 1276 desisteret;
1459 1242 1581 1272 dicentes
1595 1244 1619 1272 ei
1643 1250 1650 1270 :

868 1288 952 1317 Cessa
965 1289 1000 1316 ab
1014 1287 1174 1323 huiusmodi
1183 1288 1280 1316 audaci
1295 1287 1428 1316 facinore.
1438 1287 1511 1317 Deus
1525 1296 1586 1318 esse
1596 1297 1652 1318 non

867 1336 946 1370 potes
965 1345 971 1363 :
992 1335 1060 1362 time
1074 1342 1137 1362 eum
1149 1333 1197 1369 q'ui
1212 1341 1277 1362 vere
1301 1333 1374 1362 Deus
1392 1339 1450 1368 est;
1467 1342 1602 1370 cognosce
1627 1340 1654 1363 te

867 1387 929 1408 esse
953 1380 1109 1414 hominem,
1132 1380 1268 1414 brechue
1286 1386 1348 1407 esse
1367 1383 1475 1415 tempus
1500 1380 1561 1407 vita:
1587 1385 1652 1408 tuae.

868 1425 1032 1462 Quanquam
1051 1426 1197 1453 admodum
1213 1426 1346 1461 locuples,
1359 1426 1401 1453 vel
1422 1426 1506 1454 etiam
1527 1434 1574 1454 rex
1589 1433 1655 1454 eva-

869 1472 939 1499 seris
954 1493 961 1505 ,
978 1472 1077 1507 exiguo
1102 1471 1164 1499 vita:
1179 1477 1232 1499 tum
1246 1472 1336 1506 spatio
1356 1479 1440 1506 pauca
1465 1476 1531 1500 sunt
1553 1472 1653 1508 quibus

870 1517 991 1545 frueris:
1013 1521 1040 1545 et
1063 1517 1199 1545 viventem
1214 1517 1307 1552 impie,
1323 1522 1423 1545 αξιοι-ηε
1446 1525 1527 1553 pinna
1550 1523 1653 1546 manet.

869 1565 960 1598 Quare
971 1567 1097 1592 auctores
1110 1571 1217 1598 sumus,
1238 1563 1324 1591 Deum
1339 1564 1470 1596 verearis,
1487 1572 1502 1592 a
1516 1565 1654 1601 quojudia

869 1611 924 1638 cari
949 1610 1029 1638 debet
1048 1609 1268 1645 uniuscujusque
1282 1611 1385 1644 anima,
1401 1618 1450 1646 pro
1466 1610 1499 1638 iis
1525 1618 1587 1646 quin
1610 1611 1655 1638 hic

868 1656 962 1692 gessit.

902 1701 987 1728 XXX.
1004 1700 1067 1729 Ilmc
1089 1701 1134 1728 ille
1159 1700 1285 1731 audiens.
1313 1700 1384 1727 risit.
1409 1699 1533 1735 Cumque
1550 1700 1656 1728 dicere‘

868 1755 929 1776 mus
941 1756 948 1774 :
965 1747 1021 1775 Cur
1034 1755 1082 1775 eos
1095 1746 1205 1777 irrides,
1217 1746 1265 1781 qui
1283 1746 1332 1773 tibi
1342 1746 1419 1773 utilia
1434 1745 1570 1773 suadent?
1581 1745 1629 1773 Ille
1643 1755 1650 1773 :

869 1793 966 1826 Rideo,
989 1793 1094 1828 inquit,
1118 1792 1230 1820 stultam
1245 1792 1402 1827 opinionem
1427 1796 1556 1823 vestram,
1580 1792 1654 1827 quml

868 1840 980 1869 creditis
996 1839 1178 1867 immortalem
1192 1846 1254 1867 esse
1268 1838 1389 1865 hominis
1401 1837 1533 1865 animam.
1548 1837 1581 1865 Et
1604 1845 1654 1874 ego

869 1887 996 1922 respondi
1014 1894 1022 1913 :
1038 1885 1097 1913 Non
1122 1886 1266 1916 miramur,
1281 1892 1298 1911 ο
1314 1884 1420 1917 Simon,
1443 1884 1466 1912 si
1484 1883 1578 1912 fallere
1599 1891 1651 1913 nos

867 1934 987 1964 conaris,
1011 1934 1057 1960 sed
1073 1931 1304 1966 obstupeseimus,
1330 1938 1384 1965 qua
1403 1930 1509 1957 ratione
1522 1930 1607 1958 etiam
1624 1935 1652 1958 te

868 1980 926 2014 ipse
939 1977 1071 2012 decipies.
1086 1976 1175 2004 Eﬂ‘are
1186 1976 1269 2011 igitur
1280 1975 1371 2009 nobis,
1389 1974 1500 2007 Simon;
1518 1975 1578 2003 licet
1590 1975 1655 2002 alio.

868 2033 928 2052 rum
948 2031 1030 2051 nemo
1047 2028 1218 2059 compertum
1237 2023 1363 2056 haberet,
1382 2023 1502 2050 animam
1523 2030 1584 2050 esse
1602 2022 1654 2049 im-

869 2069 1029 2102 mortalem;
1054 2073 1084 2096 tu
1104 2074 1196 2096 tamen
1210 2073 1237 2096 et
1249 2075 1300 2096 nos
1313 2068 1446 2096 habemus
1460 2074 1467 2093 :
1484 2072 1513 2095 tu
1528 2067 1652 2102 quidem.

870 2119 899 2142 ut
913 2115 959 2149 qui
972 2122 1032 2142 eam
1045 2122 1061 2141 a
1079 2122 1196 2149 corpore
1211 2115 1334 2141 humano
1346 2113 1491 2146 diremisti,
1510 2113 1558 2148 qui
1572 2112 1655 2140 collo-

868 2165 950 2188 cutus
964 2168 1004 2193 es,
1018 2160 1065 2195 qui
1081 2160 1238 2194 imperasti:
1250 2167 1301 2188 nos
1313 2167 1390 2192 vero,
1400 2163 1430 2186 ut
1443 2159 1490 2194 qui
1504 2158 1654 2192 adfuimus,

867 2211 895 2234 et
919 2206 1065 2242 imperium
1083 2206 1249 2238 audivimus,
1264 2209 1292 2233 et
1309 2205 1382 2240 quod
1404 2205 1512 2240 iussum
1527 2209 1569 2232 est
1582 2204 1654 2232 vidi-

47 2241 151 2287 ἐναργῶς
161 2245 363 2281 ἱστορήσαντες.
372 2244 428 2273 Καὶ
439 2247 453 2272 ὁ
467 2246 566 2282 Σίμων·
583 2245 652 2281 Ἐγὼ
665 2246 714 2282 μὲν
725 2244 784 2274 οῖδα
796 2256 817 2276 τι

874 2260 935 2281 mus
956 2253 1038 2280 clnre.
1054 2252 1094 2279 Ad
1107 2251 1165 2280 haec
1186 2251 1281 2279 Simon
1299 2260 1305 2279 :
1322 2251 1378 2287 Ego
1394 2251 1504 2287 quidem
1518 2251 1576 2278 scio
1589 2251 1654 2286 quid

47 2285 123 2321 λέγετε
132 2297 139 2304 ·
153 2290 231 2325 ὑμεῖς
242 2291 273 2317 δὲ
287 2290 337 2317 οὐκ
353 2290 441 2317 οίδατε
455 2291 518 2326 περὶ
529 2291 601 2323 τινος
614 2291 637 2306 ⁸⁸
650 2291 815 2326 διαλέγεσθε.
842 2287 846 2291 ’

47 2331 91 2359 Καὶ
105 2334 155 2369 ὲγὼ
172 2335 298 2372 Νικήτης
311 2336 377 2372 ἔφην
388 2344 395 2351 ·
419 2335 494 2362 Ἐπεὶ
504 2334 586 2368 οἶδας,
603 2335 665 2370 λέγε
674 2344 681 2351 ·
695 2337 720 2363 εί
738 2337 767 2364 δὲ
780 2338 817 2374 μὴ

46 2375 116 2411 οἶδας.
131 2381 166 2416 μὴ
177 2381 250 2408 δόκει
263 2382 338 2417 ἡμᾶς
350 2381 388 2417 τῷ
399 2381 489 2416 λέγειν
502 2381 532 2408 σὲ
555 2382 604 2418 μὲν
617 2381 727 2414 ειδέναι,
744 2383 818 2418 ἡμᾶς

47 2422 69 2449 δὲ
80 2425 121 2461 μὴ,
128 2427 283 2455 ἀπατᾶσθαι
294 2427 430 2455 δύνασθαι.
440 2428 537 2464 Οὑγάρ
547 2429 629 2463 ἐσμεν
638 2427 709 2455 οὕτω
716 2429 816 2464 νήπιοι,

49 2468 83 2494 ἵνα
93 2473 236 2509 πανοῦργον
250 2474 397 2511 ὲνσπείρῃς
408 2476 476 2510 ήμῖν
486 2474 616 2509 ὑποψίαν,
629 2474 677 2502 καὶ
688 2474 727 2510 τῷ
738 2475 761 2491 ⁸⁷
775 2484 819 2502 νο-

49 2515 124 2586 {ligari
141 2519 169 2545 σέ
185 2528 211 2546 τι
223 2520 280 2547 τῶν
300 2521 462 2557 ἀπορρήτων
482 2520 590 2553 εἰδέναι,
603 2520 626 2537 ⁸⁸
646 2521 818 2557 ὑποχειρίους

90 2569 120 2586 1i:
129 2563 158 2586 ⁸³.

90 2569 120 2598 εις
129 2563 158 2590 ⁸³-

76 2625 163 2656 XXXI.
176 2630 230 2657 Καὶ
245 2631 260 2658 ὀ
276 2631 367 2666 Σίμων
382 2631 449 2667 ἔφη’
466 2632 527 2658 Ὀτι
542 2631 590 2667 μὲν
601 2631 720 2667 ὲχώρισα
730 2631 819 2668 ψυχὴν

49 2671 198 2709 ἀνθρωπείου
215 2676 353 2712 σώματος,
377 2674 436 2704 οἴδα
461 2677 534 2714 ὑμᾶς
544 2677 661 2710 εἰδότας·
676 2677 718 2705 ὅτι
730 2677 758 2705 δὲ
770 2678 819 2714 οὐχ

871 2299 987 2331 dicatis;
999 2306 1047 2326 vos
1060 2302 1150 2325 autem
1162 2297 1274 2326 nescilis
1288 2305 1342 2333 qua
1357 2298 1390 2325 de
1402 2305 1432 2325 re
1445 2297 1604 2332 loquamini.
1617 2297 1655 2323 Ac

870 2352 921 2380 ego
939 2344 1045 2371 Nieetas
1069 2344 1146 2372 dixi:
1167 2344 1398 2379 Quandoquidem
1422 2343 1488 2377 seis,
1510 2343 1652 2370 edissere:

871 2389 944 2425 quod
956 2390 979 2417 si
995 2391 1113 2422 nescias,
1124 2398 1157 2418 ne
1168 2390 1310 2417 existimes
1321 2389 1409 2424 decipi
1424 2397 1474 2417 nos
1488 2395 1580 2423 pesse,
1589 2388 1654 2414 dum

871 2436 922 2469 ais,
937 2440 965 2463 te
977 2436 1089 2471 quidem
1111 2435 1194 2468 scire,
1209 2443 1260 2463 nos
1272 2442 1363 2463 autem
1382 2442 1565 2470 nequaquam.
1579 2433 1653 2461 Adeo

870 2480 945 2509 enim
958 2482 1049 2509 stolidi
1064 2489 1120 2510 non
1138 2489 1235 2509 sumus
1246 2502 1254 2513 .
1269 2485 1299 2508 ut
1314 2481 1395 2508 nobis
1421 2479 1526 2507 val'ram
1548 2479 1654 2506 inseras

870 2529 1074 2564 suspicionem;
1093 2529 1255 2564 redigasque
1272 2536 1323 2556 nos
1338 2529 1365 2556 in
1389 2532 1463 2555 tuam
1481 2530 1652 2561 potestatem,

871 2575 1059 2604 existimantes
1069 2575 1171 2610 aliquid
1183 2575 1360 2603 ineil‘abilium
1376 2573 1505 2609 cognosci
1520 2580 1536 2601 a
1552 2578 1588 2600 te.

908 2631 1004 2659 XXXI.
1024 2631 1173 2667 Respondit
1197 2631 1309 2659 Simon:
1326 2630 1402 2664 Quod
1425 2629 1534 2665 quidem
1549 2627 1654 2662 disjun-

873 2679 958 2705 xerim
973 2678 1092 2706 animam
1109 2679 1144 2706 ab
1155 2679 1275 2705 humano
1288 2684 1412 2712 corpore,
1425 2675 1489 2704 novi
1501 2683 1548 2704 vos
1565 2674 1652 2703 scire:

668 2734 786 2762 VABLE
806 2733 1005 2762 LECTIONES.

75 2777 236 2824 I'l’ntllemeut:
252 2781 371 2824 ho'm.‘n,
384 2790 408 2810 c.
422 2782 469 2815 ‘27,
480 2787 532 2824 etc.
571 2782 649 2824 εἶμι.-
658 2782 804 2824 ψεαρ-καὶ
815 2782 870 2824 pub
881 2782 966 2817 ὁχλων
982 2783 1211 2824 προσκυνηθῆναι.
1231 2782 1273 2824 ἰιι
1286 2782 1327 2824 al.
1338 2782 1479 2824 βασιλέῳς.
1497 2781 1654 2824 I’anlo_pos_t

52 2811 147 2844 μείζονα
162 2817 239 2844 abest
253 2824 267 2843 α
279 2811 384 2845 duobus
398 2811 468 2845 mss.
480 2818 548 2846 Cor.
585 2818 607 2834 ¹¹¹
625 2818 660 2846 al.

682 2817 873 2854 φοϐεῖσθαίσοι
890 2823 916 2845 et
931 2827 970 2844 σε.
1005 2817 1032 2834 ⁷⁸³
1049 2818 1083 2845 al.
1103 2817 1192 2854 ἡμῶν.
1214 2817 1257 2854 77⁸⁵
1271 2819 1306 2845 nl.
1319 2818 1542 2854 ἐκπεπλήγμεθα.
1582 2817 1604 2854 θ’
1616 2818 1652 2844 al.

50 2847 188 2890 ἶίλέυσθῗξι
210 2852 250 2890 βξ
267 2852 305 2890 aL
322 2852 410 2890 τίνων.
450 2852 473 2870 θ’
490 2853 525 2881 al.
552 2853 609 2880 τοῦ.
628 2853 663 2882 al.
685 2847 717 2880 ἐκ
733 2852 789 2879 τοῦ.
808 2852 875 2884 ϐοτη
915 2854 936 2869 ⁵⁸
947 2854 981 2880 21-
999 2847 1182 2888 I’rfBPO":-m‘-
1196 2853 1281 2885 οὕτως
1300 2847 1652 2890 ἐπιθυμίᾳυέολαξομένθυί

49 2880 119 2915 ἡμεῖς·
157 2885 180 2902 ⁶⁹
193 2887 227 2913 al.
241 2886 330 2914 λαϐὼν
347 2887 411 2925 ἔχῃς
