1917 3100
259 180 312 209 ωδ

681 178 710 206 S.
729 176 951 207 CLEMENTISI
968 176 1051 206 ROM.
1071 175 1172 205 PONT.
1191 176 1306 205 OPERA
1320 176 1435 206 DUBIA.

1829 176 1882 203 ωδ

258 243 330 278 quod
353 250 419 271 vero
442 250 498 281 non
510 241 601 270 anima
618 240 742 281 defuncti
764 241 911 275 ministret,
934 240 981 270 sed
993 239 1044 268 ali-

1103 239 1174 274 lHroﬁ}
1198 237 1345 270 τεθνεῶτος
1364 237 1437 273 ψυχὴ
1470 237 1611 281 ὑπουργεῖῘ
1628 236 1697 263 ἀλλὰ
1717 235 1826 271 δαίμων
1842 243 1885 269 τις

257 289 320 325 quis
334 275 527 324 dmmon,‘qui
546 297 576 318 se
602 289 722 317 animam
741 296 802 316 esse
829 288 950 320 simulat,
978 286 1041 314 novi

257 343 307 363 vos
322 335 459 370 ignorare.
476 335 509 363 Et
525 343 576 372 ego
589 335 698 364 Nicetas
717 335 830 370 excepi:
848 333 877 361 In
892 334 946 361 vita
956 334 1041 360 multa

258 382 429 413 incredibilia
442 382 598 410 audivimus
611 392 617 410 :
631 382 683 410 hoc
697 386 786 409 tamen
806 387 932 408 sermone
947 387 1042 407 amen-

257 427 353 454 tiorem
366 434 416 454 nos
429 434 551 462 unquam
563 427 705 454 audituros
720 434 774 454 non
786 425 964 461 speravimus.
973 424 1040 452 Nam

258 472 280 500 si
297 472 404 500 daemon
421 472 498 508 ﬁngit
520 480 550 501 se
571 472 689 500 animam
711 472 812 500 mortui
833 479 905 505 esse,
930 471 1041 507 quinam

257 522 316 545 erat
327 518 426 546 animae
441 526 519 552 usus,
535 522 564 545 ut
576 525 591 545 a
603 525 721 554 corpore
743 517 932 553 separaretur?
945 516 1043 545 Nonne

258 563 310 598 ipsi
330 568 477 599 praesentes
502 564 658 592 audivimus
683 568 718 597 te,
739 572 800 592 cum
817 564 937 591 animam
950 572 966 592 e
979 571 1041 591 cor-

258 616 323 644 pore
338 608 490 644 adjurando
509 609 655 637 evocares?
671 609 705 637 Et
716 617 770 645 qua
784 609 903 642 ratione,
922 617 979 638 uno
991 609 1040 637 ad-

255 655 358 690 jurato,
373 654 442 684 alter
459 663 512 682 non
536 655 690 690 adjuratus,
716 659 844 690 tanquam
856 655 960 683 veritus
977 654 1042 682 obe-

257 699 314 726 dit?
328 698 424 728 Nonne
447 701 530 728 etiam
557 705 585 728 tu
602 701 750 736 aliquando
775 708 791 727 a
815 700 894 728 nobis
919 705 1041 736 rogatus,

257 753 340 781 quam
356 746 391 774 ob
404 754 514 774 causam
543 746 679 775 interdum
697 751 837 774 cessarent
860 747 1041 780 assessiones,

256 792 420 828 respondisti
438 803 444 820 :
459 792 528 827 Quia
552 793 654 826 anima,
676 793 809 828 completo
833 801 916 828 super
941 798 1041 820 terram

254 842 379 874 tempore
408 839 480 874 quod
505 839 533 866 in
552 846 665 874 corpore
693 843 836 874 peractura
856 842 933 870 erat.
950 839 984 866 ad
1000 839 1042 866 in-

255 884 331 912 feros
346 884 441 912 vadit:
468 892 501 912 ac
526 885 704 920 subjunxisti,
722 885 830 913 animas
855 892 963 919 eorum,
994 885 1041 921 qui

257 931 366 966 propria
394 935 482 959 morte
503 931 640 964 obierunt,
667 932 797 967 quoniam
816 931 844 958 in
860 931 956 959 inferis
979 931 1042 959 hinc

257 977 412 1005 secedentes
432 977 635 1009 custodiuntur,
663 985 717 1006 non
747 977 827 1006 facile
853 977 972 1013 permitti
996 985 1043 1005 ve-

258 1023 332 1050 nirc?

293 1069 401 1097 XXXII.
426 1069 490 1098 Haec
507 1069 617 1098 Nicetas
651 1078 714 1098 cum
737 1070 916 1106 protulisset,
944 1071 1043 1106 Aquila

258 1115 357 1143 iterum
373 1115 462 1143 dixit:
485 1115 618 1151 Cuperem
643 1123 659 1143 a
673 1121 698 1144 te
711 1116 738 1144 id
753 1124 838 1144 unum
859 1116 974 1150 discere,
1000 1116 1045 1144 Si-

258 1168 338 1195 mon;
352 1160 410 1189 sive
423 1161 514 1189 anima
528 1162 573 1195 sit,
590 1161 648 1189 sive
672 1161 789 1195 daemon,
801 1161 828 1189 id
842 1161 915 1197 quod
939 1161 1045 1196 adjura-

256 1210 319 1239 tur;
333 1206 476 1241 cujusnam
491 1206 600 1234 tandem
613 1210 697 1240 metu,
709 1206 895 1242 adjurationes
912 1214 966 1234 non
978 1214 1044 1234 con-

258 1251 373 1279 temnit?
388 1251 421 1278 Et
435 1250 532 1279 Simon
547 1260 554 1278 :
583 1250 694 1284 Pinnas,
724 1251 824 1286 inquit,
845 1251 1043 1286 pcrsoluturam

257 1305 289 1326 se
303 1297 431 1333 intelligit
445 1298 548 1329 anima,
557 1297 579 1325 si
595 1305 649 1325 non
661 1298 839 1333 obtemperet.
852 1298 948 1332 Aquila
962 1306 1041 1326 vero:

258 1343 352 1379 Itaque
376 1344 398 1372 si
423 1345 516 1371 anima
538 1343 663 1380 adjurata
684 1345 770 1378 venit,
807 1344 888 1372 etiam
910 1344 1043 1379 judicium

258 1391 314 1418 ﬁet.
333 1389 361 1417 Si
374 1397 439 1426 ergo
464 1391 562 1418 animae
588 1393 653 1418 sunt
678 1390 857 1424 immortales,
883 1391 996 1418 omnino
1018 1396 1046 1418 et

256 1435 390 1469 judicium
414 1435 476 1463 erit.
503 1435 687 1469 Quamobrem
711 1436 733 1463 si
744 1443 792 1463 eos
821 1443 929 1471 quoque
954 1436 1000 1471 qui
1016 1436 1043 1463 in

259 1481 359 1508 malam
371 1481 505 1509 actionem
523 1486 588 1509 sunt
600 1481 729 1517 adjurati,
744 1486 856 1516 tumque
866 1489 919 1509 non
938 1481 1044 1509 obtem-

258 1532 398 1562 perarunt,
422 1527 645 1555 condemnandos
669 1527 731 1561 ais;
759 1535 814 1562 quo
837 1527 919 1555 modo
945 1532 971 1555 tu
989 1535 1042 1555 non

259 1573 384 1606 timuisti,
409 1580 458 1601 eos
486 1580 583 1608 cogere
594 1592 603 1605 ,
629 1580 692 1600 cum
711 1573 759 1608 qui
776 1577 920 1608 coguntur,
934 1577 1044 1608 propter

259 1618 459 1646 contumaciam
484 1618 655 1653 puniantur?
676 1617 744 1645 Nam
774 1622 801 1646 te
822 1619 880 1653 jam
907 1626 961 1646 non
985 1626 1045 1646 esse
1060 1617 1079 1625 “

259 1665 418 1692 mu'ctatum
435 1672 484 1699 pro
500 1664 534 1692 iis
550 1672 611 1699 quae
623 1664 781 1700 designasti,
802 1665 901 1692 mirum
917 1672 970 1692 non
983 1669 1044 1692 est:

254 1718 320 1738 eum
330 1710 463 1745 judicium
477 1709 598 1737 nondum
610 1710 656 1743 sit,
669 1715 699 1737 ut
713 1714 742 1737 tu
757 1710 866 1744 quidem
883 1717 977 1745 pmnas
997 1710 1046 1738 des

258 1764 352 1783 eorum
367 1756 400 1783 ad
414 1763 475 1791 qua:
490 1755 621 1791 coegisti;
636 1756 709 1791 quod
736 1761 827 1784 autem
843 1761 969 1784 coactum
991 1760 1044 1789 est,

258 1803 364 1831 veniam
379 1805 507 1840 accipiat,
526 1805 591 1840 quia
609 1805 682 1832 malo
697 1804 811 1833 facinori
827 1805 1045 1840 adjuramentum

257 1850 417 1884 praetulerit.
453 1851 550 1878 Simon
585 1855 690 1885 autem,
706 1851 750 1879 his
777 1851 894 1884 auditis,
921 1851 961 1879 ira
988 1859 1048 1886 per-

258 1895 347 1927 citus.
371 1901 507 1930 mortem,
533 1896 587 1925 nisi
625 1901 797 1930 taceremus,
821 1897 900 1925 nobis
926 1897 1046 1925 minatus

258 1946 309 1968 08L

294 1985 415 2014 XXXIII.
441 1986 591 2022 Postquam
607 1987 704 2022 Aquila
735 1988 794 2015 limo
813 1987 892 2021 dixit,
922 1995 972 2022 ego
986 1987 1047 2014 Cle-

260 2040 338 2060 mens
362 2033 539 2068 interrogavi.
570 2041 696 2069 quaenam
721 2039 813 2062 essent
832 2034 962 2062 miracula
985 2041 1047 2068 qua:

259 2078 370 2106 faceret.
383 2078 422 2105 Illi
447 2087 512 2106 vero
536 2079 793 2114 responderunt:”
817 2079 894 2107 Facit
906 2084 937 2107 ut
950 2084 1047 2108 statuae

260 2123 410 2154 ambulent,
423 2124 451 2151 in
465 2124 527 2159 igne
542 2124 667 2152 volutans
677 2132 716 2157 se,
728 2133 782 2152 non
798 2126 896 2159 uritur,
910 2126 1045 2154 interdum

261 2168 344 2201 volat,
355 2176 389 2196 ex
402 2169 538 2204 lapidibus
552 2177 636 2205 panes
659 2170 733 2202 facit,
765 2179 877 2207 serpens
900 2172 945 2206 lit,
961 2172 987 2199 in
1002 2180 1047 2199 ca-

261 2220 337 2247 pram
350 2213 573 2246 transformatur,
589 2214 659 2242 duas
673 2214 759 2243 facies
771 2216 934 2249 ostendit,in
949 2224 1046 2244 aurum

1092 284 1303 320 ὑποκρινόμενος
1316 283 1339 300 ’⁸
1351 281 1421 310 εἶναι
1433 282 1506 318 ψυχὴ
1529 283 1561 316 δι,
1589 280 1647 309 οἶδα
1662 283 1735 317 ὑμᾶς
1752 282 1886 316 ἀγνοοῦν-

1091 338 1153 362 τας”
1185 330 1240 357 Καὶ
1260 328 1318 364 ἐγὼ
1338 330 1461 364 Νικήτης
1483 328 1568 364 ἔφην·
1600 327 1690 355 Πολλὰ
1712 329 1743 355 ὲν
1764 328 1805 363 τῷ
1833 328 1888 364 βίῳ

1092 375 1248 411 ἠκούσαμεν
1257 375 1359 403 ἄπιστα
1369 384 1376 390 ·
1389 374 1435 401 τοῦ
1444 374 1472 401 δὲ
1479 374 1598 401 τοιούτου
1610 373 1689 408 λόγου
1704 374 1889 410 ἀνοητότερον

1092 422 1122 448 οὐ
1135 421 1373 458 προσεδοκήσαμεν
1394 420 1510 448 ἀκοῦσαί
1533 429 1609 447 ποτε.
1631 421 1662 447 Ei
1691 419 1746 456 γὰρ
1774 420 1886 454 δαίμων

1093 469 1268 504 ὑποκρίνεται
1282 469 1299 504 ἡ
1316 468 1363 495 τοῦ
1389 467 1536 499 τεθνεῶτος
1558 464 1628 493 εἶναι
1653 465 1738 502 ψυχὴ,
1762 466 1807 497 τίς
1829 466 1888 501 ἄρα

1092 515 1141 550 τῆς
1169 514 1257 550 ψυχῆς
1274 514 1363 550 χρεία,
1389 513 1436 540 τοῦ
1465 512 1633 549 χωρισθῆναι
1665 511 1712 538 τοῦ
1739 511 1886 546 σώματος

1093 562 1149 588 Οὐκ
1162 562 1238 588 αὐτοὶ
1257 561 1285 588 δὲ
1305 560 1439 596 παρόντες
1458 559 1615 595 ⁴ι’λκοὺσαμέν
1635 567 1692 590 σου,
1705 558 1752 584 τοῦ
1766 559 1888 593 σκήνους

1092 607 1140 643 τὴν
1154 607 1243 642 ψυχὴν
1265 606 1468 642 ὲξορκίζοντος;
1488 605 1548 637 πῶς
1564 605 1593 632 δὲ
1616 605 1661 631 καὶ
1683 604 1763 632 ἄλλον
1775 603 1889 639 όρκιζο-

1094 653 1186 688 μιένου⁷
1205 653 1298 689 ἕτερος
1318 652 1355 688 μὴ
1371 652 1394 668 ⁹¹
1420 652 1567 688 ὁρκισθεὶς,
1593 651 1630 683 ὡς
1654 650 1796 686 φοϐηθεὶς,
1811 651 1887 676 ὐπα-

1093 699 1186 733 κούεις
1216 700 1273 726 Οὺκ
1297 694 1351 735 ἆρα
1373 698 1401 725 δὲ
1423 698 1470 725 καὶ
1493 697 1574 729 αὐτὸς
1599 697 1794 732 ἐξεταζόμενος
1819 704 1893 722 ποτε

1093 746 1161 781 πρὸς
1185 745 1280 781 ἡμῶν,
1309 745 1382 776 τίνος
1412 744 1492 780 χάριν
1516 744 1602 771 ἐνίοτε
1630 744 1677 771 καὶ
1698 744 1836 770 παύονται
1860 744 1889 768 αἱ

1093 791 1274 827 προσεδρεῖαι,
1290 791 1413 826 εἴρηκας,
1430 791 1471 817 ὅτι
1485 790 1558 826 ψυχὴ
1573 789 1738 825 πληρώσασα
1752 789 1802 815 τὸν
1815 788 1890 824 ὑπὲρ

1093 839 1143 874 γῆς
1169 837 1264 873 χρόνον
1290 836 1319 864 ὃν
1343 836 1455 872 ἔμελλεν
1485 837 1514 863 ὲν
1538 835 1657 871 σώματι-
1672 835 1829 867 διατελεῖν,
1849 836 1892 866 εἰς

1093 883 1159 919 ᾅδην
1181 883 1329 919 πορεύεται
1339 892 1345 898 ·
1362 883 1533 919 προσετίθεις
1547 882 1575 909 δὲ
1587 882 1684 916 λέγων,
1699 883 1740 908 ὅτι
1753 882 1813 908 τῶν
1831 882 1892 916 ἰδίῳ

1093 929 1200 964 θανάτῳ
1216 929 1436 964 τελευτησάντων
1450 930 1478 956 αἱ
1492 928 1589 964 ψυχαὶ,
1612 928 1707 963 ἐπειδὴ
1732 928 1805 963 πρὸς
1821 928 1892 963 ᾅδην

1093 975 1185 1002 αὐτόθι
1216 975 1374 1012 χωρήσασαι
1397 975 1586 1011 φρουροῦνται,
1613 974 1736 1006 εὐκόπως
1749 974 1776 990 ⁸³
1799 973 1892 1000 ἐλθεῖν

1093 1022 1217 1056 ἀφίενται
1227 1030 1234 1054 ;

1129 1067 1236 1094 XXXII.
1261 1067 1354 1095 Ταῦτα
1378 1067 1425 1094 τοῦ
1445 1067 1566 1104 Νικήτου
1599 1067 1732 1098 εἰπόντος,
1769 1066 1893 1098 ’Δκὺλας

1093 1114 1174 1146 αὐτὸς
1190 1113 1270 1141 πάλιν
1293 1114 1363 1150 ἐφη·
1379 1112 1542 1150 Ἐϐουλόμην
1563 1113 1638 1149 παρὰ
1660 1113 1706 1140 σοῦ
1732 1113 1817 1140 τοῦτο
1845 1113 1894 1148 μό-

1095 1169 1139 1186 νον
1161 1159 1266 1196 μαθεῖν,
1291 1159 1393 1195 Σίμων,
1412 1160 1467 1186 εἴτε
1483 1160 1566 1196 ψυχὴ,
1587 1159 1640 1186 εἴτε
1658 1158 1764 1194 δαίμων
1781 1159 1845 1184 ἐστὶ
1862 1158 1893 1184 τὸ

1094 1208 1279 1243 ὀρκιζόμενον,
1292 1207 1319 1233 τί
1336 1206 1365 1233 δὲ
1378 1206 1426 1233 καὶ
1438 1205 1603 1242 φοὸούμενον
1621 1205 1651 1231 οὗ
1666 1205 1892 1240 παραπέμπεται

1094 1255 1157 1286 τοὺς
1171 1254 1268 1290 ὅρκους
1281 1261 1289 1285 ;
1315 1253 1372 1280 Καὶ
1389 1253 1404 1278 ὁ
1417 1252 1526 1287 Σίμων·
1548 1251 1676 1283 Κόλασιν,
1691 1250 1770 1286 φησὶ,
1794 1259 1892 1285 παρα-

1095 1300 1217 1328 κούσασα
1247 1297 1300 1326 οἶδε
1341 1299 1449 1334 μέλλειν
1477 1297 1584 1325 παθετν.
1617 1297 1672 1324 Καὶ
1702 1297 1716 1323 ὁ
1751 1297 1892 1328 Ἀκύλας’

1096 1345 1199 1372 Οὐκοῦν
1215 1345 1240 1372 εί
1257 1345 1280 1361 ’⁵
1306 1344 1471 1380 όρκιζομένη
1491 1343 1564 1380 ψυχὴ
1579 1343 1699 1379 ἔρχεται,
1724 1343 1775 1370 καὶ
1797 1343 1894 1378 κρίσις

1095 1391 1148 1428 ἄρα
1177 1391 1291 1425 γίνεται.
1313 1391 1346 1417 Et
1374 1389 1420 1417 οὖν
1438 1391 1466 1418 αἱ
1494 1390 1579 1426 ψυχαὶ
1600 1390 1745 1421 ἀθάνατοι,
1777 1389 1894 1420 πάντως

1095 1438 1153 1464 ἐστὶ
1170 1437 1217 1464 καὶ
1233 1437 1333 1473 κρίσις.
1350 1437 1431 1463 Ὥστε
1445 1437 1469 1463 εἱ
1480 1437 1526 1463 καὶ
1544 1436 1609 1468 τοὺς
1626 1435 1672 1462 ὲπὶ
1694 1436 1769 1470 κακῇ
1789 1434 1894 1469 πράξει

1095 1483 1281 1519 ὁρκισθέντας,
1301 1480 1361 1510 εἶτα
1374 1483 1422 1509 καὶ
1437 1482 1662 1518 παρακούσαντας
1683 1481 1895 1516 καταδικασθῆ-

1096 1538 1140 1555 ναι
1163 1529 1234 1564 φῂς,
1260 1528 1320 1560 πῶς
1352 1528 1382 1555 οὐ
1418 1528 1570 1563 πεφόὸησαι
1608 1528 1640 1554 σὺ
1674 1527 1790 1558 τούτους
1825 1536 1894 1554 κατ-

1096 1573 1326 1609 αναγκάζειν,τῶν
1338 1573 1566 1609 άναγκαζομένων
1579 1574 1625 1600 ἐπὶ
1635 1574 1764 1608 παρακοῇ
1782 1573 1896 1604 κολαζο-

1098 1621 1202 1656 μένων;
1226 1621 1322 1656 τὸγὰρ
1338 1620 1388 1656 ἠδη
1406 1629 1435 1647 σε
1457 1620 1493 1656 μὴ
1520 1619 1615 1646 παθεῖν
1630 1620 1672 1654 ἐφ’
1698 1615 1740 1650 οἷς
1760 1619 1894 1654 ἔδρασας,

1095 1667 1125 1693 οὐ
1142 1666 1247 1702 θαῦμαο
1263 1667 1324 1693 ἐπεὶ
1340 1667 1422 1702 μήπω
1437 1667 1528 1702 κρίσις
1553 1666 1637 1696 ἐστὶν,
1663 1665 1707 1691 ἴνα
1723 1666 1757 1692 σὺ
1788 1665 1842 1700 μὲν
1857 1665 1895 1690 δί-

1096 1721 1147 1748 κην
1158 1712 1211 1748 δῷς
1225 1722 1258 1739 πε
1263 1712 1290 1749 pi.
1314 1709 1351 1739 ὧν
1378 1712 1546 1747 ἠνάγκασας,
1562 1711 1592 1738 τὸ
1605 1711 1634 1738 δὲ
1646 1711 1829 1745 ἀναγκασθὲν
1843 1710 1895 1738 ὕπὸ

1097 1758 1260 1794 συγγνώμην
1271 1758 1395 1794 γένηται,
1407 1758 1446 1790 ὡς
1458 1759 1507 1793 τῆς
1518 1757 1605 1792 κακῆς
1618 1756 1747 1792 πράξεως
1755 1756 1804 1782 τὸν
1813 1757 1895 1791 ὅρκον

1096 1805 1279 1840 προτιμῆσαν.
1300 1805 1330 1831 ὐ
1351 1804 1380 1831 δὲ
1398 1803 1501 1830 τούτων
1515 1803 1634 1835 ἀκούσας
1648 1803 1790 1839 ὠργίσθη,
1808 1803 1893 1830 θάνα-

1096 1851 1184 1883 τον,εῑ
1200 1851 1237 1887 μὴ
1252 1850 1411 1886 σιωπῶμεν,
1423 1851 1488 1886 ἡμῖν
1503 1850 1664 1886 ἀπειλήσας.

1132 1984 1252 2012 XXXIII.
1267 1985 1358 2012 Ταῦτα
1370 1985 1417 2012 τοῦ
1437 1985 1538 2012 ’Ᾱκύλα
1553 1986 1686 2018 εἰπόντος,
1704 1985 1764 2020 ἐγὼ
1776 1987 1894 2022 Κλήμης

1097 2033 1250 2068 ἐπυθόμην·
1276 2032 1303 2059 τί
1323 2032 1345 2059 δ’
1360 2032 1415 2068 ἄρα
1441 2032 1514 2058 ἐστὶν
1538 2031 1556 2058 ἃ
1586 2033 1658 2058 ποιεί
1681 2032 1842 2066 θαυμάσια.
1865 2033 1893 2058 Oi

1096 2079 1138 2105 δέ·
1161 2078 1343 2114 Ἀνδριάντας,
1369 2075 1457 2110 εἷπον,
1472 2079 1545 2104 ποιεῖ
1563 2079 1741 2114 περιπατεῖν·
1776 2080 1828 2106 καὶ
1849 2088 1894 2105 xv—

1095 2125 1218 2161 λιόμενος
1241 2125 1287 2151 ἐπὶ
1303 2124 1359 2160 πῦρ
1379 2124 1409 2150 οὑ
1421 2124 1541 2151 καίεται·
1555 2124 1640 2151 ὲνὶοτε
1654 2124 1682 2150 δὲ
1698 2125 1747 2151 καὶ
1765 2126 1893 2154 πέταται,

1097 2172 1143 2199 καὶ
1154 2172 1186 2198 ἐκ
1209 2171 1290 2198 λίθων
1312 2171 1411 2207 ἄρτους
1426 2172 1515 2204 ποιεῖ,
1536 2171 1597 2206 δςρις
1625 2171 1742 2205 γίνεται,
1773 2174 1818 2204 εἰς
1833 2171 1894 2206 αἶγα

1099 2217 1337 2254 μεταμρφοῦται,
1367 2217 1539 2253 διπρόσωπος
1570 2218 1688 2252 γίνεται,
1712 2219 1756 2250 εἰς
1792 2220 1895 2255 χρυσὸν

260 2261 438 2294 convertitur,
462 2265 555 2296 portas
569 2262 695 2289 occlusas
722 2262 820 2297 aperit.
835 2261 937 2289 ferrum
953 2262 1044 2296 solvit,

1103 2263 1309 2298 μεταϐάλλεται·
1326 2263 1411 2298 θύρας
1433 2262 1629 2297 κεκλεισμένας
1649 2264 1768 2297 ἀνοίγει,
1786 2265 1895 2300 σίδηρον

260 2305 288 2332 in
307 2306 439 2334 conviviis
452 2307 598 2335 simulacra
616 2307 768 2335 formarum
782 2308 957 2343 omnigenum
969 2309 1046 2336 exhi-

260 2351 316 2385 bet,
333 2350 398 2380 facit
412 2353 482 2380 utin
507 2354 590 2381 domo
601 2362 666 2382 vasa
681 2360 778 2390 sponte
791 2355 856 2383 ferri
867 2355 900 2383 ad
923 2356 1047 2384 ministe-

261 2398 333 2426 rium
349 2399 501 2432 videantur,
521 2408 571 2428 nec
585 2406 731 2428 cernantur
744 2402 792 2436 qui
806 2400 906 2429 ferunt.
921 2401 973 2429 Ista
989 2410 1047 2429 me-

260 2450 400 2473 morantes
422 2446 548 2478 audiens,
577 2447 718 2475 mirabar:

261 2490 313 2524 ipsi
329 2490 391 2518 talia
405 2498 435 2518 se
446 2491 557 2520 vidisse.

755 2447 924 2475 testabantur
956 2454 1045 2476 autem

297 2576 416 2606 XXXIV.
434 2579 457 2595 ’⁸
482 2579 530 2607 His
555 2580 592 2607 ita
614 2581 759 2614 enarratis,
786 2582 860 2609 venit
887 2582 1045 2617 Zacchzcus,

261 2626 288 2648 ut
304 2622 354 2650 ista
380 2622 460 2651 Petro
473 2625 652 2660 significavit:
669 2625 728 2654 Jam
741 2635 824 2659 nunc,
838 2626 926 2659 Petre.
940 2633 1047 2664 tempus

261 2673 314 2701 est.
328 2674 357 2696 ut
370 2678 452 2698 exeas
464 2674 498 2699 ad
516 2672 707 2700 disserendum
722 2681 785 2701 cum
802 2674 835 2701 iis
849 2675 894 2709 qui
912 2682 1046 2704 convene-

263 2719 336 2742 runt.
348 2715 431 2744 Multa
444 2718 518 2745 enim
543 2719 621 2751 turba
638 2719 665 2746 in
681 2719 750 2747 atrio
772 2725 935 2756 congregata
949 2725 976 2748 te
998 2729 1046 2757 op-

1097 2309 1165 2342 λύει,
1192 2310 1220 2335 ὲν
1242 2308 1361 2340 δείπνοις
1381 2308 1478 2335 εἴδωλα
1507 2309 1684 2335 παντοδαπῶν
1711 2309 1797 2336 ἰδεῶν
1824 2319 1894 2345 παρ-

1098 2355 1186 2390 ίστησι
1196 2363 1203 2370 ·
1221 2355 1254 2381 τὰ
1269 2355 1298 2380 ὲν
1312 2356 1346 2390 τῇ
1363 2354 1435 2390 οἰκίᾳ
1448 2355 1530 2391 σκεύη
1548 2355 1585 2387 ὡς
1596 2355 1738 2390 αὐτόματα
1751 2357 1895 2392 φερόμενα

1097 2402 1165 2438 πρὸς
1181 2402 1331 2437 ὑπηρεσίαν
1359 2401 1474 2436 ὁρᾶσθαι
1498 2402 1578 2434 ποιεῖ,
1610 2401 1664 2428 τῶν
1689 2402 1840 2436 φερόντων
1868 2402 1894 2427 οὐ

1099 2449 1280 2485 βλεπομένων.
1304 2447 1397 2475 Ταῦτα
1421 2447 1564 2482 λεγόντων,
1591 2447 1697 2474 ἁκούων
1722 2447 1748 2463 ’⁸
1770 2449 1894 2482 ἐθαύμα-

1098 2495 1157 2528 ζονε
1187 2494 1359 2530 ἐμαρτύρουν
1389 2493 1417 2520 δὲ
1433 2493 1468 2520 τὰ
1491 2491 1603 2520 τοιαῦτα
1633 2493 1710 2520 αὐτοὶ
1743 2494 1893 2529 ἱστορηκέ-

1098 2550 1141 2568 ναι
1155 2541 1189 2567 ⁸⁷.

1133 2585 1253 2612 XXXIV.
1274 2585 1383 2612 Τούτων
1407 2585 1478 2612 οὓτω
1507 2585 1654 2620 ῥηθέντων,
1674 2582 1726 2620 ἧκε
1756 2587 1893 2621 Ζακχαίκ

1096 2632 1207 2658 τοιαῦτα
1217 2631 1257 2667 τῷ
1265 2632 1360 2667 Πέτρῳ
1375 2631 1527 2666 διασαφῶν·
1545 2631 1613 2666 Ἤδη
1636 2630 1741 2662 λοιπὸν,
1756 2629 1781 2659 ὦ
1794 2633 1891 2667 Πέτρε,

1099 2678 1193 2713 καιρὸς
1221 2678 1287 2713 πρὸς
1309 2677 1340 2704 τὸ
1353 2677 1472 2704 ἐκϐάντα
1486 2686 1515 2704 σε
1531 2676 1704 2712 διαλεχθῆναι
1717 2679 1779 2710 τοῖς
1800 2679 1892 2705 συνελ-

1100 2723 1184 2750 θοῦσι.
1202 2722 1288 2754 Πολὺς
1299 2723 1353 2759 γὰρ
1373 2723 1418 2749 ἐπὶ
1435 2723 1484 2759 τῆς
1505 2723 1588 2758 αὐλῆς
1602 2722 1815 2758 συναθροισθεὶς
1830 2725 1891 2751 ἁνα-

901 2795 1020 2823 VARL’E
1047 2797 1250 2825 LECTIONES.

287 2848 314 2886 ’θλ
326 2849 367 2886 al.»
378 2849 535 2886 instrui-Em".
549 2850 584 2886 μὴ
599 2850 725 2886 ὑπάρχῃ]
740 2849 779 2876 vel
792 2849 854 2876 ἐπεὶ
867 2850 933 2886 μηδὲ
950 2850 1076 2885 ὑπάρχει.
1093 2885 1096 2886 ν
1113 2851 1134 2865 ⁹¹
1148 2850 1290 2886 alzinser.
1313 2849 1463 2886 a616;._Al.
1480 2848 1543 2886 alii.
1567 2848 1693 2886 ξνεργεζε.
1724 2848 1803 2886 "Val.

255 2883 325 2920 "Val.
341 2884 534 2920 essent)“;
550 2883 738 2911 Clenzentfobx
753 2883 903 2917 εὖκόπωςβ
925 2885 948 2900 ’⁸
963 2887 999 2912 al.
1013 2883 1040 2920 ἡζ

1078 2885 1101 2900 ³⁸
1115 2887 1131 2912 l.
1149 2894 1171 2912 s.
1188 2884 1298 2918 Recogn.
1316 2893 1346 2915 ιι,
1360 2886 1386 2912 9.
1401 2884 1506 2915 Aunst.,
1520 2882 1647 2919 Ccdreh,
1663 2882 1779 2919 Nicepli.
1822 2883 1845 2898 "
1859 2892 1865 2909 ι

255 2919 319 2945 add.
337 2918 436 2945 αὐτῶν.
474 2920 494 2935 ⁸⁷
512 2919 548 2946 al.
561 2919 643 2947 inscr.
657 2920 800 2955 παρόντες.
838 2921 861 2937 ’⁸
876 2920 1003 2948 Clement.
1024 2918 1096 2948 lion).
1115 2929 1154 2954 ιιι,
1170 2928 1229 2956 cap.
1243 2921 1288 2953 “29,
1300 2927 1352 2948 etc.
1368 2920 1479 2955 Recogn.
1495 2921 1512 2947 Ι.
1528 2926 1558 2952 ιι,
1569 2926 1594 2947 c.
1611 2918 1655 2950 19.
1668 2923 1722 2946 ειυ-
