1917 3100
59 95 98 124 89⁸1

414 94 644 123 CLEMENTINA.
665 111 701 117 —
718 94 869 123 EPl'l'OME
887 95 931 123 DE
949 95 1072 124 GESTIS
1089 95 1119 124 S.
1139 95 1251 124 PETRI.

1602 93 1653 122 ωε

60 155 119 191 μένει
136 154 253 190 σεδχλος,
268 152 300 183 οὗ
321 156 351 182 ὲν
376 154 451 192 μέσῳ
470 156 595 192 καθάπερ
616 164 659 189 τις
679 156 814 193 πολέμαρ-

869 158 990 193 paritur;
1005 158 1034 185 in
1047 165 1165 193 quorum
1191 155 1281 184 medio
1306 160 1435 190 tanquam
1462 154 1562 190 aliquis
1587 154 1651 183 belli

59 213 96 240 λος
107 205 125 220 ”
141 203 182 230 ὑπ’
198 202 286 230 αὐτῶν
300 202 532 240 δορυφορούμενος
546 203 646 239 ἔστηκε
663 203 763 238 Σίμων.
787 203 816 230 Ὁ

58 250 79 276 δὲ
91 249 177 286 Πέτρος
195 249 322 282 ἀκούσας,
341 249 422 285 εὺχῆς
434 249 514 285 χάριν
528 249 703 285 ὑποχωρῆσαί
718 257 763 284 μοι
772 258 817 276 κε-

57 295 134 327 λεύσας
151 296 182 311 ¹⁶⁰
200 296 280 331 μήπω
296 295 327 322 τὸ
350 297 483 332 σωτήριον
503 295 643 331 βάπτισμα
667 295 815 331 δεξαμένῳ,

56 343 100 373 τοῖς
108 341 149 377 ήδη
162 340 281 373 τελείοις·
304 341 491 373 Ἀναστάντες,
513 341 564 378 ἔφη
577 361 585 373 ,
608 340 759 376 εὐξώμεθα,
773 341 817 368 ἵνα

55 387 106 418 Θεὸς
117 389 167 419 τοῖς
179 387 363 420 ἀνεκλείπτοις
385 387 469 415 αὑτοῦ
491 389 642 424 οίκτιρμοῖς
662 388 815 423 συνεργήσῃ

55 441 90 468 μοι
98 432 205 468 όρμῶντι
218 433 288 469 πρὸς
299 434 435 470 σωτηρίαν
446 433 500 461 τῶν
515 434 560 461 ὑπ’
587 433 669 460 αὑτοῦ
694 433 815 460 κτισθέν-

53 488 94 506 των
108 479 259 515 ἀνθρώπων.
283 479 338 507 Καὶ
349 480 429 507 τοῦτο
452 480 548 512 εἰπὼν,
572 480 718 515 εὐξάμενος
741 479 814 515 ἐξῄει

53 525 83 556 εἰς
91 524 130 551 τὸν
140 525 268 561 ὕπαιθρον
280 526 329 562 τῆς
353 527 438 562 αὐλῆς
458 527 541 554 τόπον
556 526 643 562 μέγαν
657 526 732 559 ὄντα,
749 526 815 553 ἔνθα

53 571 234 606 συνεληλυθότες
247 569 317 607 ἦσαν
335 572 436 606 πολλοὶ,
467 573 500 599 ιν*
521 571 653 600 ἀκουσταὶ
683 571 813 606 γένωνται

52 616 95 642 τῶν
105 616 310 652 λεχθησομένων.
339 618 410 650 Στὰς
427 616 474 646 οὖν
495 619 542 646 καὶ
558 618 618 645 ἰδὼν
642 618 710 654 μετὰ
723 618 814 654 πάσης

51 663 146 698 ήσυχιας
166 663 210 690 τὸν
231 663 322 690 πάντα
335 663 399 691 λαὸν
419 665 460 697 εἰς
484 664 565 692 αὑτὸν
587 664 752 697 ἀτενίζοντα,
768 664 813 691 Σί-

53 710 150 743 μωναδὲ
170 710 213 737 τὸν
226 711 323 745 Μάγον
347 711 388 742 είς
418 710 500 738 μέσον
521 710 626 737 ἑστῶτα
656 709 704 737 τοῦ
723 710 813 745 λέγειν

49 755 131 790 ἦρξατο
150 754 247 788 οὕτως⁹

76 812 176 864 XXXY:
337 813 381 850 εἴη
412 814 496 841 πᾶσιν
530 814 595 849 ὑμῖν
619 814 676 846 τοῖς
687 814 849 864 ὲτοίμωςδ

50 858 123 893 ἔχουσι
135 858 220 892 δεξιὰς
233 860 334 887 διδόναι
346 862 380 896 τῇ
393 860 439 887 τοῦ
457 860 526 888 Θεοῦ
546 860 670 896 ἀληθείᾳ,
684 860 720 896 ἢν
730 861 812 888 αὐτοῦ

49 904 149 940 μεγάλην
159 914 187 932 τε
202 906 254 932 καὶ
273 906 438 942 ἀσύγκριτον
459 907 488 933 ὲν
499 906 539 941 τῷ
552 905 599 932 νῦν
612 906 706 942 κόσμῳ
725 906 814 942 ὑπάρ-

48 958 129 984 χουσαν
141 951 255 987 δωρεὰν,
269 952 284 979 ὁ
309 951 474 984 ἀποστείλας
491 952 566 988 ἡμᾶς
581 951 684 988 Κύριος
711 951 814 988 Ἰησοῦς

48 997 143 1031 Χριστὸς
156 998 170 1024 ὁ
193 998 258 1030 Υἱὸς
267 997 317 1024 τοῦ
332 997 433 1031 ζῶντος
457 998 537 1031 Θεοῦ,
561 997 663 1033 ταύτην
677 998 741 1034 ἡμῖν
756 998 813 1024 ἐνε-

47 1042 132 1070 τείλατο
142 1044 189 1079 τὴν
204 1045 406 1081 προσηγορίαν,
423 1044 476 1080 πρὸ
501 1043 556 1071 τῶν
571 1045 621 1080 τῆς
642 1044 814 1077 διδασκαλίας

48 1087 115 1122 λόγων
130 1090 190 1125 ὑμῖν
215 1089 449 1125 ἐπιφθέγγεσθαι·
471 1090 515 1117 ἵνα
536 1090 583 1117 ἐάν
606 1088 683 1127 τιςῇ
710 1090 740 1116 ὲν
750 1091 814 1126 ὑμῖν

47 1133 136 1170 εἰρήνης
152 1135 257 1168 τέκνον,
270 1135 317 1162 διὰ
328 1136 379 1171 τῆς
390 1135 563 1168 διδασκαλίας
584 1135 662 1172 ἡμῶν
673 1136 813 1172 καταλάϐῃ

48 1179 110 1206 αὐτὸν
133 1181 273 1217 ήειρήνη·
289 1182 314 1208 εί
328 1181 356 1208 δὲ
374 1181 476 1218 ταύτην
498 1182 590 1209 λαϐεῖν
615 1181 692 1218 ὑμῶν
718 1191 759 1214 τις
776 1182 814 1219 μὴ

47 1224 111 1258 θέλοι,
123 1226 180 1253 τότε
194 1228 241 1254 καὶ
268 1228 351 1263 ἡμεῖς
369 1228 598 1264 ἀποτιναξάμενοι
617 1228 662 1255 τὸν
677 1228 814 1265 κονιορτὸν

45 1272 88 1297 τῶν
107 1273 187 1300 ποδῶν
210 1273 292 1310 ἡμῶν
316 1274 356 1306 εις
384 1274 541 1310 μαρτύριον,
559 1275 599 1306 εἰς
611 1273 712 1310 ἑτέρων
727 1274 814 1302 ἀπίω-

46 1317 192 1351 μεν³οίκίας
211 1320 261 1347 καὶ
283 1320 386 1352 πόλεις.
398 1321 453 1348 Καὶ
474 1320 581 1357 ἀληθῶς
605 1321 669 1356 ὑμῖν
680 1320 812 1356 λέγομεν·

50 1363 216 1401 Ἀνεκτότερον
229 1365 310 1393 ἔσται
330 1367 365 1402 γῇ
391 1366 517 1402 Σοδόμων
543 1367 590 1393 καὶ
625 1366 768 1403 Γομόρρας
785 1367 814 1393 ὲν

47 1408 121 1446 ἡμέρᾳ
130 1411 253 1447 κρίσεως,
271 1411 290 1447 ἢ
317 1411 357 1447 τῷ
373 1412 422 1448 τῆς
443 1411 583 1444 ἀπειθείας
595 1412 670 1447 τόπῳ
683 1412 814 1448 ἐνδιατρί-

45 1453 103 1481 ϐειν·
118 1456 222 1492 πρῶτον
247 1458 311 1494 μὲν,
333 1458 374 1485 ὅτι
393 1458 440 1493 ἀφ’
455 1457 559 1485 ἑαυτῶν
577 1458 628 1493 οὐχ
647 1454 697 1484 οἶοι
717 1466 747 1484 τε
768 1466 814 1493 τε-

866 203 922 231 dux
935 204 970 231 ab
991 204 1025 231 iis
1053 208 1192 239 protectus
1206 210 1240 235 ac
1255 202 1371 236 stipatus
1395 201 1519 229 constitit
1543 201 1650 230 Simon.

866 249 924 278 Hoc
937 250 1031 278 audito
1047 249 1145 277 Petrus
1156 269 1164 282 ,
1188 257 1249 276 cum
1269 247 1402 276 orationis
1414 247 1499 283 gratia
1525 247 1653 276 secedere

867 305 910 324 me
922 297 1061 333 inussisset,
1077 296 1124 332 qui
1139 296 1260 323 nondum
1273 300 1438 323 consecutus
1453 294 1558 322 fueram
1575 297 1651 323 salu-

867 348 925 371 tare
943 343 1094 378 baptisma;
1122 342 1156 370 ad
1180 342 1236 378 jam
1265 341 1402 377 perfectos
1426 348 1458 368 ac
1485 341 1649 376 baptizatos,

867 389 1026 425 Surgentes,
1045 389 1146 424 inquit,
1175 395 1302 420 oremus,
1320 391 1350 414 ut
1366 387 1437 415 Deus
1448 395 1498 422 pro
1515 388 1572 417 suis
1586 396 1651 424 per-

865 437 954 472 petuis
967 435 1190 464 miserationibus
1201 435 1349 471 opituletur
1369 436 1437 463 mihi
1457 436 1601 471 prodeunti
1615 436 1651 463 ob

865 483 980 511 salutem
996 483 1138 510 hominum
1164 483 1198 510 ab
1215 483 1274 518 ipso
1300 487 1465 510 creatorum.
1487 481 1576 518 thue
1598 483 1651 511 hnc

864 528 945 562 dixit,
971 529 1096 556 oratione
1115 528 1197 562 facta,
1210 529 1277 556 exiit
1290 529 1317 556 in
1341 528 1404 555 atrii
1426 529 1516 556 locum
1540 528 1652 556 subdia-

864 575 916 602 lem
934 579 960 602 ct
973 582 1113 610 magnum,
1128 582 1183 610 quo
1195 575 1274 602 multi
1298 580 1493 608 convenerant,
1513 580 1542 602 ut
1555 574 1652 602 ﬁerent

864 620 1003 647 auditores
1017 627 1112 647 eorum
1135 627 1196 655 quae
1210 619 1324 647 dicenda
1339 623 1441 647 essent.
1461 619 1543 646 Stans
1572 625 1649 653 ergo,

863 672 1031 700 cernensque
1044 665 1200 696 universum
1215 666 1344 700 populum
1367 673 1475 693 summo
1492 672 1554 692 eum
1568 664 1652 692 silen-

863 713 902 740 tio
913 712 1009 740 oculos
1031 712 1057 739 in
1071 712 1159 747 ipsum
1173 711 1320 747 conjicere,
1341 719 1373 739 ac
1388 711 1527 740 Simonem
1542 710 1649 747 Magum

864 757 891 785 in
906 757 995 785 medio
1007 762 1089 791 stare,
1104 757 1178 785 hunc
1190 757 1216 784 in
1233 757 1344 785 modum
1358 757 1433 793 loqui
1444 758 1542 792 coepit:

897 812 1007 842 XXXV.
1024 814 1033 830 ¹
1057 813 1114 842 Pax
1128 814 1164 841 sit
1177 814 1305 842 omnibus
1318 814 1404 847 vobis,
1419 814 1466 850 qui
1483 814 1569 849 parati
1583 815 1650 843 estis

864 859 991 888 dexteras
1008 860 1074 888 dare
1091 860 1197 887 veritati
1209 860 1273 893 Dei;
1301 868 1394 895 quam.
1406 868 1536 896 magnum
1552 868 1651 895 nempe

862 914 896 934 ac
912 906 1125 941 incomparabile
1136 906 1195 941 ejus
1214 913 1314 933 munus
1327 906 1354 933 in
1371 906 1423 934 hoc
1448 906 1551 934 mundo
1572 911 1601 934 ut
1621 906 1649 934 in

863 952 1054 980 salutationem
1070 952 1147 980 vobis
1158 957 1220 980 ante
1243 959 1382 980 sermones
1407 952 1540 980 doctrinae
1561 952 1651 980 accla-

863 1005 970 1026 memus
994 999 1122 1034 praecepit
1148 998 1227 1025 nobis
1255 995 1303 1033 qui
1339 998 1415 1026 misit
1444 1006 1494 1026 nos
1517 997 1650 1026 Dominus

863 1043 944 1073 Iesus
954 1043 1093 1078 Christus,
1107 1044 1193 1072 Filius
1205 1043 1254 1072 Dei
1266 1044 1320 1072 vivi
1333 1053 1340 1078 ;
1352 1053 1407 1079 quo
1425 1044 1448 1072 si
1464 1044 1563 1080 aliquis
1579 1045 1650 1072 inter

863 1098 912 1118 vos
925 1091 961 1119 sit
984 1090 1056 1118 illius
1072 1090 1158 1125 pacis,
1186 1098 1234 1125 per
1265 1090 1418 1118 doctrinam
1449 1095 1571 1117 nostram
1596 1098 1649 1125 pax

863 1143 926 1163 eum
949 1136 1161 1170 complectatur;
1185 1136 1208 1162 si
1236 1135 1299 1170 quis
1325 1141 1416 1163 autem
1441 1140 1563 1164 vestrum
1588 1143 1649 1163 eam

863 1181 987 1216 accipere
1000 1181 1078 1213 nolit,
1094 1185 1160 1208 tunc
1174 1184 1202 1207 et
1228 1187 1279 1209 nos
1293 1188 1409 1208 excusso
1425 1181 1524 1216 pedum
1539 1185 1650 1208 nostro-

862 1234 923 1255 rum
938 1226 1050 1262 pulvere
1064 1226 1091 1253 in
1103 1226 1300 1260 testimonium,
1312 1227 1345 1254 ad
1366 1227 1481 1254 aliorum
1508 1226 1604 1253 domos
1617 1233 1650 1253 ac

863 1273 987 1300 civitates
999 1272 1130 1299 abeamus
1143 1273 1163 1299 '.
1187 1272 1227 1299 Ac
1238 1279 1301 1299 vere
1317 1271 1435 1300 dicimus
1451 1271 1545 1299 vobis:
1573 1269 1651 1298 Tole-

863 1318 979 1346 rabilius
989 1318 1042 1345 erit
1054 1317 1082 1346 in
1095 1317 1257 1353 diejudicii,
1275 1317 1360 1345 fuisse
1381 1317 1410 1345 in
1424 1322 1498 1345 terra
1515 1316 1650 1344 Sodomo-

864 1373 924 1392 rum
937 1368 964 1392 et
978 1363 1149 1398 Gomorrhae,
1175 1372 1257 1400 quam
1284 1364 1312 1391 in
1340 1363 1400 1392 loco
1426 1362 1648 1391 incredulitatis:

863 1412 953 1447 primo
964 1411 1086 1446 quidem,
1105 1410 1170 1446 quia
1196 1418 1251 1438 non
1273 1410 1402 1446 potuistis
1422 1418 1456 1438 ex
1471 1409 1550 1437 vobis
1563 1415 1649 1444 agno-

864 1465 941 1485 scere
959 1457 1121 1485 veritatem:
1138 1456 1270 1488 secundo,
1284 1457 1414 1491 quoniam
1429 1456 1463 1484 de
1474 1455 1575 1484 nostris
1586 1463 1649 1482 cum

44 1500 122 1533 γόνατε
145 1501 191 1538 τὴν
217 1503 350 1539 ἀλήθειαν
373 1504 537 1538 ἐπιγνῶναιι
556 1503 694 1540 δεύτερον,
725 1503 766 1530 δτι
779 1503 814 1530 τὰ

865 1503 1017 1535 audieritis,
1032 1511 1086 1530 non
1100 1502 1215 1530 venistis
1229 1510 1317 1537 usque
1331 1501 1364 1529 ad
1386 1509 1437 1530 nos
1451 1511 1458 1529 :
1473 1502 1564 1535 tertio,
1585 1501 1651 1537 quia

44 1546 92 1572 καθ’
102 1548 168 1583 ἡμᾶς
193 1549 374 1583 ἀκούσαντες,
398 1550 448 1576 οὐκ
473 1549 569 1585 ἤλθετε
592 1549 688 1585 μέχρις
716 1548 811 1585 ἡμῶν·

44 1591 127 1627 τρίτον,
150 1593 190 1621 ὅτι
223 1595 274 1623 καὶ
301 1595 425 1622 ἐλθοῦσιν
449 1596 515 1632 ἡμῖν
550 1596 728 1632 ἠπειθήσατε.
768 1596 814 1623 Διὸ

44 1638 173 1674 φειδόμενοι
188 1640 280 1676 ὑμῶν,
300 1642 401 1677 προῖκα
427 1641 562 1677 εὐχόμεθα
586 1641 636 1677 τήν
659 1642 768 1678 εἰρήνην
779 1643 812 1678 ἡ-

44 1684 90 1718 μῶν
100 1685 178 1713 ἐλθεῖν
190 1687 234 1721 ἐφ’
255 1687 342 1723 ὑμᾶς.
370 1687 402 1714 El
415 1684 462 1714 οὖν
483 1687 585 1722 ταύτην
609 1687 680 1723 ἔχειν
697 1687 812 1721 ἐθέλετε,

43 1728 73 1755 δεῖ
85 1731 147 1766 ὑμᾶς
158 1733 310 1769 προθύμως
320 1734 384 1766 τοὺς
394 1733 458 1770 περὶ
471 1733 522 1769 τῆς
536 1733 674 1766 εὐσεϐείας
687 1733 813 1768 δέξασθαι

43 1775 128 1810 λόγους,
143 1780 187 1806 καὶ
203 1779 253 1815 τὴν
281 1779 342 1815 Θεῷ
365 1780 535 1816 ἁρέσκουσαν
557 1780 695 1807 πολιτείαν
714 1781 812 1808 ἐπανε-

43 1820 134 1857 λέσθαι,
156 1825 187 1851 i'v‘
213 1825 338 1857 εὐσεϐῶς
372 1827 419 1853 καὶ
443 1826 555 1858 δικαίως
575 1825 722 1862 ζήσαντες,
758 1828 813 1854 τῶν

42 1868 138 1897 αἰωνίων
148 1871 255 1905 ἀγαθῶν
268 1871 385 1907 γένησθε
401 1872 571 1908 κληρονόμοι.

68 1914 176 1944 XXXVI.
205 1918 263 1945 Καὶ
293 1917 341 1944 τοῦ
368 1918 472 1954 Πέτρου
496 1918 583 1946 ταῦτα
612 1919 744 1951 εἰπόντος,
766 1920 814 1946 καὶ

41 1961 93 1996 rapi
104 1962 153 1990 τῶν
163 1963 251 1999 ἔργων
263 1963 315 1991 τοῦ
328 1964 394 1991 Θεοῦ
413 1964 578 1998 διδάξαντος,
589 1966 636 1993 καὶ
656 1965 726 1993 πόσα
739 1966 813 2001 παρὰ

40 2006 78 2032 τοῦ
89 2007 148 2035 Θεοῦ
162 2009 203 2049 τῷ
218 2010 360 2046 ἀνθρώπῳ
373 2010 407 2037 τὰ
423 2010 514 2044 ἀγαθὰ
529 2011 662 2047 ἐδωρήθη,
677 2012 725 2039 καὶ
740 2020 812 2047 παρ-

42 2053 176 2088 αινέσαντος
193 2056 282 2084 πολλὰ
305 2057 371 2092 περὶ
395 2058 553 2093 μοναρχίας,
570 2058 584 2084 ό
600 2058 689 2094 Σίμων
703 2057 754 2091 ἔξω
766 2058 813 2085 τοῦ

41 2097 104 2132 ὄχλου
117 2100 162 2137 βοῇ
175 2102 281 2138 μεγάλῃ
293 2102 347 2138 ἔφη
357 2111 365 2118 ·
380 2103 412 2129 Τί
432 2103 594 2139 ψευδόμενος
609 2104 716 2140 ἀπατᾷν
727 2103 814 2136 θέλεις

41 2143 77 2170 τὸν
86 2148 240 2182 παρεστῶτα
258 2157 302 2176 σοι
329 2148 434 2185 ἰδιώτην
461 2149 549 2186 δχλον,
577 2150 678 2178 πείθων
703 2151 811 2183 αὐτοὺς,

41 2188 104 2224 θεοὺς
118 2194 182 2229 μήτε
194 2194 353 2230 ὀνομάζειν,
373 2196 442 2231 μήτε
455 2195 546 2230 λέγειν
569 2196 629 2229 ὲξδν
656 2194 743 2230 εἷναι;
757 2197 812 2224 τῶν

42 2237 103 2272 παρὰ
134 2239 271 2273 Ἰουδαίοις
299 2240 438 2276 δημοσίων
461 2242 560 2277 βίϐλων
590 2242 705 2274 πολλοὺς
734 2242 812 2275 θεοὺς

40 2280 170 2316 λεῖδυσῶν.
182 2287 238 2314 Καὶ
252 2287 303 2314 νῦν
329 2287 357 2314 δὲ
371 2288 440 2323 μετὰ
467 2288 575 2315 πάντων
596 2289 644 2315 ἀπ’
658 2289 747 2316 αὐτῶν
771 2298 812 2317 σοι

41 2328 84 2354 τῶν
94 2329 195 2365 βιϐλίων
205 2333 272 2369 περὶ
289 2332 338 2360 τοῦ
356 2333 411 2360 δεῖν
425 2334 502 2366 θεοὺς
518 2335 648 2370 νομίζειν,
663 2334 812 2372 συζητῆσαι

42 2373 168 2413 βούλομαι·
197 2380 335 2416 πρότερον
350 2380 414 2415 περὶ
435 2377 466 2407 οὗ
489 2380 557 2416 ἔφης
570 2380 649 2412 Θεοῦ,
670 2380 759 2413 δείξας
775 2380 812 2417 μὴ

41 2420 107 2449 αὺτὸν
119 2424 165 2460 τὴν
179 2425 315 2453 ἀνωτάτω
327 2426 374 2452 καὶ
388 2425 476 2453 πάντα
500 2426 652 2462 δυναμένην
667 2426 811 2462 Πρόνοιαν,

42 2467 91 2493 καθ’
103 2469 115 2495 δ
127 2470 320 2506 ἀπρόγνωστός
333 2472 417 2503 ἐστιν,
432 2471 539 2507 ἀτελὴς,
565 2472 666 2508 ἐνδεὴς,
682 2473 729 2499 καὶ
745 2472 813 2504 ὅλως

42 2513 82 2540 οὒκ
92 2515 195 2550 ἀγαθός.
216 2518 330 2554 Ἀμέλει
345 2518 393 2545 καὶ
408 2517 502 2544 τούτου
517 2518 666 2553 δειχθέντος
691 2517 746 2545 ἀπὸ
758 2517 813 2544 τῶν

42 2559 150 2596 Γραφῶν,
163 2563 200 2596 ὥς
214 2564 271 2599 ἐγὼ
285 2564 369 2599 λέγω,
380 2565 472 2600 ἕτερος
485 2564 616 2600 ἀγράφως
629 2564 813 2600 περιλείπεται

43 2601 104 2634 εἶναι
115 2607 187 2642 Θεὸς,
201 2610 419 2647 προγνωστικὸς,
433 2610 544 2642 τέλειος,
556 2611 689 2646 ἀνενδεὴς,
700 2610 811 2645 ἀγαθὸς,

863 1549 945 1577 etiam
962 1549 1042 1577 nobis
1053 1549 1088 1577 ad
1102 1556 1151 1577 vos
1175 1548 1303 1584 profectis
1320 1556 1375 1576 non
1386 1547 1650 1580 credidistis.Quare

863 1595 1047 1630 gratiﬁcantes
1071 1594 1160 1628 vobis,
1184 1594 1257 1622 ultro
1284 1602 1407 1626 oramus,
1425 1598 1456 1622 ut
1476 1601 1528 1629 pax
1555 1598 1648 1621 nostra

864 1641 956 1669 veniat
973 1648 1056 1676 super
1073 1647 1132 1668 vos.
1150 1639 1178 1668 Si
1193 1647 1259 1676 ergo
1269 1647 1329 1667 eam
1346 1640 1445 1668 habere
1460 1640 1552 1672 vultis,
1568 1647 1650 1674 opor-

864 1687 903 1716 tét
918 1695 968 1716 vos
982 1687 1066 1715 alacri
1091 1686 1185 1715 animo
1213 1687 1352 1721 suscipere
1379 1685 1488 1714 habitos
1502 1686 1535 1713 de
1551 1686 1650 1720 pietate

863 1742 1015 1767 sermones,
1039 1738 1120 1768 atque
1135 1732 1191 1760 Deo
1205 1732 1331 1767 placitam
1345 1731 1471 1767 amplecti
1487 1731 1585 1764 vitam;
1607 1736 1648 1762 ut,

862 1780 908 1816 pia
929 1780 1058 1815 justaque
1086 1780 1140 1807 vita
1153 1784 1301 1809 transacta.
1327 1785 1490 1806 internarum
1515 1778 1654 1806 bonorum

863 1825 984 1853 hmredes
998 1825 1068 1853 sitis.

897 1914 1019 1943 XXXVI.
1034 1915 1044 1932 ⁸
1061 1914 1126 1949 Qua:
1144 1923 1205 1943 cum
1221 1914 1318 1942 Petrus
1335 1914 1471 1948 dixisset,
1488 1922 1521 1942 ac
1535 1914 1569 1942 de
1582 1921 1648 1949 ope-

864 1962 941 1990 ribus
953 1961 1001 1989 Dei
1019 1962 1170 1994 docuisset,
1181 1967 1338 1997 quantaque
1348 1961 1420 1989 bona
1440 1969 1457 1989 a
1471 1960 1527 1989 Deo
1543 1961 1656 1989 homini.

864 2009 920 2037 sint
932 2008 1048 2041 donata;
1067 2012 1148 2044 atque
1163 2008 1248 2035 multa
1263 2008 1415 2036 monuisset
1427 2007 1461 2035 de
1475 2007 1645 2038 monarchia.

864 2054 889 2082 id
901 2058 943 2082 est
957 2054 1038 2082 unius
1050 2053 1097 2082 Dei
1119 2054 1292 2090 principatu,
1323 2053 1418 2081 Simon
1442 2058 1518 2081 extra
1541 2053 1646 2080 turbam

862 2108 929 2128 voce
944 2107 1042 2136 magna
1067 2100 1143 2128 inﬁt:
1167 2099 1238 2133 Quid
1266 2103 1400 2128 astantem
1416 2099 1465 2127 tibi
1493 2099 1655 2134 imperitam,

865 2146 1066 2174 multitudinem
1093 2146 1134 2174 vis
1147 2146 1304 2173 mentiendo
1322 2145 1464 2180 decipere,
1493 2145 1558 2173 dum
1583 2153 1647 2181 per-

864 2192 963 2220 suades
975 2191 1027 2225 eis,
1042 2192 1109 2220 deos
1134 2199 1184 2220 nec
1199 2191 1342 2220 nominare
1369 2191 1474 2219 licitum
1499 2198 1571 2225 esse,
1597 2199 1648 2219 nec

864 2239 976 2266 dicere?
992 2246 1055 2266 cum
1076 2237 1176 2272 publici
1191 2236 1347 2264 Judaeorum
1372 2236 1434 2264 libri
1456 2236 1559 2264 multos
1581 2236 1647 2266 deos

864 2283 1040 2312 asscverent?
1057 2283 1090 2310 Et
1101 2290 1166 2310 vero
1178 2289 1252 2309 nunc
1277 2289 1369 2309 coram
1398 2282 1537 2314 omnibus,
1555 2289 1589 2309 ex
1612 2281 1647 2311 iis

863 2329 941 2357 libris
955 2333 1046 2357 tecum
1061 2329 1199 2364 disputare
1212 2328 1273 2355 volo
1290 2327 1324 2355 de
1337 2334 1381 2359 eo.
1402 2328 1473 2362 quod
1486 2327 1552 2355 deos
1573 2328 1644 2355 exsi-

863 2379 935 2403 stere
950 2375 985 2402 sit
995 2374 1205 2402 existimandum
1222 2383 1228 2401 :
1245 2378 1272 2401 et
1285 2373 1362 2408 prius
1375 2373 1409 2401 de
1433 2381 1466 2401 eo
1490 2373 1544 2401 Deo
1564 2381 1653 2408 quem

865 2421 1001 2457 protulisti
1011 2420 1143 2453 lostendo
1154 2428 1215 2447 eum
1232 2427 1287 2447 non
1302 2427 1363 2448 esse
1375 2427 1530 2454 supremam
1545 2427 1578 2446 ac
1589 2426 1648 2445 om-

863 2468 1029 2503 nipotentem
1041 2466 1260 2499 Providentiam;
1277 2466 1341 2501 quia
1354 2465 1521 2501 improvidus
1537 2464 1645 2492 futuro-

863 2522 924 2542 rum
947 2517 997 2545 est,
1031 2512 1216 2548 imperfectus,
1243 2511 1378 2546 indigens.
1399 2518 1433 2538 ac
1456 2511 1568 2538 omnino
1590 2519 1644 2538 non

863 2560 961 2587 bonus.
985 2558 1056 2592 Quo,
1072 2558 1212 2590 nimirum,
1229 2557 1416 2584 demonstrato
1437 2564 1470 2583 ex
1485 2555 1649 2590 Scripturis,

863 2604 1092 2642 quemadmodum
1102 2611 1152 2640 ego
1164 2610 1270 2636 assero,
1284 2607 1368 2630 restat
1384 2606 1414 2629 ut
1435 2602 1471 2628 sit
1493 2601 1563 2629 alius
1577 2600 1646 2629 Deus

659 2689 776 2717 vanus
795 2671 995 2716 LECTIONES.

109 2756 130 2772 ”
150 2757 185 2784 al.
210 2758 401 2794 πολεμάρχης.
420 2757 456 2794 al.
476 2757 628 2794 ταξίαρχος.

44 2786 92 2815 Mar
110 2766 130 2772 "
150 2766 185 2784 at.
210 2766 401 2794 πολεμαρχης.
420 2766 456 2784 ai.
476 2766 628 2820 ταςιαρχος.
654 2790 661 2799 Ι
684 2766 716 2772 --ν
741 2766 754 2784 ει

45 2798 177 2854 ΩωὲΠΪΗ
207 2793 260 2825 Η;
291 2792 360 2821 Luc.
386 2801 415 2826 Χ,
432 2793 459 2821 5.
508 2792 519 2809 ³
538 2800 552 2820 a
567 2813 574 2819 .
594 2792 754 2826 ἀπιωμενοι.

683 2756 717 2772 ¹⁰⁰
741 2755 777 2784 al.
799 2757 881 2794 inser.
909 2756 1015 2794 μικρὸν.

808 2793 820 2810 ⁸
839 2790 967 2824 Clementi
996 2793 1070 2820 hom.
1101 2801 1132 2820 ιιι
1154 2812 1162 2824 ,
1177 2800 1201 2819 c.
1226 2790 1270 2824 58,
1294 2795 1345 2818 etc.
1373 2790 1390 2817 I.
1414 2797 1436 2817 s.
1459 2791 1523 2819 lter.
1543 2798 1573 2822 u,
1597 2790 1640 2817 57.

1067 2757 1075 2773 ι
1102 2754 1214 2790 Recogn.
1229 2755 1246 2781 l.
1265 2758 1324 2788 n,C-
1337 2754 1382 2782 30.
1421 2756 1431 2771 ’
1445 2753 1538 2782 Matth.
1554 2763 1581 2787 κ,
1598 2755 1640 2782 12.
