1917 3100
229 114 282 144 ιινςο

651 111 679 139 S.
699 110 892 139 CLEMENTIS
909 111 920 138 ι
937 110 1020 141 ROM.
1040 109 1140 138 ΡΟΝΤ.
1160 108 1275 137 OPERA
1294 107 1407 137 DUBIA.

1805 103 1859 132 500

229 174 260 202 in
275 172 417 210 Scriptura
426 181 481 202 non
496 178 739 207 commemoratui,
760 173 892 208 prascius
907 172 1014 200 Iuwro-
1027 200 1028 203 η

1074 171 1173 198 πάντων
1200 169 1410 205 ἀπηλλαγμένος
1433 167 1542 196 κακῶν·
1568 168 1598 195 ὃν
1626 166 1654 194 δὲ
1678 165 1712 194 σὺ
1741 165 1798 201 φῂς
1810 164 1858 199 δη-

229 228 303 255 rum,
315 220 464 256 perfectus,
481 229 536 249 non
557 220 697 256 indigem,
713 220 813 252 bonus,
833 219 868 246 ab
888 218 1017 247 omnibus

1074 217 1207 254 ιιουργὸν,
1225 218 1282 249 τοῖς
1302 215 1433 248 ιναντίοις
1446 213 1630 250 ἀντικείμενος
1643 211 1788 248 τυγχάνεις

230 267 311 295 malis
326 267 395 295 liber
408 277 415 295 :
431 267 476 295 ille
499 271 590 294 autem
602 274 684 302 quem
699 266 830 302 loqueris,
846 263 941 293 mundi
955 264 1016 300 opi-

230 313 286 345 fex.
302 314 449 341 contrariis
467 314 610 349 oppositus
623 317 675 340 est.

266 359 399 387 XXXVII.
414 359 512 387 Statim
523 367 600 395 ergo,
623 360 671 395 qui
685 359 719 387 ad
734 359 794 394 ejus
810 357 1015 386 similitudinem

230 404 320 434 factus
333 409 386 437 est.
402 407 534 438 Adamus,
550 406 632 434 etiam
659 413 748 434 caecus
773 410 891 438 creatur,
905 408 1016 440 propter

230 452 304 485 quod
318 458 345 479 et
360 456 549 487 transgressor
559 452 708 485 invenitur,
728 458 809 488 atque
824 459 840 478 a
862 451 917 478 Deo
938 450 1016 485 ejici-

231 502 285 531 tur,
302 503 444 534 morteque
461 499 618 527 muletatur.
637 498 725 526 Simili
739 505 848 532 quoque
860 496 952 530 modo,
967 496 1014 531 qui

231 541 309 570 [luxit
334 542 420 576 illum,
437 543 657 578 quandoquidem
676 547 772 571 cuncta
795 550 849 570 nou
875 541 958 573 \‘idel,
986 541 1014 568 in

230 587 413 616 Sodomorum
429 589 522 622 exitio,
544 588 645 621 Venite.
670 588 769 624 inquit.
782 593 807 616 ιι
830 588 1014 615 descendentes

230 635 375 667 rideamus,
389 644 423 662 tm
446 635 589 664 secundum
604 635 747 663 clamorem
770 636 898 670 ipsorum,
921 633 966 668 qui
980 633 1014 660 ad

230 689 271 707 me
287 681 366 712 venit,
381 682 540 716 perﬁciant;
555 681 596 709 εἰη
612 681 709 714 minus,
724 685 753 708 ut
764 681 848 707 sciam
864 680 885 712 ',
896 683 924 706 et
936 681 1014 714 igna-

230 733 291 752 rum
313 726 483 754 scostcndit.
495 726 612 760 Quando
628 731 719 754 autem
739 726 807 754 dicit
829 726 863 754 de
887 724 1013 752 Adamn:

231 772 380 807 Ejiciamua
394 781 464 806 eum,
478 781 510 800 ne
528 773 598 808 forte
620 777 729 800 extensa
742 781 823 799 manu
837 780 886 799 sua
900 771 1016 806 attingat

230 819 330 854 lignum
347 819 416 852 t-ilw,
428 825 452 846 et
467 819 596 851 comedat,
615 824 640 846 et
654 818 719 846 vivet
738 818 766 845 in
788 822 916 845 internum
929 816 957 848 ’ς
973 816 1016 843 iu-

231 864 314 892 videt.
329 863 453 900 Cumque
464 864 596 899 scriptum
611 868 655 892 est
667 873 673 891 :
687 863 781 892 Secum
792 862 922 897 reputavit
934 861 1015 894 Deus,
1030 854 1053 883 Β

229 911 300 945 quod
311 910 415 945 feciuet
428 911 560 938 hominem
576 910 616 944 ‘°;
635 915 662 938 et
681 909 842 945 paenitentia
857 907 976 940 ducitur,
989 911 1018 935 et

230 955 357 990 ignorat:
373 963 435 983 nam
457 955 536 989 illud,
554 963 643 983 tecum
668 955 810 990 reputavit,
833 953 1017 982 consideratio

229 1005 282 1035 νει,
295 1009 349 1036 qua
362 1002 462 1038 aliquis
476 1002 512 1030 ob
527 1009 622 1030 eorum
636 999 697 1037 qua;
711 1000 786 1036 cupit
802 1000 1015 1036 ignorationem.

231 1046 313 1074 tinem
328 1046 473 1082 diligenter
484 1047 629 1082 explorare
644 1047 717 1080 vult;
739 1050 787 1074 aut
799 1049 842 1087 est
860 1043 1018 1080 paenitentis

232 1093 267 1121 de
280 1101 309 1121 re
329 1102 389 1130 qua:
403 1099 501 1129 praeter
515 1094 679 1122 sententiam
701 1093 825 1128 contigit.
844 1091 923 1126 Quod
934 1091 1017 1119 etiam

232 1140 366 1174 scriptum
380 1145 442 1168 est:
457 1140 591 1168 Oderatus
608 1144 648 1168 est
666 1139 797 1167 Dominus
809 1139 916 1166 adorem
931 1137 1019 1166 suoci-

232 1186 295 1213 tatis
309 1186 348 1220 ";
364 1186 510 1221 indigentis
523 1190 564 1214 est
574 1205 582 1218 ,
597 1189 625 1215 et
650 1185 746 1213 nidore
761 1184 887 1213 carnium
901 1183 1019 1212 delecta-

232 1237 290 1261 tum
303 1233 398 1266 fuisse,
407 1241 462 1260 non
475 1233 550 1260 boni.
563 1233 680 1260 Tentare
689 1236 794 1264 autem,
806 1230 1018 1266 sicutscriptum

232 1283 276 1308 est
292 1289 299 1308 :
335 1279 456 1306 Tentavit
482 1278 612 1306 Dominus
625 1278 806 1306 Abrahamum
822 1277 858 1311 ης
885 1277 950 1304 mali
965 1280 1018 1309 est,

233 1334 265 1354 ac
279 1325 339 1360 ejus
350 1326 397 1361 qui
412 1325 519 1361 ignoret
529 1325 633 1353 exitum
647 1324 796 1359 patientim.

270 1392 414 1421 XXXVIII.
429 1391 528 1427 Sicque
539 1391 644 1424 Simon,
660 1390 754 1418 multis
768 1390 917 1425 Scriptura:
928 1389 1020 1423 dictis,

235 1440 310 1468 male
323 1439 472 1474 assumptis
486 1438 604 1474 probare
616 1437 755 1464 nitebatur
769 1436 855 1465 Deum
867 1437 978 1472 perinde
988 1444 1022 1464 ac

235 1486 363 1514 homines
373 1484 448 1513 omni
459 1483 630 1520 perpessioni
641 1483 790 1511 obnoxium
805 1490 877 1511 esse.
889 1481 960 1510 Tum
970 1482 1021 1511 Pe-

1102 358 1233 388 XXXVII.
1252 358 1356 386 Αὐτίκα
1370 357 1436 393 γοῦν
1457 357 1473 384 ὀ
1496 356 1558 383 καθ’
1570 355 1701 391 ὁμοίωσιν
1714 352 1801 381 αὐτοῦ
1812 361 1859 387 γε·

1065 406 1152 441 γονὼς
1174 405 1270 441 Ἀδὰμ,
1284 405 1332 432 καὶ
1345 403 1444 438 τυφλὸς
1461 403 1582 436 κτίζεται
1592 403 1614 434 ⁸,
1633 401 1676 436 ἐφ’
1695 397 1718 435 ᾧ
1734 399 1784 427 καὶ
1804 408 1858 426 παι

1066 452 1187 488 ρασάτης
1205 451 1373 486 εὑρίσκεται,
1398 448 1509 477 καὶτοῦ
1539 449 1549 464 ⁶
1570 447 1638 475 Θεοῦ
1651 447 1662 464 ¹
1683 445 1858 476 ἐκϐάλλεται,

1065 499 1111 526 καὶ
1126 498 1232 534 θανάτῳ
1244 498 1416 533 τιμωρεῖται.
1449 495 1564 533 Ὀμοιως
1587 503 1618 520 τε
1639 493 1687 521 καὶ
1711 492 1726 519 ό
1749 491 1860 522 πλάσας

1065 545 1156 577 αὑτὸν,
1168 545 1229 571 ἐπεὶ
1258 545 1295 580 μὴ
1309 543 1345 570 τὰ
1369 543 1459 571 πάντα
1471 543 1533 577 ὁρᾷ,
1546 541 1592 568 ἐπὶ
1609 542 1644 577 τῇ
1665 539 1793 574 Νόμων
1808 546 1860 564 κα-

1064 592 1212 626 ταστροφῇ·
1237 590 1337 621 Δεῦτε,
1351 589 1435 623 λέγει,
1460 587 1510 615 καὶ
1528 586 1712 619 καταϐάντες
1736 584 1859 618 ιδωμεν,

1064 638 1090 664 el
1115 637 1190 664 κατὰ
1217 635 1275 670 τὴν·
1308 634 1444 670 κραυγὴν
1471 633 1570 662 αὐτῶν
1600 632 1658 666 τὴν
1689 630 1861 666 ἐρχομένην

1064 681 1140 716 πρὸς
1150 681 1188 717 μὲ
1203 681 1438 712 συντελοῦνται,
1453 681 1479 707 sl
1501 679 1536 706 δὲ
1556 678 1612 714 μὴ,
1633 678 1684 705 ἵνα
1710 675 1790 711 τνῶ·
1810 676 1859 702 καὶ

1065 727 1215 762 ἀγνοοῦντα
1232 727 1328 755 ἑαυτὸν
1352 726 1482 753 δείκνυσι.
1507 725 1553 760 Τῷ
1567 724 1595 751 δὲ
1609 724 1697 751 εἰπεῖν
1722 722 1790 758 περὶ
1811 720 1860 748 τοῦ

1072 773 1156 809 Ἀδάμ
1166 781 1173 788 ’
1197 773 1386 808 Ἐκϐάλωμεν
1399 771 1502 803 αὐτὸν,
1521 770 1564 806 μή
1579 778 1642 803 πως
1655 768 1793 800 ἐκτείνας
1803 766 1862 800 τὴν

1066 819 1151 854 χεῖρα
1177 819 1272 846 αὑτοῦ
1303 819 1417 853 ἅψηται
1443 817 1496 844 τοῦ
1516 817 1614 849 ξύλου
1642 814 1698 849 τῆς
1720 812 1798 847 ζωῆς
1811 812 1862 839 καί

1066 865 1156 900 φάγῃ,
1175 865 1224 892 καὶ
1243 864 1326 898 ζήσει
1342 865 1361 880 ¹¹
1377 865 1422 897 εις
1450 863 1504 890 τὸν
1527 861 1633 894 αἰῶνα,
1649 860 1742 896 φθονεῖ
1756 860 1790 886 ¹¹.
1805 858 1862 886 Kal

1066 911 1106 947 τῷ
1133 910 1309 947 γεγράφθαι,
1349 911 1405 938 ὅτι·
1448 908 1633 944 Ὲνεθυμήθη
1669 908 1686 935 ὁ
1714 906 1790 939 Θεὸς
1816 905 1862 932 ὅτι

1067 957 1193 991 ἐποίησε
1206 957 1260 984 τὸν
1273 956 1443 991 ἄνθρωπον·
1471 955 1519 982 καὶ
1536 955 1671 991 μετανοεῖ,
1688 953 1736 980 καὶ
1749 953 1860 986 ἀγνοεῖ·

1068 1002 1099 1030 τὺ
1113 1003 1168 1039 γὰρ
1193 1002 1372 1037 ἐνεθυμήθη.
1401 1001 1498 1036 σκέψις
1522 997 1678 1037 ἐστὶ,ᾖτις
1702 999 1737 1025 δι’
1748 998 1862 1033 ἄγνοιαν

1067 1045 1105 1077 ὧν
1122 1048 1256 1084 βούλεται,
1281 1048 1312 1075 τὸ
1330 1047 1410 1079 τέλος
1436 1046 1590 1082 ἀκριὸὦσαι
1614 1045 1696 1080 θέλει,
1718 1044 1736 1081 ἥ
1755 1045 1805 1072 ἐπὶ
1823 1045 1863 1080 τῷ

1068 1094 1144 1130 παρὰ
1161 1095 1183 1111 ¹³
1202 1093 1315 1130 γνώμην
1342 1093 1475 1121 ἀποϐάντι
1505 1092 1742 1129 μεταμελουμένου
1762 1092 1794 1119 ⁸⁵.
1808 1092 1864 1118 Kal

1067 1141 1098 1168 τὸ
1108 1140 1263 1176 γεγράφθαι
1291 1139 1334 1167 ὅτι
1356 1140 1393 1156 ³⁸·
1431 1139 1602 1174 Ὠσφράνθη
1624 1139 1734 1172 Κύριος
1761 1137 1865 1172 ὀσμήν

1068 1187 1204 1220 εὐωδίας,
1227 1186 1334 1218 ἐνδεοῦς
1359 1187 1428 1218 ἐστι,
1441 1187 1489 1213 καὶ
1512 1186 1544 1212 τὸ
1566 1185 1613 1212 ἐπὶ
1632 1184 1730 1220 κνίσσῃ
1752 1183 1865 1219 σαρκῶν

1069 1233 1195 1269 ἡσθῆναι,
1224 1233 1275 1260 οὐκ
1305 1232 1420 1268 ἀγαθοῦ.
1446 1232 1485 1259 Τὸ
1513 1232 1542 1259 δὲ
1571 1231 1726 1267 πειράζειν,
1756 1230 1795 1262 ὡς
1816 1229 1863 1264 γέ-

1069 1287 1192 1314 γραπται
1219 1279 1261 1306 ὅτι
1287 1279 1324 1295 ¹⁷·
1353 1278 1502 1312 Ἐπείραζὲ
1515 1278 1624 1312 Κύριος
1649 1276 1703 1304 τὸν
1722 1275 1864 1310 Ἀϐραὰμ,

1070 1326 1166 1358 κακοῦ,
1177 1326 1225 1353 καὶ
1242 1325 1274 1353 τὸ
1287 1325 1364 1356 τέλος
1380 1325 1430 1360 τῆς
1445 1324 1584 1360 ὑπομονῆς
1596 1322 1767 1357 ἀγνοοῦντος.

1106 1381 1253 1409 XXXVIII.
1280 1381 1369 1417 Ὀμῶς
1381 1382 1395 1408 ὀ
1408 1381 1499 1417 Σίμων
1511 1379 1599 1407 πολλὰ
1618 1379 1668 1415 τῆς
1687 1378 1802 1414 Γραφῆς
1813 1386 1866 1404 κσ-

1071 1427 1126 1459 κῶς
1139 1427 1330 1463 ἑκλαμϐάνων,
1340 1426 1473 1453 δεικνύειν
1487 1425 1602 1452 ἔσπευδε
1612 1424 1694 1452 παντὶ
1716 1423 1800 1450 πάθει
1808 1425 1866 1455 τοῖς

1072 1473 1224 1510 ἀνθρώποις
1231 1474 1332 1509 ὁμοίως
1347 1473 1393 1500 τὸν
1412 1472 1480 1500 Θεὸν
1502 1470 1692 1507 ὑποκείμενον.
1711 1469 1768 1496 Kal
1783 1469 1798 1496 ὁ
1810 1468 1867 1495 Πέ-

234 1538 310 1560 trus:
325 1530 377 1563 An,
395 1514 495 1565 inquit,
508 1514 558 1565 qui
572 1529 661 1558 malus
673 1537 705 1557 ac
722 1528 801 1564 plane
811 1527 953 1563 improbus
967 1532 1019 1562 est,

1074 1527 1152 1555 προς·
1168 1520 1201 1546 El
1213 1518 1295 1556 μηδὲν
1314 1519 1336 1535 ⁸⁸
1348 1518 1453 1554 ἀγαπᾷ,
1480 1517 1574 1554 φησὶν,
1590 1518 1605 1544 6
1625 1516 1711 1547 κακὸς
1726 1515 1776 1542 καὶ
1793 1514 1868 1542 πάνυ

234 1577 392 1605 nullatenus
403 1576 466 1603 velit
480 1583 510 1603 se
525 1575 583 1610 ipse
605 1582 722 1610 arguere
735 1574 763 1602 in
790 1574 825 1602 iis
841 1581 902 1610 qum
914 1578 1018 1609 peccat,

236 1622 372 1657 responde
385 1621 463 1648 mihi.
482 1620 577 1647 Simon
596 1619 754 1655 respondit:
771 1618 884 1647 Minime
898 1618 973 1645 velit.
988 1617 1021 1645 Et

235 1667 424 1700 I‘etl'uszQuo
436 1666 518 1693 modo
530 1666 613 1701 igitur
633 1665 722 1692 malus
742 1672 774 1692 ac
796 1664 938 1699 improbus
959 1671 1022 1691 esse

236 1717 326 1749 potest
347 1712 440 1744 Deus,
468 1718 530 1738 cum
547 1710 633 1746 ipsius
658 1709 799 1736 voluntate
823 1707 969 1743 opprobria
992 1707 1021 1734 in

237 1760 312 1787 illum
328 1757 492 1791 conscripta,
505 1756 613 1791 publice
625 1754 764 1791 proposita
772 1754 847 1782 sint?
860 1753 900 1781 Ac
913 1752 1021 1781 Simon:

236 1805 308 1834 Fieri
320 1809 419 1840 potest,
436 1807 466 1830 ut
482 1803 556 1830 illius
571 1801 747 1837 reprehensio
773 1801 841 1829 citra
854 1799 942 1835 ipsius
959 1807 1022 1827 sen-

235 1851 348 1878 tentiam
370 1849 405 1877 ab
420 1849 474 1877 alia
497 1848 603 1875 Virtute
629 1847 665 1875 sit
686 1847 797 1881 scripta.
820 1845 893 1873 Dixit
906 1845 1020 1873 Petrus:

237 1896 358 1924 Primum
376 1902 440 1929 ergo
460 1895 512 1921 hoc
529 1901 694 1928 quaeramus.
712 1892 741 1919 Si
763 1899 813 1919 suo
830 1892 941 1927 quidem
958 1899 1024 1918 con-

238 1942 300 1970 silio
314 1949 343 1969 se
358 1939 542 1975 reprehendit,
560 1943 591 1966 ut
606 1943 634 1966 tu
651 1938 727 1973 prius
741 1938 812 1965 ultro
827 1937 971 1966 confessus
982 1945 1023 1969 es,

238 1988 380 2024 improbus
393 1994 447 2014 non
457 1991 516 2014 est:
532 1985 574 2013 sin
588 1992 652 2013 vero
666 1985 718 2012 alia
742 1984 848 2012 Virtute
859 2004 867 2017 ,
884 1983 1025 2018 inquiren-

237 2034 304 2062 dum
315 2030 415 2062 est'ac
437 2031 567 2059 omnibus
589 2030 694 2058 viribus
710 2029 935 2062 examinandum,
958 2036 1024 2056 num

238 2079 302 2116 quis
317 2086 380 2107 eum
393 2078 441 2113 qui
459 2078 536 2105 solus
552 2077 640 2104 bonus
661 2077 771 2109 eximat,
791 2075 920 2104 omnibus
945 2075 1025 2102 malis

239 2125 397 2160 subiecerit.

1073 1564 1220 1601 μοχθηρὸς,
1238 1565 1282 1600 ἐφ’
1295 1561 1336 1596 οἷς
1354 1564 1506 1600 ἁμαρτάνει
1520 1562 1616 1590 ἑαυτὸν
1637 1561 1760 1596 ἐλέγχειν
1772 1581 1779 1593 ,
1799 1559 1871 1587 ἀπό-

1071 1611 1162 1645 κριναί
1177 1619 1231 1646 μοι.
1245 1610 1325 1637 Καὶὸ
1339 1610 1447 1645 Σίμων’
1468 1609 1526 1637 Οὐκ
1545 1608 1652 1643 ἀγαπᾷ,
1669 1607 1722 1642 ἔφη
1733 1615 1741 1622 ·
1771 1605 1829 1632 Kal
1854 1605 1870 1632 ὁ

1072 1656 1191 1693 Πέτρος·
1206 1655 1268 1687 Πῶς
1281 1653 1327 1682 οὖν
1349 1654 1434 1686 κακὸς
1453 1654 1500 1681 καὶ
1521 1652 1656 1689 μοχθηρὸς
1670 1650 1740 1679 εἶναι
1753 1651 1871 1678 δύναται

1072 1703 1086 1729 ό
1097 1702 1172 1734 Θεδς,
1183 1701 1263 1737 εῐπερ
1277 1699 1362 1728 αὑτοῦ
1374 1699 1438 1735 Θελή
1444 1708 1509 1735 ματι
1523 1698 1557 1725 τὰ
1581 1699 1641 1725 κατ’
1655 1696 1740 1725 αὑτοῦ
1759 1696 1838 1724 δεινὰ
1847 1696 1872 1712 ¹⁶

1072 1746 1189 1783 δημοσίᾳ
1202 1745 1343 1782 γραφέντα
1355 1744 1508 1780 προετέθη,
1525 1743 1581 1770 Καὶ
1590 1744 1605 1770 ὁ
1614 1742 1717 1778 Σίμων·
1743 1741 1872 1776 Ένδὲχε-

1073 1800 1118 1818 ται
1130 1791 1168 1828 μὴ
1184 1789 1255 1818 κατὰ
1269 1789 1428 1825 προαίρεσιν
1446 1787 1529 1815 αὐτοῦ
1542 1788 1586 1822 ὑψ*
1610 1786 1706 1822 ἑτέρας
1718 1786 1873 1821 Δυνάμεως

1074 1835 1119 1862 τὸν
1131 1835 1192 1862 κατ’
1202 1833 1292 1861 αὐτῶν
1302 1833 1442 1870 γραφῆναι
1452 1832 1573 1867 ἔλεγχον.
1592 1831 1648 1858 Kal
1656 1832 1671 1857 ὁ
1680 1830 1786 1866 Πέτρος
1800 1830 1870 1865 ἔφη·

1074 1880 1186 1916 Πρῶτον
1196 1877 1242 1906 οὖν
1251 1879 1331 1906 τοῦτο
1341 1879 1512 1914 ζητήσωμεν.
1525 1878 1556 1904 Εἰ
1570 1877 1620 1913 μὲν
1641 1875 1694 1903 ὑπὸ
1706 1876 1758 1911 τῆς
1769 1875 1873 1902 ἑαυτοῦ

1075 1926 1171 1962 βουλῆς
1181 1925 1278 1952 ἑαυτοῦ
1293 1924 1416 1960 ἠλεγξεν,
1431 1924 1469 1955 ὼς
1486 1923 1592 1959 φθάσας
1604 1923 1635 1949 σὺ
1648 1922 1783 1958 πρότερον
1794 1923 1874 1957 ὠμο-

1073 1971 1203 2007 λόγησας,
1222 1969 1357 2006 μοχθηρὸς
1369 1970 1420 1996 οὐκ
1434 1969 1522 1996 ἐστιν·
1548 1969 1572 1995 εἰ
1586 1968 1615 1994 δὲ
1634 1968 1682 1994 καὶ
1704 1968 1749 2002 ὑφ’
1772 1967 1874 2004 ἑτέρας

1066 2016 1224 2052 Δυνάμεως,
1244 2014 1375 2051 ζητητέον
1388 2013 1436 2041 καὶ
1453 2014 1535 2042 παντὶ
1544 2013 1631 2040 σθένει
1643 2012 1814 2046 ἐξεταστέον,
1835 2013 1872 2048 μή

1074 2069 1116 2091 τις
1125 2059 1206 2086 αὑτὸν
1231 2059 1310 2094 μόνον
1329 2058 1430 2093 ἀγαθὸν
1449 2058 1525 2091 ὂντα,
1548 2059 1595 2086 ἐπὶ
1618 2058 1749 2089 πᾶσιτοῖς
1774 2059 1874 2090 κακοῖς

1076 2106 1195 2134 ὑπέλαῦε
1209 2106 1230 2124 ¹¹
1236 2125 1243 2132 .

275 2180 399 2209 XXXIX.
419 2180 453 2209 Et
468 2180 579 2207 Simon:
594 2178 767 2207 Manifestum
787 2184 829 2206 est
843 2182 869 2206 te
881 2178 954 2206 nolle
978 2186 1026 2206 au-

1114 2184 1235 2213 ΧΧΧΙΧ.
1252 2185 1307 2212 Kal
1325 2186 1339 2212 ὁ
1363 2185 1471 2220 Σίμων·
1493 2183 1630 2220 Πρόδηλος
1652 2181 1678 2210 εἴ
1690 2183 1802 2218 φεύγων
1818 2184 1874 2210 ἀπὸ

241 2228 300 2256 dire
312 2235 346 2255 ex
363 2226 512 2261 Scripturis
524 2225 765 2260 reprehensionem
782 2224 830 2252 Dei
844 2225 895 2252 tui.
919 2224 958 2253 Ac
975 2224 1027 2252 Pe-

241 2278 315 2301 trus:
331 2273 393 2307 Ipse
404 2271 430 2299 id
442 2271 533 2299 facere
546 2271 613 2298 mihi
628 2270 745 2303 videris;
762 2270 809 2306 qui
821 2269 893 2297 enim
902 2269 1025 2297 ordinem

241 2319 403 2355 quaestionis
431 2318 508 2350 vitat,
534 2325 649 2345 examen
672 2325 766 2344 verum
793 2316 851 2344 ﬁeri
877 2324 933 2344 non
959 2316 1025 2344 vult.

243 2364 320 2393 Unde
330 2373 381 2400 ego
395 2364 441 2400 qui
454 2364 549 2391 ordine
556 2369 634 2395 mor.
649 2367 676 2391 et
686 2363 746 2390 volo
765 2364 884 2399 primum
908 2363 1025 2398 scripto-

243 2418 300 2438 rem
324 2409 512 2443 considerari;
529 2409 673 2437 manifeste
697 2410 779 2445 cupio
793 2414 866 2437 recta
891 2410 935 2436 via
951 2409 1028 2436 ince-

243 2457 318 2484 dere.
333 2455 402 2483 Tum
417 2455 530 2483 Simon:
546 2455 639 2483 Primo
654 2455 748 2488 fatere,
762 2463 796 2483 an
811 2463 873 2483 vera
889 2456 944 2483 sint
967 2462 1029 2490 quae

245 2502 346 2537 scripta
358 2505 423 2529 sunt
435 2501 463 2528 in
475 2501 569 2528 mundi
585 2501 726 2535 opiﬁcem;
740 2509 788 2528 nec
799 2502 835 2529 sit
847 2501 971 2529 omnium
985 2509 1029 2529 su-

245 2556 366 2583 premus,
383 2555 446 2575 cum
472 2547 550 2582 juxta
566 2546 723 2582 Scripturas
739 2548 814 2575 omni
841 2549 970 2583 nequitiae
993 2548 1029 2575 sit

247 2595 403 2627 obnoxius;
420 2598 447 2621 et
461 2599 553 2629 postea
569 2594 727 2626 scriptorem
747 2603 911 2622 quaeremus.
932 2594 1029 2622 Petrus

1078 2231 1131 2260 τῶν
1139 2231 1255 2268 Γραφῶν
1267 2230 1382 2258 ἀκοῦσαι
1390 2230 1435 2257 τὸν
1454 2230 1525 2257 κατὰ
1534 2230 1580 2257 τοῦ
1594 2229 1662 2256 Θεοῦ
1679 2237 1726 2255 σου
1747 2229 1872 2264 ἔλεγχον.

1078 2277 1134 2304 Kal
1148 2278 1163 2304 ὁ
1178 2277 1295 2312 Πέτρος·
1310 2275 1396 2307 Αὐτός
1409 2284 1454 2312 μοι
1478 2275 1561 2312 φαίνῃ
1574 2274 1653 2302 τοῦτο
1666 2275 1750 2302 ποιῶν
1759 2283 1766 2289 ·
1789 2275 1804 2301 ὀ
1818 2275 1874 2310 γὰρ

1078 2323 1154 2356 τάξιν
1167 2322 1308 2358 ζητήσεως
1323 2322 1442 2357 φεύγων,
1461 2321 1582 2354 ἐξέτασιν
1599 2321 1686 2357 ἀληθῆ
1701 2321 1833 2356 γενέσθαι
1844 2321 1873 2347 οὑ

1080 2369 1213 2404 βούλεται.
1234 2368 1315 2395 Ὅθεν
1335 2367 1390 2402 ὲγὼ
1407 2368 1440 2402 τῇ
1455 2366 1530 2400 τάξει
1545 2366 1696 2403 χρώμενος,
1713 2368 1760 2394 καὶ
1778 2368 1874 2403 βουλό-

1082 2423 1161 2450 μενος
1173 2413 1280 2448 πρῶτον
1288 2414 1333 2440 τὸν
1345 2413 1505 2448 συγγραφέα
1517 2412 1654 2448 νοηθῆναι,
1670 2413 1805 2449 πρόδηλός
1815 2415 1874 2448 εἰμι

1080 2458 1128 2494 τὴν
1140 2458 1245 2485 εὐθεῖαν
1258 2457 1359 2484 ὀδεὺειν
1373 2458 1467 2485 θέλων.
1479 2458 1533 2484 Kal
1541 2458 1554 2484 ὁ
1566 2458 1656 2493 Σίμων
1664 2466 1671 2473 ·
1689 2458 1874 2493 Ὀμολόγησον

1081 2504 1198 2540 πρῶτον,
1214 2503 1240 2531 el
1249 2512 1281 2538 γε
1294 2503 1327 2531 τὰ
1347 2503 1417 2530 κατὰ
1436 2502 1483 2529 τοῦ
1504 2503 1670 2539 δημιουργοῦ
1689 2503 1874 2540 γεγραμμένα

1082 2550 1170 2586 ἀληθῆ
1179 2551 1246 2582 ἐστι,
1262 2549 1309 2576 καὶ
1317 2549 1366 2576 οὐκ
1377 2549 1449 2575 ἐστιν
1461 2549 1476 2575 ὁ
1489 2549 1542 2576 τῶν
1556 2549 1624 2575 ὅλων
1640 2548 1787 2584 ἁνώτερος,
1802 2550 1874 2577 κατὰ

1081 2596 1130 2628 τὰς
1151 2596 1262 2632 Γραφὰς
1276 2595 1351 2632 πάσῃ
1361 2594 1538 2631 ὑποκείμενος
1555 2594 1702 2631 μοχθηρία,
1728 2595 1778 2622 καὶ
1792 2595 1873 2623 ὓπε-

886 2653 1003 2682 νΑῐιιίΕ
1021 2654 1223 2683 LECTIONES.

284 2711 348 2749 [ιιι.
386 2711 540 2749 διωεμκαι
555 2713 655 2747 γνῶσιν
676 2713 776 2746 ἁγαθοῦ
793 2716 873 2749 τυχδν
895 2712 912 2747 ἣ
932 2711 1018 2749 κακοῦ
1047 2712 1083 2748 μὴ
1099 2712 1350 2749 ἔχωνγγνωρίζεται.

249 2746 604 2784 εξίὶιῆηοληηηαάὶδοᾛξειι.
643 2749 654 2765 ⁷
672 2748 708 2784 al.
728 2746 902 2784 παραδείσου.

251 2780 330 2818 ζὲσῃ.
372 2782 392 2797 ¹¹
409 2782 444 2808 al.
465 2783 511 2809 ml
528 2782 628 2816 φθονεῖ.

252 2803 296 2842 εί.
336 2818 357 2834 ιν
378 2817 412 2842 al.
431 2817 495 2842 Καί.
535 2817 556 2833 ιε
573 2816 628 2842 Gen

252 2815 357 2842 21.“¹¹
378 2817 412 2843 al.
431 2817 495 2844 Καί.
534 2815 556 2833 η
573 2816 641 2844 Gen.
660 2825 726 2850 xxu,
743 2818 766 2844 I.

955 2747 966 2763 ⁸
986 2747 1053 2774 Gen.
1067 2755 1143 2779 xvru,
1162 2748 1206 2775 2|.
1239 2747 1256 2764 "
1272 2747 1340 2775 Gen.
1359 2755 1401 2779 In.
1418 2747 1465 2775 22.
1509 2748 1531 2764 ‘°
1547 2747 1615 2776 Gen.
1641 2756 1681 2781 vr.
1709 2747 1739 2776 6.

668 2783 690 2798 ¹³
710 2783 745 2809 al.
769 2782 805 2818 μὴ
820 2782 902 2818 κατά.
922 2783 957 2809 al.
978 2782 1057 2808 κατά.
1097 2782 1120 2798 ⁸⁵
1139 2783 1174 2810 al.
1198 2783 1331 2818 μεταμελο

1408 2715 1419 2732 α
1437 2711 1519 2740 Forte
1534 2711 1582 2739 τοῦ
1605 2712 1678 2740 θείου
1694 2713 1870 2749 παραδείσω,

1418 2747 1465 2775 22.
1509 2748 1531 2764 ¹⁰
1547 2747 1615 2775 Gen.
1641 2756 1681 2775 vr.
1709 2749 1739 2775 6.
1790 2748 1813 2764 “
1837 2748 1870 2775 al.

1369 2790 1425 2809 νου.
1465 2782 1487 2798 "
1501 2783 1535 2810 aL
1555 2783 1630 2810 Kai.‘
1679 2783 1704 2800 ¹⁶
1722 2783 1794 2812 Gen.
1807 2790 1868 2815 vui.

807 2817 829 2833 ι·
845 2817 880 2844 al.
903 2817 949 2852 μή.
990 2817 1011 2833 ιο
1029 2817 1063 2843 al.
1085 2817 1164 2846 κακά.
1199 2817 1224 2835 ⁷²¹
1252 2817 1368 2845 ὑπέϐαλε
1402 2819 1529 2850 C(ement.
