1917 3100
239 115 291 144 505

661 114 689 142 S.
709 113 905 142 CLEMENTIS
923 113 934 142 I
953 113 1147 142 ROM.PON'I‘.
1166 113 1283 142 OPEIIA
1302 113 1416 143 DUBIA.

1806 111 1858 141 5οι

238 172 383 201 calumniis
394 174 521 203 odiosum
541 175 640 204 effecit.
663 174 732 209 Quae
752 180 896 211 postquam
923 175 1044 206 audivit.

1080 175 1184 209 πολλαῖς
1195 177 1330 210 διαϐολαῖς
1344 176 1457 213 μισητὸν
1474 174 1596 211 ἐποίησε.
1610 173 1704 201 Ταῦτα
1715 171 1834 202 ἀκούσας
1842 170 1858 197 ὀ

239 218 351 251 Petrus,
366 219 519 254 insequenti
536 225 626 254 nocte,
642 222 718 248 omni
730 221 830 256 populo
842 227 1021 257 congregato:

239 264 260 279 "
276 264 514 300 Quandoquidem,
532 267 631 302 inquit,
652 274 715 295 cum
728 275 778 303 ego
794 275 968 302 properarem
988 267 1022 294 ad

238 315 343 344 gentes,
359 319 420 345 quae
433 313 534 340 multos
549 313 617 340 deos
642 317 780 345 asserunt,
799 318 829 340 ut
848 313 1022 348 praedicarem

239 364 271 383 ac
290 356 417 384 ducerem
439 365 525 385 unum
536 365 598 386 esse
612 357 698 386 Deum
715 358 741 385 in
769 359 856 386 tribus
879 359 1002 393 personis
1014 379 1022 391 ,

238 407 392 440 creatore”
404 404 466 431 caeli
480 408 507 431 et
516 408 604 438 terra,
614 405 792 439 omniumque
804 412 864 440 quae
875 404 901 431 in
917 404 950 432 iis
957 412 1024 432 con-

239 447 441 484 tinentudg‘quo
458 449 592 482 homines,
608 449 707 478 dilecto
717 457 761 483 eo,
775 453 887 484 possent
908 449 1023 476 salutem

239 495 369 530 consequi
381 504 388 528 ;
400 496 569 530 praeveniens
583 496 719 528 diabolus,
731 496 869 524 Simonem
881 495 1022 530 praemisit,

239 545 271 569 ut
281 542 460 577 persuaderet
478 542 637 570 hominibus
652 542 770 573 cunctis,
794 541 884 569 colere
896 542 962 569 deos
977 541 1023 575 qui

240 595 295 615 non
310 593 386 620 sunt,
400 592 484 622 utque
500 592 658 615 recusarent
671 588 781 615 credere
795 587 822 614 in
835 595 919 615 unum
939 586 1024 614 Deum

240 634 287 668 qui
304 634 430 661 universa
442 634 575 668 condidit,
589 638 645 661 tum
660 634 789 665 visibilia,
799 639 855 660 tum
867 633 1023 665 invisibilia;

241 679 345 708 idcirco
356 684 465 714 oportet
481 687 524 707 me
545 680 601 708 cito
628 679 737 714 assequi
752 687 826 713 eum,
850 687 884 706 ne
901 678 1025 706 doctrina

241 724 375 758 Simonis,
388 725 655 760 diutiusimmorata,
665 733 761 753 omnes
771 725 881 760 penitus
891 724 1011 752 invadat.

275 781 367 809 XLIII.
387 781 477 815 Quare
501 789 612 810 necesse
626 785 666 809 est
691 781 791 816 aliquis
805 789 853 816 pro
876 788 918 807 me
934 780 1025 807 locum

240 835 332 854 meum
343 827 476 862 suppleat.
490 827 579 862 Atque
590 827 682 854 cuncti
694 826 778 854 Deum
790 827 891 853 intente
902 832 1024 858 oremus,

1073 223 1185 259 Πέτρος,
1193 225 1227 260 τῇ
1237 223 1351 260 ἐπιούσῃ
1359 223 1436 250 νυκτὶ
1444 222 1532 249 πάντα
1540 221 1586 248 τὸν
1597 219 1659 247 λαὸν
1667 216 1856 253 συναθροίσας·

1078 269 1196 305 Ἐπειδὴ,
1219 269 1310 304 φησὶν,
1331 267 1469 304 ὁρμῶντός
1488 274 1537 302 μου
1550 266 1590 297 εις
1607 264 1643 291 τὰ
1660 263 1725 298 ἔθνη
1741 262 1777 289 τὰ
1795 261 1859 288 πολ-

1072 315 1135 348 λοὺς
1149 315 1227 346 θεοὺς
1243 314 1367 348 λέγοντα,
1379 313 1495 349 κηρύξαι
1506 312 1553 339 καὶ
1568 310 1672 344 διδάξαι
1688 310 1730 337 δτι
1748 306 1789 340 εἷς
1801 307 1859 334 ἐστι

1072 361 1139 393 Θεὸς
1152 361 1182 388 ὲν
1190 361 1279 397 τρισὶν
1291 360 1481 392 ύποστάσεσιν,
1508 358 1538 390 ὃς
1555 357 1667 394 οὐρανὸν
1682 356 1773 382 ἔκτισε
1783 375 1792 387 ,
1811 354 1861 381 καὶ

1072 407 1121 444 τὴν
1132 407 1195 443 γῆν,
1207 407 1255 434 καὶ
1269 406 1304 433 τὰ
1325 407 1353 432 ὲν
1368 405 1459 437 αὐτοῖς
1471 405 1569 436 πάντα,
1583 404 1655 435 ὃτπικ
1669 402 1861 437 ἀγαπήσαντες

1073 454 1154 481 αὐτὸν
1170 454 1195 480 οι
1216 453 1352 488 ἄνθρωποι
1370 451 1487 487 σωθῆναι
1511 449 1659 485 δυνηθῶσι·
1679 446 1828 484 προλαϐὼν
1846 446 1861 472 ό

1073 499 1204 531 διάὸολος,
1226 499 1337 534 Σίμωνα
1354 497 1577 534 προαπέστειλεν,
1600 496 1643 523 ῐνα
1663 495 1745 530 πείσῃ
1771 493 1861 519 πάντα

1073 547 1215 582 ἄνθρωπον
1229 545 1370 581 λατρεύειν
1381 546 1437 576 τοῖς
1453 544 1490 580 μὴ
1511 541 1570 570 οὖσι
1587 542 1674 574 θεοῖς,
1701 540 1751 567 καὶ
1776 538 1862 574 ἀρνή-

1075 601 1173 619 σωνται
1185 592 1321 619 πιστεύειν
1338 592 1377 623 εἰς
1392 591 1439 618 ἕνα
1451 590 1517 617 Θεδν
1533 589 1579 616 τὸν
1595 589 1746 624 ποιήσαντα
1759 586 1860 615 πάντα,

1073 638 1108 665 τά
1123 647 1152 665 τε
1164 638 1249 674 ὁρατὰ
1260 638 1306 664 καὶ
1317 637 1350 663 τὰ
1359 636 1476 672 ἀόρατα·
1489 636 1542 671 χρή
1555 643 1589 670 με
1601 633 1706 668 ταχέως
1717 631 1800 658 αὑτὸν
1811 638 1863 656 κα-

1074 684 1210 716 ταλαϐεῖν,
1231 684 1275 711 ἵνα
1287 684 1324 719 μὴ
1338 684 1354 719 ἡ
1366 682 1521 710 διδασκαλία
1538 680 1585 708 τοῦ
1600 680 1720 715 Σίμωνος
1735 676 1862 712 ἐγχρονί-

1076 739 1155 761 σασα,
1170 729 1309 761 παντελῶς
1322 729 1430 756 πάντων
1449 727 1631 763 ἐπικρατήσῃ.

1111 776 1204 804 XLIII.
1222 777 1267 802 Δεῖ
1281 773 1327 802 οὖν
1341 775 1398 802 ἀντ’
1414 773 1481 809 ἐμοῦ
1491 773 1553 800 τινὰ
1576 772 1623 798 τὸν
1647 770 1713 806 ὲμὺν
1740 767 1865 802 ἀναπλη-

1078 823 1163 858 ρῶσαι
1171 822 1264 850 τόπον.
1273 821 1329 849 Καὶ
1341 821 1441 852 πάντες
1451 819 1498 847 τοῦ
1509 818 1576 846 Θεοῦ
1587 816 1702 848 ἐκτενῶς
1709 815 1865 851 ὃεηθῶμεν,

241 878 271 901 ut
288 881 349 901 eum
450 860 550 908 dignus
570 873 617 905 sit,
640 872 713 901 Deus
734 872 867 907 designet.
883 872 906 887 ³⁸
919 860 1044 905 Quibus1

1080 869 1150 901 ὅπως
1165 869 1211 896 τὸν
1221 868 1285 895 ὄντα
1298 868 1373 901 ἄξιον
1387 867 1401 893 ὁ
1410 866 1476 898 Θεὸς
1491 864 1625 900 ἀναδείξῃ.
1641 863 1695 890 Καὶ
1716 861 1808 908 ταῦτα
1825 861 1865 886 εί-

239 919 321 947 dictis
332 941 340 953 ,
354 919 485 954 imposuit
495 926 592 947 manus
605 918 746 952 Zacchzeo,
762 922 789 945 et
806 918 845 945 ait
858 927 865 945 :
884 917 954 945 Here
969 916 1024 944 Do-

241 964 326 997 mine,
351 963 431 992 Pater
455 963 565 992 Domini
589 963 693 999 Deique
707 971 740 992 ac
759 963 909 991 Salvatoris
937 962 1025 990 nostri

238 1009 304 1038 Iesu
323 1009 438 1044 Christi;
455 1018 503 1045 per
523 1009 657 1045 Spiritum
686 1013 764 1037 tuum
778 1014 901 1038 sanctum
915 1016 947 1036 ac
959 1008 1026 1036 ado-

239 1055 364 1089 rabilem,
383 1062 410 1084 tu
424 1056 499 1084 hunc
513 1061 599 1089 tuere,
615 1057 662 1092 qui
675 1061 771 1092 pastor
797 1056 834 1083 sit
858 1055 951 1092 populi
972 1054 1024 1088 tui,

238 1110 320 1138 quem
341 1103 458 1138 elegisti.
479 1103 542 1131 Haec
558 1104 604 1131 ubi
615 1103 740 1136 dixisset,
753 1103 786 1130 ad
798 1103 928 1138 populum
943 1102 1003 1129 iniit
1016 1110 1024 1129 :

240 1150 403 1186 Quicunque
416 1151 547 1186 baptizari
562 1151 656 1184 vultis,
668 1158 701 1178 ex
712 1149 832 1178 crastino
846 1149 890 1177 die
901 1149 1026 1184 jejunare

241 1196 361 1232 incipite.
376 1196 442 1224 Post
453 1201 509 1225 tres
520 1201 611 1224 autem
620 1196 689 1229 dies,
698 1204 760 1223 cum
777 1195 913 1230 baptizare
926 1195 1026 1230 coepis-

240 1248 299 1276 set,
318 1242 424 1270 vocavit
439 1250 482 1271 me
496 1242 674 1276 Clementem,
691 1241 823 1273 Nicetam,
839 1246 866 1268 et
875 1241 1001 1276 Aquilam
1015 1260 1024 1274 ,

240 1296 272 1316 ac
285 1288 371 1316 dixit:

275 1333 370 1360 XLIV.
383 1333 485 1369 ’I‘yrum
500 1332 674 1368 profecturus
684 1335 746 1368 post
758 1336 859 1366 septem
872 1332 931 1360 dies
942 1353 949 1365 ,
964 1331 1027 1359 volo

242 1379 282 1406 uti
298 1387 348 1406 vos
371 1379 495 1407 celeriter
518 1386 552 1406 eo
578 1379 763 1412 advenientes,
779 1383 807 1406 et
832 1377 904 1412 apud
917 1377 1027 1404 Chana-

243 1433 329 1453 naeam
343 1425 517 1459 Berenicen,‘
527 1425 613 1453 .Iustae
625 1425 708 1453 tiliam
720 1426 789 1453 clam
807 1424 947 1460 liospitati,
968 1431 1028 1451 om-

242 1470 289 1498 nia
305 1477 366 1506 quae
376 1470 409 1498 ad
422 1469 561 1498 Simonem
577 1470 715 1505 pertinent
728 1470 905 1506 investigetis,
920 1476 953 1497 ac
966 1469 1028 1497 dili-

243 1522 337 1554 genter
348 1516 413 1544 mihi
429 1516 616 1552 perscribatis.
631 1517 804 1552 Quapropter
828 1516 941 1552 jamjam
965 1522 1026 1543 cum

243 1570 310 1598 pace
327 1562 441 1598 pergite.
457 1562 540 1597 Igitur
555 1562 740 1598 relinquentes
754 1571 815 1590 eum
834 1562 1028 1597 baptizantem,

244 1609 272 1637 in
288 1608 390 1644 Tyrum
403 1607 550 1637 Phoenicim
558 1608 671 1644 profecti
682 1616 793 1636 sumus:
807 1609 830 1625 ³⁸
838 1613 864 1636 et
877 1608 947 1643 apud
961 1615 1029 1643 prae-

243 1654 345 1681 dictam
369 1653 552 1681 Chananaeam
579 1654 710 1681 diversati
725 1675 732 1687 ,
757 1654 914 1689 acceptique
937 1653 971 1681 ab
997 1661 1029 1681 ea

245 1699 386 1734 splendide
400 1706 433 1726 ac
457 1699 618 1732 honoriﬁce,
633 1700 724 1726 statim
749 1699 783 1727 de
807 1699 919 1727 Simone
946 1699 1029 1727 loculi

245 1751 351 1777 sumus,
362 1744 405 1772 his
423 1744 526 1772 verbis:
546 1744 640 1772 Simon
666 1745 716 1772 istc
734 1744 839 1780 Magus,
858 1745 885 1772 in
906 1745 1030 1780 disputa-

245 1790 334 1822 tione,
358 1798 440 1826 quam
459 1798 520 1818 cum
535 1790 648 1818 domino
677 1794 772 1817 nostro
800 1789 880 1817 Petro
899 1789 1031 1818 Caesareae

245 1834 350 1868 habuit,
362 1841 517 1870 superatus.
530 1836 622 1864 statim
641 1843 674 1863 eo
687 1835 783 1863 habitu
803 1843 858 1867 quo
883 1840 952 1870 erat,
976 1835 1030 1863 huc

245 1887 274 1908 se
288 1880 420 1915 profugus
438 1880 569 1912 contulit;
584 1885 666 1916 atque
680 1880 707 1908 in
721 1888 783 1908 eum
810 1880 952 1908 maledicta
965 1887 1032 1907 con-

243 1925 342 1961 ]icieus
365 1926 563 1961 simpliciorum
581 1926 687 1953 animas
703 1926 818 1960 abripit:
841 1933 958 1961 cumque
972 1925 1031 1961 ipse

245 1980 342 2007 magus
356 1973 401 2006 sit,
414 1973 491 2000 illum
507 1980 618 2008 magum
633 1972 767 2007 appellat;
779 1977 805 2000 et
820 1979 882 1999 cum
895 1973 930 2000 sit
943 1973 1031 2007 impo-

245 2022 314 2049 ator,
326 2018 479 2052 apostolum
491 2018 667 2053 impostorem
692 2017 860 2052 proclamat;
884 2017 987 2052 quique
1002 2017 1030 2044 in

246 2064 375 2091 orantibus
386 2064 510 2091 devictus
538 2063 610 2095 fuit,
639 2070 724 2098 seque
749 2062 776 2090 in
800 2062 892 2098 fugam
915 2062 1031 2098 turpiter

246 2110 374 2144 eonjecit,
389 2110 491 2140 vicisse
500 2117 528 2137 se
542 2109 694 2144 proﬁtetur.

281 2155 364 2183 XLV.
380 2155 509 2183 Berenice
523 2160 613 2182 autem
625 2176 633 2187 ,
649 2155 708 2190 ipsa
732 2161 841 2190 quoque
857 2154 895 2182 ita
910 2162 966 2182 rem
981 2154 1031 2182 ha-

1075 914 1145 947 πὼν,
1161 914 1276 950 ἐπέθηκε
1287 915 1379 949 χεῖρας
1390 912 1429 948 τῷ
1439 911 1574 946 Ζακχαίῳ,
1588 909 1635 937 καί
1645 917 1725 945 φησι·
1739 906 1866 934 Δέσποτα

1075 961 1161 997 Κύριε
1171 961 1184 987 ὁ
1195 959 1289 996 Πατὴρ
1296 959 1343 986 τοῦ
1355 957 1458 994 Κυρίου
1469 957 1517 984 καὶ
1525 955 1592 984 Θεοῦ
1599 955 1645 982 καὶ
1652 954 1778 990 Σωτῆρος
1786 952 1866 988 ἡμῶν

1081 1006 1168 1043 Ἰησοῦ
1184 1005 1314 1042 Χριστοῦ,
1323 1004 1367 1032 διὰ
1377 1004 1424 1031 τοῦ
1437 1002 1595 1038 Πνεύματός
1606 1010 1652 1028 σου
1665 999 1712 1027 τοῦ
1726 999 1807 1034 ἁγίου
1818 1006 1867 1024 κα.

1075 1051 1274 1088 προσκυνητοῦ,
1290 1052 1322 1078 σὺ
1344 1048 1505 1084 διαφύλαξον
1522 1048 1627 1080 τοῦτον,
1649 1045 1806 1081 ποιμαίνειν
1819 1043 1867 1070 τὸν

1075 1099 1138 1126 λαόν
1158 1106 1206 1125 σου
1218 1118 1226 1130 ,
1255 1097 1285 1124 ὃν
1302 1096 1425 1129 ἐξελέξω.
1440 1096 1496 1122 Καὶ
1520 1094 1609 1122 ταῦτα
1623 1091 1718 1124 είπὼν,
1729 1091 1800 1127 πρὸς
1818 1090 1866 1117 τὸν

1075 1145 1139 1172 λαὸν
1150 1144 1201 1180 ἔφη
1211 1153 1218 1159 ·
1238 1143 1315 1170 Ὅσοι
1332 1141 1509 1177 βαπτισθῆναι
1523 1140 1624 1172 θέλετε,
1636 1138 1690 1165 ἀπὸ
1706 1137 1756 1173 τῆς
1770 1137 1867 1173 αὔριον

1075 1189 1216 1227 νηστεύειν
1233 1187 1361 1224 ἄρξασθε.
1378 1186 1454 1214 Μετὰ
1466 1186 1495 1212 δὲ
1508 1186 1582 1221 τρεῖς
1599 1183 1706 1219 ἡμέρας
1722 1181 1867 1217 βαπτίζειν

1077 1235 1237 1272 ἀρξάμενος,
1252 1234 1303 1270 ἐμὲ
1317 1233 1464 1269 Κλήμεντα
1481 1231 1608 1267 φωνήσας
1617 1230 1664 1257 καὶ¹
1675 1229 1800 1264 Νικήτην
1818 1227 1868 1254 καὶ

1083 1281 1207 1312 Ἀκύλαν,
1224 1279 1287 1315 ἔφη’

1110 1326 1203 1355 XLIV.
1221 1324 1351 1354 Μέλλοντί
1374 1333 1419 1360 μοι
1439 1323 1508 1359 πρὸς
1525 1323 1575 1358 τὴν
1589 1322 1676 1358 Τύρον
1699 1320 1792 1356 ὁρμᾷν
1806 1319 1867 1356 μεθ’

1077 1375 1183 1412 ἡμέρας
1195 1372 1275 1404 ἑπτὰ,
1292 1371 1419 1408 βούλομαι
1440 1370 1470 1397 τὸ
1484 1370 1564 1405 τάχος
1580 1369 1654 1405 ὑμᾶς
1674 1369 1732 1395 ἐκεῖ
1750 1365 1868 1402 γενομέ-

1077 1429 1150 1453 νους,
1164 1420 1212 1447 καὶ
1222 1418 1300 1455 παρὰ
1322 1419 1355 1453 τῇ
1366 1416 1540 1444 Χαναανίτιδι
1552 1416 1573 1432 ³⁷
1588 1414 1706 1451 Βερνίκῃ
1716 1434 1724 1446 ,
1746 1412 1869 1446 Tutia-:11;

1079 1465 1194 1501 Θυγατρὶ
1203 1463 1388 1494 λανθανόντως
1398 1460 1619 1494 ἑπιξενωθέντας,
1635 1459 1668 1486 τὰ
1679 1458 1749 1486 κατὰ
1761 1458 1809 1484 τὸν
1824 1457 1870 1483 Σί-

1041 1536 1062 1564 C
1081 1521 1157 1548 μωνα
1169 1511 1259 1539 πάντα
1268 1507 1535 1564 διερευνησαμένορς,
1551 1506 1673 1564 ἁκριόιῖῖς
1811 1511 1868 1564 μορ.

1079 1557 1124 1584 Διὸ
1143 1557 1258 1592 ἐξαυτῆς
1277 1554 1427 1591 πορεύεσθε
1442 1553 1499 1589 μετ’
1514 1554 1635 1589 εἰρήνης.
1646 1553 1701 1579 Καὶ
1722 1550 1754 1587 δὴ
1770 1550 1871 1586 βαπτί-

1079 1605 1159 1637 ζοντα
1183 1602 1378 1633 καταλιπόντες
1393 1601 1484 1633 αὑτὸν,
1500 1601 1540 1632 είς
1561 1599 1648 1635 Τύρον
1672 1598 1723 1633 τῆς
1739 1597 1871 1632 Φοινίκης

1079 1649 1280 1686 ἐπορευόμεθα·
1300 1648 1348 1675 καὶ
1373 1647 1450 1683 παρὰ
1468 1648 1501 1683 τῇ
1523 1644 1711 1682 προειρημένῃ
1731 1643 1871 1670 Χαναανί-

1078 1697 1130 1724 τιδι
1158 1696 1181 1712 ⁸⁵
1198 1695 1388 1730 καταχθέντες,
1412 1694 1458 1721 καὶ
1477 1691 1604 1728 δαψιλοῦς
1618 1692 1642 1707 ’θ
1655 1690 1721 1726 παρ’
1740 1690 1811 1725 αὐτῇ
1827 1689 1871 1721 ξε-

1080 1747 1140 1778 νίας
1156 1745 1178 1762 “
1193 1745 1240 1772 καὶ
1253 1743 1394 1779 φιλοτίμου
1405 1742 1543 1777 τυχόντες,
1557 1738 1676 1776 περὶτοῦ
1686 1738 1810 1774 Σίμωνος
1822 1736 1872 1762 αι’»

1079 1793 1143 1820 τίκα
1170 1790 1360 1826 διελεγόμεθα”
1375 1789 1466 1824 Σίμων
1479 1784 1555 1819 οὗτος
1575 1786 1589 1812 ὸ
1602 1785 1714 1819 Μάγος,
1733 1783 1870 1813 είπύντες,

1080 1839 1127 1866 ἐπὶ
1136 1839 1185 1874 τῆς
1201 1838 1231 1864 ὲν
1243 1835 1398 1872 Καισαρείᾳ
1416 1834 1484 1870 πρὸς
1494 1833 1539 1860 τὸν
1559 1831 1652 1867 κύριον
1670 1829 1749 1866 ἡμῶν
1766 1829 1873 1864 Πέτρον

1080 1884 1221 1920 ζητήσεως
1237 1883 1374 1918 ἡττηθεὶς,
1399 1880 1488 1915 φυγὰς
1503 1878 1620 1906 ἐνταῦθα
1634 1878 1672 1909 ὡς
1696 1874 1770 1911 εἶχεν
1791 1875 1873 1907 εὐθὺς

1079 1930 1194 1966 ἀπέδρα,
1211 1930 1257 1956 καὶ
1269 1927 1470 1964 λοιδορούμενος
1481 1926 1563 1961 αὐτῷ,
1582 1924 1749 1960 συναρπάζει
1757 1922 1809 1954 τὰς
1817 1921 1873 1949 τῶν

1080 1976 1271 2011 ἁπλουστέρων
1282 1975 1382 2010 ψυχάς
1391 1974 1438 2001 καὶ
1448 1973 1534 2009 μάγος
1545 1972 1583 1999 ὣν
1594 1970 1685 2002 αὐτὸς,
1699 1970 1787 2005 μάγον
1801 1969 1873 1995 ἐκεῖ-

1080 2031 1124 2050 νον
1138 2021 1269 2049 ἀποκαλεῖ
1275 2031 1281 2037 ·
1295 2021 1341 2047 καὶ
1352 2020 1452 2051 πλάνος
1459 2018 1497 2046 ὢν
1506 2015 1583 2050 οὗτος
1593 2017 1638 2044 τὸν
1647 2014 1799 2043 ἀπόστολον
1807 2013 1874 2040 πλά-

1080 2077 1124 2096 νον
1133 2066 1317 2103 ἀποκηρύττει
1324 2066 1358 2082 ⁸¹’
1369 2066 1416 2093 καὶ
1423 2065 1467 2092 διὰ
1473 2064 1579 2091 πάντων
1585 2063 1665 2094 αὐτὸς
1676 2061 1816 2098 ἡττηθεὶς,
1827 2059 1873 2086 καὶ

1081 2115 1152 2149 φυγῇ
1167 2111 1285 2148 αίσχρῶς
1296 2111 1391 2138 ἑαυτὸν
1406 2109 1565 2146 ἐπιτρέψας,
1581 2109 1678 2144 φάσκει
1688 2105 1872 2142 νενικηκέναι.

1115 2158 1196 2186 XLV.
1222 2159 1254 2185 Ἡ
1263 2158 1379 2194 Βερνίκη
1403 2157 1452 2193 μὲν
1471 2154 1528 2187 οὖν,
1541 2155 1612 2182 οὓτω
1632 2154 1680 2180 καὶ
1694 2152 1763 2188 αὑτὴ
1787 2150 1873 2178 ταῦτα

247 2201 312 2229 bere
337 2205 435 2228 testata
464 2205 520 2233 est;
535 2205 562 2228 et
588 2201 691 2236 reliqua
709 2201 763 2229 alia
789 2208 837 2236 per
865 2208 895 2228 se
916 2200 1030 2228 addidit.

1083 2205 1154 2241 ἔχειν
1177 2204 1237 2232 εἷπε
1251 2205 1298 2232 καὶ
1318 2204 1400 2230 τᾶλλα
1420 2203 1448 2230 δὲ
1472 2202 1536 2238 παρ’
1549 2201 1648 2236 ἑαυτῆς
1670 2199 1704 2226 τὰ
1726 2197 1874 2232 λειπόμενα

249 2246 443 2274 Pbanlasmata
458 2246 542 2279 enim,
563 2246 662 2281 inquit,
683 2251 828 2281 postquam
853 2246 877 2274 is
898 2245 953 2274 huc
982 2247 1032 2274 ad-

248 2293 333 2326 venit,
344 2296 371 2320 et
383 2297 488 2328 spectra
500 2300 533 2320 ac
544 2293 690 2320 simulacra
702 2292 823 2328 quotidie
835 2293 861 2320 in
872 2293 961 2320 medio
974 2292 1033 2320 foro

249 2338 364 2371 faciens,
377 2342 462 2365 totam
477 2337 659 2373 obstupefacit
676 2338 832 2366 civitatem:
852 2337 876 2354 “
890 2346 953 2366 nam
977 2343 1033 2366 sta-

250 2389 304 2412 tuze
326 2384 435 2420 quidem
464 2389 610 2411 moventur
620 2384 731 2419 quando
755 2384 812 2419 ipse
827 2384 989 2418 pertransit;
1006 2388 1034 2411 et

249 2439 316 2459 vero
331 2439 402 2467 saepe
421 2431 525 2458 umbrae
538 2432 561 2458 ei
579 2436 711 2466 praeeunt,
724 2439 793 2466 quas
806 2437 833 2458 et
843 2431 1033 2459 defunctorum

250 2478 357 2506 animas
373 2477 505 2505 nominat.
523 2477 623 2504 Multos
638 2484 720 2512 porro
737 2477 784 2512 qui
801 2484 862 2504 eum
885 2477 1036 2512 praestigia-

251 2531 336 2553 torem
350 2525 492 2558 dicebant,
505 2533 567 2553 cum
580 2529 673 2559 postea
686 2524 719 2551 ad
731 2524 885 2551 convivium
901 2528 1035 2556 vocasset,

249 2575 277 2598 et
291 2571 386 2599 bovem
411 2575 573 2604 mactasset,
600 2571 722 2606 ipsisque
749 2570 777 2597 in
789 2577 881 2597 escam
895 2569 1012 2597 dedisset
1027 2578 1035 2603 ;

251 2617 335 2644 variis
352 2617 455 2645 morbis
467 2617 618 2651 implicuit;
641 2621 722 2651 atque
739 2616 877 2643 daemones
890 2615 931 2642 eis
946 2615 1037 2643 immi-

251 2663 302 2690 sit:
320 2663 347 2690 in
360 2670 478 2696 summa,
496 2663 595 2690 multos
613 2662 767 2698 alligando,
786 2661 854 2689 deus
868 2669 929 2689 esse
942 2661 1037 2689 existi-

1085 2251 1250 2287 προσετίθει.
1270 2249 1450 2285 Φαντάσματα
1463 2248 1527 2284 γὰρ,
1544 2247 1607 2282 ἔφη,
1630 2245 1698 2281 μετὰ
1710 2243 1742 2270 τὸ
1752 2243 1816 2278 τῇδε
1827 2242 1875 2269 αὐ-

1084 2297 1130 2324 τὸν
1143 2296 1294 2332 ἐπιστῆναι,
1313 2295 1361 2321 καὶ
1377 2293 1524 2329 ἰνδάλματα
1539 2292 1600 2318 καθ’
1618 2290 1738 2326 ἑκάστην
1752 2289 1784 2316 ὲν
1804 2288 1875 2324 μέσῃ

1085 2345 1118 2379 τῇ
1136 2343 1223 2379 ἀγορᾷ
1235 2341 1329 2374 ποιῶν,
1343 2341 1433 2367 πᾶσαν
1446 2339 1590 2374 ἐκπλήττει
1606 2337 1656 2373 τὴν
1672 2336 1750 2363 πόλιν
1759 2344 1766 2350 ·
1779 2335 1818 2366 ὡς
1829 2335 1875 2361 ἀν-

1085 2389 1210 2424 δριάντας
1226 2388 1274 2424 μὲν
1287 2386 1368 2413 αὑτοῦ
1384 2384 1556 2422 διερχομένου
1578 2382 1720 2414 κινεῖσθαι,
1733 2380 1782 2407 καὶ
1796 2379 1876 2410 σκιὰς

1087 2435 1216 2467 πολλάκις
1229 2435 1252 2450 ⁵⁵
1269 2432 1351 2460 αὑτοῦ
1385 2430 1575 2468 προηγεῖσθαι,
1607 2429 1641 2460 ἃς
1673 2428 1721 2454 καὶ
1747 2426 1803 2453 τῶν
1829 2434 1876 2452 τε-

1086 2481 1223 2518 θνηκότων
1247 2480 1336 2516 ψυχὰς
1358 2479 1438 2509 αὐτὸς
1458 2477 1594 2512 ὀνομάζει.
1611 2474 1728 2505 Πολλοὺς
1749 2473 1780 2499 δὲ
1795 2471 1874 2518 adeo;

1088 2528 1133 2554 καὶ
1149 2527 1234 2562 γόητα
1247 2527 1385 2560 λέγοντας,
1397 2524 1510 2559 ὕστερον
1523 2523 1562 2554 είς
1575 2521 1692 2556 εὐωχίαν
1699 2518 1779 2554 δῆθεν
1794 2517 1875 2544 καλέ-

1088 2580 1147 2604 σας,
1160 2571 1223 2607 βοῦν
1238 2580 1268 2598 τε
1288 2571 1380 2602 θύσας,
1395 2570 1442 2596 καὶ
1455 2569 1552 2599 αὐτοὺς
1575 2566 1713 2597 ἑστιάσας,
1737 2563 1875 2598 διαφόροις

1087 2618 1231 2654 περιέϐαλε
1242 2617 1339 2648 νόσοις.
1352 2616 1407 2643 Καὶ
1421 2615 1549 2650 δαίμονας
1561 2614 1589 2641 δὲ
1602 2613 1693 2644 αὐτοῖς
1707 2611 1789 2647 ὲνῆκε
1798 2619 1805 2625 ·
1830 2609 1875 2635 κά

1087 2664 1155 2696 δλως
1171 2664 1286 2695 πολλοὺς
1299 2662 1436 2695 κακώσας,
1456 2661 1516 2692 θεὸς
1532 2658 1602 2688 εἶναι
1615 2658 1780 2694 νενόμισται.
1797 2656 1874 2684 Ὅθεν

884 2720 1000 2748 VARUE
1020 2721 1222 2750 LECTIO‘IES.

288 2769 310 2784 "‘
330 2768 390 2796 Ret.
418 2769 434 2796 I.
465 2778 506 2802 Ill,
536 2778 559 2797 c.
573 2770 621 2802 65,
641 2774 694 2797 etc.

253 2811 277 2830 σε.
297 2805 385 2834 Lelc.
424 2806 445 2821 "
465 2806 500 2832 al.
521 2805 685 2832 Χανανίτιδι.
723 2805 746 2823 ιθ
767 2804 802 2831 al.
822 2804 954 2839 δαψιλῶς.

259 2839 364 2871 irenus,
382 2839 559 2874 Niccpbol‘us.
583 2843 607 2858 “
626 2841 660 2867 ul.
679 2839 788 2871 πολλάς.

745 2769 767 2786 ³ο
787 2766 910 2796 Clement.
924 2769 998 2796 bom.
1014 2769 1141 2801 ut,c.72,
1158 2776 1209 2798 etc.
1247 2771 1269 2787 "
1289 2770 1325 2797 al.
1346 2769 1507 2796 Χανανίτιδι.

1002 2804 1024 2819 δι

1080 2813 1131 2836 eest
1145 2805 1170 2834 in
1187 2806 1222 2833 al.
1267 2806 1289 2822 δ’
1304 2806 1339 2833 al.
1359 2805 1553 2840 ἁνακηρύττει.
1597 2804 1620 2824 ⁸³
1639 2801 1812 2833 Anastasius,
1829 2800 1873 2827 Cc-

1560 2768 1582 2784 "
1606 2764 1733 2794 Clement.
1751 2766 1823 2792 hom.
1840 2772 1872 2795 Iv,
