1917 3100
417 128 647 161 ειΕΜΕΝΤιΝΑ.
666 142 701 148 -
717 123 871 155 EPITOME
888 123 934 151 DE
952 121 1075 152 GESTIS
1088 121 1117 149 8.
1137 120 1251 148 PETRI.

50 200 88 228 olm
96 200 176 235 οίομαι
197 195 357 234 δυνήσεσθαί
375 204 448 228 τινα,
461 193 588 221 τοσοῦτον
607 190 664 227 πῦρ
692 187 812 223 ἀναφθὲν

871 189 954 214 natus
971 189 1024 213 est.
1044 183 1180 218 Quocirca
1196 190 1252 210 non
1265 185 1333 217 puto
1355 185 1521 216 quemquam
1546 175 1649 204 valitu-

997 231 1003 235 .
1118 233 1122 235 Α
1165 233 1170 235 .
1233 228 1240 234 ο
1312 234 1316 235 ν
1335 232 1475 235 ,,,_--_..._
1500 222 1589 235 nun-.a
1617 228 1647 235 μ

50 244 203 274 κατασϐέσαι.
225 243 272 270 Διὸ
292 242 341 270 τοῦ
362 242 400 278 μὴ
419 239 585 268 κινδυνεύειν
608 237 681 273 ὑμᾶς
695 236 717 252 ⁸³
731 235 812 271 χάριν

50 291 186 329 παρακαλῶ,
202 289 285 326 μηδὲν
306 288 484 324 ὲγχειρήσητε
496 285 564 322 πρὸς
586 284 678 316 αὐτὸν,
701 282 766 318 πρὶν
779 281 813 308 ἂν

50 341 60 367 ὁ
79 328 212 369 ἀπόστολος
236 336 340 372 Πέτρος
363 334 506 370 ἀφίκηται,
524 333 555 365 ὃς
569 331 617 359 τοῦ
638 328 742 366 Κυρίου
766 330 814 356 καὶ

49 384 101 412 Θεοῦ
110 384 181 420 ἡμῶν
199 381 287 418 Ἰησοῦ
297 380 415 418 Χριστοῦ
426 378 609 414 δοκιμώτατος
621 375 752 413 ὑπάρχων
762 383 814 411 μα-

49 430 125 466 θητὴς,
147 429 287 464 δυνήσεται
307 427 387 464 μόνος
410 425 478 462 πρὸς
498 424 632 459 τοσαύτην
655 420 814 449 δυναστείαν

49 474 270 510 ἀνταγωνίσασθαι.

74 520 153 548 XLVI.
165 519 256 547 ταῦτα
269 519 321 555 τῆς
332 518 466 554 Βερνίκης
482 516 623 551 εἰπούσης,
634 514 716 551 ἡμεῖς
729 512 814 540 ἔωθεν

49 568 120 594 πάντα
128 565 159 593 τὰ
169 565 238 593 κατά
250 565 297 592 τὸν
311 563 420 600 Σίμωνα
434 562 599 599 γράψαντες,
610 561 650 592 είς
664 559 816 595 περίπατον

49 612 207 648 ἐτραπόμεθα.
216 611 273 638 Καὶ
279 610 311 647 δὴ
317 610 365 637 καὶ
371 609 493 637 ’Δππίων
499 608 607 644 ὑπαντᾷ
613 608 679 643 ἡμῖν
687 606 747 643 μεθ’
756 605 816 632 ἑτέ-

49 657 240 695 ρωντριάκοντα,
250 656 373 683 Ἀππίων
388 651 538 687 ἐκεῖνος,οὖ
550 652 668 689 πρόσθεν
681 651 817 687 ἐμνήσθη-

50 712 96 739 μεν.
111 703 160 730 Καὶ
166 701 268 738 ἀματῷ
276 702 339 729 ίδεῖν
349 710 393 737 με,
402 698 623 737 προσαγορεύσας
631 706 662 725 τε
675 698 722 724 καὶ
734 705 817 724 κατα-

49 747 206 783 σπασάμενος·
220 744 307 779 οὗτός
317 746 376 773 ἐστι
387 747 510 783 Κλήμης,
525 744 576 780 ἔφη
586 744 642 776 τοῖς
655 743 713 779 μετ’
722 741 815 774 αὐτοῦ,

49 793 144 828 περὶτοῦ
158 799 171 813 ι
185 793 269 820 πολὺν
285 792 315 819 ἐν
328 792 452 827 εὐγενείᾳ
464 799 494 818 τε
504 790 552 818 καὶ
563 787 817 826 τρόπωνιλευθερίᾳ

48 838 102 874 πρὸς
111 839 176 874 ὑμᾶς
188 838 340 875 ἐποιούμην
353 837 432 872 λόγον
440 846 447 853 ε
458 837 500 864 δτι
508 835 578 872 ἀνὴρ
591 835 705 870 γένοςτε
713 834 752 861 ὢν
762 833 817 860 ἀπὸ

48 884 164 920 Καίσαρος
184 884 324 920 Τιϐερίου,
343 884 390 911 καὶ
407 883 498 910 πᾶσαν
513 880 672 918 Ἑλληνικὴν
691 879 817 907 παιδείαν

47 929 218 966 ἐξησκημένος,
238 929 294 957 ὗπδ
309 928 447 966 βαρϐάρου
467 927 540 960 τινὸς
560 927 610 963 τὴν
629 925 816 962 προσηγορίαν

47 975 142 1011 Πέτρου,
154 975 187 1002 τὰ
200 975 374 1011 Χριστιανῶν
387 975 473 1001 ποιεῖν
491 973 540 1000 καὶ
558 973 647 1007 λέγειν
666 971 815 1008 ἠπάτηται.

48 1021 111 1049 Ὅθεν
123 1022 197 1055 ἀξιῶ,
210 1021 432 1057 συναγωνίσασθέ
446 1030 490 1057 μοι
500 1019 568 1056 πρὸς
578 1019 628 1056 τὴν
637 1019 731 1046 τούτου
745 1017 818 1054 διόρ-

48 1067 181 1103 θωσιν.Ἐφ’
195 1068 274 1104 ὑμῶν
294 1067 347 1103 γὰρ
359 1066 441 1094 αὐτοῦ
457 1065 638 1101 πυνθάνομαι,
653 1065 700 1091 καὶ
713 1064 817 1098 λεγέτω

48 1119 98 1147 μοι·
113 1112 200 1148 ἐπειδὴ
223 1111 296 1148 πρὸς
316 1111 489 1138 τδ”εὐσεϐεῖν
509 1110 605 1137 ἑαυτὸν
620 1107 817 1136 ἀποδεδωκέναι

47 1156 141 1192 νομίζει,
157 1157 215 1190 πῶς
228 1157 292 1193 οὐχὶ
309 1157 357 1184 καὶ
374 1156 408 1184 τά
423 1156 538 1192 μέγιστα
552 1155 654 1187 ἀσεϐεῖ,
666 1154 701 1182 τὰ
714 1153 817 1190 πάτρια

48 1203 86 1238 μὲν
101 1203 261 1237 καταλιπὼν,
277 1203 426 1235 ἀποκλίνας
446 1202 474 1230 δὲ
492 1203 532 1235 είς
552 1201 601 1238 ἔθη
623 1200 748 1238 βάρϐαρα
770 1199 818 1227 καὶ

47 1249 167 1277 ἀλλόκοτα.

74 1334 165 1363 XLVII.
171 1333 258 1370 Κάγὼ
265 1334 336 1371 πρὸς
343 1333 433 1361 αὐτόν·
441 1332 497 1369 Τὴν
505 1332 554 1369 μὲν
561 1331 686 1368 πρὺςὲμέ
694 1340 752 1363 σου,
765 1341 818 1368 φη-

47 1382 79 1417 μὶ,
93 1383 187 1418 ἀγαθὴν
200 1381 364 1418 προαίρεσιν
379 1380 544 1415 ἀποδέχομαι
553 1387 560 1395 ο
570 1378 620 1414 τὴν
637 1378 666 1406 δὲ
679 1378 818 1414 ἀγνωσίαν

46 1429 198 1465 ἁποσείομαι.
207 1429 240 1456 Ἦ
249 1429 300 1465 μὲν
311 1427 366 1464 γὰρ
373 1427 530 1462 προαίρεσις
536 1425 635 1461 ἀγαθὴ,
642 1425 737 1462 ὅτιπερ
743 1426 770 1452 ὲν
776 1422 819 1458 οἷς

46 1474 118 1507 δοκεῖς
129 1475 228 1507 καλοῖς,
242 1475 273 1501 ὲν
290 1473 394 1505 τούτοις
406 1470 475 1499 εἷναί
489 1480 524 1508 με
536 1471 639 1503 θέλειςο
648 1471 666 1507 ἠ
676 1470 704 1498 δὲ
717 1470 818 1506 γνῶσις

46 1521 86 1547 οὐκ
106 1520 188 1557 ὀρθῶς
213 1520 327 1556 ἔχουσα,
344 1518 480 1554 προφάσει
495 1517 550 1553 γὰρ
569 1516 659 1552 φιλίας
677 1516 818 1548 λανθάνεις

47 1566 101 1601 πρὸς
122 1567 225 1602 ἀπάτην
247 1567 323 1602 ἡμᾶς
342 1563 547 1599 ἐκκαλούμενος.
570 1563 626 1590 Καὶ
649 1563 664 1589 6
686 1562 818 1589 Ἀππίων·

47 1612 135 1640 Οὐκοῦν
148 1613 270 1648 ἀγνωσία
290 1620 331 1638 σοι
345 1611 417 1638 δοκεῖ
432 1610 467 1636 τὰ
477 1610 590 1646 πάτρια,
606 1609 701 1645 Egi-qu,
719 1608 820 1644 φυλάτ-

46 1666 121 1690 τοντα,
142 1659 176 1685 τὰ
194 1657 331 1693 Ἑλλήνων
351 1657 477 1692 φρονεῖν;
500 1654 603 1689 Κάγώ·
626 1655 678 1681 Τδν
699 1654 820 1681 εὐσεϐεῖν

47 1704 226 1740 προῃρημένον,
242 1702 446 1738 ἀπεκρινάμην,
462 1701 492 1728 οὐ
507 1701 615 1733 πάντως
628 1700 773 1736 φυλάσσειν
786 1699 822 1728 τὰ

47 1749 132 1785 πάτρια
146 1750 200 1777 δεῖ·
221 1748 292 1777 άλλά
306 1747 452 1783 φυλάσσειν
468 1747 527 1783 μὲν,
535 1746 582 1773 ὲάν
629 1745 737 1782 εὐσεϐῆ,
751 1746 821 1772 ἀπο-

47 1795 149 1823 σείεσθαι
166 1796 203 1829 δὲ,
223 1796 263 1832 μὴ
283 1794 370 1827 οὕτως
391 1794 494 1829 ἔχοντα.
511 1793 661 1828 Ἐνδέχεται
687 1792 742 1828 γάρ
761 1801 822 1819 τινα

47 1842 133 1877 πατρὸς
143 1841 286 1874 ἀσεϐοῦςδτ
303 1841 377 1872 ὅντα,
392 1840 440 1867 καὶ
459 1839 619 1875 βουλόμενον
636 1838 767 1870 εὐσεϐεῖν,
784 1838 822 1874 μὴ

46 1887 73 1914 τὰ
84 1887 126 1914 τοῦ
135 1888 236 1924 πατρὸς
244 1887 349 1914 ὲθέλειν
361 1886 511 1922 μιμεῖσθαι,
522 1885 569 1912 καὶ
580 1886 640 1912 κατ’
649 1884 721 1920 ῐχνος
732 1884 823 1916 αὐτοῖς

46 1932 151 1960 ἕπεσθαι.
162 1933 216 1959 Καὶ
229 1933 244 1959 ὁ
258 1931 382 1958 Ἀππίων
392 1940 398 1946 ·
408 1930 441 1957 Τί
454 1928 515 1963 οὖνς
527 1930 572 1957 τὸν
587 1929 633 1957 σὺν
647 1930 754 1966 πατέρα
769 1930 823 1965 φῂς

47 1977 87 2004 οὐχ
97 1977 192 2012 ἀγαθοῦ
204 1977 349 2012 γεγονέναι
364 1975 439 2011 βίου;
459 1975 545 2009 Κάγὼ
562 1975 640 2011 ἔφην,
654 1976 696 2002 ὅτι
706 1984 713 1990 ·
729 1974 823 2002 Κακοῦ

48 2023 87 2056 μὲν
98 2023 172 2050 αὑτὸν
186 2025 236 2051 οὐκ
250 2023 286 2050 ἃν
303 2022 419 2057 εἴποιμι,
433 2021 504 2057 πλὴν
521 2022 562 2048 ὁτι
578 2023 634 2053 τοῖς
648 2021 759 2056 ψευδέσι
777 2021 824 2048 καὶ

47 2069 126 2100 κακοῖς
142 2068 193 2095 τῶν
211 2068 346 2103 Ἐλλήνων
359 2068 484 2094 ἐπίστευε
496 2067 600 2103 μύθοις.
618 2068 673 2094 Καὶ
690 2068 728 2099 ὃς·
745 2067 824 2100 Τίνες

47 2113 66 2138 οἱ
81 2113 150 2147 μῦθοι
164 2111 254 2147 οὗτος
269 2114 360 2150 φησίν.
375 2112 445 2148 Ἐγὼ
460 2113 488 2140 δὲ
502 2112 653 2140 ὑπολαϐών
667 2114 769 2149 Ἦπερὶ
778 2113 825 2141 τὸν

48 2156 109 2190 Θεὸν,
125 2157 207 2192 εἶπον,
226 2159 278 2186 οὐκ
296 2159 364 2195 ὀρθὴ
378 2159 497 2195 δόκησις,
511 2159 545 2195 ἠν
564 2158 612 2186 ἐὰν
634 2159 824 2195 μακροθυμῇς,

49 2204 105 2236 μετὰ
115 2205 165 2232 τῶν
178 2205 268 2232 ἄλλων
283 2205 388 2242 ἀκούσῃ
398 2204 554 2241 φιλομαθᾶη
560 2205 593 2232 ⁵⁸.

69 2297 171 2327 XLVIII.
179 2300 224 2327 Διὸ
229 2299 345 2335 πρὺτῶν
354 2298 494 2334 διαλόγων,
502 2299 541 2331 είς
550 2299 611 2326 τινὰ
617 2298 728 2326 πλείονα
735 2307 819 2335 παρε-

48 2341 144 2377 χόμενον
150 2344 264 2380 ἡσυχίαν
272 2344 494 2380 ὐποχωρήσωμεν
503 2345 595 2372 τόπον.
606 2345 662 2371 Καὶ
671 2344 702 2380 δὴ
709 2345 818 2381 προῖόν-

48 2395 84 2419 τες
98 2389 157 2416 ἔνθα
172 2390 301 2425 ναμάτων
314 2388 348 2426 ἦν
363 2389 475 2425 ψυχρῶν
497 2389 604 2426 καθαρὰ
621 2390 754 2426 ῥεύματα,
772 2391 819 2417 καὶ

49 2430 147 2468 δένδρων
162 2434 296 2462 παντοίων
317 2434 436 2470 χλοερῶν
460 2434 554 2471 τέρψις
569 2435 602 2467 ⁸³,
624 2434 818 2471 ἐκαθεζόμεθα.

55 2478 118 2505 Ἐπεὶ
132 2480 158 2506 δὲ
175 2481 276 2513 πάντες
290 2479 360 2517 ἦσαν
375 2480 493 2517 ὁρῶντες
504 2481 606 2513 ἀτενῶς
621 2482 661 2514 είς
678 2481 737 2517 ἐμὲ,
746 2480 817 2508 οὓτω

50 2523 88 2549 τοῦ
101 2524 162 2560 πρὸς
176 2526 274 2558 αὐτοὺς
290 2525 410 2562 ἄρχομαι
426 2526 516 2560 λόγου.

78 2569 253 2608 XLIXJIODJ]
267 2581 318 2604 τις,
332 2569 355 2599 ὦ
364 2571 470 2608 ἄνδρες,
483 2571 599 2609 διαφορὰ
610 2572 738 2608 τυγχάνει
752 2571 819 2608 ἀλη-

52 2613 114 2647 θείας
125 2625 154 2643 τε
166 2618 211 2644 καὶ
223 2617 375 2653 συνηθείας.
391 2618 423 2644 Οί
430 2618 480 2653 μὲν
488 2619 542 2654 γὰρ
548 2617 601 2645 τῶν
616 2618 749 2654 Ἑλλήνων
755 2618 820 2645 πολ-

52 2660 103 2693 λούς
119 2663 191 2696 θεοὺς
210 2665 313 2696 κακοὺς
332 2665 379 2691 καὶ
394 2665 558 2696 πολυπαθεϊς
574 2666 718 2702 ἡγήσαντο,
735 2666 778 2692 ἵνα
793 2666 819 2692 oi

55 2706 79 2732 ιὰ
89 2707 159 2742 ὅμοια
167 2710 293 2745 πράττειν
301 2709 432 2742 Θέλοντες,
439 2709 557 2742 ἐκείνους
572 2711 654 2746 ἔχωσι
670 2710 717 2738 τοῦ
733 2710 819 2738 κακοῦ

84 2757 96 2772 ⁸
107 2752 171 2790 Lege
185 2755 246 2791 περὶ
254 2755 296 2782 οὗ.
311 2754 392 2783 Enrr.
404 2754 528 2785 ΡΑτιιοι.

863 239 925 260 rum
937 231 1108 266 exstinguere
1115 233 1221 257 tantum
1233 228 1321 263 ignem
1332 232 1488 254 accensum.
1500 222 1600 256 Quare,
1615 228 1648 249 es

862 278 951 315 gratia
964 281 996 305 ut
1015 283 1066 304 vos
1079 276 1107 303 in
1126 273 1279 310 periculum
1292 280 1346 299 non
1361 270 1488 301 veniatis,
1508 269 1602 296 hortor
1612 274 1650 294 ne

862 323 1013 359 quidquam
1034 321 1167 349 adversus
1182 326 1246 347 eum
1265 317 1391 350 tentetis,
1409 320 1557 349 antequam
1580 319 1648 359 apo-

863 358 952 398 stolus
966 367 1063 396 Petrus
1073 366 1188 399 venerit,
1196 364 1254 401 qui,
1267 363 1374 392 Domini
1383 369 1416 390 ac
1428 360 1476 389 Dei
1488 359 1574 387 nostri
1585 358 1650 386 Iesu

864 414 966 443 Christi
982 412 1192 449 probatissimos
1205 409 1368 444 discipulus,
1382 407 1483 444 poterit
1494 405 1571 433 solus
1582 412 1651 432 con-

864 466 906 490 tra
918 465 1022 489 tantam
1038 458 1188 494 potentiam
1201 456 1343 484 dimicare.

899 505 992 534 XLVI.
1013 505 1062 533 ﬂis
1085 511 1100 532 a
1124 502 1255 532 Berenice
1270 501 1361 534 dictis,
1382 506 1434 527 nos
1450 504 1531 526 mane
1553 500 1652 524 cuncta

865 552 901 582 de
925 551 1039 580 Simone
1059 557 1122 578 cum
1144 547 1363 583 scripsissemus,
1382 544 1417 572 ad
1437 542 1652 571 ambulationem

866 597 1051 627 convertimus
1065 594 1192 632 gradum.
1207 593 1241 621 Et
1255 591 1388 620 continuo
1396 589 1502 625 Appion
1514 595 1576 615 cum
1591 586 1654 614 aliis

865 643 977 679 triginta
990 640 1114 670 occurrit
1126 633 1218 672 nobis,
1233 636 1341 672 Appion
1359 635 1394 669 is,
1407 634 1488 670 cujus
1502 637 1565 661 ante
1576 639 1654 659 men-

867 678 969 717 tionem
984 687 1111 715 fecimus.
1122 685 1164 713 Ac
1173 683 1257 713 simul
1275 687 1356 717 atque
1368 688 1412 709 me
1428 680 1506 713 vidit,
1529 678 1654 706 salutans

867 743 900 764 ac
921 734 1073 767 osculatus,
1092 731 1142 760 Hic
1159 734 1212 764 est,
1226 729 1266 757 ait
1287 727 1343 756 illis
1366 726 1414 762 qui
1437 732 1502 754 cum
1517 727 1653 755 eoerant,

866 781 1005 813 Clemens,
1019 779 1053 807 de
1073 784 1128 813 quo
1143 775 1262 804 multum
1277 774 1311 802 ad
1323 780 1372 800 vos
1387 777 1543 800 sermonem
1557 767 1653 813 habui,

868 828 902 856 de
918 811 1002 854 illius?
1015 811 1157 852 nobilitate
1177 828 1211 849 ac
1233 819 1358 848 moribus
1381 815 1558 848 liberalibus;
1579 811 1654 848 quod

831 864 855 895 Β
867 873 921 906 vir,
935 879 969 899 ex
977 877 1076 907 genere
1085 867 1188 896 Tiberii
1198 865 1325 897 Caesaris,
1333 868 1360 892 et
1368 863 1396 891 in
1410 861 1486 890 omni
1501 860 1595 888 Graeca
1609 859 1653 887 di-

867 905 990 952 sciplina
1003 913 1178 945 exercitatus,
1201 918 1218 938 a
1243 909 1360 938 barbaro
1378 907 1497 943 quodam
1511 905 1557 941 qui
1571 911 1655 932 voca-

869 950 918 990 turi
928 961 1036 993 Petrus,
1049 958 1147 986 fraude
1157 955 1315 991 compulsus
1331 958 1404 982 esset
1427 953 1461 980 ad
1485 950 1654 987 peragendos

868 1015 902 1035 ac
916 1005 1104 1042 praedicandos
1119 1002 1342 1031 Christianorum
1366 1000 1445 1027 ritus.
1464 997 1554 1032 Quare
1576 1003 1655 1031 rogo,

868 1053 995 1089 adiuvate
1009 1058 1054 1079 me
1075 1050 1103 1078 in
1125 1050 1172 1078 illo
1195 1046 1369 1082 corrigendo.
1383 1045 1451 1072 Nam
1470 1051 1564 1072 coram
1578 1042 1656 1070 vobis

867 1087 930 1125 eum
948 1097 1103 1131 interrogo;
1116 1102 1150 1122 ac
1164 1092 1328 1128 respondeat
1341 1089 1420 1123 mihi,
1433 1087 1655 1124 quanquuidein

868 1142 1018 1170 arbitratur
1033 1139 1109 1176 quod
1122 1146 1153 1168 se
1173 1143 1203 1166 ut
1225 1138 1352 1173 pietatem
1372 1135 1485 1168 coleret,
1499 1133 1655 1166 dediderit,

869 1195 925 1223 quo
938 1187 1020 1215 modo
1041 1193 1097 1214 non
1116 1189 1145 1214 et
1165 1184 1285 1213 maxime
1306 1182 1408 1218 impius
1428 1181 1475 1214 sit,
1488 1180 1535 1215 qui
1552 1179 1657 1215 patrios

867 1233 1055 1270 dereliquerit,
1076 1230 1254 1260 declinaverit
1275 1235 1340 1256 vero
1361 1228 1395 1255 ad
1417 1226 1550 1255 barbaros
1573 1230 1657 1260 atque

868 1279 975 1308 alienos
988 1282 1016 1306 et
1030 1281 1203 1305 monstrosos
1217 1283 1319 1303 mores.

904 1323 1010 1352 XLVII.
1028 1323 1062 1352 Et
1075 1331 1126 1358 ego
1140 1323 1174 1350 ad
1189 1322 1265 1350 illum
1283 1319 1392 1348 :Tuam
1414 1318 1526 1354 quidem
1548 1317 1575 1345 in
1600 1324 1656 1349 me,

868 1371 993 1407 inquam,
1009 1369 1168 1406 przeclaram
1184 1368 1364 1400 voluntatem,
1388 1368 1529 1400 acceptam
1548 1363 1656 1396 habeo;

869 1422 898 1446 at
913 1416 1113 1453 ignorationem
1127 1414 1254 1442 amolior.
1272 1412 1383 1441 Scilicet
1400 1410 1531 1446 praeclara
1545 1409 1657 1445 quidem

868 1464 996 1492 voluntas
1019 1467 1072 1496 est,
1087 1461 1152 1489 dum
1174 1460 1203 1488 in
1217 1459 1263 1493 iis,
1275 1466 1336 1494 quae
1356 1458 1405 1486 tibi
1427 1457 1498 1485 bona
1519 1456 1657 1489 videntur,

870 1517 915 1537 me
926 1507 1028 1536 versari
1043 1506 1141 1542 cupis:
1157 1513 1252 1534 verum
1267 1503 1387 1540 cognitio
1403 1511 1458 1531 non
1480 1506 1552 1530 recte
1564 1502 1657 1536 habet;

832 1549 854 1580 C
871 1554 980 1590 ignoras
995 1553 1067 1581 enim
1086 1551 1157 1588 quod
1170 1554 1301 1587 praetextu
1319 1549 1458 1582 amicitiai,
1473 1555 1524 1576 nos
1537 1548 1565 1576 in
1581 1547 1657 1576 frau-

869 1601 930 1629 dem
943 1607 1033 1628 voces.
1046 1598 1079 1626 Et
1090 1598 1197 1633 Appion
1213 1607 1220 1624 :
1234 1595 1305 1624 Num
1319 1603 1385 1631 ergo
1400 1594 1535 1631 ignoratio
1548 1593 1598 1622 tibi
1613 1593 1656 1622 vi-

868 1647 958 1679 detur,
975 1645 1074 1680 inquit,
1090 1644 1193 1680 patrios
1215 1643 1285 1671 ritus
1304 1641 1452 1674 servando,
1468 1649 1533 1669 cum
1553 1639 1655 1669 Graecis

870 1691 1036 1722 sentire?Ad
1051 1699 1112 1726 quae
1126 1697 1177 1726 ego
1192 1688 1322 1724 respondi
1339 1687 1408 1721 :Qui
1420 1687 1502 1715 vitam
1516 1687 1561 1722 pie
1576 1693 1658 1722 agere

870 1739 975 1772 statuit,
990 1745 1044 1766 non
1059 1736 1226 1765 omnimodis
1241 1735 1321 1763 debet
1341 1734 1428 1769 patria
1451 1732 1577 1761 instituta
1598 1741 1658 1761 ser-

869 1792 952 1818 vare;
969 1784 1016 1812 sed
1031 1790 1142 1811 servare
1151 1780 1306 1817 quidem,si
1321 1780 1364 1816 pia
1380 1779 1574 1814 sint,abjieere
1581 1786 1658 1813 vero,

871 1831 896 1860 si
917 1831 956 1858 ita
979 1838 1010 1858 se
1034 1837 1089 1857 non
1106 1828 1235 1856 habeant.
1251 1825 1311 1855 Usu
1331 1826 1404 1854 enim
1426 1824 1519 1853 Venire
1535 1824 1613 1858 solet,
1628 1829 1659 1852 ut

871 1876 971 1912 aliquis
984 1879 1060 1911 patre
1074 1873 1159 1909 impio
1177 1875 1272 1906 natus,
1285 1875 1313 1900 et
1327 1871 1421 1899 volens
1435 1871 1526 1898 vivere
1536 1870 1590 1906 pie,
1605 1877 1659 1897 no-

871 1924 904 1951 lit
915 1922 1001 1958 patris
1016 1927 1107 1948 mores
1126 1918 1239 1952 imitari,
1253 1925 1356 1953 eosque
1371 1917 1405 1945 ad
1419 1916 1564 1952 vestigium
1588 1923 1658 1943 con-

872 1966 983 1996 sectari.
1001 1965 1042 1993 Ad
1055 1965 1114 1993 hac
1128 1963 1236 2000 Appion
1250 1975 1257 1992 ;
1270 1962 1342 1997 Quid
1363 1962 1446 1998 ergo?
1460 1966 1565 1997 patrem
1580 1966 1657 1990 tuum

873 2013 914 2041 ais
928 2020 982 2040 non
996 2011 1069 2039 bona
1083 2010 1139 2038 vita
1153 2010 1250 2038 fuisse.
1272 2008 1409 2045 Respondi
1424 2015 1474 2043 ego
1487 2017 1495 2035 :
1508 2007 1578 2035 Mala
1593 2008 1658 2042 qui-

873 2059 934 2087 dem
949 2065 1012 2086 eum
1026 2057 1081 2085 vita
1100 2056 1187 2084 fuisse
1201 2063 1257 2083 non
1273 2055 1408 2087 dixerim;
1426 2053 1480 2081 nisi
1493 2052 1658 2089 quodsl‘alsis

873 2112 906 2133 ae
921 2103 1013 2140 pravis
1029 2103 1185 2130 Gmcorum
1206 2101 1307 2130 fabulis
1321 2100 1418 2128 habuit
1434 2099 1524 2128 iidem.
1541 2099 1573 2127 Et
1590 2099 1656 2127 ille:

874 2149 1014 2184 Quanam,
1031 2147 1130 2184 inquit,
1142 2151 1207 2175 sunt
1219 2147 1280 2175 ista:
1297 2146 1415 2174 fabulae?
1432 2145 1489 2181 Ego
1503 2152 1569 2173 vero
1583 2145 1658 2173 exci-

833 2221 856 2250 D
875 2197 963 2233 piens,
985 2195 1042 2223 dixi
1060 2204 1067 2222 :
1084 2193 1144 2222 Non
1169 2197 1243 2222 recta
1258 2193 1292 2221 de
1313 2193 1367 2221 Deo
1391 2192 1494 2228 opinio,
1517 2199 1611 2227 quam,
1633 2191 1656 2219 si

938 2248 945 2250 .
965 2249 973 2250 κ
1068 2239 1121 2250 su-
1149 2247 1204 2250 ,Μ
1223 2239 1280 2250 ,ιξε-
1296 2238 1414 2250 ,μη-,ι
1433 2237 1536 2250 -,,-;,.ι,
1550 2237 1643 2250 -..κη

871 2248 950 2277 aequo
962 2241 1054 2268 animo
1068 2239 1133 2273 fers,
1144 2247 1207 2268 cum
1221 2239 1283 2267 aliis
1293 2238 1416 2267 discendi
1431 2237 1537 2274 cupidis
1549 2237 1655 2265 audies.

906 2285 1024 2315 XLVIII.
1043 2285 1134 2320 Quare
1156 2289 1221 2314 ante
1243 2284 1475 2317 dissertationem,
1496 2283 1656 2312 secednmus

867 2333 898 2361 in
919 2333 1038 2368 aliquem
1058 2332 1159 2365 locum,
1176 2332 1223 2367 qui
1241 2332 1372 2365 majorem
1388 2330 1506 2365 quietem
1524 2329 1653 2365 prebeat.

871 2378 949 2406 Eteo
968 2377 1116 2413 progressi,
1133 2375 1179 2404 ubi
1202 2383 1270 2411 pura
1291 2379 1370 2403 erant
1383 2374 1531 2410 gelidorum
1544 2372 1654 2400 laticum

869 2423 981 2455 ﬂuenta,
996 2426 1025 2449 et
1038 2421 1166 2449 viridium
1188 2419 1279 2448 omnis
1301 2418 1411 2455 generis
1432 2418 1561 2445 arborum
1577 2415 1654 2444 ohle-

870 2468 965 2501 ctatio,
980 2466 1166 2495 consedimus.
1181 2465 1306 2500 Cumque
1318 2471 1413 2492 omnes
1428 2470 1471 2490 me
1492 2461 1553 2489 lixis
1566 2460 1654 2489 oculis

870 2515 1052 2546 intuerentur,
1072 2512 1145 2541 hunc
1161 2512 1188 2539 in
1203 2511 1314 2539 modum
1330 2509 1431 2545 alloqui
1443 2516 1491 2537 eos
1505 2507 1587 2543 cepi.

906 2557 1002 2586 XLIX.
1024 2558 1046 2574 ’°
1059 2558 1142 2586 Multa
1157 2561 1209 2591 est,
1223 2564 1239 2584 ο
1251 2556 1312 2590 viri,
1329 2554 1482 2583 diﬂ‘erentia
1497 2554 1568 2581 inter
1578 2553 1652 2581 veri-

872 2609 956 2633 tatem
977 2609 1059 2639 atque
1082 2603 1317 2632 consuetudinem.
1332 2601 1372 2628 Ex
1384 2600 1486 2628 Graecis
1509 2599 1582 2628 enim
1604 2599 1651 2627 alii

872 2650 974 2678 multos
995 2649 1061 2677 deos
1085 2649 1172 2677 malos
1200 2647 1378 2683 pluribusque
1401 2645 1652 2681 perturbationibus

872 2693 1006 2723 obnoxios
1019 2694 1200 2728 induxerunt;
1216 2692 1304 2729 utqui
1319 2692 1419 2720 similia
1437 2696 1543 2727 patrare
1555 2690 1650 2728 veiint,

663 2790 782 2819 VARIE
799 2791 1004 2821 LECTIONES.

82 2833 103 2849 u
120 2834 243 2876 ²¹ιῇμῶνι
279 2838 302 2855 ⁸⁸
315 2837 351 2866 al.
365 2837 422 2874 ξοη-
467 2840 488 2857 ⁸⁷
501 2839 536 2867 al.
553 2840 590 2876 μὴ
607 2840 710 2876 πατρὸς
723 2839 863 2872 εὐσεϐοῦς.
902 2844 926 2861 δι
942 2841 977 2868 al.
999 2836 1162 2874 φιλομθῶς.
1201 2834 1222 2850 ⁸⁸
1240 2833 1276 2861 al.
1296 2832 1412 2868 τέρψεις.
1452 2832 1475 2848 ⁸⁸
1495 2831 1514 2859 ι.
1537 2828 1652 2865 Recogn.

59 2865 74 2892 I.
88 2876 110 2895 ι.
125 2865 198 2898 (1.50.
