1917 3100
251 106 303 134 507

674 109 704 137 S.
723 109 918 138 CLEMENTIS
938 109 948 137 1
967 109 1050 138 ROM.
1068 109 1167 138 PONT.
1187 109 1302 137 OPERA
1319 109 1430 138 DUBIA.

1819 111 1870 140 508

251 166 312 194 illos
325 166 436 195 malitia:
445 172 575 203 patronos
589 169 717 198 habeant.
732 169 785 197 Alii
796 178 862 198 vero
876 170 961 198 fatum
980 178 1028 198 seu

1080 169 1351 206 συνηγόρους.”Δλλοι
1375 170 1403 196 δὲ
1428 168 1597 205 εἱμαρμένην
1618 168 1800 205 εἰσηγήσαντο
1823 169 1870 205 τήν

250 212 364 248 genesi"
378 216 406 240 et
418 213 508 240 natale
528 213 706 247 invexerunt;
727 222 760 242 ac
775 219 872 249 praeter
893 214 970 248 illud,
984 222 1033 242 ne-

250 265 304 292 que
324 258 380 293 pati
400 266 490 293 neque
503 258 592 287 facere
606 267 772 294 quemquam
793 268 872 295 poese
888 261 980 295 aiunt;
1003 265 1032 289 ut

249 311 312 331 cum
328 305 547 332 existimaverint
571 306 707 334 neminem
723 311 820 341 praeter
829 308 940 342 genesin
952 307 1032 343 quid-

250 356 332 384 quam
357 350 400 377 vel
422 350 513 379 facere
534 352 576 380 vel
592 352 647 387 pati
669 360 760 388 posse,
773 353 853 381 facile
867 354 901 381 ad
916 361 1032 389 peccan-

250 396 314 425 dum
329 397 470 432 accedant,
484 402 512 426 et
521 403 584 433 post
596 403 736 434 peccatum
756 407 809 427 non
822 399 958 432 ducantur
972 406 1032 435 pue-

249 442 363 470 nilentia
382 443 462 478 impie
476 448 625 479 gestorum.
640 445 693 473 Alii
708 449 798 473 autem
813 450 974 480 praesentem
988 453 1031 474 re-

250 495 310 515 rum
325 492 426 516 statum
445 489 619 524 providentiae
632 495 769 525 expertem
786 498 848 518 esse
862 490 1029 524 decernunt;

252 537 334 569 atque
354 543 404 562 sua
417 540 513 570 sponte
526 536 730 564 universitatem
746 536 817 565 hanc
830 537 894 565 ferri
907 541 1029 571 censent,

249 579 366 608 Domino
383 581 458 608 nullo
472 582 633 616 prxesidente
647 591 653 609 :
668 582 741 616 quod
762 589 827 610 sane
844 582 967 610 omnium
988 587 1032 611 est

249 626 444 661 durissimum;
466 628 502 655 ita
528 628 614 655 Deum
637 629 837 664 biasphemare,
853 633 880 656 et
895 628 929 656 ab
951 629 1028 656 omni

249 672 382 700 universae
396 679 500 701 natura:
513 674 648 708 expellere
662 674 843 709 providentia.
858 678 889 702 ut
904 679 932 701 et
948 682 1028 702 asse-

221 753 223 756 .
248 722 326 745 ratur
339 719 474 746 neminem
489 727 549 747 esse
559 720 605 754 qui
619 719 764 755 praefectus
779 720 824 753 sit,
836 728 868 748 ac
879 720 1030 755 provideat,

248 766 276 790 et
296 763 432 792 universis
454 772 503 799 pro
520 765 618 793 merito
638 765 779 793 attribuat.
795 764 885 797 Quare
907 765 953 799 qui
977 764 1030 793 ista

248 809 405 844 opinantur,
437 818 490 838 non
517 809 596 838 facile
620 811 764 839 honestam
787 810 872 838 vitam
901 810 1028 839 ducunt:

247 855 311 890 quia
325 855 482 891 impendens
496 857 647 890 periculum
662 865 716 885 non
730 857 887 892 praevident.

282 900 314 928 L.
334 901 369 929 At
383 909 447 930 vero
458 903 582 930 doctrina
593 910 698 936 eorum,
717 910 788 938 quos
806 902 938 931 barbaros
948 910 1030 931 voca-

247 945 293 978 tis,
309 947 427 974 maxime
441 947 484 982 pia
499 952 558 981 est;
572 955 634 983 qua:
650 955 734 975 unum
748 947 844 982 Deum,
857 953 884 976 et
903 948 1028 983 opificem

247 992 330 1020 totius
354 993 435 1028 hujus
458 993 553 1020 mundi
578 993 740 1027 introducit;
761 998 860 1021 natura
880 994 982 1021 bonum
997 1000 1030 1021 ac

243 1038 348 1074 justum
364 1047 371 1066 :
388 1039 490 1066 bonum
511 1039 633 1074 quidem,
648 1043 679 1066 ut
695 1040 742 1074 qui
763 1039 958 1075 paenitentibus
979 1039 1028 1067 de-

244 1084 308 1112 licta
331 1083 467 1112 condonet
482 1092 490 1112 :
504 1083 607 1118 justum
633 1089 735 1118 autem,
750 1089 781 1112 ut
803 1085 851 1119 qui
878 1084 1029 1119 unicuique

244 1137 299 1158 non
312 1129 463 1164 pienitenti,
478 1137 528 1165 pro
542 1129 675 1158 factorum
687 1130 792 1158 meritis
806 1130 949 1158 retribuat.
966 1129 1030 1158 Sin-

244 1175 300 1211 guii
321 1182 451 1210 namque,
471 1176 537 1202 dum
553 1179 711 1211 exspectant
731 1175 854 1204 futurum
867 1183 932 1211 erga
953 1175 1029 1211 ipsos

244 1220 293 1248 Dei
305 1224 402 1249 cuneta
416 1220 549 1248 intuentis
564 1221 709 1255 judicium,
724 1220 757 1248 ad
772 1225 921 1256 temperate
934 1221 1029 1248 viven—
1055 1246 1057 1248 .

244 1265 309 1294 dum
329 1266 460 1301 majorem
473 1267 606 1301 impetum
623 1267 756 1302 capiunt:
771 1271 798 1294 et
811 1267 858 1302 qui
874 1267 958 1294 vitam
969 1274 1029 1294 ιιο-

243 1310 366 1339 deratam
384 1310 514 1344 traduxit,
528 1314 631 1339 aeterno
645 1311 779 1346 supplicio
794 1311 936 1339 liberatur.

278 1363 322 1391 Ll.
342 1365 366 1381 "
384 1364 479 1399 Porro,
497 1365 562 1393 dum
588 1365 805 1402 uniuscujusque
832 1374 946 1399 eorum,
978 1366 1026 1402 qui

244 1411 314 1445 apud
330 1418 380 1438 vos
397 1411 434 1438 dii
455 1412 642 1445 nominantur,
666 1413 766 1447 impios
788 1417 865 1441 actus
881 1414 1026 1449 redarguo,

243 1454 330 1488 Jovis,
341 1455 469 1492 Neptuni,
486 1456 620 1490 Plutonis,
634 1457 778 1493 Apollinis,
799 1458 908 1492 Bacchi,
924 1459 1027 1488 Heren-

244 1502 289 1535 lis,
304 1509 336 1530 ac
352 1503 522 1537 singulorum
545 1502 626 1539 (quos
646 1511 735 1539 neque
749 1505 800 1539 ipsi
822 1505 964 1540 ignoratis.
980 1509 1025 1533 ut-
1039 1519 1060 1549 ο

243 1552 306 1584 pote
321 1548 349 1575 in
367 1548 522 1576 Graecorum
535 1549 633 1578 litteris
645 1550 778 1584 instituti;
795 1558 865 1586 quas
876 1551 947 1579 vitas
956 1550 1025 1580 edo-

243 1593 280 1621 (ιιὶ
300 1594 378 1627 estis,
396 1598 427 1622 ut
448 1599 577 1630 tanquam
593 1596 706 1623 deorum
727 1597 902 1625 aamulatores
924 1597 1025 1625 similia

242 1639 390 1676 peragatis)
416 1645 443 1668 et
462 1641 496 1669 ab
509 1641 569 1676 ipso
587 1642 716 1677 primum,
734 1642 757 1670 si
772 1642 889 1675 videtur,
905 1643 1026 1672 maximo

243 1692 307 1720 rege
329 1684 395 1714 Jove
414 1686 517 1714 ordiar.
531 1687 553 1704 '”
567 1687 643 1715 Illius
662 1688 770 1723 quidem
787 1693 862 1723 pater
878 1688 1025 1722 Saturnus,

243 1731 337 1759 liberis
348 1732 416 1765 suis,
428 1737 458 1760 ut
470 1732 564 1767 fertur,
577 1733 726 1768 devoratis,
735 1738 763 1762 et
772 1735 946 1762 adamantina
958 1735 1028 1764 falce

243 1776 378 1805 demessis
398 1779 467 1813 patri
486 1779 667 1814 genitalibus,
684 1780 792 1815 pietatis
809 1788 872 1816 erga
888 1785 1026 1816 parentes,

241 1824 380 1851 etamOris
396 1824 424 1853 in
440 1824 551 1858 liberos,
564 1825 598 1853 iis
613 1826 659 1861 qui
671 1826 785 1854 deorum
797 1827 926 1863 mysteria
942 1835 1028 1855 aemu-

243 1869 335 1897 lantur
349 1869 499 1904 specimina
520 1878 552 1898 ac
568 1871 734 1906 exemplaria
745 1872 869 1907 praebuit.
886 1871 947 1907 ipse
962 1880 1027 1901 vero

242 1913 349 1950 Jupiter
365 1919 469 1950 patrem
487 1923 567 1944 suum
580 1916 714 1949 vinctum,
731 1917 758 1944 in
771 1916 917 1944 Tartarum
931 1917 1028 1952 praeci-

242 1961 348 1996 pitavit,
363 1965 390 1988 et
403 1962 472 1990 alios
484 1962 549 1990 de0s
561 1962 649 1997 punit.
663 1963 687 1979 ⁸⁸
695 1961 749 1990 Pro
763 1962 797 1990 iis
808 1966 900 1990 autem
915 1963 963 1998 qui
977 1969 1027 1990 ne-

242 2006 351 2034 fandam
367 2011 475 2042 patrant
489 2007 694 2041 obscenitatem,
712 2007 796 2035 Metin
810 2016 872 2036 cum
889 2009 1028 2044 genuisset

242 2051 399 2086 ahsorpsit:
415 2060 496 2087 porro
513 2051 589 2080 Metis
602 2056 662 2079 erat
681 2060 790 2087 semen;
806 2053 938 2081 infantem
953 2055 1026 2082 enim

243 2095 384 2123 absorberi
401 2096 580 2132 impossibile.
599 2096 630 2125 In
644 2097 830 2126 defensionem
850 2106 916 2126 vero
930 2107 1026 2126 eorum

243 2140 290 2175 qui
306 2147 452 2175 puerorum
467 2141 608 2177 indulgent
620 2142 771 2176 amoribus,
788 2143 971 2180 Ganymedem
982 2152 1028 2172 ra-

1045 847 1067 875 B

1081 216 1229 251 λεγομένην
1245 216 1361 250 γένεσιν,
1371 216 1416 242 καὶ
1433 215 1496 251 παρ’
1505 215 1588 251 αὐτὴν
1603 214 1663 242 οὔτε
1682 215 1798 250 πάσχειν
1810 216 1869 242 τινὰ

1081 262 1191 289 δυνατὸν
1208 261 1276 288 εῑναί
1294 271 1384 297 φασιν,
1402 261 1463 288 οὔτε
1480 262 1582 288 ποιεῖν·
1596 261 1639 288 ῖνα
1654 260 1814 296 νομίσαντες
1829 261 1867 287 ὅτι

1081 306 1157 342 παρὰ
1172 307 1277 341 γένεσιν
1293 307 1381 339 οὐδεὶς
1396 306 1456 333 οὔτε
1473 307 1570 339 ποιεῖν,
1586 305 1647 332 οὔτε
1663 306 1778 340 πάσχειν
1802 305 1867 341 ἔχει,

1083 353 1181 389 ῥᾳδίως
1197 353 1244 380 ἐπὶ
1259 353 1289 380 τὸ
1305 353 1471 389 ἁμαρτάνειν
1487 352 1629 388 ἔρχωνται,
1642 353 1688 380 καὶ
1703 353 1870 388 ἁμαρτάνον-

1080 407 1136 430 τες,
1157 399 1194 434 μὴ
1212 399 1414 435 μεταμέλωνται
1430 400 1473 435 ἐφ’
1490 397 1530 432 οἷς
1546 399 1722 435 ἠσεϐήκασιν.
1734 398 1826 428 Ἄλλοι
1841 399 1869 426 δὲ

1081 444 1236 481 ἀπρονόητα
1251 445 1443 481 δογματίζουσι
1458 446 1493 473 τὰ
1509 445 1638 481 παρόντα,
1649 445 1698 473 καὶ
1710 445 1869 480 αὐτομάτως

1081 489 1210 526 φέρεσθαι
1226 490 1255 517 τὸ
1271 491 1325 517 πᾶν
1341 490 1487 526 εἰσάγουσι,
1501 490 1612 527 μηδενὸς
1629 490 1810 525 ἐφεστηκότος
1825 490 1870 516 Δε-

1081 535 1181 563 σπότου
1193 544 1199 551 ·
1218 536 1231 563 ὃ
1247 536 1279 572 δὴ
1290 537 1311 552 ⁸¹
1329 537 1374 564 καὶ
1392 537 1499 564 πάντων
1515 536 1571 563 ἐστὶ
1587 535 1789 572 χαλεπώτατον,
1798 535 1868 562 οὕτω

1080 580 1126 608 τὸν
1142 581 1206 608 Θεὸν
1224 581 1402 618 βλασφημεῖν,
1420 583 1467 609 καὶ
1483 582 1533 617 τῆς
1547 581 1594 608 τοῦ
1612 581 1710 614 παντὸς
1727 581 1868 607 ἐκϐάλλειν

1081 628 1217 663 προνοίας,
1235 627 1304 655 ὥστε
1328 628 1395 664 μηδὲ
1418 626 1486 656 εἶναι
1502 628 1591 663 λέγειν
1606 627 1650 654 τὸν
1667 627 1808 662 ἐφεστῶτα
1823 627 1869 653 καὶ

1081 672 1286 708 προνοούμενον,
1303 674 1350 701 καὶ
1360 674 1383 690 ⁵¹
1398 674 1432 702 τά
1448 675 1508 702 κατ’
1523 675 1601 708 ἀξίαν
1617 675 1656 710 τῷ
1672 674 1752 700 παντὶ
1768 673 1868 700 ἀπονέ-

1082 725 1165 753 μοντα
1175 726 1181 734 ·
1194 718 1254 747 ὅθεν
1271 718 1301 745 οὐ
1320 719 1418 756 ῥᾳδίως
1434 720 1458 746 σί
1474 719 1509 747 τὰ
1524 720 1634 747 τοιαῦτα
1645 717 1807 755 φρονοῦντες
1818 727 1870 744 σω-

1081 762 1319 797 φρονίζονται.Τὸν
1335 764 1388 801 γὰρ
1405 765 1586 802 ἐπερχόμενον
1602 765 1722 792 κίνδυνον
1739 764 1769 791 οὑ
1787 773 1870 800 προο-

1083 817 1190 844 ρωνται.

1115 897 1146 925 L.
1161 898 1189 926 '0
1196 898 1224 926 δὲ
1234 898 1298 932 τῶν,
1310 899 1348 932 ὡς
1359 899 1436 936 ὑμεῖς
1448 908 1525 935 φατε,
1537 899 1680 937 βαρϐάρων
1690 898 1778 933 λόγος,
1790 898 1870 925 εὐσε-

1079 943 1208 976 ϐέστατος
1224 945 1307 978 ἔστιν,
1317 945 1366 972 Eva
1382 945 1447 972 θεὸν
1461 945 1626 981 δημιουργὸν
1641 944 1719 972 τοῦδε
1734 944 1782 971 τοῦ
1800 953 1869 971 παν-

1077 988 1124 1021 τὸς
1139 989 1342 1026 εἰσηγούμενος,
1353 991 1386 1026 τῇ
1404 990 1483 1025 φύσει
1499 991 1599 1025 ἀγαθὸν
1609 991 1656 1017 καὶ
1666 991 1770 1017 δίκαιον
1780 999 1787 1005 ·
1800 991 1871 1024 ἀγα-

1079 1033 1124 1062 θὸν
1142 1034 1201 1070 μὲν,
1217 1034 1255 1067 ὡς
1278 1036 1506 1072 μεταμελομένοις
1523 1035 1713 1072 συγχωροῦντα
1728 1035 1763 1062 τὰ
1780 1036 1873 1071 ἀμαρ-

1077 1080 1200 1116 τήματα·
1212 1081 1314 1109 δίκαιον
1330 1081 1368 1115 δὲ,
1379 1081 1417 1113 ὡς
1432 1081 1538 1117 ἑκάστῳ
1549 1082 1587 1117 μὴ
1602 1080 1787 1117 μετανοοῦντι,
1805 1081 1869 1107 κατ’

1078 1125 1156 1158 ἀξίαν
1178 1126 1232 1153 τῶν
1254 1127 1464 1164 πεπραγμένων,
1481 1127 1794 1158 ἀποδιδόντα.”Έκαστος
1814 1125 1870 1161 γὰρ

1079 1171 1227 1208 προσδοκίᾳ.
1251 1172 1298 1199 τοῦ
1324 1173 1502 1208 κριθήσεσθαι
1528 1173 1580 1200 ὑπὸ
1604 1172 1650 1199 τοῦ
1677 1172 1869 1199 παντεπόπτου

1078 1217 1156 1250 Θεοῦ,
1175 1218 1244 1254 πρὸς
1264 1218 1295 1246 τὸ
1319 1220 1465 1255 σωφρονεῖν
1484 1218 1582 1255 μᾶλλον
1597 1218 1647 1254 τὴν
1661 1217 1751 1254 ὁρμὴν
1759 1218 1782 1234 ³³
1798 1217 1869 1252 λαμ-

1077 1263 1153 1291 ϐάνει
1170 1265 1217 1292 καὶ
1228 1264 1242 1290 ὁ
1253 1263 1398 1300 σωφρόνως
1410 1263 1557 1300 βεϐιωκὼς,
1568 1264 1618 1300 τῆς
1630 1263 1740 1291 αἰωνίου
1753 1262 1869 1298 λυτροῦ-

1077 1318 1123 1336 ται
1139 1309 1284 1342 κολάσεως.

1111 1365 1159 1394 Li-
1171 1366 1305 1394 Ὲκάστου
1316 1367 1345 1394 δὲ
1357 1367 1411 1394 τῶν
1419 1367 1483 1403 παρ’
1495 1367 1559 1403 ὑμῖν
1569 1366 1722 1402 λεγομένων
1733 1365 1809 1406 θεῶν.
1819 1365 1870 1397 τὰς

1076 1411 1185 1444 ἀσεϐεῖς
1206 1411 1351 1447 διελέγχων
1375 1411 1498 1449 πράξεις,
1515 1411 1562 1438 τοῦ
1585 1411 1645 1444 Διός
1660 1419 1690 1438 τε
1706 1411 1754 1437 καὶ
1771 1411 1870 1437 Ποσει-

1076 1456 1199 1489 athuc",
1217 1456 1372 1489 Πλούτωνος
1396 1465 1427 1483 τε
1450 1457 1496 1484 καὶ
1516 1456 1690 1489 Ἀπόλλωνος,
1708 1455 1871 1482 Διονύσου³⁴

1077 1511 1107 1529 τι
1132 1502 1180 1530 aut
1201 1502 1376 1539 Ἡρακλέους,
1393 1503 1441 1529 καὶ
1463 1502 1517 1529 τῶν
1539 1502 1598 1530 καθ’
1615 1502 1662 1529 ἕνα
1687 1501 1804 1528 ἕκαστον
1824 1497 1871 1537 (ὧν

1076 1547 1135 1574 οὐδὲ
1145 1547 1221 1575 αὐτοὶ
1237 1547 1366 1581 ἀγνοεῖτε,
1379 1546 1411 1574 ἐκ
1428 1546 1549 1578 παιδείας
1570 1545 1730 1581 Ἑλληνικῆς
1739 1543 1871 1580 ὁρμώμε-

1076 1601 1126 1626 νοι,
1137 1591 1184 1625 οὓς
1200 1591 1376 1628 ἑπαιδιύθητε
1393 1591 1476 1628 βίους,
1486 1592 1529 1619 ῖνα
1539 1591 1577 1624 ὡς
1589 1590 1708 1627 ζηλωτα)⁵
1722 1589 1778 1616 τῶν
1790 1589 1870 1620 θεῶν,

1075 1638 1111 1666 τὰ
1125 1639 1205 1674 ὃμοια
1227 1637 1394 1674 πράττητε),
1412 1637 1459 1665 καὶ
1472 1638 1519 1665 ἀπ’
1536 1636 1617 1664 αὑτοῦ
1633 1645 1665 1671 γε
1683 1635 1830 1671 πρότερον,
1847 1635 1871 1661 εἰ

1075 1685 1158 1717 δοκεῖ,
1175 1683 1223 1711 τοῦ
1246 1683 1459 1720 βασιλικοηάτον
1482 1683 1544 1716 Διὸς
1566 1683 1693 1720 ἄρξομαι.
1711 1681 1765 1708 Τοῦ
1788 1681 1803 1707 ὁ
1821 1679 1872 1716 μὲν

1077 1729 1168 1765 πατὴρ
1184 1728 1287 1765 Κρόνος
1302 1727 1336 1755 τὰ
1353 1727 1408 1755 ῐδια
1422 1727 1515 1761 τέκνα,
1531 1727 1569 1759 ὡς
1585 1727 1702 1761 λέγεται,
1715 1725 1870 1756 καταπιὼν,

1076 1777 1110 1812 τῇ
1127 1775 1156 1809 ἑξ
1172 1774 1324 1811 ἀδάμαντος
1341 1774 1417 1810 ἀρπῃ
1431 1773 1478 1801 τοῦ
1495 1773 1597 1810 πατρὸς
1606 1772 1641 1799 τά
1652 1772 1734 1808 μόρια
1747 1771 1870 1807 θερίσας,

1076 1821 1126 1857 τῆς
1137 1820 1210 1857 πρὸς
1225 1820 1315 1855 γονεῖς
1329 1819 1471 1852 εὐσεϐείας
1478 1820 1526 1848 καὶ
1534 1818 1584 1854 τῆς
1601 1818 1668 1854 πρὸς
1679 1817 1713 1844 τὰ
1729 1816 1816 1843 τέκνα
1829 1825 1871 1850 φι-

1077 1867 1148 1901 λίας,
1165 1867 1221 1899 τοῖς
1244 1866 1279 1894 τὰ
1304 1866 1422 1904 μυστικά
1437 1865 1492 1893 τῶν
1514 1865 1582 1892 θεῶν
1606 1864 1742 1900 ζηλοῦσιν,
1761 1863 1871 1895 εἰκόνας

1075 1911 1123 1939 καὶ
1143 1911 1246 1943 τύπους
1268 1910 1428 1946 παρέσχετο.
1441 1910 1528 1942 Δὺτὺς
1551 1910 1579 1937 δὲ
1602 1910 1616 1937 6
1638 1910 1705 1941 Ζεὺς
1722 1909 1768 1935 τὸν
1785 1909 1869 1936 αὑτοῦ

1077 1956 1181 1993 πατέρα
1207 1957 1296 1988 δείσας
1319 1956 1352 1989 ”,
1379 1954 1545 1992 κατέρραξεν
1571 1955 1611 1988 εις
1636 1954 1798 1990 Τάρταρον,
1823 1955 1869 1981 καὶ

1075 2003 1138 2034 τοὺς
1149 2003 1171 2019 ⁶⁰
1187 2002 1282 2034 ἄλλους
1303 2000 1412 2034 κολάζει
1428 2000 1513 2033 θεούς.
1533 2001 1595 2032 Τοῖς
1617 1999 1646 2026 δὲ
1669 2000 1868 2036 ἀῤῥητουργεῖν

1076 2047 1209 2080 ἐθέλουσι,
1219 2048 1270 2084 τὴν
1285 2047 1377 2082 Μῆτιν
1392 2046 1524 2081 γεννήσας
1540 2044 1679 2077 κατέπιεν,
1688 2042 1724 2080 ἦν
1739 2045 1769 2071 δὲ
1783 2045 1800 2080 ή
1812 2045 1869 2079 Μῆ-

1075 2102 1118 2126 τις
1132 2094 1198 2130 γονή
1208 2101 1214 2109 ⁸
1235 2093 1332 2129 βρέφος
1348 2091 1402 2128 γὰρ
1417 2092 1571 2123 καταπιεῖν,
1589 2090 1726 2118 ἀδύνατον.
1736 2090 1824 2126 ’Υπὲρ
1840 2091 1867 2117 δὲ

1076 2139 1223 2174 ἀπολογίας
1253 2137 1450 2174 παιδιραστῶν,
1473 2136 1633 2172 Γανυμήδην
1656 2136 1786 2172 ἁρπάζει.
1812 2137 1867 2163 Καὶ

243 2188 294 2223 pit.
309 2187 343 2215 Et
353 2187 484 2215 adulteris
499 2189 526 2215 in
541 2188 676 2216 adulterio
690 2196 770 2224 opem
786 2189 886 2224 ferens,
903 2190 960 2225 ipse
973 2198 1024 2218 sas.

1079 2185 1181 2219 μοιχοῖς
1207 2184 1277 2220 ὑπὲρ
1295 2182 1415 2219 μοιχείας
1431 2181 1546 2218 βοηθῶν,
1563 2182 1642 2213 αὐτὸς
1658 2181 1790 2214 πολλάκις
1807 2191 1867 2218 μοι-

243 2240 278 2268 pe
292 2233 416 2260 moechus
436 2233 583 2260 invenitur.
602 2233 645 2261 Ad
666 2241 774 2262 sorores
790 2235 872 2263 etiam
885 2236 1024 2264 ducendas

244 2277 349 2310 invitat,
363 2278 422 2312 ipse
436 2277 614 2313 congrediens
626 2285 688 2306 cum
705 2280 855 2314 sororibus,
869 2280 986 2315 lunone,
998 2287 1025 2309 et

243 2324 352 2358 Cerere,
367 2328 395 2352 et
405 2323 510 2352 Venere
519 2324 623 2352 calcati
639 2333 721 2361 quam
743 2327 866 2354 nonnulli
882 2327 1023 2355 Dedonam

242 2374 351 2398 vocant.
366 2370 402 2398 iis
421 2378 487 2398 vero
510 2371 557 2407 qui
578 2379 641 2400 cum
658 2372 766 2400 ﬁliabus
790 2373 961 2401 commisceri
975 2381 1023 2401 vo-

243 2417 320 2450 lunt,
339 2425 401 2445 cum
424 2416 587 2453 Proserpina
608 2425 781 2453 congressus,
795 2419 947 2454 exemplum
971 2420 1024 2448 im-

243 2464 358 2500 probum
380 2471 414 2491 ex
435 2463 535 2492 fabulis
548 2464 672 2492 efficitur.
688 2464 747 2492 Alia
762 2472 870 2500 quoque
881 2466 1023 2494 innumera

243 2509 325 2545 impie
336 2509 437 2545 gessit;
450 2514 480 2537 ut
492 2510 527 2537 ab
538 2509 629 2545 impiis
642 2510 799 2538 hominibus
819 2515 929 2546 propter
941 2519 1024 2539 essu.

242 2559 381 2590 perantem
389 2555 626 2591 intemperantiam
637 2554 790 2584 fabulosum
798 2555 895 2591 dogma
906 2556 940 2584 de
950 2555 1024 2584 illius

1073 2229 1119 2264 χδς
1153 2228 1317 2264 εὑρίσκεται.
1346 2228 1553 2264 Ἀδελφογαμσῖν
1566 2229 1627 2255 θίδὲ
1659 2229 1865 2265 προτρέπεται,

1073 2274 1200 2309 ἀδελφαῖς
1214 2275 1296 2307 αὐτὸς
1312 2274 1499 2307 συνεισελθὼν,
1509 2275 1592 2311 Ἥρα,
1610 2275 1657 2301 καὶ
1672 2275 1808 2312 Δήμητρί,
1821 2276 1866 2303 καὶ

1079 2321 1222 2357 Ἀφροδίτῃ
1244 2322 1277 2356 τῇ
1300 2320 1422 2356 οὐρανίᾳ,
1439 2320 1473 2356 ἠν
1495 2329 1567 2352 τινες
1590 2320 1720 2357 Δωδώνην
1743 2321 1863 2355 λέγουσι.

1073 2366 1135 2398 Τοῖς
1150 2366 1179 2392 δὲ
1195 2364 1345 2401 θυγατράσι
1369 2365 1514 2401 μίγνυσθαι
1531 2365 1711 2401 βουλομένοις,
1729 2366 1866 2402 [laps-ags:

1074 2420 1108 2448 νη
1125 2410 1319 2446 συνεληλυθὼς,
1328 2410 1501 2446 παράδειγμα
1518 2412 1634 2447 πονηρὸν
1650 2412 1682 2438 ὲκ
1697 2411 1752 2438 τῶν
1771 2412 1864 2448 μύθων

1074 2455 1276 2491 γίνεται.Ἃλλα
1292 2464 1321 2483 τε
1338 2455 1422 2492 μυρία
1440 2456 1583 2491 ἠσέϐηκεν,
1601 2457 1645 2483 ῖνα
1662 2456 1714 2483 ὑπὸ
1729 2457 1786 2483 τῶν
1800 2457 1863 2484 δυσ-

1075 2501 1228 2534 σεϐὦν,διά
1251 2501 1301 2538 τὴν
1327 2500 1547 2538 ὑπερϐάλλουσαν
1568 2502 1712 2538 ἀκρασίαν,
1730 2503 1779 2529 καὶ
1802 2502 1862 2534 Θεὸς

1073 2551 1143 2583 εἶναι
1158 2555 1214 2586 τοῖς
1232 2552 1348 2585 ἰδιώταις
1361 2554 1376 2580 ὁ
1393 2552 1477 2590 μῦθος
1491 2553 1666 2590 δογματισθῇ.
1684 2554 1796 2582 Τούτων
1810 2554 1858 2590 οὐχ

831 2619 840 2624 ’
872 2626 987 2656 vanu:
1007 2625 1206 2655 LECTIONES.

1867 2665 1874 2683 1

314 2704 385 2744 ἰαὶ.
399 2704 506 2744 δή-ςιιορΞ
542 2707 566 2723 ⁵⁸
585 2706 698 2744 deestin
710 2707 746 2735 al.
785 2708 808 2724 "
828 2707 871 2744 ait
885 2705 1020 2744 ἀφορμήν.
1069 2709 1094 2727 ⁸⁵
1113 2709 1174 2738 Rea.
1186 2710 1206 2737 ι.
1219 2716 1282 2742 x,c.
1302 2709 1345 2741 i7,
1362 2714 1414 2737 etc.
1465 2708 1489 2726 "
1510 2708 1547 2736 ai.
1566 2707 1732 2744 llos-tarmes.
1775 2707 1804 2744 ⁵1
1821 2685 1868 2744 σί.ἲ

246 2737 396 2777 ᾼιονυσίοο,
412 2737 458 2777 λ”ν
474 2738 650 2774 Clementina,
663 2743 735 2770 hom.
752 2750 779 2774 v.
799 2751 823 2771 c.
843 2743 886 2774 η.
902 2737 975 2777 ἑιέ.“,
986 2737 1068 2772 Ἱιοω.

1093 2745 1120 2777 6,
1144 2753 1168 2772 c.
1192 2745 1220 2771 2.
1254 2744 1277 2760 ⁸⁸
1296 2743 1466 2779 Epiphanius
1504 2743 1629 2775 ἣξει-,ΞΕ
1653 2751 1683 2770 n.
1700 2742 1745 2770 Ιϐ.
1785 2742 1851 2779 "al.

246 2772 339 2815 ᾅήσας-
355 2809 363 2815 η
378 2775 404 2815 f‘:
412 2775 549 2815 Καίτούςε
562 2777 633 2815 Lege
643 2772 846 2815 ὅπουκαὶέοῑζς
860 2772 1025 2815 ἀλλους,ἰιίιὶ
1042 2784 1066 2806 ει
1080 2772 1148 2807 alios
1169 2779 1237 2807 Deus
1263 2772 1358 2815 punit:-
1378 2787 1442 2806 nam
1460 2772 1628 2815 κατέρραξεν
1645 2785 1701 2805 non
1731 2776 1852 2806 convenit

247 2814 309 2837 eum
323 2809 440 2842 κολάζει.
460 2810 526 2839 Vide
540 2812 591 2840 hac
601 2809 637 2840 de
651 2820 680 2840 re
691 2810 800 2845 Hesiodi
816 2809 1001 2849 Theogoniam.
1017 2815 1098 2844 Cum.
1138 2815 1159 2831 "
1178 2815 1212 2843 al.
1234 2809 1446 2850 ἀδελφοκτονεῖν.
