1917 3100
55 122 98 149 509

421 121 649 151 CLEMENTINA.
670 138 705 144 —
724 122 872 150 EPITOME
892 122 935 150 DE
952 122 1075 150 GESTIS
1093 122 1123 150 S.
1144 121 1257 150 PETRI.

1621 122 1675 150 διο

53 185 85 218 ὥς
94 184 181 220 ἔτυχεν
192 184 249 219 ἐγὼ
260 186 425 220 καταγνοὺς,
435 186 473 221 τῷ
489 186 561 222 μόνῳ
578 186 674 222 ἀγαθῷ
684 186 743 222 Θεῷ
756 194 825 222 προσ

887 185 1028 212 divinitate
1040 185 1176 220 imperitis
1189 191 1351 220 persuasum
1366 183 1458 212 fuerit.
1471 182 1549 212 "llis
1557 191 1607 219 ego
1618 191 1673 212 non

53 231 149 266 ἐφυγον,
167 230 354 263 ἀποδεδωκὼς
377 231 426 266 τὴν
443 231 536 258 πίστιν
552 231 668 265 ἀσφαλεῖ
683 232 716 266 τῇ
733 231 833 266 κρίσει,

53 277 86 303 ότι
100 277 130 303 ἐκ
142 276 192 312 τῆς
207 276 255 303 τοῦ
274 276 344 304 Θεοῦ
361 277 468 309 δικαίας
479 278 596 313 κρίσεως
613 277 659 304 καὶ
675 277 755 312 νόμος
770 276 835 311 ὥρι-

54 331 114 354 σται,
129 323 174 349 καὶ
189 323 206 358 ἡ
224 323 311 360 ψυχὴ
323 324 428 355 πάντως
443 323 474 350 τὸ
495 323 554 350 κατ’
570 323 648 356 ἀξίαν
664 320 702 350 ὧν
718 322 835 357 ἔπραξεν

52 369 108 396 ὅπου
122 369 152 405 δή
169 377 235 396 ποτε
253 369 453 405 ἀπολαμϐάνει.

79 455 128 483 LII.
140 455 234 483 Ταῦτά
247 465 304 491 μου
318 457 448 488 εἰπόντος,
457 457 471 483 ό
484 456 607 483 ’Λππίων
617 456 640 473 ⁸³
648 456 783 493 ἐπήνεγκε
795 456 834 492 τῷ

51 503 111 537 λόγῳ
121 510 129 517 '
145 502 177 528 Τί
194 502 269 538 γάρ;
288 503 351 538 οὐχὶ
365 503 412 530 καὶ
429 503 560 538 Ἕλληνες
578 503 625 530 καὶ
640 503 773 539 Ἑλλήνων
789 503 833 530 νό-

53 558 90 583 μοι
109 548 312 584 ἀπαγορεύουσι
334 548 369 575 τὰ
390 548 511 581 τοιαῦτα,
530 549 577 575 καὶ
598 549 660 580 τοὺς
679 549 788 584 μοιχοὺς
802 557 833 575 τε

51 594 90 620 καὶ
104 594 186 626 άλλως
200 594 236 621 τὰ
253 594 364 621 ἐναντία
381 594 549 630 πράττοντας
565 594 744 631 τιμωρεῖσθαι
755 603 833 630 νομο-

52 640 160 673 θετοῦσις
184 640 264 676 κάγὼ
289 641 369 676 ἔφην·
387 641 492 668 Οὐκοῦν
516 641 541 667 ei
563 640 697 676 Ἐλλήνων
719 640 775 667 Geel.
798 640 833 667 τὰ

50 686 143 712 ἐναντία
166 687 223 718 τοῖς
247 686 345 721 νόμοις
369 686 594 723 διαπραξάμενοι,
611 686 722 713 κόλασιν
737 686 767 712 οὐ
783 686 832 721 τὴν

51 729 168 764 τυχοῦσαν
190 729 344 765 ὀφείλουσι.
363 731 425 762 Πῶς
447 731 476 757 δὲ
507 730 682 766 σωφρονίζειν
714 731 832 766 ἐμαυτὸν

51 772 193 808 δυνήσομαι,
210 774 416 810 ὑπολαμϐάνων
438 775 479 802 δτι
504 776 528 802 οἱ
556 775 612 802 θεοὶ
631 775 708 802 αὐτοὶ
725 775 833 812 πρῶτοι

51 818 99 853 ἅμα
113 820 143 854 τῇ
161 820 283 855 μοιχεία,
300 820 335 847 τὰ
350 820 457 856 χαλεπὰ
473 820 562 847 πάντα
579 819 766 856 διεπράξαντο,
784 821 831 847 καὶ

886 235 987 258 temere
1005 230 1204 263 condemnatis,
1217 230 1250 258 ad
1267 229 1351 258 Deum
1366 230 1414 265 qui
1435 230 1512 258 solus
1532 230 1620 258 bonus
1631 235 1674 258 est

885 276 1014 311 confugi;
1035 284 1097 304 cum
1112 276 1192 303 tidem
1209 280 1285 303 certo
1293 275 1400 310 judicio
1414 275 1583 308 habuissem,
1598 275 1673 310 quod

884 329 917 350 ex
941 321 987 349 Dei
1005 322 1081 357 justo
1101 322 1215 357 judicio,
1229 325 1257 349 et
1276 321 1318 348 lex
1334 321 1388 348 lixa
1406 321 1442 348 sit
1462 328 1494 348 ac
1509 321 1632 354 deﬁnita,
1644 326 1674 349 et

884 367 976 394 anima
997 368 1111 395 omnino
1125 375 1174 403 pro
1189 367 1323 403 dignitate
1335 374 1433 395 eorum
1450 374 1511 401 quae
1526 367 1610 402 gessit
1623 367 1673 394 ali-

884 414 994 449 quando
1007 419 1148 448 receptura
1163 414 1207 442 sit.

920 459 974 488 Lll.
995 459 1058 488 Haec
1077 468 1138 487 cum
1157 460 1300 493 dixissem,
1317 460 1423 495 Appion
1446 459 1564 486 orationi
1580 458 1672 493 subje-

884 505 922 533 clt
935 513 942 531 :
958 504 1029 538 Quid
1044 505 1135 532 enim?
1149 512 1240 532 nonne
1258 504 1345 532 ϐπ·κοί
1357 505 1450 537 etiam.
1460 504 1672 538 Graeciamque

884 550 956 585 leges
972 551 1022 578 ista
1040 551 1202 586 prohibent;
1216 555 1244 578 et
1257 550 1408 584 adulteros,
1431 558 1534 585 eosque
1555 549 1601 585 qui
1618 549 1672 576 alia

884 597 1063 632 repugnantia
1087 597 1273 630 committunt,
1288 597 1380 632 puniri
1400 596 1549 624 sanciunt?
1565 595 1598 622 Et
1619 602 1671 630 ego

883 643 1010 677 respondi
1028 652 1034 669 :
1049 643 1134 678 Igitur
1153 642 1312 670 Graecorum
1339 642 1377 669 dii
1401 641 1540 669 contraria
1565 640 1671 675 legibus

883 687 1023 719 facientes,
1037 694 1091 713 non
1107 686 1164 714 leve
1174 686 1337 721 supplicium
1352 690 1501 713 merentur.
1510 685 1572 718 Quo
1588 684 1670 712 modo

882 737 972 760 autem
987 739 1030 759 me
1042 739 1168 759 coercere
1180 736 1284 766 potero.
1297 732 1362 758 dum
1377 731 1506 758 existimo
1519 731 1586 758 deos
1595 730 1671 765 ipsos

882 779 985 814 primos
1000 785 1054 805 una
1068 785 1130 805 cum
1142 777 1277 805 adulterio
1289 781 1387 805 cuncta
1396 776 1497 812 ﬂagitia
1509 776 1668 810 perfecisse,

882 831 933 851 nec
946 831 1042 859 poenas
1055 823 1173 857 dedisse,
1185 831 1254 858 quas
1267 823 1327 850 ideo
1344 823 1431 858 magis
1445 822 1510 850 dare
1522 821 1668 854 debebant.

51 863 114 899 δίκην
131 866 160 891 οὐ
175 854 324 899 δεδώδιασι,
340 854 425 903 ταύτῃ
444 866 544 903 μᾶλλον
559 854 711 901 ὀφείλοντες
726 866 825 899 δοῦναι,

880 854 954 903 (μήτι-
968 876 1023 896 non
1041 854 1171 896 serviunt
1185 854 1327 902 cupiditati
1343 877 1350 894 :
1365 854 1439 902 quod
1466 867 1489 895 si
1510 867 1534 894 ei
1556 867 1668 895 obnoxii

50 908 79 941 ὡς
94 910 127 946 μὴ
141 910 316 944 δουλεύοντες
332 912 465 948 ἐπιθυμίᾳ
475 921 482 927 ”
501 913 526 939 εί
549 912 578 939 δὲ
600 912 753 944 ὑπέκειντο,
770 912 827 945 πῶς

50 952 107 990 ἦσαν
127 955 179 982 θεοί
190 965 197 989 ;
216 957 274 984 Καὶ
297 958 312 984 ό
334 958 456 984 Ἀππίων
469 959 626 984 ’Ἔστωσαν
643 959 708 993 ἡμῖν
732 959 827 986 σκοποὶ

52 1002 162 1036 tamen“
178 1002 244 1035 θεοὶ,
262 1004 333 1030 ἀλλὰ
344 1004 366 1020 ⁸⁸
382 1004 515 1036 δικασταὶ,
533 1005 573 1036 εἰς
594 1003 641 1036 οὓς
661 1004 825 1040 ἀφορῶντες,

50 1046 242 1083 φοϐηθησόμεθα
267 1049 447 1086 ἁμαρτάνειν.
465 1049 550 1083 Κάγὼ
573 1049 650 1085 ἔφην·
674 1049 731 1076 Οὐκ
754 1049 827 1076 ἔστιν

49 1091 135 1128 ὅμοιον,
150 1090 172 1121 ὦ
188 1094 325 1122 Ἀππίων.
341 1095 369 1121 '0
391 1095 439 1131 μὲν
462 1095 516 1131 γὰρ
540 1095 608 1133 πρὸς
624 1095 765 1131 ἄνθρωπον
780 1095 827 1122 τὸν

51 1140 135 1166 σκοπὸν
149 1140 229 1175 ἔχων,
247 1141 340 1168 ἑλπίδι
356 1142 404 1170 τοῦ
420 1143 521 1175 λαθεῐν,
533 1143 701 1179 ἁμαρτάνειν
717 1143 827 1175 πάντως

49 1186 190 1223 τολμήσειεν
200 1196 206 1203 ·
225 1190 240 1215 ό
257 1189 289 1216 δὲ
301 1189 366 1216 Θεδν
383 1190 575 1225 παντεπόπτην
590 1191 623 1226 τῇ
641 1189 737 1217 ἑαυτοῦ
752 1190 824 1225 ψυχῇ

49 1234 201 1270 ὁρισάμενος,
219 1235 303 1268 εἰδὼς
318 1236 399 1263 αὑτὸν
414 1236 504 1263 λαθεῖν
523 1237 561 1273 μὴ
576 1237 715 1270 δύνασθαι,
733 1239 780 1264 καὶ
795 1237 826 1264 τὸ

49 1279 121 1315 λὰθρα
135 1281 304 1316 ἁμαρτάνειν
320 1283 527 1318 παραιτήσεται.

77 1324 134 1352 Llll.
144 1326 235 1354 Ταῦτα
244 1327 260 1354 ὀ
277 1328 402 1355 Ἀππίων
411 1328 540 1360 ἀκούσας.
556 1329 659 1365 ᾜδειν,
668 1328 731 1364 ἔφη,
739 1329 768 1362 ἐξ
780 1329 824 1356 ὅτι

49 1371 136 1405 ἥκουσα
150 1372 324 1408 Χριιπιανοῖς
341 1383 370 1400 σε
387 1374 612 1410 προσομιλοῦντα,
629 1375 791 1410 ἠλλοιῶσθαι
802 1376 825 1392 ⁸⁸

50 1416 89 1451 τὴν
102 1417 215 1454 γνώμην.
231 1419 336 1451 Καλῶς
357 1419 411 1456 γὰρ
433 1421 540 1456 εἴρηταί
561 1430 630 1448 τινι·
648 1422 825 1455 Φθείρουσιν

50 1462 95 1496 ἤθη
108 1465 216 1499 χρηστὰ
230 1466 345 1500 ὁμιλίαι
360 1467 457 1494 κακαί.
469 1466 554 1501 Κάγὼ
563 1467 631 1503 πρὸς
646 1468 735 1494 αὐτόν·
751 1468 824 1495 Οὐκ-

51 1508 87 1534 οῦν
108 1510 299 1546 ἐπανορθοῦσιν
325 1511 377 1548 ἤθη
405 1513 442 1547 μὴ
471 1513 577 1548 χρηστὰ
596 1513 699 1549 ὁμιλίαι
729 1514 820 1541 καλαί.
835 1523 858 1554 c

50 1554 126 1581 Ταῦτά
142 1565 189 1591 μου
205 1557 340 1590 εἰπόντος,
351 1557 376 1584 οι
386 1558 518 1594 παρόντες
528 1559 641 1595 φανεροὶ
649 1557 719 1594 ἦσαν
729 1559 823 1596 ὥσπερ

52 1600 155 1635 ἠὺΞμ-ενοι
170 1605 226 1635 τοῖς
243 1603 292 1630 ὑπ’
303 1603 369 1639 ἐμοῦ
385 1604 555 1639 λεγομένοις·
565 1605 626 1632 ὅθεν
643 1606 690 1633 καὶ
700 1607 734 1641 τῇ
745 1606 823 1634 ὔστε-

53 1646 103 1681 ραῑᾳ
124 1647 287 1681 ἀξιώσαντες
312 1650 456 1683 ἀφικέσθαι
481 1650 571 1684 πάλιν,
588 1651 619 1677 τό
641 1660 673 1686 γε
693 1651 740 1678 νῦν
762 1652 824 1687 ἔχον

53 1691 188 1729 ὑπεχώρουν
199 1695 231 1721 ⁸⁸.
250 1696 292 1731 Τῇ
309 1696 337 1722 δὲ
361 1696 490 1732 ἐπαύριον
507 1697 701 1733 προεληλυθότι
717 1698 756 1734 τῷ
771 1698 824 1724 Πέ-

51 1743 96 1770 τρῳ
109 1737 237 1773 ἀπήντουν
249 1740 275 1756 ’⁸
291 1739 474 1776 πλησιόχωροι
489 1750 519 1768 τε
535 1742 585 1769 οὐκ
601 1742 695 1776 ὀλίγοι,
713 1743 758 1769 καὶ
774 1743 823 1770 αὺ-

53 1782 91 1823 ῖῆς
105 1783 128 1809 δὲ
142 1785 190 1819 τῆς
205 1786 296 1821 Τύρου
313 1786 421 1813 πολλοί·
439 1787 486 1813 καὶ
502 1787 657 1822 ἐπεφώνουν
680 1788 803 1823 λέγοντες
813 1797 821 1804 ·

56 1820 80 1852 ’0
88 1828 145 1861 Θεδς
155 1830 196 1857 διὰ
208 1820 255 1858 cred
268 1832 342 1866 ἡμᾶς
358 1831 507 1865 ὲλεείτωτί,
525 1820 569 1860 διά
581 1833 628 1860 σοῦ
636 1834 660 1850 "
672 1820 822 1870 θεραπευέ-

53 1880 91 1899 τω.
104 1874 166 1907 Στὰς
180 1874 225 1903 οὖν
240 1878 255 1904 ὁ
273 1877 375 1914 Πέτρος
391 1879 437 1905 ἐπὶ
453 1878 528 1905 λίθου
544 1879 617 1911 τινος
634 1879 736 1914 ὑψηλοῦ
753 1879 822 1916 πρὸς

53 1917 76 1943 τὺ
88 1918 203 1948 δύνασθαι
220 1923 288 1949 πᾶσι
305 1923 463 1958 καταφανὴς
478 1921 558 1956 εἶναι,
576 1924 622 1951 καὶ
638 1925 822 1961 προσαγορεύ-

55 1970 94 1995 σας
106 1964 214 1994 θεοσεϐεῖ
230 1967 317 2004 νόμῳ,
334 1968 420 2000 οὕτως
436 1969 548 2005 ἤρξατο·

81 2051 138 2081 LIV.
155 2054 210 2091 Θεῷ
232 2056 274 2092 τῷ
291 2057 432 2093 ποιήσαντι
446 2058 492 2085 τὸν
506 2059 620 2095 οὐρανὸν
639 2061 687 2086 καὶ
706 2061 756 2096 τὴν
770 2061 821 2097 γῆν

55 2098 92 2124 καὶ
99 2100 140 2135 τὴν
153 2101 337 2137 θάλασσαν,οὗ
352 2104 439 2131 λείπει
455 2105 591 2141 πρόφασις
601 2105 670 2141 πρὸς
685 2107 821 2143 σωτηρίαν

54 2144 96 2171 τῶν
109 2146 229 2178 σώζεσθαι
246 2149 416 2185 βουλομένων
427 2159 434 2165 ·
449 2150 560 2186 δυνατὸς
572 2151 626 2186 γάρ
643 2152 699 2179 ἐστι
716 2152 821 2185 καὶτὰς

878 912 998 945 fuerunt,
1012 919 1068 947 quo
1077 916 1159 947 pacto
1172 912 1209 939 dii
1228 913 1324 939 erant?
1340 911 1373 939 Et
1392 912 1499 947 Appion
1515 922 1522 939 :
1539 911 1600 940 Sint
1616 920 1668 939 no-

877 956 920 984 bis
932 964 980 991 pro
993 964 1088 992 scopo,
1104 964 1159 984 non
1171 957 1219 989 dii,
1243 957 1289 984 sed
1307 957 1428 992 judiccs;
1443 958 1470 984 in
1487 965 1556 992 quos
1578 958 1666 992 respi-

877 1001 983 1035 ciendo,
1000 1009 1115 1037 peccare
1127 1007 1291 1030 metuemus.
1303 1002 1340 1029 At
1350 1011 1401 1038 ego
1416 1004 1509 1038 excepi
1528 1013 1535 1030 :
1551 1003 1611 1030 Non
1625 1008 1667 1031 est

877 1047 976 1080 simile,
999 1054 1016 1074 ο
1037 1047 1153 1083 Appiou.
1167 1047 1218 1081 Qui
1232 1049 1305 1076 enim
1319 1048 1352 1075 ad
1371 1048 1509 1076 hominem
1523 1049 1665 1083 collimat,

876 1100 925 1128 spe
946 1093 1057 1126 latendi,
1071 1093 1232 1128 delinquere
1252 1094 1365 1121 omnino
1387 1094 1498 1121 audebit
1514 1094 1582 1129 :qui
1600 1102 1666 1122 vero

876 1137 962 1166 Deum
978 1139 1101 1166 omnium
1119 1140 1300 1174 inspector-em
1321 1144 1399 1167 metae
1420 1140 1481 1168 loco
1495 1141 1594 1168 animae
1608 1148 1667 1169 sua

876 1185 1028 1219 proposuit,
1040 1192 1141 1220 gnarus
1156 1185 1229 1219 quod
1242 1192 1304 1214 eum
1317 1185 1400 1213 latere
1414 1193 1468 1212 non
1482 1185 1579 1220 possit,
1593 1185 1664 1213 clam

876 1237 987 1265 quoque
1001 1237 1115 1265 peccare
1129 1231 1326 1265 super-sedebit.

910 1327 976 1356 LIII.
1004 1328 1071 1362 Quae
1090 1336 1152 1356 cum
1172 1329 1294 1357 audisset
1307 1328 1425 1364 Appiun,
1453 1328 1641 1356 lntellcxeram
1654 1348 1663 1362 ,

875 1372 973 1409 inquit,
985 1382 1019 1401 ex
1029 1381 1086 1409 quo
1098 1375 1189 1402 audivi
1205 1374 1254 1401 tibi
1268 1382 1331 1402 cum
1347 1374 1512 1402 Christianis
1526 1382 1586 1402 esse
1598 1382 1664 1402 eon-

875 1419 1068 1450 suetudinem.
1097 1419 1246 1447 mutavisse
1274 1425 1300 1447 te
1326 1420 1500 1448 sententiam.
1531 1420 1666 1448 Praeclare

874 1465 946 1492 enim
965 1473 981 1492 a
995 1466 1114 1500 quodam
1135 1465 1239 1493 dictum
1251 1470 1294 1493 est
1309 1475 1316 1494 :
1334 1466 1420 1493 Mores
1437 1467 1517 1494 bonas
1533 1467 1664 1502 colloquia

873 1515 1044 1546 corrumpunt
1064 1511 1137 1538 mala
1147 1512 1180 1538 θ’.
1202 1511 1236 1538 Ει
1252 1519 1303 1546 ego
1315 1512 1348 1538 ad
1366 1512 1441 1539 illum
1460 1521 1467 1539 :
1484 1511 1557 1547 Ergo
1572 1520 1664 1540 mores

873 1561 928 1581 non
942 1555 1031 1582 bonos
1042 1555 1177 1590 colloquia
1192 1556 1263 1583 bona
1276 1558 1427 1590 corrigunt.
1446 1557 1467 1573 ⁸⁸
1483 1556 1545 1584 lla:c
1562 1564 1605 1584 me
1619 1557 1663 1585 ἀμ

873 1603 967 1632 eente,
990 1601 1036 1635 qui
1058 1599 1183 1633 aderant,
1200 1608 1255 1628 non
1271 1601 1388 1629 obscure
1410 1601 1574 1630 videbantur
1590 1603 1664 1630 dele-

873 1646 941 1674 ctari
956 1647 991 1676 iis
1002 1655 1064 1682 quae
1077 1655 1091 1674 a
1103 1655 1147 1674 me
1158 1647 1319 1674 dicebantur
1335 1657 1341 1674 :
1359 1648 1431 1675 unde
1445 1652 1472 1675 et
1492 1656 1554 1676 cum
1567 1657 1663 1685 roges-

873 1696 943 1725 Sent,
957 1698 986 1720 ut
1010 1693 1142 1727 postridie
1165 1693 1265 1720 iterum
1284 1694 1487 1725 conveniretur.
1501 1694 1663 1729 imprarsen-

872 1737 973 1765 tiarutn
981 1738 1175 1766 discesserunt.
1183 1738 1297 1766 Postero
1305 1744 1396 1766 autem
1403 1739 1457 1773 die,
1464 1740 1544 1768 Petro
1552 1749 1663 1776 egresso

872 1787 1066 1817 processerunt
1083 1783 1190 1810 obviam
1203 1791 1256 1810 non
1269 1784 1348 1818 pauci
1364 1784 1484 1818 ﬁnitimi,
1501 1793 1534 1813 ac
1545 1793 1578 1812 ex
1590 1786 1663 1821 Tyro

872 1829 931 1863 ipsa
956 1829 1132 1864 complures;
1158 1834 1184 1856 et
1204 1830 1403 1864 acclamabant,
1428 1831 1549 1859 dicentes
1567 1842 1573 1859 :
1591 1832 1663 1861 Deus

872 1882 921 1909 per
937 1879 962 1902 te
985 1875 1071 1902 nostri
1095 1875 1268 1908 misereatur,
1282 1883 1330 1910 per
1343 1879 1371 1903 te
1389 1884 1440 1903 nos
1457 1878 1552 1904 curet!
1581 1877 1664 1906 Stans

871 1927 937 1955 ergo
957 1920 1054 1947 Petrus
1080 1920 1108 1947 in
1129 1921 1239 1948 excelso
1255 1921 1354 1956 lapide,
1379 1927 1408 1949 ut
1425 1923 1554 1951 omnibus
1570 1930 1663 1959 posset

871 1973 933 1994 esse
943 1966 1108 2000 conspicuus
1119 1987 1126 1999 ,
1142 1970 1286 2002 postquam
1302 1968 1430 2003 religioso
1446 1976 1522 1996 more
1543 1970 1661 1998 salutas-

871 2017 922 2045 set,
939 2012 976 2039 ita
989 2020 1105 2040 exorsus
1118 2017 1177 2040 est:

906 2057 973 2085 LIV.
996 2057 1060 2090 Deo,
1079 2059 1213 2086 conditori
1230 2059 1307 2092 celi,
1331 2064 1419 2093 terras,
1437 2068 1469 2088 ac
1487 2061 1586 2095 maris,
1599 2070 1656 2090 non

871 2104 948 2131 det-st
960 2104 1069 2131 occasio
1079 2105 1112 2131 ad
1126 2104 1240 2132 salutem
1252 2113 1347 2133 eorum
1360 2107 1408 2141 qui
1420 2107 1522 2134 servari
1532 2109 1656 2143 cupiunt:

871 2154 960 2184 potest
979 2149 1053 2176 enim
1075 2154 1103 2178 et
1120 2152 1227 2177 animas
1242 2155 1350 2178 nostras
1364 2155 1391 2178 et
1411 2159 1525 2187 corpora
1538 2161 1659 2182 servare.

55 2190 125 2226 Mi;
136 2194 206 2229 ἡμῶν
217 2196 266 2222 καὶ
276 2196 312 2223 τὰ
324 2195 438 2232 σώματα
456 2196 551 2224 σῶσαι.
568 2197 705 2224 Μανθάνω
716 2196 772 2230 οὖν,
783 2199 821 2231 ὡς

877 2196 962 2223 Audio
975 2196 1079 2230 utique,
1099 2196 1240 2224 Simonem
1260 2196 1368 2232 Magum
1383 2198 1451 2226 bove
1469 2204 1586 2227 mactato
1598 2208 1663 2228 con-

57 2235 197 2274 βῢυθντήσας
212 2241 305 2277 Σίμων
320 2241 445 2276 ὁΜάγος,
469 2242 604 2269 εἱστίασεν
617 2243 689 2278 ὑμᾶς
699 2244 729 2270 ὲν
745 2244 815 2281 μέσῃ

55 2283 80 2318 τῇ
88 2284 170 2322 ἀγορᾷ,
181 2288 225 2314 καὶ
240 2287 306 2324 οίνῳ
325 2287 414 2323 πολλῷ
427 2288 554 2323 κορέσας,
569 2288 701 2325 ὀλεθρίοις
719 2289 818 2316 πάθεσι

56 2328 92 2354 ul
103 2329 198 2366 δαίμοσι
215 2333 416 2369 παραδέδωκεν.
440 2333 508 2360 Ἀλλ’
522 2333 617 2369 ὥσπερ
634 2331 680 2361 οὖν
692 2334 746 2361 τῶν
761 2334 819 2361 δαί-

58 2381 119 2407 pom
128 2377 321 2415 ἀποδεδομένων
336 2379 464 2415 θυμάτων
481 2379 679 2414 μεταλαϐόντες
691 2399 698 2411 ,
715 2379 753 2415 τῷ
768 2380 819 2416 τῆς

58 2421 136 2454 κακίας
153 2424 262 2461 ἡγεμόνι
287 2425 504 2462 κατεδουλώθητε
518 2435 525 2442 ·
547 2427 634 2459 οὕτως
661 2427 693 2453 ἂν
714 2427 817 2454 τούτων

59 2467 198 2504 παυσάμενοι
221 2471 262 2506 τῷ
280 2471 339 2507 Θεῷ
360 2471 404 2499 διὰ
428 2472 476 2499 τοῦ
500 2473 603 2508 Κυρίου
624 2473 703 2508 ἡμῶν
728 2472 815 2508 Ἰησοῦ

59 2509 153 2546 Χριστοῦ
166 2516 340 2552 προσέλθητε,
355 2515 384 2544 εὖ
400 2517 456 2544 ἴστε
469 2539 476 2550 ,
490 2518 531 2544 ὅτι
550 2518 599 2545 σὺν
616 2520 650 2554 τῇ
663 2518 712 2545 τοῦ
728 2517 818 2554 σώμα-

60 2562 94 2586 τος
107 2558 174 2591 ἰάσει,
185 2561 228 2588 καὶ
241 2562 292 2594 τὰς
310 2562 398 2599 ψυχὰς
415 2564 588 2598 ὑγιαινούσας
611 2564 696 2597 ἕξετε,
714 2564 749 2591 τὰ
759 2563 819 2599 Θεῷ

61 2599 182 2646 dficitur-ta.
203 2609 393 2644 μετερχόμενοι
418 2610 495 2636 Ἐστι
510 2610 538 2636 δὲ
559 2610 595 2637 τὰ
616 2611 766 2645 ἀρέσκοντα
780 2610 820 2646 τῷ

62 2645 116 2682 θεῷ,
124 2650 150 2676 τὸ
161 2652 228 2689 αὑτῷ
239 2662 268 2680 τε
280 2655 482 2691 προσεύχεσθαι
493 2676 500 2688 ,
513 2656 560 2683 καὶ¹
571 2656 713 2692 τραπέζης
721 2657 818 2692 δαιμο-

870 2242 972 2269 vivium
986 2242 1065 2269 vobis
1080 2242 1107 2268 in
1121 2242 1211 2269 medio
1230 2242 1290 2269 foro
1304 2243 1428 2275 dedisse,
1444 2252 1476 2271 ac
1492 2245 1556 2272 vino
1571 2246 1658 2274 multo

868 2288 990 2322 expletos
1008 2287 1172 2323 perniciosis
1200 2288 1303 2315 ιηοι-Ιιίε
1322 2296 1354 2315 ac
1381 2289 1552 2317 daemonibus
1573 2291 1658 2317 tradi-

867 2332 951 2360 disse.
973 2333 1009 2360 At
1023 2337 1098 2360 certe
1122 2333 1194 2360 sicut
1216 2333 1351 2368 perceptis
1366 2335 1508 2362 sacriﬁciis
1529 2343 1590 2370 quae
1604 2335 1660 2362 daa-

869 2379 1000 2407 monibus
1015 2379 1106 2406 oblata
1120 2380 1240 2412 fuerant,
1251 2370 1362 2407 malitiae
1379 2379 1441 2407 duci
1452 2380 1556 2408 servire
1569 2380 1659 2408 coacti

869 2425 950 2453 estis:
962 2425 997 2452 ita
1007 2425 1041 2456 si,
1051 2425 1085 2452 iis
1100 2425 1212 2457 relictis,
1227 2425 1261 2452 ad
1274 2425 1370 2458 Deum,
1383 2433 1432 2460 per
1447 2425 1590 2452 Dominum
1603 2433 1654 2453 no-

870 2474 957 2498 strum
971 2469 1064 2498 Jesum
1078 2470 1235 2502 Clu-istum,
1259 2471 1444 2502 accesseritis.
1463 2470 1584 2505 profecto
1599 2471 1656 2498 sci-

871 2520 926 2544 tote
936 2536 943 2550 ,
960 2524 1009 2544 vos
1022 2524 1084 2543 cum
1107 2516 1231 2550 corporis
1245 2516 1373 2549 sanitate,
1388 2516 1470 2543 etiam
1489 2515 1597 2543 animas
1612 2523 1658 2543 sa-

870 2570 920 2590 nas
950 2562 1093 2589 habituros
1119 2570 1195 2595 esse;
1236 2562 1291 2589 Deo
1327 2563 1427 2597 placita
1461 2563 1656 2590 consectando.

870 2611 1005 2638 Caeterum
1019 2609 1074 2637 Deo
1085 2610 1185 2645 placita
1197 2614 1278 2641 sunt;
1292 2616 1353 2636 eum
1374 2609 1490 2644 precari,
1505 2609 1656 2637 dasmonio.

871 2664 931 2683 rum
948 2664 1043 2684 mensa
1058 2655 1208 2687 abstinere,
1225 2654 1386 2689 sanguinem
1400 2662 1455 2682 non
1464 2655 1598 2691 attingere
1608 2663 1657 2683 seu

664 2704 781 2732 VARUE
802 2703 1002 2732 LECTIONES.

119 2753 137 2770 ⁸³
153 2756 270 2787 Clamant.
285 2761 360 2788 hom.
385 2769 423 2792 iv,
440 2768 466 2788 c.
477 2761 523 2792 22,
535 2766 586 2789 etc.
641 2761 663 2777 "
682 2762 717 2789 al.
742 2763 849 2790 Ἀπίων.

64 2785 115 2814 "il

80 2825 173 2859 πήντων-
206 2830 225 2846 ⁷³
241 2832 275 2858 al.
296 2825 402 2866 ἑλεήτο.
442 2825 473 2848 τί
483 2832 517 2859 al.
539 2832 622 2861 inscr.
649 2833 704 2861 καί.

117 2796 227 2832 enauder.
244 2797 262 2822 Ι.
279 2803 304 2827 1;
319 2795 402 2823 lCor.
422 2804 474 2829 xv,
490 2796 533 2823 55.
568 2797 590 2813 ⁵³
605 2795 736 2826 Clement.
752 2798 824 2826 hom.
846 2807 882 2832 tv,
899 2805 923 2826 ο.

891 2758 918 2778 σε

1050 2761 1100 2789 ἔτι.
1139 2761 1162 2777 ⁸⁸
1174 2759 1209 2796 al.
1227 2759 1295 2787 ἀλλά
1320 2760 1350 2796 ἦ.
1376 2759 1399 2778 ⁸⁸
1419 2759 1454 2796 al.
1474 2758 1654 2796 numici)”.

933 2763 968 2790 al.
991 2762 1030 2813 μη
1050 2762 1100 2789 ἔτι.
1139 2762 1162 2777 ⁸⁸
1174 2762 1209 2788 al.
1227 2762 1295 2787 ἀλλὰ
1320 2762 1350 2796 ἦ·
1376 2762 1399 2778 "
1419 2762 1453 2787 al.
1474 2762 1654 2794 ἡλλοιοῡσθαι.

934 2798 977 2825 ‘25.
1032 2798 1042 2813 θ
1062 2798 1096 2824 al.
1118 2795 1322 2832 dvextbpowml.
1336 2795 1536 2832 ὑπανεχώρουν.
1575 2795 1599 2811 ⁷⁹
1617 2796 1654 2826 aL
