1917 3100
230 117 279 146 5H

658 117 687 146 S.
708 116 902 146 CLEMENTIS
918 116 929 144 l
947 115 1030 144 ROM.
1049 115 1150 144 ΡΟΝΤ.
1169 114 1284 144 OPERA
1302 113 1416 142 DUBIA.

1809 111 1865 139 512

227 184 354 215 gustare,
381 180 417 209 ab
438 181 515 208 omni
537 180 748 215 inquinamento
771 179 964 207 immaculatos
989 185 1019 206 se

1074 178 1133 205 νίων
1161 177 1330 212 ἀπέχεσθαι,
1357 175 1394 212 μὴ
1418 173 1516 210 ψαύειν
1544 173 1675 209 αἵματος,
1702 171 1736 198 ὲκ
1761 170 1865 202 παντὸς

227 233 407 260 conservare;
434 227 462 254 in
485 227 579 255 multis
593 225 755 261 corporibus
778 233 832 253 una
851 229 940 253 mente
956 232 1017 259 gra-

227 273 346 306 dientes,
370 274 443 308 quod
462 273 655 308 unusquisque
671 271 723 300 sibi
738 272 806 304 vult,
819 271 846 298 id
860 275 888 298 et
899 271 932 298 de
952 277 1012 305 pro-

229 319 305 347 ximo
318 320 439 354 cogitare
455 327 487 346 ac
499 326 609 354 cupere.
631 318 677 345 Ait
693 318 765 345 enim
782 327 789 345 :
806 318 830 333 "
843 316 902 345 Non
917 316 959 344 vis
976 315 1018 342 in-

229 365 334 398 terﬁci,
349 366 466 392 alterum
487 373 542 392 non
567 364 716 391 interﬂcias
735 371 741 390 :
758 371 813 390 non
838 362 879 390 vis
903 369 1015 390 uxorem

229 416 303 439 tuam
317 412 352 439 ab
366 411 421 438 alio
433 410 607 445 constuprari
617 430 624 442 ,
641 409 755 436 alterius
771 413 883 442 nuptam
903 415 936 434 ne
951 413 1018 434 con-

229 463 321 493 stupra
340 467 348 485 :
370 465 424 485 non
447 457 489 485 vis
509 456 650 492 quidpiam
672 455 785 482 omnino
801 462 891 482 rerum
908 458 1016 481 tuarum

228 503 304 532 furto
323 503 446 536 auferri,
463 503 534 530 nihil
557 502 670 530 alterius
685 501 786 529 furare.
810 500 899 535 Atque
922 500 960 527 ita
983 507 1018 526 ex

228 551 307 578 vobis
322 551 390 585 ipsis
405 549 479 584 quod
497 549 596 576 rationi
616 553 831 575 consentaneum
847 551 889 574 est
914 546 1017 574 intelli-

229 599 333 630 gentes,
347 602 379 622 ac
391 593 554 626 consectati,
570 592 626 620 Deo
642 592 719 620 chari
731 590 818 624 eritis,
835 596 861 619 et
873 590 1017 618 sanitatem

229 639 427 674 assequemini.

265 684 321 712 LV.
336 685 359 700 "
369 683 433 712 Haec
450 691 465 711 a
479 683 560 711 Petro
582 682 678 718 paucis
689 681 786 710 diebus
798 681 905 714 edocti,
921 680 1018 708 deinde

229 732 257 755 et
266 729 436 756 curationem
452 728 553 763 adepti,
567 727 600 754 ad
624 734 733 754 sacrum
748 726 914 761 baptismum
928 733 1020 753 acces-

229 779 335 801 serunt.
349 773 416 807 Quae
429 781 492 801 cum
510 772 617 801 Sidonii
634 772 799 805 audiissent,
815 771 1018 806 supplicaturas

228 818 263 846 ad
280 819 389 846 Petrum
402 820 546 851 miserunt,
562 823 589 846 et
600 818 761 846 acciverunt
774 825 837 845 eum
849 817 884 845 ad
895 824 941 850 se;
953 817 1017 852 quia

230 872 330 899 nempe
345 864 396 899 ipsi
411 869 520 899 propter
533 865 644 892 morbos
656 863 690 890 ad
705 864 781 891 illum
794 863 888 890 venire
903 870 958 890 non
972 871 1018 898 po-

228 914 327 938 terant.
351 911 435 945 lgitur
458 911 555 938 Petrus
577 915 723 945 postquam
746 916 849 945 paucos
875 909 934 937 dies
951 909 1016 945 Tyri

227 961 414 984 commoratus
438 961 521 989 esset,
538 955 697 990 morbisque
722 954 876 990 omnigenis
887 962 935 982 eos
948 954 1018 982 libe-

227 1001 353 1033 rasisset,
367 1006 395 1028 et
410 1001 575 1028 instituisset
590 1000 752 1033 Ecclesiam,
763 1004 846 1035 atque
858 1008 891 1027 ex
903 1000 1018 1035 presby-

227 1048 295 1075 teris
309 1048 355 1082 qui
372 1055 434 1075 eum
449 1048 635 1082 sequebantur
655 1047 813 1082 episcopum
828 1046 896 1082 ipsis
911 1046 1017 1075 consti-

227 1094 336 1127 tuisset,
355 1092 484 1121 Sidonem
504 1094 643 1128 profectus
662 1097 715 1120 est.
732 1092 894 1128 Rursusque
920 1093 1016 1121 Simon

229 1140 337 1175 uagus,
359 1145 500 1174 comperto
511 1140 567 1174 jam
580 1140 728 1167 adventare
745 1139 865 1172 Petrum,
882 1140 953 1167 ultro
967 1148 1017 1167 au-

226 1186 306 1222 fugit,
320 1190 347 1213 et
358 1186 390 1213 ad
407 1185 536 1221 Berytum
551 1193 613 1213 cum
628 1185 752 1220 Appione
765 1185 880 1221 ejusque
892 1186 975 1214 sociis
986 1194 1018 1214 se

226 1235 350 1262 contulit.

263 1279 331 1307 LVI.
346 1279 481 1308 Caeterum
497 1280 544 1307 ubi
556 1279 654 1308 Petrus
667 1279 798 1307 Sidonem
813 1279 953 1315 ingressus
963 1285 1015 1314 est,

226 1327 331 1355 multos
347 1326 375 1354 in
389 1326 467 1354 lectis
483 1330 679 1362 portaverunt,
695 1333 727 1354 ac
739 1326 767 1353 in
787 1331 935 1361 conspectu
955 1326 1016 1362 ejus

227 1376 386 1407 posuerunt.
403 1371 437 1398 At
454 1371 553 1399 Petrus
573 1372 607 1399 ad
629 1379 678 1400 eos
701 1380 708 1398 :
732 1371 771 1400 Ne
785 1372 959 1405 existimetis,
974 1373 1016 1400 in-

228 1417 297 1452 quit,
315 1424 357 1444 me
370 1416 473 1452 aliquid
485 1424 566 1451 posse
579 1416 614 1444 ad
628 1417 799 1444 curationem
812 1421 931 1445 vestram
943 1438 951 1450 ,
967 1417 1016 1452 qui

229 1470 292 1490 sum
304 1461 363 1498 ipse
378 1470 489 1498 quoque
511 1463 594 1490 homo
608 1463 742 1496 mortalis,
754 1471 786 1491 ac
803 1463 896 1491 multis
909 1471 1018 1499 perpes-

228 1507 354 1536 sionibus
369 1508 526 1536 obnoxius:
539 1508 638 1536 docere
660 1513 751 1536 autem
770 1516 819 1536 vos
837 1510 948 1537 modum
961 1517 1017 1545 quo
1030 1518 1051 1547 ο

228 1554 297 1583 salvi
311 1561 372 1582 esse
384 1554 520 1590 poteritis,
535 1561 591 1582 non
606 1555 759 1590 gravabor;
774 1559 867 1590 utpote
885 1555 933 1590 qui
957 1555 1016 1591 ipse

229 1606 340 1635 quoque
353 1607 368 1626 a
383 1599 495 1627 Christo
507 1599 620 1628 edoctus
635 1599 686 1627 sim
697 1620 706 1633 ,
729 1605 756 1627 et
776 1600 928 1635 discipulus
948 1596 1017 1628 Boni

230 1644 303 1672 ilius
315 1644 505 1673 exstiterim."
525 1644 588 1673 Haec
599 1650 626 1673 et
641 1646 668 1673 in
682 1646 783 1674 Sidone
794 1645 875 1674 Petro
886 1647 1018 1675 suadente

229 1688 264 1716 iis
276 1689 322 1724 qui
338 1696 541 1723 convenerant,
566 1698 627 1718 cum
645 1691 741 1725 paucis
762 1691 858 1720 diebus
876 1692 954 1720 multi
979 1691 1018 1719 ibi

229 1742 340 1770 quoque
357 1735 519 1770 paenitentia
530 1736 604 1764 ducti
626 1736 754 1770 fuissent,
779 1744 811 1765 ac
826 1738 1017 1771 credidissent,

229 1780 291 1808 dein
303 1785 330 1808 et
340 1781 457 1809 sanitate
479 1782 573 1810 donati
596 1787 700 1816 essent,
716 1781 867 1810 Ecclesiam
884 1783 1016 1818 instituit;

229 1831 257 1854 et
282 1831 429 1862 postquam
443 1828 564 1863 aliquem
579 1836 613 1856 ex
627 1828 794 1864 presbyteris
809 1829 856 1864 qui
873 1837 936 1857 eum
951 1837 1019 1864 con-

1033 850 1054 878 B

229 1873 404 1901 aectabantur
418 1874 608 1902 constituisset
631 1874 790 1911 episcopum
800 1897 809 1909 ,
824 1875 927 1904 Sidone
941 1883 1019 1912 egre-

229 1917 313 1945 ditur.

265 1962 343 1991 LVII.
361 1964 459 1992 Statim
474 1970 564 1993 autem
586 1973 618 1993 ac
633 1965 761 2002 Berytum
774 1967 916 2002 pervenit,
936 1972 1016 1997 terra:

229 2015 323 2038 motus
339 2009 428 2038 factus
441 2015 483 2038 est
496 2019 503 2038 :
515 2015 598 2046 atque
610 2012 687 2046 plebs
702 2013 836 2041 accedens
849 2013 882 2040 ad
896 2013 1017 2047 Petrum,

231 2059 262 2083 ut
275 2055 358 2083 ferret
371 2063 452 2091 opem
468 2057 590 2092 rogabat.
606 2057 762 2086 Timuimus
775 2058 860 2092 enim,
880 2059 1017 2093 dicebant,

232 2107 267 2128 ne
281 2099 404 2128 funditus
426 2101 590 2135 periremus.
616 2101 694 2133 Tunc
719 2107 748 2130 et
773 2104 880 2137 Simon,
904 2105 1019 2132 audacia

231 2152 358 2181 sumpta,
381 2152 409 2175 et
426 2153 584 2176 commento
604 2156 658 2176 una
679 2156 742 2177 cum
766 2149 906 2185 Appioue,
928 2150 1020 2179 Annu-

231 2191 520 2227 bione,Atheuodoro,
542 2194 701 2230 ceterisque
724 2196 854 2224 omnibus
879 2197 1020 2226 sodalibus
1036 2192 1058 2219 Β

230 2237 402 2273 excogitato,
416 2239 523 2274 publice
542 2241 711 2269 multitudini
725 2241 876 2276 clamabat,
905 2241 1016 2270 Petrum

231 2283 398 2312 ostendens:
413 2284 508 2320 Fugite
529 2285 603 2313 hunc
616 2305 624 2320 ,
645 2293 663 2314 ο
683 2286 751 2319 viri,
777 2287 852 2314 omni
871 2287 963 2315 studio
985 2295 1019 2316 ac

231 2327 424 2363 festinatione,
449 2330 549 2366 fugite,
562 2331 672 2366 dicens,
690 2331 786 2369 Iagus
800 2337 860 2364 est.
877 2334 944 2361 mihi
963 2342 1020 2362 cre-

231 2373 303 2408 dite;
316 2379 345 2403 et
358 2380 437 2404 terra
450 2381 557 2405 motum
576 2377 600 2406 is
615 2379 674 2414 ipse
688 2379 760 2414 apud
775 2386 825 2407 vos
840 2378 922 2413 fecit,
944 2388 1018 2407 mor-

231 2421 337 2457 bosque
349 2423 487 2456 excitavit,
512 2428 542 2451 ut
556 2432 606 2452 vos
626 2428 786 2459 perterrent,
806 2424 932 2461 Deusque
946 2426 1020 2461 apud

232 2475 284 2496 vos
297 2468 387 2504 palam
403 2469 547 2498 habeatur.
573 2471 699 2506 Cumque
719 2472 838 2507 populus
852 2479 882 2500 se
895 2472 966 2499 intra
980 2473 1020 2500 si-

232 2513 348 2542 lentium
374 2515 525 2550 tenuisset,
541 2515 639 2544 Petrus
650 2517 806 2549 subridens,
821 2518 938 2552 plurima
957 2526 1020 2546 cum

219 2559 361 2587 .libertate
382 2560 468 2594 :Viri,
488 2562 592 2597 inquit,
608 2570 670 2597 qua:
683 2563 718 2590 ab
742 2562 804 2591 istis
818 2564 957 2596 dicuntur,
977 2572 1022 2592 me

235 2612 328 2640 posse,
345 2605 401 2634 Deo
412 2608 530 2642 volente,
545 2609 661 2644 ellicere,
674 2609 777 2639 fateor:
792 2611 826 2638 ad
841 2611 899 2638 haec
909 2615 1021 2645 paratus

1069 225 1223 261 μιάσματος
1243 223 1373 254 άσπίλους
1392 222 1505 253 ἑαυτοὺς
1527 221 1670 256 συντηρεῖν
1682 238 1691 251 ,
1707 219 1737 245 ὲν
1753 218 1864 249 πολλοῖς

1068 270 1173 305 σώμασι
1188 270 1237 305 μιᾷ
1251 268 1348 305 γνώμῃ
1362 267 1543 302 ποιχοῦντας,
1557 266 1625 302 ὅπερ
1639 265 1755 296 ἕκαστος
1771 262 1865 298 ἐαυτῷ

1068 316 1154 349 θέλει,
1174 315 1253 343 τοῦτο
1268 315 1316 342 καὶ
1333 314 1398 350 περὶ
1418 312 1466 340 τοῦ
1489 312 1602 348 πλησίον
1623 312 1740 347 φρονεῖν.
1756 310 1780 326 ⁷⁵
1789 310 1863 344 Φησὶ

1066 362 1136 398 γάρ·
1154 362 1192 389 Οὐ
1212 361 1300 393 θέλεις
1325 360 1506 395 φονευθῆναι,
1527 358 1621 394 ἕτερον
1647 357 1684 393 μὴ
1711 355 1862 392 φονεύσῃς·

1067 408 1098 434 οὐ
1113 407 1200 438 θέλεις
1219 406 1268 442 τὴν
1287 406 1336 441 σὴν
1354 406 1400 440 ὑφ’
1413 405 1508 440 ἑτέρου
1533 403 1706 439 μοιχευθῆναι
1721 402 1842 436 γυναῖκα
1853 420 1863 432 ,

1067 454 1117 488 τὴν
1141 453 1235 488 ὲτέρου
1261 452 1299 488 μὴ
1320 451 1429 487 μοίχευε
1455 450 1592 485 γαμετήν·
1609 449 1640 475 οὺ
1657 447 1746 479 θέλεις
1761 455 1788 473 τι
1805 446 1865 472 τῶν

1069 499 1123 526 σῶν
1137 499 1206 530 ὅλως
1218 498 1372 533 κλαπῆναι,
1397 496 1491 532 ἐτέρου
1513 495 1550 531 μὴ
1573 494 1672 521 κλέπτε
1694 492 1788 528 μηδέν.
1806 491 1864 518 Καὶ

1068 544 1155 576 οὕτως
1177 544 1223 579 ἀφ’
1243 543 1320 580 ὑμῶν
1343 542 1432 570 αὐτῶν
1449 541 1480 568 τδ
1502 540 1611 574 εὔλογον
1634 536 1811 568 συννοοῦντές
1831 544 1864 562 τε

1068 591 1117 618 καὶ
1128 590 1275 626 μετιόντες,
1287 589 1346 624 Θεῷ
1356 588 1514 625 προσφιλεῖς
1523 586 1628 618 ἔσεσθε,
1639 586 1684 613 καὶ
1696 585 1747 621 τῆς
1762 585 1865 615 ἰάσεως

1068 636 1251 670 ὲπιτεύξεσθε.

1103 681 1159 709 LV.
1181 681 1299 709 Τοιαῦτα
1312 680 1364 708 ὑπὸ
1379 680 1426 707 τοῦ
1445 679 1550 716 Πέτρου
1571 678 1600 705 ὲν
1617 677 1723 712 ὀλίγαις
1741 675 1866 712 ἡμέραις

1068 727 1286 763 κατηχηθέντες,
1306 724 1365 754 εἶτα
1386 726 1434 753 καὶ
1449 725 1596 761 θεραπείας
1615 723 1780 756 ἀξιωθέντες
1792 742 1800 754 ,
1823 721 1866 756 τῷ

1070 773 1136 809 ἱερῷ
1150 772 1301 809 προσῆλθον
1317 772 1494 807 βαπτίσματι.
1512 770 1604 797 Ταῦτα
1615 769 1661 796 καὶ
1670 768 1794 795 Σιδώνιοι
1812 776 1867 802 μα-

1069 821 1171 853 θόντες,
1190 819 1283 850 ίκέτας
1295 818 1362 854 πρὸς
1377 817 1422 844 τὸν
1435 817 1538 853 Πέτρον
1550 814 1713 846 έστελλονη,
1729 812 1867 849 μετάκλη-

1068 875 1115 893 τον
1133 865 1271 896 ποιοῦντες
1290 863 1359 898 πρὸς
1374 863 1492 894 αὐτοὺς,
1511 861 1559 888 ἅτε
1574 860 1606 896 δὴ
1626 859 1671 886 διὰ
1689 858 1740 889 τὰς
1766 857 1866 888 νόσους

1067 911 1206 942 ἀδυνάτως
1220 910 1298 937 αὐτοὶ
1313 909 1421 944 ἔχοντες
1437 908 1506 942 πρὸς
1526 907 1627 933 ἐκεῖνον
1643 905 1750 940 φοιτᾷν.
1768 904 1798 930 '0
1816 903 1856 929 Πέ

1066 965 1130 992 τρος
1143 956 1233 982 τοίνυν
1248 955 1353 991 ἡμέρας
1367 954 1460 988 ὀλίγας
1472 951 1644 988 ἐνδιατρίψας
1658 952 1691 986 τῇ
1708 949 1803 986 Τύρῳ,
1816 949 1866 975 καὶ

1067 999 1245 1027 παντοδαπῶν
1267 1000 1367 1030 αὐτοὺς
1388 997 1545 1029 ἀπαλλάξας
1567 995 1676 1027 παθῶν,
1697 994 1865 1030 Ἐκκλησίαν

1066 1056 1097 1074 τε
1110 1045 1323 1081 συστησάμενος,
1333 1045 1381 1072 καὶ
1395 1044 1449 1071 ἀπὸ
1461 1043 1515 1070 τῶν
1531 1042 1672 1078 ἑπομένων
1695 1040 1772 1076 αὺτῷ
1795 1049 1865 1074 πρε-

1068 1091 1206 1126 σϐυτέρων
1218 1089 1366 1116 ἐπίσκοπον
1374 1089 1466 1120 αὐτοῖς
1477 1087 1664 1123 καταστήσας,
1677 1086 1809 1122 ὥρμησεν
1823 1086 1865 1116 εἰς

1067 1136 1183 1164 Σιδῶνα·
1195 1136 1285 1172 Σίμων
1301 1135 1329 1162 δὲ
1344 1134 1425 1162 πάλιν
1435 1135 1449 1162 ὁ
1462 1134 1556 1168 Μάγος
1573 1133 1674 1168 ἥκοντα
1687 1131 1737 1167 ἤδη
1749 1131 1797 1158 τδν
1811 1131 1867 1157 Πέ-

1066 1191 1130 1218 τρον
1144 1180 1323 1218 μεμαθηκὼς,
1340 1180 1451 1215 φεύγειν
1463 1178 1568 1215 ἠγάπα,
1585 1178 1631 1204 καὶ
1655 1177 1724 1213 πρὸς
1738 1176 1864 1212 Βηρυτὸν

1066 1227 1166 1264 ἐχώρει
1180 1226 1250 1263 μετὰ
1270 1225 1422 1257 Ἀππίωνος
1440 1224 1488 1252 καὶ
1503 1224 1558 1251 τῶν
1575 1222 1690 1258 ἑταίρων
1704 1221 1800 1249 αὑτοῦ.

1101 1284 1168 1312 LVI.
1198 1283 1251 1311 Τοῦ
1276 1283 1305 1310 δὲ
1327 1282 1433 1317 Πέτρου
1450 1280 1581 1312 εἰσιόντος
1605 1280 1645 1312 είς
1667 1278 1718 1315 τὴν
1735 1278 1864 1310 Σιδῶνα,

1066 1331 1180 1363 πολλοὺς
1193 1331 1239 1357 ἐπὶ
1251 1329 1349 1357 κλινῶν
1364 1329 1497 1365 φέροντες
1515 1328 1555 1359 είς
1568 1327 1629 1362 ὄψιν
1640 1325 1775 1353 ἐτίθεσαν.
1791 1325 1821 1352 ’0
1834 1325 1863 1351 δὲ

1067 1378 1169 1414 Πέτρος
1183 1377 1251 1413 πρὸς
1265 1375 1365 1407 αὺτούς
1374 1384 1381 1390 ·
1400 1375 1446 1410 Μή
1464 1383 1497 1410 με
1507 1373 1646 1409 νομίσητε,
1657 1372 1720 1408 ἔφη,
1730 1371 1864 1399 δύνασθαί

1065 1432 1092 1450 τι
1109 1423 1177 1459 πρὸς
1190 1422 1326 1458 ὑμετέραν
1346 1421 1436 1452 ῐασιν,
1455 1419 1598 1456 ἄνθρωπον
1618 1418 1682 1445 ὅντα
1700 1418 1799 1453 θνητὸν
1816 1417 1864 1444 καὶ

1066 1469 1164 1502 αὑτὸν,
1186 1469 1233 1495 καὶ
1262 1468 1369 1499 πολλοῖς
1397 1465 1512 1494 πάθεσιν
1539 1465 1731 1501 ὑποκείμενον·
1755 1463 1866 1499 ὑφηγή-

1068 1515 1165 1542 σασθαι
1183 1514 1211 1541 δὲ
1227 1514 1291 1550 ὑμῖν
1313 1513 1358 1540 τὸν
1383 1511 1483 1548 τρόπον
1507 1510 1542 1537 δι’
1561 1507 1592 1538 οῦ
1615 1510 1734 1545 σωθῆναι
1752 1509 1865 1535 δυνατοὶ

1068 1560 1163 1588 ἔσεσθε
1175 1581 1182 1594 ,
1203 1560 1234 1587 οὐ
1249 1559 1339 1594 φθονῶ
1346 1558 1381 1591 ⁷⁷,
1396 1559 1434 1590 ὡς
1456 1557 1489 1585 ἂν
1508 1557 1555 1584 καὶ
1576 1556 1658 1588 αὐτὸς
1673 1556 1726 1583 ὑπὸ
1740 1554 1865 1591 Χριστοῦ

1067 1606 1202 1642 διδαχθεὶς
1214 1627 1222 1638 ,
1240 1606 1287 1632 καὶ
1303 1604 1427 1641 μαθητὴς
1439 1603 1545 1630 ἐκείνου
1561 1602 1608 1629 τοῦ
1623 1600 1726 1636 ἀγαθοῦ
1747 1601 1866 1636 γενόμε-

1067 1659 1122 1682 νος.
1137 1649 1255 1677 Τοιαῦτα
1268 1649 1314 1676 καὶ
1327 1649 1356 1675 ὲν
1373 1646 1469 1675 Σιδῶνι
1479 1647 1527 1674 τοῦ
1543 1647 1647 1683 Πέτρου
1663 1645 1865 1682 παραινοῦντος

1067 1697 1124 1727 τοῖς
1147 1694 1302 1727 συνιοῦσιν,
1329 1695 1358 1720 ἐν
1378 1693 1483 1728 ὀλίγαις
1508 1692 1625 1728 ἡμέραις
1646 1691 1754 1718 πολλῶν
1781 1692 1866 1718 κάκεῖ

1069 1741 1198 1778 μετανοίᾳ
1217 1739 1396 1776 χρησαμένων
1417 1739 1464 1766 καὶ
1485 1738 1705 1770 πιστευσάντων,
1731 1735 1792 1764 εἶτα
1816 1738 1864 1764 καὶ

1069 1786 1215 1823 θεραπείας
1230 1785 1415 1826 ἀξιωθέντων,
1447 1784 1610 1819 Ἐκκλησίαν
1633 1783 1799 1818 συνέστησε,
1817 1784 1864 1810 καὶ

1068 1833 1122 1860 τῶν
1151 1832 1340 1868 συνεπομένων
1367 1830 1442 1867 αὑτῷ
1467 1829 1660 1867 πρεσϐυτέρων
1690 1829 1753 1856 τινὰ
1775 1837 1863 1856 κατα-

1069 1878 1203 1906 στήσαςπ
1217 1877 1377 1909 ἐπίσκοπον,
1391 1876 1475 1910 ἔξεισι
1489 1877 1537 1912 τῆς
1550 1875 1673 1906 Σιδῶνος.

1105 1967 1183 1995 LVII.
1210 1967 1253 1999 Ὠς
1273 1966 1302 1994 δὲ
1321 1965 1401 1998 εὐθὺς
1425 1964 1512 2001 ὲπέὸη
1526 1965 1575 2001 τῆς
1589 1964 1731 2001 Βηρυτοῦ,
1748 1966 1862 2001 σεισμὸς

1069 2013 1192 2048 ἐγένετο·
1208 2013 1255 2039 καὶ
1267 2012 1293 2038 oi
1309 2011 1383 2047 ὄχλοι
1403 2010 1564 2046 προσιόντες
1576 2009 1615 2046 τῷ
1627 2011 1739 2046 Πέτρῳ,
1753 2009 1861 2045 βοηθεῖν

1069 2059 1181 2086 ἐδέοντο.
1197 2057 1382 2093 Πεφοὸήμεθα
1394 2056 1449 2092 γάρ
1459 2076 1467 2089 ,
1482 2056 1585 2091 ἔλεγον,
1599 2056 1636 2092 μὴ
1652 2056 1699 2082 καὶ
1719 2056 1862 2088 παντελῶς

1069 2104 1241 2140 ἀπολώμεθα.
1260 2103 1328 2131 Τότε
1348 2103 1395 2130 καὶ
1415 2103 1429 2129 ό
1449 2102 1540 2138 Σίμων
1563 2102 1702 2138 τολμήσας
1725 2102 1860 2129 Ἀππίωνι

1070 2151 1128 2186 ἃμα
1141 2150 1188 2177 καὶ
1204 2149 1373 2177 Ἀννουὸίωνι
1383 2148 1454 2180 ⁸⁰-⁸¹,
1477 2147 1650 2183 Ἀθηνοδώρῳ
1666 2156 1696 2174 τε
1706 2167 1714 2181 ,
1732 2149 1783 2175 καὶ
1803 2148 1860 2175 ὅσοι

1071 2197 1160 2233 ἕτεροι
1178 2194 1249 2232 ἦσαν
1272 2194 1345 2230 αὐτῷ
1369 2193 1641 2230 προσηταιρισμένοι,
1663 2193 1783 2230 δημοσίᾳ.
1806 2195 1860 2225 τοῖς

1072 2243 1160 2279 ὕχλοις
1179 2242 1259 2274 ὲὸόα,
1280 2241 1383 2276 Πέτρον
1397 2239 1572 2271 ὑποδεικνὺς·
1584 2239 1700 2274 Φεύγετε
1717 2240 1825 2273 τοῦτον,
1840 2237 1860 2267 ὦ

1071 2289 1167 2325 ἄνδρες
1177 2309 1185 2322 ,
1200 2288 1276 2324 πάσῃ
1290 2287 1392 2322 σπουδῇ
1402 2307 1409 2319 ,
1425 2286 1554 2322 φεύγετε·
1573 2286 1659 2322 μάγος
1672 2287 1742 2318 ἐστὶ,
1762 2286 1859 2321 λέγων,

1072 2334 1250 2362 πιστεύσατε·
1274 2332 1322 2360 καὶ
1343 2332 1389 2359 τὸν
1411 2330 1521 2366 σεισμὸν
1544 2331 1625 2364 αὐτὸς
1642 2329 1720 2363 οὗτος
1743 2332 1774 2359 ὲν
1798 2333 1860 2367 ὑμῖν

1073 2381 1220 2416 εἰργάσατο
1230 2399 1238 2411 ,
1255 2379 1302 2406 καὶ
1313 2378 1361 2410 τὰς
1376 2378 1469 2410 νόσους
1483 2378 1618 2413 ἐκίνησεν,
1633 2378 1677 2404 ἵνα
1690 2378 1765 2413 ὑμᾶς
1778 2387 1848 2406 κατα

1074 2427 1174 2464 πλήξῃ,
1189 2426 1236 2453 καὶ
1253 2425 1313 2457 θεὸς
1330 2425 1458 2460 ἄντικρυς
1473 2424 1537 2460 παρ’
1549 2424 1613 2459 ὑμῖν
1627 2424 1753 2459 νομισθῗμ
1780 2424 1859 2451 Ἡσυ-

1074 2473 1135 2509 χίαν
1151 2472 1179 2498 δὲ
1196 2471 1243 2498 τοῦ
1253 2470 1319 2498 λαοῦ
1337 2469 1532 2506 παρασχόντος,
1547 2470 1561 2496 ό
1573 2469 1674 2504 Πέτρος
1692 2469 1781 2504 βραχὺ
1794 2470 1860 2497 ὑπο-

1077 2517 1217 2554 μειδιάσας
1228 2537 1235 2549 ,
1253 2516 1321 2552 μετὰ
1335 2516 1434 2551 πολλῆς
1450 2514 1522 2551 μάλα
1544 2515 1593 2550 τῆς
1616 2515 1785 2550 παρρησίας·
1799 2516 1860 2542 Ἀν-

1075 2563 1146 2598 δρες,
1158 2562 1210 2597 ἔφη
1219 2583 1227 2595 ,
1241 2563 1313 2598 ἅπερ
1323 2559 1396 2589 οῦτοι
1409 2561 1526 2596 λέγουσι,
1542 2560 1609 2587 Θεοῦ
1624 2560 1756 2592 θέλοντος,
1776 2562 1859 2588 ποιεῖν

1076 2609 1187 2642 δυνατὸς
1200 2607 1269 2636 εἶναι
1280 2608 1415 2644 ὁμολογῶ-
1435 2608 1504 2644 πρὸς
1515 2607 1545 2635 δὲ
1563 2607 1666 2640 τούτοις
1680 2607 1789 2643 ἕτοιμός
1804 2609 1858 2644 εἰμι

871 2688 988 2716 vam/5
1007 2688 1208 2716 LECTIONES.
1858 2679 1865 2717 ί

283 2745 306 2786 τ’
323 2745 417 2786 Matth.
431 2754 480 2786 vii,
493 2747 556 2786 _l%_,
568 2747 585 2774 Ι.
601 2747 763 2786 [iecognLL
774 2756 842 2786 _vm2
856 2756 882 2776 c.
900 2747 957 2786 56._
983 2747 1025 2786 ⁷⁸-η

1076 2749 1156 2786 deest
1173 2749 1257 2786 in_al.
1284 2749 1308 2766 "
1323 2747 1419 2780 (Ilem.,
1429 2747 1521 2786 “hom.
1534 2754 1582 2786 νιι3
1597 2753 1623 2786 c._
1640 2745 1671 2785 5_.
1685 2749 1739 2773 etc.
1775 2746 1798 2786 ζ·
1813 2746 1845 2786 a_l.

237 2780 411 2811 ἀπέστελλον,
432 2781 467 2808 al.
487 2782 660 2809 ἀπέστειλαν.

238 2815 294 2830 sou
310 2815 333 2830 ..1
366 2816 517 2830 “Δ......ιέι..η.
546 2817 641 2830 .....I:....

712 2785 735 2801 '"
755 2783 791 2810 al.
813 2781 844 2811 εὖ
871 2782 972 2818 φρονῶ.
1009 2784 1025 2799 "‘

1074 2783 1179 2812 (emerit.
1208 2783 1281 2810 hom.
1302 2791 1338 2809 νιι
1352 2803 1360 2815 ,
1382 2779 1454 2814 θέε,
1466 2787 1518 2809 etc.
1549 2782 1578 2818 ν⁷⁹
1599 2781 1742 2818 al._inser.
1756 2779 1853 2818 αὐτοῖς.

309 2815 344 2842 al.
366 2816 530 2853 ’ᾼνουϐίωνι,
546 2817 653 2853 melius.
671 2817 740 2845 Tros
755 2818 848 2852 scripti
866 2815 973 2845 codices
994 2819 1023 2844 Ἀ

1074 2819 1148 2853 δϐίῳ,
1165 2826 1213 2853 pro
1235 2818 1374 2853 ’Λνουϐἱῳ.
1392 2817 1500 2844 Anubio
1512 2817 1624 2853 enim_e_t
1638 2815 1764 2853 hnubius
1792 2815 1854 2842 idem

239 2857 351 2884 nomen,
367 2851 401 2878 ab
422 2852 508 2883 Ambi
538 2851 727 2888 Egyptiorum
754 2849 819 2881 deo'
836 2853 991 2881 deductum.
1009 2853 1065 2881 Sub
1081 2849 1278 2889 ﬁliéufcapitis
1294 2849 1365 2882 unus
1380 2853 1508 2888 scriptus,
1524 2849 1653 2886 πεισθῆτέ
1665 2858 1722 2886 μοι.
1738 2850 1805 2878 Cor.
