1917 3100
229 160 284 191 515

643 161 672 189 S.
691 160 885 189 CLEMENTIS
907 160 919 187 l
936 159 1020 187 ROM.
1041 158 1141 186 PONT.
1159 159 1275 188 OPERA
1292 159 1407 189 DUBIA.

1814 161 1864 189 516

228 226 304 254 hunc
317 227 443 253 nuntium
467 225 492 253 ei
515 224 632 253 aferens
647 234 653 252 :
670 223 766 252 Simon
787 225 896 259 Magos,
913 224 958 252 tibi
975 223 1017 251 di-

1075 223 1110 249 5τι
1124 223 1216 260 Σίμων
1234 226 1248 251 ὁ
1258 224 1350 259 Μάγος
1372 224 1465 260 μαθών
1483 232 1513 251 σε
1527 224 1560 259 τῇ
1581 221 1713 258 Τριπόλει
1726 221 1864 256 ἐπιδημῇ-

228 272 296 301 dicit
315 277 342 300 te
355 271 459 307 Tripoli
473 278 546 303 esse,
569 271 596 298 in
624 270 731 306 Syriam
751 271 809 306 ipse
824 270 893 298 abiit
906 279 912 297 :
925 270 1014 297 inulti-

229 318 297 345 tudo
312 322 402 344 autem
417 324 500 344 unam
517 316 587 343 hanc
600 321 706 343 noctem
723 323 784 343 esse
804 315 869 342 anni
884 315 1018 342 ambitum

230 364 362 391 arbitrata
373 383 380 395 ,
395 370 446 390 nec
463 362 557 389 valens
573 362 753 396 praestitutum
770 369 783 388 a
799 366 825 388 te
849 364 956 395 tempus
969 368 1018 388 ex-

231 414 364 444 spectare,
381 416 431 444 pro
447 407 553 435 foribus
566 412 620 434 stat
630 427 637 438 .
656 414 704 442 per
714 411 802 434 caatus
816 413 843 433 et
855 406 974 433 circulos
985 405 1019 432 de

232 453 354 482 Simonis
375 453 548 488 improbitate
572 457 668 480 mutuo
686 452 863 486 colloquens;
885 452 931 486 qui
954 458 1017 478 cum

231 509 279 529 eos
293 501 320 528 iu
337 508 412 535 spem
428 500 598 531 adduXISsct,
613 503 695 534 atque
707 498 844 533 pollicilus
861 503 933 525 esset
945 498 1018 533 quod

231 552 259 574 te
273 553 433 582 prasentem
449 547 543 574 multis
559 548 592 574 de
603 547 767 575 criminibus
782 552 856 574 esset
873 547 1018 574 convictu-

232 601 292 626 rus,
309 594 420 629 cognito
437 593 554 621 adventu
573 599 620 621 tuo
633 601 662 621 se
678 594 711 621 de
727 598 806 620 nocte
821 593 847 620 in
863 592 955 628 fugam
972 592 1020 620 de-

232 639 303 666 derit
315 647 322 665 :
341 639 388 666 sed
401 643 428 666 et
440 639 534 666 eadem
548 639 624 674 plebs
639 643 664 666 te
676 639 770 666 audire
783 638 929 666 desiderat.

268 683 348 710 LXII.
366 683 399 711 Et
413 684 520 717 Petrus.
546 685 699 712 admiratus
722 685 795 720 vulgi
821 685 955 716 studium.
975 692 1020 712 re-

232 730 343 764 spondit
357 738 365 757 :
383 729 498 762 Videtis,
513 729 622 762 fratres,
643 739 699 766 quo
714 737 793 766 pacto
809 731 917 759 Domini
933 731 1018 759 nostri

231 775 315 803 verba
342 775 484 804 manifeste
504 776 703 811 compleantur.
720 777 830 804 Memini
857 778 930 804 enim
955 785 1018 805 eum

225 821 346 848 dicere:
365 821 444 848 Multi
470 822 572 849 venient
593 822 624 849 ab
643 822 760 856 Oriente,
774 829 798 850 et
822 822 977 856 Occidente,
994 828 1019 851 et

230 867 370 902 Aquilone,
388 871 413 894 et
443 869 527 900 mari,
545 877 576 895 ac
607 869 755 896 recumbent
778 878 838 896 cum
856 869 1018 901 Abrahamo,

233 910 329 938 Isaaco
350 916 375 938 et
401 911 502 939 lat-cbo
513 913 547 940 ".
567 912 619 940 Sed
635 918 662 940 et
684 913 775 947 Multi,
801 915 898 949 inquit,
915 916 1018 948 vocali;

231 959 310 993 pauci
330 966 389 986 vero
417 959 539 987 electi".
556 960 647 996 Itaque
672 960 745 996 quod
771 962 893 994 veniant,
911 969 964 989 non
979 967 1021 990 est

231 1013 326 1033 eorttm
342 1007 495 1042 proprium,
514 1008 560 1035 sed
584 1013 626 1036 est
643 1008 689 1036 Dei
705 1009 752 1044 qui
767 1010 876 1037 vocavit
893 1019 899 1037 :
915 1009 938 1037 si
955 1016 1020 1036 vero

231 1056 294 1087 post
315 1053 484 1081 vocationem
512 1054 582 1081 bona
606 1063 688 1090 opera
712 1054 836 1087 fecerint,
858 1055 909 1082 hoc
923 1062 1018 1081 eorum

231 1098 285 1125 erit
298 1099 450 1133 proprium,
463 1105 489 1127 ct
500 1100 707 1128 convenientem
722 1104 904 1135 assequentur
916 1107 1020 1127 merce-

231 1145 273 1172 dis
288 1146 506 1173 retributionem.
520 1145 542 1161 ⁹⁷
556 1145 620 1174 Haec
638 1147 708 1173 dixit
723 1155 730 1173 :
747 1154 864 1180 cumque
884 1145 1020 1181 ingentem

232 1190 341 1217 turbam
361 1190 476 1223 videret,
502 1190 600 1218 leniter
630 1191 706 1218 velut
730 1190 867 1226 placidum
887 1189 1019 1217 ﬂuentum

230 1237 321 1265 amnis
333 1237 454 1270 aﬂluere,
471 1237 592 1264 Μιλτοοηί
612 1237 650 1264 ait
667 1246 673 1264 :
688 1235 738 1264 Ubi
756 1237 800 1264 hic
813 1237 862 1264 tibi
876 1237 953 1264 locus
968 1241 1019 1269 est,

231 1282 279 1317 qui
296 1282 368 1309 hanc
387 1282 591 1310 multitudinem
607 1289 706 1317 capere
729 1281 833 1317 possit?
844 1281 877 1309 Et
891 1281 1021 1310 Maroone

230 1328 347 1356 ducente
373 1335 437 1355 eum
453 1327 481 1354 in
501 1327 590 1355 locum
606 1327 686 1354 horto
703 1327 842 1354 excultum
860 1334 892 1355 ac
905 1327 1017 1356 subdia-

231 1372 296 1405 Iem,
310 1377 410 1400 secutae
425 1376 489 1400 sunt
504 1377 531 1400 et
544 1373 639 1400 turbat.

268 1417 359 1445 LXIII.
385 1418 482 1446 Petrus
506 1422 609 1451 autent,
629 1426 709 1453 super
729 1418 816 1446 basim
841 1423 939 1446 statuae
965 1426 1019 1445 non

232 1464 383 1491 admodum
402 1465 538 1494 excelsam
561 1469 653 1498 stans;
670 1465 752 1492 simul
778 1469 862 1500 atque
889 1465 1019 1500 populum

233 1518 310 1537 more
331 1510 458 1545 religioso
477 1511 641 1544 salutasset;
665 1518 778 1538 cernens
802 1511 903 1538 multos
926 1516 1020 1538 astan-

1071 278 1164 302 σαντα,
1180 272 1230 306 τὴν
1242 271 1288 298 ἐπὶ
1299 271 1399 307 Συρίαν
1409 271 1490 302 αὐτὸς
1505 270 1600 306 ᾤχετο·
1610 269 1644 295 τὰ
1655 269 1684 295 δὲ
1711 267 1806 304 πλήθη
1816 267 1864 303 τὴν

1072 317 1135 352 μίαν
1156 317 1258 353 ταύτην
1275 317 1361 344 νύκτα
1382 315 1507 343 ἐνιαυτοῦ
1534 315 1658 351 περίοδον
1673 314 1864 351 ἡγησάμενοι,

1069 362 1119 398 τὴν
1133 362 1255 390 δοθεῖσαν
1270 363 1322 390 ὑπὸ
1342 362 1389 389 σοῦ
1412 362 1582 398 προθεσμίαν
1596 361 1626 387 οὺ
1640 360 1789 396 δυνάμενοι
1802 359 1866 386 ἁνα-

1071 408 1171 444 μένειν,
1186 409 1239 444 πρὸ
1248 409 1302 435 τῶν
1313 408 1404 445 θυρῶν
1419 408 1559 443 ἑστήκασι,
1571 407 1640 434 κατὰ
1657 406 1808 438 συστάσεις
1822 407 1867 432 καὶ

1071 456 1225 490 συλλόγους,
1241 454 1367 490 ἀλλήλοις
1377 455 1441 490 περὶ
1455 454 1504 489 τῆς
1514 452 1561 479 τοῦ
1576 452 1697 488 Σίμωνος
1712 452 1867 487 μοχθηρίας

1069 501 1251 537 διομιλοῦντες
1261 522 1268 533 ,
1282 500 1322 527 διὸ
1330 499 1354 516 ³³
1373 499 1541 535 μετεωρίσας
1563 498 1670 530 αὐτοὺς,
1681 498 1731 524 καὶ
1745 497 1866 532 ὑποσχό-

1071 556 1151 584 μενος
1164 548 1210 574 ἐπὶ
1224 546 1331 578 πολλοῖς
1350 554 1379 572 σε
1401 546 1496 577 κακοῖς
1515 545 1626 571 ἐλθόντα
1640 543 1764 578 ἐλέγξειν
1775 563 1782 575 ,
1806 543 1867 569 ἐπι-

1069 593 1228 629 δημήσαντα
1239 592 1334 627 γνοὺς.
1349 592 1458 627 νύκτωρ
1481 591 1610 625 διέφυγε⁶
1626 590 1696 626 πλὴν
1716 589 1868 624 ἐπιθυμοῦο

1071 645 1113 664 σιν
1127 638 1207 665 αὐτοὶ
1220 637 1335 664 ἀκοῦσαί
1352 644 1408 663 σου.

1105 684 1184 712 ιλιι.
1207 685 1261 711 Καὶ
1285 683 1299 710 ό
1328 684 1430 719 Πέτρος
1453 681 1597 716 Θαυμάσας
1624 681 1679 707 τῶν
1700 680 1791 715 ὄχλων
1818 680 1865 714 τὴν

1071 731 1198 766 σπουδὴν,
1217 730 1393 766 ἀπεκρίνατο·
1425 729 1532 765 Ὁρᾶτε,
1552 727 1679 762 ἀδελφοὶ,
1696 727 1759 758 πῶς
1779 727 1805 752 οἱ
1819 726 1864 753 τοῦ

1071 777 1173 812 Κυρίου
1195 775 1274 812 ἡμῶν
1290 775 1363 810 λόγοι
1375 775 1504 811 ἐμφανῶς
1519 773 1694 800 τελειοῦνται.
1712 772 1756 800 Μέ
1760 782 1815 808 μνη
1819 782 1865 808 μαι

1070 824 1124 859 γὰρ
1143 823 1224 850 αὑτοῦ
1238 821 1388 858 εἰρηκότος,
1407 821 1457 848 ὃτι·
1470 819 1583 848 Πολλοὶ
1604 819 1785 846 ἐλεύσονται
1808 818 1866 845 ἀπὸ

1070 869 1235 900 ἀνατολῶν,
1262 868 1312 895 καὶ
1334 868 1467 902 δυσμῶν,
1490 867 1538 894 καὶ
1560 866 1657 901 puppi
1683 865 1734 893 καὶ
1749 865 1865 893 θαλάσ-

1070 925 1129 950 σης
1142 916 1177 931 ’δ’
1211 915 1260 942 καὶ
1282 914 1537 946 ἀνακλιθήσονται
1562 913 1637 948 μετὰ
1663 911 1797 947 Ἀϐραὰμ
1819 911 1866 938 καὶ

1077 962 1180 989 Ἰσαὰκ
1200 961 1250 988 καὶ
1273 961 1383 988 Ἰακώϐ.
1405 960 1484 987 Ἀλλὰ
1497 960 1544 987 καὶ
1564 958 1684 990 πολλοὶ,
1701 958 1782 994 φησὶ,
1794 959 1865 991 κλη-

1070 1009 1125 1040 τοὶ,
1136 1008 1231 1043 ὀλίγοι
1250 1007 1284 1034 δὲ
1297 1007 1442 1034 ἐκλεκτοί.
1458 1006 1494 1033 Τὸ
1515 1006 1564 1042 μὲν
1581 1003 1626 1033 οὖν
1639 1005 1729 1032 ἐλθεῖν
1741 1004 1795 1031 οὐκ
1818 1004 1864 1030 αὖ-

1070 1054 1125 1081 τῶν
1148 1054 1221 1081 ἐστιν
1238 1053 1313 1085 ἴδιον,
1337 1053 1405 1080 ἀλλὰ
1424 1052 1471 1079 τοῦ
1495 1051 1660 1086 κεκληκότος
1680 1050 1762 1078 Θεοῖν
1777 1050 1824 1077 ἐὰν
1839 1050 1865 1076 δὲ

1073 1099 1141 1136 μετὰ
1155 1100 1185 1126 τὸ
1205 1099 1336 1134 κληθῆναι
1348 1098 1383 1124 τὰ
1404 1097 1494 1132 ἀγαθὰ
1517 1097 1649 1133 πράξωσι,
1675 1096 1757 1123 τοῦτο
1779 1096 1864 1122 αὐτῶν

1071 1145 1145 1177 ἴδιον,
1157 1146 1203 1172 καὶ
1215 1145 1264 1181 τῆς
1277 1144 1469 1180 προσηκούσης
1483 1141 1624 1175 τεύξονται
1640 1141 1862 1178 μισθαποδοσίας.

1071 1192 1164 1220 Ταῦτα
1175 1189 1247 1222 εἷπε,
1258 1191 1305 1218 καὶ
1314 1191 1359 1217 τὸν
1372 1191 1455 1217 πολὺν
1465 1190 1542 1225 ὄχλον
1556 1189 1617 1217 ἰδὼν
1628 1190 1724 1225 πράως
1739 1189 1863 1224 καθάπερ

1070 1239 1170 1275 ἥσυχόν
1182 1247 1208 1264 τι
1227 1237 1315 1274 ῥεῦμα
1331 1236 1454 1272 ποταμοῦ
1468 1236 1639 1272 ἐπιρρέοντα,
1653 1236 1705 1270 ἔψη
1720 1234 1760 1269 τῷ
1775 1235 1864 1269 Μαρο-

1070 1284 1137 1321 ὡνῃ·
1147 1283 1202 1310 Ποῦ
1214 1291 1254 1309 σοι
1267 1283 1347 1314 τόπος
1358 1282 1432 1309 ἐστὶν
1449 1281 1576 1313 ἐνταῦθα,
1586 1281 1648 1313 τοὺς
1661 1281 1758 1316 δχλους
1769 1280 1862 1316 χωρ-ἰν

1070 1329 1218 1365 δυνάμενος
1228 1337 1235 1361 ;
1247 1327 1300 1354 Τοῦ
1311 1328 1340 1355 δὲ
1350 1327 1499 1364 Μαροώνου
1512 1328 1553 1359 εἰς
1567 1326 1776 1362 κεκηπευμένον
1785 1325 1862 1353 τόπον

1071 1375 1118 1400 καὶ
1132 1373 1265 1408 ὕπαιθρον
1279 1373 1360 1400 αὑτὸν
1368 1373 1490 1407 ἄγοντος,
1504 1372 1610 1398 εἵποντο
1626 1372 1672 1398 καὶ
1688 1373 1713 1398 oi
1727 1371 1810 1407 ὖχλοι.

1107 1419 1198 1446 LXIII.
1219 1420 1274 1446 Καὶ
1290 1421 1304 1446 ό
1323 1419 1427 1455 Πέτρος
1444 1419 1491 1445 ἐπί
1504 1427 1577 1450 τινος
1590 1418 1694 1454 βάσεως
1708 1419 1861 1454 ἀνδριάντος

1071 1467 1102 1492 οὐ
1120 1466 1190 1493 πάνυ
1213 1465 1350 1501 μετεώρου
1374 1464 1449 1496 στὰς,
1467 1464 1525 1499 ἅμα
1537 1464 1576 1500 τῷ
1588 1464 1634 1491 τὸν
1650 1465 1729 1500 δχλον
1746 1464 1863 1491 θεοσεϐεῖ

1071 1511 1126 1539 ἔθει
1149 1510 1377 1547 προσαγορεῦσαι,
1391 1510 1453 1538 ἰδὼν
1478 1511 1591 1542 πολλοὺς
1607 1510 1661 1537 τῶν
1683 1509 1862 1546 παρεστώτων

233 1556 313 1586 tium.
328 1563 342 1582 ιι
357 1555 528 1583 daemonibus
538 1556 594 1591 jam
608 1556 654 1583 diu
668 1557 843 1590 molestatos;
858 1564 891 1584 ac
901 1557 1016 1584 stridere

1075 1559 1121 1587 'mb
1127 1558 1259 1594 δαιμόνων
1269 1565 1299 1584 τε
1313 1558 1360 1584 καὶ
1372 1557 1477 1585 πολλῶν
1489 1557 1512 1574 ’⁸
1525 1557 1628 1593 χρόνων
1645 1557 1860 1593 ἐνοχλουμένους,

233 1610 296 1630 cum
321 1603 438 1636 ululatu,
453 1607 479 1630 et
503 1603 644 1638 procidere
665 1610 727 1630 cum
746 1603 960 1638 supplicatione;
980 1604 1022 1631 in-

234 1649 408 1683 erepitis'iis,
426 1649 622 1684 silentiumque
647 1654 740 1677 tenere
762 1649 865 1684 jussis,
885 1650 1022 1684 pollicitus

233 1695 403 1722 curationem
431 1699 493 1729 post
519 1695 641 1722 habitum
673 1703 844 1729 sermonem,
879 1696 917 1723 ita
945 1696 1021 1731 loqui

233 1740 317 1775 coepit
330 1749 336 1767 π

268 1787 362 1815 LXIV.
388 1787 471 1821 Deus,
500 1789 546 1823 qui
573 1788 649 1816 solus
676 1787 766 1816 bonus
791 1792 843 1820 est.
868 1791 1022 1823 cunctaque

233 1833 364 1869 praeclare
390 1833 465 1866 fecit,
497 1837 609 1869 propter
637 1833 754 1861 salutem
778 1833 884 1869 generis
897 1833 1021 1866 humani,

233 1879 309 1907 misit
327 1880 496 1915 unigenitum
511 1878 610 1907 Filium
635 1886 716 1906 suum
732 1879 878 1906 Dominum
895 1884 1020 1907 nostrum

231 1923 325 1952 desum
347 1924 499 1956 Christum,
516 1924 563 1959 qui
579 1924 603 1951 ei
619 1923 718 1959 placita
731 1924 864 1960 vulgarct,
881 1924 1023 1959 legemque

233 1970 310 1997 daret
321 1976 468 2004 aeternam;
482 1974 511 1997 ut
527 1970 600 1997 illam
625 1974 758 2004 perpetuo
786 1971 984 2003 custodientes,
995 1975 1023 1997 et

234 2017 363 2050 baptizati
391 2017 417 2043 in
441 2017 630 2044 remissionem
653 2017 906 2052 peccatorum.vita
922 2018 1022 2052 sempi-

235 2066 310 2088 terna
320 2062 462 2089 donentur.
475 2061 647 2090 "Enitimiui
666 2068 756 2090 autent
770 2063 869 2097 primo,
887 2067 916 2090 ιιι
931 2063 1022 2090 sordi—

234 2108 299 2135 dum
317 2108 507 2134 indumentum
530 2113 665 2142 vestrum,
697 2109 810 2140 scilicet,
844 2108 1021 2142 inﬁdelitatis,

235 2153 358 2186 exuatis;
374 2153 446 2187 quod
476 2160 530 2179 non
560 2153 611 2180 alia
635 2154 740 2181 ratione
755 2153 1021 2189 potestisdeponere,

236 2198 288 2225 nisi
305 2198 381 2232 prius
407 2198 434 2224 in
457 2198 536 2226 bouis
556 2199 710 2226 actionibus
722 2200 896 2234 baptizemini
916 2209 922 2227 :
941 2204 1022 2235 atque

237 2244 287 2276 ita,
303 2243 365 2279 puri
380 2251 495 2278 corpore
511 2252 544 2272 ae
559 2245 650 2272 anima
668 2245 769 2277 eil‘ecti,
787 2245 879 2272 futuro
893 2252 1022 2281 perpetuo

237 2288 466 2324 regnofruemini.
477 2289 569 2325 Itaque
581 2298 631 2318 nec
643 2290 722 2319 idolis
735 2291 846 2325 credite,
858 2300 907 2320 nec
921 2301 1022 2321 mensa:

236 2342 331 2362 eorum
345 2335 490 2370 participes
503 2340 607 2369 estote;
624 2344 677 2363 non
695 2337 824 2370 occidite;
840 2345 893 2364 non
918 2338 1023 2366 adulle-

236 2385 309 2411 rate.
324 2388 376 2408 non
392 2381 504 2416 ﬂagrate
521 2382 584 2409 odio
599 2387 712 2415 mutuo;
728 2390 778 2410 nec
799 2382 901 2410 furtum
923 2383 1020 2418 facile;

237 2435 325 2462 neque
340 2427 454 2454 omnino
473 2428 653 2463 aggredimini
669 2428 723 2456 ulla
737 2436 819 2463 prava
837 2428 967 2457 facinora.

272 2472 353 2500 LXV.
381 2472 444 2501 llmc
472 2481 534 2501 cum
561 2473 684 2506 dixisset,
713 2479 793 2509 atque
813 2482 847 2502 ex
873 2474 1021 2510 Scripturis

237 2519 390 2546 monuisset
409 2518 507 2550 multa,
520 2526 615 2546 omnes
632 2524 858 2554 permanserunt;
870 2520 915 2547 alii
931 2526 959 2548 ut
974 2529 1023 2548 cu-

238 2569 375 2597 rarentur,
391 2565 437 2592 alii
453 2572 483 2592 ut
495 2565 619 2592 viderent
632 2573 680 2592 eos
696 2565 742 2600 qui
757 2566 901 2593 sanitatem
918 2567 1022 2602 recipe-

239 2616 308 2638 rent.
320 2610 417 2638 Petrus
436 2616 526 2638 autent
542 2611 676 2638 duntaxat
689 2611 832 2646 imponens
848 2612 902 2640 illis
914 2620 1021 2645 manus,

239 2662 266 2685 et
280 2662 478 2693 comprecatus,
497 2657 646 2693 unicuique
674 2658 873 2685 immunitatem
897 2666 911 2685 a
928 2659 1023 2685 morbo

1074 1607 1222 1642 βρύχοντάς
1237 1615 1266 1633 τε
1284 1606 1341 1641 μετ’
1353 1606 1475 1641 οἰμωγῆς
1493 1606 1540 1632 καὶ
1561 1603 1711 1636 πίπτοντας
1728 1605 1796 1640 μετὰ
1811 1606 1862 1630 ἱκε-

1074 1652 1144 1683 σίας,
1162 1652 1327 1687 ἐπιτιμήσας
1342 1651 1434 1682 αὐτοῖς
1448 1651 1495 1677 καὶ
1512 1650 1626 1686 ἡσυχίαν
1637 1650 1709 1685 ἔχειν
1724 1650 1859 1683 ἐπιτάξας,

1073 1699 1120 1725 καὶ
1135 1698 1184 1733 τὴν
1200 1697 1270 1724 ἴασιν
1286 1696 1356 1732 μετὰ
1370 1697 1400 1723 το
1416 1696 1589 1732 διαλεχθῆναι
1613 1695 1859 1732 καθυποσχόμενος,

1071 1743 1118 1770 τοῦ
1132 1743 1222 1777 λέγειν
1237 1743 1338 1779 ἦρξατο
1361 1742 1457 1774 οὕτως·

1108 1789 1238 1817 LXIV.'O
1256 1789 1334 1825 μόνος
1353 1789 1455 1823 ἀγαθὸς
1469 1787 1544 1820 θεὸς,
1561 1788 1597 1814 τὰ
1613 1788 1702 1814 πάντα
1719 1788 1810 1820 καλῶς
1822 1797 1863 1814 πε-

1073 1835 1194 1871 ποιηκὼς
1216 1836 1261 1862 ἐπὶ
1286 1835 1408 1871 σωτηρίᾳ
1431 1834 1477 1860 τοῦ
1501 1834 1596 1869 γένους
1621 1834 1675 1860 τῶν
1702 1834 1861 1869 ἀνθρώπιον,

1072 1882 1245 1916 ἐξαπέστειλε
1271 1881 1316 1908 τὸν
1344 1881 1475 1917 μονογενῆ
1506 1881 1588 1907 αὐτοῦ
1614 1881 1678 1908 Υἱὸν
1695 1882 1741 1908 τὸν
1764 1879 1862 1916 Κύριον

1073 1928 1151 1964 ἡμῶν
1171 1926 1274 1963 Ἰησοῦν
1288 1927 1416 1962 Χριστὸν,
1433 1926 1468 1952 τὰ
1480 1926 1575 1961 ἐκείνῳ
1587 1926 1717 1953 δοκοῦντα
1739 1927 1861 1961 ἐκφὰναι,

1073 1973 1119 2000 καὶ
1135 1973 1215 2008 νόμον
1228 1972 1334 1998 αἰώνιον
1351 1970 1453 2002 δοῦναι,
1469 1971 1512 1997 ἴνα
1531 1971 1712 2005 φυλάσσοντες
1725 1971 1807 1997 αὐτὸν
1822 1971 1862 1997 διὰ

1073 2019 1245 2050 παντὸς,,καὶ
1261 2016 1454 2053 βαπτισθέντες
1475 2017 1515 2047 εἰς
1532 2016 1627 2050 ἄφεσιν
1643 2016 1800 2052 ἁμαρτιῶν,
1817 2017 1861 2051 τῆς

1073 2065 1181 2092 αἰωνίου
1191 2064 1263 2098 ζωῆς
1278 2063 1499 2097 καταξιωθῶμεν.
1510 2063 1680 2089 Σπουδάσατε
1691 2062 1721 2088 δὲ
1734 2063 1860 2098 πρότερον

1073 2109 1236 2137 ἐκδύσασθαι
1259 2109 1289 2134 τὸ
1308 2107 1428 2144 ῥυπαρὸν
1445 2107 1521 2143 ὑμῶν
1545 2107 1646 2142 ἔνδυμα
1659 2107 1709 2142 τῆς
1723 2107 1857 2138 ἀπιστίας,

1073 2157 1140 2192 ὅπερ
1154 2156 1203 2182 οὐκ
1211 2154 1298 2186 ἄλλως
1312 2153 1497 2180 ἀποδύσασθαι
1507 2152 1630 2184 δύνασθε,
1642 2153 1665 2179 εἰ
1680 2153 1718 2188 μὴ
1732 2152 1858 2188 πρότερον

1074 2203 1118 2229 ἐπὶ
1142 2202 1238 2232 καλαῖς
1262 2200 1378 2235 πράξεσι
1404 2199 1577 2234 βαπτισθῆτε⁸
1593 2199 1640 2224 καὶ
1659 2197 1733 2224 οὕτω
1750 2198 1858 2234 καθαροὶ

1075 2247 1180 2282 σώματι
1197 2247 1243 2273 καὶ⁸
1256 2246 1327 2280 ψυχῇ
1345 2245 1495 2280 γενόμενοι,
1513 2244 1562 2279 τῆς
1571 2244 1702 2280 ἐσομένης
1719 2244 1807 2271 ἀῗδίου
1819 2245 1858 2279 βα-

1074 2292 1175 2322 οτλίίας
1199 2290 1375 2318 ἀπολαύσετε.
1400 2290 1474 2324 Μήτε
1499 2287 1545 2315 οὖν
1572 2288 1691 2320 εἰδώλοις
1709 2290 1857 2319 πιστεύετε,

1075 2339 1142 2373 μήτε
1165 2336 1304 2372 τραπέζης
1326 2335 1414 2362 αὐτῶν
1439 2334 1648 2361 κοινωνεῖτε¹⁰⁸’
1667 2334 1703 2369 μὴ
1726 2334 1856 2369 φονεύετε.

1075 2385 1111 2420 μὴ
1128 2383 1277 2418 μοιχεύετε,
1301 2382 1337 2417 μὴ
1356 2383 1458 2416 μισεῖτε
1475 2381 1614 2416 ἀλλήλους,
1634 2379 1700 2415 μηδὲ
1721 2381 1855 2411 κλέπτετε,

1076 2430 1142 2466 μηδέ
1155 2430 1252 2460 κακαῖς
1268 2436 1321 2454 τισι
1338 2427 1467 2462 πράξεσιν
1484 2427 1552 2458 ὅλως
1563 2427 1738 2461 ἐπιχειρεῖτε.

1107 2473 1190 2501 LXV.
1205 2473 1297 2499 Ταῦτα
1309 2472 1430 2503 εἰπόντος
1445 2471 1539 2502 αὑτοῦ,
1554 2471 1601 2497 καὶ
1618 2470 1670 2496 ἀπὸ
1680 2470 1736 2496 τῶν
1748 2469 1856 2506 Γραᾳῶν

1074 2519 1159 2547 πολλὰ
1182 2517 1404 2554 παραινέσαντος,
1417 2518 1442 2543 οἱ
1458 2517 1558 2548 πάντες
1584 2516 1765 2552 παρέμειναν,
1777 2517 1800 2542 οἱ
1813 2516 1855 2550 μὲν

1073 2564 1120 2591 τοῦ
1133 2563 1331 2599 θεραπευθῆναι
1345 2562 1434 2598 χάριν,
1446 2562 1469 2588 οἱ
1483 2562 1510 2588 δὲ
1526 2561 1572 2587 τοῦ
1589 2561 1730 2596 ἱστορῆσαι
1742 2562 1804 2592 τοὺς
1812 2561 1855 2594 τῆς

1075 2610 1221 2645 θεραπείας
1235 2607 1421 2642 ἐπιτυχόντας.
1445 2607 1472 2633 '0
1485 2607 1513 2633 δὲ
1525 2607 1628 2642 Πέτρος
1637 2606 1686 2638 τὰς
1704 2608 1798 2642 χεῖρας
1812 2607 1854 2633 αὑ-

1075 2656 1130 2687 τοῖς
1149 2655 1252 2686 ἐπιθεὶς
1281 2654 1369 2690 μόνον,
1384 2654 1430 2680 καὶ
1453 2652 1680 2688 προσευξάμενος,
1703 2653 1756 2688 τὴν
1775 2651 1855 2680 desi-

873 2717 988 2746 VARIE
1008 2716 1209 2745 LECTIONES.

276 2798 299 2814 ’³
313 2799 348 2825 al.
367 2799 417 2826 ὅτι.
456 2800 479 2817 ’δ
493 2799 548 2825 Καὶ
573 2797 731 2830 θιιτῑιὶσσης
763 2805 812 2831 pro
836 2798 881 2824 καὶ
902 2798 988 2824 νότου.
1007 2799 1072 2827 Luc.
1090 2807 1139 2826 XIII
1152 2820 1159 2830 ,
1175 2799 1209 2825 ‘29
1221 2820 1227 2831 ,
1245 2807 1276 2825 ex
1306 2798 1403 2829 Psalm.
1420 2805 1474 2826 cvi.
1491 2798 1518 2829 5,
1544 2796 1589 2822 ubi
1604 2795 1713 2822 videndi
1730 2795 1852 2831 Interpre-

242 2837 292 2860 tes.
309 2834 375 2861 (101'.
414 2834 436 2850 ”
446 2834 538 2860 Matth.
560 2842 617 2862 VIII,
636 2833 683 2864 il;
704 2832 768 2858 Luc.
787 2840 844 2863 xm,
863 2833 907 2860 ‘29.
946 2834 967 2850 ³⁵
984 2834 1076 2862 Matth.
1095 2843 1139 2866 xx,
1160 2836 1200 2860 lii.

977 2870 999 2885 ε’)
1022 2867 1161 2901 (Ilrmmt.,
1175 2869 1248 2896 hom.
1266 2876 1324 2899 νιιι,
1342 2877 1401 2902 rap.
1418 2868 1461 2893 '23.

245 2875 313 2898 Iv,c.
329 2868 354 2899 7,
364 2874 414 2896 etc.
453 2870 475 2885 ⁵⁸
491 2869 525 2895 al.
539 2869 642 2894 πολλῶν
663 2868 797 2893 παθιῖλνὲκ
811 2867 919 2894 πολλῶν.

1250 2834 1272 2849 ³⁷
1296 2828 1433 2861 (Ξιεηιεηιη
1444 2833 1516 2858 hom.
1531 2839 1589 2861 VIII.
1601 2839 1625 2857 c.
1639 2830 1665 2861 8,
1682 2836 1736 2857 etc.
1755 2828 1820 2861 lien,
1835 2829 1851 2855 l.

1505 2867 1583 2893 lr"'al.
1603 2866 1686 2894 IIIS'PI‘.
1705 2866 1813 2900 μιαρᾶς.
