1917 3100
60 166 101 195 517
442 169 672 199 CLEMENTINA.
690 186 726 191 —
743 171 892 201 EPITOME
912 173 956 200 DE
972 172 1093 201 GESTIS
1112 173 1142 202 S.
1162 173 1272 202 PETRI.

1610 174 1661 203 5I8

58 224 128 260 λαγὴν
148 224 251 261 ικᾱστῳ
267 227 315 254 τοῦ
338 227 439 260 τάθους
457 229 616 265 παρέσχετο
634 229 672 263 ὡς
691 231 755 263 τοὺς
774 231 817 267 μὲι

876 232 991 267 praebuit
1008 241 1014 260 :
1031 232 1099 260 adeo
1124 233 1222 268 ut.qui
1244 232 1335 260 subito
1351 233 1440 260 curati
1454 232 1572 266 fuerant,
1586 241 1662 260 sum-

58 270 207 306 παραχρῆμα
235 271 454 308 θεραπευθέντας
471 275 479 290 ¹
499 274 709 311 ὑπερθαυμάσαι
727 285 758 303 τε
777 277 824 304 καὶ

57 313 120 346 δόξαν
130 314 296 351 ὑπὲρτούτου
304 319 498 353 προσενεγκεῖν
509 319 549 354 τῷ
562 319 631 355 Θεῷ.
646 320 767 353 Βεδαίως
777 319 824 349 οὖν

57 358 228 392 πιστεύσαντες
240 360 299 397 ἅμα
307 363 363 395 τοῖς
374 362 590 399 θεραπευθεῑσιν,
602 366 650 393 hri.
659 366 694 393 τὰ
702 366 806 393 ἑαυτῶν
813 368 823 383 ¹

56 404 161 439 ἀπῄεσαν
177 406 254 433 τοῦτο
280 406 407 441 λαϐόντες
427 409 546 447 ἐντολὴν,
562 409 633 438 ὥστε
644 412 824 449 πρωῖαίτερον

57 450 183 479 συνελθεῖν.

84 495 165 524 LXVI.
181 498 218 533 Τῇ
229 495 277 525 οὖν
288 498 402 536 ἐπιούσῃ
414 501 429 527 ὸ
440 500 541 537 Πέτρος
556 502 615 538 ἅμα
629 503 685 535 τοῖς
701 503 823 531 συνοῦσιν

55 541 154 577 ἑταίροις
177 543 264 576 ἐξιὼν,
288 545 335 572 καὶ
356 546 402 573 ἐπὶ
417 546 462 574 τὸν
474 547 555 574 τόπον
573 548 653 576 πάλιν
674 548 768 576 ἐλθὼν·
794 550 823 578 '0

55 587 115 619 Θεὸς,
137 588 209 623 ἔλεγε
237 590 306 626 πρὸς
328 591 435 624 αὐτοὺς,
461 593 549 620 πάντα
563 593 684 622 δύναται.
706 595 823 629 Ἐκεῖνος

54 633 97 668 γάρ
112 635 178 661 ἐστιν
191 635 292 670 ἀγαθὸς
313 638 360 664 καὶ
373 638 486 671 δίκαιος,
505 639 552 666 καὶ
568 639 615 667 νῦν
630 640 677 668 επὶ
694 643 760 669 πᾶσι
773 651 823 678 μα-

54 679 186 715 κροθυμῶν,
200 681 243 708 ἵνα
259 683 283 709 οί
300 682 454 719 βουλόμενοι
470 685 513 720 ἐφ’
528 684 569 718 οἷς
585 686 706 720 ἔπραξαν
729 689 823 720 κακοῖς

55 726 278 762 μεταμεληθέντες,
289 730 337 756 καὶ
348 730 418 757 κατὰ
424 730 454 758 τὸ
462 730 577 767 ἀρέσκον
583 732 657 767 αὺτῷ
667 731 822 767 βιώσαντες,

54 770 159 807 ὲνὴμέρᾳ
170 769 185 809 ᾗ
195 772 322 801 τὰπάντα
333 775 452 810 κρίνεται
460 775 516 812 [ῖσ.
527 777 683 814 κρινεῖται],
695 778 749 805 τῶν
761 779 822 805 κατ’

54 815 116 848 ἀξίαν
130 817 240 851 ἕκαστος
261 819 412 858 ἀπολαύσῃ.
428 821 474 848 Διὸ
493 821 540 849 νῦν
563 822 680 858 ᾶρξασθε
698 823 823 858 γνώσεως

53 862 147 898 ἀγαθῆς,
166 863 224 900 Θεῷ
243 865 411 901 πειθόμενοι,
439 867 590 902 ἀντιλέγειν
612 869 672 901 ταῖς
692 869 796 896 ἑαυτῶν
811 870 821 886 ⁸

53 907 142 941 ἀτόποις
165 909 337 946 ἐπιθυμίαις,
371 912 415 939 ίνα
444 901 575 948 δυνηθῆτε
604 913 821 941 ἀνακαλέσασθαι
837 901 858 929 Β

52 953 91 988 τὴν
111 953 213 990 πρώτην
235 957 270 992 τῇ
300 956 487 993 ἀνθρωτούτητι
526 957 689 994 νεμηθεῖσαν
728 959 818 994 χάριν.

54 996 116 1023 (limo
140 998 190 1035 γὰρ
207 999 273 1036 ὑμῖν
289 1000 405 1037 ἐξαυτῆς
419 1002 541 1029 άνατελεῐ
554 1002 589 1030 τὰ
604 1003 703 1038 ἀγαθά·
717 1004 764 1030 καὶ
779 1003 819 1040 τῷ

53 1043 175 1070 δεδωκότι⁶
190 1045 421 1084 εὖχαριστήσετε⁷
443 1049 484 1080 είς
508 1048 552 1075 ἀεὶ
577 1048 632 1076 τῶν
656 1049 820 1086 ἀπορρήτων

51 1088 208 1123 ἀπολαύοντες
235 1091 365 1127 ἀγαθῶν,
389 1093 603 1131 ἁπολουσάμενοι
631 1096 664 1131 τῇ
696 1096 819 1132 μακαρίᾳ

51 1134 89 1169 τῆς
102 1135 206 1171 Τριάδος
221 1137 366 1174 ἐπικλήσει
383 1139 524 1176 πρότερον,
540 1140 567 1167 εῐ
582 1148 625 1173 τις
636 1140 724 1176 κηλὶς,
738 1141 766 1168 el
775 1150 819 1174 τις

52 1180 127 1212 σπῖλος
140 1181 198 1213 ταῖς
210 1181 359 1218 ὑμετέραις
369 1183 527 1216 ἐπιπολάζει
546 1185 657 1220 ψυχαῖς.
673 1184 752 1213 οὕτω
763 1186 816 1222 γὰρ

51 1225 74 1251 οὺ
86 1225 154 1260 μόνον
173 1227 208 1254 τὰ
229 1227 429 1264 ὲνδομυχοῦντα
438 1230 449 1246 ⁸
465 1229 609 1266 πνεύματα
623 1230 688 1267 ὑμῖν
702 1230 818 1258 ἀποδιῶ-

51 1270 84 1303 ξαι
97 1272 243 1308 δυνήσεσθε,
265 1274 336 1301 ἀλλὰ
354 1275 401 1302 καὶ
413 1275 449 1303 τὰ
464 1275 568 1313 ἑτέροις
579 1277 739 1312 ἐνοχλοῦντα
757 1278 816 1306 δαι-

51 1317 122 1352 μόνια,
143 1321 189 1348 σὺν
213 1321 271 1354 τοϊς
294 1321 385 1354 ἄλλοις
400 1323 513 1350 πάθεσιν
539 1323 700 1352 ἁπελάσετε.
723 1324 816 1353 Ταῦτα

50 1363 127 1397 εἰπὼν,
138 1367 190 1397 τοῖς
201 1366 254 1394 ὑπό
267 1375 351 1395 τινων
372 1368 465 1396 παθῶν
488 1368 662 1404 ὸχλουμένοις
674 1369 816 1397 ἐκέλευσεν

50 1408 109 1443 αἰντῷ
127 1413 275 1447 προσιέναι;
297 1413 345 1440 καὶ
368 1415 462 1449 χεῖρας
486 1414 578 1446 αὐτοῖς
590 1414 763 1447 ὲπιθεὶς,καὶ
776 1415 816 1449 ἐξ·

49 1456 118 1490 αυτῆς
137 1457 288 1493 ἰασάμενος,
313 1459 493 1486 heret-lato"
511 1460 698 1497 ὀρθριαίτερον
728 1461 816 1488 συνελ-

49 1499 102 1528 θεῖν.

77 1546 166 1576 LXVII.
180 1551 218 1586 Τῇ
228 1551 256 1578 δὲ
270 1551 351 1588 τρίτῃ
370 1552 461 1589 ἡμέρᾳ
480 1552 543 1589 περὶ
557 1553 655 1590 ὄρθρον
668 1554 786 1587 ἀναστὰς
801 1556 815 1581 ὁ

49 1592 141 1629 Πέτρος,
153 1596 199 1623 καὶ
212 1597 442 1633 προσευξάμενος,
451 1598 596 1635 ὲκαθέσθη·
611 1600 684 1635 ἡμᾶς
698 1599 726 1627 δὲ
742 1608 815 1636 περι-

49 1639 231 1676 καθεζομένους,
261 1643 310 1670 καὶ
340 1644 381 1675 είς
406 1644 487 1671 αὐτὸν
515 1644 694 1677 ἀτενίζοντας,
722 1645 818 1682 ὥσπερ

48 1684 143 1713 ἀκοῦσαί
165 1697 191 1715 τι
216 1689 406 1725 βουλομένους,
427 1691 526 1723 συνεὶς,
539 1691 600 1726 ἔφη·
623 1691 680 1727 Πρὸ
698 1693 815 1725 πάντων,

49 1727 66 1757 ὢ
78 1733 148 1766 φίλοι,
161 1734 175 1761 ὁ
186 1735 251 1762 Θεὸν
261 1735 352 1763 σέϐειν
362 1735 532 1772 αἱρούμενος,
541 1736 638 1764 εἰδέναι
653 1738 763 1773 ὀφείλει,
775 1739 816 1765 ὅτι

49 1776 71 1803 ὲν
90 1779 168 1814 τρισὶν
188 1781 371 1808 ὑποστάσεσιν
394 1779 502 1814 οὗτοςη
523 1783 694 1818 γνωρίζεται·
710 1784 767 1811 ἔστι
788 1786 816 1812 δὲ

50 1823 100 1850 ἴδιον
123 1826 199 1853 αὐτοῦ
221 1826 268 1854 καὶ
297 1826 444 1863 ἐξαίρετον,
473 1827 504 1854 τὸ
529 1828 638 1856 πάντων
660 1830 815 1866 κτισμάτων

49 1870 102 1897 εἶναι
118 1872 277 1909 δημιουργὸς
289 1874 323 1906 ¹³,
344 1873 433 1900 πάντα
453 1873 597 1910 περιέχων,
612 1875 700 1903 πάντα
722 1885 752 1903 τε
766 1886 815 1904 πε-

50 1917 165 1952 ριορίζων,
175 1918 211 1951 ὼς
221 1919 295 1955 ὑπὲρ
319 1918 406 1946 πάντα
420 1919 467 1951 ὣν,
483 1920 530 1946 καὶ
544 1921 631 1947 πάντα
647 1921 815 1958 δημιουργή-

50 1968 94 1992 σις.
102 1963 183 1990 Ταῦτα
193 1964 289 1997 εἰπὼν,
299 1965 346 1991 καὶ
359 1964 443 1992 πολλὰ
457 1964 521 2001 περὶ
533 1966 686 2000 θεοσεϐείας
696 1967 813 2002 διδάξας,

49 2007 152 2036 ἐκέλευσε
165 2011 225 2042 τοὺς
237 2011 434 2046 δαιμονῶντας,
444 2011 491 2038 καὶ
503 2011 590 2044 νόσοις
601 2013 655 2040 τισὶ
667 2014 814 2049 κατειλημ-

51 2052 129 2086 μένους
152 2056 222 2092 αὐτῷ
249 2057 464 2093 προσφέρεσθαι·
487 2058 688 2093 προσενεχθεῖσι
714 2059 742 2086 δὲ
765 2060 814 2092 τὰς

50 2100 125 2134 χεῖρας
143 2102 252 2136 ἐπιθεὶς,
266 2103 316 2130 καὶ
330 2102 558 2139 προσευξάμενος,
578 2104 712 2132 ἀπέλυσεν
725 2105 814 2140 ὑγιαί-

50 2150 134 2177 νοντας.

77 2190 178 2221 LXVIII.
189 2194 227 2230 Τῇ
240 2194 268 2221 δὲ
282 2193 398 2231 ἐπιούσῃ
408 2194 488 2221 πάλιν
498 2195 589 2232 ἡμέρᾳ
601 2196 753 2228 διαναστὰς,
766 2199 812 2225 καὶ

873 285 985 313 mopere
1009 278 1186 311 mirarentur,
1202 278 1339 313 simulque
1353 278 1467 313 gloriam
1487 278 1542 307 Deo
1559 287 1608 314 pro
1629 287 1661 307 ea

874 331 904 351 re
918 323 1056 352 offerrent.
1072 324 1141 351 Cum
1169 331 1235 359 ergo
1262 323 1376 351 ﬁrmiter
1401 324 1589 355 credidissent,
1607 332 1662 352 una

873 377 935 398 cum
962 370 995 397 iis
1018 370 1065 405 qui
1096 370 1185 397 sanati
1207 368 1334 402 fuerant,
1351 369 1385 397 ad
1399 377 1450 397 sua
1463 370 1607 402 abierunt,
1632 370 1660 398 in

874 415 1011 444 mandatis
1024 416 1199 451 accipientes,
1216 421 1246 443 ut
1260 415 1396 443 maturius
1412 415 1601 444 convenirent.

909 505 1002 533 LXVI.
1019 505 1149 542 Sequenti
1161 514 1227 542 ergo
1241 507 1286 535 die
1299 506 1396 534 Petrus
1411 515 1465 534 una
1477 515 1539 534 cum
1559 506 1661 535 sodali-

873 551 925 579 bus
944 552 990 587 qui
1004 560 1066 579 cum
1083 559 1115 580 eo
1133 558 1213 580 crant
1225 559 1364 587 egressus,
1384 560 1534 587 rursusque
1548 552 1582 579 ad
1596 557 1659 580 eum

873 596 964 624 locum
982 597 1105 630 veniens,
1121 597 1190 624 dixit
1204 598 1238 624 ad
1257 606 1325 626 eos:
1342 599 1413 626 Deus
1433 599 1525 626 omnia
1543 598 1659 632 potest'.

873 641 898 675 Is
924 643 996 670 enim
1019 647 1060 670 est
1075 643 1162 670 bunus
1182 650 1214 670 ac
1235 643 1337 677 justus,
1354 650 1481 677 nuncque
1498 643 1525 669 in
1546 646 1660 669 cunctos

873 689 993 724 patiens;
1011 693 1041 716 ut
1054 690 1101 724 qui
1116 689 1265 722 voluerint,
1285 689 1446 724 ptenitentia
1459 689 1492 716 de
1509 688 1589 716 malis
1602 696 1617 715 a
1630 695 1660 716 se

872 735 1029 763 commissis
1045 739 1117 768 acta,
1130 739 1157 762 et
1177 735 1232 762 \‘ita
1246 735 1398 762 secundum
1413 735 1439 762 id
1450 735 1523 770 quod
1535 735 1559 762 ei
1571 735 1660 769 placet

873 787 1021 815 transacta,
1041 782 1142 818 singuli
1165 783 1193 810 in
1217 783 1262 810 die
1281 789 1337 817 quo
1352 783 1480 810 universa
1493 781 1660 816 judicabun-

872 834 927 863 tur,
939 837 989 864 pro
1006 830 1103 857 merito
1116 829 1277 864 percipiant.
1292 830 1303 845 ⁸
1317 829 1489 864 Quapropter
1501 836 1574 856 nunc
1586 828 1640 856 inci
1651 841 1659 849 ε

873 877 936 911 pite,
954 876 1024 903 bona
1037 876 1204 910 cognitione,
1220 883 1234 902 a
1248 875 1303 902 Deo
1324 875 1459 910 persuasi,
1475 875 1574 902 vestris
1590 874 1660 902 resi-

871 926 943 950 stere
964 922 1091 950 absurdis
1103 921 1316 956 cupiditatibus;
1330 928 1384 956 quo
1397 921 1509 955 possitis
1530 920 1658 955 primam,

869 976 932 1003 quae
946 968 1068 996 humano
1082 968 1175 1004 generi
1193 967 1295 995 tributa
1310 967 1372 1000 fuit,
1388 967 1502 1002 gratiam
1516 974 1656 994 revocare.

870 1013 916 1042 Sic
932 1014 1005 1042 cnim
1031 1014 1110 1042 vobis
1131 1014 1264 1042 continuo
1288 1014 1411 1041 orientur
1427 1014 1513 1046 bona;
1528 1017 1555 1040 et
1569 1013 1594 1040 ei
1610 1013 1658 1048 qui

868 1060 943 1088 dedit
961 1061 1047 1096 agetis
1062 1061 1164 1096 gratias
1177 1065 1318 1095 perpetuo,
1333 1059 1480 1087 incﬂ‘abilia
1501 1059 1572 1086 bona
1591 1066 1658 1094 pos-

867 1107 1001 1140 sidentes;
1019 1107 1104 1135 abluti
1127 1107 1204 1142 prius
1227 1107 1255 1133 in
1273 1107 1352 1134 beata
1377 1105 1520 1133 Trinitatis
1546 1105 1658 1133 invoca-

868 1154 952 1187 tione,
969 1153 991 1182 si
1005 1153 1067 1189 quis
1082 1161 1186 1186 naevus,
1205 1153 1228 1180 si
1251 1160 1313 1188 quat
1332 1152 1441 1180 macula
1470 1153 1497 1179 in
1512 1151 1657 1179 animabus

867 1199 965 1227 vestris
987 1203 1084 1227 exstet.
1110 1198 1148 1226 Ita
1172 1206 1301 1233 namque,
1319 1206 1373 1225 non
1401 1198 1491 1225 solum
1516 1193 1658 1224 latitantes

867 1246 895 1273 in
917 1246 996 1274 vobis
1015 1245 1132 1281 spiritus
1147 1245 1283 1280 expellere
1302 1245 1435 1280 poteritis,
1451 1244 1497 1272 sed
1518 1248 1546 1271 et
1556 1244 1658 1271 daemo-

867 1292 912 1320 nia
924 1292 993 1320 alios
1006 1291 1163 1319 infestantia
1177 1292 1424 1327 perpessionesque
1435 1291 1503 1318 alias
1513 1290 1628 1325 abigetis
1634 1289 1655 1317 '.

866 1338 932 1372 Quae
946 1341 1092 1373 postquam
1107 1337 1223 1366 dixisset
1236 1359 1244 1371 ,
1259 1345 1307 1365 eos
1323 1338 1371 1372 qui
1394 1337 1533 1372 aliquibus
1547 1335 1657 1371 aegritu-

866 1383 979 1411 dinibus
994 1383 1166 1410 vexabantur
1180 1382 1212 1409 ad
1228 1390 1257 1409 se
1268 1381 1353 1417 jussit
1370 1381 1501 1409 accedere
1517 1389 1524 1408 :
1542 1379 1657 1414 imposi-

865 1429 956 1463 tisque
982 1428 1110 1455 manibus
1134 1435 1218 1462 super
1251 1434 1310 1457 eos.
1331 1435 1393 1455 cum
1427 1427 1488 1454 illos
1511 1425 1657 1454 confestim

865 1479 999 1505 sanasset,
1015 1474 1142 1509 prmccpit
1153 1478 1181 1501 ut
1193 1473 1290 1509 majori
1306 1480 1385 1500 mane
1399 1472 1586 1501 convenirent.

905 1553 1008 1581 LXVII.
1036 1551 1128 1581 Tertio
1155 1557 1245 1581 autem
1271 1552 1326 1586 die,
1343 1551 1439 1580 Petrus
1451 1551 1572 1580 diluculo
1595 1559 1657 1579 sur-

871 1601 952 1631 rexit,
968 1600 1094 1634 tactaque
1114 1607 1194 1634 prece
1218 1599 1310 1629 sedit:
1330 1603 1358 1626 et
1373 1598 1593 1626 animadverteris
1606 1605 1657 1625 nos

867 1646 1079 1678 circumsedere,
1090 1645 1231 1680 oculisque
1240 1644 1352 1671 intentis
1365 1651 1426 1670 cum
1439 1644 1656 1678 aspicerc,quasi

868 1692 970 1727 aliquid
997 1692 1091 1719 audire
1114 1691 1267 1726 cupientes,
1286 1690 1403 1717 dixit”:
1421 1689 1492 1717 Ante
1515 1690 1617 1723 omnia,
1638 1698 1656 1717 ο

867 1737 960 1768 amici,
978 1737 1001 1764 is
1026 1736 1074 1772 qui
1100 1735 1185 1762 Deum
1202 1735 1292 1762 colere
1307 1735 1376 1767 vult,
1393 1734 1463 1761 scire
1475 1734 1566 1766 debet,
1581 1733 1655 1768 quod

867 1782 912 1809 ille
933 1782 959 1808 in
983 1781 1071 1809 tribus
1095 1780 1220 1816 personis
1234 1780 1428 1814 cognoscitur;
1444 1779 1586 1813 proprium
1604 1786 1655 1805 αυτ

867 1833 921 1855 tem
934 1828 1008 1855 illius
1021 1835 1053 1854 ac
1070 1826 1238 1862 praecipuum
1255 1829 1307 1857 est,
1324 1825 1447 1852 omnium
1466 1829 1655 1852 creaturarum

866 1881 926 1901 esse
951 1872 1087 1908 opificem,
1102 1871 1195 1898 omnia
1216 1871 1367 1903 continere,
1386 1869 1534 1904 omniaque
1560 1870 1655 1896 termi—

866 1925 942 1948 nare,
957 1922 987 1944 ut
1007 1916 1054 1952 qui
1083 1923 1166 1950 super
1180 1916 1271 1943 omnia
1293 1915 1339 1946 sit,
1357 1919 1511 1949 cunctaque
1522 1914 1652 1942 eﬂ'ecerit.

867 1962 914 1990 liis
937 1962 1027 1995 dictis,
1040 1961 1192 1995 multisque
1204 1961 1237 1987 de
1255 1961 1355 1996 pietate
1381 1968 1445 1995 erga
1468 1959 1553 1987 Deum
1571 1968 1654 1995 expo—

865 2008 972 2042 sitis“,
991 2008 1074 2043 jussit
1091 2008 1285 2038 damoniacos,
1301 2011 1328 2034 et
1346 2007 1449 2034 morbis
1462 2011 1608 2041 occupatos
1619 2007 1653 2034 ad

865 2063 894 2083 se
908 2054 1005 2082 adduci
1029 2063 1035 2080 :
1057 2053 1157 2088 quibus
1185 2053 1305 2084 oblatis,
1323 2060 1422 2080 manus
1449 2052 1604 2088 imponens,
1621 2060 1654 2080 ac

864 2105 1001 2136 precatus,
1019 2099 1171 2127 incolumes
1186 2098 1300 2126 dimisit.

900 2188 1016 2217 LXVIII.
1049 2188 1169 2216 Rursum
1198 2192 1289 2216 autem
1323 2188 1448 2223 sequenti
1478 2189 1523 2216 die
1555 2195 1649 2218 essur-

50 2238 253 2274 προσευξάμενος,
276 2238 338 2266 εἶτα
354 2241 400 2268 καὶ
414 2243 462 2268 σὺν
475 2242 490 2276 ἡ
496 2242 541 2276 μίν
556 2241 706 2274 καθεσθεὶς,
723 2242 811 2277 λέγειν

870 2245 940 2272 gens,
969 2241 995 2264 ct
1019 2240 1219 2270 comprecatus,
1239 2242 1302 2262 cum
1329 2235 1428 2262 deinde
1447 2236 1590 2263 nobiscum
1607 2243 1651 2263 se-

49 2281 131 2316 ῆρξατο
148 2284 239 2317 οὕτως·
263 2283 318 2312 Τὸν
334 2286 465 2321 μέλλοντα
479 2287 618 2323 προσιέναι
632 2288 670 2323 τῷ
686 2288 744 2324 Θεῷ
758 2290 810 2325 χρὴ

49 2329 134 2363 νήφειν,
150 2331 199 2367 χρὴ
224 2333 383 2368 σωφρονεῖν,
401 2333 486 2369 ὀργῆς
498 2333 617 2368 κρατεῖν,
632 2333 759 2370 ἀλλότρια
774 2335 811 2370 μὴ

49 2375 207 2408 νοσφίζεσθαι,
235 2377 347 2409 δικαίως
376 2377 460 2413 βιοῦν,
489 2378 636 2412 ἐπιεικῶς,
662 2379 811 2412 εὐσταθῶς,

51 2420 140 2454 πράως·
159 2422 279 2455 κολάζειν
307 2422 434 2450 ἑαυτὸνί6
458 2423 488 2450 ὲν
513 2424 572 2455 ταῖς
599 2422 722 2456 ἐνδείαις,
740 2423 755 2460 ἢ
774 2425 811 2461 μὴ

51 2463 127 2498 ἔχοντα
140 2467 226 2504 ἐτέρου
243 2468 408 2503 ἀφελόμενον
421 2467 592 2504 κορεσθῆναι·
610 2468 729 2504 καθαρὸν
743 2466 812 2496 εἶναι

50 2510 75 2543 τῇ
87 2511 180 2548 καρδίᾳ,
193 2513 238 2540 καὶ
253 2513 335 2548 ἁγνὸν
346 2513 385 2548 τῷ
399 2512 516 2548 σώματι,
532 2513 577 2539 καὶ
594 2513 631 2549 μὴ
653 2512 810 2548 ὁμοιοῦσθαι

50 2554 93 2585 τυῖς
103 2556 255 2592 Φαρισαίοις,
269 2557 338 2594 πρὸς
357 2557 404 2589 οὓς
417 2558 432 2584 ὁ
451 2557 552 2593 Κύριος
575 2557 623 2584 καὶ
646 2557 712 2590 Θεὸς
732 2558 810 2594 ἡμῶν

56 2596 140 2633 Ἰησοῦς
152 2601 263 2637 Χριστὸς
276 2601 386 2638 ἔφησεν·
398 2600 470 2628 Οὐαὶ
486 2601 567 2636 ὑμῖν,
579 2601 755 2636 γραμματεῖς
761 2601 812 2629 καὶ

866 2280 1077 2314 disset,liuncin
1088 2279 1199 2306 modum
1217 2279 1300 2314 capit
1316 2279 1405 2314 loqui:
1419 2278 1441 2293 ”
1454 2279 1505 2313 Qui
1522 2281 1555 2308 ad
1567 2281 1651 2308 Deum

865 2328 994 2356 accedere
1020 2327 1168 2358 desiderat,
1185 2325 1293 2353 sobrius
1311 2333 1372 2353 esse
1394 2325 1484 2359 debet,
1501 2326 1580 2354 debet
1599 2327 1651 2354 sibi

865 2378 1027 2409 temperare,
1038 2373 1106 2399 iram
1122 2376 1226 2402 tenere,
1240 2371 1329 2398 aliena
1342 2379 1395 2398 non
1412 2371 1652 2406 subripere;jnste

864 2421 966 2452 vivere,
977 2427 1038 2446 eum
1061 2419 1133 2446 bono
1156 2418 1228 2453 jure,
1246 2417 1404 2452 tranquille,
1427 2417 1542 2451 leniter;
1568 2425 1606 2451 se,
1623 2418 1650 2445 in

864 2464 1012 2499 indigentia
1038 2463 1129 2498 potius
1156 2462 1295 2491 continere
1318 2469 1351 2489 ac
1378 2462 1543 2496 reprimere,
1566 2470 1650 2496 quam

865 2518 928 2538 cum
963 2517 1017 2536 non
1047 2509 1156 2542 habeat,
1173 2508 1286 2535 alterius
1310 2508 1388 2535 bonis
1415 2508 1513 2536 ablatis
1528 2508 1648 2543 expleri;

866 2555 948 2583 corde
961 2555 1081 2582 mundus
1092 2562 1163 2587 esse,
1177 2559 1203 2581 et
1218 2561 1303 2589 purus
1313 2560 1427 2588 corpore
1436 2554 1471 2586 ";
1484 2561 1535 2581 nec
1545 2554 1650 2581 assimi-

864 2601 914 2628 lari
945 2598 1109 2634 Pharismis,
1136 2600 1169 2628 ad
1183 2607 1253 2636 quos
1268 2598 1400 2627 Dominus
1423 2603 1448 2626 et
1467 2599 1539 2627 Deus
1555 2603 1649 2627 noster

657 2666 774 2694 VARIE
793 2666 995 2695 LECTIONES.

88 2715 95 2729 '
108 2715 139 2757 fll-
155 2725 268 2757 pra’pon.
284 2719 408 2757 γενέσθαι
433 2721 596 2757 περιχαρεῖς
601 2740 608 2751 ,
624 2720 688 2757 τοὺς
708 2720 739 2757 δε
761 2720 967 2757 ἱστορήσαντας.

491 2729 496 2746 ι
517 2728 608 2756 αρεις,
624 2728 688 2752 τους
708 2728 736 2747 οε
761 2728 967 2757 ιστορησαντας.
1025 2728 1035 2737 ¹
1052 2729 1064 2748 a

491 2728 518 2781 ἔ.
557 2754 567 2770 ¹
581 2754 660 2783 Deest
673 2755 699 2782 itt
717 2756 752 2782 al.
790 2757 800 2772 ⁵
814 2757 847 2783 al.
869 2757 935 2792 εὺχα
957 2757 1064 2783 ιστεῖτε.

491 2790 609 2818 ίειηεηι..
626 2790 700 2817 hom.
715 2799 751 2818 Ix.
766 2799 790 2817 c.
805 2792 850 2818 23.
862 2797 913 2818 etc.
930 2765 1003 2818 Ιςεε..
1023 2792 1040 2818 l.
1055 2800 1064 2816 ι

951 2800 965 2818 ε

47 2750 143 2789 SPp-19.
156 2750 188 2789 ’7‘
201 2754 271 2782 Βεε..
287 2750 334 2782 lib.
352 2763 386 2786 tv,
401 2763 461 2789 cap.
471 2750 491 2781 Β

47 2782 100 2810 Cor.
132 2787 142 2802 ⁸
156 2788 188 2814 al.
201 2782 406 2825 ὲνδομαχοῦντα.
436 2782 455 2806 ’³
472 2789 609 2822 Clemem..,
626 2790 700 2817 hom.
715 2799 751 2822 Ix,
766 2799 790 2817 c.
805 2782 850 2823 ἐξ,
862 2782 913 2819 etc“.

47 2821 199 2854 Ψεηιηίιοιη.
212 2833 237 2853 x.
250 2833 273 2852 c.
292 2825 336 2852 I9.
351 2824 425 2854 Rea.
439 2825 456 2852 l.
475 2833 498 2854 v.
513 2833 537 2852 c.
549 2825 594 2852 (ἐνὶ.
633 2826 655 2841 ¹¹
675 2827 706 2853 ιΙ.
723 2827 737 2852 ὁ
756 2824 796 2854 εἷς
813 2827 882 2854 θεός.

675 2833 706 2853 ιι.
723 2833 737 2852 ο
756 2834 796 2858 εις
813 2833 882 2858 υεος.

47 2824 121 2857 uena,
131 2821 199 2851 hom.
212 2833 237 2853 ι.
250 2821 273 2852 ὁ.
292 2821 336 2852 I9.
351 2824 425 2856 Rea.
439 2825 456 2852 l.
475 2833 498 2857 v,
513 2833 537 2852 c.
549 2825 594 2852 (ἐνὶ.

1025 2722 1036 2737 ¹
1052 2721 1087 2748 al.
1104 2720 1278 2759 ἐπανῄεσαν..
1330 2721 1340 2738 ³
1356 2721 1493 2759 agmen,
1516 2722 1589 2751 hom.
1614 2732 1654 2759 ix,

1103 2757 1112 2772 "
1128 2757 1358 2792 Εὐχαριστήσετε.
1375 2757 1410 2784 al.
1426 2757 1652 2810 ebxaptctqmre;

1103 2799 1113 2810 η
1141 2792 1174 2810 ΧΗ
1224 2792 1246 2807 ιο
1264 2792 1287 2810 al
1322 2792 1396 2810 :ncnr
1421 2793 1502 2810 ηιιὶιιι
1553 2795 1560 2809 ι
1589 2794 1650 2810 l'l...

967 2800 1003 2823 c.,
1023 2792 1040 2818 l.
1055 2800 1081 2824 ν,
1099 2799 1123 2819 c.
1140 2792 1184 2819 56.
1224 2792 1246 2807 ¹⁰
1264 2792 1299 2819 al.
1322 2792 1405 2820 inser.
1421 2792 1513 2820 πάλιν.
1553 2792 1573 2810 ¹¹
1589 2794 1650 2822 Cle-

923 2827 943 2843 ¹³
958 2827 993 2854 al.
1013 2827 1189 2863 δημιουργόν.
1229 2826 1401 2860 “Clemenl.,
1416 2828 1491 2856 Itom.
1512 2838 1539 2862 ι,
1560 2837 1585 2857 c.
1604 2829 1652 2858 26.

49 2851 103 2899 ζιελ
113 2856 127 2882 ι.
226 2851 267 2887 ει,
347 2851 498 2891 manat:
509 2851 593 2899 ιιέηης
716 2851 748 2889 ιδ
759 2851 881 2894 ξὶιεὶῗῑξ
949 2851 1401 2898 ci"sé;"‘ra':.i.'insertasse:
1417 2851 1546 2892 "una:
1560 2851 1590 2893 "i'.
1606 2851 1652 2899 “.1;

48 2894 66 2912 ι.
78 2889 113 2921 It),
124 2896 170 2919 etc.
184 2893 317 2929 Clen-ent.,
331 2895 405 2922 boui.
426 2904 462 2928 xI,
475 2889 534 2930 cap.
550 2896 595 2927 29,
608 2889 661 2923 etc.
