2290 3110
427 150 482 180 819

866 153 895 181 S.
915 151 1108 181 CLEMENTIS
1127 153 1210 181 ROM.
1231 153 1332 182 PONT.
1353 154 1468 184 OPERA
1487 156 1601 185 DUBIA.

2004 158 2056 186 5ου

425 209 505 239 Jesus
523 211 650 240 Christus
662 211 730 240 dixit
744 222 751 240 :
763 212 807 240 νω
820 215 904 246 vobis,
915 214 1019 249 Scriba:
1040 220 1064 243 et
1080 215 1214 243 Pltariwi
1228 219 1250 247 Α
1265 217 1329 251 Φαρη

1153 216 1214 243 iaci
1228 219 1250 247 Α
1265 217 1418 251 Φαρισαῖοι
1444 219 1610 252 ὑποκριταί·
1640 218 1685 246 ὅτι
1713 217 1881 252 καθαρίζετε
1895 216 1950 244 τοῦ
1965 225 2057 251 ποτη-

425 257 585 292 hypacritw;
601 258 663 293 quia
680 260 814 287 mundatis
833 260 924 287 salicis
939 266 963 287 et
980 261 1129 295 paropsidis
1141 261 1210 296 quod

425 304 541 330 exterius
551 308 589 330 est
601 324 609 337 ,
623 305 695 331 iuius
705 310 792 332 autem
803 314 834 333 ea
844 306 921 341 plena
931 311 992 333 sunt
1001 307 1132 334 sordibus.
1145 306 1213 334 Pha-

425 351 502 376 rum
512 357 590 383 cccc,
596 349 695 377 munda
707 351 781 385 prius
794 351 885 378 colicis
895 355 920 378 et
927 352 1077 386 paropsidis
1087 352 1210 386 interius,

426 398 456 420 ut
474 398 499 421 et
520 393 593 422 illius
611 395 727 422 exterius
740 397 867 423 mundum
880 397 967 432 ﬁat".
985 396 1052 424 Vere
1067 398 1139 425 enim
1162 396 1210 432 qui

426 440 556 467 interiora
579 441 746 475 purgaverit,
761 442 896 469 exteriora
909 450 1017 478 quoque
1033 450 1149 478 purgare
1162 451 1211 479 po-

425 491 477 513 test
492 495 499 513 :
514 485 561 521 qui
576 493 640 513 vero
657 488 792 516 exteriora
813 492 926 523 purgat,
943 488 975 515 ad
993 488 1134 516 hominum
1150 488 1210 516 lau—

424 531 473 559 des
497 531 643 567 aspiciens,
660 532 687 560 id
707 533 781 569 agit;
795 533 842 562 sed
856 533 926 569 apud
949 532 1032 560 Deum
1053 534 1207 563 mercedem

424 585 479 606 non
495 578 586 606 habet.

459 623 552 651 LXIX.
564 624 585 644 ¹⁹
593 623 640 651 His
647 623 737 657 dictis,
750 629 776 651 et
788 625 850 652 aliis
856 625 980 660 pluribus
987 627 1020 654 de
1029 626 1208 660 castimonia;

422 676 485 696 cum
499 669 556 704 jam
569 673 623 696 tres
639 677 758 703 menses,
771 671 872 705 quibus
880 671 1005 706 jejunare
1016 680 1060 700 me
1073 680 1209 708 princeps-

422 720 476 749 rat,
492 716 619 751 completi
646 721 753 749 essent,
771 717 875 744 ducens
899 725 942 745 me
965 717 998 745 ad
1019 717 1108 745 fontes
1122 717 1208 744 maris

421 762 528 790 vicinos
556 763 668 796 perenni
684 770 755 798 aqua
767 763 925 798 baptizavit,
940 763 968 790 in
982 763 1093 791 nomine
1105 762 1206 798 Patris,

421 812 449 835 et
462 806 533 841 Filii,
549 812 576 835 et
591 807 710 842 Spiritus
734 809 820 836 sancti
837 817 844 835 :
862 816 979 844 cumque
1004 817 1102 844 panem
1129 817 1207 838 acce-

421 853 516 887 pisset,
545 853 740 888 benedixisset,
760 861 793 882 ac
824 853 964 889 fregisset;
992 855 1207 882 communicavit

1258 261 1328 295 ρίου
1342 261 1391 289 καὶ
1403 261 1457 297 τῆς
1470 263 1638 298 παροψίδος
1651 264 1684 291 τὸ
1695 264 1816 296 ἔξωθεν,
1827 263 1946 290 ἔσωθεν
1958 262 1995 289 δὲ
2008 262 2052 297 γέ-

1257 315 1308 342 μει
1330 308 1442 342 ῥύπου.
1465 309 1605 343 Φαρισαῖε
1625 310 1731 344 τυφλέ,
1746 309 1911 343 καθάρισον
1936 307 2058 343 πρῶτον

1259 353 1313 380 τοῦ
1338 355 1481 388 ποτηρίου
1499 355 1548 382 καὶ
1567 355 1623 390 τῆς
1635 355 1802 391 παροψίδος
1816 354 1848 382 τὸ
1863 355 1994 385 ἔσωθεν,
2006 355 2058 381 Ira

1259 398 1380 433 γένηται
1393 399 1442 426 καί
1455 400 1489 427 τὸ
1510 400 1568 433 ἔξω
1585 400 1677 428 αὐτοῦ
1700 401 1838 435 καθαράν.
1865 399 1989 435 Ἀληθῶς
2002 401 2058 436 γὰρ

1259 444 1274 470 ό
1292 443 1414 479 καθάρας
1430 444 1461 471 τὸ
1483 444 1546 479 ἔσω,
1565 446 1612 472 καὶ
1634 445 1664 472 τὸ
1684 445 1737 479 ἐξω
1761 445 1879 481 καθᾶραι
1900 444 2028 472 δύναται·
2043 445 2059 472 ὁ

1259 488 1288 515 δὲ
1300 489 1334 516 τὰ
1345 489 1398 523 ἐξω
1408 490 1556 526 καθαίρων,
1565 490 1633 527 πρὸς
1645 491 1794 527 ἀνθρώπων
1807 491 1916 518 ἔπαινον
1929 491 2057 527 ἀφορῶν,

1258 534 1339 562 τοῦτο
1350 536 1431 568 ποιεῖ,
1448 536 1524 572 παρὰ
1537 536 1565 563 δέ
1577 536 1616 572 τῷ
1631 536 1691 572 Θεῷ
1708 536 1802 573 μισθὸν
1815 537 1864 564 οὒκ
1880 536 1952 573 ἔχει.

1295 623 1389 651 LXIX.
1403 623 1494 651 Ταῦτα
1511 624 1596 651 εἰπὼν
1610 624 1657 651 καὶ
1671 623 1752 661 ἕτερα
1768 625 1877 653 πλείονα
1895 625 1965 661 περὶ
1977 625 2058 660 ἁγνι-

1262 669 1342 705 σμοῦ,
1352 669 1407 696 τῶν
1415 669 1498 706 τριῶν
1506 670 1556 706 ἤδη
1568 669 1660 706 μηνῶν
1672 670 1877 706 πληρωθέντων,
1887 667 1925 697 ὦν
1939 670 2058 705 νηστεῦ-

1259 715 1303 742 σαί
1322 724 1355 751 με
1373 715 1526 747 ἐκέλευσεν,
1540 715 1652 750 ἀγαγών
1668 724 1701 751 με
1716 716 1756 747 είς
1768 715 1817 747 τὰς
1831 716 1859 742 ὲν
1872 717 1906 752 τῇ
1929 715 2057 752 θαλάσσῃ

1258 761 1371 798 πλησίον
1396 761 1479 793 οὔσας
1500 761 1601 797 πηγὰς,
1628 761 1665 793 ὡς
1691 762 1731 793 εἰς
1763 762 1875 788 ἀένναον
1901 761 2057 789 έὸἀτπισεν

1258 805 1340 841 ὕδωρ,
1354 807 1395 839 είς
1405 807 1436 833 τδ
1454 807 1540 843 δνομα
1558 806 1605 833 τοῦ
1619 806 1726 843 Πατρδς
1738 808 1784 834 καὶ
1796 807 1843 834 τοῦ
1858 807 1926 834 Υίοῦ
1942 808 1993 834 καὶ
2008 807 2056 834 τοῦ

1261 852 1342 887 ἁγίου
1358 853 1525 888 Πνεύματος·
1541 852 1588 880 καὶ
1603 852 1692 879 λαϐὼν
1703 853 1784 888 ἄρτον
1798 853 1950 889 εὐλογήσας
1959 853 1997 886 ’⁸,
2010 855 2058 880 καὶ

421 906 473 925 nos
503 899 671 927 intemeratis
691 907 723 927 ac
747 900 877 927 vitalibus
901 901 1091 929 sacramentis.
1115 902 1205 937 Atque
1225 895 1246 923 Β
1261 898 1325 925 κλάα

1152 909 1205 937 que
1225 895 1246 923 Β
1261 898 1374 931 κλάσας,
1391 899 1542 934 μετέδωκεν
1554 899 1620 934 ἡμῖν
1630 899 1683 925 τῶν
1695 899 1837 935 ἀχράντων
1848 900 1896 926 καὶ
1909 899 2056 932 ζωοπηιῶν

420 943 458 970 ita
473 942 561 971 feriati
573 951 605 971 ac
617 944 670 972 laati
685 944 783 972 fratres
797 946 884 973 nostri
895 953 944 980 pro
957 946 1025 973 mihi
1040 954 1056 974 a
1069 945 1125 974 Deo
1138 955 1204 975 con-

420 997 497 1017 cessa
522 992 641 1019 secunda
667 991 828 1025 nativitate,
859 992 974 1027 gloriam
1001 998 1028 1020 et
1054 993 1204 1028 gratiarum

419 1035 554 1063 actionem
579 1035 634 1064 Deo
657 1036 817 1065 detulimus.
833 1036 866 1065 Et
881 1037 967 1065 multa
985 1038 1064 1066 turba
1091 1046 1204 1074 congre-

419 1085 496 1116 gata,
522 1081 619 1110 Petrus
650 1082 772 1117 depulsis
798 1083 914 1117 morbis,
942 1084 1146 1120 afﬂictionibus,
1171 1093 1204 1114 ac

418 1126 606 1162 dtemonibus,
633 1136 683 1157 nec
708 1136 762 1157 non
782 1129 925 1165 baptizatis
943 1131 1140 1165 compluribus,
1157 1132 1203 1159 ubi

418 1173 573 1201 Marooncm
600 1174 734 1210 hospitem
761 1183 853 1208 suum,
874 1175 931 1210 jam
953 1176 1081 1204 omnibus
1104 1184 1203 1205 nume<

417 1219 456 1247 ris
478 1220 645 1254 absolutum,
671 1221 700 1248 in
729 1221 889 1257 episcopum
909 1222 1110 1256 constituisset,
1134 1223 1204 1251 duo-

416 1265 504 1293 decim
527 1266 702 1302 presbyteros
725 1267 906 1303 designasset,
924 1268 1054 1296 diaconos
1075 1269 1202 1304 fecisset;

416 1311 572 1339 collocutus
596 1320 659 1339 cttm
686 1312 818 1348 episcopo
845 1313 878 1340 de
903 1314 1041 1342 communi
1071 1315 1144 1344 bono
1171 1323 1203 1343 ac

417 1356 543 1388 utilitate,
554 1358 641 1392 deque
651 1358 839 1386 ecclesiastico
849 1360 944 1387 ordine
956 1364 1038 1395 atque
1050 1365 1184 1389 concentu
1193 1381 1202 1396 ,

416 1401 477 1428 vale
498 1402 566 1429 dixit
594 1402 773 1438 Tripolitanis
800 1403 955 1438 thnices,
979 1410 1007 1433 et
1034 1406 1085 1434 iter
1107 1414 1202 1435 versus

417 1450 591 1478 Antiochiam
607 1448 692 1485 Syriae
705 1450 845 1484 ingressus
861 1455 912 1478 est.

1256 945 1421 981 μυστηρίων.
1435 945 1490 972 Καὶ
1501 945 1586 977 οὕτως
1600 945 1784 981 εὐωχηθέντες
1806 946 1831 972 οί
1848 946 1963 980 ἀδελφοὶ
1987 947 2057 982 ἡμῖν

1254 991 1300 1017 ἐπὶ
1316 991 1349 1026 τῇ
1369 990 1527 1027 θεοδωρήτῳ
1541 999 1593 1026 μου
1610 990 1884 1026 ἁναγεννήσει,δόξαν
1903 992 1954 1019 καὶ
1967 992 2053 1027 εὐχα-

1255 1036 1359 1075 ριστίαν
1381 1037 1590 1073 ἀποδεδώκαμεν
1600 1038 1622 1054 ¹¹
1637 1038 1675 1074 τῷ
1693 1038 1762 1074 Θεῷ,
1786 1038 1886 1065 Πολλοῦ
1914 1048 1947 1066 τε
1969 1040 2055 1075 δχλου

1255 1072 1499 1118 συναθροισθέντος,
1534 1072 1638 1116 νόσους,
1661 1072 1756 1120 γπάθη,
1791 1084 1921 1120 δαίμονας
1947 1072 2056 1113 ἀττελά-

1254 1136 1303 1160 σας
1320 1129 1335 1155 ό
1354 1128 1472 1164 Πέτρος,
1503 1129 1550 1155 καὶ
1584 1128 1717 1164 βαπτίσας
1745 1129 1867 1162 πολλοὺς,
1895 1130 2055 1167 Μαροώνην

1251 1174 1298 1201 τὸν
1325 1174 1523 1210 ἀποδεξάμενον
1531 1175 1553 1190 ²¹
1576 1174 1667 1207 αὐτὸν,
1696 1174 1746 1211 ἤδη
1779 1174 1869 1202 λοιπὸν
1906 1175 2019 1203 τέλειον
2028 1177 2051 1193 ’⁸

1252 1221 1317 1248 ὄντα
1333 1240 1341 1254 ,
1380 1221 1529 1248 ἐπίσκοπον
1572 1221 1763 1256 καταστήσας,
1805 1220 1852 1248 καὶ
1891 1221 2052 1257 πρεσϐυτέ-

1254 1275 1318 1303 ρους
1340 1266 1444 1293 δώδεκα
1481 1266 1586 1302 ὁρίσας,
1616 1267 1664 1294 καὶ
1685 1266 1823 1299 διακόνους
1852 1265 1956 1300 δείξας,
1979 1267 2055 1303 ὑπέρ

1252 1321 1282 1339 τε
1301 1312 1348 1340 τοῦ
1365 1312 1454 1340 κοινοῦ
1470 1313 1516 1339 καὶ
1540 1312 1734 1348 συμφέροντος,
1747 1312 1793 1339 καὶ
1815 1313 1881 1348 περὶ
1899 1312 1953 1348 τῆς
1972 1313 2050 1340 κατὰ

1252 1359 1302 1395 τὴν
1327 1357 1494 1394 Ἐκκλησίαν
1523 1357 1626 1391 τάξεώς
1655 1366 1686 1384 τε
1712 1358 1758 1385 καὶ
1785 1358 1917 1394 ἁρμονίας
1949 1358 2053 1385 συλλα-

1253 1406 1338 1442 λήσας
1362 1404 1402 1441 τῷ
1431 1404 1583 1439 ὲπισκόπῳ,
1599 1405 1655 1436 τοϊς
1667 1404 1696 1430 ὲν
1709 1404 1836 1440 Τριπόλει
1852 1404 1903 1440 τῆς
1917 1405 2053 1440 Φοινίκης

1253 1450 1469 1486 ἀποταξάμενος,
1481 1451 1530 1486 τὴν
1546 1450 1593 1477 ἐπὶ
1616 1449 1784 1486 Ἀντιόχειαν
1801 1450 1851 1486 τῆς
1866 1450 1970 1486 Συρίας
1992 1451 2053 1478 ὁδὸν

1254 1497 1410 1533 ἐπορεύετο.

453 1549 534 1576 LXX.
547 1549 569 1565 "
578 1548 686 1584 Egressi
697 1556 760 1576 vero
769 1548 1201 1583 TripolimPheenicize,utAntio—
1215 1564 1236 1593 ο
1288 1552 1357 1580 LXX

1149 1549 1201 1576 ιὶο-
1215 1564 1236 1593 c
1288 1552 1368 1580 LXX.
1379 1552 1551 1584 Ἐκσάντες¹ι
1564 1552 1591 1578 δὲ
1605 1552 1654 1588 τὴν
1662 1552 1792 1588 Τρίπολιν
1804 1553 1853 1588 τῆς
1862 1553 2005 1589 Φοινίκης,
2014 1553 2053 1585 ὡς

416 1596 506 1623 chiam
531 1595 615 1631 Syrias
629 1594 800 1626 veniremus;
816 1602 850 1622 eo
875 1594 919 1621 die
936 1594 1071 1622 Orthosia
1095 1595 1199 1622 mansi-

417 1649 479 1670 mus
496 1652 503 1669 :
522 1646 549 1669 et
564 1641 628 1676 quia
650 1645 692 1669 est
708 1648 792 1676 prope
806 1640 901 1668 urbem
919 1648 935 1668 e
949 1649 1003 1675 qua
1017 1641 1120 1676 egressi
1139 1641 1197 1668 fue-

416 1695 525 1721 ramus,
538 1694 601 1715 cum
626 1693 721 1714 omnes
745 1685 802 1714 fere
821 1686 1020 1721 praedicationis
1039 1686 1200 1722 evangelica:

416 1741 570 1762 sermonem
583 1733 659 1768 prius
671 1731 856 1765 audivissent;
871 1740 954 1759 unum
967 1733 1038 1759 diem
1056 1733 1111 1760 illic
1125 1740 1201 1760 com-

417 1780 525 1812 morati,
551 1779 720 1806 Autaradum
746 1779 875 1806 abiimus.
906 1779 973 1805 Cum
1005 1783 1096 1805 autem
1122 1778 1199 1805 multi

415 1830 507 1853 essent
534 1825 676 1852 nobiscum
703 1824 753 1851 iter
776 1823 918 1856 facientes,
932 1823 1028 1851 Petrus
1042 1822 1163 1851 Nicetam
1175 1827 1202 1850 et

415 1871 542 1906 Aquilam
572 1870 710 1898 allocutus
738 1874 791 1903 est,
814 1869 908 1896 dicens
937 1877 944 1896 ς
977 1867 1200 1903 Quandoquidem

415 1925 513 1953 magna
536 1917 726 1944 comitantium
752 1915 909 1948 multitudo,
925 1922 979 1942 non
995 1922 1106 1949 parvam
1133 1913 1202 1940 invi-

415 1963 487 1990 diam
501 1962 580 1990 nobis
596 1969 643 1996 per
655 1961 736 1988 urbes
751 1960 916 1987 intrantibus
928 1959 1057 1993 attlahit;
1076 1967 1203 1986 necessa-

417 2010 458 2037 rio
481 2009 632 2037 curandum
647 2015 708 2036 esse
729 2007 861 2042 iudicavi,
877 2012 907 2034 ut
926 2015 1014 2042 neque
1031 2006 1082 2041 ipsi
1098 2006 1202 2034 eontri~

417 2060 534 2087 stentur,
551 2054 615 2082 dum
644 2053 822 2089 prohibentur
848 2061 909 2081 esse
935 2053 1097 2086 nobiseum;
1114 2060 1204 2088 neque

417 2109 477 2133 nos,
495 2100 559 2127 dum
588 2106 684 2127 sumus
708 2098 881 2134 spectabiles,
896 2098 959 2126 aliis
989 2098 1140 2125 cﬂiciamur
1153 2106 1203 2126 au-

418 2151 508 2173 ctores
538 2143 655 2171 invidiae.
690 2143 824 2176 Quocirca
851 2143 914 2169 volo
937 2147 962 2169 te
983 2142 1117 2175 Nicetam,
1150 2150 1203 2170 uua

418 2199 481 2219 cum
496 2190 605 2225 Aquila,
622 2193 685 2216 ante
700 2196 744 2216 tne
759 2188 810 2215 iter
822 2188 932 2220 habere,
949 2195 997 2223 per
1011 2187 1081 2215 duos
1098 2187 1202 2223 globos,

418 2236 545 2272 sparsim.

1250 1600 1297 1628 ἐπὶ
1310 1599 1473 1634 Ἀντιόχειαν
1493 1598 1541 1633 τῆς
1552 1598 1653 1633 Συρίας
1666 1598 1765 1630 ὲλθεϊν,
1781 1599 1866 1634 αὐτῆς
1896 1599 2008 1634 ἡμέρας
2023 1600 2054 1625 ἐν

1256 1644 1389 1681 Ὀρθωσίᾳ
1414 1643 1575 1679 ἐμείναμεν·
1595 1643 1641 1669 καὶ
1663 1643 1707 1670 διὰ
1728 1643 1759 1669 τὸ
1783 1643 1900 1679 πλησίον
1929 1641 2003 1670 εἶναι
2020 1640 2055 1678 ἧς

1249 1692 1398 1728 ἐξήλθομεν
1419 1691 1533 1722 πόλεως,
1548 1691 1657 1718 πάντων
1673 1691 1765 1727 σχεδὸν
1780 1691 1999 1727 προακηκοότων
2019 1690 2055 1717 τὰ

1249 1738 1296 1765 τοῦ
1316 1737 1502 1774 κηρύγματος,
1523 1737 1587 1772 μιᾶς
1600 1737 1706 1772 ἡμέρας
1723 1738 1781 1763 ἐκεῖ
1798 1737 1954 1772 μείναντες,
1976 1737 2055 1772 ἀπή-

1251 1793 1336 1821 ραμεν
1350 1785 1389 1816 είς
1406 1784 1574 1819 Ἀντάραδον.
1589 1784 1697 1810 Πολλῶν
1711 1785 1739 1810 δὲ
1750 1784 1806 1810 τῶν
1827 1784 2055 1819 συνοδοιπορούν-

1249 1838 1303 1856 των
1318 1829 1384 1864 ἡμῖν
1401 1828 1495 1860 ὄντων,
1512 1829 1526 1854 ὁ
1543 1828 1645 1864 Πέτρος
1663 1829 1769 1865 Νικήτῃ
1784 1830 1829 1856 καὶ
1846 1829 1948 1864 ’Δκύλᾳ
1968 1838 2055 1865 προσ-

1251 1874 1347 1910 ωμίλει
1364 1874 1459 1909 λέγων·
1477 1873 1587 1910 Ἐπειδὴ
1600 1875 1614 1901 ὁ
1631 1874 1714 1906 πολὺς
1728 1874 1806 1910 ὄχλος
1822 1874 1877 1901 τῶν
1893 1874 2055 1901 συνοδοιπο-

1253 1921 1369 1956 ρούντων
1382 1920 1416 1947 οὐ
1433 1920 1529 1956 μικρὸν
1544 1919 1640 1954 φθόνον
1660 1920 1774 1947 είσιοῦσι
1791 1920 1863 1947 κατὰ
1881 1920 1961 1946 πόιιν
1983 1921 2054 1955 ἡμῖν

1252 1966 1411 1997 ἐπισπᾶται,
1427 1965 1582 2000 ἀναγκαίως
1608 1965 1767 2001 ἐσκεψάμην
1794 1965 1948 2001 φροντίσαι,
1973 1966 2052 1998 ὅπως

1254 2010 1321 2044 μήτε
1332 2006 1402 2036 οὗτοι
1413 2009 1553 2044 λυπηθῶσι
1569 2009 1737 2041 κωλυθέντες
1751 2011 1868 2036 συνεῖναι
1885 2011 1965 2045 ἡμῖν,
1978 2011 2051 2046 μήτε

1253 2055 1333 2090 ἡμεῖς
1349 2054 1523 2090 περίὸλεπτοι
1538 2054 1687 2090 γενόμενοι,
1704 2055 1800 2090 φθόνου
1815 2056 1871 2087 τοῖς
1892 2055 1986 2087 ἄλλοις
1999 2064 2051 2082 κα-

1252 2100 1394 2135 ταστῶμεν
1410 2100 1499 2126 αἴτιοι.
1526 2101 1626 2127 Τούτου
1648 2100 1728 2127 ἕνεκα
1745 2100 1874 2136 βούλομαί
1889 2109 1920 2127 σι
1931 2101 1979 2127 τὸν
1999 2102 2051 2127 Νι-

1253 2147 1339 2183 κήτην
1354 2147 1411 2183 ἅμα
1430 2147 1540 2184 Ἀκὺλᾳ,
1559 2147 1711 2183 προοδεύειν
1727 2156 1779 2183 μου
1797 2147 1866 2175 κατὰ
1883 2148 2050 2184 συστήματα

1253 2194 1300 2221 δύο
1319 2194 1464 2229 σποράδην.

453 2281 547 2310 LXXI.
559 2281 613 2308 ista
636 2280 716 2308 Petro
737 2280 855 2313 dicente,
884 2278 1082 2314 responderunt
1095 2278 1202 2306 Nicetas
1220 2281 1241 2308 D
1289 2283 1357 2310 LXX

1145 2283 1202 2306 elaS
1220 2281 1241 2308 D
1289 2283 1380 2310 LXXI.
1389 2283 1480 2310 Ταῦτα
1491 2283 1537 2309 τοῦ
1549 2283 1650 2318 Πέτρου
1663 2282 1794 2314 είπόντος,
1807 2283 1992 2319 ἀπεκρίναντο
2000 2284 2048 2310 Νι-

417 2335 444 2357 et
468 2328 564 2363 Aquila
579 2325 657 2354 :Non
674 2325 751 2353 valde
776 2333 837 2358 nos,
859 2325 985 2357 domine,
1008 2325 1150 2352 contristat
1175 2325 1202 2351 id

418 2382 509 2410 agerc,
530 2373 660 2407 quoniam
683 2378 699 2398 a
721 2374 747 2397 te
771 2370 932 2404 imperatum
948 2374 999 2396 est.
1029 2368 1121 2396 Primo
1141 2369 1204 2404 qui-

419 2421 490 2452 dem,
503 2419 566 2454 quia
580 2417 624 2444 Dei
639 2416 809 2452 providentia
819 2415 939 2443 delectus
957 2422 997 2447 es,
1010 2416 1056 2450 qui
1071 2415 1202 2442 merearis

419 2471 517 2494 cuneta
535 2464 666 2499 praeclare
682 2462 802 2497 cogitare
818 2465 900 2496 atque
919 2461 1062 2489 consulere
1081 2471 1087 2489 :
1102 2461 1200 2489 deinde

419 2511 562 2546 veroquod
570 2510 750 2544 utplurimum
767 2507 849 2534 biduo
862 2515 911 2533 nos
924 2507 975 2534 hoc
987 2507 1076 2534 facere
1092 2515 1202 2535 necesse

419 2558 465 2591 sit,
488 2565 503 2584 a
525 2561 551 2584 te
575 2556 720 2588 absentes;
748 2553 814 2580 illud
834 2557 925 2580 autem
948 2553 1064 2588 spatium
1079 2553 1204 2588 quamvis

420 2603 530 2638 longum
556 2602 601 2634 sit,
624 2601 688 2628 dum
717 2604 743 2626 te
768 2598 909 2626 dominum
926 2602 1048 2625 nostrum
1063 2606 1115 2624 non
1130 2598 1204 2625 vide-

421 2657 492 2681 mus,
507 2652 625 2674 attamen
640 2649 670 2672 ut
687 2645 776 2680 juhes,
791 2643 855 2678 quia
871 2643 937 2670 utile
955 2647 1006 2673 est.
1021 2650 1075 2669 non
1093 2648 1203 2670 eontra-

422 2694 547 2721 dicimus.
562 2691 623 2718 llaec
640 2696 783 2726 postquam
804 2688 942 2719 dixerunt,
958 2688 1106 2722 anu-gressi
1128 2693 1200 2714 sunt.

1253 2329 1338 2365 κήτης
1348 2330 1393 2355 καὶ
1401 2329 1523 2360 Ἀκύλας·
1539 2329 1576 2355 Οὐ
1588 2329 1658 2356 πάνυ
1672 2329 1757 2364 ἡμᾶς,
1766 2329 1855 2364 κύριε,
1865 2329 1948 2356 λυπεῖ
1964 2330 2048 2356 τοῦτο

1254 2373 1445 2408 πράττειν,διὰ
1464 2373 1494 2399 τὸ
1508 2373 1560 2400 ὑπὸ
1571 2373 1616 2399 σοῦ
1632 2372 1839 2408 προστετάχθαι.
1852 2373 1965 2409 Πρῶτον
1981 2374 2045 2409 μὲν,

1252 2419 1292 2444 ὅτι
1309 2418 1395 2444 πάντα
1411 2418 1500 2450 καλῶς
1514 2420 1583 2445 νοεῖν
1597 2427 1626 2445 τε
1641 2418 1687 2444 καὶ
1699 2418 1893 2453 συμϐουλεύειν
1907 2419 1982 2451 ἄξιος
1993 2419 2045 2449 ὢν,

1254 2463 1306 2490 ὑπὸ
1320 2463 1367 2498 τῆς
1382 2463 1428 2489 τοῦ
1440 2463 1507 2489 Θεοῦ
1522 2462 1649 2498 προνοίας
1665 2462 1802 2496 ὲξελὲγης”
1822 2463 1919 2489 ἔπειτα
1941 2463 1980 2494 δὲ,
2002 2464 2046 2490 ὅτι

1253 2509 1290 2540 ὡς
1303 2508 1418 2535 ἐπιπολὺ
1434 2508 1543 2544 ἡμερῶν
1560 2508 1606 2534 δύο
1618 2509 1722 2543 ἀνάγκη
1736 2507 1815 2534 τοῦτο
1828 2508 1959 2543 πράττειν
1969 2509 2046 2544 ἡμᾶς

1253 2553 1523 2589 ἀπολιμπανομένους
1537 2562 1582 2580 σου
1595 2563 1601 2568 ·
1617 2554 1663 2580 καὶ
1685 2552 1763 2580 αὗται
1775 2553 1802 2580 δὲ
1817 2553 1913 2580 πολλαὶ
1924 2555 1992 2590 πρὸς
2013 2555 2045 2581 τὸ

1256 2601 1292 2634 μή
1311 2608 1340 2624 σε
1355 2599 1401 2625 τὸν
1423 2599 1516 2634 κύριον
1530 2599 1606 2634 ἡμῶν
1628 2599 1757 2635 καθορᾷν,
1782 2599 1851 2634 πλὴν
1864 2599 1902 2631 ὡς
1920 2600 2045 2632 κελεύεις

1251 2643 1294 2670 διὰ
1312 2644 1342 2670 τὸ
1358 2644 1495 2680 συμφέρον
1519 2645 1568 2671 οὐκ
1580 2644 1764 2678 ἀντιλέγομεν.
1796 2645 1889 2672 Ταῦτα
1904 2646 2041 2677 εἰπόντες,

1255 2690 1382 2724 προῆγον.

1061 2769 1176 2797 VARI/Ii
1193 2770 1390 2800 l.ECTIOI\ES.

495 2819 515 2834 “
530 2819 621 2845 Matth.
642 2826 719 2849 “ut,
734 2818 780 2844 ‘25.
820 2818 840 2832 ¹⁹

866 2819 980 2846 Ctemnu
997 2838 1003 2846 .
1024 2818 1098 2844 hom.
1128 2825 1157 2849 χ,
1173 2825 1197 2844 ί.
1223 2818 1266 2844 55.
1296 2821 1367 2851 ηερ..
1381 2820 1398 2847 Ι.
1418 2827 1456 2850 vt.
1477 2828 1501 2847 c.
1517 2820 1559 2847 15.

1616 2821 1640 2836 ’⁸
1655 2821 1689 2858 al.
1708 2821 1916 2858 εὐχαριστήσας.
1951 2824 1971 2838 ¹¹
2000 2825 2037 2849 al.

421 2853 614 2890 ἀποδεδώκασι.
642 2854 713 2880 “al.
734 2851 940 2887 ὑποδεξάμενον.
980 2852 1002 2868 ¹³
1026 2853 1164 2884 (ξιοηιειιιη
1190 2852 1262 2879 hour
1282 2861 1325 2880 xu,

1134 2859 1164 2884 1,,
1190 2852 1262 2879 hom
1282 2861 1330 2886 xu,
1350 2862 1375 2882 c.
1392 2855 1419 2889 l,
1440 2860 1492 2882 etc.
1525 2857 1649 2893 Recogn.,
1668 2856 1685 2882 l.
1711 2851 1759 2889 vni,
1777 2851 1802 2883 ξ.
1821 2851 1853 2890 ί,’
1866 2851 1919 2885 etc.
1958 2858 1980 2874 ”
1997 2863 2036 2885 at.

424 2885 482 2914 οὖν.
