2290 3110
233 150 270 178 51

260 204 349 233 LXXII.
369 204 557 241 Πορευθέντων
582 202 629 232 οὖν
653 203 760 236 αὐτῶν,
791 202 846 237 ἐγὼ
877 202 991 237 Κλήμης
1005 203 1028 232 Α

231 253 330 288 ἔχαιρον,
347 251 387 277 ὅτι
406 251 456 278 σὺν
479 250 552 286 αὑτῷ
572 259 605 286 με
623 250 766 276 ἐκέλευσεν
782 246 861 276 εἶναι.
885 247 993 283 ’Δμέλει

232 296 336 334 καὶπρὸς
346 297 425 324 αὑτὸν
438 295 523 324 εἵπονο
535 296 697 333 Εὑχαριστῶ
705 295 745 332 τῷ
757 295 827 330 Θεῷ,
842 295 884 321 δτι
900 303 933 330 με
943 293 993 320 οὐκ

232 343 401 377 ἐξαπέστειλας
419 342 459 375 ὡς
478 343 541 374 τοὺς
557 342 680 379 ἑταίρους
690 342 724 374 ’³,
744 341 805 368 ἐπεὶ
828 339 994 375 ὀδυνώμενος

232 389 256 416 ἂν
271 389 488 425 διαπεφωνήχειν.
513 389 541 415 '0
556 388 584 415 δὲ
599 387 661 424 ἔφη·
679 385 712 414 Τί
731 387 785 414 δαί·
804 387 828 413 εί
850 385 897 413 καὶ
914 385 995 421 χρεία

233 443 263 466 τις
277 435 344 462 ἔσται
357 434 514 471 πεμφθῆναί
529 434 558 461 σέ
575 443 636 466 που,
658 434 690 461 σὺ
706 433 752 460 διὰ
766 433 797 459 τὸ
817 431 885 468 πρὸς
905 431 994 466 ὀλίγον

232 481 441 516 ἁπολιμπάνεσθαί
453 490 504 517 μου
514 480 715 517 συμφερόντως,
724 479 769 506 διὰ
778 478 857 506 τοῦτο
867 477 992 513 τεθνήξῃ;

231 526 311 561 οὐχὶδὲ
324 526 523 562 προσομιλήσας
540 525 655 561 σεαυτῷ,
673 523 766 561 φέρειν
780 523 815 550 τά
827 524 871 550 διὰ
883 523 932 559 τὴν
948 523 994 549 ἀν-

233 571 302 608 άγκην
312 580 350 598 σοι
364 572 599 608 προσταττόμενα,
614 569 739 607 εὐθύμως
755 570 893 602 omisere;
911 567 927 605 ἢ
943 569 993 596 οὐκ

232 616 302 650 οἶδας,
322 618 360 644 ὅτι
378 617 495 644 σύνεισιν
516 617 541 644 οι
556 617 627 652 φίλοι
644 617 704 648 ταῖς
725 616 854 652 μνήμαις,
872 615 922 641 κᾶν
937 616 994 646 τοῖς

233 662 334 698 σώμασιν
348 662 457 689 ἐκείνων
468 661 720 698 ἀπολιμπάνωνται,
736 661 773 693 ὼς
789 660 853 687 ἔνιοι
871 660 994 692 συνόντες

235 709 276 739 toi;
289 707 396 743 σώμασι,
410 708 520 745 μακρὰν
535 709 705 744 ἀφεστήκασι
720 708 780 739 ταῖς
789 707 906 742 ψυχαϊςς

259 752 358 780 LXXIII.
376 753 463 788 Κάγὼ
481 754 680 790 ἀπεκρινάμην·
704 753 783 779 Ἀλλά
805 752 842 788 μή
869 760 902 787 με
919 751 994 787 νομί-

233 806 278 835 οῃς,
293 798 373 834 κύριε,
395 799 436 827 ὄτι
453 800 488 826 τά
507 797 594 836 λύπης
609 800 724 835 πάσχειν
738 799 849 835 ἔμελλον
865 799 993 834 ἀνοήτως,

232 845 284 871 ἀλλά
296 846 338 872 καὶ
351 845 419 872 πάνυ
433 846 523 882 ὀρθῶς
536 846 624 881 ἔχοντι
645 845 777 882 λογισμῷ.
797 846 873 872 Ἐπεὶ
893 845 947 881 γάρ
964 853 994 871 σε

233 891 280 916 ἀντὶ
293 891 393 917 πάντων
410 889 533 927 εἱλόμην,
554 891 657 927 πατρὸς
675 888 721 918 καὶ
743 890 854 926 μητρὸς,
874 889 995 925 ἀδελφῶν
1010 890 1032 917 Β

233 936 278 971 ἅμα
294 936 335 963 καὶ
359 936 516 971 συγγενῶν,
543 937 628 964 αἴτιόν
651 944 696 973 μοι
716 937 858 972 γενόμενον
881 934 926 963 διὰ
952 934 996 963 τδν

233 981 282 1007 Θεὸν
293 981 338 1017 τῆς
348 981 485 1018 σωζούσης
497 980 633 1018 ἀληθείας·
650 982 721 1009 οὕτω
734 982 782 1009 καὶ
795 979 830 1018 ἦς
843 981 954 1018 ἔμελλον
966 983 997 1008 ὲκ

234 1026 320 1052 πάντων
335 1026 479 1053 ἀπολαύειν
494 1026 679 1063 παραμυθίας,
695 1026 740 1053 διὰ
757 1026 805 1053 σοῦ
826 1026 907 1062 μόνου
928 1031 996 1062 καρ-

235 1071 326 1107 ποῦμαι.
341 1073 450 1100 Δέδοικα
467 1073 521 1109 γὰρ
531 1073 598 1105 δλως
613 1072 807 1108 ἀπολειφθῆναι
821 1081 879 1105 σου,
892 1073 996 1109 μήποτε

232 1118 264 1144 διὰ
277 1119 318 1154 τὴν
332 1119 362 1146 ἐκ
375 1119 424 1155 τῆς
439 1118 548 1155 ἡλικίας
565 1119 666 1155 ἀκμὴν,
683 1119 771 1154 ἥττων
787 1118 933 1154 ἐπιθυμίας
952 1118 997 1153 γι-

232 1173 310 1198 νωμαι.
320 1165 371 1192 Καὶ
383 1165 428 1192 διὰ
440 1165 522 1192 τοῦτο
537 1164 622 1196 οὕτως
636 1164 787 1195 ὲνστάσεως
803 1164 867 1199 ἔχω,
883 1164 920 1195 ὡς
934 1164 997 1190 ἀπο-

234 1210 308 1244 στῆναί
329 1218 372 1236 σου
396 1210 528 1237 ἀδύνατον
551 1208 633 1240 εἶναι,
659 1210 683 1236 εί
704 1210 740 1245 μὴ
757 1209 829 1236 κατά
842 1217 903 1235 τινα
920 1209 996 1244 χόλον

233 1255 285 1281 θεοῦ
298 1255 370 1282 τοῦτο
384 1255 508 1292 γένηται.
523 1255 578 1283 Καὶ
592 1256 644 1291 γὰρ
662 1253 801 1291 μέμνημαί
817 1262 863 1281 σου
881 1255 910 1282 ὲν
926 1255 995 1282 Και-

234 1300 311 1336 σαρείᾳ
323 1301 450 1333 εἰπόντος·
470 1301 504 1328 Εἰ
516 1300 558 1332 τίς
576 1309 620 1337 μοι
638 1300 761 1336 βούλεται
775 1300 942 1332 συνοδεῢσαι,
956 1301 996 1327 εὐ-

234 1345 301 1377 σεϐῶς
317 1347 360 1373 καὶ
374 1346 548 1374 συνοδευέτω.
562 1346 690 1379 Εὐσεδῶς
704 1346 732 1373 δὲ
747 1346 824 1383 ἔφης,
845 1346 875 1373 τὺ
895 1346 996 1383 μηδένα

232 1389 329 1426 λυπῆσαι
338 1392 405 1419 κατὰ
413 1390 492 1424 Θεὸν,
506 1390 571 1424 οἷον,
582 1391 748 1420 ἀπολιπόντα
760 1394 858 1428 γονεῖς,
869 1394 994 1427 γυναῖκα.

233 1436 286 1471 πρὸς
298 1437 340 1469 δὲ,
362 1438 407 1466 καὶ
422 1437 536 1474 ἐτέρους
556 1439 631 1471 τινάς
645 1439 699 1466 τῶν
713 1439 833 1466 εὐσεσείν
851 1438 994 1475 ἑλομένων.

234 1481 299 1508 Ὀθεν
315 1483 365 1518 ἐγὼ
383 1484 456 1511 κατὰ
477 1485 566 1512 πάντα
579 1485 730 1520 ἐπιτήδειός
746 1484 803 1520 είμί
819 1493 861 1512 σοι
879 1485 994 1511 συνοδοι-

233 1527 307 1562 πόρος,
324 1525 345 1562 ᾧ
357 1529 403 1556 καὶ
417 1530 454 1557 τά
476 1530 589 1566 μέγιστα
604 1530 714 1567 χαρίζῃ,
734 1531 758 1557 εί
769 1531 791 1547 ¹⁶
804 1530 854 1562 τὰς
868 1530 923 1557 τῶν
937 1531 996 1558 δού-

233 1570 273 1599 λων
283 1574 422 1610 ὑπηρεσίας
437 1577 598 1612 ἐπιτρέποις
607 1578 703 1603 ποιεῖν.

260 1620 359 1650 LXXIV.
379 1623 434 1650 Kal.
449 1624 465 1650 ὀ
481 1623 584 1660 Πέτρος
604 1623 737 1656 ἀκούσας,
759 1625 828 1660 μετά
842 1625 914 1657 τινός
929 1634 995 1661 φησι

234 1667 392 1703 μειδιάματος·
416 1668 450 1696 Τί
465 1667 510 1697 οὖν
523 1670 589 1702 οἴει,
606 1670 720 1706 Κλήμη,
739 1670 776 1706 μὴ
792 1670 838 1697 ὑπ’
852 1668 936 1706 αὐτῆς
950 1671 996 1697 ἀν-

234 1712 310 1749 άγκης.
323 1715 360 1746 είς
376 1715 478 1742 δούλων
501 1724 531 1742 σε
551 1716 667 1751 ταγῆναι
684 1714 784 1748 τόπονς
803 1715 865 1743 ἐπεὶ
886 1716 928 1748 τίς
947 1716 996 1748 τὰς

234 1752 300 1789 ἀπάις
321 1768 362 1794 μοι
382 1761 430 1787 καὶ
448 1760 549 1792 πολλὰς
568 1758 688 1793 σινδόνας
705 1761 773 1796 μετὰ
791 1761 845 1788 τῶν
857 1759 996 1797 ἑπομένων

233 1802 358 1832 δακτυλίων
377 1807 424 1833 καὶ
448 1806 505 1833 τῶν
523 1805 704 1842 ὑποδημάτων
723 1807 885 1842 punget";
907 1806 954 1838 Τίς
967 1806 995 1834 δὲ

235 1848 272 1874 καὶ
282 1849 312 1875 τά
325 1850 387 1885 ἡδέα
402 1851 451 1879 καὶ
467 1851 598 1888 πολυτελῆ
613 1851 666 1887 δψα
677 1852 885 1888 προετοιμάσει;
902 1852 920 1879 ἃ
935 1861 996 1880 τινα

233 1894 322 1921 ποικίλα
339 1895 400 1923 ὀνια
421 1896 528 1923 πολλῶν
541 1895 624 1924 δεῖται
640 1895 687 1924 καὶ¹
699 1897 831 1932 τεχνικῶν
846 1894 993 1933 μαγείρωνθ

233 1938 270 1963 καὶ
283 1939 362 1967 πάντα
376 1941 478 1973 ἐκεῖνα,
496 1942 546 1969 ὅσα
565 1941 604 1973 ὡς
625 1941 711 1978 θηρίῳ
727 1942 836 1978 μεγάλῳ
853 1943 885 1978 τῇ
903 1941 996 1969 ἐπιθυ-

235 1982 272 2018 βίᾳ
285 1986 528 2022 προευτρεπίζεται.
545 1987 618 2022 Πλὴν
634 1987 650 2023 ή
666 1987 777 2023 τοιαύτη
793 1996 823 2014 σε
838 1987 996 2023 προαίρεσις

234 2026 381 2065 ὑπεισῆλθεν,
406 2031 474 2064 ἴσως
498 2033 535 2068 μὴ
559 2032 695 2065 συνιέντα,
720 2033 767 2060 καὶ
787 2032 833 2060 τὸν
855 2033 920 2069 ἐμὸν
943 2033 994 2068 ἀγ-

234 2074 325 2103 νοοῦντα
345 2077 407 2112 βίον,
429 2078 474 2105 ὅτι
495 2078 570 2114 ἄρτῳ
592 2078 665 2114 μόνῳ
685 2078 732 2106 καὶ
753 2079 855 2111 ἐλαίαις
874 2079 993 2116 χρῶμαι,

235 2120 270 2146 καὶ
287 2123 395 2156 σπανίως
403 2124 427 2140 ’⁸
444 2124 579 2160 λαχάνοις·
611 2125 658 2152 καὶ
682 2126 723 2152 δτι
747 2125 855 2161 ἱμάτιόν
880 2134 925 2162 μοι
947 2126 995 2153 καὶ

234 2165 351 2199 τριϐώνιον
366 2168 394 2195 ἓν
409 2170 468 2196 ἐστι
483 2170 561 2196 τοῦτο
572 2170 594 2187 ²⁹
611 2169 685 2202 αὐτὸ,
695 2170 710 2197 δ
724 2169 932 2207 περιϐέϐλημαι,
947 2172 995 2198 καὶ

235 2209 310 2261 ἑτέρου
333 2214 422 2261 χρείαν
440 2216 491 2242 οὐκ
509 2215 573 2250 ἔχω,
593 2215 652 2242 οὐδὲ
666 2216 753 2244 ἄλλων
770 2217 860 2244 τινῶψ
883 2217 927 2244 Ἑν
940 2217 994 2254 γὰρ
1009 2232 1032 2261 D

234 2255 320 2288 τούτοις
333 2258 377 2286 καὶ
391 2260 599 2296 περισσεύομαι.
626 2261 655 2288 '0
668 2261 729 2294 νοῦς
745 2263 800 2298 γάρ
821 2271 871 2298 μου
884 2263 919 2290 τά
937 2264 995 2290 ἐκεῖ

235 2300 306 2328 πάντα
316 2303 382 2339 ὀρῶν
394 2304 491 2333 αίώνια
505 2306 603 2341 ἀγαθὰ,
618 2307 672 2334 τῶν
686 2307 803 2335 ἐνταῦθα
815 2308 920 2339 οὐδενὸς
934 2310 994 2336 ἑπι-

1008 1567 1029 1596 C

237 2346 367 2381 στρέφεται.
383 2351 478 2387 Ὅμως
500 2352 547 2378 σοῦ
570 2350 621 2388 μὲν
642 2353 692 2388 τὴν
711 2353 815 2389 ἀγαθὴν
837 2352 995 2390 προαίρεσιν

236 2389 385 2435 ᾄποδέχομαι,
394 2396 441 2423 καὶ
452 2395 598 2432 θαυμάζων
613 2397 726 2430 ἐπαινῶ,
742 2398 799 2430 πῶς
815 2389 884 2435 ἀνὴρ
900 2389 931 2426 si
943 2408 996 2427 ’πο-

236 2434 331 2464 λυτελῶν
343 2439 408 2467 ἐθῶν
422 2440 562 2477 ὑπάρχων,
581 2441 679 2478 ῥᾳδίως
693 2444 749 2474 τοῖς
770 2434 928 2478 ἀναγκαίοις
949 2445 996 2472 τὸν

238 2483 329 2510 τεαυτοῠ
351 2484 504 2521 ὑπήλλαξας
528 2485 595 2522 βίον.
622 2488 718 2523 Ἦμεῐς
746 2489 800 2524 γὰρ
826 2490 859 2516 ἐκ
880 2490 993 2524 παίδων,

237 2525 279 2559 ἐγώ
286 2536 311 2554 τε
324 2530 367 2557 καὶ
386 2531 511 2568 Ἀνδρέας
525 2533 540 2559 ό
553 2532 690 2568 σύναιμος,
703 2533 733 2560 οὺ
748 2534 827 2569 μόνον
840 2536 869 2562 ὲν
879 2535 994 2572 ὀρφανίᾳ

237 2572 369 2609 τραφέντες,
385 2578 452 2605 ἀλλά
474 2579 522 2606 καὶ
543 2576 595 2605 ὑπὸ
616 2579 710 2611 πενίας
730 2580 771 2612 είς
792 2581 921 2616 ἐργασίαν
937 2581 993 2609 ὲθι-

239 2616 326 2652 σθέντες
340 2622 375 2656 ³⁸,
398 2624 527 2661 εὐμαρῶς
549 2626 668 2662 φέρομεν
683 2626 731 2654 νῦν
746 2627 796 2659 τὰς
812 2629 919 2664 μακρὰς
933 2630 994 2656 ταύ-

238 2669 276 2695 τας
288 2666 437 2705 ὁδοιπορίας.
463 2671 543 2698 Ὅθεν
562 2673 586 2699 εί
605 2673 713 2700 ἐπείθου
730 2682 785 2709 μοι,
805 2674 866 2710 ἐμοὶ
880 2675 913 2702 ἂν
928 2683 993 2710 συγο

239 2713 380 2749 κεχωρήκεις
393 2717 427 2744 τὰ
440 2717 540 2745 δούλων
551 2719 727 2756 ἀποπληροῦν
743 2729 793 2747 σοι.

593 144 825 174 CLEMENTINA.
845 160 880 164 —
898 138 1048 171 EPI'I'OME
1066 141 1110 169 DE
1128 140 1251 168 GESTIS
1271 140 1300 168 S.
1319 140 1432 168 PETRI.

1774 140 1826 170 522

1076 199 1181 227 LXXII.
1202 199 1250 227 liis
1263 200 1346 234 igitur
1358 198 1498 234 profectis,
1513 204 1564 232 ego
1574 197 1702 226 Clemens
1715 198 1826 233 gavisus

1043 254 1193 280 sum,.eum
1210 254 1254 273 me
1268 253 1361 274 secum
1379 252 1439 272 esse
1452 244 1582 272 voluisse.
1598 243 1691 279 itaque
1710 244 1743 271 ad
1762 252 1826 272 eum

1043 291 1119 319 dixi:
1135 291 1243 319 Gratias
1256 298 1307 327 ago
1327 291 1392 322 Deo,
1413 290 1485 326 quod
1509 297 1554 318 me
1572 297 1626 317 non
1643 290 1777 324 emiseris,
1796 295 1828 318 ut

1044 337 1171 371 sodales;
1192 345 1255 365 nam
1268 345 1323 372 prae
1338 337 1432 364 dolore
1442 340 1555 364 enectus
1569 335 1692 364 fuissem.
1715 336 1761 364 Ille
1780 344 1827 364 ven

1044 391 1075 411 ro
1089 391 1096 409 :
1112 382 1184 417 Quid
1198 389 1301 417 autem,
1315 383 1415 419 inquit,
1428 382 1451 411 si
1466 390 1528 418 qua:
1547 382 1697 410 necessitas
1713 382 1827 417 jusserit

1044 433 1073 457 ut
1084 430 1176 465 aliquo
1190 429 1324 463 mittaris;
1339 434 1367 457 tu
1381 429 1445 464 quia
1460 428 1619 464 aliquandiu
1633 436 1649 456 a
1665 436 1708 455 me
1724 428 1827 455 utiliter

1044 475 1100 503 eris
1111 479 1264 510 separatus,
1279 475 1339 502 ideo
1356 473 1499 501 morieris?
1514 473 1608 501 Nonne
1619 474 1720 508 potius,
1737 477 1826 500 tecum

1043 515 1184 557 reputans,
1194 521 1303 550 ferenda
1314 530 1374 550 esse
1385 529 1448 557 quae
1458 526 1569 557 propter
1582 521 1771 550 necessitatem
1781 521 1828 556 ju-

1043 567 1125 601 bcris,
1146 576 1226 604 aequo
1239 568 1332 596 animo
1351 567 1439 595 feres?
1456 567 1510 594 Aut
1529 567 1619 595 nescis
1652 567 1755 594 amicos
1772 575 1828 595 una

1043 621 1104 641 esse
1119 614 1319 646 recordatione,
1338 614 1401 642 licet
1415 613 1577 649 corporibus
1596 613 1668 641 inter
1680 621 1709 640 se
1724 613 1828 649 disjun-

1048 664 1164 695 gantur;
1179 660 1248 688 sicut
1262 660 1386 688 nonnulli
1396 660 1555 695 corporibus
1563 663 1721 694 praesentes,
1729 661 1829 689 animis

1043 706 1139 740 procul
1150 710 1215 734 sunt
1226 705 1334 734 dissiti'!

1079 750 1195 780 LXXIII.
1214 752 1247 780 Et
1257 760 1307 788 ego
1322 752 1449 788 respondi
1467 760 1474 779 :
1490 749 1590 779 Verum
1603 760 1637 780 ne
1648 752 1682 780 de
1697 760 1740 780 me
1752 752 1827 780 arbi-

1045 797 1143 830 treris,
1164 797 1283 831 domine,
1302 797 1374 832 quod
1400 798 1481 825 istum
1504 805 1649 825 maerorem
1670 798 1829 833 insipienter

1044 842 1096 870 sim
1104 850 1293 878 pcrpessurus,
1304 843 1428 878 quinimo
1436 843 1582 871 admodum
1594 849 1666 872 recte
1675 852 1705 872 se
1715 844 1830 872 habente

1045 887 1160 915 ratione.
1179 888 1315 921 Quoniam
1343 888 1416 915 enim
1437 893 1463 917 te
1484 896 1533 924 pro
1562 889 1690 917 omnibus
1716 891 1827 926 accepi,

1046 942 1096 970 pro
1112 938 1197 970 patre,
1216 939 1313 969 matre,
1333 934 1473 966 fratribus.
1498 940 1526 964 et
1552 937 1689 973 cognatis;
1713 938 1759 973 qui
1781 946 1830 974 per

1048 980 1132 1008 Deum
1150 985 1246 1008 auctor
1260 981 1326 1009 mihi
1338 981 1424 1015 fuisti,
1441 986 1471 1009 ut
1486 983 1641 1018 agnoverim
1654 984 1828 1012 servatricem

1047 1026 1186 1054 veritatem
1202 1027 1262 1055 :sic
1281 1031 1308 1055 et.
1325 1028 1522 1061 consolatione,
1544 1036 1626 1063 quam
1644 1029 1679 1057 ab
1701 1029 1830 1057 omnibus

1047 1077 1244 1102 consecuturus
1260 1073 1384 1105 fuissem,
1404 1081 1452 1109 per
1472 1078 1499 1101 te
1518 1082 1603 1101 unum
1621 1074 1706 1101 fruor.
1728 1073 1830 1102 Vereor

1047 1117 1147 1153 quippe
1167 1118 1280 1146 omnino
1292 1127 1306 1146 a
1318 1123 1345 1147 te
1357 1119 1452 1148 abesse
1462 1138 1469 1152 ,
1484 1127 1517 1147 ne.
1529 1127 1576 1155 per
1587 1120 1673 1148 aetatis
1683 1120 1828 1155 fervorem,

1048 1164 1218 1198 acupiditate
1228 1165 1332 1192 vincar.
1342 1164 1375 1192 Et
1388 1165 1448 1193 idco
1462 1166 1497 1192 ita
1512 1165 1538 1194 in
1555 1165 1676 1193 animum
1685 1167 1789 1199 induxi,
1799 1170 1830 1193 ut

1047 1217 1061 1237 a
1078 1213 1103 1237 te
1115 1218 1169 1237 non
1185 1211 1288 1246 possim
1302 1211 1450 1245 discedere,
1466 1210 1518 1239 nisi
1534 1211 1587 1239 hoc
1607 1212 1697 1239 divina
1711 1211 1828 1247 quadam

1046 1257 1087 1284 ira
1102 1258 1220 1285 eveniat.
1237 1257 1341 1285 Etenim
1354 1258 1465 1286 memini
1479 1262 1504 1286 te
1516 1258 1647 1286 Caesarea:
1662 1258 1753 1286 dicere
1773 1265 1779 1284 :
1799 1257 1828 1286 Si

1046 1303 1109 1338 quis
1125 1304 1182 1330 vult
1197 1311 1301 1331 mecum
1321 1304 1372 1331 iter
1389 1303 1490 1338 facere,
1513 1304 1555 1340 pie
1575 1312 1685 1340 quoque
1702 1312 1757 1332 una
1777 1304 1830 1332 iter

1046 1348 1144 1376 habeat
1161 1356 1167 1376 ι
1182 1350 1224 1385 pie
1245 1355 1334 1377 autem
1347 1349 1457 1378 dicebas
1474 1357 1544 1384 esse,
1565 1351 1701 1378 neminem
1719 1351 1829 1379 tristitia

1045 1395 1193 1423 secundum
1209 1395 1293 1423 Deum
1309 1395 1424 1430 allicere,
1440 1396 1522 1424 veluti
1541 1395 1721 1432 relinquendo
1734 1405 1830 1432 paren-

1045 1447 1096 1475 tes,
1117 1449 1241 1475 uxorem,
1259 1449 1309 1470 nec
1324 1450 1377 1470 non
1393 1443 1462 1470 alios
1475 1443 1547 1478 piam
1564 1442 1648 1469 vitam
1667 1447 1830 1471 consectan—

1045 1492 1096 1515 tes.
1112 1485 1189 1515 Unde
1201 1495 1251 1523 ego
1261 1496 1374 1524 prorsus
1385 1489 1432 1517 tibi
1445 1497 1506 1517 sum
1515 1492 1594 1524 aptus
1609 1489 1716 1518 itineris
1725 1497 1828 1524 comes,

1046 1540 1061 1561 a
1075 1540 1130 1568 quo
1145 1538 1173 1561 et
1188 1534 1334 1561 maximam
1346 1534 1427 1563 inibis
1441 1535 1567 1570 gratiam,
1579 1535 1602 1564 si
1611 1535 1760 1564 ministeria
1770 1544 1829 1564 ser-

1045 1586 1141 1606 vorum
1158 1579 1232 1607 obire
1242 1580 1407 1615 permiseris.

1082 1623 1199 1651 LXXIV.
1220 1623 1278 1653 Hoc
1289 1625 1393 1660 audito,
1405 1625 1513 1660 Petrus,
1528 1634 1590 1655 eum
1605 1627 1659 1654 leni
1670 1627 1728 1656 risu
1741 1627 1828 1656 dixit:

1046 1669 1116 1703 Quid
1127 1678 1192 1706 ergo
1207 1674 1297 1706 putas,
1313 1671 1449 1706 Clemens,
1466 1672 1539 1708 quod
1553 1680 1606 1700 non
1619 1676 1646 1701 te
1658 1673 1716 1708 ipsa
1733 1681 1829 1701 neces-

1046 1715 1114 1744 sitas
1128 1715 1155 1743 in
1167 1723 1308 1744 servorum
1325 1717 1447 1745 ordinem
1467 1717 1670 1757 rediget?__Nam
1680 1719 1744 1754 quis
1761 1719 1828 1746 mihi

1045 1762 1180 1796 elegantes
1191 1770 1224 1790 ac
1235 1762 1336 1791 multas
1348 1763 1477 1791 sindones
1488 1771 1535 1792 seu
1547 1769 1636 1793 vestes
1648 1765 1756 1798 linteas,
1764 1773 1827 1794 cum

1045 1807 1180 1842 adjunctis
1195 1809 1303 1837 annulis
1317 1813 1343 1837 et
1354 1809 1452 1837 calceis
1463 1810 1619 1838 custodiet?
1636 1810 1703 1844 Quis
1721 1819 1787 1839 vero
1800 1815 1830 1839 et

1044 1855 1140 1883 suavia
1158 1855 1349 1890 exquisitaque
1366 1855 1481 1883 obsonia
1494 1856 1674 1891 praeparabit?
1688 1863 1749 1892 quae
1764 1863 1826 1884 cum

1045 1901 1120 1928 varia
1132 1901 1197 1934 sint,
1212 1900 1312 1929 multos
1330 1908 1363 1929 ac
1377 1901 1492 1930 solertes
1506 1909 1610 1937 coquos
1630 1903 1769 1938 postulant
1781 1911 1788 1930 :
1800 1907 1828 1931 et

1045 1945 1136 1973 omnia
1148 1945 1203 1979 illa,
1220 1953 1281 1981 qua;
1292 1950 1422 1981 tanquam
1438 1947 1551 1974 immani
1566 1947 1670 1981 bestia,
1685 1948 1826 1984 cupiditati

1045 1991 1221 2023 apparentur.
1248 1988 1301 2017 Sed
1325 1989 1419 2017 forsan
1443 1990 1502 2018 haec
1528 1995 1554 2019 te
1577 1991 1661 2019 subiit
1681 1993 1827 2026 sententia,

1044 2034 1118 2069 quod
1141 2042 1196 2063 non
1217 2034 1394 2070 intellexeris,
1410 2036 1537 2072 quodque
1559 2037 1667 2073 ignores
1684 2039 1746 2066 vitae
1760 2046 1828 2066 meae

1044 2080 1197 2115 rationem;
1209 2081 1255 2116 qui
1267 2082 1326 2110 solo
1343 2089 1412 2117 pane
1425 2086 1453 2110 et
1467 2083 1545 2110 olivis
1559 2088 1631 2117 utor,
1644 2090 1761 2120 raroque
1774 2085 1828 2113 olc-

1044 2126 1135 2161 ribus;
1154 2128 1257 2163 quique
1273 2135 1358 2156 unum
1379 2128 1466 2156 habeo
1483 2129 1687 2163 vestimentum,
1717 2138 1750 2159 ac
1771 2131 1828 2166 pal—

1045 2172 1121 2206 lium,
1137 2173 1190 2201 hoc
1199 2174 1287 2208 ipsum
1302 2181 1357 2209 quo
1370 2175 1485 2204 amictus
1503 2183 1575 2208 sum,
1591 2176 1682 2205 etalio
1692 2184 1761 2212 opus
1773 2186 1827 2205 non

1045 2219 1148 2253 habeo,
1171 2227 1259 2255 neque
1274 2220 1329 2248 ulla
1349 2228 1389 2249 re.
1409 2220 1477 2249 Nam
1499 2222 1530 2250 in
1551 2222 1594 2250 his
1615 2223 1696 2251 etiam
1720 2224 1827 2252 abunde

1045 2265 1112 2292 mihi
1121 2269 1172 2293 est.
1186 2265 1245 2294 Mea
1257 2267 1358 2302 quippe
1369 2275 1447 2296 mens
1461 2275 1575 2296 cernens
1585 2269 1642 2297 illic
1652 2270 1744 2298 omnia
1755 2270 1827 2298 bona

1045 2316 1156 2344 teterna,
1183 2313 1284 2340 nullius
1301 2321 1395 2341 eorum
1412 2321 1473 2349 quae
1486 2314 1531 2342 hic
1547 2318 1612 2342 sunt
1628 2321 1720 2343 curam
1735 2316 1826 2343 susci~

1044 2357 1094 2392 pit.
1108 2355 1194 2384 Tuum
1208 2362 1297 2384 tamen
1306 2358 1442 2393 egregium
1457 2358 1611 2387 institutum
1626 2359 1761 2394 approbo;
1776 2360 1827 2387 mi-

1045 2410 1144 2436 rorque
1163 2410 1195 2430 ac
1208 2403 1299 2435 laudo,
1322 2409 1377 2439 quo
1398 2404 1480 2431 modo
1500 2405 1542 2431 vir
1557 2405 1584 2432 in
1597 2405 1650 2433 vita
1667 2411 1826 2441 sumptuosa

1045 2447 1187 2481 educatus,
1203 2447 1283 2476 facile
1298 2448 1407 2476 vivendi
1428 2450 1560 2477 rationem
1579 2450 1777 2484 immutaveris,
1799 2457 1825 2479 et

1044 2493 1078 2521 ad
1096 2493 1153 2521 sola
1168 2494 1324 2522 necessaria
1338 2495 1501 2523 traduxeris.
1518 2494 1574 2523 Nos
1583 2495 1685 2531 quippe
1699 2503 1714 2523 a
1730 2503 1824 2531 puero,

1044 2545 1094 2573 ego
1107 2543 1134 2566 et
1150 2538 1272 2567 Andreas
1285 2539 1379 2572 frater,
1397 2549 1451 2568 non
1468 2541 1557 2568 solum
1579 2541 1605 2568 in
1621 2541 1746 2576 pupillari
1760 2549 1826 2570 con-

1833 2341 1848 2360 ἱ

1044 2584 1372 2618 ditioneeducati,verum
1387 2586 1468 2614 etiam
1480 2591 1589 2621 propter
1605 2586 1725 2621 inopiam
1742 2587 1776 2615 ad
1786 2587 1826 2614 la-

1043 2630 1137 2657 borem
1155 2631 1310 2663 assuefacti,
1324 2631 1447 2666 expedite
1460 2639 1532 2659 nunc
1546 2631 1596 2660 has
1608 2632 1702 2668 longas
1713 2632 1826 2661 ferimus

1043 2674 1284 2710 peregrinationes.
1301 2676 1401 2710 Quare,
1417 2677 1440 2704 si
1451 2676 1576 2704 crederes
1591 2677 1668 2712 mihi,
1682 2685 1823 2706 servorum

1045 2720 1132 2749 cilicia
1144 2729 1187 2750 me
1198 2722 1247 2750 tibi
1258 2722 1414 2758 impendere
1423 2722 1595 2751 concederes.

851 2788 965 2818 νΑιιιιΕ
986 2790 1186 2821 LEC'I'IONES.

241 2822 449 2874 .‘chanfjtta
479 2840 507 2874 et
523 2834 727 2874 Δηαςοέῖιιὶιίοηει
746 2856 753 2870 ,
785 2838 902 2874 ἐτέρους.
928 2838 995 2866 Cor.

273 2861 301 2887 IL
317 2865 351 2892 τό.
388 2868 408 2884 ³⁰
425 2871 459 2897 al.

377 2916 508 2949 ΡΑτιιοι..
536 2920 594 2950 Ga.
623 2922 660 2951 II.

1050 2841 1072 2857 "
1086 2841 1120 2868 ai.
1141 2841 1168 2867 εἴ
1187 2850 1240 2877 μοι.
1293 2843 1315 2859 ’⁷
1331 2841 1364 2870 a1.
1386 2842 1551 2879 διαφυλάξει.
1592 2844 1614 2861 ²⁸
1633 2845 1668 2873 al.
1689 2846 1823 2878 σπανίοις.
1839 2855 1859 2889 '\

1627 2929 1662 2958 17
