2290 3110
431 125 483 153 523

865 124 894 152 S.
909 124 1102 153 CLEMENTIS
1121 124 1130 152 I
1149 125 1231 153 ROM.
1251 125 1352 153 ΡΟΝΤ.
1373 119 1488 154 UPERA
1506 126 1620 155 DUBIA.

2019 128 2070 156 524

464 184 570 213 LXXV.
590 184 620 213 Id
648 192 700 221 ego
711 185 837 220 audiens,
858 187 1013 214 contretnui
1035 190 1063 214 et
1083 186 1216 222 collacry-
1231 187 1255 216 Δ
1303 184 1368 212 LXX

1165 193 1216 222 :ry-
1231 187 1255 216 Α
1303 184 1410 212 LXXV.
1434 183 1505 220 Ἐγὼ
1518 184 1546 212 δὲ
1561 183 1691 217 ἀκούσας,
1707 183 1857 221 σύντρομος
1866 184 2008 220 ἐγενόμην
2022 185 2069 212 καὶ

428 231 516 258 mavi:
540 230 605 266 quia
630 231 713 259 talem
742 231 884 260 habuisset
910 231 1062 260 orationem
1084 231 1138 265 vir,
1164 239 1219 267 quo

429 267 522 304 (uncti
536 276 620 312 hujus
631 277 719 305 aetatis
726 277 854 305 homines
864 278 971 306 ratione
986 278 1106 306 scientiae
1118 286 1150 306 ac
1161 277 1219 313 pie-

428 322 497 349 tatis
513 325 579 349 sunt
600 321 757 350 inferiores.
782 322 818 350 At
841 322 896 356 ille,
911 330 1026 351 cernens
1045 331 1090 351 me
1108 323 1217 359 illacry-

429 371 561 400 mantem,
578 374 689 395 causam
706 366 829 402 rogabat.
849 366 906 402 Ego
918 371 1009 394 autem
1020 366 1054 394 ad
1069 366 1145 393 illum
1160 374 1168 393 :
1183 365 1218 393 Et

428 413 559 448 quidnam
571 413 694 448 peccavi,
711 412 834 448 inquam,
847 416 877 440 ut
887 412 960 440 hunc
971 420 1124 440 sermonem
1137 411 1216 440 audi—

427 458 506 486 rem?
519 458 673 494 Statimque
685 459 782 487 Petrus
799 468 806 486 :
819 458 848 486 Si
864 459 934 486 male
946 458 1054 487 loeutus
1067 466 1140 492 sum,
1152 466 1214 486 cum

427 505 559 540 proposui
576 505 678 533 servire
691 505 757 538 tibi;
774 509 803 532 tu
823 505 898 540 prior
912 504 1061 540 deliquisti,
1080 504 1127 540 qui
1139 504 1216 540 prior

427 551 456 578 in
472 551 565 578 animo
577 551 699 578 habuisti
714 551 766 578 hoc
777 558 867 587 agere.
880 550 914 578 Et
923 558 973 586 ego
987 551 1115 586 respondi
1133 559 1139 577 :
1154 550 1214 579 Non

426 601 470 624 est
483 596 581 625 similis
594 597 664 624 ratio
677 606 684 624 :
697 596 830 632 siquidem
844 604 888 624 me
899 596 976 624 valde
987 597 1065 624 decet
1075 597 1101 624 id
1112 596 1212 630 facere;

424 647 526 671 tevero
539 643 707 676 nullatenus,
720 643 766 678 qui
779 651 809 671 es
820 643 867 670 Dei
881 651 981 678 prazco,
996 644 1094 679 cuique
1107 643 1213 672 animas

426 689 570 718 hominum
582 696 695 724 pascere
708 689 886 717 commissum
901 694 951 717 est.
969 689 1037 717 Tum
1057 689 1154 718 Petrus
1172 690 1213 718 di-

423 735 466 763 xit
480 745 487 763 :
502 735 635 763 Dominus
651 740 755 769 noster,
768 735 816 770 qui
839 735 873 763 ad
885 736 999 763 salutem
1018 736 1102 765 totius
1117 737 1211 765 mundi

423 782 510 814 venit,
529 782 632 817 quique
655 790 728 809 unus
745 789 829 818 supra
842 787 954 810 cunctos
967 790 1060 810 veram
1079 787 1107 810 et
1124 783 1210 811 solam

423 826 593 856 nobilitatem
625 827 740 862 obtinet,
766 827 869 856 servire
895 835 928 856 ac
951 828 1108 856 ministrare
1131 829 1212 857 susti-

1270 231 1429 268 ἐπίδακρυς,
1444 229 1500 259 οἷον
1514 231 1594 266 λόγον
1607 231 1683 258 εἶπεν
1698 232 1778 268 ἀνὴρ,
1797 229 1828 258 οὗ
1848 231 1951 263 πάντες
1970 233 1997 258 οἱ
2022 233 2071 268 τῆς

1268 278 1317 304 νῦν
1334 279 1432 312 γενεᾶς
1444 276 1594 314 ἅνθρωποι,
1615 276 1655 312 τῷ
1670 277 1693 293 ³³
1707 278 1756 313 τῆς
1775 277 1904 312 γνώσεως
1923 278 1976 304 καὶ
1992 278 2070 304 εὐσε-

1268 322 1344 355 ϐείας
1358 322 1430 358 λόγῳ
1441 322 1474 355 ³¹,
1491 323 1589 358 ἥττους
1602 322 1681 349 εἰσίν.
1709 322 1738 349 'O
1761 322 1790 349 δὲ
1815 322 1884 356 ἰδών,
1902 331 1937 358 με
1966 323 2067 349 σύνδα-

1267 376 1347 404 κρυν,
1363 367 1526 395 ἐπυνθάνετο
1539 368 1588 403 τὴν
1603 367 1704 395 αἰτίαν.
1719 366 1805 402 Κάγὼ
1819 367 1888 403 πρὸς
1901 367 2000 394 αὐτόν·
2014 368 2069 394 Καὶ

1266 413 1293 440 τί
1309 413 1430 441 τοιοῦτον
1444 414 1575 449 ἥμαρτον,
1592 413 1672 449 φημὶ,
1688 413 1731 440 ἵνα
1745 414 1792 440 καὶ
1804 413 1925 440 τοιοῦτον
1946 413 2068 441 ἀκοῦσαὶ

1267 459 1334 494 με³³
1346 459 1440 494 λόγον;
1455 460 1510 486 Καὶ
1527 459 1541 485 6
1557 459 1660 495 Πέτρος
1683 459 1772 490 εὐθύς·
1792 460 1824 485 Εἰ
1843 459 1939 491 κακῶς
1965 460 2068 495 εἴρηκα

1265 504 1406 532 δουλεῦσαί
1432 514 1474 532 σοι
1499 505 1700 541 προελόμενος,
1726 505 1758 531 σὺ
1785 505 1893 541 πρῶτος
1923 506 2065 542 ἥμαρτες,

1267 550 1374 586 πρῶτος
1384 550 1464 577 τοῦτο
1479 550 1526 577 καὶ
1537 550 1648 585 ποιῆσαι
1661 549 1855 585 προθυμηθείς.
1872 549 1964 583 Κάγὼ
1980 550 2064 585 ἔφην·

1266 597 1321 631 Οὐχ
1337 597 1437 632 ὁμοίως
1453 596 1520 631 ἔχει.
1545 596 1621 631 Ἐμοὶ
1636 596 1686 631 μὲν
1706 595 1765 631 γὰρ·
1779 595 1827 622 καὶ
1849 595 1909 622 λίαν
1924 596 2065 631 προσήκει

1264 643 1343 670 τοῦτο
1357 644 1455 669 ποιεῖν’
1478 642 1520 669 σοὶ
1535 642 1564 669 δὲ
1582 641 1717 677 οὐδαμῶς,
1730 642 1776 668 ἆτε
1793 641 1979 677 Θεοῦ⁴κήρυκι
1995 642 2063 674 dim,

1263 689 1310 715 καὶ
1323 688 1412 724 ψυχὰς
1426 687 1577 724 ἀνθρώπων
1592 688 1746 723 ποιμαίνειν
1764 688 1991 723 πεπιστευμένῳ,
2009 689 2065 715 Καὶ

1263 735 1277 761 6
1291 734 1403 768 Πέτρος,
1434 733 1464 760 '0
1473 731 1573 768 Κύριος
1586 732 1676 768 ἡμῶν,
1687 730 1774 765 εἶπεν,
1790 733 1835 759 ἐπὶ
1850 732 1977 768 σωτηρίᾳ
1993 741 2063 759 παν-

1261 781 1308 812 τὸς
1321 780 1369 807 τοῦ
1383 780 1485 816 κόσμου
1502 778 1646 815 ἐληλυθὼς,
1659 779 1740 814 μόνος
1753 787 1783 806 τε
1799 778 1870 814 ὑπὲρ
1886 779 2002 811 πάντας
2012 780 2063 815 τὴν

1261 826 1348 862 ἀληθῆ
1376 826 1424 853 καὶ
1454 825 1537 862 μόνην
1564 825 1702 860 εὐγένειαν
1726 824 1805 860 ἔχων,
1831 825 1973 852 δουλεύειν
2000 826 2062 860 ἠνέ-

423 874 484 902 nuit
495 873 535 908 ³⁸;
551 878 582 901 ut
592 873 700 901 doceret
710 881 770 907 nos,
785 881 820 901 ne
833 873 992 901 indecorum
1005 878 1133 909 putemus
1150 882 1209 902 ser-
1224 874 1245 901 Β
1261 880 1327 907 σχετι

1156 882 1209 902 ser-
1224 874 1245 901 Β
1261 880 1348 907 σχετο,
1365 872 1398 899 ἵν’
1415 872 1489 907 ἡμᾶς
1505 871 1598 907 πείσῃ,
1615 871 1652 906 μὴ
1666 870 1700 897 δι’
1716 871 1846 906 αίσχύνης
1860 872 2017 904 ποιεῖσθαι,
2032 871 2060 897 τὺ

422 921 487 948 vilia
501 920 654 948 ministeria
667 920 799 955 proximis
806 920 935 947 exhibere
945 941 952 952 ,
969 913 1094 955 quamvis
1104 920 1210 948 nobiles

421 967 520 998 sitnus,
535 966 661 1001 quamvis
683 966 832 1001 plurimum
856 973 905 993 eos
923 966 1129 994 antecellamus.
1152 966 1209 1002 Ego

420 1013 515 1048 excepi
528 1021 535 1039 :
555 1011 583 1039 Si
596 1012 749 1039 existimem
765 1011 836 1048 quod
847 1016 874 1040 te
886 1012 1009 1039 oratione
1025 1012 1077 1040 sim
1097 1021 1210 1048 supera-

420 1063 511 1091 turus,
539 1065 634 1085 amens
655 1056 706 1084 sim
729 1057 810 1092 plane
829 1064 862 1084 ac
883 1056 983 1084 stultus
998 1065 1005 1083 :
1020 1061 1208 1086 verumtamen

419 1105 524 1140 gratias
538 1102 823 1132 dit-inteProvidentia:
838 1103 936 1135 habeo,
951 1107 978 1130 te
990 1103 1051 1131 loco
1065 1109 1207 1138 parentum

419 1149 487 1176 mihi
501 1150 634 1175 donatum
653 1147 748 1174 fuisse.

454 1193 573 1222 LXXVI.
594 1193 664 1220 Tum
674 1193 772 1220 Petrus
786 1201 793 1219 :
810 1192 922 1225 Verene,
938 1191 1040 1228 inquit,
1053 1193 1146 1221 nullus
1157 1194 1207 1222 tibi

416 1245 542 1276 superest
550 1248 582 1267 ex
598 1239 717 1275 genere?
731 1239 764 1266 Et
777 1246 828 1274 ego
841 1239 969 1274 respondi
982 1247 990 1266 :
1009 1238 1079 1267 Sunt
1096 1240 1206 1275 quidem

415 1286 510 1321 plures
518 1293 550 1313 ac
561 1285 650 1320 magni
663 1285 724 1317 viri,
740 1284 774 1311 ad
788 1284 925 1312 Caesarem
940 1292 1038 1320 genere
1049 1285 1205 1314 attinentes.

415 1329 484 1357 Nam
493 1330 562 1365 patri
582 1337 655 1363 meo,
669 1334 700 1357 ut
712 1334 773 1364 pote
781 1337 835 1356 una
846 1330 972 1363 educato,
988 1329 1079 1358 Caesar
1093 1338 1205 1359 uxorem

415 1381 559 1411 cognatam
573 1376 665 1411 junin
676 1383 684 1402 :
697 1383 730 1403 ex
739 1383 792 1410 qua
809 1379 864 1402 tres
878 1375 955 1402 liberi
967 1376 1021 1403 orti
1033 1377 1206 1411 sumus;duo

415 1421 527 1456 quidem
541 1425 604 1448 ante
621 1428 680 1454 me;
696 1420 742 1455 qui
758 1424 786 1447 et
801 1420 902 1455 gemini
917 1428 979 1448 cum
994 1426 1096 1455 essent,
1111 1422 1206 1449 admo—

415 1466 482 1494 dum
493 1466 566 1494 inter
585 1474 615 1493 se
628 1466 732 1494 similes
743 1470 841 1498 erant,
856 1467 927 1494 sicut
939 1467 1005 1494 mihi
1018 1468 1146 1495 narrabat
1157 1476 1205 1503 pa-

413 1517 457 1540 ter
469 1520 476 1539 :
493 1520 545 1548 ego
561 1512 662 1548 quippe
676 1520 763 1548 neque
773 1513 843 1545 illos,
859 1521 947 1548 neque
958 1513 1115 1548 genitricem
1127 1515 1205 1542 valde

413 1558 489 1591 novi,
504 1558 550 1585 sed
562 1558 642 1594 quasi
655 1565 702 1592 per
716 1558 852 1586 Somnium
869 1558 1016 1587 obscuram
1033 1567 1128 1587 eorum
1147 1559 1204 1588 for-

413 1611 487 1631 mam
504 1604 573 1631 mihi
592 1608 768 1639 repraesento.
786 1603 871 1640 Igitur
894 1610 982 1633 mater
1006 1605 1115 1641 quidem
1142 1615 1202 1635 mea

413 1648 555 1677 Matthidia
571 1649 723 1683 dicebatur,
743 1656 820 1685 pater
834 1655 927 1678 autem
947 1651 1082 1687 Faustus;
1103 1652 1202 1682 fratres

413 1702 492 1727 vero.
515 1695 585 1722 alter
596 1695 756 1730 Faustinus,
768 1696 838 1724 alter
854 1696 1049 1726 Faustinianus
1064 1699 1202 1726 vocaban-

412 1745 467 1768 tur.
481 1740 550 1768 Cum
574 1741 657 1776 igitur
676 1746 739 1776 post
759 1749 807 1769 eos
821 1742 918 1771 tertius
937 1750 989 1778 ego
1005 1747 1086 1772 natus
1100 1751 1200 1780 essem,

412 1791 511 1819 mater,
527 1787 757 1821 quemadmodum
769 1791 846 1822 pater
855 1787 1002 1821 referebat,
1011 1789 1148 1817 somnium
1160 1791 1201 1818 vi-

410 1832 462 1865 dit,
474 1833 548 1867 quod
564 1832 618 1860 nisi
633 1833 777 1860 confestim
791 1834 939 1869 assumptis
950 1834 1058 1862 duobus
1069 1835 1132 1864 filiis
1143 1836 1200 1864 suis

410 1879 538 1913 geminis,
561 1878 648 1907 Roma
673 1879 835 1907 decennium
857 1881 980 1915 abesset,
1004 1881 1064 1917 ipsa
1080 1890 1144 1910 cum
1165 1883 1200 1911 iis

410 1929 500 1952 morte
514 1925 633 1960 pessima
645 1926 885 1954 essetinteritura.

444 2012 575 2041 LXXV“.
593 2013 674 2041 Pater
690 2014 786 2049 igitur,
798 2015 845 2050 qui
856 2015 1006 2044 liberorum
1018 2024 1116 2046 amans
1127 2023 1197 2052 erat,

407 2066 472 2087 eum
488 2060 576 2088 servis
590 2064 617 2087 et
630 2060 746 2093 ancillis,
761 2068 794 2088 ac
805 2061 869 2088 dato
878 2061 1030 2090 sufﬁciente
1043 2063 1153 2098 viatico,
1169 2064 1196 2091 in

408 2112 507 2132 navem
523 2104 678 2140 impositos,
690 2105 813 2134 Athenas
823 2106 905 2134 etiam
921 2108 1084 2137 erudiendos
1102 2110 1195 2138 misit:

408 2158 454 2177 me
475 2157 540 2178 vero
559 2150 648 2178 solum
667 2150 702 2178 ad
725 2152 940 2180 consolationem
965 2160 1057 2181 secum
1074 2155 1195 2184 retinuit.

1217 1543 1238 1572 C

1259 918 1383 950 δουλικὰς
1397 918 1563 954 προσφέρειν
1577 919 1633 949 τοῖς
1646 917 1757 953 πλησίον
1771 917 1935 953 ὑπηρεσίας,
1952 918 2011 945 κᾶν
2021 919 2062 945 εὑ-

1260 966 1349 1000 γενεϊς
1363 961 1448 1000 ὦμεν,
1465 964 1517 991 κᾶν
1531 963 1655 991 πλεῖστον
1667 963 1756 991 αὐτῶν
1767 964 1954 999 διαφέρωμεν.
1972 964 2060 998 Κάγὼ

1258 1011 1341 1047 ἔφην’
1357 1011 1389 1038 Εἰ
1405 1010 1476 1046 λόγῳ
1492 1019 1521 1037 σε
1535 1010 1657 1046 νικήσειν
1672 1010 1774 1045 οἴομαι,
1793 1009 1886 1045 ἄφρων
1907 1010 1972 1046 εἰμὶ
1987 1010 2059 1037 κατὰ

1258 1057 1289 1084 τὺ
1304 1055 1419 1092 φανερὸν
1434 1056 1483 1083 καὶ
1498 1056 1625 1091 ἀνόητος·
1643 1055 1713 1090 πλὴν
1725 1055 1792 1082 ἀλλὰ
1802 1055 1880 1090 χάριν
1890 1052 1953 1082 οἶδα
1963 1057 1999 1090 τῇ
2010 1055 2058 1082 τοῦ

1258 1103 1325 1130 Θεοῦ
1349 1103 1473 1140 προνοίᾳ,
1489 1103 1531 1130 ὅτι
1553 1111 1607 1139 περ
1624 1103 1666 1135 είς
1684 1103 1785 1138 γονέων
1804 1102 1902 1139 μοῖραν
1922 1103 2003 1139 ἔχειν
2027 1111 2058 1129 σε

1260 1149 1444 1185 κατηξίωμαι.

1294 1193 1410 1222 LXXVI.
1429 1194 1507 1222 Καὶὸ
1520 1194 1634 1231 Πέτρος,
1645 1194 1740 1226 Οὐδεὶς
1755 1194 1785 1222 δέ
1801 1203 1842 1221 σοι
1857 1194 1980 1230 ἀληθῶς,
1991 1194 2055 1230 ἔφη,

1257 1241 1326 1277 πρὸς
1340 1241 1436 1275 γένους
1449 1241 1565 1276 ὑπάρχει
1575 1249 1583 1274 ;
1594 1240 1680 1275 Κάγὼ
1696 1241 1896 1277 ἀπεκρινάμην·
1916 1242 1984 1268 Εἰσὶ
2002 1242 2056 1277 μὴν

1258 1287 1348 1314 πολλοὶ
1377 1286 1425 1313 καὶ
1450 1286 1561 1322 μεγάλοι
1583 1287 1689 1323 ἄνδρες,
1716 1287 1836 1323 Καίσαρι
1862 1288 2055 1323 προσήκοντες

1257 1333 1328 1360 κατὰ
1338 1332 1426 1368 γένος.
1445 1332 1525 1359 Ὅθεν
1538 1332 1578 1369 τῷ
1592 1332 1652 1369 ἐμῷ
1665 1333 1750 1368 πατρὶ
1764 1333 1802 1364 ὡς
1815 1333 1862 1360 καὶ
1873 1333 2021 1369 συντρόφῳ
2032 1333 2054 1349 ³³

1257 1380 1364 1416 Καῖσαρ
1378 1381 1495 1415 γυναῖκα
1509 1382 1626 1417 συγγενῆ
1641 1382 1845 1417 συνηρμόσατο·
1865 1381 1911 1416 ἀφ’
1926 1379 1964 1418 ἧς
1978 1384 2054 1418 τρεῖς

1256 1427 1403 1462 ἐγενόμεθα
1427 1426 1494 1453 υἱοί·
1516 1426 1563 1454 δύο
1589 1427 1639 1462 μὲν
1661 1427 1714 1463 πρὸ
1729 1427 1806 1463 ἐμοῦ,
1829 1428 1854 1454 οἳ
1873 1428 1920 1454 καὶ
1944 1428 2053 1464 δίδυμοι

1255 1471 1340 1504 ὅντες,
1356 1472 1454 1508 κομιδῇ
1469 1473 1555 1508 ὅμοιοι
1572 1473 1697 1509 ἀλλήλοις
1714 1473 1871 1509 ἐτύγχανον,
1889 1474 1928 1505 ὡς
1955 1475 1970 1501 6
2000 1483 2052 1501 πα-

1254 1518 1308 1554 τὴρ
1318 1518 1440 1554 ἐξηγεῖτό
1456 1527 1510 1554 μοι.
1531 1518 1602 1554 Ἐγὼ
1615 1519 1669 1555 γὰρ
1676 1519 1736 1545 οὔτε
1747 1519 1854 1552 αὐτοὺς,
1863 1519 1925 1546 οὔτε
1942 1520 1996 1556 τὴν
2007 1529 2052 1546 τε-

1255 1564 1355 1591 κοῦσαν
1379 1564 1450 1592 πάνυ
1476 1565 1635 1601 ἐπίσταμαι·
1665 1565 1723 1592 ἀλλ’
1750 1565 1844 1602 ὥσπερ
1868 1565 1903 1592 δι’
1933 1566 2051 1603 ὀνείρων

1254 1610 1373 1646 ἀμυδρὸν
1402 1609 1492 1638 αὐτῶν
1519 1610 1566 1637 καὶ
1588 1610 1619 1637 τδ
1633 1608 1702 1642 εἶδος
1720 1611 1858 1646 ἀναφέρω.
1881 1611 1913 1638 Ἦ
1933 1612 1986 1647 μὲν
2003 1611 2051 1639 οὖν

1254 1657 1345 1692 μήτηρ
1362 1665 1413 1692 μου
1427 1656 1565 1684 Ματθιδία
1576 1656 1699 1691 ἐλέγετο·
1715 1658 1729 1683 6
1744 1657 1773 1684 δὲ
1787 1658 1888 1694 πατὴρ,
1905 1657 2049 1690 Φαῦστος·

1251 1702 1276 1728 οἱ
1299 1702 1423 1737 ἀδελφοὶ,
1449 1703 1464 1729 6
1489 1702 1538 1738 μὲν
1565 1703 1728 1735 Φαυστῖνος,
1756 1704 1770 1730 6
1793 1703 1821 1730 δὲ
1848 1705 2051 1736 Φαυστινιανὺς

1251 1748 1383 1775 ἐκαλεῖτο.
1412 1748 1494 1784 Ἐμοῦ
1516 1746 1562 1775 οὖν
1584 1749 1676 1784 τρίτου
1694 1749 1916 1785 ἐπιγεννηθέντος
1940 1752 2048 1783 αὐτοῖς,
2094 1742 2095 1753 ί

1250 1793 1268 1829 ὴ
1298 1793 1389 1829 μήτηρ
1415 1793 1518 1830 ὕνειρον
1547 1794 1675 1830 ἑωράκει,
1698 1795 1737 1826 ὼς
1754 1796 1769 1822 ὁ
1788 1796 1880 1831 πατὴρ
1900 1796 2048 1831 ὑφηγεῖτο,

1250 1839 1291 1866 ὅτι
1315 1839 1364 1866 ἐὰν
1391 1839 1428 1875 μὴ
1456 1840 1520 1871 τοὺς
1542 1839 1668 1875 διδύμους
1696 1841 1781 1877 αὐτῆς
1814 1842 1889 1873 υἱοὺς
1926 1842 2048 1878 ἐξαυτῆς
2094 1872 2095 1877 η

1250 1884 1463 1921 παραλαϐοῦσα,
1489 1885 1540 1921 τῆς
1568 1886 1709 1922 Ῥωμαίων
1743 1887 1907 1924 ἀποδημήσῃ
1939 1888 2048 1921 πόλεως

1249 1929 1295 1956 ἐπὶ
1319 1929 1367 1966 ἐτη
1390 1929 1467 1962 δέκα,
1493 1929 1663 1967 πανολεθρίῳ
1683 1932 1732 1958 σὺν
1748 1932 1839 1965 αὐτοῖς
1862 1933 2047 1961 ἀποθανεῖται

1251 1976 1369 2012 θανάτῳ.

1285 2021 1413 2049 LXXVII.
1439 2022 1468 2049 Ὁ
1484 2022 1533 2058 μὲν
1544 2020 1590 2050 οὖν
1604 2024 1696 2060 πατὴρ
1709 2024 1865 2058 φιλότεκνος
1880 2025 1931 2057 ὢν,
1951 2026 2001 2053 σύν
2014 2036 2044 2053 τε

1248 2068 1349 2100 δούλοις
1364 2067 1412 2095 καὶ
1425 2067 1531 2100 δούλαις
1543 2069 1686 2104 ἐφοδιάσας
1702 2070 1811 2103 ἱκανῶς,
1827 2072 1875 2098 καὶ
1890 2072 1932 2103 είς
1949 2072 2044 2099 πλοῖον

1248 2115 1399 2150 ἐνθέμενος,
1423 2116 1463 2147 είς
1483 2115 1534 2147 τὰς
1558 2115 1672 2152 Ἀθήνας
1692 2116 1751 2152 ἅμα
1774 2117 2044 2154 παιδευθησομένους

1248 2159 1416 2196 ἐξέπεμψεν·
1434 2159 1485 2196 ἐμὲ
1505 2160 1534 2187 δὲ
1554 2160 1633 2196 μόνον
1647 2161 1688 2193 είς
1703 2162 1879 2197 παραμυθίαν
1891 2162 1956 2198 ἔσχε
1973 2165 2042 2201 παρ’

408 2195 498 2230 Atque
516 2203 578 2224 eam
603 2196 639 2223 ob
659 2204 716 2224 rem
735 2197 858 2233 ingentes
871 2199 973 2233 gratias
985 2206 1045 2235 ago,
1066 2201 1138 2236 quod
1153 2210 1197 2229 tne
1213 2221 1234 2248 υ
1248 2206 1312 2233 tau:

1175 2210 1197 2229 te
1213 2221 1234 2248 υ
1248 2195 1346 2242 ἐαυτῷ.
1363 2207 1418 2233 Καὶ
1432 2195 1477 2234 ea
1491 2195 1578 2243 τούτω
1593 2195 1750 2244 εὐχαριστῶ.
1762 2195 1857 2242 πολλὰ,
1876 2195 2042 2246 emtam
2076 2208 2079 2220 λ

408 2249 519 2276 quoque
529 2242 666 2279 somnium
679 2251 733 2270 non
742 2243 857 2278 jusserit
868 2253 923 2273 una
936 2253 998 2273 cum
1014 2251 1110 2279 matre.
1129 2248 1196 2276 urbe

408 2286 497 2315 Roma
510 2287 652 2316 excedere.
664 2288 758 2324 Itaque
768 2297 801 2317 eo
811 2298 883 2317 anno
891 2296 1039 2326 transacto,
1051 2297 1128 2327 pater
1137 2293 1195 2322 suis

407 2333 530 2362 Athenas
544 2334 620 2363 misit
629 2336 783 2370 pecuniam,
805 2337 886 2364 simul
900 2345 1066 2374 cognoscere
1077 2341 1195 2376 gestiens

407 2385 463 2416 quo
477 2380 560 2408 modo
574 2380 657 2408 vitam
670 2386 792 2417 agerent.
805 2382 856 2416 Qui
874 2388 964 2411 autem
980 2385 1115 2418 abierant,
1139 2395 1192 2416 non

406 2426 556 2454 redierunt;
569 2425 662 2459 Tertio
673 2435 771 2456 rursus
786 2436 859 2456 anno
870 2434 947 2464 pater
959 2431 1059 2460 anxius
1069 2432 1137 2461 alios
1148 2434 1193 2462 ab-

405 2471 507 2507 legavit
520 2471 647 2500 similiter
655 2480 717 2500 cum
733 2473 814 2501 rebus
833 2473 867 2507 ad
884 2474 986 2503 victum
1006 2479 1169 2506 necessariis
1184 2488 1191 2507 :

405 2518 453 2553 qui
471 2523 570 2553 quarto
579 2525 652 2546 anno
661 2519 776 2547 redeunt
789 2527 822 2547 ac
832 2520 960 2549 nuntiant
971 2529 1001 2550 se
1016 2530 1066 2551 nec
1078 2528 1193 2552 matrem

405 2572 506 2599 meam,
530 2573 581 2594 nec
606 2565 704 2595 fratres
724 2575 839 2603 usquam
861 2568 973 2602 vidisse,
1000 2576 1089 2604 neque
1112 2570 1194 2600 ullius

403 2618 502 2640 eorum
515 2613 638 2648 quicum
655 2613 690 2641 iis
704 2613 890 2643 discesserant
900 2615 943 2643 νει
955 2615 1099 2651 vestigium
1114 2624 1193 2652 repe-

405 2658 486 2686 risse.

439 2702 583 2733 LXXVIII.
602 2704 666 2734 Haec
679 2712 744 2741 ergo
758 2705 872 2749 audiens
885 2710 973 2742 pater,
986 2711 1013 2735 et
1028 2715 1085 2743 prae
1102 2709 1188 2737 multo

1249 2251 1353 2288 ὕνειρος
1369 2253 1406 2288 μὴ
1425 2252 1582 2280 κεκελεὶᾱει
1597 2253 1656 2290 ἅμα
1670 2255 1702 2289 τῇ
1721 2254 1805 2290 μητρὶ
1819 2255 1869 2290 τὴν
1892 2255 2041 2292 Ῥωμαίων

1241 2297 1362 2334 ’ἐκϐῆναι
1389 2298 1475 2325 πόλιν.
1493 2299 1546 2326 Τοῦ
1569 2299 1692 2327 ἐνιαυτοῦ
1715 2300 1804 2327 τοίνυν
1828 2301 1935 2328 ἐκείνου
1957 2311 2040 2339 περι-

1242 2339 1378 2373 ελθόντος,
1393 2342 1408 2368 6
1423 2343 1514 2378 πατὴρ
1529 2343 1650 2378 ἔπεμψεν
1660 2344 1700 2376 είς
1715 2344 1829 2380 Ἀθήνας
1842 2347 1971 2382 χρήματα
1980 2349 2040 2379 τοῖς

1246 2386 1353 2419 ἐαυτοῦ,
1367 2387 1463 2423 μαθεῖν
1479 2388 1537 2424 ἅμα
1555 2388 1715 2425 γλιχόμενος
1733 2390 1793 2422 πῶς
1813 2390 1868 2427 ἄρα
1883 2391 2036 2427 διάγουσιν.

1245 2433 1276 2460 οἱ
1293 2433 1321 2460 δὲ
1340 2433 1511 2468 ἀπελθόντες,
1535 2435 1585 2463 οὐκ
1603 2437 1762 2473 ἐπανῆλθον.
1788 2438 1878 2474 Τρίτῳ
1901 2440 1930 2466 δέ
1954 2440 2037 2467 πάλιν

1245 2479 1361 2516 ἐνιαυτῷ
1380 2481 1396 2507 ό
1420 2481 1511 2517 πατὴρ
1530 2481 1653 2517 ἀθυμῶν,
1673 2482 1781 2519 ἐτέρους
1798 2483 1921 2520 ἔπεμψεν
1934 2486 2036 2521 ὁμοίως

1247 2526 1296 2552 σὺν
1313 2526 1426 2561 ἐφοδίοις
1437 2535 1444 2543 ·
1466 2527 1492 2553 οῖ
1505 2535 1578 2559 τινες
1590 2527 1712 2564 τετάρτῳ
1726 2528 1840 2564 ἐνιαυτῷ
1859 2527 1929 2566 ἧκον
1944 2532 2035 2566 ἀπαγ-

1245 2572 1394 2607 γέλλοντες,
1413 2574 1480 2610 μήτε
1499 2582 1550 2609 μου
1569 2574 1618 2610 τὴν
1635 2574 1776 2608 τεκοῦσαν,
1793 2575 1810 2612 ἢ
1824 2577 1888 2609 τοὺς
1903 2577 2034 2612 ἀδελφοὺς

1244 2618 1313 2650 ὅλως
1327 2619 1479 2654 ἑωρακέναι
1495 2619 1528 2652 ³⁸,
1542 2619 1609 2656 μηδέ
1628 2620 1708 2648 άλλου
1726 2620 1798 2653 τινὸς
1810 2621 1865 2649 τῶν
1880 2623 1930 2650 σὺν
1942 2625 2033 2655 αὐτοῖς

1244 2663 1449 2700 ἀπεληλυθότων
1459 2665 1513 2692 κᾶν
1521 2665 1593 2701 ίχνος
1604 2666 1758 2702 εὑρηκέναι.

1277 2709 1417 2738 LXXVIII.
1443 2711 1472 2738 '0
1488 2711 1539 2747 μὲν
1552 2709 1600 2739 οὖν
1614 2712 1715 2749 πατὴρ,
1731 2714 1818 2741 ταῦτα
1829 2714 1960 2748 ἀκούσας,
1983 2715 2030 2742 καὶ

1050 2778 1167 2807 VARLE
1188 2779 1390 2810 LECTIONES.

439 2819 471 2864 ‘7'?
483 2820 519 2864 al:
537 2820 602 2848 τῶν.
618 2858 628 2864 _
739 2823 833 2864 λόγων.
853 2824 896 2864 Ᾰ³ξ
915 2825 952 2852 al.
969 2825 1129 2864 ᾲκοὺσαιμι.
1163 2828 1205 2845 ’³⁸
1219 2828 1312 2857 Matth.
1334 2839 1379 2863 xx,
1401 2831 1446 2858 28.

406 2863 474 2891 μητε
485 2856 538 2891 μὴν
548 2858 643 2888 αυταϊς
662 2856 788 2894 Ἀθήναις
804 2859 1040 2896 ἐπιδεδημηκέναι.

1501 2831 1524 2848 ³⁸
1544 2832 1578 2859 al.
1601 2831 1683 2860 inser.
1710 2832 1804 2860 αὑτοῦ.
1858 2832 1883 2848 ³⁸
1894 2833 2016 2869 al._inser
