2290 3110
220 170 261 198 525

221 230 258 256 ὑπὸ
264 229 346 264 πολλῆς
358 229 443 266 hinc
455 230 589 267 Ξκθαμϐος
602 233 756 268 γενόμενος,
768 233 816 261 καὶ⁹
824 234 874 261 οὐκ
887 233 965 265 εἰδὼς
979 237 1001 265 Α

220 276 256 302 τοῦ
267 277 372 312 ὁρμήσας
383 277 455 305 κατὰ
463 278 576 314 ζήτησιν
589 280 700 307 ἐκείνων
717 280 831 313 ἐξέλθοι,
844 281 894 316 ἐμὲ
910 290 962 308 πα-

221 321 323 356 ραλαὸὼν,
344 322 388 348 καὶ
413 323 453 354 εἰς
599 324 620 340 ³⁷
641 325 771 358 καταϐὰς,
799 325 965 361 πυκνότερον

220 366 356 399 ἐπυνθάνετο,
370 362 419 394 ποῦ
430 377 472 399 τις
485 369 559 405 ῐδοιῆ
574 369 715 397 ἀκούσειεν
730 371 805 403 ἐντὸς
824 371 963 407 τεσσάρων

219 412 317 438 ἐνιαυτῶν
326 413 479 449 ἀπαντῆσαν
491 415 627 449 ναυάγιον.
639 417 694 444 Καὶ
705 417 783 449 ἄλλος
791 417 892 453 ἀλλαχῆ
904 418 963 444 ἕλε-

219 466 258 491 γεν.
274 457 332 485 ὀδε
343 459 418 486 πάλιν
436 460 660 494 ἀπεπυνθάνετο,
680 463 705 492 εἰ
725 463 864 498 ἑωράκασι
883 463 964 499 σῶμα

219 503 314 536 manu;
324 505 387 540 μετὰ
398 505 506 542 βρεφῶν
518 507 736 544 ἐκϐεϐρασμένον
747 511 781 545 τῇ
795 511 841 545 γῇ.
855 510 963 537 Πολλῶν

218 547 250 576 οὖν
261 551 330 578 πολλὰ
340 551 466 586 λεγόντων
476 553 626 589 ἑωρακέναι
639 554 773 589 πτώματα
786 555 857 582 κατὰ
869 556 962 590 διαφό-

218 605 263 631 ρους
276 598 381 632 καιροὺς,
397 598 411 624 6
427 599 518 634 πατὴρ
538 599 644 626 ἀκούων
664 600 799 633 ἐστέναξε.
819 601 892 637 Πλὴν
912 602 964 629 ὑπὸ

217 641 255 667 τῶν
265 641 404 678 σπλάγχνων
418 645 593 680 νενικημένος
600 646 633 677 ³³,
647 645 777 680 ἀλόγιστα
787 648 962 680 ἐπυνθάνετο,

217 688 311 714 τοσοῦτον
324 689 454 725 Θαλάσσης
465 690 544 725 βυθὸν
560 690 727 726 πειρώμενος
744 693 873 729 ὲρευνᾷν·
889 695 963 729 ὅμως

217 734 351 767 συγγνωστὸς
366 733 407 770 ἦν,
425 736 466 762 ὃτι
485 736 531 763 διὰ
553 737 602 772 τὴν
616 737 684 773 πρὸς
701 738 764 770 τοὺς
781 739 963 776 ζητουμένους

217 779 312 814 στοργὴν,
320 780 418 807 ἐλπίσιν
428 780 595 808 ὲϐουκολεῖτο
610 784 709 814 κεναῖς.
725 784 780 811 Καὶ
791 784 823 820 δή
835 793 899 811 ποτε
910 785 963 812 ὑπὸ

217 826 351 858 φροντισταῖς
369 825 523 854 καταλιπών
535 835 569 862 με
579 828 625 854 καὶ
635 829 802 864 ἐπιτρόποις,
813 830 963 857 δωδέκατον

217 868 250 902 ἢδη
268 870 379 903 γεγονότα
397 870 472 904 ἔτος,
487 872 568 904 αὐτὸς
591 873 716 909 δακρύων
734 875 773 906 είς
787 875 885 911 πόρτον
896 884 962 902 κατ-

217 911 270 946 ῆλθε’
285 915 325 940 καὶ
344 916 380 947 είς
402 916 492 945 πλοῖον
507 917 602 953 ἐμϐὰς,
616 920 656 951 είς
667 919 829 956 ἁπιξήτησιν
849 921 960 949 ἐκείνων
975 914 997 946 Β

217 957 324 988 ἐξέπλευσε
334 969 340 975 ι
360 962 405 988 καὶ
423 962 452 996 ἐξ
464 963 567 990 ἐκείνου
582 964 663 1001 μέχρι
676 965 724 992 καὶ
738 966 785 993 νῦν
795 966 856 994 οὔτε
870 968 959 1004 γράμ-

217 1009 266 1035 ματα
278 1005 332 1038 παρ’
342 1006 419 1033 αὑτοῦ
433 1007 578 1044 ἐδεξάμην,
598 1008 658 1036 οὔτε
676 1010 698 1026 ²⁹
719 1011 750 1037 ὲν
773 1011 856 1043 ζῶσιν
877 1013 959 1041 αὑτὸν

217 1044 288 1095 ῑξιαιῆ
306 1049 456 1086 τεθνηκόσιν
473 1053 541 1086 ὅλως
563 1055 722 1091 ἐπίσταμαι.
753 1056 837 1094 Ῥοπὴ
856 1058 885 1085 δέ
913 1068 958 1095 μοι

301 1095 361 1130 πρὸς
379 1097 458 1124 τοῦτο
472 1099 524 1135 τῆς
540 1100 668 1133 διανοίας,
681 1102 722 1129 ὅτι
733 1091 846 1138 τέθνηκε
855 1091 927 1142 που,
940 1106 958 1142 ἢ

260 1138 332 1175 λύπης
347 1141 432 1177 ἥττων
447 1144 631 1182 γενόμενος,ἢ
645 1148 768 1183 ναυαγίῳ
782 1136 956 1184 περιπεσώνί

217 1182 278 1231 τούτου
290 1185 314 1211 δὲ
326 1189 463 1224 τεκμηρίῳ
472 1190 593 1226 χρῶμαι,
615 1192 655 1218 ότι
673 1192 703 1226 ἐξ
722 1182 826 1221 ἐκείνου
839 1195 889 1231 ἠδη
901 1195 958 1222 λοι‹

217 1226 246 1253 ιον
256 1229 358 1257 εἰκοστὸν
367 1231 424 1264 ἔτος
445 1233 529 1266 ἐστὶν,
547 1234 594 1269 ἀφ’
607 1233 638 1262 οὗ
653 1235 724 1271 ἴχνος
739 1237 814 1264 οὐδὲν
829 1226 958 1274 ἀληθείας

217 1274 253 1306 μοι
263 1275 316 1310 πρ).
332 1277 410 1304 αὑτοῦ
423 1278 565 1314 ἦκουσται.

235 1328 328 1358 LXXIX.
343 1333 430 1361 Ταῦτα
446 1335 553 1362 ἀκούων
567 1337 582 1363 6
591 1337 693 1373 Πέτρος
703 1358 710 1371 ,
722 1338 775 1365 ὑπὸ
786 1339 957 1375 συμπαθείας

217 1373 293 1409 δάκρυε
313 1378 356 1404 καὶ
370 1379 470 1412 εὐθέως
484 1383 542 1414 τοῖς
558 1383 666 1410 συνοῦσι
682 1385 803 1420 γνησίοις
822 1373 908 1413 εἶπεν·
923 1386 959 1414 El

254 1422 367 1451 πέπονθεν
386 1426 502 1463 εὐσεϐὴς
526 1428 595 1465 ἀνὴρ
622 1427 666 1457 οἷα
693 1432 708 1457 ὁ
730 1431 826 1458 τούτου
853 1433 954 1469 πατὴρ,

217 1465 281 1498 ὐθέως
297 1469 326 1495 ἂν
338 1470 374 1505 τῷ
385 1471 435 1507 τῆς
451 1472 604 1506 θεοσεϐείας
618 1475 688 1511 λόγῳ
697 1497 704 1509 ,
721 1477 760 1513 τῷ
772 1479 882 1514 πονηρῷ
891 1465 956 1506 sut-

217 1514 324 1560 ‘papas‘hv
336 1516 432 1544 αίτίαν.
451 1518 531 1546 Οὕτω
548 1521 594 1548 καὶ
607 1523 664 1553 τοῖς
673 1522 856 1560 ταλαιπώροις
866 1525 956 1553 ἔθνεσι

217 1556 316 1609 υμΰαίνει
333 1561 462 1612 πάσχειν,
476 1564 523 1590 καὶ
540 1564 723 1602 ἀγνοοῦμενοί
740 1556 882 1602 θεοσεϐεῖς.
902 1572 955 1598 Τα-
968 1583 989 1612 C

218 1601 356 1637 αιπώρουςδὲ
367 1607 465 1640 αὐτοὺς
476 1609 593 1643 εὐλόγως
603 1610 711 1646 εἴρηκα,
729 1613 769 1640 ὅτι
781 1615 828 1642 καὶ
840 1601 955 1644 ἐνταῦθα

217 1645 334 1696 πλανῶνται,
349 1653 395 1679 καὶ
413 1653 463 1688 τῆς
485 1654 588 1682 ἐκεῖθεν
604 1645 709 1690 ἐλπίδος
727 1659 952 1696 ἀποτυγχάνουσι·

217 1692 296 1741 ξίςγὰρ
310 1695 336 1722 ὲν
349 1696 486 1735 Θεοσεϐείᾳ
501 1700 535 1727 τὰ
546 1701 656 1738 λυπηρὰ
674 1692 954 1741 πάσχουσιν,“ἔκτισις

217 1736 256 1764 init
263 1740 353 1774 γίνεται
364 1744 419 1771 τῶν
431 1736 672 1783 παραπτωμάτων.

230 1822 315 1873 θΧξΧ.
337 1829 426 1863 Οὕτως
449 1833 571 1866 εἰπόντος
585 1834 633 1862 τοῦ
654 1835 774 1873 Πέτρου,
792 1837 832 1871 εἷς
842 1849 885 1872 τις
899 1841 953 1869 τῶν

217 1870 284 1919 tum
299 1873 429 1919 τολμήσας
446 1877 508 1905 ἀντὶ
528 1880 636 1907 πάντων
655 1870 839 1918 παρεκάλεσεν
859 1870 952 1919 αὐτὸν,

217 1914 278 1965 ξριωέ
294 1918 472 1959 όρθριαίτερον
498 1924 538 1956 εἰς
559 1925 674 1961 ’Ἄραδον
694 1914 717 1944 λθ
740 1929 789 1965 τὴν
810 1914 952 1959 κατέναντι

217 1959 263 1994 iam
272 1963 415 2000 ἐκπλεῦσαι,
429 1969 577 2004 τριάκοντα
584 1969 660 2007 οἶμαι
672 1973 734 2002 οὐδὲ
745 1975 820 2008 ὅλους
831 1978 952 2010 σταδίους

217 2007 332 2056 τ-ξχουσαν,
352 2013 395 2040 ἐπὶ
411 2015 517 2052 ιστορίᾳ
536 2017 589 2043 τῶν
611 2018 700 2046 ἐκεῖσε
726 2021 880 2056 ἀμπελίνων
905 2024 952 2051 δύο

217 2051 280 2105 ξξλων
295 2057 400 2105 μέγιστα
417 2061 492 2097 πάχη
510 2063 652 2097 φερόντων.
682 2064 710 2092 '0
731 2051 795 2101 γοῦν
816 2068 951 2105 πειθήνιος

217 2095 280 2132 ίέτρος
299 2101 443 2138 ἐπένευσεν,
463 2105 549 2139 οὕτως
565 2108 664 2134 εἰπών·
690 2109 773 2138 Ἑπὰν
790 2112 836 2139 τοῦ
858 2095 950 2140 πλοίου

217 2141 292 2194 ίδῇτεῖ
306 2147 338 2183 μὴ
355 2149 411 2184 ἅμα
431 2151 532 2183 πάντες
547 2153 706 2190 εἰσέρχησθε
718 2156 759 2188 εἰς
770 2157 820 2193 τὴν
835 2158 951 2194 θεωρίαν

217 2195 228 2212 ν
235 2189 390 2237 ἐπιθυμεῖτε·
410 2197 440 2223 οὐ
456 2196 512 2233 γὰρ
531 2198 659 2236 βούλομαι
673 2202 745 2237 ὑμᾶς
759 2189 809 2235 τὰς
826 2189 950 2232 τῶν-πο-

281 2236 347 2272 δψεις
365 2241 432 2276 πρὸς
452 2243 566 2276 ἑαυτοὺς
591 2233 774 2283 ἐπιστρέφειν.
798 2233 857 2277 Καὶ
878 2251 949 2279 οὕτω
964 2250 987 2278 D

217 2276 428 2332 ﬁtawscﬂtta;
446 2288 522 2324 ὥρας
542 2276 717 2328 κατήχθημεν
737 2295 777 2326 είς

217 2323 319 2377 Mdv-ri;
338 2329 369 2377 6&-
384 2332 431 2358 τοῦ
451 2334 571 2368 σκάφους
586 2323 724 2373 είσῄέίμεν
738 2323 802 2367 ἔνθα
817 2323 842 2367 οἱ

217 2376 247 2394 δέοι
355 2372 437 2411 ἦσαν·
455 2378 531 2414 ὁμῶς
547 2381 593 2407 καὶ
612 2371 681 2416 μετᾶ
695 2383 748 2410 τῶν
765 2371 883 2420 στύλων,
899 2387 948 2415 ἄλη

217 2418 232 2442 ις
245 2414 283 2448 μὲν
296 2417 354 2445 ἄλλο
367 2429 394 2447 τι
409 2421 464 2448 τῶν
481 2423 582 2450 Φειδίου
594 2414 681 2461 ἔργων
696 2427 815 2464 ἐθεώρει.

335 2478 434 2528 Πέτρος
449 2481 479 2508 δὲ
497 2483 576 2528 μόνος
596 2485 646 2513 οὐκ
662 2487 809 2523 ἀναγκαῖον
824 2492 946 2528 ἡγήσατο

217 2520 232 2566 τὶ
242 2520 410 2569 τὴν-ἱστορίαν
423 2527 478 2554 τῶν
497 2526 556 2556 ἐκεῖ
570 2532 707 2565 γενέσθαισ
720 2520 840 2569 γυναικὶ.
893 2547 946 2566 τινι

217 2570 237 2618 Eu:
255 2565 299 2617 πρδ
384 2570 474 2607 θυρῶν
489 2574 666 2612 καθεζομένῃ,
685 2565 734 2605 καί
748 2580 853 2615 τροφῆς

217 2610 331 2655 assuming
343 2614 379 2647 “,
396 2618 523 2652 προσχὼν
541 2619 592 2655 ἔφη
602 2628 609 2635 ·
629 2610 720 2655 ﬁniat,
741 2610 772 2650 τί.
905 2610 946 2654 Βι-

217 2651 375 2706 ὶίωνξλλειπει
391 2651 495 2696 μελῶν,
516 2651 798 2706 ὃτι-τοσαύτηνιπριν

219 2705 249 2729 γω
261 2699 288 2735 δὴ
302 2702 328 2729 τὸ
340 2709 502 2741 προσαιτεῖν,
517 2710 562 2736 καὶ
579 2711 616 2747 μὴ
635 2699 734 2747 μᾶλλον
750 2699 810 2746 ταῖς
826 2716 878 2742 ὑπὸ

569 168 796 199 CLEMENTINA.
816 186 850 192 -—
866 169 1016 199 EPITOME
1034 169 1078 197 DE
1096 169 1219 198 GESTlS
1238 169 1266 198 S.
1287 169 1398 197 PETRI.

1750 169 1802 198 526

1015 230 1109 259 dolore
1125 230 1339 265 obstupefactus,
1358 230 1538 266 nesciensquc
1548 238 1603 266 quo
1616 238 1710 259 eorum
1725 239 1800 267 qua:-
1815 247 1818 250 λ

1013 277 1160 304 rendorum
1173 284 1256 304 causa
1271 276 1402 309 tenderet,
1418 280 1558 311 assumpto
1573 285 1626 308 me,
1648 285 1680 304 ac
1695 279 1722 305 in
1734 285 1799 313 por-

1013 327 1070 350 tum
1098 323 1283 356 descendens,
1311 322 1482 357 frequentius
1512 323 1721 358 sciscitabatur,
1751 323 1799 351 ubi

1012 368 1150 403 quispiam
1162 369 1274 396 vidisset
1287 369 1328 396 vel
1344 368 1477 395 audiisset
1490 368 1562 396 intra
1577 374 1695 404 quatuor
1712 377 1800 398 annos

1013 413 1186 449 naufragium
1202 414 1358 449 contigisse.
1371 414 1458 450 Atque
1471 414 1539 441 varii
1555 415 1631 442 vario
1643 415 1670 442 in
1680 415 1738 442 loco
1751 423 1799 442 ac-

1012 459 1113 487 cidisse
1124 459 1288 487 referebant.
1305 460 1351 488 llle
1369 465 1459 487 autem
1480 460 1577 488 iterum
1593 461 1715 496 rogabat,
1733 470 1798 488 num

1011 505 1146 533 vidissent
1162 513 1262 541 corpus
1284 507 1407 534 mulieris
1427 514 1488 534 cum
1508 507 1602 542 pueris
1617 508 1643 535 in
1663 513 1765 536 terram
1782 517 1798 536 a

1012 551 1082 578 mari
1095 551 1222 586 ejectum.
1234 552 1357 587 Cumque
1370 553 1447 579 multi
1459 560 1489 580 se
1503 553 1587 581 multa
1601 553 1718 582 diversis
1730 559 1799 582 tem-

1011 597 1126 631 poribus
1141 597 1272 626 cadavera
1287 603 1425 633 spectasse
1439 599 1570 632 dicerent,
1587 605 1663 635 patcr
1684 601 1798 630 audiens

1013 642 1216 678 ingemiscebat.
1234 643 1334 672 Verum
1346 645 1462 672 naturali
1470 645 1566 673 affectu
1578 646 1710 681 devictus,
1726 656 1797 683 pra:-

1013 694 1054 717 ter
1067 691 1200 718 rationem
1212 691 1431 726 percontabatur,
1450 692 1497 727 qui
1516 697 1621 720 tantum
1636 694 1718 721 maris
1734 702 1797 729 pro-

1012 735 1127 763 fundum
1152 737 1269 764 scrutari
1293 742 1440 765 conaretur
1464 746 1471 764 :
1493 742 1582 765 tamen
1600 739 1677 766 venia
1698 739 1796 774 dignus

1011 785 1081 815 erat,
1095 782 1168 816 quod
1180 782 1313 810 cltaritate
1330 790 1423 810 eorum
1443 791 1513 818 quos
1531 785 1678 819 quaerebat,
1695 786 1796 820 spebus

1013 826 1162 854 laetabatur
1178 828 1314 855 inanibus.
1337 828 1456 863 Denique
1479 837 1522 857 me
1540 830 1592 857 sub
1619 832 1756 865 magistris
1769 836 1797 860 et

1012 873 1234 907 procuratoribus
1248 874 1412 909 relinquens,
1424 875 1481 909 jam
1495 875 1638 904 duodecim
1649 885 1736 905 annos
1748 886 1797 905 na.

1013 922 1085 947 tum.
1111 917 1168 954 ipse
1193 919 1220 945 in
1250 924 1361 954 portum
1391 920 1458 948 flens
1488 921 1646 955 descendit;
1679 924 1795 959 navique

1010 970 1173 996 conscensa,
1198 963 1232 991 ad
1261 965 1371 992 illorum
1401 965 1605 1001 inquisitionem
1617 969 1792 1004 enavigavit:

1009 1012 1091 1043 atque
1104 1016 1136 1036 ex
1148 1017 1181 1037 eo
1201 1014 1322 1046 tempore
1334 1019 1420 1046 usque
1434 1012 1523 1040 adhuc
1533 1021 1582 1040 nec
1598 1014 1702 1042 litteras
1714 1015 1748 1042 ab
1760 1024 1794 1043 eo

1008 1054 1110 1090 accepi,
1122 1063 1172 1084 nec
1184 1056 1255 1096 inter
1267 1057 1355 1090 vivos.
1368 1065 1402 1084 an
1414 1058 1483 1086 inter
1498 1064 1620 1087 mortuos
1631 1061 1667 1088 sit
1680 1069 1794 1096 prorsus

1009 1100 1071 1127 novi
1084 1108 1091 1126 :
1103 1108 1135 1129 eo
1148 1094 1236 1129 tamen
1253 1102 1314 1137 plus
1329 1110 1406 1131 mens
1421 1111 1480 1131 mea
1491 1105 1639 1139 propendet
1653 1094 1793 1134 utexisti-

1008 1153 1078 1173 mem
1095 1154 1158 1174 eum
1171 1148 1280 1181 obiisse,
1293 1148 1335 1176 vel
1349 1149 1459 1177 tristitia
1481 1155 1650 1186 superatum,
1670 1152 1712 1180 vel
1726 1161 1793 1181 nau-

1008 1191 1095 1227 fragio
1112 1193 1262 1221 involutum
1277 1203 1284 1221 :
1300 1202 1353 1229 qua
1375 1195 1403 1222 in
1425 1203 1456 1223 re
1474 1196 1527 1224 hoc
1546 1202 1606 1224 utor
1621 1204 1791 1234 argumento,

1007 1240 1078 1272 quod
1088 1239 1144 1273 jam
1155 1239 1190 1266 ab
1200 1247 1233 1266 eo
1243 1244 1362 1275 tempore
1374 1241 1521 1276 vigesimus
1531 1250 1620 1271 annus
1631 1244 1678 1278 sit,
1688 1253 1720 1272 ex
1738 1254 1792 1280 quo

1007 1283 1111 1310 nullum
1128 1284 1250 1312 veritatis
1263 1285 1408 1320 vestigium
1426 1286 1461 1314 de
1473 1294 1506 1314 eo
1517 1288 1618 1322 accepi.

1041 1337 1159 1366 LXXIX.
1168 1338 1237 1367 Cum
1248 1339 1307 1368 haec
1315 1341 1446 1369 audiisset
1452 1341 1561 1376 Petrus,
1574 1343 1791 1373 commiseratio-

1007 1381 1050 1408 nis
1064 1382 1162 1410 aﬁectu
1174 1383 1310 1420 lacrymas
1325 1384 1407 1420 fudit,
1422 1387 1567 1423 statimque
1581 1388 1615 1415 ad
1632 1388 1790 1424 familiares,

1006 1427 1053 1462 qui
1074 1428 1206 1463 aderant,
1229 1429 1298 1458 dixit
1315 1440 1322 1458 :
1339 1430 1368 1458 Si
1384 1431 1447 1466 quis
1466 1432 1518 1467 pia:
1539 1433 1663 1468 religioni
1685 1434 1791 1462 deditus

1005 1472 1058 1506 vir,
1071 1480 1102 1500 ea
1117 1474 1283 1508 pertulisset,
1297 1483 1357 1510 quae
1371 1476 1453 1511 hujus
1468 1482 1561 1512 pater;
1582 1479 1712 1506 continuo
1726 1480 1791 1508 reli-

1006 1517 1080 1556 gioni
1094 1523 1122 1545 et
1134 1518 1243 1547 diabolo
1257 1521 1430 1556 ascripsisset
1444 1530 1566 1551 causam.
1584 1523 1621 1551 Ita
1642 1525 1723 1552 etiam
1737 1527 1790 1553 mi—

1006 1553 1076 1591 sei‘is
1095 1563 1241 1598 gentilibus
1263 1565 1318 1599 pati
1332 1553 1486 1602 contingit;
1506 1572 1534 1595 et
1554 1569 1724 1604 ignoramus,
1741 1572 1788 1606 qui

1004 1607 1042 1643 pii
1064 1616 1127 1644 erga
1143 1609 1228 1637 Deum
1251 1618 1356 1639 sumus.
1373 1611 1427 1640 Eos
1445 1617 1535 1641 autem
1550 1615 1666 1644 miseros
1692 1618 1789 1644 merito

1004 1655 1154 1689 appellavi;
1174 1655 1238 1691 quia
1257 1661 1285 1683 et
1302 1657 1346 1684 hic
1367 1657 1393 1684 in
1419 1665 1510 1686 errore
1523 1665 1677 1695 versantur,
1695 1667 1788 1698 etspe

1004 1700 1097 1728 futura
1109 1702 1249 1730 excidunt.
1264 1702 1380 1736 Quando
1390 1703 1462 1731 enim
1474 1705 1524 1731 viri
1537 1706 1655 1741 religiosi
1669 1707 1788 1736 alliciun-

1003 1751 1048 1775 tur
1063 1747 1256 1782 incommodis,
1273 1756 1305 1777 ea
1324 1749 1377 1778 illis
1398 1750 1431 1778 ad
1449 1751 1607 1779 delictorum
1623 1755 1786 1788 persolutio-

1003 1802 1064 1822 nem
1079 1796 1189 1824 cedunt.

1038 1840 1145 1869 LXXX.
1164 1841 1242 1870 Hunc
1262 1842 1290 1869 in
1311 1844 1422 1871 modum
1440 1845 1531 1873 locuto
1551 1845 1631 1874 Petro
1646 1869 1653 1881 ,
1669 1856 1741 1877 unus
1751 1858 1785 1878 ex

1003 1888 1114 1920 nostris,
1130 1888 1244 1915 audacia
1257 1893 1374 1923 sumpta,
1387 1897 1437 1925 pro
1452 1892 1580 1920 omnibus
1594 1894 1698 1929 rogavit
1709 1903 1783 1927 cum,

1003 1936 1033 1959 ut
1047 1933 1176 1967 postridie
1191 1933 1309 1962 diluculo
1329 1934 1356 1962 in
1371 1935 1489 1963 Aradum
1502 1939 1651 1972 oppositam
1667 1939 1783 1968 insulam

1003 1979 1075 2013 (quae
1095 1978 1227 2014 triginta,
1248 1979 1356 2014 opinor,
1378 1988 1429 2009 nec
1442 1982 1517 2014 totis,
1541 1985 1634 2012 stadiis
1653 1985 1783 2022 distabat)

1002 2025 1203 2059 navigaremus,
1219 2025 1253 2052 ad
1265 2026 1396 2054 videndas
1409 2027 1446 2054 ibi
1459 2028 1527 2056 duas
1536 2030 1676 2059 columnas
1687 2032 1782 2066 viteas,

1001 2069 1149 2097 maximam
1165 2070 1264 2098 molem
1281 2073 1460 2101 continentes.
1471 2073 1566 2103 Petrus
1580 2084 1655 2112 ergo,
1664 2078 1711 2112 qui
1724 2084 1784 2106 erat

1001 2115 1164 2150 morigerus,
1180 2117 1287 2151 annuit,
1302 2118 1339 2146 ita
1352 2119 1446 2147 dicens
1461 2129 1468 2147 :
1483 2120 1552 2148 Cum
1564 2129 1597 2149 ex
1610 2124 1671 2150 navi
1679 2126 1782 2160 egressi

1001 2160 1116 2194 fueritis,
1139 2169 1175 2190 ne
1189 2167 1242 2190 una
1256 2171 1352 2192 omnes
1365 2165 1518 2199 procedatis
1539 2168 1571 2195 ad
1588 2171 1782 2204 spectationem

1000 2214 1095 2234 eorum
1118 2214 1179 2242 quae
1203 2208 1326 2243 cupitis:
1344 2217 1433 2244 neque
1453 2211 1525 2239 enim
1549 2214 1609 2240 volo
1631 2219 1660 2242 ut
1681 2216 1781 2244 civium

1000 2253 1095 2281 oculos
1120 2253 1148 2280 in
1173 2261 1222 2282 vos
1242 2256 1418 2284 convcrtatis.
1440 2256 1529 2292 Atque
1548 2258 1589 2286 sic
1612 2261 1781 2296 navigantes,

999 2298 1066 2326 hora
1082 2306 1135 2326 una
1150 2299 1176 2326 in
1190 2299 1308 2328 insulam
1320 2301 1402 2329 delati
1415 2310 1521 2331 sumus.
1537 2303 1570 2331 Et
1588 2305 1781 2336 descendentes

997 2352 1032 2373 ex
1052 2345 1166 2381 scapha.
1184 2353 1217 2373 eo
1233 2348 1370 2382 progressi
1384 2357 1478 2377 sumus
1495 2350 1542 2377 ubi
1557 2352 1690 2381 columnae
1702 2355 1780 2383 vitem

997 2394 1075 2418 erant
1092 2400 1099 2418 :
1115 2391 1251 2427 simulque
1263 2400 1325 2420 cum
1337 2394 1483 2429 columnis,
1495 2397 1566 2425 alius
1580 2398 1689 2433 quidem
1706 2400 1778 2430 aliud

997 2437 1144 2473 quodpiam
1158 2445 1192 2465 ex
1211 2437 1314 2467 Phidiae
1331 2441 1461 2476 operibus
1475 2445 1625 2478 spectabat.

1032 2493 1150 2521 LXXXI.
1167 2493 1244 2521 Unus
1255 2499 1346 2522 autem
1364 2495 1461 2525 Petrus
1472 2505 1584 2527 necesse
1599 2508 1653 2528 non
1673 2503 1777 2536 putavit

994 2539 1099 2574 quaaibi
1110 2544 1187 2567 erant
1200 2540 1316 2568 invisere
1329 2551 1336 2568 :
1349 2543 1395 2570 sed
1406 2543 1624 2574 animadvertens
1635 2548 1775 2576 mulierem

994 2585 1141 2620 quamdam
1164 2590 1240 2614 extra
1262 2595 1312 2622 pro
1337 2587 1441 2616 foribus
1462 2590 1598 2619 sedentem
1613 2612 1620 2624 ,
1642 2597 1670 2620 et
1688 2594 1776 2622 victus

994 2630 1079 2665 gratia
1095 2630 1293 2658 mendicantem
1310 2643 1315 2659 :
1330 2631 1436 2666 Mulier,
1451 2634 1550 2669 inquit,
1562 2644 1679 2672 quonam
1690 2646 1774 2667 mem—

993 2674 1105 2701 brorum
1127 2679 1234 2703 tuorum
1257 2684 1344 2708 cares,
1358 2678 1431 2712 quod
1455 2683 1557 2708 tantam
1580 2685 1774 2713 contumeliam

994 2720 1147 2755 suscepisti,
1173 2721 1355 2755 mendicandi,
1379 2724 1556 2762 inquamhac
1579 2736 1634 2756 non
1654 2731 1743 2765 potius
1758 2740 1773 2760 a

807 2781 922 2808 νΑιυΔε
940 2782 1139 2814 LECTIONES.

389 2820 713 2860 vniiomanumgnempe,
741 2826 774 2854 ad
794 2827 863 2854 ostia
887 2827 992 2858 Tiberis

376 2874 391 2893 .,
421 2855 495 2884 “.al.
524 2855 755 2898 ammenti)!
775 2861 809 2889 al.
832 2855 991 2902 ιπαιτούὲέιῖ

996 2851 1002 2858 .
1029 2830 1095 2861 Vide
1118 2834 1151 2862 ad
1175 2842 1250 2862 num.
1280 2843 1337 2865 vm.
1361 2837 1443 2868 Ctsn.
1482 2841 1504 2857 ³⁸
1528 2843 1564 2870 al.
1584 2846 1772 2882 κεκινημένος,
