  <div class='ocr_page' id='page_1' title='image "/cluster/home/n/w/nwhite01/storage/ocr_20150623/2/njp.32101077772349/385.png"; bbox 0 0 2290 3110; ppageno 0'>
   <div class='ocr_carea' id='block_1_1' title="bbox 477 177 528 206">
    <p class='ocr_par' dir='ltr' id='par_1_1' title="bbox 477 177 528 206">
     <span class='ocr_line' id='line_1_1' title="bbox 477 177 528 206; baseline 0 0"><span class='ocrx_word' id='word_1_1' title='bbox 477 177 528 206; x_wconf 69' lang='lat'><strong>527</strong></span> 
     </span>
    </p>
   </div>
   <div class='ocr_carea' id='block_1_2' title="bbox 920 177 1824 209">
    <p class='ocr_par' dir='ltr' id='par_1_2' title="bbox 920 177 1690 208">
     <span class='ocr_line' id='line_1_2' title="bbox 920 177 1690 208; baseline -0.003 0"><span class='ocrx_word' id='word_1_2' title='bbox 920 180 951 208; x_wconf 87' lang='lat' dir='ltr'><strong>S.</strong></span> <span class='ocrx_word' id='word_1_3' title='bbox 968 177 1162 208; x_wconf 67' lang='lat' dir='ltr'><strong>LLEMENTIS</strong></span> <span class='ocrx_word' id='word_1_4' title='bbox 1181 178 1192 206; x_wconf 91' lang='grc' dir='ltr'><strong>Ι</strong></span> <span class='ocrx_word' id='word_1_5' title='bbox 1214 178 1299 208; x_wconf 69' lang='grc' dir='ltr'><strong>ΒΟΙ.</strong></span> <span class='ocrx_word' id='word_1_6' title='bbox 1318 177 1419 207; x_wconf 84' lang='grc' dir='ltr'>ΡΟΝΤ.</span> <span class='ocrx_word' id='word_1_7' title='bbox 1439 177 1556 207; x_wconf 81' lang='lat' dir='ltr'><strong>OPERA</strong></span> <span class='ocrx_word' id='word_1_8' title='bbox 1573 178 1690 208; x_wconf 76' lang='lat' dir='ltr'><strong>DUBIA.</strong></span> 
     </span>
    </p>
   </div>
   <div class='ocr_carea' id='block_1_3' title="bbox 1188 177 2092 209">
    <p class='ocr_par' dir='ltr' id='par_1_3' title="bbox 1188 177 2092 209">
     <span class='ocr_line' id='line_1_3' title="bbox 1188 177 2092 209; baseline 0.003 -3"><span class='ocrx_word' id='word_1_9' title='bbox 1188 178 1192 206; x_wconf 88' lang='lat' dir='ltr'><strong>l</strong></span> <span class='ocrx_word' id='word_1_10' title='bbox 1214 178 1299 208; x_wconf 70' lang='lat' dir='ltr'><strong>BOI.</strong></span> <span class='ocrx_word' id='word_1_11' title='bbox 1318 177 1419 207; x_wconf 84' lang='lat' dir='ltr'><strong>PONT.</strong></span> <span class='ocrx_word' id='word_1_12' title='bbox 1439 177 1556 207; x_wconf 81' lang='lat' dir='ltr'><strong>OPERA</strong></span> <span class='ocrx_word' id='word_1_13' title='bbox 1573 178 1690 208; x_wconf 75' lang='lat' dir='ltr'><strong>DUBIA.</strong></span> <span class='ocrx_word' id='word_1_14' title='bbox 2051 180 2092 209; x_wconf 61' lang='grc' dir='ltr'>διε</span> 
     </span>
    </p>
   </div>
   <div class='ocr_carea' id='block_1_4' title="bbox 477 231 1381 274">
    <p class='ocr_par' dir='ltr' id='par_1_4' title="bbox 477 231 1379 274">
     <span class='ocr_line' id='line_1_4' title="bbox 477 231 1379 274; baseline -0.004 -7"><span class='ocrx_word' id='word_1_15' title='bbox 477 238 533 267; x_wconf 91' lang='lat' dir='ltr'><strong>Deo</strong></span> <span class='ocrx_word' id='word_1_16' title='bbox 550 238 598 266; x_wconf 92' lang='lat' dir='ltr'><strong>tibi</strong></span> <span class='ocrx_word' id='word_1_17' title='bbox 612 231 761 268; x_wconf 70' lang='lat' dir='ltr'><strong>concessis</strong></span> <span class='ocrx_word' id='word_1_18' title='bbox 776 239 903 267; x_wconf 87' lang='lat' dir='ltr'><strong>manibus</strong></span> <span class='ocrx_word' id='word_1_19' title='bbox 916 238 1055 272; x_wconf 80' lang='lat' dir='ltr'><strong>laborans,</strong></span> <span class='ocrx_word' id='word_1_20' title='bbox 1071 237 1259 274; x_wconf 89' lang='lat' dir='ltr'><strong>quotidianum</strong></span> <span class='ocrx_word' id='word_1_21' title='bbox 1273 241 1296 271; x_wconf 74' lang='grc' dir='ltr'><strong>Α</strong></span> <span class='ocrx_word' id='word_1_22' title='bbox 1311 236 1379 263; x_wconf 80' lang='grc' dir='ltr'><strong>Θεοῦ</strong></span> 
     </span>
    </p>
   </div>
   <div class='ocr_carea' id='block_1_5' title="bbox 1184 231 2088 274">
    <p class='ocr_par' dir='ltr' id='par_1_5' title="bbox 1184 233 2088 274">
     <span class='ocr_line' id='line_1_5' title="bbox 1184 233 2088 274; baseline -0.008 -8"><span class='ocrx_word' id='word_1_23' title='bbox 1184 245 1259 266; x_wconf 84' lang='lat' dir='ltr'><strong>Inum</strong></span> <span class='ocrx_word' id='word_1_24' title='bbox 1273 241 1296 271; x_wconf 73' lang='grc' dir='ltr'>Α</span> <span class='ocrx_word' id='word_1_25' title='bbox 1311 236 1379 263; x_wconf 79' lang='grc' dir='ltr'>Θεοῦ</span> <span class='ocrx_word' id='word_1_26' title='bbox 1391 245 1432 264; x_wconf 83' lang='grc' dir='ltr'><strong>σοι</strong></span> <span class='ocrx_word' id='word_1_27' title='bbox 1444 236 1646 274; x_wconf 74' lang='grc' dir='ltr'>δεδωρημέναις</span> <span class='ocrx_word' id='word_1_28' title='bbox 1662 234 1756 272; x_wconf 80' lang='grc' dir='ltr'>χερσὶν</span> <span class='ocrx_word' id='word_1_29' title='bbox 1773 233 1957 271; x_wconf 73' lang='grc' dir='ltr'>ἐργαζομένη,</span> <span class='ocrx_word' id='word_1_30' title='bbox 1975 233 2026 266; x_wconf 82' lang='grc' dir='ltr'><strong>τὰς</strong></span> <span class='ocrx_word' id='word_1_31' title='bbox 2041 235 2088 271; x_wconf 70' lang='grc' dir='ltr'>ἐφη</span> 
     </span>
    </p>
   </div>
   <div class='ocr_carea' id='block_1_6' title="bbox 475 283 1259 320">
    <p class='ocr_par' dir='ltr' id='par_1_6' title="bbox 475 283 1259 320">
     <span class='ocr_line' id='line_1_6' title="bbox 475 283 1259 320; baseline -0.004 -7"><span class='ocrx_word' id='word_1_32' title='bbox 475 285 568 313; x_wconf 86' lang='lat' dir='ltr'><strong>cibum</strong></span> <span class='ocrx_word' id='word_1_33' title='bbox 592 284 756 320; x_wconf 83' lang='lat' dir='ltr'><strong>comparas?</strong></span> <span class='ocrx_word' id='word_1_34' title='bbox 782 283 829 312; x_wconf 88' lang='lat' dir='ltr'><strong>llla</strong></span> <span class='ocrx_word' id='word_1_35' title='bbox 845 292 910 312; x_wconf 78' lang='lat' dir='ltr'><strong>vero</strong></span> <span class='ocrx_word' id='word_1_36' title='bbox 932 284 1098 319; x_wconf 87' lang='lat' dir='ltr'><strong>profundum</strong></span> <span class='ocrx_word' id='word_1_37' title='bbox 1119 291 1153 311; x_wconf 90' lang='lat' dir='ltr'><strong>ac</strong></span> <span class='ocrx_word' id='word_1_38' title='bbox 1174 283 1259 311; x_wconf 83' lang='lat' dir='ltr'><strong>vehe-</strong></span> 
     </span>
    </p>
   </div>
   <div class='ocr_carea' id='block_1_7' title="bbox 475 328 1258 367">
    <p class='ocr_par' dir='ltr' id='par_1_7' title="bbox 475 328 1258 367">
     <span class='ocr_line' id='line_1_7' title="bbox 475 328 1258 367; baseline -0.004 -8"><span class='ocrx_word' id='word_1_39' title='bbox 475 335 596 359; x_wconf 91' lang='lat' dir='ltr'><strong>mentem</strong></span> <span class='ocrx_word' id='word_1_40' title='bbox 614 330 745 367; x_wconf 76' lang='lat' dir='ltr'><strong>gemitum</strong></span> <span class='ocrx_word' id='word_1_41' title='bbox 762 331 885 365; x_wconf 87' lang='lat' dir='ltr'><strong>trahens,</strong></span> <span class='ocrx_word' id='word_1_42' title='bbox 901 330 1059 366; x_wconf 87' lang='lat' dir='ltr'><strong>respondit:</strong></span> <span class='ocrx_word' id='word_1_43' title='bbox 1076 328 1184 357; x_wconf 89' lang='lat' dir='ltr'><strong>Utinam</strong></span> <span class='ocrx_word' id='word_1_44' title='bbox 1195 328 1258 364; x_wconf 91' lang='lat' dir='ltr'><strong>qui-</strong></span> 
     </span>
    </p>
   </div>
   <div class='ocr_carea' id='block_1_8' title="bbox 476 374 1257 411">
    <p class='ocr_par' dir='ltr' id='par_1_8' title="bbox 476 374 1257 411">
     <span class='ocr_line' id='line_1_8' title="bbox 476 374 1257 411; baseline -0.004 -7"><span class='ocrx_word' id='word_1_45' title='bbox 476 376 537 405; x_wconf 86' lang='lat' dir='ltr'><strong>dem</strong></span> <span class='ocrx_word' id='word_1_46' title='bbox 552 376 618 404; x_wconf 86' lang='lat' dir='ltr'><strong>mihi</strong></span> <span class='ocrx_word' id='word_1_47' title='bbox 633 380 725 404; x_wconf 88' lang='lat' dir='ltr'><strong>essent</strong></span> <span class='ocrx_word' id='word_1_48' title='bbox 736 384 844 410; x_wconf 90' lang='lat' dir='ltr'><strong>manus,</strong></span> <span class='ocrx_word' id='word_1_49' title='bbox 857 383 918 411; x_wconf 64' lang='lat' dir='ltr'><strong>quae</strong></span> <span class='ocrx_word' id='word_1_50' title='bbox 925 380 997 403; x_wconf 88' lang='lat' dir='ltr'><strong>certe</strong></span> <span class='ocrx_word' id='word_1_51' title='bbox 1007 379 1117 410; x_wconf 87' lang='lat' dir='ltr'><strong>possent</strong></span> <span class='ocrx_word' id='word_1_52' title='bbox 1131 374 1237 410; x_wconf 87' lang='lat' dir='ltr'><strong>operari</strong></span> <span class='ocrx_word' id='word_1_53' title='bbox 1249 383 1257 402; x_wconf 91' lang='lat'>:</span> 
     </span>
    </p>
   </div>
   <div class='ocr_carea' id='block_1_9' title="bbox 475 421 1257 458">
    <p class='ocr_par' dir='ltr' id='par_1_9' title="bbox 475 421 1257 458">
     <span class='ocr_line' id='line_1_9' title="bbox 475 421 1257 458; baseline -0.003 -8"><span class='ocrx_word' id='word_1_54' title='bbox 475 430 550 450; x_wconf 90' lang='lat' dir='ltr'><strong>nunc</strong></span> <span class='ocrx_word' id='word_1_55' title='bbox 564 427 654 450; x_wconf 87' lang='lat' dir='ltr'><strong>autem</strong></span> <span class='ocrx_word' id='word_1_56' title='bbox 672 422 739 450; x_wconf 93' lang='lat' dir='ltr'><strong>mihi</strong></span> <span class='ocrx_word' id='word_1_57' title='bbox 755 422 841 450; x_wconf 87' lang='lat' dir='ltr'><strong>solam</strong></span> <span class='ocrx_word' id='word_1_58' title='bbox 856 429 985 449; x_wconf 90' lang='lat' dir='ltr'><strong>manuum</strong></span> <span class='ocrx_word' id='word_1_59' title='bbox 1002 421 1118 458; x_wconf 76' lang='lat' dir='ltr'><strong>figuram</strong></span> <span class='ocrx_word' id='word_1_60' title='bbox 1137 425 1257 454; x_wconf 85' lang='lat' dir='ltr'><strong>servant,</strong></span> 
     </span>
    </p>
   </div>
   <div class='ocr_carea' id='block_1_10' title="bbox 475 468 1258 506">
    <p class='ocr_par' dir='ltr' id='par_1_10' title="bbox 475 468 1258 506">
     <span class='ocr_line' id='line_1_10' title="bbox 475 468 1258 506; baseline -0.004 -8"><span class='ocrx_word' id='word_1_61' title='bbox 475 471 597 506; x_wconf 70' lang='lat' dir='ltr'><strong>ipszeque</strong></span> <span class='ocrx_word' id='word_1_62' title='bbox 616 475 749 498; x_wconf 64' lang='lat' dir='ltr'><strong>emortua:</strong></span> <span class='ocrx_word' id='word_1_63' title='bbox 773 474 847 498; x_wconf 89' lang='lat' dir='ltr'><strong>sunt.</strong></span> <span class='ocrx_word' id='word_1_64' title='bbox 875 469 914 497; x_wconf 84' lang='lat' dir='ltr'><strong>Ac</strong></span> <span class='ocrx_word' id='word_1_65' title='bbox 938 468 1041 496; x_wconf 86' lang='lat' dir='ltr'><strong>Petrus&#39;</strong></span> <span class='ocrx_word' id='word_1_66' title='bbox 1058 468 1258 504; x_wconf 69' lang='lat' dir='ltr'><strong>interrogavit:</strong></span> 
     </span>
    </p>
   </div>
   <div class='ocr_carea' id='block_1_11' title="bbox 475 514 1260 551">
    <p class='ocr_par' dir='ltr' id='par_1_11' title="bbox 475 514 1260 551">
     <span class='ocr_line' id='line_1_11' title="bbox 475 514 1260 551; baseline -0.005 -6"><span class='ocrx_word' id='word_1_67' title='bbox 475 516 542 550; x_wconf 70' lang='lat' dir='ltr'><strong>Quae</strong></span> <span class='ocrx_word' id='word_1_68' title='bbox 566 524 631 545; x_wconf 91' lang='lat' dir='ltr'><strong>vero</strong></span> <span class='ocrx_word' id='word_1_69' title='bbox 646 524 730 544; x_wconf 86' lang='lat' dir='ltr'><strong>causa</strong></span> <span class='ocrx_word' id='word_1_70' title='bbox 754 515 817 550; x_wconf 89' lang='lat' dir='ltr'><strong>fuit,</strong></span> <span class='ocrx_word' id='word_1_71' title='bbox 836 520 867 543; x_wconf 90' lang='lat' dir='ltr'><strong>ut</strong></span> <span class='ocrx_word' id='word_1_72' title='bbox 882 520 936 543; x_wconf 87' lang='lat' dir='ltr'><strong>tam</strong></span> <span class='ocrx_word' id='word_1_73' title='bbox 955 522 1037 551; x_wconf 72' lang='lat' dir='ltr'><strong>grave</strong></span> <span class='ocrx_word' id='word_1_74' title='bbox 1055 514 1157 542; x_wconf 88' lang='lat' dir='ltr'><strong>malum</strong></span> <span class='ocrx_word' id='word_1_75' title='bbox 1173 515 1260 542; x_wconf 85' lang='lat' dir='ltr'><strong>susti-</strong></span> 
     </span>
    </p>
   </div>
   <div class='ocr_carea' id='block_1_12' title="bbox 475 560 1260 596">
    <p class='ocr_par' dir='ltr' id='par_1_12' title="bbox 475 560 1260 596">
     <span class='ocr_line' id='line_1_12' title="bbox 475 560 1260 596; baseline -0.003 -6"><span class='ocrx_word' id='word_1_76' title='bbox 475 562 573 591; x_wconf 74' lang='lat' dir='ltr'><strong>neres?</strong></span> <span class='ocrx_word' id='word_1_77' title='bbox 582 562 616 590; x_wconf 85' lang='lat' dir='ltr'><strong>At</strong></span> <span class='ocrx_word' id='word_1_78' title='bbox 630 562 676 590; x_wconf 89' lang='lat' dir='ltr'><strong>illa</strong></span> <span class='ocrx_word' id='word_1_79' title='bbox 688 562 720 590; x_wconf 86' lang='lat' dir='ltr'><strong>ad</strong></span> <span class='ocrx_word' id='word_1_80' title='bbox 732 570 794 590; x_wconf 91' lang='lat' dir='ltr'><strong>eum</strong></span> <span class='ocrx_word' id='word_1_81' title='bbox 814 570 821 589; x_wconf 91' lang='lat'><strong>:</strong></span> <span class='ocrx_word' id='word_1_82' title='bbox 835 561 927 588; x_wconf 81' lang='lat' dir='ltr'><strong>Animi</strong></span> <span class='ocrx_word' id='word_1_83' title='bbox 941 560 1123 594; x_wconf 81' lang='lat' dir='ltr'><strong>imbecillitas,</strong></span> <span class='ocrx_word' id='word_1_84' title='bbox 1136 561 1260 596; x_wconf 85' lang='lat' dir='ltr'><strong>nihilque</strong></span> 
     </span>
    </p>
   </div>
   <div class='ocr_carea' id='block_1_13' title="bbox 474 606 1260 641">
    <p class='ocr_par' dir='ltr' id='par_1_13' title="bbox 474 606 1260 641">
     <span class='ocr_line' id='line_1_13' title="bbox 474 606 1260 641; baseline -0.001 -6"><span class='ocrx_word' id='word_1_85' title='bbox 474 607 559 636; x_wconf 84' lang='lat' dir='ltr'><strong>aliud.</strong></span> <span class='ocrx_word' id='word_1_86' title='bbox 581 607 610 635; x_wconf 89' lang='lat' dir='ltr'><strong>Si</strong></span> <span class='ocrx_word' id='word_1_87' title='bbox 633 607 705 635; x_wconf 90' lang='lat' dir='ltr'><strong>enim</strong></span> <span class='ocrx_word' id='word_1_88' title='bbox 727 607 792 635; x_wconf 85' lang='lat' dir='ltr'><strong>forti</strong></span> <span class='ocrx_word' id='word_1_89' title='bbox 810 607 904 635; x_wconf 89' lang='lat' dir='ltr'><strong>animo</strong></span> <span class='ocrx_word' id='word_1_90' title='bbox 922 606 1034 634; x_wconf 68' lang='lat' dir='ltr'><strong>fuissem</strong></span> <span class='ocrx_word' id='word_1_91' title='bbox 1057 606 1179 641; x_wconf 65' lang='lat' dir='ltr'><strong>praedita.</strong></span> <span class='ocrx_word' id='word_1_92' title='bbox 1201 614 1260 634; x_wconf 87' lang='lat' dir='ltr'><strong>erat</strong></span> 
     </span>
    </p>
   </div>
   <div class='ocr_carea' id='block_1_14' title="bbox 476 651 1260 689">
    <p class='ocr_par' dir='ltr' id='par_1_14' title="bbox 476 651 1260 689">
     <span class='ocr_line' id='line_1_14' title="bbox 476 651 1260 689; baseline -0.004 -8"><span class='ocrx_word' id='word_1_93' title='bbox 476 653 666 689; x_wconf 70' lang='lat' dir='ltr'><strong>praecipitium,</strong></span> <span class='ocrx_word' id='word_1_94' title='bbox 691 658 739 681; x_wconf 90' lang='lat' dir='ltr'><strong>aut</strong></span> <span class='ocrx_word' id='word_1_95' title='bbox 752 653 980 689; x_wconf 76' lang='lat' dir='ltr'><strong>pelagus;quare</strong></span> <span class='ocrx_word' id='word_1_96' title='bbox 991 659 1034 679; x_wconf 90' lang='lat' dir='ltr'><strong>me</strong></span> <span class='ocrx_word' id='word_1_97' title='bbox 1047 651 1189 686; x_wconf 75' lang='lat' dir='ltr'><strong>dejiciens,</strong></span> <span class='ocrx_word' id='word_1_98' title='bbox 1209 659 1260 687; x_wconf 88' lang='lat' dir='ltr'><strong>po-</strong></span> 
     </span>
    </p>
   </div>
   <div class='ocr_carea' id='block_1_15' title="bbox 475 695 1258 732">
    <p class='ocr_par' dir='ltr' id='par_1_15' title="bbox 475 695 1258 732">
     <span class='ocr_line' id='line_1_15' title="bbox 475 695 1258 732; baseline -0.001 -8"><span class='ocrx_word' id='word_1_99' title='bbox 475 702 560 724; x_wconf 82' lang='lat' dir='ltr'><strong>teram</strong></span> <span class='ocrx_word' id='word_1_100' title='bbox 575 696 655 724; x_wconf 90' lang='lat' dir='ltr'><strong>malis</strong></span> <span class='ocrx_word' id='word_1_101' title='bbox 673 696 795 725; x_wconf 88' lang='lat' dir='ltr'><strong>dolorem</strong></span> <span class='ocrx_word' id='word_1_102' title='bbox 818 696 994 724; x_wconf 82' lang='lat' dir='ltr'><strong>atfcrentibus</strong></span> <span class='ocrx_word' id='word_1_103' title='bbox 1010 696 1090 724; x_wconf 80' lang='lat' dir='ltr'><strong>linem</strong></span> <span class='ocrx_word' id='word_1_104' title='bbox 1107 695 1258 732; x_wconf 87' lang='lat' dir='ltr'><strong>imponere.</strong></span> 
     </span>
    </p>
   </div>
   <div class='ocr_carea' id='block_1_16' title="bbox 512 750 1259 786">
    <p class='ocr_par' dir='ltr' id='par_1_16' title="bbox 512 750 1259 786">
     <span class='ocr_line' id='line_1_16' title="bbox 512 750 1259 786; baseline -0.003 -7"><span class='ocrx_word' id='word_1_105' title='bbox 512 751 640 780; x_wconf 84' lang='lat' dir='ltr'><strong>LXXXII.</strong></span> <span class='ocrx_word' id='word_1_106' title='bbox 653 751 723 779; x_wconf 85' lang='lat' dir='ltr'><strong>Tum</strong></span> <span class='ocrx_word' id='word_1_107' title='bbox 738 751 835 779; x_wconf 86' lang='lat' dir='ltr'><strong>Petrus</strong></span> <span class='ocrx_word' id='word_1_108' title='bbox 850 751 909 783; x_wconf 80' lang='lat' dir='ltr'><strong>inﬁt</strong></span> <span class='ocrx_word' id='word_1_109' title='bbox 927 761 933 779; x_wconf 75' lang='grc' dir='ltr'><strong>ι</strong></span> <span class='ocrx_word' id='word_1_110' title='bbox 948 750 1019 785; x_wconf 82' lang='lat' dir='ltr'><strong>Quid</strong></span> <span class='ocrx_word' id='word_1_111' title='bbox 1031 750 1122 778; x_wconf 81' lang='lat' dir='ltr'><strong>enim?</strong></span> <span class='ocrx_word' id='word_1_112' title='bbox 1132 754 1259 786; x_wconf 79' lang='lat' dir='ltr'><strong>putasne,</strong></span> 
     </span>
    </p>
   </div>
   <div class='ocr_carea' id='block_1_17' title="bbox 476 796 1254 832">
    <p class='ocr_par' dir='ltr' id='par_1_17' title="bbox 476 796 1254 832">
     <span class='ocr_line' id='line_1_17' title="bbox 476 796 1254 832; baseline -0.004 -6"><span class='ocrx_word' id='word_1_113' title='bbox 476 799 586 831; x_wconf 81' lang='lat' dir='ltr'><strong>mulier,</strong></span> <span class='ocrx_word' id='word_1_114' title='bbox 609 805 705 826; x_wconf 86' lang='lat' dir='ltr'><strong>omnes</strong></span> <span class='ocrx_word' id='word_1_115' title='bbox 729 798 772 825; x_wconf 89' lang='lat' dir='ltr'><strong>sui</strong></span> <span class='ocrx_word' id='word_1_116' title='bbox 789 797 988 829; x_wconf 80' lang='lat' dir='ltr'><strong>interfectores.</strong></span> <span class='ocrx_word' id='word_1_117' title='bbox 1011 796 1146 832; x_wconf 84' lang='lat' dir='ltr'><strong>supplicio</strong></span> <span class='ocrx_word' id='word_1_118' title='bbox 1158 796 1254 824; x_wconf 87' lang='lat' dir='ltr'><strong>libera-</strong></span> 
     </span>
    </p>
   </div>
   <div class='ocr_carea' id='block_1_18' title="bbox 476 841 1257 879">
    <p class='ocr_par' dir='ltr' id='par_1_18' title="bbox 476 841 1257 879">
     <span class='ocr_line' id='line_1_18' title="bbox 476 841 1257 879; baseline -0.004 -7"><span class='ocrx_word' id='word_1_119' title='bbox 476 849 533 872; x_wconf 88' lang='lat' dir='ltr'><strong>tum</strong></span> <span class='ocrx_word' id='word_1_120' title='bbox 546 844 598 872; x_wconf 76' lang='lat' dir='ltr'><strong>iri?</strong></span> <span class='ocrx_word' id='word_1_121' title='bbox 611 852 647 872; x_wconf 91' lang='lat' dir='ltr'><strong>an</strong></span> <span class='ocrx_word' id='word_1_122' title='bbox 668 851 722 872; x_wconf 93' lang='lat' dir='ltr'><strong>non</strong></span> <span class='ocrx_word' id='word_1_123' title='bbox 744 844 835 879; x_wconf 86' lang='lat' dir='ltr'><strong>potius</strong></span> <span class='ocrx_word' id='word_1_124' title='bbox 849 843 956 871; x_wconf 88' lang='lat' dir='ltr'><strong>animas</strong></span> <span class='ocrx_word' id='word_1_125' title='bbox 969 850 1064 870; x_wconf 90' lang='lat' dir='ltr'><strong>eorum</strong></span> <span class='ocrx_word' id='word_1_126' title='bbox 1079 842 1126 877; x_wconf 91' lang='lat' dir='ltr'><strong>qui</strong></span> <span class='ocrx_word' id='word_1_127' title='bbox 1144 841 1182 869; x_wconf 80' lang='lat' dir='ltr'><strong>ita</strong></span> <span class='ocrx_word' id='word_1_128' title='bbox 1198 850 1257 869; x_wconf 87' lang='lat' dir='ltr'><strong>mo-</strong></span> 
     </span>
    </p>
   </div>
   <div class='ocr_carea' id='block_1_19' title="bbox 474 886 1258 923">
    <p class='ocr_par' dir='ltr' id='par_1_19' title="bbox 474 886 1258 923">
     <span class='ocr_line' id='line_1_19' title="bbox 474 886 1258 923; baseline -0.003 -8"><span class='ocrx_word' id='word_1_129' title='bbox 474 887 593 921; x_wconf 89' lang='lat' dir='ltr'><strong>riuntur,</strong></span> <span class='ocrx_word' id='word_1_130' title='bbox 608 887 706 923; x_wconf 85' lang='lat' dir='ltr'><strong>majori</strong></span> <span class='ocrx_word' id='word_1_131' title='bbox 722 887 856 922; x_wconf 90' lang='lat' dir='ltr'><strong>supplicio</strong></span> <span class='ocrx_word' id='word_1_132' title='bbox 873 888 900 914; x_wconf 94' lang='lat' dir='ltr'><strong>in</strong></span> <span class='ocrx_word' id='word_1_133' title='bbox 919 886 1013 914; x_wconf 79' lang='lat' dir='ltr'><strong>inferis</strong></span> <span class='ocrx_word' id='word_1_134' title='bbox 1027 890 1139 922; x_wconf 81' lang='lat' dir='ltr'><strong>propter</strong></span> <span class='ocrx_word' id='word_1_135' title='bbox 1152 888 1194 914; x_wconf 92' lang='lat' dir='ltr'><strong>sui</strong></span> <span class='ocrx_word' id='word_1_136' title='bbox 1207 887 1258 914; x_wconf 85' lang='lat' dir='ltr'><strong>ho-</strong></span> 
     </span>
    </p>
   </div>
   <div class='ocr_carea' id='block_1_20' title="bbox 474 931 1258 968">
    <p class='ocr_par' dir='ltr' id='par_1_20' title="bbox 474 931 1258 968">
     <span class='ocr_line' id='line_1_20' title="bbox 474 931 1258 968; baseline -0.003 -8"><span class='ocrx_word' id='word_1_137' title='bbox 474 932 615 960; x_wconf 89' lang='lat' dir='ltr'><strong>micidium</strong></span> <span class='ocrx_word' id='word_1_138' title='bbox 627 931 803 961; x_wconf 79' lang='lat' dir='ltr'><strong>afﬁciendas?</strong></span> <span class='ocrx_word' id='word_1_139' title='bbox 817 932 851 959; x_wconf 87' lang='lat' dir='ltr'><strong>At</strong></span> <span class='ocrx_word' id='word_1_140' title='bbox 863 932 908 959; x_wconf 91' lang='lat' dir='ltr'><strong>illa</strong></span> <span class='ocrx_word' id='word_1_141' title='bbox 924 941 931 960; x_wconf 91' lang='lat'>:</span> <span class='ocrx_word' id='word_1_142' title='bbox 950 931 1069 966; x_wconf 87' lang='lat' dir='ltr'><strong>Utinam,</strong></span> <span class='ocrx_word' id='word_1_143' title='bbox 1084 931 1184 968; x_wconf 86' lang='lat' dir='ltr'><strong>inquit,</strong></span> <span class='ocrx_word' id='word_1_144' title='bbox 1198 939 1258 967; x_wconf 87' lang='lat' dir='ltr'><strong>per-</strong></span> 
     </span>
    </p>
   </div>
   <div class='ocr_carea' id='block_1_21' title="bbox 473 976 1257 1011">
    <p class='ocr_par' dir='ltr' id='par_1_21' title="bbox 473 976 1257 1011">
     <span class='ocr_line' id='line_1_21' title="bbox 473 976 1257 1011; baseline -0.004 -5"><span class='ocrx_word' id='word_1_145' title='bbox 473 985 584 1006; x_wconf 83' lang='lat' dir='ltr'><strong>suasum</strong></span> <span class='ocrx_word' id='word_1_146' title='bbox 599 978 666 1005; x_wconf 88' lang='lat' dir='ltr'><strong>mihi</strong></span> <span class='ocrx_word' id='word_1_147' title='bbox 685 982 775 1011; x_wconf 85' lang='lat' dir='ltr'><strong>esset,</strong></span> <span class='ocrx_word' id='word_1_148' title='bbox 794 985 888 1005; x_wconf 86' lang='lat' dir='ltr'><strong>revera</strong></span> <span class='ocrx_word' id='word_1_149' title='bbox 903 977 929 1004; x_wconf 95' lang='lat' dir='ltr'><strong>in</strong></span> <span class='ocrx_word' id='word_1_150' title='bbox 948 976 1042 1004; x_wconf 88' lang='lat' dir='ltr'><strong>inferis</strong></span> <span class='ocrx_word' id='word_1_151' title='bbox 1056 977 1162 1004; x_wconf 86' lang='lat' dir='ltr'><strong>animas</strong></span> <span class='ocrx_word' id='word_1_152' title='bbox 1181 977 1257 1004; x_wconf 85' lang='lat' dir='ltr'><strong>vivas</strong></span> 
     </span>
    </p>
   </div>
   <div class='ocr_carea' id='block_1_22' title="bbox 473 1019 1259 1058">
    <p class='ocr_par' dir='ltr' id='par_1_22' title="bbox 473 1019 1259 1058">
     <span class='ocr_line' id='line_1_22' title="bbox 473 1019 1259 1058; baseline -0.005 -7"><span class='ocrx_word' id='word_1_153' title='bbox 473 1023 604 1058; x_wconf 83' lang='lat' dir='ltr'><strong>reperiri;</strong></span> <span class='ocrx_word' id='word_1_154' title='bbox 619 1023 715 1058; x_wconf 86' lang='lat' dir='ltr'><strong>utique</strong></span> <span class='ocrx_word' id='word_1_155' title='bbox 739 1022 817 1049; x_wconf 89' lang='lat' dir='ltr'><strong>nihili</strong></span> <span class='ocrx_word' id='word_1_156' title='bbox 830 1025 960 1057; x_wconf 86' lang='lat' dir='ltr'><strong>reputans</strong></span> <span class='ocrx_word' id='word_1_157' title='bbox 970 1028 1083 1056; x_wconf 70' lang='lat' dir='ltr'><strong>poenas,</strong></span> <span class='ocrx_word' id='word_1_158' title='bbox 1098 1020 1168 1048; x_wconf 89' lang='lat' dir='ltr'><strong>mori</strong></span> <span class='ocrx_word' id='word_1_159' title='bbox 1179 1019 1259 1055; x_wconf 74' lang='lat' dir='ltr'><strong>elige-</strong></span> 
     </span>
    </p>
   </div>
   <div class='ocr_carea' id='block_1_23' title="bbox 472 1065 1257 1103">
    <p class='ocr_par' dir='ltr' id='par_1_23' title="bbox 472 1065 1257 1103">
     <span class='ocr_line' id='line_1_23' title="bbox 472 1065 1257 1103; baseline -0.003 -9"><span class='ocrx_word' id='word_1_160' title='bbox 472 1075 541 1101; x_wconf 73' lang='lat' dir='ltr'><strong>I‘Clll,</strong></span> <span class='ocrx_word' id='word_1_161' title='bbox 559 1075 615 1103; x_wconf 90' lang='lat' dir='ltr'><strong>quo</strong></span> <span class='ocrx_word' id='word_1_162' title='bbox 628 1067 669 1094; x_wconf 91' lang='lat' dir='ltr'><strong>vel</strong></span> <span class='ocrx_word' id='word_1_163' title='bbox 690 1066 789 1103; x_wconf 77' lang='lat' dir='ltr'><strong>exiguo</strong></span> <span class='ocrx_word' id='word_1_164' title='bbox 804 1071 927 1102; x_wconf 90' lang='lat' dir='ltr'><strong>tempore</strong></span> <span class='ocrx_word' id='word_1_165' title='bbox 947 1065 1070 1094; x_wconf 84' lang='lat' dir='ltr'><strong>intuerer</strong></span> <span class='ocrx_word' id='word_1_166' title='bbox 1083 1065 1151 1093; x_wconf 90' lang='lat' dir='ltr'><strong>mihi</strong></span> <span class='ocrx_word' id='word_1_167' title='bbox 1170 1072 1257 1100; x_wconf 82' lang='lat' dir='ltr'><strong>exop-</strong></span> 
     </span>
    </p>
   </div>
   <div class='ocr_carea' id='block_1_24' title="bbox 472 1111 1256 1148">
    <p class='ocr_par' dir='ltr' id='par_1_24' title="bbox 472 1111 1256 1148">
     <span class='ocr_line' id='line_1_24' title="bbox 472 1111 1256 1148; baseline -0.003 -8"><span class='ocrx_word' id='word_1_168' title='bbox 472 1113 632 1141; x_wconf 85' lang='lat' dir='ltr'><strong>tatissimos.</strong></span> <span class='ocrx_word' id='word_1_169' title='bbox 649 1113 690 1141; x_wconf 82' lang='lat' dir='ltr'><strong>Ad</strong></span> <span class='ocrx_word' id='word_1_170' title='bbox 709 1113 767 1141; x_wconf 69' lang='lat' dir='ltr'><strong>haec</strong></span> <span class='ocrx_word' id='word_1_171' title='bbox 781 1112 880 1141; x_wconf 86' lang='lat' dir='ltr'><strong>Petrus</strong></span> <span class='ocrx_word' id='word_1_172' title='bbox 899 1121 906 1140; x_wconf 92' lang='lat'><strong>:</strong></span> <span class='ocrx_word' id='word_1_173' title='bbox 928 1111 961 1140; x_wconf 85' lang='lat' dir='ltr'><strong>Et</strong></span> <span class='ocrx_word' id='word_1_174' title='bbox 979 1111 1110 1148; x_wconf 88' lang='lat' dir='ltr'><strong>quidnam</strong></span> <span class='ocrx_word' id='word_1_175' title='bbox 1129 1116 1170 1139; x_wconf 88' lang='lat' dir='ltr'><strong>est</strong></span> <span class='ocrx_word' id='word_1_176' title='bbox 1183 1111 1256 1147; x_wconf 93' lang='lat' dir='ltr'><strong>quod</strong></span> 
     </span>
    </p>
   </div>
   <div class='ocr_carea' id='block_1_25' title="bbox 470 1157 1256 1187">
    <p class='ocr_par' dir='ltr' id='par_1_25' title="bbox 470 1157 1256 1187">
     <span class='ocr_line' id='line_1_25' title="bbox 470 1157 1256 1187; baseline -0.003 -1"><span class='ocrx_word' id='word_1_177' title='bbox 470 1163 497 1186; x_wconf 91' lang='lat' dir='ltr'><strong>te</strong></span> <span class='ocrx_word' id='word_1_178' title='bbox 508 1159 664 1187; x_wconf 83' lang='lat' dir='ltr'><strong>excruciat?</strong></span> <span class='ocrx_word' id='word_1_179' title='bbox 679 1158 756 1186; x_wconf 87' lang='lat' dir='ltr'><strong>Scire</strong></span> <span class='ocrx_word' id='word_1_180' title='bbox 770 1159 842 1186; x_wconf 90' lang='lat' dir='ltr'><strong>enim</strong></span> <span class='ocrx_word' id='word_1_181' title='bbox 863 1158 941 1185; x_wconf 81' lang='lat' dir='ltr'><strong>valde</strong></span> <span class='ocrx_word' id='word_1_182' title='bbox 953 1165 1030 1185; x_wconf 87' lang='lat' dir='ltr'><strong>aveo.</strong></span> <span class='ocrx_word' id='word_1_183' title='bbox 1045 1157 1086 1186; x_wconf 79' lang='lat' dir='ltr'><strong>Ac</strong></span> <span class='ocrx_word' id='word_1_184' title='bbox 1098 1165 1142 1184; x_wconf 89' lang='lat' dir='ltr'><strong>me</strong></span> <span class='ocrx_word' id='word_1_185' title='bbox 1160 1157 1183 1185; x_wconf 88' lang='lat' dir='ltr'><strong>si</strong></span> <span class='ocrx_word' id='word_1_186' title='bbox 1195 1164 1256 1185; x_wconf 88' lang='lat' dir='ltr'><strong>cer-</strong></span> 
     </span>
    </p>
   </div>
   <div class='ocr_carea' id='block_1_26' title="bbox 471 1200 1256 1237">
    <p class='ocr_par' dir='ltr' id='par_1_26' title="bbox 471 1200 1256 1237">
     <span class='ocr_line' id='line_1_26' title="bbox 471 1200 1256 1237; baseline -0.004 -5"><span class='ocrx_word' id='word_1_187' title='bbox 471 1204 569 1232; x_wconf 85' lang='lat' dir='ltr'><strong>tiorem</strong></span> <span class='ocrx_word' id='word_1_188' title='bbox 581 1203 691 1237; x_wconf 81' lang='lat' dir='ltr'><strong>feceris,</strong></span> <span class='ocrx_word' id='word_1_189' title='bbox 711 1203 760 1231; x_wconf 87' lang='lat' dir='ltr'><strong>tibi</strong></span> <span class='ocrx_word' id='word_1_190' title='bbox 780 1203 857 1231; x_wconf 84' lang='lat' dir='ltr'><strong>Ilrma</strong></span> <span class='ocrx_word' id='word_1_191' title='bbox 875 1203 981 1230; x_wconf 88' lang='lat' dir='ltr'><strong>tradam</strong></span> <span class='ocrx_word' id='word_1_192' title='bbox 996 1200 1169 1236; x_wconf 78' lang='lat' dir='ltr'><strong>documenta,</strong></span> <span class='ocrx_word' id='word_1_193' title='bbox 1183 1202 1256 1237; x_wconf 92' lang='lat' dir='ltr'><strong>quod</strong></span> 
     </span>
    </p>
   </div>
   <div class='ocr_carea' id='block_1_27' title="bbox 470 1249 1255 1286">
    <p class='ocr_par' dir='ltr' id='par_1_27' title="bbox 470 1249 1255 1286">
     <span class='ocr_line' id='line_1_27' title="bbox 470 1249 1255 1286; baseline -0.003 -8"><span class='ocrx_word' id='word_1_194' title='bbox 470 1251 570 1279; x_wconf 72' lang='lat' dir='ltr'><strong>animae</strong></span> <span class='ocrx_word' id='word_1_195' title='bbox 586 1251 615 1279; x_wconf 89' lang='lat' dir='ltr'><strong>in</strong></span> <span class='ocrx_word' id='word_1_196' title='bbox 630 1250 725 1278; x_wconf 78' lang='lat' dir='ltr'><strong>inferis</strong></span> <span class='ocrx_word' id='word_1_197' title='bbox 737 1250 844 1284; x_wconf 87' lang='lat' dir='ltr'><strong>vivant;</strong></span> <span class='ocrx_word' id='word_1_198' title='bbox 860 1254 887 1278; x_wconf 90' lang='lat' dir='ltr'><strong>et</strong></span> <span class='ocrx_word' id='word_1_199' title='bbox 901 1258 950 1286; x_wconf 88' lang='lat' dir='ltr'><strong>pro</strong></span> <span class='ocrx_word' id='word_1_200' title='bbox 967 1249 1118 1285; x_wconf 66' lang='lat' dir='ltr'><strong>praecipitio</strong></span> <span class='ocrx_word' id='word_1_201' title='bbox 1132 1249 1175 1277; x_wconf 86' lang='lat' dir='ltr'><strong>vel</strong></span> <span class='ocrx_word' id='word_1_202' title='bbox 1189 1256 1255 1285; x_wconf 87' lang='lat' dir='ltr'><strong>pro-</strong></span> 
     </span>
    </p>
   </div>
   <div class='ocr_carea' id='block_1_28' title="bbox 470 1295 1257 1331">
    <p class='ocr_par' dir='ltr' id='par_1_28' title="bbox 470 1295 1257 1331">
     <span class='ocr_line' id='line_1_28' title="bbox 470 1295 1257 1331; baseline -0.001 -6"><span class='ocrx_word' id='word_1_203' title='bbox 470 1296 568 1330; x_wconf 83' lang='lat' dir='ltr'><strong>fundo,</strong></span> <span class='ocrx_word' id='word_1_204' title='bbox 588 1295 636 1324; x_wconf 89' lang='lat' dir='ltr'><strong>tibi</strong></span> <span class='ocrx_word' id='word_1_205' title='bbox 651 1296 722 1324; x_wconf 91' lang='lat' dir='ltr'><strong>dabo</strong></span> <span class='ocrx_word' id='word_1_206' title='bbox 737 1295 918 1330; x_wconf 82' lang='lat' dir='ltr'><strong>medicamen,</strong></span> <span class='ocrx_word' id='word_1_207' title='bbox 940 1303 989 1331; x_wconf 86' lang='lat' dir='ltr'><strong>per</strong></span> <span class='ocrx_word' id='word_1_208' title='bbox 999 1296 1073 1331; x_wconf 89' lang='lat' dir='ltr'><strong>quod</strong></span> <span class='ocrx_word' id='word_1_209' title='bbox 1089 1303 1104 1323; x_wconf 93' lang='lat' dir='ltr'><strong>a</strong></span> <span class='ocrx_word' id='word_1_210' title='bbox 1119 1295 1174 1324; x_wconf 89' lang='lat' dir='ltr'><strong>vita</strong></span> <span class='ocrx_word' id='word_1_211' title='bbox 1196 1295 1257 1324; x_wconf 82' lang='lat' dir='ltr'><strong>sine</strong></span> 
     </span>
    </p>
   </div>
   <div class='ocr_carea' id='block_1_29' title="bbox 470 1343 702 1371">
    <p class='ocr_par' dir='ltr' id='par_1_29' title="bbox 470 1343 702 1371">
     <span class='ocr_line' id='line_1_29' title="bbox 470 1343 702 1371; baseline -0.004 0"><span class='ocrx_word' id='word_1_212' title='bbox 470 1343 563 1371; x_wconf 88' lang='lat' dir='ltr'><strong>dolore</strong></span> <span class='ocrx_word' id='word_1_213' title='bbox 576 1343 702 1371; x_wconf 89' lang='lat' dir='ltr'><strong>decedas.</strong></span> 
     </span>
    </p>
   </div>
   <div class='ocr_carea' id='block_1_30' title="bbox 507 1387 1255 1424">
    <p class='ocr_par' dir='ltr' id='par_1_30' title="bbox 507 1387 1255 1424">
     <span class='ocr_line' id='line_1_30' title="bbox 507 1387 1255 1424; baseline 0 -10"><span class='ocrx_word' id='word_1_214' title='bbox 507 1387 650 1415; x_wconf 79' lang='lat' dir='ltr'><strong>LXXXIII.</strong></span> <span class='ocrx_word' id='word_1_215' title='bbox 665 1387 698 1415; x_wconf 83' lang='lat' dir='ltr'><strong>Et</strong></span> <span class='ocrx_word' id='word_1_216' title='bbox 716 1388 825 1420; x_wconf 84' lang='lat' dir='ltr'><strong>mulier,</strong></span> <span class='ocrx_word' id='word_1_217' title='bbox 843 1395 904 1424; x_wconf 64' lang='lat' dir='ltr'><strong>qua:</strong></span> <span class='ocrx_word' id='word_1_218' title='bbox 918 1394 1072 1415; x_wconf 80' lang='lat' dir='ltr'><strong>sermonem</strong></span> <span class='ocrx_word' id='word_1_219' title='bbox 1087 1395 1142 1415; x_wconf 91' lang='lat' dir='ltr'><strong>non</strong></span> <span class='ocrx_word' id='word_1_220' title='bbox 1156 1387 1255 1416; x_wconf 88' lang='lat' dir='ltr'><strong>intelli-</strong></span> 
     </span>
    </p>
   </div>
   <div class='ocr_carea' id='block_1_31' title="bbox 471 1435 1253 1470">
    <p class='ocr_par' dir='ltr' id='par_1_31' title="bbox 471 1435 1253 1470">
     <span class='ocr_line' id='line_1_31' title="bbox 471 1435 1253 1470; baseline 0 -8"><span class='ocrx_word' id='word_1_221' title='bbox 471 1439 557 1470; x_wconf 77' lang='lat' dir='ltr'><strong>geret,</strong></span> <span class='ocrx_word' id='word_1_222' title='bbox 581 1442 700 1470; x_wconf 89' lang='lat' dir='ltr'><strong>eumque</strong></span> <span class='ocrx_word' id='word_1_223' title='bbox 723 1435 856 1463; x_wconf 76' lang='lat' dir='ltr'><strong>duntaxat</strong></span> <span class='ocrx_word' id='word_1_224' title='bbox 880 1440 961 1470; x_wconf 83' lang='lat' dir='ltr'><strong>prout</strong></span> <span class='ocrx_word' id='word_1_225' title='bbox 983 1436 1095 1470; x_wconf 79' lang='lat' dir='ltr'><strong>optabat</strong></span> <span class='ocrx_word' id='word_1_226' title='bbox 1111 1435 1253 1470; x_wconf 76' lang='lat' dir='ltr'><strong>arriperet,</strong></span> 
     </span>
    </p>
   </div>
   <div class='ocr_carea' id='block_1_32' title="bbox 471 1481 1254 1517">
    <p class='ocr_par' dir='ltr' id='par_1_32' title="bbox 471 1481 1254 1517">
     <span class='ocr_line' id='line_1_32' title="bbox 471 1481 1254 1517; baseline 0.001 -9"><span class='ocrx_word' id='word_1_227' title='bbox 471 1481 508 1509; x_wconf 91' lang='lat' dir='ltr'><strong>ita</strong></span> <span class='ocrx_word' id='word_1_228' title='bbox 523 1481 657 1509; x_wconf 88' lang='lat' dir='ltr'><strong>disserere</strong></span> <span class='ocrx_word' id='word_1_229' title='bbox 667 1481 750 1517; x_wconf 64' lang='lat' dir='ltr'><strong>coepit</strong></span> <span class='ocrx_word' id='word_1_230' title='bbox 760 1491 766 1509; x_wconf 92' lang='lat'>:</span> <span class='ocrx_word' id='word_1_231' title='bbox 777 1481 870 1509; x_wconf 85' lang='lat' dir='ltr'><strong>Genus</strong></span> <span class='ocrx_word' id='word_1_232' title='bbox 884 1481 993 1517; x_wconf 87' lang='lat' dir='ltr'><strong>quidem</strong></span> <span class='ocrx_word' id='word_1_233' title='bbox 1003 1486 1029 1509; x_wconf 90' lang='lat' dir='ltr'><strong>et</strong></span> <span class='ocrx_word' id='word_1_234' title='bbox 1037 1482 1152 1517; x_wconf 83' lang='lat' dir='ltr'><strong>patriam</strong></span> <span class='ocrx_word' id='word_1_235' title='bbox 1168 1482 1190 1510; x_wconf 89' lang='lat' dir='ltr'><strong>si</strong></span> <span class='ocrx_word' id='word_1_236' title='bbox 1206 1481 1254 1509; x_wconf 83' lang='lat' dir='ltr'><strong>tibi</strong></span> 
     </span>
    </p>
   </div>
   <div class='ocr_carea' id='block_1_33' title="bbox 471 1526 1256 1562">
    <p class='ocr_par' dir='ltr' id='par_1_33' title="bbox 471 1526 1256 1562">
     <span class='ocr_line' id='line_1_33' title="bbox 471 1526 1256 1562; baseline 0.003 -9"><span class='ocrx_word' id='word_1_237' title='bbox 471 1534 647 1560; x_wconf 83' lang='lat' dir='ltr'><strong>exponerem,</strong></span> <span class='ocrx_word' id='word_1_238' title='bbox 661 1533 715 1554; x_wconf 90' lang='lat' dir='ltr'><strong>non</strong></span> <span class='ocrx_word' id='word_1_239' title='bbox 731 1526 849 1554; x_wconf 88' lang='lat' dir='ltr'><strong>arbitror</strong></span> <span class='ocrx_word' id='word_1_240' title='bbox 859 1534 904 1554; x_wconf 90' lang='lat' dir='ltr'><strong>me</strong></span> <span class='ocrx_word' id='word_1_241' title='bbox 918 1535 1038 1562; x_wconf 79' lang='lat' dir='ltr'><strong>unquam</strong></span> <span class='ocrx_word' id='word_1_242' title='bbox 1051 1535 1132 1562; x_wconf 83' lang='lat' dir='ltr'><strong>posse</strong></span> <span class='ocrx_word' id='word_1_243' title='bbox 1146 1535 1256 1562; x_wconf 80' lang='lat' dir='ltr'><strong>persua-</strong></span> 
     </span>
    </p>
   </div>
   <div class='ocr_carea' id='block_1_34' title="bbox 1310 281 2093 320">
    <p class='ocr_par' dir='ltr' id='par_1_34' title="bbox 1310 281 2093 320">
     <span class='ocr_line' id='line_1_34' title="bbox 1310 281 2093 320; baseline -0.004 -10"><span class='ocrx_word' id='word_1_244' title='bbox 1310 282 1410 319; x_wconf 79' lang='grc' dir='ltr'>μέρους</span> <span class='ocrx_word' id='word_1_245' title='bbox 1432 281 1532 320; x_wconf 81' lang='grc' dir='ltr'>πορίζῃ</span> <span class='ocrx_word' id='word_1_246' title='bbox 1553 283 1673 319; x_wconf 80' lang='grc' dir='ltr'>τροφάς;</span> <span class='ocrx_word' id='word_1_247' title='bbox 1696 283 1728 309; x_wconf 88' lang='grc' dir='ltr'><strong>Ἡ</strong></span> <span class='ocrx_word' id='word_1_248' title='bbox 1743 281 1773 309; x_wconf 82' lang='grc' dir='ltr'>δὲ</span> <span class='ocrx_word' id='word_1_249' title='bbox 1790 281 1880 317; x_wconf 79' lang='grc' dir='ltr'>βύθιόν</span> <span class='ocrx_word' id='word_1_250' title='bbox 1900 290 1928 308; x_wconf 88' lang='grc' dir='ltr'><strong>τι</strong></span> <span class='ocrx_word' id='word_1_251' title='bbox 1953 281 2093 314; x_wconf 65' lang='grc' dir='ltr'>στενάξας]</span> 
     </span>
    </p>
   </div>
   <div class='ocr_carea' id='block_1_35' title="bbox 1309 324 2093 365">
    <p class='ocr_par' dir='ltr' id='par_1_35' title="bbox 1309 324 2093 365">
     <span class='ocr_line' id='line_1_35' title="bbox 1309 324 2093 365; baseline -0.003 -10"><span class='ocrx_word' id='word_1_252' title='bbox 1309 329 1356 355; x_wconf 77' lang='grc' dir='ltr'><strong>καὶ</strong></span> <span class='ocrx_word' id='word_1_253' title='bbox 1371 328 1531 364; x_wconf 65' lang='grc' dir='ltr'>περιπαθὲς,</span> <span class='ocrx_word' id='word_1_254' title='bbox 1549 329 1727 365; x_wconf 80' lang='grc' dir='ltr'>ἀπεκρίνατο·</span> <span class='ocrx_word' id='word_1_255' title='bbox 1749 327 1804 355; x_wconf 81' lang='grc' dir='ltr'>εἴθε</span> <span class='ocrx_word' id='word_1_256' title='bbox 1822 327 1877 363; x_wconf 86' lang='grc' dir='ltr'>γὰρ</span> <span class='ocrx_word' id='word_1_257' title='bbox 1894 324 1966 362; x_wconf 80' lang='grc' dir='ltr'>ἦσάν</span> <span class='ocrx_word' id='word_1_258' title='bbox 1985 336 2030 362; x_wconf 83' lang='grc' dir='ltr'><strong>μοι</strong></span> <span class='ocrx_word' id='word_1_259' title='bbox 2045 329 2093 362; x_wconf 78' lang='grc' dir='ltr'>χεῖ-</span> 
     </span>
    </p>
   </div>
   <div class='ocr_carea' id='block_1_36' title="bbox 1310 373 2093 411">
    <p class='ocr_par' dir='ltr' id='par_1_36' title="bbox 1310 373 2093 411">
     <span class='ocr_line' id='line_1_36' title="bbox 1310 373 2093 411; baseline -0.004 -9"><span class='ocrx_word' id='word_1_260' title='bbox 1310 383 1357 410; x_wconf 83' lang='grc' dir='ltr'><strong>ρες</strong></span> <span class='ocrx_word' id='word_1_261' title='bbox 1382 374 1528 411; x_wconf 73' lang='grc' dir='ltr'><strong>ὑπουργεῖν</strong></span> <span class='ocrx_word' id='word_1_262' title='bbox 1551 374 1621 407; x_wconf 78' lang='grc' dir='ltr'>ὅλως</span> <span class='ocrx_word' id='word_1_263' title='bbox 1645 374 1809 410; x_wconf 79' lang='grc' dir='ltr'>δυνάμεναι’</span> <span class='ocrx_word' id='word_1_264' title='bbox 1830 373 1878 401; x_wconf 85' lang='grc' dir='ltr'><strong>νῦν</strong></span> <span class='ocrx_word' id='word_1_265' title='bbox 1893 373 1923 400; x_wconf 77' lang='grc' dir='ltr'><strong>δέ</strong></span> <span class='ocrx_word' id='word_1_266' title='bbox 1943 381 1990 408; x_wconf 87' lang='grc' dir='ltr'><strong>μοι</strong></span> <span class='ocrx_word' id='word_1_267' title='bbox 2010 373 2093 408; x_wconf 73' lang='grc' dir='ltr'>σχῆμα</span> 
     </span>
    </p>
   </div>
   <div class='ocr_carea' id='block_1_37' title="bbox 1311 415 2093 456">
    <p class='ocr_par' dir='ltr' id='par_1_37' title="bbox 1311 415 2093 456">
     <span class='ocr_line' id='line_1_37' title="bbox 1311 415 2093 456; baseline -0.004 -9"><span class='ocrx_word' id='word_1_268' title='bbox 1311 419 1391 455; x_wconf 73' lang='grc' dir='ltr'>μόνον</span> <span class='ocrx_word' id='word_1_269' title='bbox 1407 419 1507 456; x_wconf 83' lang='grc' dir='ltr'>χειρῶν</span> <span class='ocrx_word' id='word_1_270' title='bbox 1520 419 1711 453; x_wconf 77' lang='grc' dir='ltr'>ἀποσώζουσι,</span> <span class='ocrx_word' id='word_1_271' title='bbox 1729 419 1825 456; x_wconf 79' lang='grc' dir='ltr'>νεκραὶ</span> <span class='ocrx_word' id='word_1_272' title='bbox 1840 419 1886 446; x_wconf 75' lang='grc' dir='ltr'><strong>καὶ</strong></span> <span class='ocrx_word' id='word_1_273' title='bbox 1902 415 1986 446; x_wconf 75' lang='grc' dir='ltr'>αὗται</span> <span class='ocrx_word' id='word_1_274' title='bbox 2002 419 2093 453; x_wconf 83' lang='grc' dir='ltr'>τυγχά-</span> 
     </span>
    </p>
   </div>
   <div class='ocr_carea' id='block_1_38' title="bbox 1309 465 2093 502">
    <p class='ocr_par' dir='ltr' id='par_1_38' title="bbox 1309 465 2093 502">
     <span class='ocr_line' id='line_1_38' title="bbox 1309 465 2093 502; baseline -0.001 -10"><span class='ocrx_word' id='word_1_275' title='bbox 1309 473 1412 493; x_wconf 86' lang='grc' dir='ltr'>νουσαι.</span> <span class='ocrx_word' id='word_1_276' title='bbox 1429 465 1484 493; x_wconf 75' lang='grc' dir='ltr'><strong>Καὶ</strong></span> <span class='ocrx_word' id='word_1_277' title='bbox 1499 466 1514 492; x_wconf 81' lang='grc' dir='ltr'><strong><em>ὸ</em></strong></span> <span class='ocrx_word' id='word_1_278' title='bbox 1530 466 1643 502; x_wconf 79' lang='grc' dir='ltr'>Πέτρος,</span> <span class='ocrx_word' id='word_1_279' title='bbox 1661 466 1709 498; x_wconf 85' lang='grc' dir='ltr'>Τίς</span> <span class='ocrx_word' id='word_1_280' title='bbox 1725 465 1754 493; x_wconf 82' lang='grc' dir='ltr'>δὲ</span> <span class='ocrx_word' id='word_1_281' title='bbox 1768 467 1785 502; x_wconf 83' lang='grc' dir='ltr'><strong>ἡ</strong></span> <span class='ocrx_word' id='word_1_282' title='bbox 1807 466 1891 497; x_wconf 77' lang='grc' dir='ltr'>αἰτία,</span> <span class='ocrx_word' id='word_1_283' title='bbox 1910 466 2005 502; x_wconf 55' lang='lat' dir='ltr'><strong>lips-ro,</strong></span> <span class='ocrx_word' id='word_1_284' title='bbox 2025 465 2093 492; x_wconf 73' lang='grc' dir='ltr'>τοῦτέ</span> 
     </span>
    </p>
   </div>
   <div class='ocr_carea' id='block_1_39' title="bbox 1310 511 2093 548">
    <p class='ocr_par' dir='ltr' id='par_1_39' title="bbox 1310 511 2093 548">
     <span class='ocr_line' id='line_1_39' title="bbox 1310 511 2093 548; baseline 0 -10"><span class='ocrx_word' id='word_1_285' title='bbox 1310 520 1341 538; x_wconf 80' lang='grc' dir='ltr'><strong>σε</strong></span> <span class='ocrx_word' id='word_1_286' title='bbox 1362 511 1393 538; x_wconf 78' lang='grc' dir='ltr'>τὸ</span> <span class='ocrx_word' id='word_1_287' title='bbox 1409 511 1599 547; x_wconf 68' lang='grc' dir='ltr'>χαλεπώτατον</span> <span class='ocrx_word' id='word_1_288' title='bbox 1615 511 1793 545; x_wconf 75' lang='grc' dir='ltr'>πεπονθέναις</span> <span class='ocrx_word' id='word_1_289' title='bbox 1817 511 1849 540; x_wconf 80' lang='grc' dir='ltr'><strong>Ἦ</strong></span> <span class='ocrx_word' id='word_1_290' title='bbox 1865 511 1894 538; x_wconf 65' lang='grc' dir='ltr'><strong>δὲ</strong></span> <span class='ocrx_word' id='word_1_291' title='bbox 1911 512 1982 548; x_wconf 80' lang='grc' dir='ltr'>πρὸς</span> <span class='ocrx_word' id='word_1_292' title='bbox 2002 513 2093 539; x_wconf 72' lang='grc' dir='ltr'>αὐτόν·</span> 
     </span>
    </p>
   </div>
   <div class='ocr_carea' id='block_1_40' title="bbox 1309 558 2093 596">
    <p class='ocr_par' dir='ltr' id='par_1_40' title="bbox 1309 558 2093 596">
     <span class='ocr_line' id='line_1_40' title="bbox 1309 558 2093 596; baseline 0.001 -11"><span class='ocrx_word' id='word_1_293' title='bbox 1309 559 1407 594; x_wconf 74' lang='grc' dir='ltr'>Ψυχῆς</span> <span class='ocrx_word' id='word_1_294' title='bbox 1428 559 1570 592; x_wconf 81' lang='grc' dir='ltr'>ἀσθένεια,</span> <span class='ocrx_word' id='word_1_295' title='bbox 1588 559 1636 586; x_wconf 77' lang='grc' dir='ltr'><strong>καὶ</strong></span> <span class='ocrx_word' id='word_1_296' title='bbox 1653 559 1733 586; x_wconf 82' lang='grc' dir='ltr'>πλέον</span> <span class='ocrx_word' id='word_1_297' title='bbox 1749 558 1835 586; x_wconf 81' lang='grc' dir='ltr'>οὐδέν.</span> <span class='ocrx_word' id='word_1_298' title='bbox 1856 559 1888 586; x_wconf 78' lang='lat' dir='ltr'><strong>El</strong></span> <span class='ocrx_word' id='word_1_299' title='bbox 1908 559 1964 596; x_wconf 78' lang='grc' dir='ltr'><strong>γὰρ</strong></span> <span class='ocrx_word' id='word_1_300' title='bbox 1980 559 2093 595; x_wconf 66' lang='grc' dir='ltr'>ἀνδρεῖον</span> 
     </span>
    </p>
   </div>
   <div class='ocr_carea' id='block_1_41' title="bbox 1309 601 2093 641">
    <p class='ocr_par' dir='ltr' id='par_1_41' title="bbox 1309 601 2093 641">
     <span class='ocr_line' id='line_1_41' title="bbox 1309 601 2093 641; baseline 0 -10"><span class='ocrx_word' id='word_1_301' title='bbox 1309 601 1382 640; x_wconf 75' lang='grc' dir='ltr'>εἶχον</span> <span class='ocrx_word' id='word_1_302' title='bbox 1405 605 1541 641; x_wconf 81' lang='grc' dir='ltr'>φρόνημα,</span> <span class='ocrx_word' id='word_1_303' title='bbox 1549 603 1583 641; x_wconf 80' lang='grc' dir='ltr'>ἦν</span> <span class='ocrx_word' id='word_1_304' title='bbox 1599 604 1731 641; x_wconf 80' lang='grc' dir='ltr'>κρημνὸς,</span> <span class='ocrx_word' id='word_1_305' title='bbox 1747 604 1764 640; x_wconf 84' lang='grc' dir='ltr'>ἢ</span> <span class='ocrx_word' id='word_1_306' title='bbox 1782 604 1871 639; x_wconf 78' lang='grc' dir='ltr'>βυθὸς,</span> <span class='ocrx_word' id='word_1_307' title='bbox 1894 604 1957 631; x_wconf 83' lang='grc' dir='ltr'>ὃθεν</span> <span class='ocrx_word' id='word_1_308' title='bbox 1981 605 2093 640; x_wconf 66' lang='grc' dir='ltr'>ἐμαυτὴν</span> 
     </span>
    </p>
   </div>
   <div class='ocr_carea' id='block_1_42' title="bbox 1311 649 2093 686">
    <p class='ocr_par' dir='ltr' id='par_1_42' title="bbox 1311 649 2093 686">
     <span class='ocr_line' id='line_1_42' title="bbox 1311 649 2093 686; baseline -0.001 -9"><span class='ocrx_word' id='word_1_309' title='bbox 1311 651 1431 686; x_wconf 76' lang='grc' dir='ltr'>ῥίψασα,</span> <span class='ocrx_word' id='word_1_310' title='bbox 1456 650 1512 678; x_wconf 85' lang='grc' dir='ltr'>τῶν</span> <span class='ocrx_word' id='word_1_311' title='bbox 1535 650 1690 678; x_wconf 78' lang='grc' dir='ltr'>ὀδυνώντων</span> <span class='ocrx_word' id='word_1_312' title='bbox 1719 659 1753 686; x_wconf 86' lang='grc' dir='ltr'><strong>με</strong></span> <span class='ocrx_word' id='word_1_313' title='bbox 1779 649 1933 677; x_wconf 83' lang='grc' dir='ltr'>παύσασῦαι</span> <span class='ocrx_word' id='word_1_314' title='bbox 1959 650 2093 686; x_wconf 62' lang='grc' dir='ltr'>ἠδυνάμην</span> 
     </span>
    </p>
   </div>
   <div class='ocr_carea' id='block_1_43' title="bbox 1310 705 1415 725">
    <p class='ocr_par' dir='ltr' id='par_1_43' title="bbox 1310 705 1415 725">
     <span class='ocr_line' id='line_1_43' title="bbox 1310 705 1415 725; baseline 0.01 -2"><span class='ocrx_word' id='word_1_315' title='bbox 1310 705 1404 724; x_wconf 78' lang='grc' dir='ltr'>κακων</span> <span class='ocrx_word' id='word_1_316' title='bbox 1408 717 1415 725; x_wconf 83' lang='grc'><strong>,</strong></span> 
     </span>
    </p>
   </div>
   <div class='ocr_carea' id='block_1_44' title="bbox 1359 750 2093 789">
    <p class='ocr_par' dir='ltr' id='par_1_44' title="bbox 1359 750 2093 789">
     <span class='ocr_line' id='line_1_44' title="bbox 1359 750 2093 789; baseline 0 -9"><span class='ocrx_word' id='word_1_317' title='bbox 1359 752 1487 780; x_wconf 78' lang='lat' dir='ltr'><strong>LXXXII.</strong></span> <span class='ocrx_word' id='word_1_318' title='bbox 1503 754 1558 780; x_wconf 79' lang='grc' dir='ltr'>Καὶ</span> <span class='ocrx_word' id='word_1_319' title='bbox 1573 753 1588 780; x_wconf 81' lang='grc' dir='ltr'><strong>ό</strong></span> <span class='ocrx_word' id='word_1_320' title='bbox 1604 753 1707 789; x_wconf 80' lang='grc' dir='ltr'><strong>Πέτρος</strong></span> <span class='ocrx_word' id='word_1_321' title='bbox 1717 752 1783 789; x_wconf 70' lang='grc' dir='ltr'>ἔφη·</span> <span class='ocrx_word' id='word_1_322' title='bbox 1802 753 1834 780; x_wconf 87' lang='grc' dir='ltr'>Τί</span> <span class='ocrx_word' id='word_1_323' title='bbox 1849 750 1914 786; x_wconf 76' lang='grc' dir='ltr'>οῦν;</span> <span class='ocrx_word' id='word_1_324' title='bbox 1930 754 1996 786; x_wconf 66' lang='lat' dir='ltr'><strong>om,</strong></span> <span class='ocrx_word' id='word_1_325' title='bbox 2011 754 2093 788; x_wconf 70' lang='grc' dir='ltr'>γύναι,</span> 
     </span>
    </p>
   </div>
   <div class='ocr_carea' id='block_1_45' title="bbox 1309 797 2093 833">
    <p class='ocr_par' dir='ltr' id='par_1_45' title="bbox 1309 797 2093 833">
     <span class='ocr_line' id='line_1_45' title="bbox 1309 797 2093 833; baseline 0 -9"><span class='ocrx_word' id='word_1_326' title='bbox 1309 797 1350 825; x_wconf 78' lang='grc' dir='ltr'><strong>δτι</strong></span> <span class='ocrx_word' id='word_1_327' title='bbox 1370 798 1470 830; x_wconf 84' lang='grc' dir='ltr'>πάντες</span> <span class='ocrx_word' id='word_1_328' title='bbox 1488 798 1513 824; x_wconf 76' lang='grc' dir='ltr'>οἱ</span> <span class='ocrx_word' id='word_1_329' title='bbox 1530 797 1704 833; x_wconf 83' lang='grc' dir='ltr'><strong>ἀναιροῦντες</strong></span> <span class='ocrx_word' id='word_1_330' title='bbox 1721 798 1832 830; x_wconf 79' lang='grc' dir='ltr'>ἑαυτοὺς</span> <span class='ocrx_word' id='word_1_331' title='bbox 1855 797 1996 830; x_wconf 74' lang='grc' dir='ltr'><strong>κολάσεως</strong></span> <span class='ocrx_word' id='word_1_332' title='bbox 2015 799 2093 825; x_wconf 77' lang='grc' dir='ltr'>ἀπαλ-</span> 
     </span>
    </p>
   </div>
   <div class='ocr_carea' id='block_1_46' title="bbox 1309 842 2093 879">
    <p class='ocr_par' dir='ltr' id='par_1_46' title="bbox 1309 842 2093 879">
     <span class='ocr_line' id='line_1_46' title="bbox 1309 842 2093 879; baseline 0 -9"><span class='ocrx_word' id='word_1_333' title='bbox 1309 842 1464 875; x_wconf 85' lang='grc' dir='ltr'>λάσσονται,</span> <span class='ocrx_word' id='word_1_334' title='bbox 1480 843 1497 878; x_wconf 86' lang='grc' dir='ltr'>ἢ</span> <span class='ocrx_word' id='word_1_335' title='bbox 1507 843 1530 859; x_wconf 70' lang='grc' dir='ltr'>δ’</span> <span class='ocrx_word' id='word_1_336' title='bbox 1546 843 1583 878; x_wconf 86' lang='grc' dir='ltr'>μὴ</span> <span class='ocrx_word' id='word_1_337' title='bbox 1599 843 1632 878; x_wconf 82' lang='grc' dir='ltr'>τῇ</span> <span class='ocrx_word' id='word_1_338' title='bbox 1649 842 1752 878; x_wconf 80' lang='grc' dir='ltr'><strong>χείρονι</strong></span> <span class='ocrx_word' id='word_1_339' title='bbox 1766 843 1874 870; x_wconf 83' lang='grc' dir='ltr'><strong>κολάσει</strong></span> <span class='ocrx_word' id='word_1_340' title='bbox 1890 843 1921 870; x_wconf 70' lang='grc' dir='ltr'>ἒν</span> <span class='ocrx_word' id='word_1_341' title='bbox 1935 843 2003 879; x_wconf 70' lang='grc' dir='ltr'>ᾅδου</span> <span class='ocrx_word' id='word_1_342' title='bbox 2013 844 2093 870; x_wconf 70' lang='grc' dir='ltr'>αἰτῶν</span> 
     </span>
    </p>
   </div>
   <div class='ocr_carea' id='block_1_47' title="bbox 1310 887 2093 925">
    <p class='ocr_par' dir='ltr' id='par_1_47' title="bbox 1310 887 2093 925">
     <span class='ocr_line' id='line_1_47' title="bbox 1310 887 2093 925; baseline 0.003 -11"><span class='ocrx_word' id='word_1_343' title='bbox 1310 887 1396 920; x_wconf 66' lang='grc' dir='ltr'>οὔτως</span> <span class='ocrx_word' id='word_1_344' title='bbox 1418 887 1587 924; x_wconf 74' lang='grc' dir='ltr'>θνησκόντων</span> <span class='ocrx_word' id='word_1_345' title='bbox 1602 888 1688 924; x_wconf 79' lang='grc' dir='ltr'>ψυχαὶ</span> <span class='ocrx_word' id='word_1_346' title='bbox 1706 888 1756 923; x_wconf 87' lang='grc' dir='ltr'>τῆς</span> <span class='ocrx_word' id='word_1_347' title='bbox 1768 888 1944 921; x_wconf 70' lang='grc' dir='ltr'>αὑτοιιτανίας</span> <span class='ocrx_word' id='word_1_348' title='bbox 1961 889 2043 925; x_wconf 82' lang='grc' dir='ltr'><strong>χάριν</strong></span> <span class='ocrx_word' id='word_1_349' title='bbox 2056 898 2093 916; x_wconf 72' lang='grc' dir='ltr'><strong>κο-</strong></span> 
     </span>
    </p>
   </div>
   <div class='ocr_carea' id='block_1_48' title="bbox 1309 933 2093 970">
    <p class='ocr_par' dir='ltr' id='par_1_48' title="bbox 1309 933 2093 970">
     <span class='ocr_line' id='line_1_48' title="bbox 1309 933 2093 970; baseline 0.005 -11"><span class='ocrx_word' id='word_1_350' title='bbox 1309 933 1452 967; x_wconf 76' lang='grc' dir='ltr'>λάζονται;</span> <span class='ocrx_word' id='word_1_351' title='bbox 1473 934 1505 960; x_wconf 86' lang='grc' dir='ltr'><strong><em>Ἦ</em></strong></span> <span class='ocrx_word' id='word_1_352' title='bbox 1522 933 1569 966; x_wconf 79' lang='grc' dir='ltr'><strong>δέ,</strong></span> <span class='ocrx_word' id='word_1_353' title='bbox 1588 934 1652 960; x_wconf 69' lang='lat' dir='ltr'><strong>Em:</strong></span> <span class='ocrx_word' id='word_1_354' title='bbox 1670 933 1851 970; x_wconf 74' lang='grc' dir='ltr'>ἐπεπείσμην,</span> <span class='ocrx_word' id='word_1_355' title='bbox 1874 935 1938 970; x_wconf 67' lang='grc' dir='ltr'>ἔφη,</span> <span class='ocrx_word' id='word_1_356' title='bbox 1957 936 2000 962; x_wconf 81' lang='grc' dir='ltr'>ὅτι</span> <span class='ocrx_word' id='word_1_357' title='bbox 2019 937 2093 968; x_wconf 78' lang='grc' dir='ltr'>ὃντως</span> 
     </span>
    </p>
   </div>
   <div class='ocr_carea' id='block_1_49' title="bbox 1309 979 2092 1016">
    <p class='ocr_par' dir='ltr' id='par_1_49' title="bbox 1309 979 2092 1016">
     <span class='ocr_line' id='line_1_49' title="bbox 1309 979 2092 1016; baseline 0.001 -10"><span class='ocrx_word' id='word_1_358' title='bbox 1309 979 1338 1006; x_wconf 77' lang='grc' dir='ltr'>ὲν</span> <span class='ocrx_word' id='word_1_359' title='bbox 1354 979 1418 1015; x_wconf 67' lang='grc' dir='ltr'>ᾅδου</span> <span class='ocrx_word' id='word_1_360' title='bbox 1434 979 1458 996; x_wconf 76' lang='grc'><strong>⁸³</strong></span> <span class='ocrx_word' id='word_1_361' title='bbox 1471 979 1557 1015; x_wconf 69' lang='grc' dir='ltr'>ψυχαὶ</span> <span class='ocrx_word' id='word_1_362' title='bbox 1567 979 1740 1016; x_wconf 79' lang='grc' dir='ltr'>εὑρίσκονται</span> <span class='ocrx_word' id='word_1_363' title='bbox 1759 979 1845 1013; x_wconf 79' lang='grc' dir='ltr'>ζῶσαι</span> <span class='ocrx_word' id='word_1_364' title='bbox 1854 988 1861 996; x_wconf 79' lang='grc'><strong><em>⁸</em></strong></span> <span class='ocrx_word' id='word_1_365' title='bbox 1877 981 1925 1008; x_wconf 75' lang='grc' dir='ltr'><strong>καὶ</strong></span> <span class='ocrx_word' id='word_1_366' title='bbox 1938 982 2056 1016; x_wconf 77' lang='grc' dir='ltr'><strong>ἠγάπων</strong></span> <span class='ocrx_word' id='word_1_367' title='bbox 2066 983 2092 1008; x_wconf 73' lang='grc' dir='ltr'>ἐν</span> 
     </span>
    </p>
   </div>
   <div class='ocr_carea' id='block_1_50' title="bbox 1308 1024 2091 1061">
    <p class='ocr_par' dir='ltr' id='par_1_50' title="bbox 1308 1024 2091 1061">
     <span class='ocr_line' id='line_1_50' title="bbox 1308 1024 2091 1061; baseline 0.004 -10"><span class='ocrx_word' id='word_1_368' title='bbox 1308 1025 1374 1061; x_wconf 74' lang='grc' dir='ltr'>παρ’</span> <span class='ocrx_word' id='word_1_369' title='bbox 1388 1024 1464 1052; x_wconf 66' lang='grc' dir='ltr'>οὐδὲν</span> <span class='ocrx_word' id='word_1_370' title='bbox 1480 1024 1505 1042; x_wconf 65' lang='grc'><strong>⁸⁸</strong></span> <span class='ocrx_word' id='word_1_371' title='bbox 1520 1025 1620 1061; x_wconf 79' lang='grc' dir='ltr'>θεμένη</span> <span class='ocrx_word' id='word_1_372' title='bbox 1634 1026 1684 1061; x_wconf 82' lang='grc' dir='ltr'>τὴν</span> <span class='ocrx_word' id='word_1_373' title='bbox 1696 1025 1841 1061; x_wconf 75' lang='grc' dir='ltr'>τιμωρίαν,</span> <span class='ocrx_word' id='word_1_374' title='bbox 1855 1026 2015 1060; x_wconf 78' lang='grc' dir='ltr'>ἀποθανεῖν,</span> <span class='ocrx_word' id='word_1_375' title='bbox 2031 1028 2091 1054; x_wconf 81' lang='grc' dir='ltr'>ὥστε</span> 
     </span>
    </p>
   </div>
   <div class='ocr_carea' id='block_1_51' title="bbox 1307 1069 2092 1108">
    <p class='ocr_par' dir='ltr' id='par_1_51' title="bbox 1307 1069 2092 1108">
     <span class='ocr_line' id='line_1_51' title="bbox 1307 1069 2092 1108; baseline 0.004 -12"><span class='ocrx_word' id='word_1_376' title='bbox 1307 1069 1371 1101; x_wconf 84' lang='grc' dir='ltr'>τοὺς</span> <span class='ocrx_word' id='word_1_377' title='bbox 1384 1070 1446 1106; x_wconf 77' lang='grc' dir='ltr'>ἐμοὶ</span> <span class='ocrx_word' id='word_1_378' title='bbox 1458 1070 1657 1107; x_wconf 77' lang='grc' dir='ltr'>περιποθήτους</span> <span class='ocrx_word' id='word_1_379' title='bbox 1670 1070 1818 1098; x_wconf 84' lang='grc' dir='ltr'>θεάσασθαι</span> <span class='ocrx_word' id='word_1_380' title='bbox 1830 1071 1882 1098; x_wconf 78' lang='grc' dir='ltr'>κᾶν</span> <span class='ocrx_word' id='word_1_381' title='bbox 1904 1071 2004 1108; x_wconf 76' lang='grc' dir='ltr'>βραχύ.</span> <span class='ocrx_word' id='word_1_382' title='bbox 2023 1074 2092 1100; x_wconf 78' lang='grc' dir='ltr'><strong>Καὶὸ</strong></span> 
     </span>
    </p>
   </div>
   <div class='ocr_carea' id='block_1_52' title="bbox 1307 1115 2091 1153">
    <p class='ocr_par' dir='ltr' id='par_1_52' title="bbox 1307 1115 2091 1153">
     <span class='ocr_line' id='line_1_52' title="bbox 1307 1115 2091 1153; baseline 0.004 -11"><span class='ocrx_word' id='word_1_383' title='bbox 1307 1115 1411 1152; x_wconf 70' lang='grc' dir='ltr'>Πέτρος</span> <span class='ocrx_word' id='word_1_384' title='bbox 1434 1116 1503 1152; x_wconf 81' lang='grc' dir='ltr'>πρὸς</span> <span class='ocrx_word' id='word_1_385' title='bbox 1518 1116 1615 1143; x_wconf 86' lang='grc' dir='ltr'>ταῦτα·</span> <span class='ocrx_word' id='word_1_386' title='bbox 1633 1117 1688 1143; x_wconf 75' lang='grc' dir='ltr'><strong>Καὶ</strong></span> <span class='ocrx_word' id='word_1_387' title='bbox 1702 1117 1729 1144; x_wconf 88' lang='grc' dir='ltr'><strong>τί</strong></span> <span class='ocrx_word' id='word_1_388' title='bbox 1742 1118 1795 1153; x_wconf 75' lang='grc' dir='ltr'>ἄρα</span> <span class='ocrx_word' id='word_1_389' title='bbox 1812 1117 1870 1143; x_wconf 76' lang='grc' dir='ltr'>ἐστὶ</span> <span class='ocrx_word' id='word_1_390' title='bbox 1885 1117 1917 1144; x_wconf 80' lang='grc' dir='ltr'>τὸ</span> <span class='ocrx_word' id='word_1_391' title='bbox 1932 1117 2036 1145; x_wconf 81' lang='grc' dir='ltr'>λυποῦν</span> <span class='ocrx_word' id='word_1_392' title='bbox 2051 1128 2091 1151; x_wconf 69' lang='lat' dir='ltr'><strong>UE;</strong></span> 
     </span>
    </p>
   </div>
   <div class='ocr_carea' id='block_1_53' title="bbox 1306 1161 2090 1199">
    <p class='ocr_par' dir='ltr' id='par_1_53' title="bbox 1306 1161 2090 1199">
     <span class='ocr_line' id='line_1_53' title="bbox 1306 1161 2090 1199; baseline 0.004 -11"><span class='ocrx_word' id='word_1_393' title='bbox 1306 1161 1382 1197; x_wconf 82' lang='grc' dir='ltr'>Διψῶ</span> <span class='ocrx_word' id='word_1_394' title='bbox 1398 1161 1452 1198; x_wconf 84' lang='grc' dir='ltr'><strong>γὰρ</strong></span> <span class='ocrx_word' id='word_1_395' title='bbox 1468 1162 1492 1178; x_wconf 70' lang='grc'><strong>⁸⁸</strong></span> <span class='ocrx_word' id='word_1_396' title='bbox 1509 1162 1614 1198; x_wconf 83' lang='grc' dir='ltr'>μαθεῖν.</span> <span class='ocrx_word' id='word_1_397' title='bbox 1634 1163 1689 1190; x_wconf 80' lang='grc' dir='ltr'>Καὶ</span> <span class='ocrx_word' id='word_1_398' title='bbox 1705 1162 1733 1189; x_wconf 78' lang='grc' dir='ltr'>ετ</span> <span class='ocrx_word' id='word_1_399' title='bbox 1745 1171 1779 1199; x_wconf 85' lang='grc' dir='ltr'><strong>με</strong></span> <span class='ocrx_word' id='word_1_400' title='bbox 1796 1163 1924 1196; x_wconf 76' lang='grc' dir='ltr'>διδάξεις,</span> <span class='ocrx_word' id='word_1_401' title='bbox 1939 1164 2044 1197; x_wconf 62' lang='lat' dir='ltr'><strong>uiuat;</strong></span> <span class='ocrx_word' id='word_1_402' title='bbox 2057 1173 2090 1191; x_wconf 78' lang='grc' dir='ltr'><strong>σοι</strong></span> 
     </span>
    </p>
   </div>
   <div class='ocr_carea' id='block_1_54' title="bbox 1307 1207 2090 1245">
    <p class='ocr_par' dir='ltr' id='par_1_54' title="bbox 1307 1207 2090 1245">
     <span class='ocr_line' id='line_1_54' title="bbox 1307 1207 2090 1245; baseline 0.004 -11"><span class='ocrx_word' id='word_1_403' title='bbox 1307 1207 1419 1244; x_wconf 76' lang='grc' dir='ltr'>παρέξω</span> <span class='ocrx_word' id='word_1_404' title='bbox 1443 1207 1565 1242; x_wconf 78' lang='grc' dir='ltr'>βεδαίας,</span> <span class='ocrx_word' id='word_1_405' title='bbox 1587 1208 1630 1235; x_wconf 77' lang='grc' dir='ltr'>ὅτι</span> <span class='ocrx_word' id='word_1_406' title='bbox 1646 1209 1675 1235; x_wconf 73' lang='grc' dir='ltr'>ὲν</span> <span class='ocrx_word' id='word_1_407' title='bbox 1695 1208 1760 1244; x_wconf 63' lang='grc' dir='ltr'>ᾅδου</span> <span class='ocrx_word' id='word_1_408' title='bbox 1777 1209 1859 1242; x_wconf 78' lang='grc' dir='ltr'>ζῶσιν</span> <span class='ocrx_word' id='word_1_409' title='bbox 1879 1211 1910 1236; x_wconf 84' lang='grc' dir='ltr'>αἰ</span> <span class='ocrx_word' id='word_1_410' title='bbox 1930 1210 2027 1245; x_wconf 70' lang='grc' dir='ltr'><strong>ψυχαὶ,</strong></span> <span class='ocrx_word' id='word_1_411' title='bbox 2051 1211 2090 1237; x_wconf 76' lang='grc' dir='ltr'><strong>καὶ</strong></span> 
     </span>
    </p>
   </div>
   <div class='ocr_carea' id='block_1_55' title="bbox 1305 1253 2089 1292">
    <p class='ocr_par' dir='ltr' id='par_1_55' title="bbox 1305 1253 2089 1292">
     <span class='ocr_line' id='line_1_55' title="bbox 1305 1253 2089 1292; baseline 0.004 -12"><span class='ocrx_word' id='word_1_412' title='bbox 1305 1253 1366 1281; x_wconf 73' lang='grc' dir='ltr'>ἀντὶ</span> <span class='ocrx_word' id='word_1_413' title='bbox 1385 1253 1508 1289; x_wconf 80' lang='grc' dir='ltr'>κρημνοῦ</span> <span class='ocrx_word' id='word_1_414' title='bbox 1530 1253 1546 1289; x_wconf 76' lang='grc' dir='ltr'>ἢ</span> <span class='ocrx_word' id='word_1_415' title='bbox 1565 1253 1657 1289; x_wconf 87' lang='grc' dir='ltr'>βυθοῦ,</span> <span class='ocrx_word' id='word_1_416' title='bbox 1678 1254 1765 1290; x_wconf 77' lang='grc' dir='ltr'>ὀρέξω</span> <span class='ocrx_word' id='word_1_417' title='bbox 1782 1264 1823 1282; x_wconf 81' lang='grc' dir='ltr'><strong>σοι</strong></span> <span class='ocrx_word' id='word_1_418' title='bbox 1841 1255 2002 1292; x_wconf 78' lang='grc' dir='ltr'>φάρμακον,</span> <span class='ocrx_word' id='word_1_419' title='bbox 2020 1257 2052 1283; x_wconf 77' lang='grc' dir='ltr'><strong>δι’</strong></span> <span class='ocrx_word' id='word_1_420' title='bbox 2064 1255 2089 1284; x_wconf 72' lang='grc' dir='ltr'>οὗ</span> 
     </span>
    </p>
   </div>
   <div class='ocr_carea' id='block_1_56' title="bbox 1305 1299 1768 1338">
    <p class='ocr_par' dir='ltr' id='par_1_56' title="bbox 1305 1299 1768 1338">
     <span class='ocr_line' id='line_1_56' title="bbox 1305 1299 1768 1338; baseline 0.006 -12"><span class='ocrx_word' id='word_1_421' title='bbox 1305 1299 1352 1327; x_wconf 88' lang='grc' dir='ltr'><strong>τοῦ</strong></span> <span class='ocrx_word' id='word_1_422' title='bbox 1363 1299 1413 1336; x_wconf 75' lang='grc' dir='ltr'><strong>ζῇν</strong></span> <span class='ocrx_word' id='word_1_423' title='bbox 1421 1299 1562 1332; x_wconf 73' lang='grc' dir='ltr'>ἀνωδύνως</span> <span class='ocrx_word' id='word_1_424' title='bbox 1577 1300 1720 1336; x_wconf 82' lang='grc' dir='ltr'>ἀπαλλαγή</span> <span class='ocrx_word' id='word_1_425' title='bbox 1725 1309 1768 1338; x_wconf 72' lang='grc' dir='ltr'>σῃ.</span> 
     </span>
    </p>
   </div>
   <div class='ocr_carea' id='block_1_57' title="bbox 1338 1387 2091 1425">
    <p class='ocr_par' dir='ltr' id='par_1_57' title="bbox 1338 1387 2091 1425">
     <span class='ocr_line' id='line_1_57' title="bbox 1338 1387 2091 1425; baseline -0.001 -9"><span class='ocrx_word' id='word_1_426' title='bbox 1338 1387 1484 1416; x_wconf 74' lang='lat' dir='ltr'><strong>LXXXIII.</strong></span> <span class='ocrx_word' id='word_1_427' title='bbox 1502 1389 1557 1415; x_wconf 81' lang='lat' dir='ltr'><strong>Kal.</strong></span> <span class='ocrx_word' id='word_1_428' title='bbox 1572 1388 1590 1424; x_wconf 77' lang='grc' dir='ltr'><strong>ἡ</strong></span> <span class='ocrx_word' id='word_1_429' title='bbox 1604 1389 1672 1424; x_wconf 80' lang='grc' dir='ltr'>γυνὴ</span> <span class='ocrx_word' id='word_1_430' title='bbox 1686 1389 1716 1416; x_wconf 77' lang='grc' dir='ltr'>τὸ</span> <span class='ocrx_word' id='word_1_431' title='bbox 1729 1388 1812 1425; x_wconf 78' lang='grc' dir='ltr'>ῥηθὲν</span> <span class='ocrx_word' id='word_1_432' title='bbox 1827 1389 1859 1416; x_wconf 85' lang='grc' dir='ltr'>οὑ</span> <span class='ocrx_word' id='word_1_433' title='bbox 1875 1389 1998 1421; x_wconf 75' lang='grc' dir='ltr'>συνεῖσα,</span> <span class='ocrx_word' id='word_1_434' title='bbox 2015 1389 2091 1424; x_wconf 75' lang='grc' dir='ltr'>ἡδέως</span> 
     </span>
    </p>
   </div>
   <div class='ocr_carea' id='block_1_58' title="bbox 1305 1435 2088 1471">
    <p class='ocr_par' dir='ltr' id='par_1_58' title="bbox 1305 1435 2088 1471">
     <span class='ocr_line' id='line_1_58' title="bbox 1305 1435 2088 1471; baseline 0 -9"><span class='ocrx_word' id='word_1_435' title='bbox 1305 1435 1334 1462; x_wconf 69' lang='grc' dir='ltr'><strong>δὲ</strong></span> <span class='ocrx_word' id='word_1_436' title='bbox 1352 1435 1430 1471; x_wconf 81' lang='grc' dir='ltr'>μόνον</span> <span class='ocrx_word' id='word_1_437' title='bbox 1449 1435 1595 1470; x_wconf 80' lang='grc' dir='ltr'>ἁρπάσασα</span> <span class='ocrx_word' id='word_1_438' title='bbox 1609 1436 1639 1462; x_wconf 86' lang='grc' dir='ltr'>τὸ</span> <span class='ocrx_word' id='word_1_439' title='bbox 1654 1435 1759 1471; x_wconf 81' lang='grc' dir='ltr'>λεχθὲν,</span> <span class='ocrx_word' id='word_1_440' title='bbox 1776 1436 1864 1470; x_wconf 81' lang='grc' dir='ltr'>λέγειν</span> <span class='ocrx_word' id='word_1_441' title='bbox 1877 1435 1980 1471; x_wconf 72' lang='grc' dir='ltr'>ἤρξατο</span> <span class='ocrx_word' id='word_1_442' title='bbox 1996 1435 2088 1466; x_wconf 71' lang='grc' dir='ltr'>οὕτως·</span> 
     </span>
    </p>
   </div>
   <div class='ocr_carea' id='block_1_59' title="bbox 1306 1479 2089 1519">
    <p class='ocr_par' dir='ltr' id='par_1_59' title="bbox 1306 1479 2089 1519">
     <span class='ocr_line' id='line_1_59' title="bbox 1306 1479 2089 1519; baseline -0.003 -10"><span class='ocrx_word' id='word_1_443' title='bbox 1306 1482 1386 1515; x_wconf 84' lang='grc' dir='ltr'>Γένος</span> <span class='ocrx_word' id='word_1_444' title='bbox 1403 1482 1455 1518; x_wconf 78' lang='grc' dir='ltr'>μὲν</span> <span class='ocrx_word' id='word_1_445' title='bbox 1474 1481 1522 1508; x_wconf 78' lang='grc' dir='ltr'><strong>καὶ</strong></span> <span class='ocrx_word' id='word_1_446' title='bbox 1541 1482 1659 1517; x_wconf 79' lang='grc' dir='ltr'>πατρίδα</span> <span class='ocrx_word' id='word_1_447' title='bbox 1679 1491 1720 1509; x_wconf 89' lang='grc' dir='ltr'><strong>σοι</strong></span> <span class='ocrx_word' id='word_1_448' title='bbox 1734 1481 1935 1519; x_wconf 82' lang='grc' dir='ltr'>διηγήσασθαι,</span> <span class='ocrx_word' id='word_1_449' title='bbox 1957 1483 2006 1509; x_wconf 82' lang='grc' dir='ltr'><strong>οὐκ</strong></span> <span class='ocrx_word' id='word_1_450' title='bbox 2021 1479 2089 1516; x_wconf 72' lang='grc' dir='ltr'>οἶμαι</span> 
     </span>
    </p>
   </div>
   <div class='ocr_carea' id='block_1_60' title="bbox 1305 1528 2089 1565">
    <p class='ocr_par' dir='ltr' id='par_1_60' title="bbox 1305 1528 2089 1565">
     <span class='ocr_line' id='line_1_60' title="bbox 1305 1528 2089 1565; baseline -0.004 -9"><span class='ocrx_word' id='word_1_451' title='bbox 1305 1537 1370 1556; x_wconf 72' lang='grc' dir='ltr'>ποτε</span> <span class='ocrx_word' id='word_1_452' title='bbox 1383 1529 1490 1556; x_wconf 78' lang='grc' dir='ltr'>πείσειν</span> <span class='ocrx_word' id='word_1_453' title='bbox 1507 1529 1628 1565; x_wconf 66' lang='grc' dir='ltr'>ἐμαυτὴν</span> <span class='ocrx_word' id='word_1_454' title='bbox 1642 1529 1799 1564; x_wconf 81' lang='grc' dir='ltr'>δυνηθῆναι·</span> <span class='ocrx_word' id='word_1_455' title='bbox 1823 1529 1893 1564; x_wconf 80' lang='grc' dir='ltr'>πλὴν</span> <span class='ocrx_word' id='word_1_456' title='bbox 1913 1528 1981 1555; x_wconf 81' lang='grc' dir='ltr'>ἀλλὰ</span> <span class='ocrx_word' id='word_1_457' title='bbox 1995 1529 2038 1555; x_wconf 73' lang='grc' dir='ltr'><strong>καὶ</strong></span> <span class='ocrx_word' id='word_1_458' title='bbox 2054 1528 2089 1553; x_wconf 75' lang='grc' dir='ltr'><strong>σοὶ</strong></span> 
     </span>
    </p>
   </div>
   <div class='ocr_carea' id='block_1_61' title="bbox 471 1571 1375 1612">
    <p class='ocr_par' dir='ltr' id='par_1_61' title="bbox 471 1571 1375 1612">
     <span class='ocr_line' id='line_1_61' title="bbox 471 1571 1375 1612; baseline 0.002 -13"><span class='ocrx_word' id='word_1_459' title='bbox 471 1571 535 1600; x_wconf 90' lang='lat' dir='ltr'><strong>dere</strong></span> <span class='ocrx_word' id='word_1_460' title='bbox 555 1580 563 1599; x_wconf 89' lang='lat'><strong>:</strong></span> <span class='ocrx_word' id='word_1_461' title='bbox 580 1571 627 1599; x_wconf 90' lang='lat' dir='ltr'><strong>sed</strong></span> <span class='ocrx_word' id='word_1_462' title='bbox 642 1576 669 1599; x_wconf 89' lang='lat' dir='ltr'><strong>et</strong></span> <span class='ocrx_word' id='word_1_463' title='bbox 687 1571 751 1607; x_wconf 90' lang='lat' dir='ltr'><strong>quid</strong></span> <span class='ocrx_word' id='word_1_464' title='bbox 762 1571 832 1600; x_wconf 69' lang='lat' dir='ltr'><strong>adrte</strong></span> <span class='ocrx_word' id='word_1_465' title='bbox 844 1572 938 1600; x_wconf 89' lang='lat' dir='ltr'><strong>attinet</strong></span> <span class='ocrx_word' id='word_1_466' title='bbox 958 1573 985 1600; x_wconf 90' lang='lat' dir='ltr'><strong>id</strong></span> <span class='ocrx_word' id='word_1_467' title='bbox 999 1573 1183 1609; x_wconf 71' lang='lat' dir='ltr'><strong>cognoscere?</strong></span> <span class='ocrx_word' id='word_1_468' title='bbox 1200 1574 1253 1601; x_wconf 88' lang='lat' dir='ltr'><strong>nisi</strong></span> <span class='ocrx_word' id='word_1_469' title='bbox 1268 1584 1289 1612; x_wconf 70' lang='grc' dir='ltr'>ε</span> <span class='ocrx_word' id='word_1_470' title='bbox 1305 1574 1331 1601; x_wconf 80' lang='grc' dir='ltr'><strong>τί</strong></span> <span class='ocrx_word' id='word_1_471' title='bbox 1343 1575 1375 1601; x_wconf 82' lang='grc' dir='ltr'>δι(</span> 
     </span>
    </p>
   </div>
   <div class='ocr_carea' id='block_1_62' title="bbox 1184 1571 2088 1612">
    <p class='ocr_par' dir='ltr' id='par_1_62' title="bbox 1200 1572 2088 1612">
     <span class='ocr_line' id='line_1_62' title="bbox 1200 1572 2088 1612; baseline -0.002 -12"><span class='ocrx_word' id='word_1_472' title='bbox 1200 1574 1253 1601; x_wconf 88' lang='lat' dir='ltr'><strong>nisi</strong></span> <span class='ocrx_word' id='word_1_473' title='bbox 1268 1584 1289 1612; x_wconf 70' lang='grc' dir='ltr'><em>ς</em></span> <span class='ocrx_word' id='word_1_474' title='bbox 1305 1574 1331 1601; x_wconf 81' lang='grc' dir='ltr'><strong>τί</strong></span> <span class='ocrx_word' id='word_1_475' title='bbox 1343 1575 1466 1611; x_wconf 79' lang='grc' dir='ltr'>διαφέρει</span> <span class='ocrx_word' id='word_1_476' title='bbox 1476 1573 1557 1601; x_wconf 87' lang='grc' dir='ltr'>τοῦτο</span> <span class='ocrx_word' id='word_1_477' title='bbox 1573 1573 1684 1609; x_wconf 81' lang='grc' dir='ltr'>μαθεῖν;</span> <span class='ocrx_word' id='word_1_478' title='bbox 1696 1574 1712 1609; x_wconf 83' lang='grc' dir='ltr'>ἢ</span> <span class='ocrx_word' id='word_1_479' title='bbox 1725 1574 1956 1610; x_wconf 83' lang='grc' dir='ltr'>μόνοντὴναίτίαν</span> <span class='ocrx_word' id='word_1_480' title='bbox 1963 1572 1995 1611; x_wconf 77' lang='grc' dir='ltr'>ἧς</span> <span class='ocrx_word' id='word_1_481' title='bbox 2006 1575 2088 1600; x_wconf 69' lang='grc' dir='ltr'>ἕνεκεν</span> 
     </span>
    </p>
   </div>
   <div class='ocr_carea' id='block_1_63' title="bbox 471 1618 1256 1653">
    <p class='ocr_par' dir='ltr' id='par_1_63' title="bbox 471 1618 1256 1653">
     <span class='ocr_line' id='line_1_63' title="bbox 471 1618 1256 1653; baseline 0.001 -8"><span class='ocrx_word' id='word_1_482' title='bbox 471 1621 577 1645; x_wconf 78' lang='lat' dir='ltr'><strong>tantum</strong></span> <span class='ocrx_word' id='word_1_483' title='bbox 592 1625 714 1651; x_wconf 90' lang='lat' dir='ltr'><strong>causam,</strong></span> <span class='ocrx_word' id='word_1_484' title='bbox 729 1618 763 1646; x_wconf 92' lang='lat' dir='ltr'><strong>ob</strong></span> <span class='ocrx_word' id='word_1_485' title='bbox 778 1625 860 1653; x_wconf 83' lang='lat' dir='ltr'><strong>quam</strong></span> <span class='ocrx_word' id='word_1_486' title='bbox 873 1618 967 1646; x_wconf 90' lang='lat' dir='ltr'><strong>dolore</strong></span> <span class='ocrx_word' id='word_1_487' title='bbox 987 1619 1094 1652; x_wconf 76' lang='lat' dir='ltr'><strong>affecta,</strong></span> <span class='ocrx_word' id='word_1_488' title='bbox 1118 1619 1256 1646; x_wconf 77' lang='lat' dir='ltr'><strong>morsibus</strong></span> 
     </span>
    </p>
   </div>
   <div class='ocr_carea' id='block_1_64' title="bbox 470 1665 1254 1700">
    <p class='ocr_par' dir='ltr' id='par_1_64' title="bbox 470 1665 1254 1700">
     <span class='ocr_line' id='line_1_64' title="bbox 470 1665 1254 1700; baseline -0.001 -6"><span class='ocrx_word' id='word_1_489' title='bbox 470 1671 569 1694; x_wconf 84' lang='lat' dir='ltr'><strong>manus</strong></span> <span class='ocrx_word' id='word_1_490' title='bbox 585 1672 659 1693; x_wconf 90' lang='lat' dir='ltr'><strong>meas</strong></span> <span class='ocrx_word' id='word_1_491' title='bbox 674 1669 795 1693; x_wconf 86' lang='lat' dir='ltr'><strong>mortuas</strong></span> <span class='ocrx_word' id='word_1_492' title='bbox 808 1665 922 1693; x_wconf 90' lang='lat' dir='ltr'><strong>reddidi.</strong></span> <span class='ocrx_word' id='word_1_493' title='bbox 936 1665 1062 1693; x_wconf 84' lang='lat' dir='ltr'><strong>Attamen</strong></span> <span class='ocrx_word' id='word_1_494' title='bbox 1079 1673 1150 1699; x_wconf 87' lang='lat' dir='ltr'><strong>mea,</strong></span> <span class='ocrx_word' id='word_1_495' title='bbox 1165 1666 1254 1700; x_wconf 75' lang='lat' dir='ltr'><strong>quoad</strong></span> 
     </span>
    </p>
   </div>
   <div class='ocr_carea' id='block_1_65' title="bbox 471 1709 1255 1746">
    <p class='ocr_par' dir='ltr' id='par_1_65' title="bbox 471 1709 1255 1746">
     <span class='ocr_line' id='line_1_65' title="bbox 471 1709 1255 1746; baseline 0.003 -10"><span class='ocrx_word' id='word_1_496' title='bbox 471 1709 566 1738; x_wconf 88' lang='lat' dir='ltr'><strong>audire</strong></span> <span class='ocrx_word' id='word_1_497' title='bbox 578 1714 666 1745; x_wconf 80' lang='lat' dir='ltr'><strong>potes,</strong></span> <span class='ocrx_word' id='word_1_498' title='bbox 679 1709 807 1738; x_wconf 82' lang='lat' dir='ltr'><strong>referam.</strong></span> <span class='ocrx_word' id='word_1_499' title='bbox 822 1709 879 1746; x_wconf 75' lang='lat' dir='ltr'><strong>Ego</strong></span> <span class='ocrx_word' id='word_1_500' title='bbox 891 1710 1072 1738; x_wconf 87' lang='lat' dir='ltr'><strong>nobilissimis</strong></span> <span class='ocrx_word' id='word_1_501' title='bbox 1087 1715 1144 1738; x_wconf 86' lang='lat' dir='ltr'><strong>orta</strong></span> <span class='ocrx_word' id='word_1_502' title='bbox 1157 1718 1255 1745; x_wconf 87' lang='lat' dir='ltr'><strong>paren-</strong></span> 
     </span>
    </p>
   </div>
   <div class='ocr_carea' id='block_1_66' title="bbox 470 1755 1255 1791">
    <p class='ocr_par' dir='ltr' id='par_1_66' title="bbox 470 1755 1255 1791">
     <span class='ocr_line' id='line_1_66' title="bbox 470 1755 1255 1791; baseline 0.003 -9"><span class='ocrx_word' id='word_1_503' title='bbox 470 1755 560 1787; x_wconf 88' lang='lat' dir='ltr'><strong>tibus,</strong></span> <span class='ocrx_word' id='word_1_504' title='bbox 582 1755 701 1790; x_wconf 86' lang='lat' dir='ltr'><strong>potentis</strong></span> <span class='ocrx_word' id='word_1_505' title='bbox 725 1755 868 1791; x_wconf 89' lang='lat' dir='ltr'><strong>cujusdam</strong></span> <span class='ocrx_word' id='word_1_506' title='bbox 885 1756 1011 1790; x_wconf 87' lang='lat' dir='ltr'><strong>imperio,</strong></span> <span class='ocrx_word' id='word_1_507' title='bbox 1036 1756 1115 1791; x_wconf 90' lang='lat' dir='ltr'><strong>nupsi</strong></span> <span class='ocrx_word' id='word_1_508' title='bbox 1131 1756 1189 1784; x_wconf 87' lang='lat' dir='ltr'><strong>viro</strong></span> <span class='ocrx_word' id='word_1_509' title='bbox 1207 1756 1255 1791; x_wconf 90' lang='lat' dir='ltr'><strong>qui</strong></span> 
     </span>
    </p>
   </div>
   <div class='ocr_carea' id='block_1_67' title="bbox 468 1800 1255 1837">
    <p class='ocr_par' dir='ltr' id='par_1_67' title="bbox 468 1800 1255 1837">
     <span class='ocr_line' id='line_1_67' title="bbox 468 1800 1255 1837; baseline 0.003 -10"><span class='ocrx_word' id='word_1_510' title='bbox 468 1805 527 1828; x_wconf 86' lang='lat' dir='ltr'><strong>erat</strong></span> <span class='ocrx_word' id='word_1_511' title='bbox 539 1800 612 1828; x_wconf 88' lang='lat' dir='ltr'><strong>illius</strong></span> <span class='ocrx_word' id='word_1_512' title='bbox 628 1801 798 1836; x_wconf 89' lang='lat' dir='ltr'><strong>propinquus</strong></span> <span class='ocrx_word' id='word_1_513' title='bbox 811 1810 817 1828; x_wconf 90' lang='lat'><strong>:</strong></span> <span class='ocrx_word' id='word_1_514' title='bbox 829 1807 856 1828; x_wconf 86' lang='lat' dir='ltr'><strong>et</strong></span> <span class='ocrx_word' id='word_1_515' title='bbox 867 1801 935 1829; x_wconf 89' lang='lat' dir='ltr'><strong>duos</strong></span> <span class='ocrx_word' id='word_1_516' title='bbox 948 1801 1071 1837; x_wconf 81' lang='lat' dir='ltr'><strong>geminos</strong></span> <span class='ocrx_word' id='word_1_517' title='bbox 1081 1802 1182 1829; x_wconf 87' lang='lat' dir='ltr'><strong>liberos</strong></span> <span class='ocrx_word' id='word_1_518' title='bbox 1192 1809 1255 1829; x_wconf 89' lang='lat' dir='ltr'><strong>sus-</strong></span> 
     </span>
    </p>
   </div>
   <div class='ocr_carea' id='block_1_68' title="bbox 470 1845 1253 1882">
    <p class='ocr_par' dir='ltr' id='par_1_68' title="bbox 470 1845 1253 1882">
     <span class='ocr_line' id='line_1_68' title="bbox 470 1845 1253 1882; baseline 0 -8"><span class='ocrx_word' id='word_1_519' title='bbox 470 1845 817 1882; x_wconf 83' lang='lat' dir='ltr'><strong>luli.tertiumqueinsuper</strong></span> <span class='ocrx_word' id='word_1_520' title='bbox 826 1846 908 1874; x_wconf 85' lang='lat' dir='ltr'><strong>edidi.</strong></span> <span class='ocrx_word' id='word_1_521' title='bbox 920 1845 1007 1874; x_wconf 88' lang='lat' dir='ltr'><strong>Porro</strong></span> <span class='ocrx_word' id='word_1_522' title='bbox 1022 1855 1084 1875; x_wconf 93' lang='lat' dir='ltr'><strong>cum</strong></span> <span class='ocrx_word' id='word_1_523' title='bbox 1099 1847 1189 1875; x_wconf 90' lang='lat' dir='ltr'><strong>mariti</strong></span> <span class='ocrx_word' id='word_1_524' title='bbox 1201 1847 1253 1875; x_wconf 91' lang='lat' dir='ltr'><strong>mei</strong></span> 
     </span>
    </p>
   </div>
   <div class='ocr_carea' id='block_1_69' title="bbox 469 1891 1254 1928">
    <p class='ocr_par' dir='ltr' id='par_1_69' title="bbox 469 1891 1254 1928">
     <span class='ocr_line' id='line_1_69' title="bbox 469 1891 1254 1928; baseline 0.003 -9"><span class='ocrx_word' id='word_1_525' title='bbox 469 1891 551 1919; x_wconf 81' lang='lat' dir='ltr'><strong>frater</strong></span> <span class='ocrx_word' id='word_1_526' title='bbox 564 1892 682 1919; x_wconf 85' lang='lat' dir='ltr'><strong>formam</strong></span> <span class='ocrx_word' id='word_1_527' title='bbox 699 1900 787 1920; x_wconf 81' lang='lat' dir='ltr'><strong>meam</strong></span> <span class='ocrx_word' id='word_1_528' title='bbox 799 1893 944 1928; x_wconf 86' lang='lat' dir='ltr'><strong>deperiret,</strong></span> <span class='ocrx_word' id='word_1_529' title='bbox 960 1897 986 1920; x_wconf 89' lang='lat' dir='ltr'><strong>et</strong></span> <span class='ocrx_word' id='word_1_530' title='bbox 997 1901 1092 1921; x_wconf 88' lang='lat' dir='ltr'><strong>amore</strong></span> <span class='ocrx_word' id='word_1_531' title='bbox 1105 1901 1166 1921; x_wconf 89' lang='lat' dir='ltr'><strong>meo</strong></span> <span class='ocrx_word' id='word_1_532' title='bbox 1178 1901 1254 1921; x_wconf 85' lang='lat' dir='ltr'><strong>sum-</strong></span> 
     </span>
    </p>
   </div>
   <div class='ocr_carea' id='block_1_70' title="bbox 469 1939 1254 1974">
    <p class='ocr_par' dir='ltr' id='par_1_70' title="bbox 469 1939 1254 1974">
     <span class='ocr_line' id='line_1_70' title="bbox 469 1939 1254 1974; baseline 0.003 -9"><span class='ocrx_word' id='word_1_533' title='bbox 469 1945 580 1974; x_wconf 81' lang='lat' dir='ltr'><strong>mopere</strong></span> <span class='ocrx_word' id='word_1_534' title='bbox 594 1942 690 1973; x_wconf 89' lang='lat' dir='ltr'><strong>captus</strong></span> <span class='ocrx_word' id='word_1_535' title='bbox 703 1943 791 1973; x_wconf 86' lang='lat' dir='ltr'><strong>esset,</strong></span> <span class='ocrx_word' id='word_1_536' title='bbox 806 1943 888 1974; x_wconf 86' lang='lat' dir='ltr'><strong>atque</strong></span> <span class='ocrx_word' id='word_1_537' title='bbox 899 1939 999 1966; x_wconf 84' lang='lat' dir='ltr'><strong>misera</strong></span> <span class='ocrx_word' id='word_1_538' title='bbox 1011 1946 1060 1974; x_wconf 78' lang='lat' dir='ltr'><strong>ego</strong></span> <span class='ocrx_word' id='word_1_539' title='bbox 1074 1943 1149 1966; x_wconf 87' lang='lat' dir='ltr'><strong>caste</strong></span> <span class='ocrx_word' id='word_1_540' title='bbox 1163 1939 1254 1967; x_wconf 81' lang='lat' dir='ltr'><strong>vivere</strong></span> 
     </span>
    </p>
   </div>
   <div class='ocr_carea' id='block_1_71' title="bbox 469 1982 1253 2019">
    <p class='ocr_par' dir='ltr' id='par_1_71' title="bbox 469 1982 1253 2019">
     <span class='ocr_line' id='line_1_71' title="bbox 469 1982 1253 2019; baseline 0.003 -9"><span class='ocrx_word' id='word_1_541' title='bbox 469 1982 618 2011; x_wconf 84' lang='lat' dir='ltr'><strong>admodum</strong></span> <span class='ocrx_word' id='word_1_542' title='bbox 632 1991 759 2019; x_wconf 88' lang='lat' dir='ltr'><strong>cuperem</strong></span> <span class='ocrx_word' id='word_1_543' title='bbox 773 2005 780 2017; x_wconf 96' lang='lat'><strong>,</strong></span> <span class='ocrx_word' id='word_1_544' title='bbox 798 1987 826 2011; x_wconf 90' lang='lat' dir='ltr'><strong>et</strong></span> <span class='ocrx_word' id='word_1_545' title='bbox 842 1992 929 2019; x_wconf 85' lang='lat' dir='ltr'><strong>neque</strong></span> <span class='ocrx_word' id='word_1_546' title='bbox 944 1984 1039 2011; x_wconf 85' lang='lat' dir='ltr'><strong>vellem</strong></span> <span class='ocrx_word' id='word_1_547' title='bbox 1055 1984 1170 2012; x_wconf 88' lang='lat' dir='ltr'><strong>amatori</strong></span> <span class='ocrx_word' id='word_1_548' title='bbox 1184 1992 1253 2014; x_wconf 92' lang='lat' dir='ltr'><strong>con-</strong></span> 
     </span>
    </p>
   </div>
   <div class='ocr_carea' id='block_1_72' title="bbox 469 2027 1252 2066">
    <p class='ocr_par' dir='ltr' id='par_1_72' title="bbox 469 2027 1252 2066">
     <span class='ocr_line' id='line_1_72' title="bbox 469 2027 1252 2066; baseline 0.005 -12"><span class='ocrx_word' id='word_1_549' title='bbox 469 2027 582 2061; x_wconf 85' lang='lat' dir='ltr'><strong>sentire,</strong></span> <span class='ocrx_word' id='word_1_550' title='bbox 595 2036 683 2063; x_wconf 86' lang='lat' dir='ltr'><strong>neque</strong></span> <span class='ocrx_word' id='word_1_551' title='bbox 700 2028 782 2056; x_wconf 91' lang='lat' dir='ltr'><strong>etiam</strong></span> <span class='ocrx_word' id='word_1_552' title='bbox 797 2028 857 2056; x_wconf 84' lang='lat' dir='ltr'><strong>viro</strong></span> <span class='ocrx_word' id='word_1_553' title='bbox 873 2036 934 2056; x_wconf 92' lang='lat' dir='ltr'><strong>meo</strong></span> <span class='ocrx_word' id='word_1_554' title='bbox 946 2036 1068 2057; x_wconf 85' lang='lat' dir='ltr'><strong>amorem</strong></span> <span class='ocrx_word' id='word_1_555' title='bbox 1084 2029 1178 2057; x_wconf 79' lang='lat' dir='ltr'><strong>fratris</strong></span> <span class='ocrx_word' id='word_1_556' title='bbox 1188 2038 1252 2066; x_wconf 77' lang='lat' dir='ltr'><strong>erga</strong></span> 
     </span>
    </p>
   </div>
   <div class='ocr_carea' id='block_1_73' title="bbox 469 2075 1252 2109">
    <p class='ocr_par' dir='ltr' id='par_1_73' title="bbox 469 2075 1252 2109">
     <span class='ocr_line' id='line_1_73' title="bbox 469 2075 1252 2109; baseline 0.003 -9"><span class='ocrx_word' id='word_1_557' title='bbox 469 2079 514 2100; x_wconf 91' lang='lat' dir='ltr'><strong>me</strong></span> <span class='ocrx_word' id='word_1_558' title='bbox 522 2080 673 2108; x_wconf 82' lang='lat' dir='ltr'><strong>exponere;</strong></span> <span class='ocrx_word' id='word_1_559' title='bbox 685 2081 801 2109; x_wconf 92' lang='lat' dir='ltr'><strong>cumque</strong></span> <span class='ocrx_word' id='word_1_560' title='bbox 809 2081 916 2101; x_wconf 86' lang='lat' dir='ltr'><strong>mecum</strong></span> <span class='ocrx_word' id='word_1_561' title='bbox 925 2078 1137 2109; x_wconf 85' lang='lat' dir='ltr'><strong>reputassem,ut</strong></span> <span class='ocrx_word' id='word_1_562' title='bbox 1143 2083 1193 2103; x_wconf 80' lang='lat' dir='ltr'><strong>nec</strong></span> <span class='ocrx_word' id='word_1_563' title='bbox 1201 2075 1252 2102; x_wconf 82' lang='lat' dir='ltr'><strong>viri</strong></span> 
     </span>
    </p>
   </div>
   <div class='ocr_carea' id='block_1_74' title="bbox 471 2117 1253 2151">
    <p class='ocr_par' dir='ltr' id='par_1_74' title="bbox 471 2117 1253 2151">
     <span class='ocr_line' id='line_1_74' title="bbox 471 2117 1253 2151; baseline 0.005 -7"><span class='ocrx_word' id='word_1_564' title='bbox 471 2121 561 2144; x_wconf 88' lang='lat' dir='ltr'><strong>torum</strong></span> <span class='ocrx_word' id='word_1_565' title='bbox 575 2118 739 2146; x_wconf 88' lang='lat' dir='ltr'><strong>contumelia</strong></span> <span class='ocrx_word' id='word_1_566' title='bbox 754 2117 902 2151; x_wconf 87' lang='lat' dir='ltr'><strong>afllcerem,</strong></span> <span class='ocrx_word' id='word_1_567' title='bbox 915 2126 964 2146; x_wconf 90' lang='lat' dir='ltr'><strong>nec</strong></span> <span class='ocrx_word' id='word_1_568' title='bbox 977 2118 1088 2146; x_wconf 77' lang='lat' dir='ltr'><strong>fratrem</strong></span> <span class='ocrx_word' id='word_1_569' title='bbox 1101 2119 1178 2147; x_wconf 85' lang='lat' dir='ltr'><strong>fratri</strong></span> <span class='ocrx_word' id='word_1_570' title='bbox 1191 2120 1253 2148; x_wconf 86' lang='lat' dir='ltr'><strong>red-</strong></span> 
     </span>
    </p>
   </div>
   <div class='ocr_carea' id='block_1_75' title="bbox 469 2162 1252 2199">
    <p class='ocr_par' dir='ltr' id='par_1_75' title="bbox 469 2162 1252 2199">
     <span class='ocr_line' id='line_1_75' title="bbox 469 2162 1252 2199; baseline 0.004 -9"><span class='ocrx_word' id='word_1_571' title='bbox 469 2162 561 2190; x_wconf 88' lang='lat' dir='ltr'><strong>derem</strong></span> <span class='ocrx_word' id='word_1_572' title='bbox 575 2163 727 2197; x_wconf 89' lang='lat' dir='ltr'><strong>inimicum,</strong></span> <span class='ocrx_word' id='word_1_573' title='bbox 745 2167 772 2191; x_wconf 88' lang='lat' dir='ltr'><strong>et</strong></span> <span class='ocrx_word' id='word_1_574' title='bbox 790 2171 894 2198; x_wconf 65' lang='lat' dir='ltr'><strong>magna:</strong></span> <span class='ocrx_word' id='word_1_575' title='bbox 905 2164 1015 2191; x_wconf 78' lang='lat' dir='ltr'><strong>familia:</strong></span> <span class='ocrx_word' id='word_1_576' title='bbox 1025 2165 1154 2199; x_wconf 91' lang='lat' dir='ltr'><strong>probrum</strong></span> <span class='ocrx_word' id='word_1_577' title='bbox 1169 2165 1252 2193; x_wconf 86' lang='lat' dir='ltr'><strong>infer-</strong></span> 
     </span>
    </p>
   </div>
   <div class='ocr_carea' id='block_1_76' title="bbox 469 2210 1251 2246">
    <p class='ocr_par' dir='ltr' id='par_1_76' title="bbox 469 2210 1251 2246">
     <span class='ocr_line' id='line_1_76' title="bbox 469 2210 1251 2246; baseline 0 -7"><span class='ocrx_word' id='word_1_578' title='bbox 469 2219 547 2244; x_wconf 86' lang='lat' dir='ltr'><strong>rem;</strong></span> <span class='ocrx_word' id='word_1_579' title='bbox 572 2210 667 2244; x_wconf 87' lang='lat' dir='ltr'><strong>statui,</strong></span> <span class='ocrx_word' id='word_1_580' title='bbox 679 2210 713 2238; x_wconf 80' lang='lat' dir='ltr'><strong>ab</strong></span> <span class='ocrx_word' id='word_1_581' title='bbox 729 2210 795 2237; x_wconf 91' lang='lat' dir='ltr'><strong>urbe</strong></span> <span class='ocrx_word' id='word_1_582' title='bbox 810 2217 872 2237; x_wconf 88' lang='lat' dir='ltr'><strong>cum</strong></span> <span class='ocrx_word' id='word_1_583' title='bbox 893 2210 1009 2245; x_wconf 75' lang='lat' dir='ltr'><strong>geminis</strong></span> <span class='ocrx_word' id='word_1_584' title='bbox 1029 2211 1097 2238; x_wconf 89' lang='lat' dir='ltr'><strong>meis</strong></span> <span class='ocrx_word' id='word_1_585' title='bbox 1111 2211 1203 2246; x_wconf 85' lang='lat' dir='ltr'><strong>pueris</strong></span> <span class='ocrx_word' id='word_1_586' title='bbox 1218 2211 1251 2239; x_wconf 86' lang='lat' dir='ltr'><strong>ad</strong></span> 
     </span>
    </p>
   </div>
   <div class='ocr_carea' id='block_1_77' title="bbox 1306 1619 2087 1656">
    <p class='ocr_par' dir='ltr' id='par_1_77' title="bbox 1306 1619 2087 1656">
     <span class='ocr_line' id='line_1_77' title="bbox 1306 1619 2087 1656; baseline -0.003 -10"><span class='ocrx_word' id='word_1_587' title='bbox 1306 1620 1472 1656; x_wconf 63' lang='lat' dir='ltr'><strong>66uvmttév-q,</strong></span> <span class='ocrx_word' id='word_1_588' title='bbox 1499 1620 1622 1656; x_wconf 76' lang='grc' dir='ltr'>δήγμασι</span> <span class='ocrx_word' id='word_1_589' title='bbox 1647 1620 1697 1651; x_wconf 80' lang='grc' dir='ltr'><strong>τὰς</strong></span> <span class='ocrx_word' id='word_1_590' title='bbox 1727 1619 1796 1655; x_wconf 73' lang='grc' dir='ltr'>ἐμὰς</span> <span class='ocrx_word' id='word_1_591' title='bbox 1825 1620 1967 1656; x_wconf 83' lang='grc' dir='ltr'>ὲνέκρωσα</span> <span class='ocrx_word' id='word_1_592' title='bbox 1993 1622 2087 1656; x_wconf 64' lang='grc' dir='ltr'>χεῖρας.</span> 
     </span>
    </p>
   </div>
   <div class='ocr_carea' id='block_1_78' title="bbox 1306 1663 2088 1699">
    <p class='ocr_par' dir='ltr' id='par_1_78' title="bbox 1306 1663 2088 1699">
     <span class='ocr_line' id='line_1_78' title="bbox 1306 1663 2088 1699; baseline 0 -9"><span class='ocrx_word' id='word_1_593' title='bbox 1306 1663 1401 1699; x_wconf 84' lang='grc' dir='ltr'>Ὅμως</span> <span class='ocrx_word' id='word_1_594' title='bbox 1419 1664 1453 1691; x_wconf 86' lang='grc' dir='ltr'>τὰ</span> <span class='ocrx_word' id='word_1_595' title='bbox 1466 1665 1526 1691; x_wconf 81' lang='grc' dir='ltr'>κατ’</span> <span class='ocrx_word' id='word_1_596' title='bbox 1543 1663 1665 1699; x_wconf 72' lang='grc' dir='ltr'>ἐμαυτὴν</span> <span class='ocrx_word' id='word_1_597' title='bbox 1682 1663 1720 1695; x_wconf 83' lang='grc' dir='ltr'><strong>ὡς</strong></span> <span class='ocrx_word' id='word_1_598' title='bbox 1736 1664 1847 1691; x_wconf 78' lang='grc' dir='ltr'>δυνατὸν</span> <span class='ocrx_word' id='word_1_599' title='bbox 1863 1665 1978 1692; x_wconf 80' lang='grc' dir='ltr'>ἀκοῦσαί</span> <span class='ocrx_word' id='word_1_600' title='bbox 1995 1673 2022 1691; x_wconf 85' lang='grc' dir='ltr'><strong>σε</strong></span> <span class='ocrx_word' id='word_1_601' title='bbox 2035 1665 2088 1699; x_wconf 70' lang='grc' dir='ltr'>διῃ-</span> 
     </span>
    </p>
   </div>
   <div class='ocr_carea' id='block_1_79' title="bbox 1305 1707 2088 1745">
    <p class='ocr_par' dir='ltr' id='par_1_79' title="bbox 1305 1707 2088 1745">
     <span class='ocr_line' id='line_1_79' title="bbox 1305 1707 2088 1745; baseline -0.003 -9"><span class='ocrx_word' id='word_1_602' title='bbox 1305 1709 1434 1745; x_wconf 85' lang='grc' dir='ltr'>γήσομαι.</span> <span class='ocrx_word' id='word_1_603' title='bbox 1458 1709 1528 1744; x_wconf 86' lang='grc' dir='ltr'><strong>Ἐγὼ</strong></span> <span class='ocrx_word' id='word_1_604' title='bbox 1541 1709 1612 1736; x_wconf 86' lang='grc' dir='ltr'>πάνυ</span> <span class='ocrx_word' id='word_1_605' title='bbox 1629 1707 1659 1740; x_wconf 76' lang='grc' dir='ltr'><strong>ἐξ</strong></span> <span class='ocrx_word' id='word_1_606' title='bbox 1672 1708 1790 1742; x_wconf 79' lang='grc' dir='ltr'>εὐγενῶν</span> <span class='ocrx_word' id='word_1_607' title='bbox 1805 1707 1884 1741; x_wconf 74' lang='grc' dir='ltr'>οὖσα,</span> <span class='ocrx_word' id='word_1_608' title='bbox 1901 1709 2012 1736; x_wconf 81' lang='grc' dir='ltr'>δυνατοῦ</span> <span class='ocrx_word' id='word_1_609' title='bbox 2025 1709 2088 1739; x_wconf 46' lang='grc' dir='ltr'>τινὰ</span> 
     </span>
    </p>
   </div>
   <div class='ocr_carea' id='block_1_80' title="bbox 1306 1754 2088 1791">
    <p class='ocr_par' dir='ltr' id='par_1_80' title="bbox 1306 1754 2088 1791">
     <span class='ocr_line' id='line_1_80' title="bbox 1306 1754 2088 1791; baseline -0.001 -10"><span class='ocrx_word' id='word_1_610' title='bbox 1306 1756 1461 1790; x_wconf 81' lang='grc' dir='ltr'>προσταγῇ,</span> <span class='ocrx_word' id='word_1_611' title='bbox 1481 1755 1559 1791; x_wconf 75' lang='grc' dir='ltr'>ἀνδρὶ</span> <span class='ocrx_word' id='word_1_612' title='bbox 1582 1754 1652 1791; x_wconf 80' lang='grc' dir='ltr'>πρὸς</span> <span class='ocrx_word' id='word_1_613' title='bbox 1668 1754 1762 1788; x_wconf 86' lang='grc' dir='ltr'>γένους</span> <span class='ocrx_word' id='word_1_614' title='bbox 1778 1754 1853 1790; x_wconf 84' lang='grc' dir='ltr'>αὺτῷ</span> <span class='ocrx_word' id='word_1_615' title='bbox 1870 1755 2026 1790; x_wconf 77' lang='grc' dir='ltr'>τυγχάνοντι</span> <span class='ocrx_word' id='word_1_616' title='bbox 2039 1756 2088 1788; x_wconf 73' lang='grc' dir='ltr'>εγε-</span> 
     </span>
    </p>
   </div>
   <div class='ocr_carea' id='block_1_81' title="bbox 1305 1799 2086 1836">
    <p class='ocr_par' dir='ltr' id='par_1_81' title="bbox 1305 1799 2086 1836">
     <span class='ocr_line' id='line_1_81' title="bbox 1305 1799 2086 1836; baseline 0 -10"><span class='ocrx_word' id='word_1_617' title='bbox 1305 1799 1391 1836; x_wconf 85' lang='grc' dir='ltr'>νόμην</span> <span class='ocrx_word' id='word_1_618' title='bbox 1407 1800 1474 1836; x_wconf 89' lang='grc' dir='ltr'>γυνή</span> <span class='ocrx_word' id='word_1_619' title='bbox 1509 1800 1556 1826; x_wconf 81' lang='grc' dir='ltr'><strong>καὶ</strong></span> <span class='ocrx_word' id='word_1_620' title='bbox 1575 1800 1703 1835; x_wconf 84' lang='grc' dir='ltr'>διδύμους</span> <span class='ocrx_word' id='word_1_621' title='bbox 1721 1799 1796 1831; x_wconf 77' lang='grc' dir='ltr'>υἱοὺς</span> <span class='ocrx_word' id='word_1_622' title='bbox 1811 1799 1926 1835; x_wconf 77' lang='grc' dir='ltr'>ἔχουσα,</span> <span class='ocrx_word' id='word_1_623' title='bbox 1946 1802 1992 1827; x_wconf 71' lang='grc' dir='ltr'><strong>καὶ</strong></span> <span class='ocrx_word' id='word_1_624' title='bbox 2007 1802 2086 1836; x_wconf 65' lang='grc' dir='ltr'>τρίτον</span> 
     </span>
    </p>
   </div>
   <div class='ocr_carea' id='block_1_82' title="bbox 1305 1844 2085 1881">
    <p class='ocr_par' dir='ltr' id='par_1_82' title="bbox 1305 1844 2085 1881">
     <span class='ocr_line' id='line_1_82' title="bbox 1305 1844 2085 1881; baseline 0.001 -10"><span class='ocrx_word' id='word_1_625' title='bbox 1305 1844 1351 1871; x_wconf 77' lang='grc' dir='ltr'><strong>ἐπὶ</strong></span> <span class='ocrx_word' id='word_1_626' title='bbox 1366 1844 1472 1877; x_wconf 77' lang='grc' dir='ltr'>τούτοις</span> <span class='ocrx_word' id='word_1_627' title='bbox 1486 1845 1543 1872; x_wconf 77' lang='grc' dir='ltr'>υἱὸν</span> <span class='ocrx_word' id='word_1_628' title='bbox 1553 1845 1641 1880; x_wconf 77' lang='grc' dir='ltr'>ἔσχον.</span> <span class='ocrx_word' id='word_1_629' title='bbox 1660 1846 1688 1872; x_wconf 88' lang='lat'><strong>&#39;0</strong></span> <span class='ocrx_word' id='word_1_630' title='bbox 1695 1844 1726 1873; x_wconf 72' lang='grc' dir='ltr'>δὲ</span> <span class='ocrx_word' id='word_1_631' title='bbox 1735 1844 1782 1871; x_wconf 85' lang='grc' dir='ltr'><strong>τοῦ</strong></span> <span class='ocrx_word' id='word_1_632' title='bbox 1793 1845 1860 1880; x_wconf 75' lang='grc' dir='ltr'>ἐμοῦ</span> <span class='ocrx_word' id='word_1_633' title='bbox 1875 1846 1971 1881; x_wconf 78' lang='grc' dir='ltr'>ἀνδρὸς</span> <span class='ocrx_word' id='word_1_634' title='bbox 1984 1846 2085 1880; x_wconf 58' lang='grc' dir='ltr'>ἀδελφοί</span> 
     </span>
    </p>
   </div>
   <div class='ocr_carea' id='block_1_83' title="bbox 1304 1891 2085 1929">
    <p class='ocr_par' dir='ltr' id='par_1_83' title="bbox 1304 1891 2085 1929">
     <span class='ocr_line' id='line_1_83' title="bbox 1304 1891 2085 1929; baseline 0.001 -12"><span class='ocrx_word' id='word_1_635' title='bbox 1304 1891 1448 1926; x_wconf 84' lang='grc' dir='ltr'>ὲπιμανείς</span> <span class='ocrx_word' id='word_1_636' title='bbox 1465 1899 1516 1926; x_wconf 91' lang='grc' dir='ltr'><strong>μου</strong></span> <span class='ocrx_word' id='word_1_637' title='bbox 1527 1892 1561 1927; x_wconf 83' lang='grc' dir='ltr'>τῇ</span> <span class='ocrx_word' id='word_1_638' title='bbox 1571 1891 1642 1926; x_wconf 76' lang='grc' dir='ltr'>ὄψει,</span> <span class='ocrx_word' id='word_1_639' title='bbox 1660 1892 1755 1928; x_wconf 83' lang='grc' dir='ltr'>καὶτῷ</span> <span class='ocrx_word' id='word_1_640' title='bbox 1768 1891 1828 1929; x_wconf 74' lang='grc' dir='ltr'><strong>ἐμῷ</strong></span> <span class='ocrx_word' id='word_1_641' title='bbox 1843 1891 1925 1927; x_wconf 76' lang='grc' dir='ltr'>ἔρωτι</span> <span class='ocrx_word' id='word_1_642' title='bbox 1942 1893 2085 1927; x_wconf 74' lang='grc' dir='ltr'>κατ’ἄιρις</span> 
     </span>
    </p>
   </div>
   <div class='ocr_carea' id='block_1_84' title="bbox 1303 1935 2084 1974">
    <p class='ocr_par' dir='ltr' id='par_1_84' title="bbox 1303 1935 2084 1974">
     <span class='ocr_line' id='line_1_84' title="bbox 1303 1935 2084 1974; baseline 0 -12"><span class='ocrx_word' id='word_1_643' title='bbox 1303 1935 1395 1968; x_wconf 77' lang='grc' dir='ltr'>ἁλοὺς,</span> <span class='ocrx_word' id='word_1_644' title='bbox 1421 1936 1469 1964; x_wconf 81' lang='grc' dir='ltr'>καί</span> <span class='ocrx_word' id='word_1_645' title='bbox 1491 1944 1532 1963; x_wconf 87' lang='grc' dir='ltr'><strong>τοι</strong></span> <span class='ocrx_word' id='word_1_646' title='bbox 1556 1939 1704 1972; x_wconf 76' lang='grc' dir='ltr'>σωφρονεῖν</span> <span class='ocrx_word' id='word_1_647' title='bbox 1727 1937 1829 1974; x_wconf 71' lang='grc' dir='ltr'>σφόδρα</span> <span class='ocrx_word' id='word_1_648' title='bbox 1849 1937 1901 1974; x_wconf 80' lang='grc' dir='ltr'><strong>τῆς</strong></span> <span class='ocrx_word' id='word_1_649' title='bbox 1922 1937 2084 1972; x_wconf 75' lang='grc' dir='ltr'>ταλαιπώρω</span> 
     </span>
    </p>
   </div>
   <div class='ocr_carea' id='block_1_85' title="bbox 1304 1981 2083 2021">
    <p class='ocr_par' dir='ltr' id='par_1_85' title="bbox 1304 1981 2083 2021">
     <span class='ocr_line' id='line_1_85' title="bbox 1304 1981 2083 2021; baseline 0.005 -13"><span class='ocrx_word' id='word_1_650' title='bbox 1304 1981 1434 2018; x_wconf 83' lang='grc' dir='ltr'>φιλούσης</span> <span class='ocrx_word' id='word_1_651' title='bbox 1448 2002 1456 2015; x_wconf 90' lang='grc'><strong>,</strong></span> <span class='ocrx_word' id='word_1_652' title='bbox 1474 1983 1521 2009; x_wconf 74' lang='grc' dir='ltr'><strong>καὶ</strong></span> <span class='ocrx_word' id='word_1_653' title='bbox 1540 1983 1608 2018; x_wconf 87' lang='grc' dir='ltr'>μήτε</span> <span class='ocrx_word' id='word_1_654' title='bbox 1623 1983 1768 2010; x_wconf 85' lang='grc' dir='ltr'>συνθέσθαι</span> <span class='ocrx_word' id='word_1_655' title='bbox 1787 1984 1827 2019; x_wconf 81' lang='grc' dir='ltr'><strong>τῷ</strong></span> <span class='ocrx_word' id='word_1_656' title='bbox 1844 1985 1948 2021; x_wconf 80' lang='grc' dir='ltr'>ἐραστῇ</span> <span class='ocrx_word' id='word_1_657' title='bbox 1967 1983 2083 2020; x_wconf 68' lang='grc' dir='ltr'>βουλομέ-</span> 
     </span>
    </p>
   </div>
   <div class='ocr_carea' id='block_1_86' title="bbox 1303 2027 2082 2064">
    <p class='ocr_par' dir='ltr' id='par_1_86' title="bbox 1303 2027 2082 2064">
     <span class='ocr_line' id='line_1_86' title="bbox 1303 2027 2082 2064; baseline 0.003 -11"><span class='ocrx_word' id='word_1_658' title='bbox 1303 2035 1363 2062; x_wconf 86' lang='grc' dir='ltr'>νης,</span> <span class='ocrx_word' id='word_1_659' title='bbox 1382 2028 1450 2064; x_wconf 85' lang='grc' dir='ltr'>μήτε</span> <span class='ocrx_word' id='word_1_660' title='bbox 1468 2027 1497 2054; x_wconf 79' lang='grc' dir='ltr'>δὲ</span> <span class='ocrx_word' id='word_1_661' title='bbox 1513 2027 1553 2063; x_wconf 85' lang='grc' dir='ltr'>τῷ</span> <span class='ocrx_word' id='word_1_662' title='bbox 1571 2027 1629 2063; x_wconf 84' lang='grc' dir='ltr'>ὲμῷ</span> <span class='ocrx_word' id='word_1_663' title='bbox 1645 2028 1722 2063; x_wconf 74' lang='grc' dir='ltr'>ἀνδρὶ</span> <span class='ocrx_word' id='word_1_664' title='bbox 1737 2028 1817 2055; x_wconf 87' lang='grc' dir='ltr'>πάλιν</span> <span class='ocrx_word' id='word_1_665' title='bbox 1833 2029 1983 2057; x_wconf 85' lang='grc' dir='ltr'>ἀναθέσθαι</span> <span class='ocrx_word' id='word_1_666' title='bbox 1998 2030 2082 2057; x_wconf 48' lang='lat' dir='ltr'><strong>«me</strong></span> 
     </span>
    </p>
   </div>
   <div class='ocr_carea' id='block_1_87' title="bbox 1303 2072 2081 2114">
    <p class='ocr_par' dir='ltr' id='par_1_87' title="bbox 1303 2072 2081 2114">
     <span class='ocr_line' id='line_1_87' title="bbox 1303 2072 2081 2114; baseline 0.005 -15"><span class='ocrx_word' id='word_1_667' title='bbox 1303 2073 1365 2109; x_wconf 75' lang='grc' dir='ltr'>ἐμοὶ</span> <span class='ocrx_word' id='word_1_668' title='bbox 1380 2072 1426 2100; x_wconf 84' lang='grc' dir='ltr'><strong>τοῦ</strong></span> <span class='ocrx_word' id='word_1_669' title='bbox 1442 2073 1557 2108; x_wconf 83' lang='grc' dir='ltr'>ἀδελφοῦ</span> <span class='ocrx_word' id='word_1_670' title='bbox 1572 2073 1677 2110; x_wconf 76' lang='grc' dir='ltr'>ἔρωτα,</span> <span class='ocrx_word' id='word_1_671' title='bbox 1693 2074 1798 2110; x_wconf 82' lang='grc' dir='ltr'>πρέπον</span> <span class='ocrx_word' id='word_1_672' title='bbox 1814 2073 1883 2102; x_wconf 79' lang='grc' dir='ltr'>εἶναι</span> <span class='ocrx_word' id='word_1_673' title='bbox 1899 2076 2081 2114; x_wconf 74' lang='grc' dir='ltr'>λογισαμένης,</span> 
     </span>
    </p>
   </div>
   <div class='ocr_carea' id='block_1_88' title="bbox 1303 2117 2080 2161">
    <p class='ocr_par' dir='ltr' id='par_1_88' title="bbox 1303 2117 2080 2161">
     <span class='ocr_line' id='line_1_88' title="bbox 1303 2117 2080 2161; baseline 0.005 -17"><span class='ocrx_word' id='word_1_674' title='bbox 1303 2117 1341 2149; x_wconf 86' lang='grc' dir='ltr'>ὡς</span> <span class='ocrx_word' id='word_1_675' title='bbox 1352 2117 1386 2145; x_wconf 77' lang='grc' dir='ltr'>ἂν</span> <span class='ocrx_word' id='word_1_676' title='bbox 1403 2118 1472 2154; x_wconf 84' lang='grc' dir='ltr'>μήτε</span> <span class='ocrx_word' id='word_1_677' title='bbox 1487 2118 1538 2154; x_wconf 83' lang='grc' dir='ltr'>τὴν</span> <span class='ocrx_word' id='word_1_678' title='bbox 1551 2118 1599 2145; x_wconf 81' lang='grc' dir='ltr'><strong>τοῦ</strong></span> <span class='ocrx_word' id='word_1_679' title='bbox 1616 2119 1711 2155; x_wconf 78' lang='grc' dir='ltr'>ἀνδρὸς</span> <span class='ocrx_word' id='word_1_680' title='bbox 1729 2119 1825 2156; x_wconf 81' lang='grc' dir='ltr'>κοίτην</span> <span class='ocrx_word' id='word_1_681' title='bbox 1841 2120 1956 2157; x_wconf 78' lang='grc' dir='ltr'>ὑδρίσω,</span> <span class='ocrx_word' id='word_1_682' title='bbox 1975 2123 2039 2157; x_wconf 77' lang='grc' dir='ltr'>μήτε</span> <span class='ocrx_word' id='word_1_683' title='bbox 2051 2118 2080 2161; x_wconf 58' lang='grc' dir='ltr'>τῆ</span> 
     </span>
    </p>
   </div>
   <div class='ocr_carea' id='block_1_89' title="bbox 1303 2163 2079 2208">
    <p class='ocr_par' dir='ltr' id='par_1_89' title="bbox 1303 2163 2079 2208">
     <span class='ocr_line' id='line_1_89' title="bbox 1303 2163 2079 2208; baseline 0 -16"><span class='ocrx_word' id='word_1_684' title='bbox 1303 2163 1410 2200; x_wconf 79' lang='grc' dir='ltr'>ἀδελφῴ</span> <span class='ocrx_word' id='word_1_685' title='bbox 1431 2164 1477 2191; x_wconf 83' lang='grc' dir='ltr'>τὸν</span> <span class='ocrx_word' id='word_1_686' title='bbox 1497 2164 1611 2198; x_wconf 82' lang='grc' dir='ltr'>ἀδελφὸν</span> <span class='ocrx_word' id='word_1_687' title='bbox 1639 2165 1836 2201; x_wconf 82' lang='grc' dir='ltr'>ὲκπολεμώσω,</span> <span class='ocrx_word' id='word_1_688' title='bbox 1857 2167 1905 2193; x_wconf 77' lang='grc' dir='ltr'><strong>καὶ</strong></span> <span class='ocrx_word' id='word_1_689' title='bbox 1927 2167 1967 2202; x_wconf 83' lang='grc' dir='ltr'>τῷ</span> <span class='ocrx_word' id='word_1_690' title='bbox 1992 2167 2079 2208; x_wconf 61' lang='grc' dir='ltr'>ἐκείνοη</span> 
     </span>
    </p>
   </div>
   <div class='ocr_carea' id='block_1_90' title="bbox 1302 2211 2078 2255">
    <p class='ocr_par' dir='ltr' id='par_1_90' title="bbox 1302 2211 2078 2255">
     <span class='ocr_line' id='line_1_90' title="bbox 1302 2211 2078 2255; baseline 0.004 -18"><span class='ocrx_word' id='word_1_691' title='bbox 1302 2211 1375 2245; x_wconf 85' lang='grc' dir='ltr'>γένει</span> <span class='ocrx_word' id='word_1_692' title='bbox 1401 2211 1510 2246; x_wconf 79' lang='grc' dir='ltr'>μεγάλῳ</span> <span class='ocrx_word' id='word_1_693' title='bbox 1533 2211 1589 2237; x_wconf 76' lang='grc' dir='ltr'>δντι</span> <span class='ocrx_word' id='word_1_694' title='bbox 1611 2211 1762 2247; x_wconf 80' lang='grc' dir='ltr'>ὀνειδισμὸν</span> <span class='ocrx_word' id='word_1_695' title='bbox 1783 2212 1927 2247; x_wconf 76' lang='grc' dir='ltr'>ἐπαγάγω,</span> <span class='ocrx_word' id='word_1_696' title='bbox 1952 2214 2001 2250; x_wconf 79' lang='grc' dir='ltr'>τὴν</span> <span class='ocrx_word' id='word_1_697' title='bbox 2018 2214 2078 2255; x_wconf 46' lang='grc' dir='ltr'>πλη</span> 
     </span>
    </p>
   </div>
   <div class='ocr_carea' id='block_1_91' title="bbox 469 2254 1373 2302">
    <p class='ocr_par' dir='ltr' id='par_1_91' title="bbox 469 2254 1373 2293">
     <span class='ocr_line' id='line_1_91' title="bbox 469 2254 1373 2293; baseline -0.002 -9"><span class='ocrx_word' id='word_1_698' title='bbox 469 2256 607 2293; x_wconf 87' lang='lat' dir='ltr'><strong>quoddam</strong></span> <span class='ocrx_word' id='word_1_699' title='bbox 629 2260 738 2291; x_wconf 89' lang='lat' dir='ltr'><strong>tempus</strong></span> <span class='ocrx_word' id='word_1_700' title='bbox 758 2256 864 2288; x_wconf 87' lang='lat' dir='ltr'><strong>abesse,</strong></span> <span class='ocrx_word' id='word_1_701' title='bbox 881 2256 967 2284; x_wconf 87' lang='lat' dir='ltr'><strong>donec</strong></span> <span class='ocrx_word' id='word_1_702' title='bbox 983 2255 1108 2292; x_wconf 88' lang='lat' dir='ltr'><strong>impurus</strong></span> <span class='ocrx_word' id='word_1_703' title='bbox 1121 2264 1199 2284; x_wconf 84' lang='lat' dir='ltr'><strong>amor</strong></span> <span class='ocrx_word' id='word_1_704' title='bbox 1219 2257 1252 2284; x_wconf 92' lang='lat' dir='ltr'><strong>il-</strong></span> <span class='ocrx_word' id='word_1_705' title='bbox 1269 2254 1291 2282; x_wconf 89' lang='lat' dir='ltr'><strong>D</strong></span> <span class='ocrx_word' id='word_1_706' title='bbox 1303 2256 1373 2290; x_wconf 78' lang='grc' dir='ltr'>ὲλογι</span> 
     </span>
    </p>
   </div>
   <div class='ocr_carea' id='block_1_92' title="bbox 1172 2254 2076 2302">
    <p class='ocr_par' dir='ltr' id='par_1_92' title="bbox 1172 2254 2076 2294">
     <span class='ocr_line' id='line_1_92' title="bbox 1172 2254 2076 2294; baseline 0.001 -10"><span class='ocrx_word' id='word_1_707' title='bbox 1172 2265 1199 2284; x_wconf 79' lang='lat' dir='ltr'><strong>or</strong></span> <span class='ocrx_word' id='word_1_708' title='bbox 1219 2257 1252 2284; x_wconf 90' lang='lat' dir='ltr'><strong>il-</strong></span> <span class='ocrx_word' id='word_1_709' title='bbox 1269 2254 1291 2282; x_wconf 83' lang='grc' dir='ltr'><strong>Ι)</strong></span> <span class='ocrx_word' id='word_1_710' title='bbox 1303 2256 1468 2292; x_wconf 73' lang='grc' dir='ltr'>ἐλογισάμην</span> <span class='ocrx_word' id='word_1_711' title='bbox 1485 2256 1554 2292; x_wconf 86' lang='grc' dir='ltr'><strong>μετά</strong></span> <span class='ocrx_word' id='word_1_712' title='bbox 1565 2257 1620 2284; x_wconf 85' lang='grc' dir='ltr'>τῶν</span> <span class='ocrx_word' id='word_1_713' title='bbox 1630 2257 1704 2293; x_wconf 83' lang='grc' dir='ltr'>ἑμῶν</span> <span class='ocrx_word' id='word_1_714' title='bbox 1718 2257 1836 2293; x_wconf 84' lang='grc' dir='ltr'>διδύμων</span> <span class='ocrx_word' id='word_1_715' title='bbox 1848 2259 1954 2285; x_wconf 85' lang='grc' dir='ltr'>παίδων</span> <span class='ocrx_word' id='word_1_716' title='bbox 1971 2259 2016 2285; x_wconf 69' lang='grc' dir='ltr'>ἐπὶ</span> <span class='ocrx_word' id='word_1_717' title='bbox 2031 2257 2076 2294; x_wconf 66' lang='grc' dir='ltr'><strong>χρό’</strong></span> 
     </span>
    </p>
   </div>
   <div class='ocr_carea' id='block_1_93' title="bbox 468 2300 1252 2338">
    <p class='ocr_par' dir='ltr' id='par_1_93' title="bbox 468 2300 1252 2338">
     <span class='ocr_line' id='line_1_93' title="bbox 468 2300 1252 2338; baseline 0.001 -8"><span class='ocrx_word' id='word_1_718' title='bbox 468 2302 522 2330; x_wconf 88' lang='lat' dir='ltr'><strong>lius</strong></span> <span class='ocrx_word' id='word_1_719' title='bbox 540 2301 587 2338; x_wconf 88' lang='lat' dir='ltr'><strong>qui</strong></span> <span class='ocrx_word' id='word_1_720' title='bbox 602 2300 669 2328; x_wconf 91' lang='lat' dir='ltr'><strong>mihi</strong></span> <span class='ocrx_word' id='word_1_721' title='bbox 682 2301 715 2329; x_wconf 89' lang='lat' dir='ltr'><strong>ad</strong></span> <span class='ocrx_word' id='word_1_722' title='bbox 728 2301 847 2328; x_wconf 87' lang='lat' dir='ltr'><strong>dedecus</strong></span> <span class='ocrx_word' id='word_1_723' title='bbox 863 2302 1063 2334; x_wconf 85' lang='lat' dir='ltr'><strong>assentabatur,</strong></span> <span class='ocrx_word' id='word_1_724' title='bbox 1080 2303 1161 2330; x_wconf 85' lang='lat' dir='ltr'><strong>ﬁnem</strong></span> <span class='ocrx_word' id='word_1_725' title='bbox 1177 2304 1252 2331; x_wconf 82' lang='lat' dir='ltr'><strong>acci-</strong></span> 
     </span>
    </p>
   </div>
   <div class='ocr_carea' id='block_1_94' title="bbox 468 2347 1253 2383">
    <p class='ocr_par' dir='ltr' id='par_1_94' title="bbox 468 2347 1253 2383">
     <span class='ocr_line' id='line_1_94' title="bbox 468 2347 1253 2383; baseline 0.003 -8"><span class='ocrx_word' id='word_1_726' title='bbox 468 2352 568 2383; x_wconf 87' lang='lat' dir='ltr'><strong>peret:</strong></span> <span class='ocrx_word' id='word_1_727' title='bbox 586 2351 613 2375; x_wconf 80' lang='lat' dir='ltr'><strong>at</strong></span> <span class='ocrx_word' id='word_1_728' title='bbox 627 2347 743 2375; x_wconf 86' lang='lat' dir='ltr'><strong>alterum</strong></span> <span class='ocrx_word' id='word_1_729' title='bbox 760 2347 857 2381; x_wconf 86' lang='lat' dir='ltr'><strong>lilium,</strong></span> <span class='ocrx_word' id='word_1_730' title='bbox 880 2352 910 2374; x_wconf 93' lang='lat' dir='ltr'><strong>ut</strong></span> <span class='ocrx_word' id='word_1_731' title='bbox 924 2348 995 2382; x_wconf 88' lang='lat' dir='ltr'><strong>apud</strong></span> <span class='ocrx_word' id='word_1_732' title='bbox 1008 2352 1112 2383; x_wconf 89' lang='lat' dir='ltr'><strong>patrem</strong></span> <span class='ocrx_word' id='word_1_733' title='bbox 1132 2349 1159 2376; x_wconf 95' lang='lat' dir='ltr'><strong>in</strong></span> <span class='ocrx_word' id='word_1_734' title='bbox 1177 2350 1253 2377; x_wconf 83' lang='lat' dir='ltr'><strong>sola—</strong></span> 
     </span>
    </p>
   </div>
   <div class='ocr_carea' id='block_1_95' title="bbox 468 2393 1018 2428">
    <p class='ocr_par' dir='ltr' id='par_1_95' title="bbox 468 2393 1018 2428">
     <span class='ocr_line' id='line_1_95' title="bbox 468 2393 1018 2428; baseline 0 -6"><span class='ocrx_word' id='word_1_735' title='bbox 468 2394 537 2422; x_wconf 89' lang='lat' dir='ltr'><strong>tium</strong></span> <span class='ocrx_word' id='word_1_736' title='bbox 548 2398 679 2427; x_wconf 88' lang='lat' dir='ltr'><strong>maneret,</strong></span> <span class='ocrx_word' id='word_1_737' title='bbox 691 2393 899 2428; x_wconf 87' lang='lat' dir='ltr'><strong>relinquendum</strong></span> <span class='ocrx_word' id='word_1_738' title='bbox 913 2394 1018 2422; x_wconf 85' lang='lat' dir='ltr'><strong>censui.</strong></span> 
     </span>
    </p>
   </div>
   <div class='ocr_carea' id='block_1_96' title="bbox 501 2513 1249 2548">
    <p class='ocr_par' dir='ltr' id='par_1_96' title="bbox 501 2513 1249 2548">
     <span class='ocr_line' id='line_1_96' title="bbox 501 2513 1249 2548; baseline -0.007 -4"><span class='ocrx_word' id='word_1_739' title='bbox 501 2514 645 2544; x_wconf 81' lang='lat' dir='ltr'><strong>LXXXIV.</strong></span> <span class='ocrx_word' id='word_1_740' title='bbox 661 2513 760 2542; x_wconf 84' lang='lat' dir='ltr'><strong>Verum</strong></span> <span class='ocrx_word' id='word_1_741' title='bbox 772 2520 827 2548; x_wconf 88' lang='lat' dir='ltr'><strong>quo</strong></span> <span class='ocrx_word' id='word_1_742' title='bbox 840 2513 897 2540; x_wconf 62' lang='lat' dir='ltr'><strong>haec</strong></span> <span class='ocrx_word' id='word_1_743' title='bbox 914 2513 952 2540; x_wconf 89' lang='lat' dir='ltr'><strong>ita</strong></span> <span class='ocrx_word' id='word_1_744' title='bbox 965 2513 1071 2547; x_wconf 80' lang='lat' dir='ltr'><strong>ﬁerent,</strong></span> <span class='ocrx_word' id='word_1_745' title='bbox 1086 2513 1115 2540; x_wconf 91' lang='lat' dir='ltr'><strong>in</strong></span> <span class='ocrx_word' id='word_1_746' title='bbox 1127 2513 1249 2540; x_wconf 90' lang='lat' dir='ltr'><strong>animum</strong></span> 
     </span>
    </p>
   </div>
   <div class='ocr_carea' id='block_1_97' title="bbox 466 2558 1250 2594">
    <p class='ocr_par' dir='ltr' id='par_1_97' title="bbox 466 2558 1250 2594">
     <span class='ocr_line' id='line_1_97' title="bbox 466 2558 1250 2594; baseline -0.005 -4"><span class='ocrx_word' id='word_1_747' title='bbox 466 2562 561 2590; x_wconf 75' lang='lat' dir='ltr'><strong>induxi</strong></span> <span class='ocrx_word' id='word_1_748' title='bbox 571 2582 580 2594; x_wconf 88' lang='lat'><strong>,</strong></span> <span class='ocrx_word' id='word_1_749' title='bbox 596 2561 733 2589; x_wconf 77' lang='lat' dir='ltr'><strong>somnium</strong></span> <span class='ocrx_word' id='word_1_750' title='bbox 749 2560 860 2594; x_wconf 76' lang='lat' dir='ltr'><strong>tingere,</strong></span> <span class='ocrx_word' id='word_1_751' title='bbox 876 2559 955 2594; x_wconf 87' lang='lat' dir='ltr'><strong>quasi</strong></span> <span class='ocrx_word' id='word_1_752' title='bbox 970 2558 1070 2594; x_wconf 89' lang='lat' dir='ltr'><strong>aliquis</strong></span> <span class='ocrx_word' id='word_1_753' title='bbox 1084 2559 1150 2586; x_wconf 90' lang='lat' dir='ltr'><strong>mihi</strong></span> <span class='ocrx_word' id='word_1_754' title='bbox 1168 2564 1250 2586; x_wconf 88' lang='lat' dir='ltr'><strong>noctu</strong></span> 
     </span>
    </p>
   </div>
   <div class='ocr_carea' id='block_1_98' title="bbox 467 2602 1251 2639">
    <p class='ocr_par' dir='ltr' id='par_1_98' title="bbox 467 2602 1251 2639">
     <span class='ocr_line' id='line_1_98' title="bbox 467 2602 1251 2639; baseline -0.003 -6"><span class='ocrx_word' id='word_1_755' title='bbox 467 2606 608 2638; x_wconf 83' lang='lat' dir='ltr'><strong>astitisset.</strong></span> <span class='ocrx_word' id='word_1_756' title='bbox 631 2612 663 2632; x_wconf 84' lang='lat' dir='ltr'><strong>ac</strong></span> <span class='ocrx_word' id='word_1_757' title='bbox 675 2604 790 2632; x_wconf 82' lang='lat' dir='ltr'><strong>dixisset</strong></span> <span class='ocrx_word' id='word_1_758' title='bbox 805 2613 811 2631; x_wconf 95' lang='lat'>:</span> <span class='ocrx_word' id='word_1_759' title='bbox 827 2602 977 2631; x_wconf 87' lang='lat' dir='ltr'><strong>Confestim</strong></span> <span class='ocrx_word' id='word_1_760' title='bbox 993 2610 1047 2630; x_wconf 90' lang='lat' dir='ltr'><strong>una</strong></span> <span class='ocrx_word' id='word_1_761' title='bbox 1061 2610 1123 2630; x_wconf 92' lang='lat' dir='ltr'><strong>cum</strong></span> <span class='ocrx_word' id='word_1_762' title='bbox 1136 2603 1251 2639; x_wconf 66' lang='lat' dir='ltr'><strong>geminis</strong></span> 
     </span>
    </p>
   </div>
   <div class='ocr_carea' id='block_1_99' title="bbox 467 2649 1249 2687">
    <p class='ocr_par' dir='ltr' id='par_1_99' title="bbox 467 2649 1249 2687">
     <span class='ocr_line' id='line_1_99' title="bbox 467 2649 1249 2687; baseline -0.005 -7"><span class='ocrx_word' id='word_1_763' title='bbox 467 2652 522 2680; x_wconf 87' lang='lat' dir='ltr'><strong>tuis</strong></span> <span class='ocrx_word' id='word_1_764' title='bbox 543 2652 643 2687; x_wconf 84' lang='lat' dir='ltr'><strong>pueris,</strong></span> <span class='ocrx_word' id='word_1_765' title='bbox 667 2658 684 2678; x_wconf 96' lang='lat' dir='ltr'><strong>o</strong></span> <span class='ocrx_word' id='word_1_766' title='bbox 708 2650 822 2682; x_wconf 87' lang='lat' dir='ltr'><strong>mulier,</strong></span> <span class='ocrx_word' id='word_1_767' title='bbox 842 2649 927 2676; x_wconf 80' lang='lat' dir='ltr'><strong>Roma</strong></span> <span class='ocrx_word' id='word_1_768' title='bbox 945 2649 1053 2677; x_wconf 88' lang='lat' dir='ltr'><strong>discede</strong></span> <span class='ocrx_word' id='word_1_769' title='bbox 1080 2649 1114 2676; x_wconf 89' lang='lat' dir='ltr'><strong>ad</strong></span> <span class='ocrx_word' id='word_1_770' title='bbox 1137 2649 1249 2684; x_wconf 89' lang='lat' dir='ltr'><strong>aliquod</strong></span> 
     </span>
    </p>
   </div>
   <div class='ocr_carea' id='block_1_100' title="bbox 468 2693 1248 2730">
    <p class='ocr_par' dir='ltr' id='par_1_100' title="bbox 468 2693 1248 2730">
     <span class='ocr_line' id='line_1_100' title="bbox 468 2693 1248 2730; baseline -0.004 -7"><span class='ocrx_word' id='word_1_771' title='bbox 468 2701 586 2730; x_wconf 80' lang='lat' dir='ltr'><strong>tempus,</strong></span> <span class='ocrx_word' id='word_1_772' title='bbox 608 2696 696 2722; x_wconf 89' lang='lat' dir='ltr'><strong>donec</strong></span> <span class='ocrx_word' id='word_1_773' title='bbox 721 2695 770 2722; x_wconf 90' lang='lat' dir='ltr'><strong>tibi</strong></span> <span class='ocrx_word' id='word_1_774' title='bbox 794 2701 891 2722; x_wconf 88' lang='lat' dir='ltr'><strong>rursus</strong></span> <span class='ocrx_word' id='word_1_775' title='bbox 911 2693 1067 2721; x_wconf 81' lang='lat' dir='ltr'><strong>indicavero</strong></span> <span class='ocrx_word' id='word_1_776' title='bbox 1086 2698 1116 2721; x_wconf 91' lang='lat' dir='ltr'><strong>ut</strong></span> <span class='ocrx_word' id='word_1_777' title='bbox 1137 2694 1248 2728; x_wconf 81' lang='lat' dir='ltr'><strong>redeas;</strong></span> 
     </span>
    </p>
   </div>
   <div class='ocr_carea' id='block_1_101' title="bbox 467 2740 1250 2776">
    <p class='ocr_par' dir='ltr' id='par_1_101' title="bbox 467 2740 1250 2776">
     <span class='ocr_line' id='line_1_101' title="bbox 467 2740 1250 2776; baseline -0.001 -8"><span class='ocrx_word' id='word_1_778' title='bbox 467 2741 569 2776; x_wconf 83' lang='lat' dir='ltr'><strong>alioqui</strong></span> <span class='ocrx_word' id='word_1_779' title='bbox 590 2749 653 2768; x_wconf 87' lang='lat' dir='ltr'><strong>cum</strong></span> <span class='ocrx_word' id='word_1_780' title='bbox 670 2741 729 2768; x_wconf 89' lang='lat' dir='ltr'><strong>viro</strong></span> <span class='ocrx_word' id='word_1_781' title='bbox 744 2741 903 2776; x_wconf 87' lang='lat' dir='ltr'><strong>cunctisque</strong></span> <span class='ocrx_word' id='word_1_782' title='bbox 923 2741 976 2768; x_wconf 84' lang='lat' dir='ltr'><strong>tuis</strong></span> <span class='ocrx_word' id='word_1_783' title='bbox 992 2740 1085 2768; x_wconf 88' lang='lat' dir='ltr'><strong>liberis</strong></span> <span class='ocrx_word' id='word_1_784' title='bbox 1105 2740 1250 2775; x_wconf 86' lang='lat' dir='ltr'><strong>derepente</strong></span> 
     </span>
    </p>
   </div>
   <div class='ocr_carea' id='block_1_102' title="bbox 1303 2301 2076 2340">
    <p class='ocr_par' dir='ltr' id='par_1_102' title="bbox 1303 2301 2076 2340">
     <span class='ocr_line' id='line_1_102' title="bbox 1303 2301 2076 2340; baseline 0.003 -11"><span class='ocrx_word' id='word_1_785' title='bbox 1303 2310 1347 2329; x_wconf 91' lang='grc' dir='ltr'><strong>νον</strong></span> <span class='ocrx_word' id='word_1_786' title='bbox 1360 2301 1421 2329; x_wconf 80' lang='grc' dir='ltr'>τινὰ</span> <span class='ocrx_word' id='word_1_787' title='bbox 1436 2302 1594 2330; x_wconf 82' lang='grc' dir='ltr'>καταλιπεῖν</span> <span class='ocrx_word' id='word_1_788' title='bbox 1605 2323 1613 2335; x_wconf 86' lang='lat'><strong>,</strong></span> <span class='ocrx_word' id='word_1_789' title='bbox 1631 2303 1682 2335; x_wconf 69' lang='grc' dir='ltr'>ἕως</span> <span class='ocrx_word' id='word_1_790' title='bbox 1698 2304 1745 2330; x_wconf 78' lang='grc' dir='ltr'><strong>καὶ</strong></span> <span class='ocrx_word' id='word_1_791' title='bbox 1761 2304 1775 2329; x_wconf 81' lang='grc' dir='ltr'><strong>ὁ</strong></span> <span class='ocrx_word' id='word_1_792' title='bbox 1794 2303 1892 2339; x_wconf 79' lang='grc' dir='ltr'>μιαρὸς</span> <span class='ocrx_word' id='word_1_793' title='bbox 1907 2304 1980 2340; x_wconf 79' lang='grc' dir='ltr'>ἔρως</span> <span class='ocrx_word' id='word_1_794' title='bbox 1994 2305 2076 2340; x_wconf 53' lang='grc' dir='ltr'>παύσεις</span> 
     </span>
    </p>
   </div>
   <div class='ocr_carea' id='block_1_103' title="bbox 1302 2335 2076 2385">
    <p class='ocr_par' dir='ltr' id='par_1_103' title="bbox 1302 2335 2076 2385">
     <span class='ocr_line' id='line_1_103' title="bbox 1302 2335 2076 2385; baseline 0.004 -11"><span class='ocrx_word' id='word_1_795' title='bbox 1302 2357 1348 2375; x_wconf 83' lang='grc' dir='ltr'><strong>ται</strong></span> <span class='ocrx_word' id='word_1_796' title='bbox 1364 2347 1387 2364; x_wconf 80' lang='grc'><strong>’⁸⁸</strong></span> <span class='ocrx_word' id='word_1_797' title='bbox 1401 2348 1449 2374; x_wconf 88' lang='grc' dir='ltr'><strong>τοῦ</strong></span> <span class='ocrx_word' id='word_1_798' title='bbox 1466 2348 1534 2384; x_wconf 80' lang='grc' dir='ltr'>πρὸς</span> <span class='ocrx_word' id='word_1_799' title='bbox 1551 2348 1627 2384; x_wconf 79' lang='grc' dir='ltr'>ὓϐριν</span> <span class='ocrx_word' id='word_1_800' title='bbox 1645 2357 1679 2384; x_wconf 82' lang='grc' dir='ltr'><strong>με</strong></span> <span class='ocrx_word' id='word_1_801' title='bbox 1696 2335 1910 2382; x_wconf 65' lang='grc' dir='ltr'>κολακεῦσαντος</span> <span class='ocrx_word' id='word_1_802' title='bbox 1925 2335 2023 2377; x_wconf 19' lang='grc' dir='ltr'>λτοντὸν</span> 
     </span>
    </p>
   </div>
   <div class='ocr_carea' id='block_1_104' title="bbox 1303 2382 2075 2443">
    <p class='ocr_par' dir='ltr' id='par_1_104' title="bbox 1303 2382 2075 2443">
     <span class='ocr_line' id='line_1_104' title="bbox 1303 2382 2075 2443; baseline 0.004 -21"><span class='ocrx_word' id='word_1_803' title='bbox 1303 2403 1344 2443; x_wconf 68' lang='grc' dir='ltr'><strong>τοι</strong></span> <span class='ocrx_word' id='word_1_804' title='bbox 1363 2395 1454 2430; x_wconf 72' lang='grc' dir='ltr'>ἕτερον</span> <span class='ocrx_word' id='word_1_805' title='bbox 1471 2382 1529 2423; x_wconf 75' lang='grc' dir='ltr'>υίὸν</span> <span class='ocrx_word' id='word_1_806' title='bbox 1553 2382 1630 2432; x_wconf 74' lang='grc' dir='ltr'><strong>παρά</strong></span> <span class='ocrx_word' id='word_1_807' title='bbox 1706 2398 1789 2434; x_wconf 86' lang='grc' dir='ltr'>πατρὶ</span> <span class='ocrx_word' id='word_1_808' title='bbox 1804 2399 1893 2433; x_wconf 83' lang='grc' dir='ltr'>μεῖναι</span> <span class='ocrx_word' id='word_1_809' title='bbox 1914 2399 1956 2430; x_wconf 80' lang='grc' dir='ltr'><strong>είς</strong></span> <span class='ocrx_word' id='word_1_810' title='bbox 1971 2382 2075 2443; x_wconf 47' lang='lat' dir='ltr'><strong>mpsim;</strong></span> 
     </span>
    </p>
   </div>
   <div class='ocr_carea' id='block_1_105' title="bbox 1304 2439 2073 2489">
    <p class='ocr_par' dir='ltr' id='par_1_105' title="bbox 1304 2439 2073 2489">
     <span class='ocr_line' id='line_1_105' title="bbox 1304 2439 2073 2489; baseline 0.009 -23"><span class='ocrx_word' id='word_1_811' title='bbox 1304 2439 1363 2467; x_wconf 85' lang='grc' dir='ltr'>θίαν</span> <span class='ocrx_word' id='word_1_812' title='bbox 1379 2440 1464 2475; x_wconf 84' lang='grc' dir='ltr'>ἔγνων</span> <span class='ocrx_word' id='word_1_813' title='bbox 1476 2441 1648 2469; x_wconf 70' lang='grc' dir='ltr'>καταλιπεῖν.</span> <span class='ocrx_word' id='word_1_814' title='bbox 2071 2472 2073 2489; x_wconf 29' lang='grc' dir='ltr'><strong>γ</strong></span> 
     </span>
    </p>
   </div>
   <div class='ocr_carea' id='block_1_106' title="bbox 1337 2506 2072 2544">
    <p class='ocr_par' dir='ltr' id='par_1_106' title="bbox 1337 2506 2072 2544">
     <span class='ocr_line' id='line_1_106' title="bbox 1337 2506 2072 2544; baseline 0.003 -10"><span class='ocrx_word' id='word_1_815' title='bbox 1337 2506 1480 2534; x_wconf 76' lang='lat' dir='ltr'><strong>LXXXIV.</strong></span> <span class='ocrx_word' id='word_1_816' title='bbox 1494 2507 1568 2543; x_wconf 82' lang='grc' dir='ltr'>Πλὴν</span> <span class='ocrx_word' id='word_1_817' title='bbox 1583 2508 1626 2534; x_wconf 82' lang='grc' dir='ltr'>ἵνα</span> <span class='ocrx_word' id='word_1_818' title='bbox 1639 2508 1723 2535; x_wconf 83' lang='grc' dir='ltr'>ταῦτα</span> <span class='ocrx_word' id='word_1_819' title='bbox 1739 2508 1809 2536; x_wconf 76' lang='grc' dir='ltr'>οὕτω</span> <span class='ocrx_word' id='word_1_820' title='bbox 1821 2509 1945 2544; x_wconf 79' lang='grc' dir='ltr'>γένηται,</span> <span class='ocrx_word' id='word_1_821' title='bbox 1956 2509 2072 2544; x_wconf 46' lang='grc' dir='ltr'>ἐπενόησε</span> 
     </span>
    </p>
   </div>
   <div class='ocr_carea' id='block_1_107' title="bbox 1301 2552 2051 2590">
    <p class='ocr_par' dir='ltr' id='par_1_107' title="bbox 1301 2552 2051 2590">
     <span class='ocr_line' id='line_1_107' title="bbox 1301 2552 2051 2590; baseline -0.001 -10"><span class='ocrx_word' id='word_1_822' title='bbox 1301 2552 1348 2580; x_wconf 80' lang='grc' dir='ltr'><strong>καὶ</strong></span> <span class='ocrx_word' id='word_1_823' title='bbox 1363 2552 1465 2589; x_wconf 78' lang='grc' dir='ltr'>ὖνειρον</span> <span class='ocrx_word' id='word_1_824' title='bbox 1479 2553 1647 2586; x_wconf 70' lang='grc' dir='ltr'>πλάσασθαι,</span> <span class='ocrx_word' id='word_1_825' title='bbox 1664 2554 1702 2586; x_wconf 87' lang='grc' dir='ltr'>ὼς</span> <span class='ocrx_word' id='word_1_826' title='bbox 1717 2554 1749 2590; x_wconf 79' lang='grc' dir='ltr'>δή</span> <span class='ocrx_word' id='word_1_827' title='bbox 1762 2562 1835 2586; x_wconf 88' lang='grc' dir='ltr'>τινος</span> <span class='ocrx_word' id='word_1_828' title='bbox 1844 2554 1955 2590; x_wconf 86' lang='grc' dir='ltr'>νύκτωρ</span> <span class='ocrx_word' id='word_1_829' title='bbox 1968 2553 2051 2581; x_wconf 59' lang='lat' dir='ltr'><strong>Emori</strong></span> 
     </span>
    </p>
   </div>
   <div class='ocr_carea' id='block_1_108' title="bbox 1299 2598 2030 2638">
    <p class='ocr_par' dir='ltr' id='par_1_108' title="bbox 1299 2598 2030 2638">
     <span class='ocr_line' id='line_1_108' title="bbox 1299 2598 2030 2638; baseline 0.003 -13"><span class='ocrx_word' id='word_1_830' title='bbox 1299 2607 1346 2630; x_wconf 81' lang='grc' dir='ltr'><strong>τος</strong></span> <span class='ocrx_word' id='word_1_831' title='bbox 1366 2608 1410 2634; x_wconf 86' lang='grc' dir='ltr'><strong>μοι</strong></span> <span class='ocrx_word' id='word_1_832' title='bbox 1428 2599 1476 2626; x_wconf 71' lang='grc' dir='ltr'><strong>καὶ</strong></span> <span class='ocrx_word' id='word_1_833' title='bbox 1497 2599 1629 2632; x_wconf 75' lang='grc' dir='ltr'>εἰπόντος·</span> <span class='ocrx_word' id='word_1_834' title='bbox 1663 2598 1793 2636; x_wconf 76' lang='grc' dir='ltr'>Ἐξαυτῆς</span> <span class='ocrx_word' id='word_1_835' title='bbox 1810 2600 1869 2638; x_wconf 74' lang='grc' dir='ltr'><strong>ἅμα</strong></span> <span class='ocrx_word' id='word_1_836' title='bbox 1888 2602 1946 2632; x_wconf 87' lang='grc' dir='ltr'>τοῖς</span> <span class='ocrx_word' id='word_1_837' title='bbox 1970 2600 2030 2635; x_wconf 72' lang='grc' dir='ltr'>διδὺε</span> 
     </span>
    </p>
   </div>
   <div class='ocr_carea' id='block_1_109' title="bbox 1301 2643 2068 2682">
    <p class='ocr_par' dir='ltr' id='par_1_109' title="bbox 1301 2643 2068 2682">
     <span class='ocr_line' id='line_1_109' title="bbox 1301 2643 2068 2682; baseline 0.001 -11"><span class='ocrx_word' id='word_1_838' title='bbox 1301 2653 1348 2671; x_wconf 90' lang='grc' dir='ltr'><strong>σου</strong></span> <span class='ocrx_word' id='word_1_839' title='bbox 1364 2645 1478 2678; x_wconf 87' lang='grc' dir='ltr'>τέκνοις,</span> <span class='ocrx_word' id='word_1_840' title='bbox 1503 2643 1526 2672; x_wconf 84' lang='grc' dir='ltr'><strong>ὦ</strong></span> <span class='ocrx_word' id='word_1_841' title='bbox 1543 2645 1633 2680; x_wconf 83' lang='grc' dir='ltr'>γύναι,</span> <span class='ocrx_word' id='word_1_842' title='bbox 1653 2645 1700 2672; x_wconf 79' lang='grc' dir='ltr'><strong>ὲπὶ</strong></span> <span class='ocrx_word' id='word_1_843' title='bbox 1722 2645 1816 2682; x_wconf 87' lang='grc' dir='ltr'>χρόνον</span> <span class='ocrx_word' id='word_1_844' title='bbox 1839 2644 1902 2672; x_wconf 82' lang='grc' dir='ltr'>τινὰ</span> <span class='ocrx_word' id='word_1_845' title='bbox 1924 2645 2016 2681; x_wconf 80' lang='grc' dir='ltr'>μέχρις</span> 
     </span>
    </p>
   </div>
   <div class='ocr_carea' id='block_1_110' title="bbox 1303 2684 2068 2726">
    <p class='ocr_par' dir='ltr' id='par_1_110' title="bbox 1303 2684 2068 2726">
     <span class='ocr_line' id='line_1_110' title="bbox 1303 2684 2068 2726; baseline -0.004 -9"><span class='ocrx_word' id='word_1_846' title='bbox 1303 2690 1414 2726; x_wconf 83' lang='grc' dir='ltr'>μηνύσω</span> <span class='ocrx_word' id='word_1_847' title='bbox 1429 2699 1469 2717; x_wconf 83' lang='grc' dir='ltr'><strong>σοι</strong></span> <span class='ocrx_word' id='word_1_848' title='bbox 1481 2690 1562 2717; x_wconf 88' lang='grc' dir='ltr'>πάλιν</span> <span class='ocrx_word' id='word_1_849' title='bbox 1576 2690 1742 2722; x_wconf 77' lang='grc' dir='ltr'>ἐπανελθεῖν,</span> <span class='ocrx_word' id='word_1_850' title='bbox 1756 2689 1850 2725; x_wconf 73' lang='grc' dir='ltr'>ἔκϐηθι</span> <span class='ocrx_word' id='word_1_851' title='bbox 1858 2690 1909 2726; x_wconf 87' lang='grc' dir='ltr'>τὴν</span> <span class='ocrx_word' id='word_1_852' title='bbox 1930 2684 2068 2726; x_wconf 54' lang='grc' dir='ltr'>Ῥωμαίαηή</span> 
     </span>
    </p>
   </div>
   <div class='ocr_carea' id='block_1_111' title="bbox 1303 2732 2067 2774">
    <p class='ocr_par' dir='ltr' id='par_1_111' title="bbox 1303 2732 2067 2774">
     <span class='ocr_line' id='line_1_111' title="bbox 1303 2732 2067 2774; baseline -0.003 -9"><span class='ocrx_word' id='word_1_853' title='bbox 1303 2738 1364 2765; x_wconf 72' lang='grc' dir='ltr'>ἐπεὶ</span> <span class='ocrx_word' id='word_1_854' title='bbox 1381 2738 1439 2774; x_wconf 76' lang='grc' dir='ltr'>ἅμα</span> <span class='ocrx_word' id='word_1_855' title='bbox 1461 2738 1538 2773; x_wconf 78' lang='grc' dir='ltr'>ἀνδρὶ</span> <span class='ocrx_word' id='word_1_856' title='bbox 1562 2739 1609 2765; x_wconf 80' lang='grc' dir='ltr'><strong>καὶ</strong></span> <span class='ocrx_word' id='word_1_857' title='bbox 1625 2738 1692 2765; x_wconf 80' lang='grc' dir='ltr'>πᾶσί</span> <span class='ocrx_word' id='word_1_858' title='bbox 1710 2746 1756 2764; x_wconf 86' lang='grc' dir='ltr'><strong>σου</strong></span> <span class='ocrx_word' id='word_1_859' title='bbox 1774 2739 1831 2769; x_wconf 84' lang='grc' dir='ltr'>τοῖς</span> <span class='ocrx_word' id='word_1_860' title='bbox 1849 2738 1973 2769; x_wconf 79' lang='grc' dir='ltr'>τέκνοις,</span> <span class='ocrx_word' id='word_1_861' title='bbox 1990 2738 2019 2763; x_wconf 79' lang='grc' dir='ltr'><strong>ὲκ</strong></span> 
     </span>
    </p>
   </div>
   <div class='ocr_carea' id='block_1_112' title="bbox 467 2780 1371 2821">
    <p class='ocr_par' dir='ltr' id='par_1_112' title="bbox 467 2785 1370 2821">
     <span class='ocr_line' id='line_1_112' title="bbox 467 2785 1370 2821; baseline -0.004 -7"><span class='ocrx_word' id='word_1_862' title='bbox 467 2787 568 2821; x_wconf 84' lang='lat' dir='ltr'><strong>peribis</strong></span> <span class='ocrx_word' id='word_1_863' title='bbox 582 2787 662 2815; x_wconf 81' lang='lat' dir='ltr'><strong>male.</strong></span> <span class='ocrx_word' id='word_1_864' title='bbox 678 2786 765 2814; x_wconf 83' lang='lat' dir='ltr'><strong>Simul</strong></span> <span class='ocrx_word' id='word_1_865' title='bbox 778 2791 868 2814; x_wconf 91' lang='lat' dir='ltr'><strong>autem</strong></span> <span class='ocrx_word' id='word_1_866' title='bbox 882 2793 915 2814; x_wconf 88' lang='lat' dir='ltr'><strong>ac</strong></span> <span class='ocrx_word' id='word_1_867' title='bbox 928 2786 1066 2814; x_wconf 82' lang='lat' dir='ltr'><strong>somnium</strong></span> <span class='ocrx_word' id='word_1_868' title='bbox 1084 2786 1245 2814; x_wconf 89' lang='lat' dir='ltr'><strong>ementitum</strong></span> <span class='ocrx_word' id='word_1_869' title='bbox 1295 2785 1370 2818; x_wconf 80' lang='grc' dir='ltr'>αἰφνι</span> 
     </span>
    </p>
   </div>
   <div class='ocr_carea' id='block_1_113' title="bbox 1161 2780 2065 2821">
    <p class='ocr_par' dir='ltr' id='par_1_113' title="bbox 1161 2780 2065 2820">
     <span class='ocr_line' id='line_1_113' title="bbox 1161 2780 2065 2820; baseline -0.004 -8"><span class='ocrx_word' id='word_1_870' title='bbox 1161 2786 1245 2813; x_wconf 58' lang='lat' dir='ltr'><strong>ititum</strong></span> <span class='ocrx_word' id='word_1_871' title='bbox 1295 2783 1426 2818; x_wconf 80' lang='grc' dir='ltr'>αἰφνιδίου</span> <span class='ocrx_word' id='word_1_872' title='bbox 1443 2784 1536 2816; x_wconf 84' lang='grc' dir='ltr'>κακῶς</span> <span class='ocrx_word' id='word_1_873' title='bbox 1551 2784 1730 2820; x_wconf 84' lang='grc' dir='ltr'>τελευτήσεις.</span> <span class='ocrx_word' id='word_1_874' title='bbox 1747 2783 1823 2819; x_wconf 74' lang='grc' dir='ltr'>Ἅμα</span> <span class='ocrx_word' id='word_1_875' title='bbox 1833 2783 1862 2810; x_wconf 78' lang='grc' dir='ltr'>δὲ</span> <span class='ocrx_word' id='word_1_876' title='bbox 1873 2783 1914 2819; x_wconf 83' lang='grc' dir='ltr'>τῷ</span> <span class='ocrx_word' id='word_1_877' title='bbox 1924 2783 1968 2810; x_wconf 78' lang='grc' dir='ltr'>τὸν</span> <span class='ocrx_word' id='word_1_878' title='bbox 1981 2780 2065 2816; x_wconf 68' lang='grc' dir='ltr'>ὄνειρόν</span> 
     </span>
    </p>
   </div>
   <div class='ocr_carea' id='block_1_114' title="bbox 1097 2851 1430 2880">
    <p class='ocr_par' dir='ltr' id='par_1_114' title="bbox 1097 2851 1430 2880">
     <span class='ocr_line' id='line_1_114' title="bbox 1097 2851 1430 2880; baseline -0.003 0"><span class='ocrx_word' id='word_1_879' title='bbox 1097 2852 1213 2880; x_wconf 66' lang='grc' dir='ltr'>νΑιιιλΕ</span> <span class='ocrx_word' id='word_1_880' title='bbox 1233 2851 1430 2880; x_wconf 72' lang='grc' dir='ltr'>ιιῐοτιοΝΕς.</span> 
     </span>
    </p>
   </div>
   <div class='ocr_carea' id='block_1_115' title="bbox 503 2911 952 2947">
    <p class='ocr_par' dir='ltr' id='par_1_115' title="bbox 503 2911 952 2947">
     <span class='ocr_line' id='line_1_115' title="bbox 503 2911 952 2947; baseline -0.002 -9"><span class='ocrx_word' id='word_1_881' title='bbox 503 2912 526 2930; x_wconf 64' lang='grc' dir='ltr'><strong>δ’</strong></span> <span class='ocrx_word' id='word_1_882' title='bbox 542 2911 568 2938; x_wconf 89' lang='lat' dir='ltr'><strong>aI</strong></span> <span class='ocrx_word' id='word_1_883' title='bbox 593 2911 667 2940; x_wconf 81' lang='lat' dir='ltr'><strong>deest</strong></span> <span class='ocrx_word' id='word_1_884' title='bbox 683 2911 709 2938; x_wconf 91' lang='lat' dir='ltr'><strong>in</strong></span> <span class='ocrx_word' id='word_1_885' title='bbox 722 2911 758 2939; x_wconf 88' lang='lat' dir='ltr'><strong>al.</strong></span> <span class='ocrx_word' id='word_1_886' title='bbox 795 2911 818 2928; x_wconf 69' lang='lat'>“</span> <span class='ocrx_word' id='word_1_887' title='bbox 837 2912 872 2938; x_wconf 90' lang='lat' dir='ltr'><strong>al.</strong></span> <span class='ocrx_word' id='word_1_888' title='bbox 893 2911 952 2947; x_wconf 76' lang='grc' dir='ltr'><strong>ᾇᾶῃ.</strong></span> 
     </span>
    </p>
   </div>
   <div class='ocr_carea' id='block_1_116' title="bbox 992 2908 1618 2944">
    <p class='ocr_par' dir='ltr' id='par_1_116' title="bbox 992 2908 1618 2944">
     <span class='ocr_line' id='line_1_116' title="bbox 992 2908 1618 2944; baseline -0.002 -7"><span class='ocrx_word' id='word_1_889' title='bbox 992 2912 1016 2931; x_wconf 62' lang='grc' dir='ltr'><strong>ολ</strong></span> <span class='ocrx_word' id='word_1_890' title='bbox 1034 2909 1149 2941; x_wconf 74' lang='grc' dir='ltr'>οὐδενός.</span> <span class='ocrx_word' id='word_1_891' title='bbox 1182 2910 1204 2929; x_wconf 64' lang='grc'><strong>⁸⁵</strong></span> <span class='ocrx_word' id='word_1_892' title='bbox 1224 2909 1260 2936; x_wconf 85' lang='lat' dir='ltr'><strong>al.</strong></span> <span class='ocrx_word' id='word_1_893' title='bbox 1274 2908 1332 2935; x_wconf 85' lang='grc' dir='ltr'>τοῦ.</span> <span class='ocrx_word' id='word_1_894' title='bbox 1378 2909 1401 2925; x_wconf 75' lang='grc'><strong>⁸⁸</strong></span> <span class='ocrx_word' id='word_1_895' title='bbox 1420 2908 1456 2936; x_wconf 84' lang='lat' dir='ltr'><strong>al.</strong></span> <span class='ocrx_word' id='word_1_896' title='bbox 1477 2908 1618 2944; x_wconf 73' lang='grc' dir='ltr'>παύσηται.</span> 
     </span>
    </p>
   </div>
   <div class='ocr_carea' id='block_1_117' title="bbox 1675 2908 1973 2938">
    <p class='ocr_par' dir='ltr' id='par_1_117' title="bbox 1675 2908 1973 2938">
     <span class='ocr_line' id='line_1_117' title="bbox 1675 2908 1973 2938; baseline 0.007 -2"><span class='ocrx_word' id='word_1_897' title='bbox 1675 2908 1696 2925; x_wconf 81' lang='lat'><strong>&quot;</strong></span> <span class='ocrx_word' id='word_1_898' title='bbox 1717 2909 1753 2937; x_wconf 84' lang='lat' dir='ltr'><strong>al.</strong></span> <span class='ocrx_word' id='word_1_899' title='bbox 1773 2908 1973 2938; x_wconf 59' lang='grc' dir='ltr'>κολακεύοντος.</span> 
     </span>
    </p>
   </div>
  </div>
