  <div class='ocr_page' id='page_1' title='image "/cluster/home/n/w/nwhite01/storage/ocr_20150623/2/njp.32101077772349/386.png"; bbox 0 0 2290 3110; ppageno 0'>
   <div class='ocr_carea' id='block_1_1' title="bbox 233 143 273 172">
    <p class='ocr_par' dir='ltr' id='par_1_1' title="bbox 233 143 273 172">
     <span class='ocr_line' id='line_1_1' title="bbox 233 143 273 172; baseline -0.05 0"><span class='ocrx_word' id='word_1_1' title='bbox 233 143 273 172; x_wconf 70' lang='grc' dir='ltr'><strong>5Ξ9</strong></span> 
     </span>
    </p>
   </div>
   <div class='ocr_carea' id='block_1_2' title="bbox 235 194 1019 237">
    <p class='ocr_par' dir='ltr' id='par_1_2' title="bbox 235 194 1019 237">
     <span class='ocr_line' id='line_1_2' title="bbox 235 194 1019 237; baseline -0.009 -9"><span class='ocrx_word' id='word_1_2' title='bbox 235 211 259 237; x_wconf 82' lang='grc' dir='ltr'><strong>με</strong></span> <span class='ocrx_word' id='word_1_3' title='bbox 275 197 409 236; x_wconf 62' lang='grc' dir='ltr'>ᾇεύσαὸθαι</span> <span class='ocrx_word' id='word_1_4' title='bbox 421 195 445 218; x_wconf 69' lang='grc' dir='ltr'><strong>ἶο</strong></span> <span class='ocrx_word' id='word_1_5' title='bbox 466 201 532 237; x_wconf 79' lang='grc' dir='ltr'>πρὸς</span> <span class='ocrx_word' id='word_1_6' title='bbox 561 199 607 227; x_wconf 79' lang='grc' dir='ltr'><strong>τὸν</strong></span> <span class='ocrx_word' id='word_1_7' title='bbox 623 199 708 235; x_wconf 75' lang='grc' dir='ltr'>ἄνδρα</span> <span class='ocrx_word' id='word_1_8' title='bbox 719 218 726 231; x_wconf 94' lang='grc'><strong>,</strong></span> <span class='ocrx_word' id='word_1_9' title='bbox 743 197 824 229; x_wconf 77' lang='grc' dir='ltr'>αὐτὸς</span> <span class='ocrx_word' id='word_1_10' title='bbox 836 194 981 233; x_wconf 74' lang='grc' dir='ltr'>περίφοϐος</span> <span class='ocrx_word' id='word_1_11' title='bbox 995 199 1019 229; x_wconf 75' lang='grc' dir='ltr'><strong>Α</strong></span> 
     </span>
    </p>
   </div>
   <div class='ocr_carea' id='block_1_3' title="bbox 231 240 981 282">
    <p class='ocr_par' dir='ltr' id='par_1_3' title="bbox 231 240 981 282">
     <span class='ocr_line' id='line_1_3' title="bbox 231 240 981 282; baseline -0.009 -8"><span class='ocrx_word' id='word_1_12' title='bbox 231 247 357 282; x_wconf 68' lang='grc' dir='ltr'>γενόμενος,</span> <span class='ocrx_word' id='word_1_13' title='bbox 372 247 433 279; x_wconf 81' lang='grc' dir='ltr'>τούς</span> <span class='ocrx_word' id='word_1_14' title='bbox 448 255 478 274; x_wconf 85' lang='grc' dir='ltr'><strong>τε</strong></span> <span class='ocrx_word' id='word_1_15' title='bbox 498 245 545 273; x_wconf 86' lang='grc' dir='ltr'><strong>δύο</strong></span> <span class='ocrx_word' id='word_1_16' title='bbox 561 245 651 277; x_wconf 83' lang='grc' dir='ltr'>υιοὺς,</span> <span class='ocrx_word' id='word_1_17' title='bbox 668 243 776 275; x_wconf 85' lang='grc' dir='ltr'>δούλους</span> <span class='ocrx_word' id='word_1_18' title='bbox 787 251 818 269; x_wconf 78' lang='grc' dir='ltr'>τε</span> <span class='ocrx_word' id='word_1_19' title='bbox 831 241 878 269; x_wconf 73' lang='grc' dir='ltr'><strong>καὶ</strong></span> <span class='ocrx_word' id='word_1_20' title='bbox 892 240 981 268; x_wconf 84' lang='grc' dir='ltr'>παιδί-</span> 
     </span>
    </p>
   </div>
   <div class='ocr_carea' id='block_1_4' title="bbox 232 286 984 328">
    <p class='ocr_par' dir='ltr' id='par_1_4' title="bbox 232 286 984 328">
     <span class='ocr_line' id='line_1_4' title="bbox 232 286 984 328; baseline -0.008 -9"><span class='ocrx_word' id='word_1_21' title='bbox 232 301 291 324; x_wconf 78' lang='grc' dir='ltr'>σκας,</span> <span class='ocrx_word' id='word_1_22' title='bbox 305 293 347 319; x_wconf 75' lang='grc' dir='ltr'><strong>καὶ</strong></span> <span class='ocrx_word' id='word_1_23' title='bbox 361 294 484 328; x_wconf 82' lang='grc' dir='ltr'>χρήματα</span> <span class='ocrx_word' id='word_1_24' title='bbox 507 289 590 326; x_wconf 80' lang='grc' dir='ltr'>συχνὰ</span> <span class='ocrx_word' id='word_1_25' title='bbox 610 291 641 317; x_wconf 70' lang='grc' dir='ltr'>ἐν</span> <span class='ocrx_word' id='word_1_26' title='bbox 663 289 747 324; x_wconf 85' lang='grc' dir='ltr'>πλοίῳ</span> <span class='ocrx_word' id='word_1_27' title='bbox 767 287 922 323; x_wconf 72' lang='grc' dir='ltr'>ἐνθέμενος,</span> <span class='ocrx_word' id='word_1_28' title='bbox 942 286 984 319; x_wconf 82' lang='grc' dir='ltr'><strong>εἰς</strong></span> 
     </span>
    </p>
   </div>
   <div class='ocr_carea' id='block_1_5' title="bbox 235 333 983 373">
    <p class='ocr_par' dir='ltr' id='par_1_5' title="bbox 235 333 983 373">
     <span class='ocr_line' id='line_1_5' title="bbox 235 333 983 373; baseline -0.009 -9"><span class='ocrx_word' id='word_1_29' title='bbox 235 336 326 372; x_wconf 73' lang='grc' dir='ltr'>Ἀθήνας</span> <span class='ocrx_word' id='word_1_30' title='bbox 339 337 484 373; x_wconf 68' lang='grc' dir='ltr'>ἐξέπεμψεν</span> <span class='ocrx_word' id='word_1_31' title='bbox 495 357 502 370; x_wconf 95' lang='grc'><strong>,</strong></span> <span class='ocrx_word' id='word_1_32' title='bbox 520 335 705 371; x_wconf 66' lang='grc' dir='ltr'>ἐντειλάμενος</span> <span class='ocrx_word' id='word_1_33' title='bbox 721 333 785 365; x_wconf 78' lang='grc' dir='ltr'>τοὺς</span> <span class='ocrx_word' id='word_1_34' title='bbox 798 333 873 364; x_wconf 74' lang='grc' dir='ltr'>υἱοὺς</span> <span class='ocrx_word' id='word_1_35' title='bbox 886 333 983 359; x_wconf 56' lang='grc' dir='ltr'>ἐκπαι-</span> 
     </span>
    </p>
   </div>
   <div class='ocr_carea' id='block_1_6' title="bbox 230 377 983 419">
    <p class='ocr_par' dir='ltr' id='par_1_6' title="bbox 230 377 983 419">
     <span class='ocr_line' id='line_1_6' title="bbox 230 377 983 419; baseline -0.009 -8"><span class='ocrx_word' id='word_1_36' title='bbox 230 383 301 410; x_wconf 78' lang='grc' dir='ltr'>δεῦσαί</span> <span class='ocrx_word' id='word_1_37' title='bbox 316 392 356 419; x_wconf 87' lang='grc' dir='ltr'><strong>με,</strong></span> <span class='ocrx_word' id='word_1_38' title='bbox 368 383 468 419; x_wconf 83' lang='grc' dir='ltr'>Μέχρις</span> <span class='ocrx_word' id='word_1_39' title='bbox 486 382 530 415; x_wconf 83' lang='grc' dir='ltr'>ἂν,</span> <span class='ocrx_word' id='word_1_40' title='bbox 551 381 635 417; x_wconf 78' lang='grc' dir='ltr'>φησὶ,</span> <span class='ocrx_word' id='word_1_41' title='bbox 651 380 691 416; x_wconf 84' lang='grc' dir='ltr'>τῷ</span> <span class='ocrx_word' id='word_1_42' title='bbox 708 378 906 416; x_wconf 84' lang='grc' dir='ltr'>χρηματίσαντι</span> <span class='ocrx_word' id='word_1_43' title='bbox 919 377 983 415; x_wconf 75' lang='grc' dir='ltr'>δόξῃ</span> 
     </span>
    </p>
   </div>
   <div class='ocr_carea' id='block_1_7' title="bbox 231 425 982 466">
    <p class='ocr_par' dir='ltr' id='par_1_7' title="bbox 231 425 982 466">
     <span class='ocr_line' id='line_1_7' title="bbox 231 425 982 466; baseline -0.004 -10"><span class='ocrx_word' id='word_1_44' title='bbox 231 430 341 457; x_wconf 72' lang='grc' dir='ltr'><strong>ἐπανιέναι</strong></span> <span class='ocrx_word' id='word_1_45' title='bbox 361 438 399 457; x_wconf 90' lang='grc' dir='ltr'>σε.</span> <span class='ocrx_word' id='word_1_46' title='bbox 422 430 476 456; x_wconf 81' lang='grc' dir='ltr'><strong>Καὶ</strong></span> <span class='ocrx_word' id='word_1_47' title='bbox 503 430 535 466; x_wconf 74' lang='grc' dir='ltr'><strong>δὴ</strong></span> <span class='ocrx_word' id='word_1_48' title='bbox 553 430 601 456; x_wconf 74' lang='grc' dir='ltr'>σὺν</span> <span class='ocrx_word' id='word_1_49' title='bbox 625 428 682 463; x_wconf 70' lang='grc' dir='ltr'>ἅμα</span> <span class='ocrx_word' id='word_1_50' title='bbox 703 427 808 459; x_wconf 84' lang='grc' dir='ltr'>τέκνοις</span> <span class='ocrx_word' id='word_1_51' title='bbox 827 427 845 462; x_wconf 83' lang='grc' dir='ltr'>ή</span> <span class='ocrx_word' id='word_1_52' title='bbox 870 425 982 453; x_wconf 78' lang='grc' dir='ltr'>τάλαινα</span> 
     </span>
    </p>
   </div>
   <div class='ocr_carea' id='block_1_8' title="bbox 230 473 982 513">
    <p class='ocr_par' dir='ltr' id='par_1_8' title="bbox 230 473 982 513">
     <span class='ocr_line' id='line_1_8' title="bbox 230 473 982 513; baseline -0.007 -9"><span class='ocrx_word' id='word_1_53' title='bbox 230 478 340 510; x_wconf 80' lang='grc' dir='ltr'>πλέουσα,</span> <span class='ocrx_word' id='word_1_54' title='bbox 363 477 413 505; x_wconf 70' lang='grc' dir='ltr'><strong>ὑπὸ</strong></span> <span class='ocrx_word' id='word_1_55' title='bbox 428 478 535 513; x_wconf 77' lang='grc' dir='ltr'>ἀνέμων</span> <span class='ocrx_word' id='word_1_56' title='bbox 553 475 667 509; x_wconf 78' lang='grc' dir='ltr'><strong>ἀταξίας</strong></span> <span class='ocrx_word' id='word_1_57' title='bbox 685 476 725 508; x_wconf 85' lang='grc' dir='ltr'><strong>είς</strong></span> <span class='ocrx_word' id='word_1_58' title='bbox 737 474 848 505; x_wconf 77' lang='grc' dir='ltr'><strong>τούτους</strong></span> <span class='ocrx_word' id='word_1_59' title='bbox 866 473 982 509; x_wconf 73' lang='grc' dir='ltr'>ἀπορρι-</span> 
     </span>
    </p>
   </div>
   <div class='ocr_carea' id='block_1_9' title="bbox 229 519 981 558">
    <p class='ocr_par' dir='ltr' id='par_1_9' title="bbox 229 519 981 558">
     <span class='ocr_line' id='line_1_9' title="bbox 229 519 981 558; baseline -0.007 -8"><span class='ocrx_word' id='word_1_60' title='bbox 229 525 290 558; x_wconf 79' lang='grc' dir='ltr'>φεῐσα</span> <span class='ocrx_word' id='word_1_61' title='bbox 307 523 364 556; x_wconf 77' lang='grc' dir='ltr'>τοὺς</span> <span class='ocrx_word' id='word_1_62' title='bbox 382 523 496 556; x_wconf 79' lang='grc' dir='ltr'><strong>τόπους,</strong></span> <span class='ocrx_word' id='word_1_63' title='bbox 519 522 615 554; x_wconf 82' lang='grc' dir='ltr'>νυκτὸς</span> <span class='ocrx_word' id='word_1_64' title='bbox 637 522 687 558; x_wconf 83' lang='grc' dir='ltr'>τῆς</span> <span class='ocrx_word' id='word_1_65' title='bbox 716 521 780 557; x_wconf 73' lang='grc' dir='ltr'>νηὸς</span> <span class='ocrx_word' id='word_1_66' title='bbox 801 519 981 554; x_wconf 76' lang='grc' dir='ltr'><strong>διαλυθείσης,</strong></span> 
     </span>
    </p>
   </div>
   <div class='ocr_carea' id='block_1_10' title="bbox 229 565 982 605">
    <p class='ocr_par' dir='ltr' id='par_1_10' title="bbox 229 565 982 605">
     <span class='ocr_line' id='line_1_10' title="bbox 229 565 982 605; baseline -0.007 -9"><span class='ocrx_word' id='word_1_67' title='bbox 229 569 323 605; x_wconf 79' lang='grc' dir='ltr'>ναυαγίῳ</span> <span class='ocrx_word' id='word_1_68' title='bbox 337 569 538 605; x_wconf 83' lang='grc' dir='ltr'><strong>περιεπέσομεν.</strong></span> <span class='ocrx_word' id='word_1_69' title='bbox 556 569 666 596; x_wconf 81' lang='grc' dir='ltr'><strong>Πάντων</strong></span> <span class='ocrx_word' id='word_1_70' title='bbox 681 567 710 594; x_wconf 78' lang='grc' dir='ltr'><strong>δὲ</strong></span> <span class='ocrx_word' id='word_1_71' title='bbox 724 566 873 597; x_wconf 81' lang='grc' dir='ltr'>θανόντων,</span> <span class='ocrx_word' id='word_1_72' title='bbox 886 565 903 600; x_wconf 82' lang='grc' dir='ltr'>ἠ</span> <span class='ocrx_word' id='word_1_73' title='bbox 918 565 982 592; x_wconf 81' lang='grc' dir='ltr'>ἀτυ-</span> 
     </span>
    </p>
   </div>
   <div class='ocr_carea' id='block_1_11' title="bbox 229 610 983 651">
    <p class='ocr_par' dir='ltr' id='par_1_11' title="bbox 229 610 983 651">
     <span class='ocr_line' id='line_1_11' title="bbox 229 610 983 651; baseline -0.012 -6"><span class='ocrx_word' id='word_1_74' title='bbox 229 615 265 651; x_wconf 74' lang='grc' dir='ltr'><strong>χὴς</strong></span> <span class='ocrx_word' id='word_1_75' title='bbox 277 614 324 649; x_wconf 67' lang='grc' dir='ltr'><strong>ἐγὼ</strong></span> <span class='ocrx_word' id='word_1_76' title='bbox 339 615 402 650; x_wconf 80' lang='grc' dir='ltr'>μόνη</span> <span class='ocrx_word' id='word_1_77' title='bbox 420 614 472 642; x_wconf 79' lang='grc' dir='ltr'><strong>ὑπὸ</strong></span> <span class='ocrx_word' id='word_1_78' title='bbox 486 614 600 651; x_wconf 84' lang='grc' dir='ltr'><strong>σφοδροῦ</strong></span> <span class='ocrx_word' id='word_1_79' title='bbox 617 613 738 649; x_wconf 83' lang='grc' dir='ltr'><strong>κύματος</strong></span> <span class='ocrx_word' id='word_1_80' title='bbox 755 611 918 649; x_wconf 81' lang='grc' dir='ltr'>ριπισθεῖσα,</span> <span class='ocrx_word' id='word_1_81' title='bbox 936 610 983 636; x_wconf 80' lang='grc' dir='ltr'>επὶ</span> 
     </span>
    </p>
   </div>
   <div class='ocr_carea' id='block_1_12' title="bbox 228 654 982 696">
    <p class='ocr_par' dir='ltr' id='par_1_12' title="bbox 228 654 982 696">
     <span class='ocr_line' id='line_1_12' title="bbox 228 654 982 696; baseline -0.008 -9"><span class='ocrx_word' id='word_1_82' title='bbox 228 661 309 696; x_wconf 73' lang='grc' dir='ltr'>πέτρας</span> <span class='ocrx_word' id='word_1_83' title='bbox 328 660 454 696; x_wconf 80' lang='grc' dir='ltr'>έρῤίφην·</span> <span class='ocrx_word' id='word_1_84' title='bbox 477 660 520 695; x_wconf 75' lang='grc' dir='ltr'><strong>ἐφ’</strong></span> <span class='ocrx_word' id='word_1_85' title='bbox 542 657 576 695; x_wconf 81' lang='grc' dir='ltr'>ἧς</span> <span class='ocrx_word' id='word_1_86' title='bbox 600 658 760 686; x_wconf 79' lang='grc' dir='ltr'><strong>καθεσθεῖσα</strong></span> <span class='ocrx_word' id='word_1_87' title='bbox 782 656 869 684; x_wconf 71' lang='grc' dir='ltr'>ἑλπίδι</span> <span class='ocrx_word' id='word_1_88' title='bbox 883 655 931 682; x_wconf 88' lang='grc' dir='ltr'><strong>τοῦ</strong></span> <span class='ocrx_word' id='word_1_89' title='bbox 947 654 982 682; x_wconf 80' lang='grc' dir='ltr'>τὰ</span> 
     </span>
    </p>
   </div>
   <div class='ocr_carea' id='block_1_13' title="bbox 227 699 981 741">
    <p class='ocr_par' dir='ltr' id='par_1_13' title="bbox 227 699 981 741">
     <span class='ocr_line' id='line_1_13' title="bbox 227 699 981 741; baseline -0.009 -8"><span class='ocrx_word' id='word_1_90' title='bbox 227 707 291 732; x_wconf 81' lang='grc' dir='ltr'>τέκνα</span> <span class='ocrx_word' id='word_1_91' title='bbox 313 714 342 741; x_wconf 83' lang='grc' dir='ltr'><strong>με</strong></span> <span class='ocrx_word' id='word_1_92' title='bbox 355 705 441 738; x_wconf 79' lang='grc' dir='ltr'>ζῶντα</span> <span class='ocrx_word' id='word_1_93' title='bbox 454 705 555 741; x_wconf 77' lang='grc' dir='ltr'><strong>εὑρεῖν,</strong></span> <span class='ocrx_word' id='word_1_94' title='bbox 578 705 618 736; x_wconf 85' lang='grc' dir='ltr'><strong>είς</strong></span> <span class='ocrx_word' id='word_1_95' title='bbox 636 704 682 731; x_wconf 79' lang='grc' dir='ltr'><strong>τὸν</strong></span> <span class='ocrx_word' id='word_1_96' title='bbox 701 702 779 739; x_wconf 82' lang='grc' dir='ltr'>βυθὸν</span> <span class='ocrx_word' id='word_1_97' title='bbox 796 700 919 737; x_wconf 74' lang='grc' dir='ltr'>ἐμαυτὴν</span> <span class='ocrx_word' id='word_1_98' title='bbox 932 699 981 726; x_wconf 80' lang='grc' dir='ltr'><strong>οὐκ</strong></span> 
     </span>
    </p>
   </div>
   <div class='ocr_carea' id='block_1_14' title="bbox 226 745 982 787">
    <p class='ocr_par' dir='ltr' id='par_1_14' title="bbox 226 745 982 787">
     <span class='ocr_line' id='line_1_14' title="bbox 226 745 982 787; baseline -0.011 -8"><span class='ocrx_word' id='word_1_99' title='bbox 226 750 304 787; x_wconf 76' lang='grc' dir='ltr'>ἔρῤιψα</span> <span class='ocrx_word' id='word_1_100' title='bbox 314 750 379 784; x_wconf 72' lang='grc' dir='ltr'>τότε,</span> <span class='ocrx_word' id='word_1_101' title='bbox 395 751 439 778; x_wconf 67' lang='grc' dir='ltr'>ἄιε</span> <span class='ocrx_word' id='word_1_102' title='bbox 449 750 496 777; x_wconf 78' lang='grc' dir='ltr'><strong>καὶ</strong></span> <span class='ocrx_word' id='word_1_103' title='bbox 505 750 554 786; x_wconf 81' lang='grc' dir='ltr'><strong>τὴν</strong></span> <span class='ocrx_word' id='word_1_104' title='bbox 567 748 655 785; x_wconf 80' lang='grc' dir='ltr'>ψυχὴν</span> <span class='ocrx_word' id='word_1_105' title='bbox 670 746 744 784; x_wconf 80' lang='grc' dir='ltr'>εἶχον</span> <span class='ocrx_word' id='word_1_106' title='bbox 758 748 817 779; x_wconf 85' lang='grc' dir='ltr'>τοῖς</span> <span class='ocrx_word' id='word_1_107' title='bbox 827 746 878 782; x_wconf 80' lang='grc' dir='ltr'>τῆς</span> <span class='ocrx_word' id='word_1_108' title='bbox 893 745 982 781; x_wconf 85' lang='grc' dir='ltr'>λύπης</span> 
     </span>
    </p>
   </div>
   <div class='ocr_carea' id='block_1_15' title="bbox 227 791 981 833">
    <p class='ocr_par' dir='ltr' id='par_1_15' title="bbox 227 791 981 833">
     <span class='ocr_line' id='line_1_15' title="bbox 227 791 981 833; baseline -0.02 -1"><span class='ocrx_word' id='word_1_109' title='bbox 227 797 319 831; x_wconf 58' lang='grc' dir='ltr'><strong>κύμασιν</strong></span> <span class='ocrx_word' id='word_1_110' title='bbox 328 796 375 833; x_wconf 70' lang='grc' dir='ltr'><strong>ἤδη</strong></span> <span class='ocrx_word' id='word_1_111' title='bbox 392 795 609 832; x_wconf 75' lang='grc' dir='ltr'>μεμεθυσμένην,</span> <span class='ocrx_word' id='word_1_112' title='bbox 625 795 672 822; x_wconf 79' lang='grc' dir='ltr'><strong>καὶ</strong></span> <span class='ocrx_word' id='word_1_113' title='bbox 687 793 789 830; x_wconf 75' lang='grc' dir='ltr'>πρᾶξαι</span> <span class='ocrx_word' id='word_1_114' title='bbox 803 791 882 819; x_wconf 88' lang='grc' dir='ltr'>τοῦτο</span> <span class='ocrx_word' id='word_1_115' title='bbox 899 792 981 818; x_wconf 77' lang='grc' dir='ltr'>εὐπε-</span> 
     </span>
    </p>
   </div>
   <div class='ocr_carea' id='block_1_16' title="bbox 225 841 413 878">
    <p class='ocr_par' dir='ltr' id='par_1_16' title="bbox 225 841 413 878">
     <span class='ocr_line' id='line_1_16' title="bbox 225 841 413 878; baseline 0.011 -11"><span class='ocrx_word' id='word_1_116' title='bbox 225 841 266 873; x_wconf 79' lang='grc' dir='ltr'>τῶς</span> <span class='ocrx_word' id='word_1_117' title='bbox 277 841 413 878; x_wconf 72' lang='grc' dir='ltr'>ἠδυνάμην.</span> 
     </span>
    </p>
   </div>
   <div class='ocr_carea' id='block_1_17' title="bbox 251 880 1015 923">
    <p class='ocr_par' dir='ltr' id='par_1_17' title="bbox 251 880 1015 923">
     <span class='ocr_line' id='line_1_17' title="bbox 251 880 1015 923; baseline -0.007 -9"><span class='ocrx_word' id='word_1_118' title='bbox 251 887 330 915; x_wconf 80' lang='lat' dir='ltr'><strong>LXXX</strong></span> <span class='ocrx_word' id='word_1_119' title='bbox 334 887 437 923; x_wconf 79' lang='grc' dir='ltr'><strong>ν.Πλὴν</strong></span> <span class='ocrx_word' id='word_1_120' title='bbox 442 887 534 923; x_wconf 66' lang='grc' dir='ltr'>ἐπειδὴ</span> <span class='ocrx_word' id='word_1_121' title='bbox 541 887 638 923; x_wconf 76' lang='grc' dir='ltr'>θρθρος</span> <span class='ocrx_word' id='word_1_122' title='bbox 645 885 761 920; x_wconf 70' lang='grc' dir='ltr'>ἐγένετο,</span> <span class='ocrx_word' id='word_1_123' title='bbox 769 884 873 920; x_wconf 79' lang='grc' dir='ltr'>μεγάλα</span> <span class='ocrx_word' id='word_1_124' title='bbox 880 883 980 920; x_wconf 80' lang='grc' dir='ltr'><strong>βοῶσα,</strong></span> <span class='ocrx_word' id='word_1_125' title='bbox 994 880 1015 909; x_wconf 84' lang='grc' dir='ltr'>Β</span> 
     </span>
    </p>
   </div>
   <div class='ocr_carea' id='block_1_18' title="bbox 225 929 983 969">
    <p class='ocr_par' dir='ltr' id='par_1_18' title="bbox 225 929 983 969">
     <span class='ocr_line' id='line_1_18' title="bbox 225 929 983 969; baseline -0.004 -10"><span class='ocrx_word' id='word_1_126' title='bbox 225 934 260 959; x_wconf 73' lang='grc' dir='ltr'>καί</span> <span class='ocrx_word' id='word_1_127' title='bbox 272 933 353 969; x_wconf 62' lang='grc' dir='ltr'>θγοερὰ</span> <span class='ocrx_word' id='word_1_128' title='bbox 371 933 515 960; x_wconf 76' lang='grc' dir='ltr'><strong>κωκύουσα</strong></span> <span class='ocrx_word' id='word_1_129' title='bbox 535 932 770 969; x_wconf 78' lang='grc' dir='ltr'>περιεϐλεπόμην,</span> <span class='ocrx_word' id='word_1_130' title='bbox 795 929 914 967; x_wconf 76' lang='grc' dir='ltr'>ζητοῦσα</span> <span class='ocrx_word' id='word_1_131' title='bbox 928 929 983 956; x_wconf 85' lang='grc' dir='ltr'><strong>τῶν</strong></span> 
     </span>
    </p>
   </div>
   <div class='ocr_carea' id='block_1_19' title="bbox 225 976 982 1015">
    <p class='ocr_par' dir='ltr' id='par_1_19' title="bbox 225 976 982 1015">
     <span class='ocr_line' id='line_1_19' title="bbox 225 976 982 1015; baseline -0.005 -9"><span class='ocrx_word' id='word_1_132' title='bbox 225 979 280 1014; x_wconf 82' lang='grc' dir='ltr'>ὲμῶν</span> <span class='ocrx_word' id='word_1_133' title='bbox 290 980 462 1015; x_wconf 73' lang='grc' dir='ltr'>ταλαιπιίιρων</span> <span class='ocrx_word' id='word_1_134' title='bbox 477 978 584 1015; x_wconf 78' lang='grc' dir='ltr'>βρεφῶν</span> <span class='ocrx_word' id='word_1_135' title='bbox 597 978 633 1006; x_wconf 83' lang='grc' dir='ltr'><strong>τὰ</strong></span> <span class='ocrx_word' id='word_1_136' title='bbox 647 978 732 1015; x_wconf 79' lang='grc' dir='ltr'>νεκρὰ</span> <span class='ocrx_word' id='word_1_137' title='bbox 745 977 868 1013; x_wconf 76' lang='grc' dir='ltr'>σώματα.</span> <span class='ocrx_word' id='word_1_138' title='bbox 892 976 982 1012; x_wconf 84' lang='grc' dir='ltr'>Ἐλεή-</span> 
     </span>
    </p>
   </div>
   <div class='ocr_carea' id='block_1_20' title="bbox 225 1022 980 1062">
    <p class='ocr_par' dir='ltr' id='par_1_20' title="bbox 225 1022 980 1062">
     <span class='ocr_line' id='line_1_20' title="bbox 225 1022 980 1062; baseline -0.003 -12"><span class='ocrx_word' id='word_1_139' title='bbox 225 1033 300 1058; x_wconf 75' lang='grc' dir='ltr'>σιντες</span> <span class='ocrx_word' id='word_1_140' title='bbox 318 1024 360 1053; x_wconf 76' lang='grc' dir='ltr'><strong>οὖν</strong></span> <span class='ocrx_word' id='word_1_141' title='bbox 383 1035 417 1062; x_wconf 86' lang='grc' dir='ltr'><strong>με</strong></span> <span class='ocrx_word' id='word_1_142' title='bbox 447 1026 472 1053; x_wconf 87' lang='grc' dir='ltr'><strong>οί</strong></span> <span class='ocrx_word' id='word_1_143' title='bbox 497 1024 648 1061; x_wconf 74' lang='grc' dir='ltr'>ὲπιχώριοι,</span> <span class='ocrx_word' id='word_1_144' title='bbox 674 1025 722 1051; x_wconf 79' lang='grc' dir='ltr'><strong>καὶ</strong></span> <span class='ocrx_word' id='word_1_145' title='bbox 746 1022 851 1059; x_wconf 82' lang='grc' dir='ltr'>γυμνὴν</span> <span class='ocrx_word' id='word_1_146' title='bbox 871 1022 980 1054; x_wconf 85' lang='grc' dir='ltr'>ιδόντες,</span> 
     </span>
    </p>
   </div>
   <div class='ocr_carea' id='block_1_21' title="bbox 223 1067 983 1107">
    <p class='ocr_par' dir='ltr' id='par_1_21' title="bbox 223 1067 983 1107">
     <span class='ocr_line' id='line_1_21' title="bbox 223 1067 983 1107; baseline -0.005 -10"><span class='ocrx_word' id='word_1_147' title='bbox 223 1072 333 1099; x_wconf 76' lang='grc' dir='ltr'>ἐνέδυσαν.</span> <span class='ocrx_word' id='word_1_148' title='bbox 357 1070 423 1100; x_wconf 80' lang='grc' dir='ltr'>Εἶτα</span> <span class='ocrx_word' id='word_1_149' title='bbox 444 1073 492 1100; x_wconf 70' lang='grc' dir='ltr'><strong>καὶ</strong></span> <span class='ocrx_word' id='word_1_150' title='bbox 513 1072 558 1099; x_wconf 80' lang='grc' dir='ltr'><strong>τὸν</strong></span> <span class='ocrx_word' id='word_1_151' title='bbox 584 1071 664 1107; x_wconf 80' lang='grc' dir='ltr'>βυθὸν</span> <span class='ocrx_word' id='word_1_152' title='bbox 685 1069 851 1106; x_wconf 79' lang='grc' dir='ltr'><strong>ἀνηρεύνων,</strong></span> <span class='ocrx_word' id='word_1_153' title='bbox 873 1068 907 1095; x_wconf 80' lang='grc' dir='ltr'>τὰ</span> <span class='ocrx_word' id='word_1_154' title='bbox 927 1067 983 1103; x_wconf 79' lang='grc' dir='ltr'><strong>ὲμὰ</strong></span> 
     </span>
    </p>
   </div>
   <div class='ocr_carea' id='block_1_22' title="bbox 222 1113 982 1154">
    <p class='ocr_par' dir='ltr' id='par_1_22' title="bbox 222 1113 982 1154">
     <span class='ocr_line' id='line_1_22' title="bbox 222 1113 982 1154; baseline -0.004 -11"><span class='ocrx_word' id='word_1_155' title='bbox 222 1118 285 1144; x_wconf 78' lang='grc' dir='ltr'>τέκνα</span> <span class='ocrx_word' id='word_1_156' title='bbox 297 1117 442 1154; x_wconf 76' lang='grc' dir='ltr'>ζητοῦντες.</span> <span class='ocrx_word' id='word_1_157' title='bbox 465 1118 545 1144; x_wconf 82' lang='grc' dir='ltr'>Ἐπεὶ</span> <span class='ocrx_word' id='word_1_158' title='bbox 560 1117 589 1144; x_wconf 80' lang='grc' dir='ltr'><strong>δὲ</strong></span> <span class='ocrx_word' id='word_1_159' title='bbox 607 1117 645 1153; x_wconf 82' lang='grc' dir='ltr'>μὴ</span> <span class='ocrx_word' id='word_1_160' title='bbox 659 1115 795 1152; x_wconf 76' lang='grc' dir='ltr'>εὕρισκον,</span> <span class='ocrx_word' id='word_1_161' title='bbox 810 1113 982 1151; x_wconf 84' lang='grc' dir='ltr'>παραμυθίας</span> 
     </span>
    </p>
   </div>
   <div class='ocr_carea' id='block_1_23' title="bbox 222 1157 981 1198">
    <p class='ocr_par' dir='ltr' id='par_1_23' title="bbox 222 1157 981 1198">
     <span class='ocr_line' id='line_1_23' title="bbox 222 1157 981 1198; baseline -0.004 -10"><span class='ocrx_word' id='word_1_162' title='bbox 222 1161 283 1197; x_wconf 77' lang='grc' dir='ltr'>χάριν</span> <span class='ocrx_word' id='word_1_163' title='bbox 300 1163 366 1194; x_wconf 80' lang='grc' dir='ltr'>τινὲς</span> <span class='ocrx_word' id='word_1_164' title='bbox 381 1162 438 1190; x_wconf 88' lang='grc' dir='ltr'>τῶν</span> <span class='ocrx_word' id='word_1_165' title='bbox 462 1162 606 1198; x_wconf 79' lang='grc' dir='ltr'>φιλοξένων</span> <span class='ocrx_word' id='word_1_166' title='bbox 622 1160 757 1196; x_wconf 81' lang='grc' dir='ltr'>γυναικῶν</span> <span class='ocrx_word' id='word_1_167' title='bbox 775 1157 981 1196; x_wconf 83' lang='grc' dir='ltr'>προσελθοῦσαι,</span> 
     </span>
    </p>
   </div>
   <div class='ocr_carea' id='block_1_24' title="bbox 221 1204 982 1244">
    <p class='ocr_par' dir='ltr' id='par_1_24' title="bbox 221 1204 982 1244">
     <span class='ocr_line' id='line_1_24' title="bbox 221 1204 982 1244; baseline -0.005 -10"><span class='ocrx_word' id='word_1_168' title='bbox 221 1207 335 1243; x_wconf 76' lang='grc' dir='ltr'>διηγοῦντο</span> <span class='ocrx_word' id='word_1_169' title='bbox 345 1209 446 1244; x_wconf 73' lang='grc' dir='ltr'>ἑκάστη</span> <span class='ocrx_word' id='word_1_170' title='bbox 462 1209 498 1236; x_wconf 81' lang='grc' dir='ltr'>τὰ</span> <span class='ocrx_word' id='word_1_171' title='bbox 513 1208 612 1243; x_wconf 77' lang='grc' dir='ltr'>ἑαυτῆς</span> <span class='ocrx_word' id='word_1_172' title='bbox 622 1206 705 1239; x_wconf 78' lang='grc' dir='ltr'>κακὰ,</span> <span class='ocrx_word' id='word_1_173' title='bbox 720 1206 764 1234; x_wconf 82' lang='grc' dir='ltr'><strong>ἵνα</strong></span> <span class='ocrx_word' id='word_1_174' title='bbox 777 1207 810 1241; x_wconf 84' lang='grc' dir='ltr'>τῇ</span> <span class='ocrx_word' id='word_1_175' title='bbox 818 1204 872 1232; x_wconf 81' lang='grc' dir='ltr'>τῶν</span> <span class='ocrx_word' id='word_1_176' title='bbox 881 1204 982 1241; x_wconf 77' lang='grc' dir='ltr'>ὁμοίων</span> 
     </span>
    </p>
   </div>
   <div class='ocr_carea' id='block_1_25' title="bbox 222 1250 981 1290">
    <p class='ocr_par' dir='ltr' id='par_1_25' title="bbox 222 1250 981 1290">
     <span class='ocr_line' id='line_1_25' title="bbox 222 1250 981 1290; baseline -0.005 -9"><span class='ocrx_word' id='word_1_177' title='bbox 222 1255 339 1290; x_wconf 65' lang='grc' dir='ltr'>συμᾳορᾷ,</span> <span class='ocrx_word' id='word_1_178' title='bbox 357 1253 535 1290; x_wconf 80' lang='grc' dir='ltr'>παραμυθίας</span> <span class='ocrx_word' id='word_1_179' title='bbox 552 1253 636 1290; x_wconf 81' lang='grc' dir='ltr'>μέρος</span> <span class='ocrx_word' id='word_1_180' title='bbox 649 1254 677 1280; x_wconf 76' lang='grc' dir='ltr'><strong>ὲν</strong></span> <span class='ocrx_word' id='word_1_181' title='bbox 693 1254 750 1284; x_wconf 89' lang='grc' dir='ltr'>τοῖς</span> <span class='ocrx_word' id='word_1_182' title='bbox 765 1252 841 1288; x_wconf 72' lang='grc' dir='ltr'>ἐμοῖς</span> <span class='ocrx_word' id='word_1_183' title='bbox 856 1250 981 1287; x_wconf 75' lang='grc' dir='ltr'>εὕροιμι·</span> 
     </span>
    </p>
   </div>
   <div class='ocr_carea' id='block_1_26' title="bbox 220 1296 982 1336">
    <p class='ocr_par' dir='ltr' id='par_1_26' title="bbox 220 1296 982 1336">
     <span class='ocr_line' id='line_1_26' title="bbox 220 1296 982 1336; baseline -0.004 -11"><span class='ocrx_word' id='word_1_184' title='bbox 220 1298 230 1323; x_wconf 84' lang='grc' dir='ltr'><strong><em>ὃ</em></strong></span> <span class='ocrx_word' id='word_1_185' title='bbox 242 1299 266 1334; x_wconf 81' lang='grc' dir='ltr'><strong>δή</strong></span> <span class='ocrx_word' id='word_1_186' title='bbox 281 1308 310 1334; x_wconf 79' lang='grc' dir='ltr'><strong>με</strong></span> <span class='ocrx_word' id='word_1_187' title='bbox 323 1301 369 1327; x_wconf 75' lang='grc' dir='ltr'><strong>καὶ</strong></span> <span class='ocrx_word' id='word_1_188' title='bbox 385 1299 487 1336; x_wconf 82' lang='grc' dir='ltr'>μᾶλλον</span> <span class='ocrx_word' id='word_1_189' title='bbox 497 1299 602 1331; x_wconf 71' lang='grc' dir='ltr'>ἐλύπει,</span> <span class='ocrx_word' id='word_1_190' title='bbox 618 1298 666 1325; x_wconf 80' lang='grc' dir='ltr'><strong>καὶ</strong></span> <span class='ocrx_word' id='word_1_191' title='bbox 677 1298 728 1334; x_wconf 77' lang='grc' dir='ltr'>τὴν</span> <span class='ocrx_word' id='word_1_192' title='bbox 737 1297 827 1333; x_wconf 83' lang='grc' dir='ltr'>ψυχὴν</span> <span class='ocrx_word' id='word_1_193' title='bbox 836 1297 881 1323; x_wconf 67' lang='grc' dir='ltr'><strong>ἐπὶ</strong></span> <span class='ocrx_word' id='word_1_194' title='bbox 891 1296 982 1323; x_wconf 84' lang='grc' dir='ltr'>πλεῖον</span> 
     </span>
    </p>
   </div>
   <div class='ocr_carea' id='block_1_27' title="bbox 220 1344 983 1382">
    <p class='ocr_par' dir='ltr' id='par_1_27' title="bbox 220 1344 983 1382">
     <span class='ocr_line' id='line_1_27' title="bbox 220 1344 983 1382; baseline -0.003 -10"><span class='ocrx_word' id='word_1_195' title='bbox 220 1347 340 1382; x_wconf 73' lang='grc' dir='ltr'>κατήσθιε,</span> <span class='ocrx_word' id='word_1_196' title='bbox 364 1347 502 1382; x_wconf 79' lang='grc' dir='ltr'>γυναικῶν</span> <span class='ocrx_word' id='word_1_197' title='bbox 522 1347 569 1374; x_wconf 76' lang='grc' dir='ltr'><strong>καὶ</strong></span> <span class='ocrx_word' id='word_1_198' title='bbox 595 1346 682 1374; x_wconf 72' lang='grc' dir='ltr'>ἄλλων</span> <span class='ocrx_word' id='word_1_199' title='bbox 702 1344 854 1372; x_wconf 80' lang='grc' dir='ltr'>ἀκούουσαν</span> <span class='ocrx_word' id='word_1_200' title='bbox 878 1352 983 1380; x_wconf 86' lang='grc' dir='ltr'>συμφο-</span> 
     </span>
    </p>
   </div>
   <div class='ocr_carea' id='block_1_28' title="bbox 220 1390 983 1428">
    <p class='ocr_par' dir='ltr' id='par_1_28' title="bbox 220 1390 983 1428">
     <span class='ocr_line' id='line_1_28' title="bbox 220 1390 983 1428; baseline -0.003 -10"><span class='ocrx_word' id='word_1_201' title='bbox 220 1392 263 1427; x_wconf 80' lang='grc' dir='ltr'>ράς.</span> <span class='ocrx_word' id='word_1_202' title='bbox 278 1393 327 1419; x_wconf 80' lang='grc' dir='ltr'><strong>Καὶ</strong></span> <span class='ocrx_word' id='word_1_203' title='bbox 340 1394 370 1428; x_wconf 77' lang='grc' dir='ltr'><strong>δὴ</strong></span> <span class='ocrx_word' id='word_1_204' title='bbox 388 1394 436 1420; x_wconf 77' lang='grc' dir='ltr'><strong>καὶ</strong></span> <span class='ocrx_word' id='word_1_205' title='bbox 450 1394 491 1426; x_wconf 84' lang='grc' dir='ltr'><strong>είς</strong></span> <span class='ocrx_word' id='word_1_206' title='bbox 514 1392 601 1425; x_wconf 80' lang='grc' dir='ltr'>ξενίαν</span> <span class='ocrx_word' id='word_1_207' title='bbox 620 1391 726 1419; x_wconf 81' lang='grc' dir='ltr'>πολλῶν</span> <span class='ocrx_word' id='word_1_208' title='bbox 746 1400 779 1427; x_wconf 81' lang='grc' dir='ltr'><strong>με</strong></span> <span class='ocrx_word' id='word_1_209' title='bbox 796 1390 873 1425; x_wconf 76' lang='grc' dir='ltr'>ἄγειν</span> <span class='ocrx_word' id='word_1_210' title='bbox 893 1390 983 1423; x_wconf 74' lang='grc' dir='ltr'>ἀξιου-</span> 
     </span>
    </p>
   </div>
   <div class='ocr_carea' id='block_1_29' title="bbox 219 1435 981 1474">
    <p class='ocr_par' dir='ltr' id='par_1_29' title="bbox 219 1435 981 1474">
     <span class='ocr_line' id='line_1_29' title="bbox 219 1435 981 1474; baseline -0.001 -11"><span class='ocrx_word' id='word_1_211' title='bbox 219 1438 267 1470; x_wconf 78' lang='grc' dir='ltr'>σῶν,</span> <span class='ocrx_word' id='word_1_212' title='bbox 278 1439 321 1474; x_wconf 87' lang='grc' dir='ltr'>μία</span> <span class='ocrx_word' id='word_1_213' title='bbox 331 1448 372 1471; x_wconf 84' lang='grc' dir='ltr'><strong>τις</strong></span> <span class='ocrx_word' id='word_1_214' title='bbox 384 1439 440 1467; x_wconf 84' lang='grc' dir='ltr'><strong>τῶν</strong></span> <span class='ocrx_word' id='word_1_215' title='bbox 456 1438 570 1466; x_wconf 71' lang='grc' dir='ltr'>ἐνταῦθα</span> <span class='ocrx_word' id='word_1_216' title='bbox 584 1437 710 1473; x_wconf 83' lang='grc' dir='ltr'>πενιχρὰ,</span> <span class='ocrx_word' id='word_1_217' title='bbox 726 1437 811 1464; x_wconf 85' lang='grc' dir='ltr'>πολλὰ</span> <span class='ocrx_word' id='word_1_218' title='bbox 819 1435 981 1472; x_wconf 74' lang='grc' dir='ltr'>βιασαμένη,</span> 
     </span>
    </p>
   </div>
   <div class='ocr_carea' id='block_1_30' title="bbox 218 1482 981 1521">
    <p class='ocr_par' dir='ltr' id='par_1_30' title="bbox 218 1482 981 1521">
     <span class='ocr_line' id='line_1_30' title="bbox 218 1482 981 1521; baseline -0.004 -10"><span class='ocrx_word' id='word_1_219' title='bbox 218 1483 248 1515; x_wconf 77' lang='grc' dir='ltr'>εἰς</span> <span class='ocrx_word' id='word_1_220' title='bbox 262 1484 287 1511; x_wconf 84' lang='grc' dir='ltr'><strong>τὺ</strong></span> <span class='ocrx_word' id='word_1_221' title='bbox 303 1485 396 1521; x_wconf 79' lang='grc' dir='ltr'>ἑαυτῆς</span> <span class='ocrx_word' id='word_1_222' title='bbox 415 1485 503 1512; x_wconf 85' lang='grc' dir='ltr'>ὲλθεῖν</span> <span class='ocrx_word' id='word_1_223' title='bbox 525 1485 652 1512; x_wconf 73' lang='grc' dir='ltr'>ἀνέπεισε</span> <span class='ocrx_word' id='word_1_224' title='bbox 667 1482 851 1518; x_wconf 76' lang='grc' dir='ltr'>καταγώγιον,</span> <span class='ocrx_word' id='word_1_225' title='bbox 870 1482 981 1518; x_wconf 77' lang='grc' dir='ltr'>Θάρσει,</span> 
     </span>
    </p>
   </div>
   <div class='ocr_carea' id='block_1_31' title="bbox 217 1524 981 1567">
    <p class='ocr_par' dir='ltr' id='par_1_31' title="bbox 217 1524 981 1567">
     <span class='ocr_line' id='line_1_31' title="bbox 217 1524 981 1567; baseline -0.004 -11"><span class='ocrx_word' id='word_1_226' title='bbox 217 1528 323 1564; x_wconf 77' lang='grc' dir='ltr'>λέγουσα·</span> <span class='ocrx_word' id='word_1_227' title='bbox 340 1532 386 1558; x_wconf 76' lang='grc' dir='ltr'><strong>καὶ</strong></span> <span class='ocrx_word' id='word_1_228' title='bbox 397 1531 455 1567; x_wconf 72' lang='grc' dir='ltr'><strong>γὰρ</strong></span> <span class='ocrx_word' id='word_1_229' title='bbox 468 1532 483 1558; x_wconf 88' lang='grc' dir='ltr'>ὁ</span> <span class='ocrx_word' id='word_1_230' title='bbox 498 1530 563 1566; x_wconf 74' lang='grc' dir='ltr'>ἐμὸς</span> <span class='ocrx_word' id='word_1_231' title='bbox 578 1530 658 1566; x_wconf 80' lang='grc' dir='ltr'>ἀνὴρ,</span> <span class='ocrx_word' id='word_1_232' title='bbox 677 1529 778 1564; x_wconf 83' lang='grc' dir='ltr'>ναύτης</span> <span class='ocrx_word' id='word_1_233' title='bbox 791 1528 820 1555; x_wconf 80' lang='grc' dir='ltr'><strong>δὲ</strong></span> <span class='ocrx_word' id='word_1_234' title='bbox 840 1524 915 1559; x_wconf 71' lang='grc' dir='ltr'>οὗτος</span> <span class='ocrx_word' id='word_1_235' title='bbox 934 1525 981 1563; x_wconf 78' lang='grc' dir='ltr'>ἦν,</span> 
     </span>
    </p>
   </div>
   <div class='ocr_carea' id='block_1_32' title="bbox 217 1556 1014 1612">
    <p class='ocr_par' dir='ltr' id='par_1_32' title="bbox 217 1556 1014 1612">
     <span class='ocr_line' id='line_1_32' title="bbox 217 1556 1014 1612; baseline -0.001 -11"><span class='ocrx_word' id='word_1_236' title='bbox 217 1556 274 1603; x_wconf 53' lang='grc' dir='ltr'>κατα</span> <span class='ocrx_word' id='word_1_237' title='bbox 283 1556 640 1612; x_wconf 35' lang='grc' dir='ltr'>θαλασσδζεδηζιξπάνύ</span> <span class='ocrx_word' id='word_1_238' title='bbox 651 1556 794 1611; x_wconf 50' lang='grc' dir='ltr'>,νεώτερος</span> <span class='ocrx_word' id='word_1_239' title='bbox 811 1574 849 1601; x_wconf 83' lang='grc' dir='ltr'>ὢν</span> <span class='ocrx_word' id='word_1_240' title='bbox 860 1582 868 1593; x_wconf 68' lang='grc' dir='ltr'><strong>ν</strong></span> <span class='ocrx_word' id='word_1_241' title='bbox 886 1556 933 1601; x_wconf 76' lang='grc' dir='ltr'>καὶ</span> <span class='ocrx_word' id='word_1_242' title='bbox 993 1556 1014 1585; x_wconf 75' lang='lat' dir='ltr'><strong>C</strong></span> 
     </span>
    </p>
   </div>
   <div class='ocr_carea' id='block_1_33' title="bbox 217 1618 980 1659">
    <p class='ocr_par' dir='ltr' id='par_1_33' title="bbox 217 1618 980 1659">
     <span class='ocr_line' id='line_1_33' title="bbox 217 1618 980 1659; baseline -0.003 -12"><span class='ocrx_word' id='word_1_243' title='bbox 217 1622 299 1649; x_wconf 68' lang='grc' dir='ltr'>ἐκείνου</span> <span class='ocrx_word' id='word_1_244' title='bbox 313 1623 414 1650; x_wconf 79' lang='grc' dir='ltr'>πολλῶν</span> <span class='ocrx_word' id='word_1_245' title='bbox 437 1632 473 1659; x_wconf 84' lang='grc' dir='ltr'><strong>με</strong></span> <span class='ocrx_word' id='word_1_246' title='bbox 486 1622 632 1656; x_wconf 72' lang='grc' dir='ltr'>ἀξιούντων</span> <span class='ocrx_word' id='word_1_247' title='bbox 647 1623 688 1653; x_wconf 80' lang='grc' dir='ltr'>εις</span> <span class='ocrx_word' id='word_1_248' title='bbox 703 1621 790 1656; x_wconf 85' lang='grc' dir='ltr'>γάμον</span> <span class='ocrx_word' id='word_1_249' title='bbox 810 1619 907 1652; x_wconf 75' lang='grc' dir='ltr'>ἐλθεῖν,</span> <span class='ocrx_word' id='word_1_250' title='bbox 924 1618 980 1653; x_wconf 70' lang='grc' dir='ltr'>ἐγὼ</span> 
     </span>
    </p>
   </div>
   <div class='ocr_carea' id='block_1_34' title="bbox 217 1664 979 1705">
    <p class='ocr_par' dir='ltr' id='par_1_34' title="bbox 217 1664 979 1705">
     <span class='ocr_line' id='line_1_34' title="bbox 217 1664 979 1705; baseline -0.005 -10"><span class='ocrx_word' id='word_1_251' title='bbox 217 1669 319 1703; x_wconf 76' lang='grc' dir='ltr'><strong>χηρεύειν</strong></span> <span class='ocrx_word' id='word_1_252' title='bbox 333 1669 453 1705; x_wconf 86' lang='grc' dir='ltr'><strong>εἱλόμην,</strong></span> <span class='ocrx_word' id='word_1_253' title='bbox 470 1668 517 1695; x_wconf 81' lang='grc' dir='ltr'>τὸν</span> <span class='ocrx_word' id='word_1_254' title='bbox 533 1668 598 1703; x_wconf 82' lang='grc' dir='ltr'>ὲμὺν</span> <span class='ocrx_word' id='word_1_255' title='bbox 612 1667 697 1703; x_wconf 78' lang='grc' dir='ltr'>ἄνδρα</span> <span class='ocrx_word' id='word_1_256' title='bbox 710 1664 844 1693; x_wconf 85' lang='grc' dir='ltr'>ποθοῦσα·</span> <span class='ocrx_word' id='word_1_257' title='bbox 860 1665 936 1692; x_wconf 76' lang='grc' dir='ltr'>ἔσται</span> <span class='ocrx_word' id='word_1_258' title='bbox 950 1664 979 1691; x_wconf 78' lang='grc' dir='ltr'><strong>δὲ</strong></span> 
     </span>
    </p>
   </div>
   <div class='ocr_carea' id='block_1_35' title="bbox 217 1709 978 1750">
    <p class='ocr_par' dir='ltr' id='par_1_35' title="bbox 217 1709 978 1750">
     <span class='ocr_line' id='line_1_35' title="bbox 217 1709 978 1750; baseline -0.004 -11"><span class='ocrx_word' id='word_1_259' title='bbox 217 1713 276 1740; x_wconf 75' lang='grc' dir='ltr'>κοινὰ</span> <span class='ocrx_word' id='word_1_260' title='bbox 285 1714 353 1750; x_wconf 73' lang='grc' dir='ltr'>ἡμῖν,</span> <span class='ocrx_word' id='word_1_261' title='bbox 375 1714 394 1741; x_wconf 76' lang='grc' dir='ltr'>ἃ</span> <span class='ocrx_word' id='word_1_262' title='bbox 408 1714 453 1741; x_wconf 80' lang='grc' dir='ltr'>διὰ</span> <span class='ocrx_word' id='word_1_263' title='bbox 469 1713 570 1749; x_wconf 86' lang='grc' dir='ltr'>χειρῶν</span> <span class='ocrx_word' id='word_1_264' title='bbox 581 1712 735 1748; x_wconf 80' lang='grc' dir='ltr'>ἀμφότεραι</span> <span class='ocrx_word' id='word_1_265' title='bbox 756 1710 879 1747; x_wconf 77' lang='grc' dir='ltr'>πορίζειν</span> <span class='ocrx_word' id='word_1_266' title='bbox 897 1709 978 1738; x_wconf 81' lang='grc' dir='ltr'>δυνά-</span> 
     </span>
    </p>
   </div>
   <div class='ocr_carea' id='block_1_36' title="bbox 218 1759 633 1796">
    <p class='ocr_par' dir='ltr' id='par_1_36' title="bbox 218 1759 633 1796">
     <span class='ocr_line' id='line_1_36' title="bbox 218 1759 633 1796; baseline 0 -11"><span class='ocrx_word' id='word_1_267' title='bbox 218 1760 279 1795; x_wconf 83' lang='grc' dir='ltr'>μεθα.</span> <span class='ocrx_word' id='word_1_268' title='bbox 291 1761 342 1788; x_wconf 74' lang='grc' dir='ltr'>Καὶ</span> <span class='ocrx_word' id='word_1_269' title='bbox 354 1760 440 1788; x_wconf 84' lang='grc' dir='ltr'>ταῦτα</span> <span class='ocrx_word' id='word_1_270' title='bbox 462 1759 514 1796; x_wconf 77' lang='grc' dir='ltr'>μὲν</span> <span class='ocrx_word' id='word_1_271' title='bbox 533 1759 633 1794; x_wconf 77' lang='grc' dir='ltr'>εκείνη.</span> 
     </span>
    </p>
   </div>
   <div class='ocr_carea' id='block_1_37' title="bbox 241 1897 980 1939">
    <p class='ocr_par' dir='ltr' id='par_1_37' title="bbox 241 1897 980 1939">
     <span class='ocr_line' id='line_1_37' title="bbox 241 1897 980 1939; baseline -0.007 -10"><span class='ocrx_word' id='word_1_272' title='bbox 241 1901 366 1932; x_wconf 73' lang='lat' dir='ltr'><strong>LXXXVI.</strong></span> <span class='ocrx_word' id='word_1_273' title='bbox 383 1903 455 1939; x_wconf 82' lang='grc' dir='ltr'><strong>Ἐγὼ</strong></span> <span class='ocrx_word' id='word_1_274' title='bbox 460 1903 501 1936; x_wconf 77' lang='grc' dir='ltr'><strong>δὲ,</strong></span> <span class='ocrx_word' id='word_1_275' title='bbox 514 1902 600 1938; x_wconf 78' lang='grc' dir='ltr'>ἵναμή</span> <span class='ocrx_word' id='word_1_276' title='bbox 609 1910 649 1929; x_wconf 90' lang='grc' dir='ltr'><strong>σοι</strong></span> <span class='ocrx_word' id='word_1_277' title='bbox 656 1897 980 1937; x_wconf 74' lang='grc' dir='ltr'>μηκύνωτοὺςὺπὲρτού-</span> 
     </span>
    </p>
   </div>
   <div class='ocr_carea' id='block_1_38' title="bbox 214 1944 979 1986">
    <p class='ocr_par' dir='ltr' id='par_1_38' title="bbox 214 1944 979 1986">
     <span class='ocr_line' id='line_1_38' title="bbox 214 1944 979 1986; baseline -0.007 -11"><span class='ocrx_word' id='word_1_278' title='bbox 214 1956 249 1976; x_wconf 77' lang='grc' dir='ltr'>του</span> <span class='ocrx_word' id='word_1_279' title='bbox 253 1950 454 1986; x_wconf 80' lang='grc' dir='ltr'>λόγους,συνῴχη</span> <span class='ocrx_word' id='word_1_280' title='bbox 458 1959 492 1977; x_wconf 87' lang='grc' dir='ltr'><strong>σα</strong></span> <span class='ocrx_word' id='word_1_281' title='bbox 496 1949 582 1985; x_wconf 80' lang='grc' dir='ltr'>ταύτῃ</span> <span class='ocrx_word' id='word_1_282' title='bbox 589 1948 632 1977; x_wconf 82' lang='grc' dir='ltr'>διὰ</span> <span class='ocrx_word' id='word_1_283' title='bbox 639 1948 689 1984; x_wconf 83' lang='grc' dir='ltr'>τὴν</span> <span class='ocrx_word' id='word_1_284' title='bbox 699 1946 791 1982; x_wconf 86' lang='grc' dir='ltr'>φιλανδ</span> <span class='ocrx_word' id='word_1_285' title='bbox 795 1945 862 1982; x_wconf 88' lang='grc' dir='ltr'>ρίαν.</span> <span class='ocrx_word' id='word_1_286' title='bbox 869 1945 906 1973; x_wconf 80' lang='grc' dir='ltr'><strong>Οὐ</strong></span> <span class='ocrx_word' id='word_1_287' title='bbox 912 1944 979 1971; x_wconf 75' lang='grc' dir='ltr'>πολὺ</span> 
     </span>
    </p>
   </div>
   <div class='ocr_carea' id='block_1_39' title="bbox 214 1989 979 2032">
    <p class='ocr_par' dir='ltr' id='par_1_39' title="bbox 214 1989 979 2032">
     <span class='ocr_line' id='line_1_39' title="bbox 214 1989 979 2032; baseline -0.005 -12"><span class='ocrx_word' id='word_1_288' title='bbox 214 1994 237 2020; x_wconf 69' lang='grc' dir='ltr'><strong>τὸ</strong></span> <span class='ocrx_word' id='word_1_289' title='bbox 246 1996 269 2022; x_wconf 76' lang='grc' dir='ltr'>ἒν</span> <span class='ocrx_word' id='word_1_290' title='bbox 285 1996 363 2031; x_wconf 78' lang='grc' dir='ltr'>μέσῳ,</span> <span class='ocrx_word' id='word_1_291' title='bbox 379 1997 427 2024; x_wconf 76' lang='grc' dir='ltr'>καὶ</span> <span class='ocrx_word' id='word_1_292' title='bbox 443 1996 495 2032; x_wconf 78' lang='grc' dir='ltr'>τῆς</span> <span class='ocrx_word' id='word_1_293' title='bbox 506 1993 680 2029; x_wconf 84' lang='grc' dir='ltr'>ταλαιπώρου</span> <span class='ocrx_word' id='word_1_294' title='bbox 697 1993 746 2029; x_wconf 80' lang='grc' dir='ltr'><strong>μὲν</strong></span> <span class='ocrx_word' id='word_1_295' title='bbox 764 1993 792 2019; x_wconf 83' lang='lat' dir='ltr'><strong>al</strong></span> <span class='ocrx_word' id='word_1_296' title='bbox 809 1993 900 2028; x_wconf 81' lang='grc' dir='ltr'>χεῖρες</span> <span class='ocrx_word' id='word_1_297' title='bbox 912 1989 979 2026; x_wconf 72' lang='grc' dir='ltr'>ἐμοῦ</span> 
     </span>
    </p>
   </div>
   <div class='ocr_carea' id='block_1_40' title="bbox 214 2036 979 2078">
    <p class='ocr_par' dir='ltr' id='par_1_40' title="bbox 214 2036 979 2078">
     <span class='ocr_line' id='line_1_40' title="bbox 214 2036 979 2078; baseline -0.007 -9"><span class='ocrx_word' id='word_1_298' title='bbox 214 2040 254 2066; x_wconf 75' lang='grc' dir='ltr'><strong>ὑπὸ</strong></span> <span class='ocrx_word' id='word_1_299' title='bbox 268 2041 316 2069; x_wconf 87' lang='grc' dir='ltr'><strong>τῶν</strong></span> <span class='ocrx_word' id='word_1_300' title='bbox 330 2042 477 2078; x_wconf 83' lang='grc' dir='ltr'><strong>δηγμάτων</strong></span> <span class='ocrx_word' id='word_1_301' title='bbox 495 2041 673 2076; x_wconf 82' lang='grc' dir='ltr'>παρείθησαν,</span> <span class='ocrx_word' id='word_1_302' title='bbox 691 2039 739 2066; x_wconf 73' lang='grc' dir='ltr'><strong>καὶ</strong></span> <span class='ocrx_word' id='word_1_303' title='bbox 758 2039 775 2075; x_wconf 82' lang='grc' dir='ltr'><strong>ἡ</strong></span> <span class='ocrx_word' id='word_1_304' title='bbox 795 2036 979 2073; x_wconf 79' lang='grc' dir='ltr'>ὑποδεξαμένη</span> 
     </span>
    </p>
   </div>
   <div class='ocr_carea' id='block_1_41' title="bbox 215 2081 979 2124">
    <p class='ocr_par' dir='ltr' id='par_1_41' title="bbox 215 2081 979 2124">
     <span class='ocr_line' id='line_1_41' title="bbox 215 2081 979 2124; baseline -0.012 -7"><span class='ocrx_word' id='word_1_305' title='bbox 215 2094 240 2120; x_wconf 81' lang='grc' dir='ltr'><strong>με</strong></span> <span class='ocrx_word' id='word_1_306' title='bbox 250 2087 308 2123; x_wconf 59' lang='lat' dir='ltr'><strong>dim]</strong></span> <span class='ocrx_word' id='word_1_307' title='bbox 320 2088 386 2124; x_wconf 82' lang='grc' dir='ltr'>γυνὴ</span> <span class='ocrx_word' id='word_1_308' title='bbox 404 2088 458 2115; x_wconf 77' lang='grc' dir='ltr'><strong>ὑπὸ</strong></span> <span class='ocrx_word' id='word_1_309' title='bbox 469 2087 572 2118; x_wconf 79' lang='grc' dir='ltr'>πάθους</span> <span class='ocrx_word' id='word_1_310' title='bbox 586 2085 660 2116; x_wconf 76' lang='grc' dir='ltr'>τινὸς</span> <span class='ocrx_word' id='word_1_311' title='bbox 672 2084 720 2120; x_wconf 84' lang='grc' dir='ltr'>ὅλη</span> <span class='ocrx_word' id='word_1_312' title='bbox 735 2081 901 2114; x_wconf 86' lang='grc' dir='ltr'>συνδεθεῖσα,</span> <span class='ocrx_word' id='word_1_313' title='bbox 916 2090 979 2116; x_wconf 80' lang='grc' dir='ltr'>σχε-</span> 
     </span>
    </p>
   </div>
   <div class='ocr_carea' id='block_1_42' title="bbox 214 2125 981 2170">
    <p class='ocr_par' dir='ltr' id='par_1_42' title="bbox 214 2125 981 2170">
     <span class='ocr_line' id='line_1_42' title="bbox 214 2125 981 2170; baseline -0.009 -10"><span class='ocrx_word' id='word_1_314' title='bbox 214 2131 247 2157; x_wconf 46' lang='lat'><strong>?”</strong></span> <span class='ocrx_word' id='word_1_315' title='bbox 262 2133 377 2170; x_wconf 82' lang='grc' dir='ltr'>ἀκίνητος</span> <span class='ocrx_word' id='word_1_316' title='bbox 394 2134 442 2160; x_wconf 72' lang='grc' dir='ltr'><strong>ἐπὶ</strong></span> <span class='ocrx_word' id='word_1_317' title='bbox 461 2133 512 2168; x_wconf 79' lang='grc' dir='ltr'>τῆς</span> <span class='ocrx_word' id='word_1_318' title='bbox 532 2131 620 2163; x_wconf 81' lang='grc' dir='ltr'>οίκῑας</span> <span class='ocrx_word' id='word_1_319' title='bbox 640 2130 776 2167; x_wconf 74' lang='grc' dir='ltr'>ἔρριπται.</span> <span class='ocrx_word' id='word_1_320' title='bbox 809 2128 886 2155; x_wconf 78' lang='grc' dir='ltr'>Ἐπεὶ</span> <span class='ocrx_word' id='word_1_321' title='bbox 901 2125 948 2154; x_wconf 82' lang='grc' dir='ltr'>οὖν</span> <span class='ocrx_word' id='word_1_322' title='bbox 965 2128 981 2154; x_wconf 85' lang='grc' dir='ltr'><strong>ό</strong></span> 
     </span>
    </p>
   </div>
   <div class='ocr_carea' id='block_1_43' title="bbox 214 2172 978 2215">
    <p class='ocr_par' dir='ltr' id='par_1_43' title="bbox 214 2172 978 2215">
     <span class='ocr_line' id='line_1_43' title="bbox 214 2172 978 2215; baseline -0.01 -8"><span class='ocrx_word' id='word_1_323' title='bbox 214 2178 255 2204; x_wconf 79' lang='grc' dir='ltr'><strong>τῶν</strong></span> <span class='ocrx_word' id='word_1_324' title='bbox 267 2179 342 2206; x_wconf 76' lang='grc' dir='ltr'>πάλαι</span> <span class='ocrx_word' id='word_1_325' title='bbox 357 2179 496 2215; x_wconf 80' lang='grc' dir='ltr'>γυναικῶν</span> <span class='ocrx_word' id='word_1_326' title='bbox 516 2178 590 2210; x_wconf 70' lang='grc' dir='ltr'>ἔλεος</span> <span class='ocrx_word' id='word_1_327' title='bbox 603 2177 655 2213; x_wconf 73' lang='grc' dir='ltr'><strong>ἠδη</strong></span> <span class='ocrx_word' id='word_1_328' title='bbox 674 2176 867 2212; x_wconf 81' lang='grc' dir='ltr'>παρήκμασεν,</span> <span class='ocrx_word' id='word_1_329' title='bbox 882 2172 938 2207; x_wconf 76' lang='grc' dir='ltr'>ἐγὼ</span> <span class='ocrx_word' id='word_1_330' title='bbox 949 2172 978 2200; x_wconf 81' lang='grc' dir='ltr'><strong>δὲ</strong></span> 
     </span>
    </p>
   </div>
   <div class='ocr_carea' id='block_1_44' title="bbox 214 2219 1015 2260">
    <p class='ocr_par' dir='ltr' id='par_1_44' title="bbox 214 2219 1015 2260">
     <span class='ocr_line' id='line_1_44' title="bbox 214 2219 1015 2260; baseline -0.01 -8"><span class='ocrx_word' id='word_1_331' title='bbox 214 2224 274 2260; x_wconf 70' lang='grc' dir='ltr'><strong>κιὶὴ</strong></span> <span class='ocrx_word' id='word_1_332' title='bbox 287 2226 342 2252; x_wconf 76' lang='grc' dir='ltr'>κατ’</span> <span class='ocrx_word' id='word_1_333' title='bbox 366 2225 452 2258; x_wconf 75' lang='grc' dir='ltr'>οἶκον,</span> <span class='ocrx_word' id='word_1_334' title='bbox 470 2223 624 2260; x_wconf 80' lang='grc' dir='ltr'>ἀμφότεραι</span> <span class='ocrx_word' id='word_1_335' title='bbox 645 2222 798 2257; x_wconf 80' lang='grc' dir='ltr'>συμφοραῖς</span> <span class='ocrx_word' id='word_1_336' title='bbox 816 2219 913 2254; x_wconf 75' lang='grc' dir='ltr'>ἐπίσης</span> <span class='ocrx_word' id='word_1_337' title='bbox 930 2227 977 2246; x_wconf 80' lang='grc' dir='ltr'>κε-</span> <span class='ocrx_word' id='word_1_338' title='bbox 993 2229 1015 2257; x_wconf 72' lang='grc' dir='ltr'>ι)</span> 
     </span>
    </p>
   </div>
   <div class='ocr_carea' id='block_1_45' title="bbox 214 2264 976 2306">
    <p class='ocr_par' dir='ltr' id='par_1_45' title="bbox 214 2264 976 2306">
     <span class='ocr_line' id='line_1_45' title="bbox 214 2264 976 2306; baseline -0.012 -7"><span class='ocrx_word' id='word_1_339' title='bbox 214 2270 324 2305; x_wconf 77' lang='grc' dir='ltr'>χρήμεθα,</span> <span class='ocrx_word' id='word_1_340' title='bbox 342 2270 493 2306; x_wconf 77' lang='grc' dir='ltr'>καθέζομαι</span> <span class='ocrx_word' id='word_1_341' title='bbox 506 2268 564 2302; x_wconf 86' lang='grc' dir='ltr'>νῦν,</span> <span class='ocrx_word' id='word_1_342' title='bbox 582 2268 620 2300; x_wconf 83' lang='grc' dir='ltr'>ὡς</span> <span class='ocrx_word' id='word_1_343' title='bbox 637 2267 713 2303; x_wconf 79' lang='grc' dir='ltr'>ὁρᾷς,</span> <span class='ocrx_word' id='word_1_344' title='bbox 730 2264 847 2293; x_wconf 76' lang='grc' dir='ltr'>ἐνταῦθα</span> <span class='ocrx_word' id='word_1_345' title='bbox 861 2272 976 2300; x_wconf 85' lang='grc' dir='ltr'>προσαι-</span> 
     </span>
    </p>
   </div>
   <div class='ocr_carea' id='block_1_46' title="bbox 214 2310 975 2351">
    <p class='ocr_par' dir='ltr' id='par_1_46' title="bbox 214 2310 975 2351">
     <span class='ocr_line' id='line_1_46' title="bbox 214 2310 975 2351; baseline -0.005 -12"><span class='ocrx_word' id='word_1_346' title='bbox 214 2314 288 2349; x_wconf 72' lang='grc' dir='ltr'>τοῦσι,</span> <span class='ocrx_word' id='word_1_347' title='bbox 302 2317 345 2344; x_wconf 72' lang='grc' dir='ltr'><strong>καὶ</strong></span> <span class='ocrx_word' id='word_1_348' title='bbox 361 2314 398 2344; x_wconf 82' lang='grc' dir='ltr'><strong>ὧν</strong></span> <span class='ocrx_word' id='word_1_349' title='bbox 408 2317 442 2344; x_wconf 77' lang='grc' dir='ltr'><strong>ἂν</strong></span> <span class='ocrx_word' id='word_1_350' title='bbox 460 2315 615 2351; x_wconf 82' lang='grc' dir='ltr'>εὐπορήσω,</span> <span class='ocrx_word' id='word_1_351' title='bbox 631 2312 706 2340; x_wconf 80' lang='grc' dir='ltr'>κοινὰ</span> <span class='ocrx_word' id='word_1_352' title='bbox 719 2310 866 2346; x_wconf 86' lang='grc' dir='ltr'>ποιουμένη</span> <span class='ocrx_word' id='word_1_353' title='bbox 882 2310 928 2336; x_wconf 80' lang='grc' dir='ltr'><strong>καὶ</strong></span> <span class='ocrx_word' id='word_1_354' title='bbox 941 2310 975 2345; x_wconf 83' lang='grc' dir='ltr'>τῇ</span> 
     </span>
    </p>
   </div>
   <div class='ocr_carea' id='block_1_47' title="bbox 214 2355 976 2399">
    <p class='ocr_par' dir='ltr' id='par_1_47' title="bbox 214 2355 976 2399">
     <span class='ocr_line' id='line_1_47' title="bbox 214 2355 976 2399; baseline -0.009 -11"><span class='ocrx_word' id='word_1_355' title='bbox 214 2362 410 2399; x_wconf 73' lang='grc' dir='ltr'>συνταλαιταὶιρῳ.</span> <span class='ocrx_word' id='word_1_356' title='bbox 429 2362 488 2389; x_wconf 80' lang='grc' dir='ltr'><strong>Καὶ</strong></span> <span class='ocrx_word' id='word_1_357' title='bbox 497 2361 532 2388; x_wconf 80' lang='grc' dir='ltr'>τὰ</span> <span class='ocrx_word' id='word_1_358' title='bbox 550 2359 598 2396; x_wconf 82' lang='grc' dir='ltr'><strong>μὲν</strong></span> <span class='ocrx_word' id='word_1_359' title='bbox 614 2358 669 2395; x_wconf 78' lang='grc' dir='ltr'>ὲμὰ</span> <span class='ocrx_word' id='word_1_360' title='bbox 683 2357 777 2385; x_wconf 86' lang='grc' dir='ltr'>τοῦτον</span> <span class='ocrx_word' id='word_1_361' title='bbox 793 2356 849 2392; x_wconf 74' lang='grc' dir='ltr'>ἔχει</span> <span class='ocrx_word' id='word_1_362' title='bbox 859 2355 904 2383; x_wconf 75' lang='grc' dir='ltr'>τὸν</span> <span class='ocrx_word' id='word_1_363' title='bbox 915 2355 976 2391; x_wconf 81' lang='grc' dir='ltr'>τρό-</span> 
     </span>
    </p>
   </div>
   <div class='ocr_carea' id='block_1_48' title="bbox 214 2401 976 2442">
    <p class='ocr_par' dir='ltr' id='par_1_48' title="bbox 214 2401 976 2442">
     <span class='ocr_line' id='line_1_48' title="bbox 214 2401 976 2442; baseline -0.009 -8"><span class='ocrx_word' id='word_1_364' title='bbox 214 2414 260 2433; x_wconf 76' lang='grc' dir='ltr'>πον.</span> <span class='ocrx_word' id='word_1_365' title='bbox 282 2409 374 2436; x_wconf 80' lang='grc' dir='ltr'>Δοιπὺν</span> <span class='ocrx_word' id='word_1_366' title='bbox 383 2409 405 2425; x_wconf 71' lang='grc' dir='ltr'><strong>δ’</strong></span> <span class='ocrx_word' id='word_1_367' title='bbox 423 2408 456 2435; x_wconf 74' lang='grc' dir='ltr'>σὺ</span> <span class='ocrx_word' id='word_1_368' title='bbox 482 2407 519 2442; x_wconf 71' lang='grc' dir='ltr'>μὴ</span> <span class='ocrx_word' id='word_1_369' title='bbox 536 2405 662 2442; x_wconf 72' lang='grc' dir='ltr'>κωλύσῃς</span> <span class='ocrx_word' id='word_1_370' title='bbox 683 2404 734 2440; x_wconf 87' lang='grc' dir='ltr'><strong>τὴν</strong></span> <span class='ocrx_word' id='word_1_371' title='bbox 750 2403 895 2438; x_wconf 79' lang='grc' dir='ltr'>ὑπόσχεσιν</span> <span class='ocrx_word' id='word_1_372' title='bbox 908 2401 976 2437; x_wconf 90' lang='grc' dir='ltr'>πλη-</span> 
     </span>
    </p>
   </div>
   <div class='ocr_carea' id='block_1_49' title="bbox 214 2448 976 2490">
    <p class='ocr_par' dir='ltr' id='par_1_49' title="bbox 214 2448 976 2490">
     <span class='ocr_line' id='line_1_49' title="bbox 214 2448 976 2490; baseline -0.013 -8"><span class='ocrx_word' id='word_1_373' title='bbox 214 2451 282 2490; x_wconf 68' lang='grc' dir='ltr'>ρῶσςιι</span> <span class='ocrx_word' id='word_1_374' title='bbox 295 2453 337 2480; x_wconf 80' lang='grc' dir='ltr'><strong>τοῦ</strong></span> <span class='ocrx_word' id='word_1_375' title='bbox 352 2453 443 2481; x_wconf 83' lang='grc' dir='ltr'>δοῦναι</span> <span class='ocrx_word' id='word_1_376' title='bbox 465 2452 498 2479; x_wconf 76' lang='grc' dir='ltr'>τὸ</span> <span class='ocrx_word' id='word_1_377' title='bbox 513 2451 668 2487; x_wconf 80' lang='grc' dir='ltr'>φάρμακον,</span> <span class='ocrx_word' id='word_1_378' title='bbox 693 2449 767 2480; x_wconf 83' lang='grc' dir='ltr'>ὅπως</span> <span class='ocrx_word' id='word_1_379' title='bbox 789 2448 835 2475; x_wconf 80' lang='grc' dir='ltr'>καὶ</span> <span class='ocrx_word' id='word_1_380' title='bbox 856 2448 890 2483; x_wconf 81' lang='grc' dir='ltr'>τῇ</span> <span class='ocrx_word' id='word_1_381' title='bbox 913 2455 976 2473; x_wconf 88' lang='grc' dir='ltr'>συν-</span> 
     </span>
    </p>
   </div>
   <div class='ocr_carea' id='block_1_50' title="bbox 214 2493 976 2534">
    <p class='ocr_par' dir='ltr' id='par_1_50' title="bbox 214 2493 976 2534">
     <span class='ocr_line' id='line_1_50' title="bbox 214 2493 976 2534; baseline -0.012 -7"><span class='ocrx_word' id='word_1_382' title='bbox 214 2497 267 2532; x_wconf 75' lang='grc' dir='ltr'>υίκῳ</span> <span class='ocrx_word' id='word_1_383' title='bbox 279 2499 362 2526; x_wconf 77' lang='grc' dir='ltr'>θανεῖν</span> <span class='ocrx_word' id='word_1_384' title='bbox 384 2497 557 2534; x_wconf 73' lang='grc' dir='ltr'>ἐπιθυμούσῃ</span> <span class='ocrx_word' id='word_1_385' title='bbox 567 2517 575 2530; x_wconf 83' lang='grc'><strong>,</strong></span> <span class='ocrx_word' id='word_1_386' title='bbox 605 2495 653 2523; x_wconf 82' lang='grc' dir='ltr'><strong>τοῦ</strong></span> <span class='ocrx_word' id='word_1_387' title='bbox 669 2494 789 2526; x_wconf 75' lang='grc' dir='ltr'>δοθέντος</span> <span class='ocrx_word' id='word_1_388' title='bbox 804 2493 959 2529; x_wconf 81' lang='grc' dir='ltr'><strong>κοινωνήσω</strong></span> <span class='ocrx_word' id='word_1_389' title='bbox 968 2512 976 2524; x_wconf 85' lang='grc'><strong>,</strong></span> 
     </span>
    </p>
   </div>
   <div class='ocr_carea' id='block_1_51' title="bbox 214 2537 979 2580">
    <p class='ocr_par' dir='ltr' id='par_1_51' title="bbox 214 2537 979 2580">
     <span class='ocr_line' id='line_1_51' title="bbox 214 2537 979 2580; baseline -0.009 -9"><span class='ocrx_word' id='word_1_390' title='bbox 214 2542 267 2578; x_wconf 67' lang='lat' dir='ltr'><strong>lini]</strong></span> <span class='ocrx_word' id='word_1_391' title='bbox 278 2552 304 2571; x_wconf 83' lang='grc' dir='ltr'><strong>τε</strong></span> <span class='ocrx_word' id='word_1_392' title='bbox 321 2543 502 2580; x_wconf 78' lang='grc' dir='ltr'>μετασχοῦσα,</span> <span class='ocrx_word' id='word_1_393' title='bbox 518 2543 567 2578; x_wconf 84' lang='grc' dir='ltr'>τῆς</span> <span class='ocrx_word' id='word_1_394' title='bbox 583 2541 657 2576; x_wconf 78' lang='grc' dir='ltr'><strong>ζωῆς</strong></span> <span class='ocrx_word' id='word_1_395' title='bbox 669 2539 772 2576; x_wconf 84' lang='grc' dir='ltr'>ταύτης</span> <span class='ocrx_word' id='word_1_396' title='bbox 786 2539 881 2567; x_wconf 79' lang='grc' dir='ltr'>Θᾶττον</span> <span class='ocrx_word' id='word_1_397' title='bbox 893 2537 979 2566; x_wconf 82' lang='grc' dir='ltr'>ἀπαλ-</span> 
     </span>
    </p>
   </div>
   <div class='ocr_carea' id='block_1_52' title="bbox 214 2589 282 2622">
    <p class='ocr_par' dir='ltr' id='par_1_52' title="bbox 214 2589 282 2622">
     <span class='ocr_line' id='line_1_52' title="bbox 214 2589 282 2622; baseline 0.015 -8"><span class='ocrx_word' id='word_1_398' title='bbox 214 2589 282 2622; x_wconf 66' lang='grc' dir='ltr'><strong>ηγῶ.</strong></span> 
     </span>
    </p>
   </div>
   <div class='ocr_carea' id='block_1_53' title="bbox 242 2685 973 2723">
    <p class='ocr_par' dir='ltr' id='par_1_53' title="bbox 242 2685 973 2723">
     <span class='ocr_line' id='line_1_53' title="bbox 242 2685 973 2723; baseline -0.003 -10"><span class='ocrx_word' id='word_1_399' title='bbox 242 2685 379 2717; x_wconf 75' lang='lat' dir='ltr'><strong>LXXXVII.</strong></span> <span class='ocrx_word' id='word_1_400' title='bbox 391 2688 485 2716; x_wconf 83' lang='grc' dir='ltr'>Ταῦτα</span> <span class='ocrx_word' id='word_1_401' title='bbox 498 2687 550 2723; x_wconf 83' lang='grc' dir='ltr'>τῆς</span> <span class='ocrx_word' id='word_1_402' title='bbox 558 2686 685 2721; x_wconf 77' lang='grc' dir='ltr'>γυναικὸς</span> <span class='ocrx_word' id='word_1_403' title='bbox 693 2686 832 2722; x_wconf 73' lang='grc' dir='ltr'>εἰπούσης,</span> <span class='ocrx_word' id='word_1_404' title='bbox 846 2687 860 2712; x_wconf 84' lang='grc' dir='ltr'>ὁ</span> <span class='ocrx_word' id='word_1_405' title='bbox 873 2685 973 2721; x_wconf 82' lang='grc' dir='ltr'>Πέτρος</span> 
     </span>
    </p>
   </div>
   <div class='ocr_carea' id='block_1_54' title="bbox 605 128 1446 166">
    <p class='ocr_par' dir='ltr' id='par_1_54' title="bbox 605 128 1446 166">
     <span class='ocr_line' id='line_1_54' title="bbox 605 128 1446 166; baseline -0.012 0"><span class='ocrx_word' id='word_1_406' title='bbox 605 135 838 166; x_wconf 62' lang='lat' dir='ltr'><strong>CLEMEINTINA.</strong></span> <span class='ocrx_word' id='word_1_407' title='bbox 857 150 892 156; x_wconf 92' lang='lat'>—</span> <span class='ocrx_word' id='word_1_408' title='bbox 911 131 1062 162; x_wconf 78' lang='lat' dir='ltr'><strong>EPITOME</strong></span> <span class='ocrx_word' id='word_1_409' title='bbox 1078 132 1123 161; x_wconf 86' lang='lat' dir='ltr'><strong>DE</strong></span> <span class='ocrx_word' id='word_1_410' title='bbox 1141 131 1265 161; x_wconf 86' lang='lat' dir='ltr'><strong>GESTIS</strong></span> <span class='ocrx_word' id='word_1_411' title='bbox 1283 131 1312 159; x_wconf 92' lang='lat' dir='ltr'><strong>S.</strong></span> <span class='ocrx_word' id='word_1_412' title='bbox 1332 128 1446 157; x_wconf 78' lang='lat' dir='ltr'><strong>PETRI.</strong></span> 
     </span>
    </p>
   </div>
   <div class='ocr_carea' id='block_1_55' title="bbox 1763 121 1815 149">
    <p class='ocr_par' dir='ltr' id='par_1_55' title="bbox 1763 121 1815 149">
     <span class='ocr_line' id='line_1_55' title="bbox 1763 121 1815 149; baseline 0 0"><span class='ocrx_word' id='word_1_413' title='bbox 1763 121 1815 149; x_wconf 66' lang='lat'><strong>530</strong></span> 
     </span>
    </p>
   </div>
   <div class='ocr_carea' id='block_1_56' title="bbox 1032 182 1813 227">
    <p class='ocr_par' dir='ltr' id='par_1_56' title="bbox 1032 182 1813 227">
     <span class='ocr_line' id='line_1_56' title="bbox 1032 182 1813 227; baseline -0.014 -5"><span class='ocrx_word' id='word_1_414' title='bbox 1032 193 1092 221; x_wconf 83' lang='lat' dir='ltr'><strong>viro</strong></span> <span class='ocrx_word' id='word_1_415' title='bbox 1104 193 1212 221; x_wconf 81' lang='lat' dir='ltr'><strong>narravi</strong></span> <span class='ocrx_word' id='word_1_416' title='bbox 1226 213 1234 227; x_wconf 91' lang='lat'><strong>,</strong></span> <span class='ocrx_word' id='word_1_417' title='bbox 1248 193 1347 220; x_wconf 82' lang='lat' dir='ltr'><strong>timore</strong></span> <span class='ocrx_word' id='word_1_418' title='bbox 1360 196 1460 225; x_wconf 75' lang='lat' dir='ltr'><strong>magno</strong></span> <span class='ocrx_word' id='word_1_419' title='bbox 1469 190 1634 219; x_wconf 80' lang='lat' dir='ltr'><strong>commotus,</strong></span> <span class='ocrx_word' id='word_1_420' title='bbox 1647 190 1690 211; x_wconf 89' lang='lat' dir='ltr'><strong>me</strong></span> <span class='ocrx_word' id='word_1_421' title='bbox 1704 188 1731 209; x_wconf 85' lang='lat' dir='ltr'><strong>et</strong></span> <span class='ocrx_word' id='word_1_422' title='bbox 1744 182 1813 211; x_wconf 78' lang='lat' dir='ltr'><strong>duos</strong></span> 
     </span>
    </p>
   </div>
   <div class='ocr_carea' id='block_1_57' title="bbox 1034 228 1813 274">
    <p class='ocr_par' dir='ltr' id='par_1_57' title="bbox 1034 228 1813 274">
     <span class='ocr_line' id='line_1_57' title="bbox 1034 228 1813 274; baseline -0.019 -6"><span class='ocrx_word' id='word_1_423' title='bbox 1034 240 1117 273; x_wconf 83' lang='lat' dir='ltr'><strong>lllios,</strong></span> <span class='ocrx_word' id='word_1_424' title='bbox 1126 246 1275 274; x_wconf 78' lang='lat' dir='ltr'><strong>servosque</strong></span> <span class='ocrx_word' id='word_1_425' title='bbox 1286 243 1313 266; x_wconf 87' lang='lat' dir='ltr'><strong>et</strong></span> <span class='ocrx_word' id='word_1_426' title='bbox 1324 236 1448 269; x_wconf 84' lang='lat' dir='ltr'><strong>ancillas,</strong></span> <span class='ocrx_word' id='word_1_427' title='bbox 1456 238 1538 269; x_wconf 87' lang='lat' dir='ltr'><strong>atque</strong></span> <span class='ocrx_word' id='word_1_428' title='bbox 1549 232 1660 259; x_wconf 84' lang='lat' dir='ltr'><strong>multam</strong></span> <span class='ocrx_word' id='word_1_429' title='bbox 1672 228 1813 265; x_wconf 81' lang='lat' dir='ltr'><strong>pecuniam</strong></span> 
     </span>
    </p>
   </div>
   <div class='ocr_carea' id='block_1_58' title="bbox 1033 275 1814 319">
    <p class='ocr_par' dir='ltr' id='par_1_58' title="bbox 1033 275 1814 319">
     <span class='ocr_line' id='line_1_58' title="bbox 1033 275 1814 319; baseline -0.019 -5"><span class='ocrx_word' id='word_1_430' title='bbox 1033 286 1060 313; x_wconf 91' lang='lat' dir='ltr'><strong>in</strong></span> <span class='ocrx_word' id='word_1_431' title='bbox 1075 293 1171 313; x_wconf 85' lang='lat' dir='ltr'><strong>navem</strong></span> <span class='ocrx_word' id='word_1_432' title='bbox 1189 285 1345 319; x_wconf 82' lang='lat' dir='ltr'><strong>imponens,</strong></span> <span class='ocrx_word' id='word_1_433' title='bbox 1372 282 1492 309; x_wconf 82' lang='lat' dir='ltr'><strong>Athenas</strong></span> <span class='ocrx_word' id='word_1_434' title='bbox 1518 277 1603 310; x_wconf 89' lang='lat' dir='ltr'><strong>misit,</strong></span> <span class='ocrx_word' id='word_1_435' title='bbox 1621 275 1757 311; x_wconf 73' lang='lat' dir='ltr'><strong>iussitque</strong></span> <span class='ocrx_word' id='word_1_436' title='bbox 1785 276 1814 300; x_wconf 92' lang='lat' dir='ltr'><strong>ut</strong></span> 
     </span>
    </p>
   </div>
   <div class='ocr_carea' id='block_1_59' title="bbox 1032 319 1813 359">
    <p class='ocr_par' dir='ltr' id='par_1_59' title="bbox 1032 319 1813 359">
     <span class='ocr_line' id='line_1_59' title="bbox 1032 319 1813 359; baseline -0.018 0"><span class='ocrx_word' id='word_1_437' title='bbox 1032 335 1160 359; x_wconf 90' lang='lat' dir='ltr'><strong>natorum</strong></span> <span class='ocrx_word' id='word_1_438' title='bbox 1174 329 1323 358; x_wconf 72' lang='lat' dir='ltr'><strong>eruditioni</strong></span> <span class='ocrx_word' id='word_1_439' title='bbox 1343 334 1483 358; x_wconf 84' lang='lat' dir='ltr'><strong>vacarem,</strong></span> <span class='ocrx_word' id='word_1_440' title='bbox 1496 323 1602 357; x_wconf 86' lang='lat' dir='ltr'><strong>Quoad,</strong></span> <span class='ocrx_word' id='word_1_441' title='bbox 1616 321 1714 356; x_wconf 89' lang='lat' dir='ltr'><strong>inquit,</strong></span> <span class='ocrx_word' id='word_1_442' title='bbox 1728 319 1813 346; x_wconf 72' lang='lat' dir='ltr'><strong>visio-</strong></span> 
     </span>
    </p>
   </div>
   <div class='ocr_carea' id='block_1_60' title="bbox 1031 366 1813 411">
    <p class='ocr_par' dir='ltr' id='par_1_60' title="bbox 1031 366 1813 411">
     <span class='ocr_line' id='line_1_60' title="bbox 1031 366 1813 411; baseline -0.019 -5"><span class='ocrx_word' id='word_1_443' title='bbox 1031 378 1076 407; x_wconf 80' lang='lat' dir='ltr'><strong>nis</strong></span> <span class='ocrx_word' id='word_1_444' title='bbox 1095 377 1201 405; x_wconf 86' lang='lat' dir='ltr'><strong>auctori</strong></span> <span class='ocrx_word' id='word_1_445' title='bbox 1221 375 1354 411; x_wconf 89' lang='lat' dir='ltr'><strong>placuerit</strong></span> <span class='ocrx_word' id='word_1_446' title='bbox 1373 373 1462 402; x_wconf 81' lang='lat' dir='ltr'><strong>redire</strong></span> <span class='ocrx_word' id='word_1_447' title='bbox 1483 376 1519 399; x_wconf 88' lang='lat' dir='ltr'><strong>te.</strong></span> <span class='ocrx_word' id='word_1_448' title='bbox 1534 370 1627 404; x_wconf 77' lang='lat' dir='ltr'><strong>Itaque</strong></span> <span class='ocrx_word' id='word_1_449' title='bbox 1639 374 1689 403; x_wconf 75' lang='lat' dir='ltr'><strong>ego</strong></span> <span class='ocrx_word' id='word_1_450' title='bbox 1703 366 1813 411; x_wconf 80' lang='lat' dir='ltr'><strong>misera,</strong></span> 
     </span>
    </p>
   </div>
   <div class='ocr_carea' id='block_1_61' title="bbox 1031 410 1814 456">
    <p class='ocr_par' dir='ltr' id='par_1_61' title="bbox 1031 410 1814 456">
     <span class='ocr_line' id='line_1_61' title="bbox 1031 410 1814 456; baseline -0.019 -4"><span class='ocrx_word' id='word_1_451' title='bbox 1031 431 1086 452; x_wconf 88' lang='lat' dir='ltr'><strong>una</strong></span> <span class='ocrx_word' id='word_1_452' title='bbox 1097 431 1160 452; x_wconf 91' lang='lat' dir='ltr'><strong>cum</strong></span> <span class='ocrx_word' id='word_1_453' title='bbox 1175 410 1266 450; x_wconf 76' lang='lat' dir='ltr'><strong>liberis</strong></span> <span class='ocrx_word' id='word_1_454' title='bbox 1280 420 1394 456; x_wconf 74' lang='lat' dir='ltr'><strong>navigo,</strong></span> <span class='ocrx_word' id='word_1_455' title='bbox 1415 423 1442 447; x_wconf 92' lang='lat' dir='ltr'><strong>et</strong></span> <span class='ocrx_word' id='word_1_456' title='bbox 1455 421 1598 446; x_wconf 82' lang='lat' dir='ltr'><strong>ventorum</strong></span> <span class='ocrx_word' id='word_1_457' title='bbox 1608 415 1634 442; x_wconf 87' lang='lat' dir='ltr'><strong>vi</strong></span> <span class='ocrx_word' id='word_1_458' title='bbox 1646 412 1773 450; x_wconf 89' lang='lat' dir='ltr'><strong>projicior</strong></span> <span class='ocrx_word' id='word_1_459' title='bbox 1786 410 1814 437; x_wconf 91' lang='lat' dir='ltr'><strong>in</strong></span> 
     </span>
    </p>
   </div>
   <div class='ocr_carea' id='block_1_62' title="bbox 1031 458 1813 503">
    <p class='ocr_par' dir='ltr' id='par_1_62' title="bbox 1031 458 1813 503">
     <span class='ocr_line' id='line_1_62' title="bbox 1031 458 1813 503; baseline -0.018 -5"><span class='ocrx_word' id='word_1_460' title='bbox 1031 469 1090 497; x_wconf 69' lang='lat' dir='ltr'><strong>hac</strong></span> <span class='ocrx_word' id='word_1_461' title='bbox 1104 469 1181 501; x_wconf 82' lang='lat' dir='ltr'><strong>loca,</strong></span> <span class='ocrx_word' id='word_1_462' title='bbox 1201 468 1319 503; x_wconf 82' lang='lat' dir='ltr'><strong>navique</strong></span> <span class='ocrx_word' id='word_1_463' title='bbox 1333 469 1418 493; x_wconf 89' lang='lat' dir='ltr'><strong>noctu</strong></span> <span class='ocrx_word' id='word_1_464' title='bbox 1433 463 1576 495; x_wconf 87' lang='lat' dir='ltr'><strong>dissoluta,</strong></span> <span class='ocrx_word' id='word_1_465' title='bbox 1592 462 1618 488; x_wconf 95' lang='lat' dir='ltr'><strong>in</strong></span> <span class='ocrx_word' id='word_1_466' title='bbox 1640 458 1813 494; x_wconf 76' lang='lat' dir='ltr'><strong>naufragium</strong></span> 
     </span>
    </p>
   </div>
   <div class='ocr_carea' id='block_1_63' title="bbox 1032 505 1815 543">
    <p class='ocr_par' dir='ltr' id='par_1_63' title="bbox 1032 505 1815 543">
     <span class='ocr_line' id='line_1_63' title="bbox 1032 505 1815 543; baseline -0.015 0"><span class='ocrx_word' id='word_1_467' title='bbox 1032 515 1188 543; x_wconf 83' lang='lat' dir='ltr'><strong>incidimus.</strong></span> <span class='ocrx_word' id='word_1_468' title='bbox 1204 512 1319 541; x_wconf 82' lang='lat' dir='ltr'><strong>Mortuis</strong></span> <span class='ocrx_word' id='word_1_469' title='bbox 1335 516 1426 540; x_wconf 86' lang='lat' dir='ltr'><strong>autem</strong></span> <span class='ocrx_word' id='word_1_470' title='bbox 1443 509 1581 542; x_wconf 91' lang='lat' dir='ltr'><strong>omnibus,</strong></span> <span class='ocrx_word' id='word_1_471' title='bbox 1597 515 1651 535; x_wconf 89' lang='lat' dir='ltr'><strong>una</strong></span> <span class='ocrx_word' id='word_1_472' title='bbox 1672 514 1722 541; x_wconf 76' lang='lat' dir='ltr'><strong>ego</strong></span> <span class='ocrx_word' id='word_1_473' title='bbox 1744 505 1815 532; x_wconf 55' lang='lat' dir='ltr'><strong>infe-</strong></span> 
     </span>
    </p>
   </div>
   <div class='ocr_carea' id='block_1_64' title="bbox 1031 553 1814 596">
    <p class='ocr_par' dir='ltr' id='par_1_64' title="bbox 1031 553 1814 596">
     <span class='ocr_line' id='line_1_64' title="bbox 1031 553 1814 596; baseline -0.015 -7"><span class='ocrx_word' id='word_1_474' title='bbox 1031 561 1080 595; x_wconf 80' lang='lat' dir='ltr'><strong>lix,</strong></span> <span class='ocrx_word' id='word_1_475' title='bbox 1096 560 1202 596; x_wconf 78' lang='lat' dir='ltr'><strong>magnis</strong></span> <span class='ocrx_word' id='word_1_476' title='bbox 1210 560 1311 595; x_wconf 74' lang='lat' dir='ltr'><strong>iactata</strong></span> <span class='ocrx_word' id='word_1_477' title='bbox 1330 557 1468 591; x_wconf 82' lang='lat' dir='ltr'><strong>fluctibus,</strong></span> <span class='ocrx_word' id='word_1_478' title='bbox 1483 556 1509 583; x_wconf 91' lang='lat' dir='ltr'><strong>in</strong></span> <span class='ocrx_word' id='word_1_479' title='bbox 1525 561 1622 583; x_wconf 77' lang='lat' dir='ltr'><strong>saxum</strong></span> <span class='ocrx_word' id='word_1_480' title='bbox 1634 553 1720 588; x_wconf 79' lang='lat' dir='ltr'><strong>ejecta</strong></span> <span class='ocrx_word' id='word_1_481' title='bbox 1736 559 1814 579; x_wconf 87' lang='lat' dir='ltr'><strong>sum:</strong></span> 
     </span>
    </p>
   </div>
   <div class='ocr_carea' id='block_1_65' title="bbox 1032 601 1815 642">
    <p class='ocr_par' dir='ltr' id='par_1_65' title="bbox 1032 601 1815 642">
     <span class='ocr_line' id='line_1_65' title="bbox 1032 601 1815 642; baseline -0.015 -7"><span class='ocrx_word' id='word_1_482' title='bbox 1032 607 1060 635; x_wconf 94' lang='lat' dir='ltr'><strong>in</strong></span> <span class='ocrx_word' id='word_1_483' title='bbox 1078 614 1134 642; x_wconf 90' lang='lat' dir='ltr'><strong>quo</strong></span> <span class='ocrx_word' id='word_1_484' title='bbox 1157 606 1268 638; x_wconf 86' lang='lat' dir='ltr'><strong>sedens,</strong></span> <span class='ocrx_word' id='word_1_485' title='bbox 1288 605 1354 640; x_wconf 83' lang='lat' dir='ltr'><strong>quia</strong></span> <span class='ocrx_word' id='word_1_486' title='bbox 1379 611 1423 631; x_wconf 88' lang='lat' dir='ltr'><strong>me</strong></span> <span class='ocrx_word' id='word_1_487' title='bbox 1447 606 1525 630; x_wconf 81' lang='lat' dir='ltr'><strong>natos</strong></span> <span class='ocrx_word' id='word_1_488' title='bbox 1547 601 1624 628; x_wconf 81' lang='lat' dir='ltr'><strong>vivos</strong></span> <span class='ocrx_word' id='word_1_489' title='bbox 1645 603 1815 634; x_wconf 85' lang='lat' dir='ltr'><strong>reperturam</strong></span> 
     </span>
    </p>
   </div>
   <div class='ocr_carea' id='block_1_66' title="bbox 1031 646 1812 687">
    <p class='ocr_par' dir='ltr' id='par_1_66' title="bbox 1031 646 1812 687">
     <span class='ocr_line' id='line_1_66' title="bbox 1031 646 1812 687; baseline -0.009 -9"><span class='ocrx_word' id='word_1_490' title='bbox 1031 651 1175 687; x_wconf 78' lang='lat' dir='ltr'><strong>sperabam</strong></span> <span class='ocrx_word' id='word_1_491' title='bbox 1189 671 1198 684; x_wconf 88' lang='lat'><strong>,</strong></span> <span class='ocrx_word' id='word_1_492' title='bbox 1223 649 1249 677; x_wconf 89' lang='lat' dir='ltr'><strong>in</strong></span> <span class='ocrx_word' id='word_1_493' title='bbox 1272 650 1384 685; x_wconf 76' lang='lat' dir='ltr'><strong>pelagus</strong></span> <span class='ocrx_word' id='word_1_494' title='bbox 1398 655 1441 676; x_wconf 90' lang='lat' dir='ltr'><strong>me</strong></span> <span class='ocrx_word' id='word_1_495' title='bbox 1457 655 1512 675; x_wconf 93' lang='lat' dir='ltr'><strong>non</strong></span> <span class='ocrx_word' id='word_1_496' title='bbox 1526 646 1611 681; x_wconf 83' lang='lat' dir='ltr'><strong>dejeci</strong></span> <span class='ocrx_word' id='word_1_497' title='bbox 1651 649 1708 673; x_wconf 88' lang='lat' dir='ltr'><strong>tum</strong></span> <span class='ocrx_word' id='word_1_498' title='bbox 1721 662 1730 674; x_wconf 88' lang='lat'><strong>,</strong></span> <span class='ocrx_word' id='word_1_499' title='bbox 1748 649 1812 671; x_wconf 87' lang='lat' dir='ltr'><strong>cum</strong></span> 
     </span>
    </p>
   </div>
   <div class='ocr_carea' id='block_1_67' title="bbox 1030 689 1814 726">
    <p class='ocr_par' dir='ltr' id='par_1_67' title="bbox 1030 689 1814 726">
     <span class='ocr_line' id='line_1_67' title="bbox 1030 689 1814 726; baseline -0.011 -2"><span class='ocrx_word' id='word_1_500' title='bbox 1030 700 1059 724; x_wconf 86' lang='lat' dir='ltr'><strong>et</strong></span> <span class='ocrx_word' id='word_1_501' title='bbox 1078 695 1199 723; x_wconf 86' lang='lat' dir='ltr'><strong>animum</strong></span> <span class='ocrx_word' id='word_1_502' title='bbox 1217 695 1349 722; x_wconf 77' lang='lat' dir='ltr'><strong>habebam</strong></span> <span class='ocrx_word' id='word_1_503' title='bbox 1364 693 1466 721; x_wconf 87' lang='lat' dir='ltr'><strong>doloris</strong></span> <span class='ocrx_word' id='word_1_504' title='bbox 1484 692 1612 720; x_wconf 91' lang='lat' dir='ltr'><strong>lluctibus</strong></span> <span class='ocrx_word' id='word_1_505' title='bbox 1624 690 1680 726; x_wconf 78' lang='lat' dir='ltr'><strong>jam</strong></span> <span class='ocrx_word' id='word_1_506' title='bbox 1697 689 1814 722; x_wconf 87' lang='lat' dir='ltr'><strong>ebrium,</strong></span> 
     </span>
    </p>
   </div>
   <div class='ocr_carea' id='block_1_68' title="bbox 1031 742 1466 777">
    <p class='ocr_par' dir='ltr' id='par_1_68' title="bbox 1031 742 1466 777">
     <span class='ocr_line' id='line_1_68' title="bbox 1031 742 1466 777; baseline -0.009 -5"><span class='ocrx_word' id='word_1_507' title='bbox 1031 748 1058 772; x_wconf 92' lang='lat' dir='ltr'><strong>et</strong></span> <span class='ocrx_word' id='word_1_508' title='bbox 1072 744 1125 771; x_wconf 85' lang='lat' dir='ltr'><strong>hoc</strong></span> <span class='ocrx_word' id='word_1_509' title='bbox 1136 743 1227 772; x_wconf 83' lang='lat' dir='ltr'><strong>facere</strong></span> <span class='ocrx_word' id='word_1_510' title='bbox 1240 742 1320 770; x_wconf 82' lang='lat' dir='ltr'><strong>facile</strong></span> <span class='ocrx_word' id='word_1_511' title='bbox 1333 746 1466 777; x_wconf 74' lang='lat' dir='ltr'><strong>poterant.</strong></span> 
     </span>
    </p>
   </div>
   <div class='ocr_carea' id='block_1_69' title="bbox 1066 872 1816 909">
    <p class='ocr_par' dir='ltr' id='par_1_69' title="bbox 1066 872 1816 909">
     <span class='ocr_line' id='line_1_69' title="bbox 1066 872 1816 909; baseline -0.008 -4"><span class='ocrx_word' id='word_1_512' title='bbox 1066 875 1198 905; x_wconf 83' lang='lat' dir='ltr'><strong>LXXXV.</strong></span> <span class='ocrx_word' id='word_1_513' title='bbox 1216 875 1317 904; x_wconf 83' lang='lat' dir='ltr'><strong>Verum</strong></span> <span class='ocrx_word' id='word_1_514' title='bbox 1342 874 1389 902; x_wconf 90' lang='lat' dir='ltr'><strong>ubi</strong></span> <span class='ocrx_word' id='word_1_515' title='bbox 1408 874 1510 908; x_wconf 80' lang='lat' dir='ltr'><strong>illuxit,</strong></span> <span class='ocrx_word' id='word_1_516' title='bbox 1531 874 1678 909; x_wconf 91' lang='lat' dir='ltr'><strong>plurimum</strong></span> <span class='ocrx_word' id='word_1_517' title='bbox 1694 872 1816 900; x_wconf 84' lang='lat' dir='ltr'><strong>clamans</strong></span> 
     </span>
    </p>
   </div>
   <div class='ocr_carea' id='block_1_70' title="bbox 1031 920 1817 957">
    <p class='ocr_par' dir='ltr' id='par_1_70' title="bbox 1031 920 1817 957">
     <span class='ocr_line' id='line_1_70' title="bbox 1031 920 1817 957; baseline -0.008 -6"><span class='ocrx_word' id='word_1_518' title='bbox 1031 927 1059 952; x_wconf 89' lang='lat' dir='ltr'><strong>et</strong></span> <span class='ocrx_word' id='word_1_519' title='bbox 1071 922 1264 951; x_wconf 80' lang='lat' dir='ltr'><strong>miserabiliter</strong></span> <span class='ocrx_word' id='word_1_520' title='bbox 1275 921 1395 957; x_wconf 84' lang='lat' dir='ltr'><strong>ejulans,</strong></span> <span class='ocrx_word' id='word_1_521' title='bbox 1411 920 1677 955; x_wconf 81' lang='lat' dir='ltr'><strong>circumspiciebam,</strong></span> <span class='ocrx_word' id='word_1_522' title='bbox 1691 926 1817 954; x_wconf 82' lang='lat' dir='ltr'><strong>quaerens</strong></span> 
     </span>
    </p>
   </div>
   <div class='ocr_carea' id='block_1_71' title="bbox 1032 965 1817 1002">
    <p class='ocr_par' dir='ltr' id='par_1_71' title="bbox 1032 965 1817 1002">
     <span class='ocr_line' id='line_1_71' title="bbox 1032 965 1817 1002; baseline -0.008 -4"><span class='ocrx_word' id='word_1_523' title='bbox 1032 970 1182 998; x_wconf 82' lang='lat' dir='ltr'><strong>infelicium</strong></span> <span class='ocrx_word' id='word_1_524' title='bbox 1200 969 1349 1001; x_wconf 84' lang='lat' dir='ltr'><strong>liberorum</strong></span> <span class='ocrx_word' id='word_1_525' title='bbox 1369 976 1492 998; x_wconf 84' lang='lat' dir='ltr'><strong>meorum</strong></span> <span class='ocrx_word' id='word_1_526' title='bbox 1508 968 1651 995; x_wconf 85' lang='lat' dir='ltr'><strong>cadavera.</strong></span> <span class='ocrx_word' id='word_1_527' title='bbox 1667 965 1751 1002; x_wconf 76' lang='lat' dir='ltr'><strong>Igitur</strong></span> <span class='ocrx_word' id='word_1_528' title='bbox 1762 965 1817 992; x_wconf 74' lang='lat' dir='ltr'><strong>Ini-</strong></span> 
     </span>
    </p>
   </div>
   <div class='ocr_carea' id='block_1_72' title="bbox 1032 1008 1816 1048">
    <p class='ocr_par' dir='ltr' id='par_1_72' title="bbox 1032 1008 1816 1048">
     <span class='ocr_line' id='line_1_72' title="bbox 1032 1008 1816 1048; baseline -0.01 -5"><span class='ocrx_word' id='word_1_529' title='bbox 1032 1015 1181 1044; x_wconf 85' lang='lat' dir='ltr'><strong>sericordia</strong></span> <span class='ocrx_word' id='word_1_530' title='bbox 1196 1013 1270 1042; x_wconf 87' lang='lat' dir='ltr'><strong>ducti</strong></span> <span class='ocrx_word' id='word_1_531' title='bbox 1292 1012 1412 1048; x_wconf 77' lang='lat' dir='ltr'><strong>regionis</strong></span> <span class='ocrx_word' id='word_1_532' title='bbox 1436 1012 1509 1039; x_wconf 91' lang='lat' dir='ltr'><strong>illius</strong></span> <span class='ocrx_word' id='word_1_533' title='bbox 1521 1011 1659 1043; x_wconf 86' lang='lat' dir='ltr'><strong>homines,</strong></span> <span class='ocrx_word' id='word_1_534' title='bbox 1675 1013 1702 1038; x_wconf 85' lang='lat' dir='ltr'><strong>et</strong></span> <span class='ocrx_word' id='word_1_535' title='bbox 1715 1008 1816 1036; x_wconf 90' lang='lat' dir='ltr'><strong>nudam</strong></span> 
     </span>
    </p>
   </div>
   <div class='ocr_carea' id='block_1_73' title="bbox 1032 1055 1814 1094">
    <p class='ocr_par' dir='ltr' id='par_1_73' title="bbox 1032 1055 1814 1094">
     <span class='ocr_line' id='line_1_73' title="bbox 1032 1055 1814 1094; baseline -0.01 -5"><span class='ocrx_word' id='word_1_536' title='bbox 1032 1060 1133 1094; x_wconf 79' lang='lat' dir='ltr'><strong>intuiti,</strong></span> <span class='ocrx_word' id='word_1_537' title='bbox 1162 1060 1320 1088; x_wconf 88' lang='lat' dir='ltr'><strong>induerunt.</strong></span> <span class='ocrx_word' id='word_1_538' title='bbox 1347 1058 1386 1086; x_wconf 81' lang='lat' dir='ltr'><strong>Ac</strong></span> <span class='ocrx_word' id='word_1_539' title='bbox 1416 1057 1514 1085; x_wconf 83' lang='lat' dir='ltr'><strong>deinde</strong></span> <span class='ocrx_word' id='word_1_540' title='bbox 1542 1056 1626 1084; x_wconf 90' lang='lat' dir='ltr'><strong>maris</strong></span> <span class='ocrx_word' id='word_1_541' title='bbox 1649 1055 1814 1091; x_wconf 86' lang='lat' dir='ltr'><strong>profundum</strong></span> 
     </span>
    </p>
   </div>
   <div class='ocr_carea' id='block_1_74' title="bbox 1032 1100 1815 1140">
    <p class='ocr_par' dir='ltr' id='par_1_74' title="bbox 1032 1100 1815 1140">
     <span class='ocr_line' id='line_1_74' title="bbox 1032 1100 1815 1140; baseline -0.011 -5"><span class='ocrx_word' id='word_1_542' title='bbox 1032 1106 1146 1135; x_wconf 90' lang='lat' dir='ltr'><strong>scrutati</strong></span> <span class='ocrx_word' id='word_1_543' title='bbox 1162 1110 1237 1138; x_wconf 93' lang='lat' dir='ltr'><strong>sunt,</strong></span> <span class='ocrx_word' id='word_1_544' title='bbox 1263 1107 1417 1140; x_wconf 70' lang='lat' dir='ltr'><strong>quaerentes</strong></span> <span class='ocrx_word' id='word_1_545' title='bbox 1436 1107 1515 1130; x_wconf 87' lang='lat' dir='ltr'><strong>natos</strong></span> <span class='ocrx_word' id='word_1_546' title='bbox 1529 1109 1614 1130; x_wconf 91' lang='lat' dir='ltr'><strong>meos.</strong></span> <span class='ocrx_word' id='word_1_547' title='bbox 1638 1100 1670 1128; x_wconf 86' lang='lat' dir='ltr'><strong>Et</strong></span> <span class='ocrx_word' id='word_1_548' title='bbox 1683 1102 1747 1136; x_wconf 87' lang='lat' dir='ltr'><strong>quia</strong></span> <span class='ocrx_word' id='word_1_549' title='bbox 1761 1108 1815 1127; x_wconf 83' lang='lat' dir='ltr'><strong>non</strong></span> 
     </span>
    </p>
   </div>
   <div class='ocr_carea' id='block_1_75' title="bbox 1032 1147 1816 1185">
    <p class='ocr_par' dir='ltr' id='par_1_75' title="bbox 1032 1147 1816 1185">
     <span class='ocr_line' id='line_1_75' title="bbox 1032 1147 1816 1185; baseline -0.01 -5"><span class='ocrx_word' id='word_1_550' title='bbox 1032 1152 1217 1185; x_wconf 83' lang='lat' dir='ltr'><strong>inveniebant,</strong></span> <span class='ocrx_word' id='word_1_551' title='bbox 1240 1149 1380 1178; x_wconf 80' lang='lat' dir='ltr'><strong>nonnulla:</strong></span> <span class='ocrx_word' id='word_1_552' title='bbox 1404 1148 1554 1183; x_wconf 85' lang='lat' dir='ltr'><strong>hospitales</strong></span> <span class='ocrx_word' id='word_1_553' title='bbox 1577 1147 1704 1175; x_wconf 79' lang='lat' dir='ltr'><strong>mulieres</strong></span> <span class='ocrx_word' id='word_1_554' title='bbox 1717 1153 1816 1173; x_wconf 86' lang='lat' dir='ltr'><strong>conso-</strong></span> 
     </span>
    </p>
   </div>
   <div class='ocr_carea' id='block_1_76' title="bbox 1032 1191 1815 1232">
    <p class='ocr_par' dir='ltr' id='par_1_76' title="bbox 1032 1191 1815 1232">
     <span class='ocr_line' id='line_1_76' title="bbox 1032 1191 1815 1232; baseline -0.01 -7"><span class='ocrx_word' id='word_1_555' title='bbox 1032 1196 1106 1225; x_wconf 86' lang='lat' dir='ltr'><strong>landi</strong></span> <span class='ocrx_word' id='word_1_556' title='bbox 1122 1196 1176 1224; x_wconf 88' lang='lat' dir='ltr'><strong>mei</strong></span> <span class='ocrx_word' id='word_1_557' title='bbox 1189 1196 1276 1232; x_wconf 76' lang='lat' dir='ltr'><strong>gratia</strong></span> <span class='ocrx_word' id='word_1_558' title='bbox 1296 1197 1471 1223; x_wconf 88' lang='lat' dir='ltr'><strong>accesserunt</strong></span> <span class='ocrx_word' id='word_1_559' title='bbox 1484 1215 1492 1227; x_wconf 90' lang='lat'><strong>,</strong></span> <span class='ocrx_word' id='word_1_560' title='bbox 1507 1198 1534 1221; x_wconf 89' lang='lat' dir='ltr'><strong>et</strong></span> <span class='ocrx_word' id='word_1_561' title='bbox 1549 1200 1598 1220; x_wconf 88' lang='lat' dir='ltr'><strong>sua</strong></span> <span class='ocrx_word' id='word_1_562' title='bbox 1613 1192 1727 1228; x_wconf 76' lang='lat' dir='ltr'><strong>singula:</strong></span> <span class='ocrx_word' id='word_1_563' title='bbox 1743 1191 1815 1218; x_wconf 82' lang='lat' dir='ltr'><strong>mala</strong></span> 
     </span>
    </p>
   </div>
   <div class='ocr_carea' id='block_1_77' title="bbox 1032 1239 1815 1276">
    <p class='ocr_par' dir='ltr' id='par_1_77' title="bbox 1032 1239 1815 1276">
     <span class='ocr_line' id='line_1_77' title="bbox 1032 1239 1815 1276; baseline -0.008 -6"><span class='ocrx_word' id='word_1_564' title='bbox 1032 1242 1217 1276; x_wconf 83' lang='lat' dir='ltr'><strong>enarrabant,</strong></span> <span class='ocrx_word' id='word_1_565' title='bbox 1234 1246 1265 1268; x_wconf 93' lang='lat' dir='ltr'><strong>ut</strong></span> <span class='ocrx_word' id='word_1_566' title='bbox 1280 1240 1412 1269; x_wconf 83' lang='lat' dir='ltr'><strong>similium</strong></span> <span class='ocrx_word' id='word_1_567' title='bbox 1432 1239 1587 1267; x_wconf 79' lang='lat' dir='ltr'><strong>calamitate</strong></span> <span class='ocrx_word' id='word_1_568' title='bbox 1597 1242 1702 1273; x_wconf 87' lang='lat' dir='ltr'><strong>partem</strong></span> <span class='ocrx_word' id='word_1_569' title='bbox 1718 1244 1815 1265; x_wconf 89' lang='lat' dir='ltr'><strong>conso-</strong></span> 
     </span>
    </p>
   </div>
   <div class='ocr_carea' id='block_1_78' title="bbox 1032 1283 1815 1318">
    <p class='ocr_par' dir='ltr' id='par_1_78' title="bbox 1032 1283 1815 1318">
     <span class='ocr_line' id='line_1_78' title="bbox 1032 1283 1815 1318; baseline -0.008 -2"><span class='ocrx_word' id='word_1_570' title='bbox 1032 1289 1143 1317; x_wconf 87' lang='lat' dir='ltr'><strong>lationis</strong></span> <span class='ocrx_word' id='word_1_571' title='bbox 1167 1288 1195 1315; x_wconf 93' lang='lat' dir='ltr'><strong>in</strong></span> <span class='ocrx_word' id='word_1_572' title='bbox 1215 1288 1284 1316; x_wconf 85' lang='lat' dir='ltr'><strong>meis</strong></span> <span class='ocrx_word' id='word_1_573' title='bbox 1300 1285 1513 1315; x_wconf 85' lang='lat' dir='ltr'><strong>adversitatibus</strong></span> <span class='ocrx_word' id='word_1_574' title='bbox 1532 1284 1706 1312; x_wconf 87' lang='lat' dir='ltr'><strong>nanciscerer</strong></span> <span class='ocrx_word' id='word_1_575' title='bbox 1721 1292 1727 1311; x_wconf 93' lang='lat'>:</span> <span class='ocrx_word' id='word_1_576' title='bbox 1742 1283 1815 1318; x_wconf 81' lang='lat' dir='ltr'><strong>quod</strong></span> 
     </span>
    </p>
   </div>
   <div class='ocr_carea' id='block_1_79' title="bbox 1031 1329 1815 1369">
    <p class='ocr_par' dir='ltr' id='par_1_79' title="bbox 1031 1329 1815 1369">
     <span class='ocr_line' id='line_1_79' title="bbox 1031 1329 1815 1369; baseline -0.01 -6"><span class='ocrx_word' id='word_1_577' title='bbox 1031 1339 1105 1363; x_wconf 89' lang='lat' dir='ltr'><strong>cerle</strong></span> <span class='ocrx_word' id='word_1_578' title='bbox 1120 1341 1163 1362; x_wconf 87' lang='lat' dir='ltr'><strong>me</strong></span> <span class='ocrx_word' id='word_1_579' title='bbox 1176 1334 1264 1369; x_wconf 70' lang='lat' dir='ltr'><strong>magis</strong></span> <span class='ocrx_word' id='word_1_580' title='bbox 1276 1333 1431 1368; x_wconf 88' lang='lat' dir='ltr'><strong>torquebat,</strong></span> <span class='ocrx_word' id='word_1_581' title='bbox 1448 1331 1624 1365; x_wconf 87' lang='lat' dir='ltr'><strong>animumque</strong></span> <span class='ocrx_word' id='word_1_582' title='bbox 1635 1329 1696 1365; x_wconf 90' lang='lat' dir='ltr'><strong>plus</strong></span> <span class='ocrx_word' id='word_1_583' title='bbox 1710 1329 1815 1356; x_wconf 83' lang='lat' dir='ltr'><strong>lacera-</strong></span> 
     </span>
    </p>
   </div>
   <div class='ocr_carea' id='block_1_80' title="bbox 1032 1375 1814 1413">
    <p class='ocr_par' dir='ltr' id='par_1_80' title="bbox 1032 1375 1814 1413">
     <span class='ocr_line' id='line_1_80' title="bbox 1032 1375 1814 1413; baseline -0.008 -4"><span class='ocrx_word' id='word_1_584' title='bbox 1032 1380 1089 1413; x_wconf 83' lang='lat' dir='ltr'><strong>bat,</strong></span> <span class='ocrx_word' id='word_1_585' title='bbox 1111 1380 1175 1408; x_wconf 94' lang='lat' dir='ltr'><strong>dum</strong></span> <span class='ocrx_word' id='word_1_586' title='bbox 1195 1380 1310 1407; x_wconf 86' lang='lat' dir='ltr'><strong>aliarum</strong></span> <span class='ocrx_word' id='word_1_587' title='bbox 1333 1378 1479 1406; x_wconf 89' lang='lat' dir='ltr'><strong>mulierum</strong></span> <span class='ocrx_word' id='word_1_588' title='bbox 1499 1375 1668 1405; x_wconf 81' lang='lat' dir='ltr'><strong>calamitates</strong></span> <span class='ocrx_word' id='word_1_589' title='bbox 1679 1375 1814 1403; x_wconf 78' lang='lat' dir='ltr'><strong>audirem.</strong></span> 
     </span>
    </p>
   </div>
   <div class='ocr_carea' id='block_1_81' title="bbox 1031 1423 1815 1459">
    <p class='ocr_par' dir='ltr' id='par_1_81' title="bbox 1031 1423 1815 1459">
     <span class='ocr_line' id='line_1_81' title="bbox 1031 1423 1815 1459; baseline -0.008 -5"><span class='ocrx_word' id='word_1_590' title='bbox 1031 1426 1165 1454; x_wconf 67' lang='lat' dir='ltr'><strong>Caeterum</strong></span> <span class='ocrx_word' id='word_1_591' title='bbox 1189 1433 1251 1454; x_wconf 91' lang='lat' dir='ltr'><strong>cum</strong></span> <span class='ocrx_word' id='word_1_592' title='bbox 1275 1425 1368 1453; x_wconf 71' lang='lat' dir='ltr'><strong>multae</strong></span> <span class='ocrx_word' id='word_1_593' title='bbox 1382 1432 1426 1452; x_wconf 90' lang='lat' dir='ltr'><strong>me</strong></span> <span class='ocrx_word' id='word_1_594' title='bbox 1449 1423 1567 1459; x_wconf 88' lang='lat' dir='ltr'><strong>hospitio</strong></span> <span class='ocrx_word' id='word_1_595' title='bbox 1590 1423 1710 1458; x_wconf 87' lang='lat' dir='ltr'><strong>recipere</strong></span> <span class='ocrx_word' id='word_1_596' title='bbox 1731 1429 1815 1456; x_wconf 14' lang='lat' dir='ltr'><strong>cuper-</strong></span> 
     </span>
    </p>
   </div>
   <div class='ocr_carea' id='block_1_82' title="bbox 1032 1467 1815 1507">
    <p class='ocr_par' dir='ltr' id='par_1_82' title="bbox 1032 1467 1815 1507">
     <span class='ocr_line' id='line_1_82' title="bbox 1032 1467 1815 1507; baseline -0.006 -8"><span class='ocrx_word' id='word_1_597' title='bbox 1032 1476 1103 1505; x_wconf 80' lang='lat' dir='ltr'><strong>rent,</strong></span> <span class='ocrx_word' id='word_1_598' title='bbox 1116 1471 1241 1507; x_wconf 73' lang='lat' dir='ltr'><strong>quaedam</strong></span> <span class='ocrx_word' id='word_1_599' title='bbox 1253 1471 1314 1506; x_wconf 87' lang='lat' dir='ltr'><strong>ejus</strong></span> <span class='ocrx_word' id='word_1_600' title='bbox 1332 1470 1385 1498; x_wconf 90' lang='lat' dir='ltr'><strong>loci</strong></span> <span class='ocrx_word' id='word_1_601' title='bbox 1396 1469 1560 1506; x_wconf 83' lang='lat' dir='ltr'><strong>paupercula</strong></span> <span class='ocrx_word' id='word_1_602' title='bbox 1574 1489 1582 1502; x_wconf 84' lang='grc'><strong>,</strong></span> <span class='ocrx_word' id='word_1_603' title='bbox 1601 1468 1687 1495; x_wconf 88' lang='lat' dir='ltr'><strong>multa</strong></span> <span class='ocrx_word' id='word_1_604' title='bbox 1699 1467 1724 1494; x_wconf 84' lang='lat' dir='ltr'><strong>vi</strong></span> <span class='ocrx_word' id='word_1_605' title='bbox 1737 1467 1815 1495; x_wconf 87' lang='lat' dir='ltr'><strong>adhi—</strong></span> 
     </span>
    </p>
   </div>
   <div class='ocr_carea' id='block_1_83' title="bbox 1032 1514 1813 1552">
    <p class='ocr_par' dir='ltr' id='par_1_83' title="bbox 1032 1514 1813 1552">
     <span class='ocr_line' id='line_1_83' title="bbox 1032 1514 1813 1552; baseline -0.008 -7"><span class='ocrx_word' id='word_1_606' title='bbox 1032 1517 1088 1545; x_wconf 85' lang='lat' dir='ltr'><strong>bita</strong></span> <span class='ocrx_word' id='word_1_607' title='bbox 1113 1517 1250 1552; x_wconf 86' lang='lat' dir='ltr'><strong>persuasit</strong></span> <span class='ocrx_word' id='word_1_608' title='bbox 1270 1520 1301 1544; x_wconf 86' lang='lat' dir='ltr'><strong>ut</strong></span> <span class='ocrx_word' id='word_1_609' title='bbox 1323 1516 1356 1544; x_wconf 88' lang='lat' dir='ltr'><strong>ad</strong></span> <span class='ocrx_word' id='word_1_610' title='bbox 1372 1523 1452 1544; x_wconf 87' lang='lat' dir='ltr'><strong>suum</strong></span> <span class='ocrx_word' id='word_1_611' title='bbox 1467 1514 1634 1544; x_wconf 86' lang='lat' dir='ltr'><strong>domicilium</strong></span> <span class='ocrx_word' id='word_1_612' title='bbox 1654 1521 1813 1550; x_wconf 74' lang='lat' dir='ltr'><strong>pergerem:</strong></span> 
     </span>
    </p>
   </div>
   <div class='ocr_carea' id='block_1_84' title="bbox 1030 1558 1812 1597">
    <p class='ocr_par' dir='ltr' id='par_1_84' title="bbox 1030 1558 1812 1597">
     <span class='ocr_line' id='line_1_84' title="bbox 1030 1558 1812 1597; baseline -0.006 -7"><span class='ocrx_word' id='word_1_613' title='bbox 1030 1563 1153 1597; x_wconf 82' lang='lat' dir='ltr'><strong>Conﬁde,</strong></span> <span class='ocrx_word' id='word_1_614' title='bbox 1162 1563 1266 1596; x_wconf 85' lang='lat' dir='ltr'><strong>dicens,</strong></span> <span class='ocrx_word' id='word_1_615' title='bbox 1279 1562 1380 1590; x_wconf 88' lang='lat' dir='ltr'><strong>etenim</strong></span> <span class='ocrx_word' id='word_1_616' title='bbox 1391 1562 1434 1589; x_wconf 89' lang='lat' dir='ltr'><strong>vir</strong></span> <span class='ocrx_word' id='word_1_617' title='bbox 1444 1568 1522 1588; x_wconf 85' lang='lat' dir='ltr'><strong>meus</strong></span> <span class='ocrx_word' id='word_1_618' title='bbox 1532 1563 1591 1588; x_wconf 90' lang='lat' dir='ltr'><strong>erat</strong></span> <span class='ocrx_word' id='word_1_619' title='bbox 1615 1558 1674 1594; x_wconf 82' lang='lat' dir='ltr'><strong>ipse</strong></span> <span class='ocrx_word' id='word_1_620' title='bbox 1710 1563 1792 1586; x_wconf 86' lang='lat' dir='ltr'><strong>nauta</strong></span> <span class='ocrx_word' id='word_1_621' title='bbox 1805 1581 1812 1592; x_wconf 85' lang='grc'><strong>,</strong></span> 
     </span>
    </p>
   </div>
   <div class='ocr_carea' id='block_1_85' title="bbox 1030 1605 1814 1643">
    <p class='ocr_par' dir='ltr' id='par_1_85' title="bbox 1030 1605 1814 1643">
     <span class='ocr_line' id='line_1_85' title="bbox 1030 1605 1814 1643; baseline -0.006 -7"><span class='ocrx_word' id='word_1_622' title='bbox 1030 1608 1057 1636; x_wconf 91' lang='lat' dir='ltr'><strong>in</strong></span> <span class='ocrx_word' id='word_1_623' title='bbox 1072 1608 1139 1636; x_wconf 89' lang='lat' dir='ltr'><strong>mari</strong></span> <span class='ocrx_word' id='word_1_624' title='bbox 1161 1608 1308 1635; x_wconf 91' lang='lat' dir='ltr'><strong>admodum</strong></span> <span class='ocrx_word' id='word_1_625' title='bbox 1326 1607 1435 1643; x_wconf 78' lang='lat' dir='ltr'><strong>juvenis</strong></span> <span class='ocrx_word' id='word_1_626' title='bbox 1456 1606 1539 1639; x_wconf 88' lang='lat' dir='ltr'><strong>obiit,</strong></span> <span class='ocrx_word' id='word_1_627' title='bbox 1556 1610 1637 1640; x_wconf 82' lang='lat' dir='ltr'><strong>atque</strong></span> <span class='ocrx_word' id='word_1_628' title='bbox 1650 1605 1684 1632; x_wconf 89' lang='lat' dir='ltr'><strong>ab</strong></span> <span class='ocrx_word' id='word_1_629' title='bbox 1698 1612 1730 1632; x_wconf 88' lang='lat' dir='ltr'><strong>co</strong></span> <span class='ocrx_word' id='word_1_630' title='bbox 1747 1609 1814 1632; x_wconf 83' lang='lat' dir='ltr'><strong>tem-</strong></span> 
     </span>
    </p>
   </div>
   <div class='ocr_carea' id='block_1_86' title="bbox 1029 1650 1814 1690">
    <p class='ocr_par' dir='ltr' id='par_1_86' title="bbox 1029 1650 1814 1690">
     <span class='ocr_line' id='line_1_86' title="bbox 1029 1650 1814 1690; baseline -0.008 -8"><span class='ocrx_word' id='word_1_631' title='bbox 1029 1661 1106 1690; x_wconf 86' lang='lat' dir='ltr'><strong>pore,</strong></span> <span class='ocrx_word' id='word_1_632' title='bbox 1130 1654 1192 1682; x_wconf 86' lang='lat' dir='ltr'><strong>licet</strong></span> <span class='ocrx_word' id='word_1_633' title='bbox 1213 1653 1291 1681; x_wconf 84' lang='lat' dir='ltr'><strong>multi</strong></span> <span class='ocrx_word' id='word_1_634' title='bbox 1306 1652 1430 1689; x_wconf 83' lang='lat' dir='ltr'><strong>rogarint</strong></span> <span class='ocrx_word' id='word_1_635' title='bbox 1444 1660 1488 1681; x_wconf 89' lang='lat' dir='ltr'><strong>me</strong></span> <span class='ocrx_word' id='word_1_636' title='bbox 1503 1657 1533 1679; x_wconf 84' lang='lat' dir='ltr'><strong>ut</strong></span> <span class='ocrx_word' id='word_1_637' title='bbox 1547 1651 1656 1686; x_wconf 85' lang='lat' dir='ltr'><strong>nuptias</strong></span> <span class='ocrx_word' id='word_1_638' title='bbox 1670 1650 1814 1678; x_wconf 84' lang='lat' dir='ltr'><strong>contrahe-</strong></span> 
     </span>
    </p>
   </div>
   <div class='ocr_carea' id='block_1_87' title="bbox 1029 1696 1815 1736">
    <p class='ocr_par' dir='ltr' id='par_1_87' title="bbox 1029 1696 1815 1736">
     <span class='ocr_line' id='line_1_87' title="bbox 1029 1696 1815 1736; baseline -0.008 -8"><span class='ocrx_word' id='word_1_639' title='bbox 1029 1708 1098 1735; x_wconf 81' lang='lat' dir='ltr'><strong>rem.</strong></span> <span class='ocrx_word' id='word_1_640' title='bbox 1110 1708 1160 1736; x_wconf 73' lang='lat' dir='ltr'><strong>ego</strong></span> <span class='ocrx_word' id='word_1_641' title='bbox 1175 1700 1226 1727; x_wconf 86' lang='lat' dir='ltr'><strong>viri</strong></span> <span class='ocrx_word' id='word_1_642' title='bbox 1241 1700 1295 1727; x_wconf 89' lang='lat' dir='ltr'><strong>mei</strong></span> <span class='ocrx_word' id='word_1_643' title='bbox 1312 1699 1462 1733; x_wconf 86' lang='lat' dir='ltr'><strong>desiderio,</strong></span> <span class='ocrx_word' id='word_1_644' title='bbox 1478 1705 1557 1734; x_wconf 76' lang='lat' dir='ltr'><strong>agere</strong></span> <span class='ocrx_word' id='word_1_645' title='bbox 1571 1697 1599 1726; x_wconf 88' lang='lat' dir='ltr'><strong>in</strong></span> <span class='ocrx_word' id='word_1_646' title='bbox 1611 1696 1739 1724; x_wconf 83' lang='lat' dir='ltr'><strong>viduitate</strong></span> <span class='ocrx_word' id='word_1_647' title='bbox 1756 1703 1815 1723; x_wconf 87' lang='lat' dir='ltr'><strong>ma—</strong></span> 
     </span>
    </p>
   </div>
   <div class='ocr_carea' id='block_1_88' title="bbox 1029 1743 1814 1777">
    <p class='ocr_par' dir='ltr' id='par_1_88' title="bbox 1029 1743 1814 1777">
     <span class='ocr_line' id='line_1_88' title="bbox 1029 1743 1814 1777; baseline -0.005 -4"><span class='ocrx_word' id='word_1_648' title='bbox 1029 1746 1068 1774; x_wconf 91' lang='lat' dir='ltr'><strong>lui</strong></span> <span class='ocrx_word' id='word_1_649' title='bbox 1083 1755 1089 1773; x_wconf 90' lang='lat'>:</span> <span class='ocrx_word' id='word_1_650' title='bbox 1105 1750 1188 1773; x_wconf 88' lang='lat' dir='ltr'><strong>erunt</strong></span> <span class='ocrx_word' id='word_1_651' title='bbox 1203 1749 1294 1773; x_wconf 86' lang='lat' dir='ltr'><strong>autem</strong></span> <span class='ocrx_word' id='word_1_652' title='bbox 1308 1745 1380 1772; x_wconf 88' lang='lat' dir='ltr'><strong>inter</strong></span> <span class='ocrx_word' id='word_1_653' title='bbox 1394 1752 1444 1772; x_wconf 90' lang='lat' dir='ltr'><strong>nos</strong></span> <span class='ocrx_word' id='word_1_654' title='bbox 1460 1743 1627 1776; x_wconf 83' lang='lat' dir='ltr'><strong>communia,</strong></span> <span class='ocrx_word' id='word_1_655' title='bbox 1645 1749 1814 1777; x_wconf 63' lang='lat' dir='ltr'><strong>quaecunque</strong></span> 
     </span>
    </p>
   </div>
   <div class='ocr_carea' id='block_1_89' title="bbox 1029 1787 1813 1826">
    <p class='ocr_par' dir='ltr' id='par_1_89' title="bbox 1029 1787 1813 1826">
     <span class='ocr_line' id='line_1_89' title="bbox 1029 1787 1813 1826; baseline -0.005 -8"><span class='ocrx_word' id='word_1_656' title='bbox 1029 1791 1156 1818; x_wconf 87' lang='lat' dir='ltr'><strong>manibus</strong></span> <span class='ocrx_word' id='word_1_657' title='bbox 1177 1790 1263 1818; x_wconf 73' lang='lat' dir='ltr'><strong>ambae</strong></span> <span class='ocrx_word' id='word_1_658' title='bbox 1283 1789 1437 1826; x_wconf 89' lang='lat' dir='ltr'><strong>poterimus</strong></span> <span class='ocrx_word' id='word_1_659' title='bbox 1457 1795 1625 1824; x_wconf 82' lang='lat' dir='ltr'><strong>comparare.</strong></span> <span class='ocrx_word' id='word_1_660' title='bbox 1646 1788 1734 1823; x_wconf 85' lang='lat' dir='ltr'><strong>Atque</strong></span> <span class='ocrx_word' id='word_1_661' title='bbox 1755 1787 1813 1822; x_wconf 87' lang='lat' dir='ltr'><strong>ipsa</strong></span> 
     </span>
    </p>
   </div>
   <div class='ocr_carea' id='block_1_90' title="bbox 1029 1836 1172 1865">
    <p class='ocr_par' dir='ltr' id='par_1_90' title="bbox 1029 1836 1172 1865">
     <span class='ocr_line' id='line_1_90' title="bbox 1029 1836 1172 1865; baseline 0.007 -1"><span class='ocrx_word' id='word_1_662' title='bbox 1029 1836 1172 1865; x_wconf 83' lang='lat' dir='ltr'><strong>hactenus.</strong></span> 
     </span>
    </p>
   </div>
   <div class='ocr_carea' id='block_1_91' title="bbox 1065 1890 1812 1927">
    <p class='ocr_par' dir='ltr' id='par_1_91' title="bbox 1065 1890 1812 1927">
     <span class='ocr_line' id='line_1_91' title="bbox 1065 1890 1812 1927; baseline -0.004 -7"><span class='ocrx_word' id='word_1_663' title='bbox 1065 1891 1209 1920; x_wconf 83' lang='lat' dir='ltr'><strong>LXXXVI.</strong></span> <span class='ocrx_word' id='word_1_664' title='bbox 1223 1891 1280 1927; x_wconf 77' lang='lat' dir='ltr'><strong>Ego</strong></span> <span class='ocrx_word' id='word_1_665' title='bbox 1292 1899 1358 1920; x_wconf 82' lang='lat' dir='ltr'><strong>vero</strong></span> <span class='ocrx_word' id='word_1_666' title='bbox 1373 1900 1381 1919; x_wconf 87' lang='lat'><strong>:</strong></span> <span class='ocrx_word' id='word_1_667' title='bbox 1393 1890 1432 1920; x_wconf 84' lang='lat' dir='ltr'><strong>Ne</strong></span> <span class='ocrx_word' id='word_1_668' title='bbox 1449 1891 1497 1919; x_wconf 89' lang='lat' dir='ltr'><strong>tibi</strong></span> <span class='ocrx_word' id='word_1_669' title='bbox 1511 1898 1666 1919; x_wconf 87' lang='lat' dir='ltr'><strong>sermonem</strong></span> <span class='ocrx_word' id='word_1_670' title='bbox 1683 1891 1716 1918; x_wconf 90' lang='lat' dir='ltr'><strong>de</strong></span> <span class='ocrx_word' id='word_1_671' title='bbox 1727 1890 1772 1918; x_wconf 86' lang='lat' dir='ltr'><strong>bis</strong></span> <span class='ocrx_word' id='word_1_672' title='bbox 1785 1891 1812 1917; x_wconf 93' lang='lat' dir='ltr'><strong>in</strong></span> 
     </span>
    </p>
   </div>
   <div class='ocr_carea' id='block_1_92' title="bbox 1031 1937 1812 1974">
    <p class='ocr_par' dir='ltr' id='par_1_92' title="bbox 1031 1937 1812 1974">
     <span class='ocr_line' id='line_1_92' title="bbox 1031 1937 1812 1974; baseline -0.003 -8"><span class='ocrx_word' id='word_1_673' title='bbox 1031 1938 1142 1974; x_wconf 73' lang='lat' dir='ltr'><strong>longum</strong></span> <span class='ocrx_word' id='word_1_674' title='bbox 1152 1938 1307 1973; x_wconf 84' lang='lat' dir='ltr'><strong>protraham</strong></span> <span class='ocrx_word' id='word_1_675' title='bbox 1316 1958 1325 1971; x_wconf 90' lang='lat'><strong>,</strong></span> <span class='ocrx_word' id='word_1_676' title='bbox 1346 1945 1409 1965; x_wconf 92' lang='lat' dir='ltr'><strong>cum</strong></span> <span class='ocrx_word' id='word_1_677' title='bbox 1429 1945 1461 1965; x_wconf 89' lang='lat' dir='ltr'><strong>ea</strong></span> <span class='ocrx_word' id='word_1_678' title='bbox 1474 1937 1603 1967; x_wconf 71' lang='lat' dir='ltr'><strong>habitari.</strong></span> <span class='ocrx_word' id='word_1_679' title='bbox 1615 1941 1726 1972; x_wconf 88' lang='lat' dir='ltr'><strong>propter</strong></span> <span class='ocrx_word' id='word_1_680' title='bbox 1736 1944 1812 1964; x_wconf 88' lang='lat' dir='ltr'><strong>amo-</strong></span> 
     </span>
    </p>
   </div>
   <div class='ocr_carea' id='block_1_93' title="bbox 1030 1981 1811 2020">
    <p class='ocr_par' dir='ltr' id='par_1_93' title="bbox 1030 1981 1811 2020">
     <span class='ocr_line' id='line_1_93' title="bbox 1030 1981 1811 2020; baseline 0 -10"><span class='ocrx_word' id='word_1_681' title='bbox 1030 1990 1087 2020; x_wconf 80' lang='lat' dir='ltr'><strong>rem</strong></span> <span class='ocrx_word' id='word_1_682' title='bbox 1110 1991 1165 2018; x_wconf 92' lang='lat' dir='ltr'><strong>quo</strong></span> <span class='ocrx_word' id='word_1_683' title='bbox 1189 1983 1318 2011; x_wconf 86' lang='lat' dir='ltr'><strong>maritum</strong></span> <span class='ocrx_word' id='word_1_684' title='bbox 1344 1982 1568 2017; x_wconf 81' lang='lat' dir='ltr'><strong>prosequebatur.</strong></span> <span class='ocrx_word' id='word_1_685' title='bbox 1610 1981 1666 2009; x_wconf 85' lang='lat' dir='ltr'><strong>Nec</strong></span> <span class='ocrx_word' id='word_1_686' title='bbox 1696 1983 1811 2011; x_wconf 85' lang='lat' dir='ltr'><strong>multum</strong></span> 
     </span>
    </p>
   </div>
   <div class='ocr_carea' id='block_1_94' title="bbox 1030 2027 1811 2064">
    <p class='ocr_par' dir='ltr' id='par_1_94' title="bbox 1030 2027 1811 2064">
     <span class='ocr_line' id='line_1_94' title="bbox 1030 2027 1811 2064; baseline 0.001 -8"><span class='ocrx_word' id='word_1_687' title='bbox 1030 2033 1138 2064; x_wconf 86' lang='lat' dir='ltr'><strong>tempus</strong></span> <span class='ocrx_word' id='word_1_688' title='bbox 1156 2027 1347 2056; x_wconf 88' lang='lat' dir='ltr'><strong>intermedium</strong></span> <span class='ocrx_word' id='word_1_689' title='bbox 1363 2027 1425 2061; x_wconf 90' lang='lat' dir='ltr'><strong>fuit,</strong></span> <span class='ocrx_word' id='word_1_690' title='bbox 1447 2028 1558 2063; x_wconf 88' lang='lat' dir='ltr'><strong>quando</strong></span> <span class='ocrx_word' id='word_1_691' title='bbox 1569 2032 1598 2056; x_wconf 86' lang='lat' dir='ltr'><strong>et</strong></span> <span class='ocrx_word' id='word_1_692' title='bbox 1616 2036 1683 2056; x_wconf 69' lang='lat' dir='ltr'><strong>meae</strong></span> <span class='ocrx_word' id='word_1_693' title='bbox 1703 2037 1811 2063; x_wconf 91' lang='lat' dir='ltr'><strong>manus,</strong></span> 
     </span>
    </p>
   </div>
   <div class='ocr_carea' id='block_1_95' title="bbox 1030 2074 1812 2109">
    <p class='ocr_par' dir='ltr' id='par_1_95' title="bbox 1030 2074 1812 2109">
     <span class='ocr_line' id='line_1_95' title="bbox 1030 2074 1812 2109; baseline 0.003 -7"><span class='ocrx_word' id='word_1_694' title='bbox 1030 2074 1148 2102; x_wconf 83' lang='lat' dir='ltr'><strong>infelicis</strong></span> <span class='ocrx_word' id='word_1_695' title='bbox 1165 2074 1299 2106; x_wconf 88' lang='lat' dir='ltr'><strong>mulieris,</strong></span> <span class='ocrx_word' id='word_1_696' title='bbox 1318 2074 1457 2102; x_wconf 86' lang='lat' dir='ltr'><strong>morsibus</strong></span> <span class='ocrx_word' id='word_1_697' title='bbox 1471 2074 1619 2102; x_wconf 81' lang='lat' dir='ltr'><strong>debilitatae</strong></span> <span class='ocrx_word' id='word_1_698' title='bbox 1635 2079 1714 2109; x_wconf 83' lang='lat' dir='ltr'><strong>sunt,</strong></span> <span class='ocrx_word' id='word_1_699' title='bbox 1738 2080 1766 2103; x_wconf 87' lang='lat' dir='ltr'><strong>et</strong></span> <span class='ocrx_word' id='word_1_700' title='bbox 1780 2084 1812 2104; x_wconf 89' lang='lat' dir='ltr'><strong>ea</strong></span> 
     </span>
    </p>
   </div>
   <div class='ocr_carea' id='block_1_96' title="bbox 1030 2119 1813 2155">
    <p class='ocr_par' dir='ltr' id='par_1_96' title="bbox 1030 2119 1813 2155">
     <span class='ocr_line' id='line_1_96' title="bbox 1030 2119 1813 2155; baseline 0.003 -8"><span class='ocrx_word' id='word_1_701' title='bbox 1030 2120 1130 2147; x_wconf 88' lang='lat' dir='ltr'><strong>mulier</strong></span> <span class='ocrx_word' id='word_1_702' title='bbox 1140 2127 1201 2155; x_wconf 74' lang='lat' dir='ltr'><strong>qua:</strong></span> <span class='ocrx_word' id='word_1_703' title='bbox 1216 2127 1261 2147; x_wconf 87' lang='lat' dir='ltr'><strong>me</strong></span> <span class='ocrx_word' id='word_1_704' title='bbox 1274 2124 1443 2154; x_wconf 89' lang='lat' dir='ltr'><strong>susceperat,</strong></span> <span class='ocrx_word' id='word_1_705' title='bbox 1457 2119 1555 2147; x_wconf 88' lang='lat' dir='ltr'><strong>morbo</strong></span> <span class='ocrx_word' id='word_1_706' title='bbox 1565 2120 1684 2155; x_wconf 88' lang='lat' dir='ltr'><strong>quodam</strong></span> <span class='ocrx_word' id='word_1_707' title='bbox 1697 2125 1754 2149; x_wconf 82' lang='lat' dir='ltr'><strong>tota</strong></span> <span class='ocrx_word' id='word_1_708' title='bbox 1765 2130 1813 2149; x_wconf 91' lang='lat' dir='ltr'><strong>oc-</strong></span> 
     </span>
    </p>
   </div>
   <div class='ocr_carea' id='block_1_97' title="bbox 1028 2165 1813 2203">
    <p class='ocr_par' dir='ltr' id='par_1_97' title="bbox 1028 2165 1813 2203">
     <span class='ocr_line' id='line_1_97' title="bbox 1028 2165 1813 2203; baseline 0.001 -9"><span class='ocrx_word' id='word_1_709' title='bbox 1028 2170 1139 2201; x_wconf 81' lang='lat' dir='ltr'><strong>cupata,</strong></span> <span class='ocrx_word' id='word_1_710' title='bbox 1156 2165 1213 2194; x_wconf 84' lang='lat' dir='ltr'><strong>fere</strong></span> <span class='ocrx_word' id='word_1_711' title='bbox 1233 2165 1382 2193; x_wconf 87' lang='lat' dir='ltr'><strong>immobilis</strong></span> <span class='ocrx_word' id='word_1_712' title='bbox 1396 2165 1471 2193; x_wconf 89' lang='lat' dir='ltr'><strong>domi</strong></span> <span class='ocrx_word' id='word_1_713' title='bbox 1486 2165 1583 2201; x_wconf 89' lang='lat' dir='ltr'><strong>jacuit.</strong></span> <span class='ocrx_word' id='word_1_714' title='bbox 1600 2165 1734 2200; x_wconf 86' lang='lat' dir='ltr'><strong>Quoniam</strong></span> <span class='ocrx_word' id='word_1_715' title='bbox 1748 2175 1813 2203; x_wconf 75' lang='lat' dir='ltr'><strong>ergo</strong></span> 
     </span>
    </p>
   </div>
   <div class='ocr_carea' id='block_1_98' title="bbox 1029 2211 1812 2246">
    <p class='ocr_par' dir='ltr' id='par_1_98' title="bbox 1029 2211 1812 2246">
     <span class='ocr_line' id='line_1_98' title="bbox 1029 2211 1812 2246; baseline 0.001 -7"><span class='ocrx_word' id='word_1_716' title='bbox 1029 2212 1218 2240; x_wconf 86' lang='lat' dir='ltr'><strong>misericordia</strong></span> <span class='ocrx_word' id='word_1_717' title='bbox 1241 2211 1401 2245; x_wconf 88' lang='lat' dir='ltr'><strong>mulierum,</strong></span> <span class='ocrx_word' id='word_1_718' title='bbox 1422 2219 1484 2246; x_wconf 64' lang='lat' dir='ltr'><strong>qua;</strong></span> <span class='ocrx_word' id='word_1_719' title='bbox 1504 2211 1568 2239; x_wconf 91' lang='lat' dir='ltr'><strong>olim</strong></span> <span class='ocrx_word' id='word_1_720' title='bbox 1588 2212 1812 2241; x_wconf 84' lang='lat' dir='ltr'><strong>commiseresce-</strong></span> 
     </span>
    </p>
   </div>
   <div class='ocr_carea' id='block_1_99' title="bbox 1028 2257 1812 2293">
    <p class='ocr_par' dir='ltr' id='par_1_99' title="bbox 1028 2257 1812 2293">
     <span class='ocr_line' id='line_1_99' title="bbox 1028 2257 1812 2293; baseline 0.001 -8"><span class='ocrx_word' id='word_1_721' title='bbox 1028 2258 1105 2290; x_wconf 89' lang='lat' dir='ltr'><strong>bant,</strong></span> <span class='ocrx_word' id='word_1_722' title='bbox 1119 2257 1178 2292; x_wconf 86' lang='lat' dir='ltr'><strong>jam</strong></span> <span class='ocrx_word' id='word_1_723' title='bbox 1190 2257 1310 2293; x_wconf 77' lang='lat' dir='ltr'><strong>vigorem</strong></span> <span class='ocrx_word' id='word_1_724' title='bbox 1325 2257 1427 2289; x_wconf 85' lang='lat' dir='ltr'><strong>amisit,</strong></span> <span class='ocrx_word' id='word_1_725' title='bbox 1443 2263 1476 2284; x_wconf 85' lang='lat' dir='ltr'><strong>ac</strong></span> <span class='ocrx_word' id='word_1_726' title='bbox 1488 2264 1549 2291; x_wconf 80' lang='lat' dir='ltr'><strong>ego,</strong></span> <span class='ocrx_word' id='word_1_727' title='bbox 1564 2261 1591 2285; x_wconf 87' lang='lat' dir='ltr'><strong>et</strong></span> <span class='ocrx_word' id='word_1_728' title='bbox 1602 2257 1647 2285; x_wconf 87' lang='lat' dir='ltr'><strong>illa</strong></span> <span class='ocrx_word' id='word_1_729' title='bbox 1658 2257 1750 2285; x_wconf 86' lang='lat' dir='ltr'><strong>clausa</strong></span> <span class='ocrx_word' id='word_1_730' title='bbox 1762 2257 1812 2286; x_wconf 91' lang='lat' dir='ltr'><strong>do-</strong></span> 
     </span>
    </p>
   </div>
   <div class='ocr_carea' id='block_1_100' title="bbox 1029 2302 1811 2337">
    <p class='ocr_par' dir='ltr' id='par_1_100' title="bbox 1029 2302 1811 2337">
     <span class='ocr_line' id='line_1_100' title="bbox 1029 2302 1811 2337; baseline 0.003 -7"><span class='ocrx_word' id='word_1_731' title='bbox 1029 2304 1077 2336; x_wconf 89' lang='lat' dir='ltr'><strong>mi,</strong></span> <span class='ocrx_word' id='word_1_732' title='bbox 1091 2302 1177 2331; x_wconf 73' lang='lat' dir='ltr'><strong>ambae</strong></span> <span class='ocrx_word' id='word_1_733' title='bbox 1190 2302 1308 2330; x_wconf 86' lang='lat' dir='ltr'><strong>miseriis</strong></span> <span class='ocrx_word' id='word_1_734' title='bbox 1317 2310 1350 2330; x_wconf 76' lang='lat' dir='ltr'><strong>ex</strong></span> <span class='ocrx_word' id='word_1_735' title='bbox 1364 2309 1443 2337; x_wconf 68' lang='lat' dir='ltr'><strong>aequo</strong></span> <span class='ocrx_word' id='word_1_736' title='bbox 1454 2302 1572 2335; x_wconf 86' lang='lat' dir='ltr'><strong>utimur;</strong></span> <span class='ocrx_word' id='word_1_737' title='bbox 1588 2310 1669 2335; x_wconf 88' lang='lat' dir='ltr'><strong>nunc,</strong></span> <span class='ocrx_word' id='word_1_738' title='bbox 1683 2308 1714 2331; x_wconf 93' lang='lat' dir='ltr'><strong>ut</strong></span> <span class='ocrx_word' id='word_1_739' title='bbox 1725 2303 1811 2337; x_wconf 80' lang='lat' dir='ltr'><strong>vides,</strong></span> 
     </span>
    </p>
   </div>
   <div class='ocr_carea' id='block_1_101' title="bbox 1028 2348 1810 2384">
    <p class='ocr_par' dir='ltr' id='par_1_101' title="bbox 1028 2348 1810 2384">
     <span class='ocr_line' id='line_1_101' title="bbox 1028 2348 1810 2384; baseline 0 -7"><span class='ocrx_word' id='word_1_740' title='bbox 1028 2348 1073 2377; x_wconf 86' lang='lat' dir='ltr'><strong>hic</strong></span> <span class='ocrx_word' id='word_1_741' title='bbox 1084 2348 1166 2377; x_wconf 85' lang='lat' dir='ltr'><strong>sedeo</strong></span> <span class='ocrx_word' id='word_1_742' title='bbox 1175 2348 1273 2383; x_wconf 86' lang='lat' dir='ltr'><strong>stipem</strong></span> <span class='ocrx_word' id='word_1_743' title='bbox 1287 2352 1391 2383; x_wconf 83' lang='lat' dir='ltr'><strong>petens,</strong></span> <span class='ocrx_word' id='word_1_744' title='bbox 1403 2352 1431 2375; x_wconf 89' lang='lat' dir='ltr'><strong>et</strong></span> <span class='ocrx_word' id='word_1_745' title='bbox 1443 2356 1503 2383; x_wconf 66' lang='lat' dir='ltr'><strong>quae</strong></span> <span class='ocrx_word' id='word_1_746' title='bbox 1513 2348 1578 2375; x_wconf 89' lang='lat' dir='ltr'><strong>mihi</strong></span> <span class='ocrx_word' id='word_1_747' title='bbox 1593 2349 1810 2384; x_wconf 82' lang='lat' dir='ltr'><strong>suppeditantur,</strong></span> 
     </span>
    </p>
   </div>
   <div class='ocr_carea' id='block_1_102' title="bbox 1028 2394 1812 2429">
    <p class='ocr_par' dir='ltr' id='par_1_102' title="bbox 1028 2394 1812 2429">
     <span class='ocr_line' id='line_1_102' title="bbox 1028 2394 1812 2429; baseline 0 -6"><span class='ocrx_word' id='word_1_748' title='bbox 1028 2394 1185 2423; x_wconf 88' lang='lat' dir='ltr'><strong>communia</strong></span> <span class='ocrx_word' id='word_1_749' title='bbox 1197 2394 1275 2428; x_wconf 60' lang='lat' dir='ltr'><strong>facio</strong></span> <span class='ocrx_word' id='word_1_750' title='bbox 1288 2402 1350 2421; x_wconf 93' lang='lat' dir='ltr'><strong>cum</strong></span> <span class='ocrx_word' id='word_1_751' title='bbox 1367 2395 1412 2421; x_wconf 87' lang='lat' dir='ltr'><strong>illa</strong></span> <span class='ocrx_word' id='word_1_752' title='bbox 1437 2394 1538 2429; x_wconf 88' lang='lat' dir='ltr'><strong>pariter</strong></span> <span class='ocrx_word' id='word_1_753' title='bbox 1552 2394 1662 2422; x_wconf 87' lang='lat' dir='ltr'><strong>misera.</strong></span> <span class='ocrx_word' id='word_1_754' title='bbox 1684 2394 1723 2422; x_wconf 83' lang='lat' dir='ltr'><strong>Ac</strong></span> <span class='ocrx_word' id='word_1_755' title='bbox 1744 2403 1812 2423; x_wconf 64' lang='lat' dir='ltr'><strong>mea:</strong></span> 
     </span>
    </p>
   </div>
   <div class='ocr_carea' id='block_1_103' title="bbox 1027 2439 1810 2475">
    <p class='ocr_par' dir='ltr' id='par_1_103' title="bbox 1027 2439 1810 2475">
     <span class='ocr_line' id='line_1_103' title="bbox 1027 2439 1810 2475; baseline 0 -7"><span class='ocrx_word' id='word_1_756' title='bbox 1027 2440 1136 2475; x_wconf 88' lang='lat' dir='ltr'><strong>quidem</strong></span> <span class='ocrx_word' id='word_1_757' title='bbox 1148 2447 1192 2468; x_wconf 87' lang='lat' dir='ltr'><strong>res</strong></span> <span class='ocrx_word' id='word_1_758' title='bbox 1202 2440 1254 2468; x_wconf 88' lang='lat' dir='ltr'><strong>hoc</strong></span> <span class='ocrx_word' id='word_1_759' title='bbox 1263 2440 1343 2467; x_wconf 93' lang='lat' dir='ltr'><strong>modo</strong></span> <span class='ocrx_word' id='word_1_760' title='bbox 1355 2447 1385 2467; x_wconf 87' lang='lat' dir='ltr'><strong>se</strong></span> <span class='ocrx_word' id='word_1_761' title='bbox 1397 2440 1506 2467; x_wconf 88' lang='lat' dir='ltr'><strong>habent.</strong></span> <span class='ocrx_word' id='word_1_762' title='bbox 1522 2439 1660 2475; x_wconf 87' lang='lat' dir='ltr'><strong>Superest,</strong></span> <span class='ocrx_word' id='word_1_763' title='bbox 1670 2445 1699 2468; x_wconf 91' lang='lat' dir='ltr'><strong>ut</strong></span> <span class='ocrx_word' id='word_1_764' title='bbox 1714 2445 1740 2468; x_wconf 91' lang='lat' dir='ltr'><strong>te</strong></span> <span class='ocrx_word' id='word_1_765' title='bbox 1755 2448 1810 2468; x_wconf 91' lang='lat' dir='ltr'><strong>non</strong></span> 
     </span>
    </p>
   </div>
   <div class='ocr_carea' id='block_1_104' title="bbox 1028 2486 1810 2521">
    <p class='ocr_par' dir='ltr' id='par_1_104' title="bbox 1028 2486 1810 2521">
     <span class='ocr_line' id='line_1_104' title="bbox 1028 2486 1810 2521; baseline 0 -6"><span class='ocrx_word' id='word_1_766' title='bbox 1028 2487 1153 2515; x_wconf 90' lang='lat' dir='ltr'><strong>inhibeas</strong></span> <span class='ocrx_word' id='word_1_767' title='bbox 1166 2487 1194 2514; x_wconf 92' lang='lat' dir='ltr'><strong>in</strong></span> <span class='ocrx_word' id='word_1_768' title='bbox 1205 2486 1367 2521; x_wconf 89' lang='lat' dir='ltr'><strong>complendo</strong></span> <span class='ocrx_word' id='word_1_769' title='bbox 1378 2493 1412 2514; x_wconf 90' lang='lat' dir='ltr'><strong>eo</strong></span> <span class='ocrx_word' id='word_1_770' title='bbox 1423 2486 1494 2521; x_wconf 89' lang='lat' dir='ltr'><strong>quod</strong></span> <span class='ocrx_word' id='word_1_771' title='bbox 1508 2486 1668 2521; x_wconf 80' lang='lat' dir='ltr'><strong>promisisti,</strong></span> <span class='ocrx_word' id='word_1_772' title='bbox 1682 2486 1810 2515; x_wconf 83' lang='lat' dir='ltr'><strong>daturum</strong></span> 
     </span>
    </p>
   </div>
   <div class='ocr_carea' id='block_1_105' title="bbox 1028 2532 1809 2568">
    <p class='ocr_par' dir='ltr' id='par_1_105' title="bbox 1028 2532 1809 2568">
     <span class='ocr_line' id='line_1_105' title="bbox 1028 2532 1809 2568; baseline 0.001 -9"><span class='ocrx_word' id='word_1_773' title='bbox 1028 2537 1055 2560; x_wconf 91' lang='lat' dir='ltr'><strong>te</strong></span> <span class='ocrx_word' id='word_1_774' title='bbox 1069 2533 1264 2568; x_wconf 88' lang='lat' dir='ltr'><strong>pharmacum;</strong></span> <span class='ocrx_word' id='word_1_775' title='bbox 1284 2539 1339 2567; x_wconf 90' lang='lat' dir='ltr'><strong>quo</strong></span> <span class='ocrx_word' id='word_1_776' title='bbox 1355 2536 1383 2559; x_wconf 90' lang='lat' dir='ltr'><strong>et</strong></span> <span class='ocrx_word' id='word_1_777' title='bbox 1400 2539 1462 2560; x_wconf 86' lang='lat' dir='ltr'><strong>cum</strong></span> <span class='ocrx_word' id='word_1_778' title='bbox 1483 2532 1682 2565; x_wconf 88' lang='lat' dir='ltr'><strong>contubernali,</strong></span> <span class='ocrx_word' id='word_1_779' title='bbox 1695 2537 1809 2560; x_wconf 84' lang='lat' dir='ltr'><strong>mortem</strong></span> 
     </span>
    </p>
   </div>
   <div class='ocr_carea' id='block_1_106' title="bbox 1030 2578 1810 2615">
    <p class='ocr_par' dir='ltr' id='par_1_106' title="bbox 1030 2578 1810 2615">
     <span class='ocr_line' id='line_1_106' title="bbox 1030 2578 1810 2615; baseline 0.003 -9"><span class='ocrx_word' id='word_1_780' title='bbox 1030 2584 1151 2614; x_wconf 86' lang='lat' dir='ltr'><strong>optante,</strong></span> <span class='ocrx_word' id='word_1_781' title='bbox 1178 2579 1251 2614; x_wconf 89' lang='lat' dir='ltr'><strong>quod</strong></span> <span class='ocrx_word' id='word_1_782' title='bbox 1271 2578 1378 2607; x_wconf 87' lang='lat' dir='ltr'><strong>dederis</strong></span> <span class='ocrx_word' id='word_1_783' title='bbox 1402 2578 1612 2613; x_wconf 81' lang='lat' dir='ltr'><strong>communicem,</strong></span> <span class='ocrx_word' id='word_1_784' title='bbox 1636 2583 1664 2607; x_wconf 82' lang='lat' dir='ltr'><strong>et</strong></span> <span class='ocrx_word' id='word_1_785' title='bbox 1685 2588 1736 2615; x_wconf 75' lang='lat' dir='ltr'><strong>ego</strong></span> <span class='ocrx_word' id='word_1_786' title='bbox 1763 2589 1810 2608; x_wconf 75' lang='lat' dir='ltr'><strong>su~</strong></span> 
     </span>
    </p>
   </div>
   <div class='ocr_carea' id='block_1_107' title="bbox 1030 2623 1478 2657">
    <p class='ocr_par' dir='ltr' id='par_1_107' title="bbox 1030 2623 1478 2657">
     <span class='ocr_line' id='line_1_107' title="bbox 1030 2623 1478 2657; baseline -0.002 -4"><span class='ocrx_word' id='word_1_787' title='bbox 1030 2633 1118 2657; x_wconf 86' lang='lat' dir='ltr'><strong>mens,</strong></span> <span class='ocrx_word' id='word_1_788' title='bbox 1136 2625 1187 2652; x_wconf 84' lang='lat' dir='ltr'><strong>hac</strong></span> <span class='ocrx_word' id='word_1_789' title='bbox 1201 2625 1256 2652; x_wconf 81' lang='lat' dir='ltr'><strong>vita</strong></span> <span class='ocrx_word' id='word_1_790' title='bbox 1270 2623 1352 2652; x_wconf 87' lang='lat' dir='ltr'><strong>citius</strong></span> <span class='ocrx_word' id='word_1_791' title='bbox 1370 2624 1478 2652; x_wconf 86' lang='lat' dir='ltr'><strong>liberer.</strong></span> 
     </span>
    </p>
   </div>
   <div class='ocr_carea' id='block_1_108' title="bbox 1067 2678 1810 2716">
    <p class='ocr_par' dir='ltr' id='par_1_108' title="bbox 1067 2678 1810 2716">
     <span class='ocr_line' id='line_1_108' title="bbox 1067 2678 1810 2716; baseline 0.004 -9"><span class='ocrx_word' id='word_1_792' title='bbox 1067 2679 1220 2708; x_wconf 78' lang='lat' dir='ltr'><strong>LXXXVII.</strong></span> <span class='ocrx_word' id='word_1_793' title='bbox 1242 2678 1305 2707; x_wconf 81' lang='lat' dir='ltr'><strong>llaec</strong></span> <span class='ocrx_word' id='word_1_794' title='bbox 1318 2678 1424 2707; x_wconf 84' lang='lat' dir='ltr'><strong>dicente</strong></span> <span class='ocrx_word' id='word_1_795' title='bbox 1442 2678 1571 2714; x_wconf 85' lang='lat' dir='ltr'><strong>muliere,</strong></span> <span class='ocrx_word' id='word_1_796' title='bbox 1588 2679 1685 2709; x_wconf 81' lang='lat' dir='ltr'><strong>Petrus</strong></span> <span class='ocrx_word' id='word_1_797' title='bbox 1707 2680 1810 2716; x_wconf 78' lang='lat' dir='ltr'><strong>cogita—</strong></span> 
     </span>
    </p>
   </div>
   <div class='ocr_carea' id='block_1_109' title="bbox 826 2753 1163 2785">
    <p class='ocr_par' dir='ltr' id='par_1_109' title="bbox 826 2753 1163 2785">
     <span class='ocr_line' id='line_1_109' title="bbox 826 2753 1163 2785; baseline -0.015 0"><span class='ocrx_word' id='word_1_798' title='bbox 826 2754 943 2785; x_wconf 72' lang='lat' dir='ltr'><strong>VARLE</strong></span> <span class='ocrx_word' id='word_1_799' title='bbox 963 2753 1163 2783; x_wconf 75' lang='lat' dir='ltr'><strong>LECTIONES.</strong></span> 
     </span>
    </p>
   </div>
   <div class='ocr_carea' id='block_1_110' title="bbox 246 2832 814 2872">
    <p class='ocr_par' dir='ltr' id='par_1_110' title="bbox 246 2832 814 2872">
     <span class='ocr_line' id='line_1_110' title="bbox 246 2832 814 2872; baseline 0 -11"><span class='ocrx_word' id='word_1_800' title='bbox 246 2832 266 2850; x_wconf 76' lang='lat'>“</span> <span class='ocrx_word' id='word_1_801' title='bbox 283 2833 316 2861; x_wconf 73' lang='lat' dir='ltr'><strong>al.</strong></span> <span class='ocrx_word' id='word_1_802' title='bbox 326 2835 528 2872; x_wconf 77' lang='grc' dir='ltr'>διαψεύσασθαι.</span> <span class='ocrx_word' id='word_1_803' title='bbox 568 2837 590 2854; x_wconf 78' lang='grc'><strong>⁸⁸</strong></span> <span class='ocrx_word' id='word_1_804' title='bbox 611 2835 645 2864; x_wconf 82' lang='lat' dir='ltr'><strong>al.</strong></span> <span class='ocrx_word' id='word_1_805' title='bbox 658 2836 741 2864; x_wconf 71' lang='lat' dir='ltr'><strong>inser.</strong></span> <span class='ocrx_word' id='word_1_806' title='bbox 759 2833 814 2864; x_wconf 77' lang='grc' dir='ltr'><strong>οὖν.</strong></span> 
     </span>
    </p>
   </div>
  </div>
