2290 3110
246 151 289 180 553

631 149 862 179 CLEMENTINA.
883 165 918 172 ——
934 149 1087 179 EPITOME
1104 149 1150 178 DE
1166 150 1292 179 GESTIS
1311 151 1340 179 S.
1363 150 1475 179 PETRI.

1793 151 1847 181 ωδ

274 205 320 234 XC.
339 205 489 242 Δαδόμενος
508 204 555 234 οὖν
574 207 625 242 τῆς
646 207 738 244 χειρὸς
758 207 844 242 αὐτῆς
865 207 880 233 ὸ
902 206 1015 242 Πέτρος,
1030 205 1055 234 Α
1101 206 1160 234 XC.

939 213 1015 242 zpoq,
1030 205 1055 234 A
1101 206 1160 234 XC.
1180 205 1287 234 Tenens
1299 212 1365 241 ergo
1387 205 1462 234 illius
1481 212 1592 233 manum
1616 204 1722 238 Petrus,
1737 213 1797 233 eam
1810 205 1843 234 ad

246 249 300 287 ἦγεν
311 252 351 278 ἐπὶ
363 251 392 278 τὸ
406 252 505 281 πλοῖον.
527 252 597 287 Ἐγὼ
609 253 638 279 δὲ
647 252 708 280 tam
724 253 946 289 χειραγωγοῦντα
957 260 1008 287 γυ-

247 298 319 328 ναῖκα,
335 297 454 330 ἐγέλασα.
478 299 534 325 Kal.
558 297 723 334 προσελθὼν,
747 299 787 330 είς
808 298 892 334 τιμὴν
914 297 1008 330 αὐτοῦ,

246 343 292 369 ἀντ’
304 342 378 369 αὑτοῦ
396 345 575 379 χειραγωγεῖν
587 344 673 380 αὐτὴν
692 343 859 380 ἐπειρώμην.
884 344 938 370 Kal.
950 343 1009 380 ἅμα

245 388 276 423 τῷ
286 387 392 423 ἅψασθαί
409 397 442 424 με
459 389 510 425 τῆς
523 390 614 426 χειρὸς
626 389 724 425 αὐτῆς,
738 388 887 422 ὀλολύξασα
901 388 940 421 ὡς
959 389 1010 425 μή-

244 441 287 469 τηρ
299 434 371 469 μέγα.
387 435 433 464 καὶ
450 435 667 471 περιπλακεῖσα,
689 435 791 470 σφόδρα
814 434 953 470 κατεφίλει
975 443 1009 470 με

244 481 283 507 τὴν
291 480 367 515 αὐτῆς
378 481 443 508 υίόν.
465 480 534 515 Ἐγὼ
546 481 575 508 δὲ
588 481 620 508 τὸ
632 482 747 517 πρᾶγμα
761 481 831 517 ὅπερ
845 477 880 516 ἦν
894 479 1009 515 ἀγνοῶν,

245 527 274 558 ὡς
295 527 446 564 μαινομένην
467 528 644 564 ἀπεσειόμην.
668 527 831 564 Διδούμενος
847 527 877 554 δὲ
898 527 945 554 καὶ
963 526 1010 554 τὸν

245 572 338 608 Πίτρον,
353 573 463 608 πικρίας
476 573 663 610 ἑπληρούμην.

270 627 327 655 XCI.
352 628 379 655 '0
392 629 420 655 δὲ
435 629 553 665 Πέτρος,
572 629 635 662 Ἔα,
648 629 770 665 φησὶν,ὦ
782 629 892 665 Κλήμη.
908 629 941 657 Τί
955 630 1010 664 γὰρ

245 673 281 699 καὶ
291 674 375 705 ποιεῖς,
383 673 453 701 οὕτω
467 675 518 711 τήν
531 683 561 701 σε
571 675 702 702 τεκοῦσαν
715 674 925 710 ἀποσειόμενοςς
940 673 1010 710 Ἐγὼ

243 718 265 744 δὲ
277 718 344 745 τοῦτο
352 719 478 753 ἀκούσας,
493 720 658 757 περίδακρυς
683 721 837 756 γενόμενος,
860 721 908 749 καὶ
925 729 1009 748 κατα-

243 763 342 800 θεσούσῃ
361 766 392 801 τῇ
416 766 536 803 τεκούσῃ
558 765 731 803 προσπεσὼν,
759 767 929 802 κατεφίλουν.
954 767 1010 794 Καὶ

243 808 285 845 γὰρ
293 810 344 845 ἅμα
358 810 395 845 τῷ
411 810 528 847 ῥηθῆναί
543 820 587 847 μοι
602 811 692 844 τοῦτο,
706 812 837 848 ἀμυδρῶς
853 821 914 844 πως
930 812 961 839 τὺ
972 811 1010 839 εί-

242 853 276 886 δος
292 855 478 893 ἀπκαλούμην.
501 857 597 885 Πολλοὶ
620 858 670 894 μὲν
683 856 731 886 οὖν
753 858 826 894 δχλοι
850 859 1010 896 συνέτρεχον

243 900 361 937 ἱστορῆσαι
373 902 403 929 τὸ
425 902 528 939 θαῦμα,
543 904 591 931 καὶ
609 905 692 931 πᾶσιν
712 904 805 937 αὐτοῖς
818 904 862 932 διὰ
877 905 1010 942 στόματος

242 942 268 979 ἦν
278 965 284 977 ν
297 946 363 979 ὃπως
375 948 446 985 ἀνὴρ
459 948 548 981 οὕτως
563 949 710 984 ἀξιόλογος,
731 950 782 987 τὴν
800 952 940 987 προσαττιν
960 960 1010 986 γυ-

242 993 315 1024 ναῖκα,
330 994 431 1030 μητέρα
445 995 542 1022 ἑαυτοῦ
563 995 753 1032 ἀνεγνώρισεν.
773 997 950 1033 Βουλομένοις
962 995 1009 1025 οὖν

242 1037 293 1071 ἡμῖν
312 1038 356 1066 σὺν
373 1042 405 1076 τῇ
429 1042 514 1077 μητρί¹
529 1041 579 1077 τῆς
600 1042 682 1077 νήσου
701 1041 847 1075 ἐκϐαίνειν,
862 1043 879 1079 ἡ
897 1042 1008 1079 μήτ-ηρ,

238 1084 267 1112 Ὢ
277 1087 360 1114 τέκνον
376 1096 425 1123 μου
439 1088 575 1122 ποθεινὸν,
591 1086 678 1122 εἶπεν,
698 1087 810 1122 εὔλογόν
827 1088 887 1114 ἐστι
910 1088 1008 1115 συντά-

241 1132 318 1166 ξεσθαι
330 1133 374 1160 καὶ
393 1134 425 1169 τῇ
441 1132 629 1170 ὑποδεξαμένῃ
643 1133 665 1150 "
685 1133 805 1168 γυναικὶ,
817 1133 878 1169 ἥτις
893 1132 1009 1171 πενιχρὰ

240 1177 349 1211 οὗσα,καὶ
356 1179 401 1214 ὅλη
413 1179 631 1216 ταρειμένη.ὲπὶ
639 1179 689 1215 τῆς
702 1179 791 1211 οἰκίας
805 1179 942 1215 ἔρριπται.
953 1180 1009 1206 Kal.

239 1226 250 1251 ὸ
261 1225 345 1261 Πέτρος
357 1225 477 1257 ἀκούσας
494 1225 642 1262 ἐθαύμασε,
657 1226 704 1253 καὶ
714 1225 739 1242 ⁸⁸
761 1217 861 1258 πάντες
874 1226 899 1252 οἱ
918 1234 1009 1262 περιε-

241 1271 347 1307 στηκότες
364 1272 387 1288 ⁸⁹
407 1272 481 1307 δχλοι
502 1271 533 1299 τδ
551 1271 603 1308 τῆς
627 1272 756 1306 γυναικὸς
770 1271 898 1306 φρόνημα
910 1269 1009 1299 ⁶⁶.Καὶ

239 1316 321 1349 εὖθέως
334 1317 457 1344 ἐκέλευσέ
476 1325 532 1344 τισι
551 1316 728 1354 πορευθῆναι,
753 1317 800 1343 καὶ
820 1316 871 1352 τὴν
891 1317 1009 1351 γυναῖκα

239 1363 274 1389 ἐπὶ
291 1363 375 1398 κλίνης
393 1363 523 1399 κομίσαι,
541 1359 576 1399 ἦς
594 1362 754 1398 ὲναχθείσης
766 1362 800 1395 ⁸⁸,
824 1361 935 1398 τεθῆναι
959 1362 1009 1398 μὲν

239 1408 355 1435 ἐπιτάττει
374 1409 424 1445 τὴν
447 1409 560 1444 κλίνην·
583 1408 665 1440 αὐτὸς
693 1408 722 1435 δὲ
745 1408 797 1435 ὑπὸ
816 1409 877 1440 ταῖς
899 1407 1009 1435 πάντων

237 1452 323 1486 ἀκοαῖς,
335 1453 365 1480 Et
385 1453 515 1489 ἀληθείας
531 1452 620 1489 κῆρυξ
641 1452 706 1487 ἐγὼ,
722 1452 785 1488 ἔφη,
800 1452 941 1489 ἐγερθήτω
962 1453 1008 1486 ἐξ·

238 1498 307 1533 αυτῆς
319 1499 404 1535 ὑγιὴς,
426 1500 467 1531 εἰς
487 1499 537 1535 τὴν
556 1499 616 1535 τῶν,
634 1498 817 1535 παρεστώτων
838 1499 941 1532 πίστιν,
965 1499 1009 1526 τνα

237 1545 319 1578 γνῶσιν
331 1546 369 1573 ὄτι
390 1544 430 1578 εἷς
443 1546 502 1573 ἔστι
521 1545 587 1578 Θεδς
609 1547 624 1573 ὀ
645 1546 691 1573 τὸν
712 1545 814 1582 κόσμον
832 1546 958 1582 ποιήσας.
979 1546 1008 1574 '0

239 1589 278 1623 μὲν
289 1588 330 1617 ὠν
345 1590 429 1618 ταῦτα
443 1589 506 1618 εἷπε
516 1599 523 1607 ’
536 1591 583 1618 καὶ
605 1591 622 1628 ἡ
636 1591 704 1627 γυνὴ
718 1590 800 1623 εὐθὺς
813 1591 836 1608 ⁶¹
850 1591 930 1627 ὑγιὴς
942 1591 1010 1619 ἀνα-

238 1636 307 1662 στᾶσα
318 1636 364 1672 τῆς
376 1636 480 1672 κλίνης,
497 1636 537 1673 τῷ
553 1637 650 1673 Πέτρῳ
671 1636 858 1672 προσέπεσενο
882 1635 940 1664 εἷτα
960 1637 1008 1664 καὶ¹

237 1679 276 1714 τὴν
292 1681 387 1717 συνήθη
399 1682 447 1708 καὶ
459 1681 541 1717 φίλην
554 1681 776 1717 καταφιλήσασα,
796 1681 960 1710 ἐπυνθάνετο
980 1681 1007 1709 τί

238 1725 272 1760 είη
282 1726 362 1755 τοῦτο.
387 1727 420 1754 Ἦ
434 1727 464 1754 δὲ
476 1727 536 1754 ὅλον
550 1727 617 1763 αὐτῇ
633 1727 664 1754 τὸ
685 1728 802 1764 πρᾶγμα
820 1727 868 1755 τοῦ
884 1728 1006 1763 ἀναγνω-

238 1770 318 1809 ρίσμοῦ
330 1770 486 1807 διηγήσατο,
499 1773 547 1799 καὶ
564 1772 589 1799 οἱ
603 1771 769 1804 ἀκούσαντες
783 1772 1005 1809 κατεπλάγησαν.

236 1814 290 1841 Τότε
313 1816 328 1852 ή
351 1817 442 1854 μήτηρ
462 1818 514 1850 τὴν
536 1817 672 1854 ξενοδόχον
696 1817 816 1846 ίαθεϊσαν
847 1818 1007 1855 παραδόξως

239 1860 323 1895 ἰδοῦσα,
344 1864 493 1900 παρεκάλει
515 1864 562 1891 καὶ
589 1863 658 1900 αὐτὴ
686 1864 833 1901 θεραπείας
853 1866 955 1900 τυχεῖν.
977 1864 1007 1892 '0

238 1905 322 1942 Πέτρος
339 1907 367 1935 δὲ
386 1908 436 1946 τὴν
452 1910 540 1944 ,χεῖρα
559 1908 674 1941 ἐπιθεὶς,
694 1909 741 1937 καὶ
753 1909 837 1946 αὐτὴν
856 1909 1007 1945 ἑθεράπευ-

238 1960 282 1979 σεν.

265 2009 335 2038 XCII.
352 2010 408 2039 Εἶθ’
422 2011 511 2044 οὕτως
535 2012 599 2049 περὶ
618 2011 759 2045 εὐσεϐείας
779 2012 940 2049 διαλεχθεὶς,
959 2013 1006 2040 ἐπὶ

237 2054 268 2090 τῷ
279 2056 342 2083 τέλει
354 2058 381 2084 δὲ
391 2059 440 2085 καὶ
461 2058 598 2095 προσθείς
621 2058 667 2091 Ὠς
679 2059 705 2086 εῐ
723 2067 766 2091 τις
782 2058 906 2093 βούλεται
920 2058 1007 2086 ταῦτα

238 2101 316 2136 μαθεῖν
338 2104 475 2140 ἀκριϐῶς,
500 2105 541 2136 είς
558 2104 722 2140 ’Δντιὸχειαν
741 2105 914 2140 ἀφικόμενος,
937 2104 1006 2132 ὅπου

238 2146 329 2180 πλείους
341 2149 444 2185 ἡμέρας
457 2150 551 2186 ἔκρινα
564 2151 732 2187 παραμένειν
744 2150 777 2183 ⁸³,
791 2152 850 2178 ἐκεῖ
861 2150 947 2178 ταῦτα
959 2150 1006 2178 καὶ

238 2193 383 2228 μανθανέτω.
406 2197 438 2224 Et
462 2196 517 2233 γὰρ
538 2196 672 2233 ἐμπορίας
695 2196 788 2223 ἕνεκεν
810 2197 827 2233 ἢ
851 2197 1004 2232 στρατείας,

1025 893 1046 921 Β

1022 1571 1044 1601 C

1058 252 1197 288 navigium
1221 251 1311 280 duxit.
1325 251 1412 284 Quem
1430 259 1481 287 ego
1497 251 1594 279 videns
1614 259 1697 279 manu
1711 251 1845 279 deducere

1058 299 1212 332 mulierem,
1227 298 1275 326 risi
1290 307 1297 325 :
1310 302 1338 326 et
1349 298 1495 332 accedens,
1509 297 1537 325 in
1553 298 1685 325 honorem
1697 297 1781 331 illius,
1795 305 1846 333 pro

1059 345 1119 380 ipso
1131 352 1215 372 manu
1230 343 1331 371 ducere
1345 351 1406 371 eam
1420 343 1506 370 volui.
1522 341 1556 370 Et
1568 343 1650 370 simul
1665 347 1748 378 atque
1768 342 1845 378 tetigi

1059 397 1172 418 manum
1197 389 1428 425 ipsius,;magno
1452 392 1583 424 tanquam
1617 393 1703 417 mater
1725 388 1847 416 clamore

1059 437 1152 470 edito,
1180 443 1278 471 meque
1307 435 1467 471 complexa,
1489 435 1666 462 vehementer
1692 441 1737 462 me
1759 434 1846 461 tilium

1059 491 1140 510 suum
1153 481 1310 510 deosculata
1323 485 1374 509 est.
1390 480 1446 516 Ego
1460 485 1562 515 autem,
1577 480 1705 516 ignorans
1715 479 1845 516 quidnam

1060 528 1099 556 rei
1112 532 1196 561 esset,
1212 533 1342 563 tanquam
1357 527 1540 555 insanientem
1555 527 1736 562 repellebam;
1751 526 1847 554 simul-

1059 581 1113 610 que
1128 574 1265 602 reveritus
1276 573 1397 606 Petrum,
1409 574 1505 608 plenus
1520 581 1594 601 eram
1607 573 1800 601 amaritudine.

1095 628 1162 657 XCI.
1184 628 1254 656 Tum
1266 628 1380 657 Petrus:
1396 628 1471 662 Sine,
1486 628 1585 664 inquit,
1599 636 1616 656 ο
1627 628 1764 656 Clemens.
1775 627 1847 661 Quid

1059 676 1133 703 enim
1157 676 1226 711 agis,
1251 675 1287 703 ita
1311 676 1445 710 repellens
1469 683 1529 703 eam
1555 683 1616 711 quae
1640 680 1667 702 te
1682 675 1802 710 peperit?
1818 674 1847 702 Id

1060 729 1123 749 cum
1141 728 1192 757 ego
1213 721 1364 754 audissem,
1389 721 1506 749 multum
1530 721 1696 757 lacrymans,
1716 725 1744 748 et
1766 720 1847 748 matri

1060 775 1121 803 qua:
1135 775 1165 795 se
1188 767 1323 802 dejecerat
1343 767 1478 801 accidens,
1495 767 1650 795 osculabar.
1665 765 1733 794 Nam
1754 766 1848 798 statim

1061 821 1093 841 ac
1105 813 1131 840 id
1144 813 1209 841 mihi
1227 813 1329 842 dictum
1343 812 1405 845 fuit,
1420 813 1589 841 subobscure
1600 813 1718 840 formam
1732 813 1849 848 genitri-

1061 859 1101 886 cis
1123 858 1287 887 recolebam.
1309 857 1406 894 Magna
1436 866 1501 893 ergo
1535 859 1678 886 hominum
1702 858 1849 886 multitudo

1060 905 1201 932 concurrit
1212 905 1247 932 ad
1261 904 1408 932 videndum
1425 904 1606 939 miraculum;
1620 904 1708 940 iisque
1721 904 1849 932 omnibus

1060 951 1087 978 in
1101 958 1148 979 ore
1161 955 1230 985 erat,
1242 959 1298 986 quo
1313 951 1395 978 modo
1407 951 1476 978 adeo
1493 951 1680 979 memorabilis
1695 951 1736 978 vir
1748 950 1848 978 mulie-

1060 1005 1117 1025 rem
1132 997 1286 1025 mendicam
1298 1004 1378 1025 suam
1393 1001 1508 1024 matrem
1528 996 1743 1032 recognovisset.
1761 995 1848 1023 Porro

1059 1042 1232 1077 cupientibus
1247 1042 1327 1070 nobis
1340 1050 1374 1070 ex
1390 1042 1480 1070 insula
1495 1050 1558 1070 cum
1574 1046 1661 1070 matre
1681 1041 1768 1075 exire,
1779 1041 1848 1071 dixit

1059 1092 1147 1116 mater
1164 1097 1171 1115 :
1188 1088 1239 1116 Fili
1261 1088 1299 1116 mi
1320 1089 1507 1124 optatissime,
1522 1096 1630 1124 atquum
1653 1092 1714 1122 est,
1735 1092 1764 1114 ut
1788 1087 1849 1115 vale

1059 1134 1148 1162 dicam
1162 1134 1268 1163 mulieri
1284 1143 1344 1170 qua:
1355 1143 1398 1162 me
1418 1134 1548 1170 suscepit,
1562 1141 1678 1170 qumque
1695 1141 1798 1169 pauper
1820 1140 1848 1162 et

1059 1184 1118 1208 tota
1131 1180 1292 1216 paralytica,
1308 1180 1383 1208 domi
1402 1180 1485 1216 jacet.
1504 1180 1582 1213 Quod
1601 1180 1714 1209 audiens
1739 1178 1846 1213 Petrus,

1059 1233 1123 1255 cum
1135 1226 1311 1262 ingenti.quaa
1328 1226 1422 1253 aderat
1437 1225 1621 1259 multitudine,
1636 1225 1788 1252 admiratus
1806 1228 1849 1252 est

1059 1273 1183 1301 mulieris
1194 1272 1385 1308 prudentiam;
1399 1271 1548 1307 statimque
1559 1271 1698 1299 nonnullis
1710 1271 1846 1306 praecepit,

1059 1323 1090 1347 ut
1105 1319 1189 1351 irent,
1206 1323 1234 1346 et
1246 1318 1388 1345 mulierem
1405 1318 1432 1345 in
1455 1317 1555 1346 lectulo
1573 1321 1723 1352 portarent.
1737 1315 1797 1349 Qua
1809 1315 1847 1342 il-

1059 1365 1130 1399 lata,
1158 1364 1243 1400 jussit
1263 1364 1373 1400 quidem
1388 1363 1451 1399 poni
1466 1363 1585 1396 lectum;
1607 1363 1665 1398 ipse
1687 1369 1750 1389 vero
1776 1369 1847 1389 cun-

1060 1411 1112 1439 ctis
1127 1410 1302 1438 audientibus
1316 1408 1379 1443 :.Si,
1405 1409 1505 1444 inquit,
1522 1408 1646 1436 veritatis
1664 1415 1724 1436 sum
1745 1414 1847 1442 prisco,

1060 1460 1155 1492 surgat
1169 1455 1301 1483 continuo
1317 1462 1400 1488 sana,
1412 1454 1446 1482 ad
1458 1453 1539 1481 ﬁdem
1559 1461 1655 1481 eorum
1673 1452 1721 1488 qui
1735 1457 1846 1486 _astant,

1061 1506 1091 1530 ut
1110 1506 1280 1537 cognoscant
1294 1508 1379 1529 unum
1403 1507 1465 1528 esse
1489 1498 1574 1527 Deum
1594 1499 1718 1534 opilicem
1739 1498 1846 1526 mundi.

1060 1547 1150 1583 Atque
1165 1549 1223 1576 haec
1235 1547 1346 1583 quidem
1368 1547 1412 1574 ille
1426 1545 1506 1580 dixit,
1528 1545 1728 1581 confestimque
1748 1544 1848 1577 mulier

1059 1600 1093 1621 ex
1106 1593 1177 1622 lecto
1190 1593 1310 1622 surrexit
1323 1599 1441 1627 sana,et
1463 1591 1583 1628 procidlt
1605 1591 1637 1619 ad
1660 1592 1741 1627 pedes
1762 1590 1846 1625 Petri,

1058 1647 1091 1668 ac
1104 1643 1199 1675 postea
1212 1638 1377 1667 familiarem
1390 1643 1418 1666 et
1431 1638 1548 1665 amicam
1562 1637 1733 1671 deosculata,
1751 1637 1846 1669 scisci-

1058 1686 1166 1714 tabatur
1178 1685 1309 1721 quidnam
1324 1685 1375 1713 hoc
1389 1690 1472 1714 esset.
1485 1684 1533 1713 Illa
1546 1692 1612 1713 vero
1626 1689 1712 1712 totum
1727 1683 1752 1712 ei
1765 1692 1848 1721 nego-

1059 1732 1128 1759 tium
1152 1731 1346 1766 recognitionis
1360 1731 1503 1766 exposuit;
1525 1735 1553 1759 et
1568 1731 1661 1759 cuncti
1682 1731 1729 1767 qui
1749 1731 1846 1758 audie—

1059 1781 1123 1804 runt
1138 1775 1319 1812 obstupefacti
1332 1781 1407 1804 sunt.
1420 1776 1498 1804 Tunc
1512 1781 1612 1809 mater,
1629 1776 1765 1811 hospitem
1790 1776 1845 1806 mi-

1057 1823 1180 1851 rabiliter
1191 1828 1316 1851 sanatam
1328 1823 1578 1858 cernens,rogavit,
1593 1822 1651 1857 ipsa
1667 1829 1777 1857 quoque
1789 1829 1847 1855 me-

1058 1870 1146 1898 delam
1162 1869 1306 1904 acciperet.
1321 1869 1417 1897 Petrus
1435 1873 1634 1902 autem,_manu
1646 1868 1792 1904 imposita,
1803 1867 1845 1903 ip:

1058 1923 1117 1944 sam
1130 1915 1212 1943 etiam
1225 1915 1345 1943 curavit.

1093 2005 1172 2034 XCII.
1192 2004 1226 2034 Et
1246 2009 1342 2041 postea
1366 2005 1400 2033 de
1425 2005 1525 2041 pietate
1549 2003 1689 2038 disseruit,
1712 2008 1794 2040 atque
1815 2004 1845 2032 in

1057 2054 1110 2082 [ine
1125 2052 1230 2080 addidit
1247 2060 1254 2080 :
1271 2051 1300 2079 Si
1314 2051 1376 2087 quis
1396 2051 1453 2079 haec
1469 2052 1526 2079 vult
1538 2051 1681 2086 diligenter
1695 2058 1847 2088 cognosce-

1057 2109 1096 2134 re,
1108 2099 1283 2128 Antiochiam
1296 2098 1399 2131 veniat,
1413 2098 1458 2126 ubi
1473 2098 1631 2133 complures
1653 2097 1721 2128 dies,
1733 2104 1845 2126 manere

1057 2146 1152 2180 statui,
1167 2150 1195 2174 et
1211 2145 1249 2173 ibi
1260 2145 1348 2173 discat
1369 2152 1411 2175 ea.
1427 2143 1456 2172 Si
1468 2143 1748 2180 enim‘negotialionis
1761 2151 1846 2172 causa

1058 2193 1099 2221 vel
1113 2192 1227 2226 militiw,
1241 2191 1397 2227 relinquere
1409 2190 1507 2218 domos
1530 2191 1636 2224 soletis,
1646 2195 1673 2218 et
1691 2190 1726 2217 ad
1746 2189 1844 2226 longos

237 2238 338 2273 οἱκίαςυ
345 2242 560 2278 καταλιμπάνειν
572 2241 670 2274 οἴδατε,
685 2241 732 2269 καὶ
746 2242 785 2274 είς
795 2241 918 2278 μακροὺς
931 2242 1006 2268 ἀπεϊ-
1022 2242 1043 2269 D
1057 2240 1141 2267 labori

940 2242 1006 2268 ιπεϊ-
1022 2242 1043 2269 D
1057 2240 1165 2267 labores
1179 2237 1384 2274 proﬁcisci,‘an
1407 2244 1462 2265 non
1483 2241 1592 2265 aeternae
1613 2237 1676 2265 vitae
1690 2237 1787 2273 gratia,
1804 2236 1844 2263 vel

237 2293 273 2310 ναι
296 2286 387 2320 πόνους
399 2288 433 2321 ⁸⁸,
453 2288 565 2320 αἱωνίας
584 2287 613 2314 δὲ
635 2287 716 2324 χάριν
736 2286 820 2323 ζωῆς,
846 2287 905 2314 οὐδὲ
925 2287 1009 2324 τριῶν

237 2330 329 2367 ἡμερῶν
340 2334 396 2361 ὁδὸν
407 2334 529 2369 οἴχεσθαι
541 2332 750 2370 προθυμήσεσθε
762 2333 796 2367 “;
809 2333 902 2365 Οὕτως
913 2332 1007 2365 εἰπὼν,

237 2376 280 2404 τῶν
292 2378 372 2414 λόγων
387 2380 552 2407 κατέπαυσε.
567 2378 645 2407 Μετὰ
663 2378 692 2405 δὲ
713 2378 799 2405 ταῦτα
813 2377 868 2413 ἐγὼ
880 2379 913 2414 τῇ
928 2378 1007 2413 ὑγια-

238 2422 316 2460 σθείσῃ
328 2427 434 2460 γυναικὶ
447 2425 494 2452 ἐπὶ
505 2425 606 2457 παντὸς
623 2424 670 2451 τοῦ
685 2424 763 2460 ὄχλου
777 2424 866 2460 χιλίας
884 2423 1008 2460 δραχμὰς

238 2468 269 2499 είς
280 2471 372 2505 τροφὰς
385 2471 576 2507 δωρησάμενος
585 2491 592 2503 ,
607 2469 667 2497 εἶτα
687 2470 734 2497 καὶ
755 2469 945 2506 παραθέμενος
958 2469 1008 2496 αὺ-

237 2513 277 2548 τὴν
288 2515 374 2552 ἀγαθῷ
386 2517 440 2543 τινὶ
455 2517 533 2552 ἀνδρὶ
546 2515 647 2552 πρώτῳ
657 2515 708 2551 τῆς
722 2515 826 2547 πόλεως
844 2515 911 2548 ὅντι,
928 2515 1007 2549 φύσει

239 2560 295 2593 μετὰ
304 2562 384 2598 χαρᾶς
394 2562 472 2589 τοῦτο
481 2563 502 2578 ⁸⁷
516 2563 645 2599 πράττειν
658 2561 843 2598 προῃρημένῳ
852 2570 859 2578 ·
875 2561 952 2589 ἔτιδὲ
961 2562 1008 2589 καὶ

238 2604 315 2638 ἄλλαις
337 2608 445 2641 πολλαῖς
467 2609 586 2645 ἀργύρια
612 2609 753 2644 διανείμας
770 2610 840 2641 ..ταῖς
870 2616 936 2635 ποτε
957 2608 1008 2644 τὴν

239 2652 329 2688 μητέρα
339 2654 632 2691 παραμυθησαμέναιςθ
644 2654 842 2691 εὐχαριστήσας
853 2654 892 2690 τῷ
903 2653 1007 2690 Κυρίῳ,

1059 2285 1262 2321 ιτίιιιιιξιιὶειυιη
1278 2285 1330 2314 iter
1341 2283 1453 2319 aggredi
1464 2283 1491 2311 in
1505 2283 1629 2313 animum
1644 2283 1794 2312 inducetis?
1806 2282 1844 2310 lta

1058 2333 1184 2365 locutus,
1206 2331 1327 2359 sermoni
1351 2330 1434 2358 ﬁnem
1459 2329 1600 2365 imposuit.
1623 2329 1726 2357 Deinde
1753 2334 1844 2356 autem

1057 2383 1119 2410 ego,
1141 2381 1285 2411 postquam
1310 2373 1418 2403 mulieri
1431 2382 1493 2410 quae
1514 2378 1608 2402 curata
1631 2373 1729 2408 fuerat,
1752 2381 1843 2401 coram

1057 2421 1131 2449 omni
1143 2421 1254 2457 populo,
1267 2421 1342 2453 mille
1356 2420 1501 2449 drachmas
1515 2420 1549 2448 ad
1559 2421 1661 2448 victum
1672 2420 1750 2454 dedi;
1765 2420 1845 2448 insu-

1057 2475 1158 2504 perque
1179 2467 1252 2495 bono
1276 2467 1384 2496 cuidam
1404 2467 1475 2499 viro,
1491 2466 1611 2494 civitatis
1635 2466 1778 2501 primario,
1795 2466 1844 2502 qui

1056 2518 1153 2548 sponte
1173 2512 1200 2540 id
1223 2520 1286 2540 cum
1310 2511 1409 2548 gaudio
1428 2512 1518 2540 facere
1531 2512 1685 2547 proposuit,
1700 2520 1856 2548 contmen-,'

1056 2559 1118 2587 davi
1131 2567 1191 2587 eam
1206 2568 1213 2586 :
1226 2564 1254 2586 et
1267 2563 1398 2594 praeterea
1413 2559 1475 2586 aliis
1489 2559 1570 2586 etiam
1590 2558 1693 2592 multis,
1709 2567 1771 2593 quas,
1785 2549 1857 2586 ma—r

1057 2607 1090 2634 tri
1104 2605 1242 2642 quondam
1264 2605 1392 2633 solatium
1416 2605 1597 2640 praebuerant,
1621 2604 1764 2640 pecuniam
1784 2605 1842 2633 dis-

1057 2652 1141 2680 tribui
1157 2661 1163 2679 :
1180 2651 1276 2687 gratiis
1293 2650 1350 2679 Deo
1372 2650 1450 2683 actis,
1466 2649 1644 2682 Antaradum,
1658 2657 1721 2678 cum
1745 2656 1841 2683 matre,
1881 2674 1884 2680 ,

852 2736 970 2765 VARIIE
983 2734 1183 2764 LECTIONES.

271 2780 291 2796 "
308 2781 340 2808 al.
365 2783 446 2812 inser.

240 2850 328 2878 ασθαι.
365 2854 386 2870 ⁸⁷
405 2855 440 2883 al.
460 2856 556 2890 τούτῳ.

239 2785 347 2836 "£931
365 2785 516 2836 ί¹¹ξθτιοξιεοι
557 2787 580 2803 ⁸⁸
594 2787 630 2815 aI.
649 2787 717 2814 ἀλλὰ
728 2787 785 2814 καί.
832 2787 855 2803 ¹⁹
864 2786 900 2813 al.
920 2785 1110 2821 περιεστῶτες.

340 2826 392 2836 ¹¹¹¹ι
492 2829 506 2836 ο-
548 2823 703 2836 --...λ..-...
754 2822 777 2836 ιιι.
796 2822 820 2836 ,.ι
853 2821 986 2836 -__,.,;_,
1034 2820 1057 2836 ει
1078 2820 1101 2836 nl

264 2815 429 2859 deestin_al._
451 2815 473 2836 ⁸³
492 2821 526 2859 al.
547 2823 714 2859 περιμένειν.
754 2822 777 2839 ⁶¹¹
796 2822 831 2849 al.
852 2815 995 2857 πατρίδας.
1034 2820 1057 2837 ⁶⁵
1077 2815 1112 2847 al.
1132 2819 1241 2850 τόπους.
1274 2815 1297 2857 f“
1311 2818 1346 2845 al.
1368 2815 1610 2852 προθυμηθήσεσθε
1624 2820 1651 2844 et
1663 2824 1716 2852 προ

1165 2784 1188 2800 ⁸ο
1208 2783 1244 2810 al.
1264 2781 1366 2834 ἀγαθὸν
1381 2780 1518 2817 φρόνημα.
1577 2780 1599 2796 ⁶¹
1619 2780 1656 2808 al.
1676 2780 1841 2842 ἐνεχθείσης.

1165 2826 1241 2842 παυς.
1274 2818 1285 2834 ⁶
1311 2818 1346 2842 al.
1368 2815 1610 2842 ποοθυμηθήσεσθε
1624 2820 1651 2842 et
1663 2824 1716 2842 ποο
1734 2814 1841 2842 euneti-

1734 2814 1842 2857 υμηθήέ
