2290 3110
408 162 463 193 515

822 163 852 192 S.
870 163 1064 191 CLEMENTIS
1086 163 1097 190 1
1116 161 1199 190 ΠΟΜ.
1220 161 1320 189 ΡΟΝΤ.
1338 162 1454 190 OPERA
1471 162 1586 192 DUBIA.

1995 164 2044 192 518

408 228 483 256 hunc
496 230 622 255 nuntium
646 227 671 256 ei
693 227 810 255 aEerens
825 236 833 254 ι
849 226 945 254 Simon
966 227 1075 261 Magus,
1091 227 1137 254 ubi
1155 226 1196 253 di-
1211 227 1234 256 Α
1247 225 1289 252 ὅτι
1303 227 1312 252 1

1155 226 1196 253 ἀί·
1211 227 1234 256 Α
1247 225 1289 252 ὅτι
1303 226 1395 263 Σίμων
1413 229 1427 254 ὁ
1438 228 1530 262 Μάγος
1552 227 1643 264 μαθὼν
1662 235 1692 253 σε
1706 228 1739 262 τῇ
1760 224 1893 261 Τριπόλει
1906 224 2043 260 ἐπιδημή-

408 274 475 303 dicit
494 279 521 302 te
534 274 638 309 Tripoli
652 281 725 305 esse,
748 273 775 300 in
803 273 910 309 Syriam
931 274 988 308 ipse
1003 274 1091 300 abiit:
1105 273 1194 299 multi-

409 320 476 347 tudo
491 324 582 346 autem
596 326 679 346 unam
696 319 766 345 banc
778 323 886 346 noctem
902 325 963 346 esse
983 318 1047 345 anni
1064 317 1197 344 ambitum

410 366 542 394 arbitrata
553 385 560 398 ,
575 373 625 392 nec
643 364 737 392 valens
752 365 932 399 praestitutum
948 372 962 390 a
978 368 1004 391 te
1028 367 1136 398 tempus
1148 371 1197 390 ex-

410 415 544 446 spectare,
561 419 610 446 pro
626 410 732 437 foribus
745 414 799 437 stat
810 430 816 441 ,
835 417 883 444 per
894 413 981 436 coetus
995 415 1022 436 et
1035 409 1153 436 circulos
1164 408 1198 435 de

412 456 533 484 Simonis
554 456 728 491 improbitate
751 459 847 482 mutuo
866 455 1042 489 colloquens;
1064 454 1110 489 qui
1133 461 1196 481 cum

411 511 459 531 eos
473 503 500 530 iu
516 510 591 537 spem
607 503 777 534 adduxisset,
793 506 875 536 atque
887 501 1023 536 pollicitus
1041 505 1112 528 esset
1125 500 1197 535 quod

411 555 438 576 te
452 555 613 584 prmscntem
629 550 723 577 multis
738 551 771 577 de
782 550 946 577 criminibus
961 555 1035 577 esset
1053 549 1196 576 convictu-

411 603 471 628 rus,
489 596 599 631 cognito
616 596 733 623 adventu
752 601 800 623 tuo
812 604 841 623 se
857 596 891 624 de
906 601 986 623 nocte
1001 596 1027 622 in
1043 595 1134 631 fugam
1151 595 1199 623 de-

411 641 482 668 derit
494 650 500 667 :
520 641 567 668 sed
580 646 607 668 et
619 641 713 668 cadent
728 642 803 676 plebs
818 646 843 668 te
855 642 949 668 audire
963 640 1108 668 desiderat.

447 686 527 713 LXII.
546 686 578 713 Et
592 686 699 719 Petrus,
726 688 878 714 admiratus
901 687 974 722 vulgi
1001 688 1134 718 studium,
1154 695 1198 714 re-

411 732 522 766 spondit
536 741 544 759 :
560 731 676 764 Videtis,
692 732 800 765 fratres,
823 741 878 768 quo
893 739 972 769 pacto
988 733 1095 761 Domini
1112 735 1197 762 nostri

411 777 494 805 verba
520 778 663 806 manifeste
683 779 881 814 compleantur.
899 779 1008 806 Memini
1036 780 1109 807 enim
1134 788 1196 807 eum

403 823 502 850 dicere
518 831 525 848 :
543 823 623 850 Multi
648 825 751 852 venient
772 824 803 851 ab
822 825 939 858 Oriente,
952 831 976 852 et
1001 825 1156 859 Occidente,
1173 831 1197 853 et

410 869 549 903 Aquilone,
567 874 592 896 et
621 870 705 902 mari,
723 879 755 897 ac
785 871 933 898 recumbam
957 880 1016 898 cum
1035 872 1196 904 libra/tanto,

412 912 508 940 Isaaco
529 918 554 941 et
580 913 680 941 Iacobo
691 915 725 942 ".
745 914 798 942 Sed
813 920 840 943 ct
863 915 954 950 Multi,
979 917 1077 952 inquit,
1093 919 1196 951 vocati;

410 961 489 994 pauci
509 968 568 988 vero
596 961 718 989 electi".
734 962 826 998 Itaque
850 963 923 998 quod
949 965 1071 997 veniant,
1089 972 1142 992 non
1157 970 1200 992 est

410 1015 504 1035 eorum
521 1009 673 1044 proprium,
692 1011 739 1037 sed
762 1016 804 1038 est
820 1011 867 1038 Dei
884 1011 931 1047 qni
946 1013 1054 1039 vocavit
1071 1022 1077 1039 :
1094 1011 1116 1040 si
1133 1019 1199 1038 vero

410 1058 472 1089 post
494 1055 662 1083 vocationem
690 1056 760 1084 bona
784 1065 866 1092 opera
890 1057 1015 1089 fecerint,
1036 1058 1088 1084 hoc
1101 1064 1197 1084 eorum

409 1100 463 1127 erit
477 1101 629 1135 proprium,
641 1107 668 1129 ct
678 1103 885 1130 convenientem
900 1107 1082 1137 assequentur
1095 1110 1199 1129 merce-

409 1147 452 1174 dis
467 1148 685 1175 retributionem.
698 1147 720 1163 ⁸⁷
734 1147 798 1176 Hau:
816 1149 886 1176 dixit
901 1158 908 1176 :
925 1156 1043 1183 cumque
1062 1148 1199 1184 ingentem

410 1192 519 1219 turbam
539 1193 654 1226 videret,
680 1193 778 1220 leniter
809 1193 884 1220 velut
909 1193 1045 1228 placidum
1065 1192 1198 1220 fluentum

409 1239 500 1266 amnis
511 1238 632 1272 amuere,
649 1239 771 1266 Marooni
790 1239 829 1266 ait
845 1248 851 1266 :
867 1238 916 1266 Ubi
934 1239 978 1266 bic
991 1239 1040 1266 tibi
1054 1239 1131 1266 locus
1146 1244 1197 1272 est,

409 1284 458 1319 qui
474 1285 546 1312 hanc
566 1284 769 1312 multitudinem
786 1292 884 1319 capere
908 1284 1012 1319 possit?
1022 1283 1056 1311 Et
1069 1284 1199 1312 Maroone

409 1330 526 1358 ducente
551 1337 614 1357 eum
631 1329 659 1356 in
679 1329 768 1357 locum
784 1329 864 1356 horto
881 1330 1020 1357 excultum
1038 1337 1070 1357 ac
1083 1330 1195 1358 subdia-

409 1374 474 1407 lem,
488 1379 589 1402 secuta:
603 1379 667 1402 sunt
682 1379 709 1402 et
722 1375 817 1402 turbae.

447 1419 537 1447 LXIII.
563 1420 660 1447 Petrus
684 1425 787 1452 autem,
807 1428 888 1455 super
907 1421 994 1448 basim
1019 1425 1117 1448 statuae
1143 1429 1197 1447 non

410 1466 561 1493 admodum
581 1467 716 1496 excelsam
739 1471 831 1500 stans;
848 1467 930 1494 simul
956 1472 1040 1502 atque
1067 1467 1197 1502 populum

411 1519 488 1539 more
511 1512 637 1546 religioso
655 1513 819 1546 salutasset;
843 1520 956 1540 cernens
981 1514 1080 1541 multos
1104 1518 1198 1541 astan-

1250 281 1343 305 σαντα,
1360 275 1409 310 τὴν
1421 274 1467 301 ἐπὶ
1478 274 1578 310 Συρίαν
1589 274 1669 305 αὐτὸς
1684 273 1780 309 ᾤχετο·
1789 272 1824 299 τὰ
1834 272 1864 298 δὲ
1891 271 1985 307 πλήθη
1996 271 2044 307 τὴν

1250 320 1315 355 μίαν
1336 319 1437 356 ταύτην
1454 319 1540 347 νύκτα
1561 319 1686 346 ἐνιαυτοῦ
1713 318 1837 355 περίοδον
1852 317 2043 354 ἡγησάμενοι,

1248 366 1298 401 τὴν
1312 365 1434 392 δοθεῖσαν
1449 366 1502 392 ὑπὸ
1521 365 1568 392 σοῦ
1591 365 1761 401 προθεσμίαν
1775 364 1806 390 οὐ
1820 363 1968 399 δυνάμενοι
1981 363 2046 389 ἀνα-

1250 411 1351 447 μένειν,
1366 412 1418 447 πρὸ
1428 412 1482 439 τῶν
1492 411 1583 448 Θυρῶν
1598 411 1738 446 ἑστήκασι,
1749 410 1819 437 κατὰ
1837 410 1987 441 σδστάσεις
2001 410 2046 436 καὶ

1250 459 1405 493 συλλόγους,
1421 457 1546 493 ἀλλήλοις
1556 458 1620 493 περὶ
1634 457 1684 492 τῆς
1694 455 1740 482 τοῦ
1755 455 1876 491 Σίμωνος
1891 455 2047 491 μοχθηρίας

1248 503 1431 539 διομιλοῦντες
1440 525 1447 536 ,
1461 503 1502 529 διὸ
1510 503 1532 519 ⁵³
1552 502 1720 538 μετεωρίσας
1742 501 1849 533 αὐτοὺς,
1860 501 1910 527 καὶ
1925 500 2046 535 ὑποσχό-

1250 559 1330 586 μενος
1343 551 1389 576 ἐπὶ
1403 549 1511 581 πολλοῖς
1529 557 1558 575 σε
1580 549 1675 580 κακοῖς
1694 547 1805 574 ἐλθόντα
1819 546 1943 581 ἐλέγξειν
1953 566 1961 578 ,
1984 546 2046 572 ἑπι-

1248 596 1407 632 δημήσαντα
1418 595 1513 630 γνοὺς,
1528 595 1636 630 νύκτωρ
1661 594 1788 629 διέφυγε·
1805 593 1875 629 πλὴν
1895 592 2046 628 ἐπιθυμοῦ-

1250 648 1291 667 σιν
1306 641 1386 667 αὐτοὶ
1399 639 1514 667 ἀκοῦσαί
1531 647 1587 666 σου.

1284 688 1363 715 ιλιι.
1386 688 1440 714 Καὶ
1464 686 1478 714 ὁ
1507 687 1609 722 Πέτρος
1632 685 1775 720 θαυμάσας
1803 684 1858 710 τῶν
1879 683 1970 719 ὄχλων
1996 684 2044 715 τὴν

1250 734 1377 769 σπουδὴν,
1396 732 1572 769 ἀπεκρίνατο·
1604 732 1711 768 Ὁρᾶτε,
1731 730 1858 765 ἀδελφοὶ,
1876 730 1938 761 πῶς
1958 730 1984 756 οἱ
1998 729 2043 756 τοῦ

1249 779 1352 815 Κυρίου
1374 778 1453 814 ἡμῶν
1469 779 1541 813 λόγοι
1554 778 1682 814 ἐμφανῶς
1697 776 1873 803 τελειοῦνται.
1891 775 2044 812 Μέμνημαι

1248 827 1302 862 γὰρ
1322 826 1403 853 αὐτοῦ
1417 825 1567 861 εἰρηκότος,
1586 825 1636 851 ὅτι·
1649 823 1763 851 Πολλοὶ
1783 823 1963 850 ἐλεύσονται
1987 822 2044 849 ἀπὸ

1248 872 1413 903 ἀνατολῶν,
1441 872 1490 898 καὶ
1513 871 1646 905 δυσμῶν,
1668 870 1718 897 καὶ
1738 869 1836 904 ,βορῤᾶ
1862 869 1912 896 καὶ
1928 868 2043 896 θαλάσ-

1249 928 1308 952 σης
1321 919 1356 934 ’δ’
1389 917 1438 944 καὶ
1461 917 1716 950 ἀνακλιθήσονται
1741 917 1815 952 μετὰ
1842 914 1976 950 Ἀϐραὰμ
1998 915 2045 942 xa‘.

1256 965 1359 992 Ἰσαὰκ
1379 964 1428 991 καὶ
1452 963 1561 991 Ἰακώϐ.
1584 963 1663 990 Ἀλλὰ
1676 963 1723 990 καὶ
1743 962 1862 993 πολλοὶ,
1879 962 1960 998 φησὶ,
1973 963 2044 995 κληι

1249 1011 1304 1043 τοὶ,
1314 1011 1410 1046 ὀλίγοι
1429 1010 1462 1037 δὲ
1476 1010 1620 1037 ἐκλεκτοί.
1636 1009 1673 1036 Τὸ
1694 1009 1743 1045 μὲν
1760 1007 1806 1036 οὖν
1818 1008 1908 1034 ὲλθεῖν
1920 1007 1974 1034 οὐκ
1997 1007 2043 1033 αὖ-

1249 1057 1303 1084 τῶν
1327 1057 1400 1083 ἐστιν
1417 1056 1492 1088 ἴδιον,
1516 1056 1583 1082 ἀλλὰ
1603 1055 1650 1082 τοῦ
1674 1054 1839 1090 κεκληκότος
1859 1054 1940 1080 Θεοῦ·
1956 1054 2002 1080 ἐὰν
2017 1053 2043 1080 δὲ

1251 1102 1320 1139 μετὰ
1333 1103 1364 1128 τὸ
1383 1102 1514 1137 κληθῆναι
1527 1101 1562 1127 τὰ
1583 1100 1673 1135 ἀγαθὰ
1695 1100 1828 1136 πράξωσι,
1854 1099 1936 1126 τοῦτο
1958 1099 2043 1125 αὐτῶν

1250 1148 1323 1180 ἴδιον,
1335 1149 1382 1175 καὶ
1393 1148 1442 1183 τῆς
1455 1147 1647 1183 προσηκούσης
1661 1145 1802 1178 τεύξονται
1819 1145 2041 1182 μισθαποδοσίας.

1249 1195 1342 1222 Ταῦτα
1353 1192 1425 1226 εἷπε,
1436 1194 1538 1221 καὶτὸν
1551 1194 1634 1220 πολὺν
1643 1193 1721 1228 ὄχλον
1735 1192 1796 1220 ἰδὼν
1807 1193 1902 1229 πράως
1919 1192 2042 1228 καθάπερ

1248 1242 1348 1277 ἥσυχον
1361 1250 1387 1267 τι
1405 1240 1493 1277 ῥεῦμα
1510 1239 1632 1275 ποταμοῦ
1646 1239 1818 1275 ἐπιρρέοντα,
1832 1239 1884 1273 έῳη
1899 1237 1939 1273 τῷ
1953 1238 2043 1273 Μαρο-

1248 1287 1316 1323 ὠνιςι⁸
1325 1286 1380 1313 Ποῦ
1393 1294 1432 1312 σοι
1445 1286 1525 1317 τόπος
1536 1285 1610 1312 ἐστὶν
1628 1284 1754 1316 ἐνταῦθα,
1764 1285 1827 1316 τοὺς
1839 1283 1937 1319 ὄχλους
1948 1283 2043 1319 χωριῖν

1249 1332 1396 1368 δυνάμενος
1407 1340 1413 1364 ;
1426 1331 1479 1358 Τοῦ
1490 1331 1518 1358 δὲ
1528 1330 1677 1367 Μαροώνου
1690 1331 1731 1362 εις
1745 1330 1956 1366 κεκηπευμένον
1964 1328 2042 1356 τόπον

1249 1377 1296 1403 καὶ
1311 1376 1443 1412 ὕπαιθρον
1458 1376 1539 1402 αὐτὸν
1546 1375 1668 1410 ἄγοντος,
1682 1375 1788 1402 εἵποντο
1804 1375 1851 1401 καῖ.
1867 1376 1892 1402 οἱ
1906 1374 1990 1411 ὄχλοι,

1284 1421 1377 1449 LXIII.
1398 1422 1452 1448 Kal
1468 1424 1482 1449 ό
1502 1422 1605 1458 Πέτρος
1622 1422 1669 1448 ἐπί
1682 1431 1756 1454 τινος
1768 1421 1873 1457 βάσεως
1886 1422 2042 1458 ἀνδριάντος

1249 1469 1280 1495 οὺ
1298 1468 1368 1496 πάνυ
1391 1468 1528 1504 μετεώρου
1552 1468 1627 1500 στὰς,
1645 1468 1703 1503 ἅμα
1715 1467 1754 1503 τῷ
1766 1467 1812 1494 τὸν
1828 1468 1907 1503 ὄχλον
1925 1467 2043 1494 θεοσεὸεἷ

1249 1513 1304 1541 ἔθει
1327 1513 1555 1550 προσαγορεῦσαι,
1570 1512 1631 1541 ἰδὼν
1656 1514 1769 1545 πολλοὺς
1785 1513 1840 1540 τῶν
1862 1513 2041 1549 παρεστώτων

411 1558 491 1588 tium,
506 1565 520 1584 ιι
536 1557 707 1585 daemonibus
716 1558 772 1592 jam
787 1559 832 1585 diu
846 1559 1021 1592 molestatos;
1036 1567 1070 1587 ac
1079 1559 1194 1587 stridere
1206 1565 1230 1595 α
1246 1560 1315 1589 ὑπὺξ

1134 1559 1194 1587 clere
1206 1565 1230 1595 α
1246 1561 1298 1589 ὑπὸ
1306 1560 1438 1596 δαιμόνων
1447 1568 1477 1586 τε
1491 1561 1538 1587 καὶ
1550 1560 1655 1587 πολλῶν
1667 1561 1690 1576 ’⁵
1703 1560 1806 1596 χρόνων
1823 1560 2038 1596 ἐνοχλουμένους,

411 1612 474 1632 cum
501 1604 616 1637 ululatu,
632 1609 658 1632 et
681 1605 822 1639 procidere
844 1612 906 1632 cum
924 1606 1138 1640 supplicatione;
1158 1606 1200 1633 iu-

412 1650 586 1685 crepitis'iis,
604 1650 800 1685 silentiumque
825 1657 918 1679 tenere
940 1652 1043 1686 jussis,
1063 1652 1200 1687 pollicitus

412 1697 581 1723 curationem
609 1701 671 1731 post
697 1697 819 1724 habitum
851 1705 1022 1732 sermonem,
1057 1698 1095 1726 ita
1123 1698 1199 1734 loqui

412 1742 495 1776 coepit
509 1751 515 1769 ι

446 1788 540 1817 LXIV.
566 1789 649 1823 Deus,
679 1790 724 1825 qui
751 1790 827 1818 solus
854 1790 944 1818 bonus
969 1794 1021 1822 est,
1046 1794 1200 1825 cunctaque

412 1835 542 1871 praeclare
569 1835 643 1868 fecit,
675 1839 787 1870 propter
815 1835 932 1863 salutem
956 1836 1062 1871 generis
1074 1835 1199 1869 humani,

411 1881 487 1909 misit
504 1882 674 1917 unigenitum
689 1880 787 1909 Filium
813 1889 894 1909 suum
910 1881 1056 1909 Dominum
1073 1886 1198 1909 nostrum

410 1925 503 1954 Jesum
525 1926 677 1958 Christum,
694 1926 741 1961 qui
757 1926 781 1953 ei
797 1926 895 1961 placita
909 1927 1042 1962 vulgaret,
1059 1927 1201 1962 legemque

411 1971 488 1998 daret
499 1977 646 2006 :cternam;
660 1976 689 1999 ut
704 1972 778 1999 illam
803 1976 935 2006 perpetuo
963 1973 1161 2006 custodientes,
1173 1977 1201 2000 et

412 2018 541 2052 baptizati
569 2019 595 2045 in
619 2019 808 2046 remissionem
831 2025 1016 2054 peccatorum,
1030 2020 1084 2047 vita
1099 2020 1200 2055 sempi-

413 2067 488 2090 terna
498 2064 640 2091 donentur.
653 2065 675 2080 9°
684 2064 825 2092 Enitimini
844 2070 934 2092 autem
948 2065 1046 2100 primo,
1064 2070 1094 2093 ut
1109 2065 1200 2093 sordi~

412 2110 477 2136 dum
495 2110 685 2136 indumentum
708 2115 843 2143 vestrum,
874 2111 988 2143 scilicet,
1022 2111 1198 2144 infidelitatis,

413 2155 536 2187 exuatis;
552 2155 624 2190 quod
653 2162 708 2181 non
737 2155 789 2182 alia
812 2156 918 2183 ratione
933 2156 1198 2191 potestisdeponere,

414 2199 465 2226 nisi
482 2200 559 2234 prius
585 2200 611 2226 in
634 2200 714 2228 bonis
734 2201 888 2229 actionibus
900 2202 1074 2236 bapti-Lemini
1093 2211 1100 2229 :
1118 2207 1200 2237 atque

415 2246 465 2278 ita,
481 2245 543 2280 puri
558 2253 672 2280 corpore
689 2254 721 2274 ac
737 2247 828 2274 anima
846 2247 947 2279 eII’ecti,
964 2247 1057 2275 futuro
1071 2253 1200 2283 perpetuo

414 2299 498 2327 regno
505 2291 644 2318 fruemini.
654 2291 746 2326 Itaque
759 2300 809 2320 nec
820 2292 900 2321 idolis
914 2293 1024 2327 credite,
1036 2302 1085 2321 nec
1100 2302 1200 2322 mensa:

413 2345 508 2365 eorum
523 2337 668 2372 participes
680 2342 784 2372 estote;
802 2346 855 2365 non
874 2339 1002 2372 occidite;
1018 2347 1071 2366 non
1096 2340 1200 2368 adulte-

414 2387 487 2413 rate,
501 2390 554 2410 non
570 2383 681 2418 ﬂagrate
698 2384 762 2411 odio
777 2388 890 2417 mutuo;
907 2392 956 2411 nec
978 2383 1079 2412 furtum
1100 2385 1198 2420 facile;

415 2437 503 2464 neque
518 2429 632 2456 omnino
650 2430 830 2464 aggredimini
847 2429 901 2457 ulla
915 2437 997 2464 prava
1014 2430 1144 2459 facinora.

449 2474 530 2502 LXV.
559 2473 621 2502 Haec
649 2483 712 2503 cum
738 2475 862 2508 dixisset,
891 2480 972 2511 atque
991 2484 1024 2503 ex
1050 2476 1198 2512 Scripturis

415 2521 568 2548 monuisset
587 2520 684 2552 multa,
697 2528 792 2548 omnes
809 2526 1035 2555 permanserunt;
1048 2522 1092 2549 alii
1108 2527 1137 2550 ut
1152 2531 1200 2550 cu-

415 2571 552 2599 rarentur,
568 2567 614 2594 alii
631 2573 660 2594 ut
672 2567 796 2594 viderent
809 2575 857 2595 eos
874 2567 919 2602 qni
935 2568 1078 2595 sanitatem
1096 2569 1199 2604 recipe-

416 2618 485 2641 rent.
497 2612 595 2640 Petrus
613 2618 703 2640 autem
719 2613 854 2640 duntaxat
866 2614 1010 2648 imponens
1025 2614 1080 2642 illis
1091 2623 1198 2648 manus,

416 2665 443 2687 et
457 2663 656 2695 comprecatus,
674 2659 822 2695 unicuique
851 2659 1050 2688 immunitatem
1074 2668 1088 2687 a
1105 2661 1200 2688 morbo

1252 1609 1400 1645 βρύχοντάς
1415 1618 1444 1635 τε
1462 1609 1520 1644 μετ’
1531 1609 1654 1644 οἰμωγῆς
1671 1609 1717 1635 καὶ
1740 1606 1889 1639 πίπτοντας
1906 1609 1975 1644 μετὰ
1991 1609 2041 1634 ἱκε-

1252 1654 1322 1686 σίας,
1340 1655 1505 1689 ἐπιτιμήσας
1520 1654 1612 1685 αὐτοῖς
1626 1654 1674 1680 καὶ
1690 1653 1804 1689 ἡσυχίαν
1816 1653 1887 1688 ἔχειν
1903 1653 2038 1686 ἐπιτάξας,

1251 1701 1298 1727 καὶ
1313 1701 1362 1736 τὴν
1378 1700 1449 1726 ἴασιν
1464 1699 1534 1735 μετὰ
1548 1700 1578 1726 τὸ
1594 1699 1767 1735 διαλεχθῆναι
1791 1698 2037 1735 καθυποσχόμενος,

1250 1746 1296 1772 τοῦ
1310 1746 1400 1780 λέγειν
1415 1745 1516 1782 ἤρξατο
1539 1745 1635 1777 οὕτως·

1286 1792 1416 1820 LXIV.'O
1434 1792 1512 1828 μόνος
1532 1791 1633 1826 ἀγαθὸς
1647 1790 1722 1823 Θεὺς,
1739 1791 1775 1817 τὰ
1791 1791 1880 1818 πάντα
1896 1791 1988 1823 καλῶς
1999 1800 2040 1818 πε-

1251 1838 1372 1874 ποιηκὼς
1394 1839 1439 1865 ἐπὶ
1464 1838 1586 1874 σωτηρίᾳ
1609 1837 1655 1863 τοῦ
1679 1837 1774 1872 γένους
1799 1837 1853 1864 τῶν
1879 1837 2037 1872 ἀνθρώπων,

1250 1885 1423 1919 ἐξαπέστειλε
1449 1884 1494 1911 τὸν
1522 1884 1653 1920 μονογενῆ
1684 1883 1765 1910 αὑτοῦ
1793 1883 1856 1910 Υἰὺν
1873 1885 1919 1911 τὸν
1942 1884 2038 1920 Κύριον

1250 1931 1330 1967 ἡμῶν
1349 1929 1452 1966 Ἰησοῦν
1466 1929 1593 1965 Χριστὸν,
1611 1929 1645 1955 τὰ
1658 1929 1752 1964 ἐκείνῳ
1764 1929 1894 1956 δοκοῦντα
1916 1931 2037 1964 ὲκφάναι,

1251 1976 1297 2003 xal.
1312 1975 1393 2011 νόμον
1406 1974 1512 2001 αἰώνιον
1529 1973 1630 2006 δοῦναι,
1647 1974 1690 2000 ἴνα
1709 1974 1889 2008 φυλάσσοντες
1903 1975 1985 2001 αὑτὸν
1999 1974 2038 2000 διὰ

1251 2021 1422 2053 παντὸς,,καὶ
1439 2019 1632 2056 βαπτισθέντες
1653 2020 1692 2051 είς
1710 2020 1805 2053 ἄφεσιν
1821 2020 1977 2055 ἁμαρτιῶν,
1993 2020 2038 2054 τῆς

1250 2067 1359 2094 αἰωνίου
1368 2066 1441 2102 ζωῆς
1455 2065 1677 2099 καταξιωθῶμεν.
1687 2066 1857 2092 Σπουόἀσατε
1869 2065 1898 2092 δὲ
1911 2066 2036 2101 πρότερον

1250 2112 1413 2139 ἐκδύσασθαι
1436 2111 1466 2137 τὸ
1486 2110 1605 2147 ῥυπαρὸν
1622 2110 1699 2145 ὑμῶν
1723 2110 1823 2145 ἔνδυμα
1836 2110 1886 2145 τῆς
1901 2110 2034 2142 ἀπιστίας,

1250 2160 1318 2194 ὅπερ
1331 2159 1381 2185 οὐκ
1389 2157 1475 2188 ἄλλως
1490 2157 1674 2183 ἀποδύσασθαι
1685 2156 1808 2187 δύνασθε,
1820 2156 1843 2182 εἰ
1857 2156 1895 2191 μὴ
1909 2156 2035 2192 πρότερον

1251 2206 1296 2231 ἐπὶ
1320 2204 1415 2235 καλαῖς
1439 2202 1555 2238 πράξεσι
1581 2201 1755 2236 βαπτισθῆτε’
1771 2202 1818 2227 καὶ
1837 2200 1910 2228 οὕτω
1927 2202 2035 2238 καθαροὶ

1252 2249 1358 2284 σώματι
1374 2249 1420 2275 καὶ
1433 2248 1505 2283 ψυχῇ
1522 2248 1673 2282 γενόμενοι,
1691 2248 1739 2283 τῆς
1749 2247 1880 2283 ἐσομένης
1896 2247 1982 2274 ἀϊδίου
1994 2247 2035 2282 βα-

1252 2295 1353 2325 οτλείας
1376 2293 1553 2320 ἀπολαύσετε.
1578 2293 1652 2327 Μήτε
1676 2290 1722 2318 οὖν
1750 2291 1869 2323 εἰδώλοις
1886 2292 2033 2321 πιστεύετε,

1252 2341 1320 2375 μήτε
1342 2339 1481 2375 τραπέζης
1503 2338 1592 2364 αὐτῶν
1616 2339 1768 2364 κοινωνεῖτε
1782 2337 1825 2353 ¹⁰⁰“
1844 2337 1881 2372 μὴ
1902 2337 2032 2372 φονεύετε,

1253 2387 1289 2422 μὴ
1305 2385 1454 2421 μοιχεύετε,
1478 2384 1514 2420 μὴ
1533 2386 1636 2419 μισεῖτε
1652 2384 1791 2419 ἀλλήλους,
1811 2383 1878 2418 μηδὲ
1897 2383 2031 2414 κλέπτετε,

1253 2432 1320 2468 μηδὲ
1332 2433 1429 2463 κακαῖς
1445 2439 1499 2457 τισι
1514 2430 1644 2465 πράξεσιν
1661 2430 1729 2461 ὅλως
1741 2430 1915 2465 ἐπιχειρεῖτε.

1285 2475 1367 2503 LXV.
1382 2475 1474 2502 Ταῦτα
1486 2476 1607 2505 εἰπόντος
1622 2474 1716 2506 αὐτοῦ,
1732 2474 1778 2500 καὶ
1795 2473 1847 2500 ἀπὸ
1857 2474 1913 2499 τῶν
1925 2473 2032 2509 Γραφῶν

1251 2521 1336 2550 πολλὰ
1360 2520 1581 2556 παραινέσαντος,
1593 2521 1619 2546 οἱ
1636 2520 1735 2551 πάντες
1761 2519 1942 2554 παρέμειναν,
1954 2520 1977 2545 οἱ
1989 2518 2031 2554 μὲν

1250 2567 1297 2593 τοῦ
1310 2566 1508 2602 θεραπευθῆναι
1522 2565 1611 2600 χάριν,
1623 2565 1646 2590 οἱ
1660 2564 1687 2591 δὲ
1703 2564 1749 2590 τοῦ
1767 2564 1906 2599 ἱστορῆσαι
1919 2565 1980 2595 τοὺς
1989 2564 2031 2598 τῆς

1252 2613 1398 2647 θεραπείας
1412 2611 1598 2645 ἐπιτυχόντας.
1622 2611 1649 2636 '0
1662 2610 1690 2636 δὲ
1702 2610 1805 2645 Πέτρος
1814 2609 1862 2641 τὰς
1881 2611 1976 2646 χεῖρας
1989 2610 2029 2636 αὖ-

1252 2659 1308 2689 τοῖς
1326 2658 1429 2689 ἐπιθεὶς
1458 2657 1546 2692 μόνον,
1561 2657 1607 2683 καὶ
1630 2656 1857 2691 προσευξάμενος,
1880 2656 1932 2691 τὴν
1953 2655 2030 2684 dua).

1049 2720 1165 2748 νΛῐὶΙιΕ
1185 2719 1386 2748 LECTIONES.

452 2801 475 2816 “
490 2801 524 2827 al.
544 2801 594 2828 ὅτι.
633 2802 655 2819 ⁸⁵
671 2801 725 2827 Καὶ
749 2800 908 2832 θαλάσσης
939 2807 988 2834 pro
1012 2801 1058 2826 καὶ
1079 2801 1165 2826 νότου.
1184 2801 1249 2829 Luc.
1268 2810 1336 2833 xm,
1352 2802 1404 2834 ‘29,
1422 2809 1453 2827 ex
1483 2800 1580 2832 psalm.
1597 2808 1651 2830 cr],
1668 2801 1695 2832 Ii,

419 2839 468 2862 tes.
486 2836 551 2863 Cor.
590 2836 715 2862 "Matth.
736 2844 794 2864 rm.
813 2836 859 2866 II;
881 2835 945 2861 Luc.
964 2843 1021 2865 xm,
1040 2835 1084 2862 29.
1123 2836 1144 2852 ⁹⁸
1161 2836 1254 2864 Matth.
1271 2845 1316 2869 xx,
1338 2839 1377 2863 Ili.

1155 2872 1176 2887 ιη
1199 2869 1339 2904 (Σίιιιιιινηιη
1353 2872 1425 2898 hom.
1443 2879 1502 2902 νιιι,
1519 2879 1578 2904 cap.
1595 2871 1638 2896 25.

421 2877 489 2901 the.
506 2871 530 2902 ’1,
540 2875 591 2898 etc.
630 2872 652 2887 ³⁸
667 2871 702 2898 al.
716 2871 819 2897 πολλῶν
840 2870 973 2895 παθῶνὲκ
988 2869 1096 2896 πολλῶν.

1721 2799 1766 2826 ubi
1780 2798 1890 2825 videndi
1905 2798 2027 2832 Interpre-

1427 2837 1449 2852 9'
1474 2836 1610 2865 Clemem.,
1621 2836 1693 2861 hom.
1708 2842 1766 2864 vm.
1777 2842 1801 2860 c.
1816 2834 1842 2864 8,
1858 2839 1911 2860 etc.
1931 2831 1997 2864 Πιτζ,
2011 2832 2026 2858 l.

1443 2879 1502 2902 νιιι,
1519 2879 1578 2904 cap.
1595 2871 1638 2896 25.
1682 2871 1713 2885 ¹⁰⁰
1725 2870 1760 2896 al.
1779 2869 1862 2897 inser.
1882 2869 1990 2904 μιαρᾶς.

1754 2889 1760 2895 .
1779 2887 1846 2897 In)“:
1855 2887 1862 2895 .
1882 2887 1990 2904 ματη.
