2290 3110
243 169 286 197 517
632 170 862 200 CLEMENTINA.
880 187 917 193 —
934 171 1083 201 ΕΡΙΤΟΜΕ
1103 173 1146 201 DE

632 170 862 200 CLEMENTINA.
880 187 917 193 ——
934 171 1083 201 ΕΡΙΤΟΜΕ
1103 173 1146 201 DE
1162 173 1284 202 GESTIS
1303 173 1332 202 S.
1352 173 1462 202 PETRI.

1801 173 1852 202 518

241 226 314 262 λαγὴν
335 227 442 263 ἑκάστῳ
458 228 506 255 τοῦ
529 228 630 262 πάθους
648 230 807 267 παρέσχετο·
824 231 862 264 ὡς
882 232 946 264 τοὺς
965 231 1015 268 μὲν
1031 236 1053 263 Δ
1067 232 1145 268 ριἐειιι

965 231 1015 268 μὲν
1031 236 1053 263 Δ
1067 232 1181 268 praebuit
1199 242 1205 260 :
1221 233 1290 260 adeo
1314 238 1355 264 ut.
1365 232 1412 268 qui
1435 232 1526 260 subito
1542 232 1631 260 curati
1644 231 1762 265 fuerant,
1777 240 1853 259 surn-

240 272 397 308 παραχρῆμα
426 274 644 310 θεραπευθέντας
662 276 670 291 ¹
690 276 900 312 ὑπερθαυμάσαι
918 285 948 304 τε
968 278 1014 304 καὶ

239 315 306 348 δόξαν
317 316 384 353 ὑπὲρ
390 316 486 344 τούτου
495 321 689 354 προσενεγκεῖν
700 320 740 356 τῷ
753 320 822 356 Θεῷ.
837 321 958 354 Βεὸαίως
968 320 1015 350 οὖν

240 360 420 394 πιστεύσαντες
432 362 490 399 ἅμα
498 365 554 396 τοῖς
564 364 782 401 θεραπευθεϊσιν,
793 367 841 394 ἐπὶ
850 367 885 394 τὰ
893 367 997 394 ἑαυτῶν
1004 369 1014 384 ¹

239 406 349 442 ἀπῄεσαν
366 407 446 435 τοῦτο
471 408 598 442 λαϐόντες
617 411 737 448 ἐντολὴν,
753 411 824 439 ὥστε
835 413 1015 450 πρωῑαίτερον

240 453 373 481 συνελθείν.

269 498 354 526 LXVI.
370 500 410 535 Τῇ
420 497 468 527 οὖν
479 500 593 538 ἐπιούσῃ
606 502 620 529 6
631 502 733 538 Πέτρος
748 503 806 539 ἅμα
820 505 877 536 τοῖς
892 504 1015 532 συνοῦσιν

238 543 342 579 ἑταίροις
366 545 457 578 ἐξιὼν,
479 547 526 574 καὶ
547 547 593 574 ἐπὶ
608 547 653 575 τδν
665 548 747 575 τόπον
764 549 845 577 πάλιν
865 549 960 577 ὲλθώνο
985 551 1014 578 '0

238 589 302 622 Θεὸς,
326 590 400 625 ἔλεγε
428 592 498 628 πρὸς
519 593 626 625 αὐτοὺς,
651 594 740 621 πάντα
755 594 875 623 δύναται.
897 595 1015 629 Ἐκεῖνος

238 635 283 671 γάρ
298 637 368 663 ἐστιν
382 637 484 672 ἀγαθὸς
505 639 551 666 καὶ
564 639 677 672 δίκαιος,
696 640 744 668 καὶ
759 640 806 668 νῦν
822 641 868 668 ἐπὶ
885 643 952 669 πᾶσι
964 652 1015 678 μα-

238 681 376 717 κροθυμῶν,
391 683 436 710 ἵνα
452 685 476 711 oi
492 684 646 720 βουλόμενοι
661 687 704 721 ἐφ’
720 685 762 719 οἷς
777 687 897 721 ἔπραξαν
921 689 1015 721 κακοῖς

239 728 471 764 μεταμεληθέντες,
482 732 528 758 καὶ
539 731 646 759 κατὰτὸ
654 731 769 768 ἀρέσκον
775 733 850 768 αὐτῷ
859 733 1013 768 βιώσαντες,

238 773 348 809 ὲνὴμέρᾳ
360 771 419 811 ᾔτά
425 775 513 803 πάντα
525 777 644 812 κρίνεται
652 777 708 814 [Ζσ.
719 778 874 815 κρινεῖται],
887 779 941 805 τῶν
953 780 1014 806 κατ’

238 818 303 850 ἀξίαν
318 819 433 853 ἕκαστος
455 821 604 859 ἀπολαύσῃ.
620 823 665 850 Διὸ
685 823 732 850 νῦν
755 823 872 860 ᾶρξασθε
890 824 1015 859 γνώσεως

237 864 336 900 ἀγαθῆς,
356 865 417 902 Θεῷ
436 867 603 903 πειθόμενοι,
631 868 782 904 ἀντιλέγειν
804 870 865 902 ταῖς
884 870 988 897 ἑαυτῶν
1002 871 1013 887 ⁵

237 910 332 942 ἀτόποις
355 911 529 948 ἐπιθυμίαις,
563 913 607 941 ἵνα
636 913 768 950 δυνηθῆτε
796 914 1013 942 ἀνακαλέσασθαι

237 955 277 991 τὴν
299 956 406 992 πρώτην
429 959 464 994 τῇ
493 958 680 994 ἀνθρωπότητι
719 959 881 995 νεμηθεῖσαν
920 959 1010 995 χάριν.

238 998 305 1026 οὕτω
329 1000 381 1037 γὰρ
399 1001 466 1037 ὑμῖν
483 1002 597 1038 ἐξαυτῆς
611 1003 734 1031 ἀνατελεῖ
747 1003 781 1031 τὰ
797 1004 895 1039 ἀγαθά·
909 1004 956 1032 καὶ
972 1004 1011 1040 τῷ

237 1045 366 1073 δεδωκότι·
381 1047 613 1085 εὐχαριστήσετετ
636 1049 677 1081 είς
701 1049 745 1076 ἀεὶ
769 1049 824 1076 τῶν
849 1049 1012 1086 ἀπορρήτων

236 1091 400 1125 ἀπολαύοντες
428 1093 557 1128 ἀγαθῶν.
581 1094 796 1132 ἀπολουσάμενοι
823 1097 857 1132 τῇ
889 1097 1012 1133 μακαρίᾳ

235 1136 276 1172 τῆς
289 1137 398 1173 Τριάδος
414 1138 559 1175 ἐπικλήσει
575 1140 716 1177 πρότερον,
732 1141 760 1168 εί
775 1149 817 1174 τις
829 1141 916 1177 κηλὶς,
931 1141 959 1169 εί
967 1151 1012 1174 τις

237 1182 316 1215 σπῖλος
330 1184 390 1215 ταῖς
402 1183 552 1220 ὑμετέραις
562 1184 720 1218 ἐπιπολάζει
739 1186 849 1222 ψυχαῖς.
866 1185 944 1213 οὕτω
956 1186 1009 1222 γάρ

236 1227 260 1254 οὓ
273 1228 344 1263 μόνον
365 1229 400 1256 τὰ
423 1229 622 1266 ὲνδομυχοῦντα
631 1231 641 1247 ⁸
658 1231 725 1259 ’πνεύ
730 1241 802 1267 ματα
816 1231 880 1268 ὑμῖν
894 1231 1010 1259 ἀποδιῶ-

236 1273 271 1306 ξαι
285 1275 438 1311 δυνήσεσθε,
461 1276 529 1303 ἀλλά
547 1277 594 1304 καὶ
607 1277 641 1304 τά
657 1277 762 1314 ἑτέροις
772 1278 932 1314 ἐνοχλοῦντα
950 1279 1009 1307 δαι-

236 1320 311 1355 μόνια,
334 1324 381 1350 σὺν
406 1322 466 1355 τοῖς
489 1323 579 1356 ἄλλοις
593 1324 706 1352 πάθεσιν
732 1325 893 1353 ἀπελάσετε.
916 1325 1008 1354 Ταῦτα

235 1365 316 1399 εἰπὼν,
328 1369 383 1399 τοῖς
394 1368 450 1396 ὑπό
462 1377 544 1396 τινων
565 1369 659 1397 παθῶν
681 1369 855 1406 όχλουμένοις
867 1369 1009 1397 ἐκέλευσεν

235 1410 298 1447 σὺτῴ
317 1415 470 1449 προσιέναιε
492 1415 538 1442 καὶ
561 1416 655 1451 χεῖρας
680 1415 771 1447 αὐτοῖς
783 1415 956 1448 ὲπιθεὶςμαδ.
969 1416 1009 1450 ἐξ·

235 1458 306 1528 ἕντῆς
327 1459 482 1495 ἰασάμενος,
506 1460 686 1488 Eva-reflato"
705 1460 891 1498 ὀρθριαίτερον
921 1462 1009 1489 συνελ-

248 1505 290 1528 εῖν.

248 1512 290 1531 ειν.

1065 286 1176 313 mopere
1199 278 1377 311 mirarentur,
1393 278 1530 313 simulque
1544 278 1658 313 gloriam
1678 277 1733 306 Deo
1749 286 1799 313 pro
1820 286 1852 306 cn

1065 332 1094 351 re
1109 323 1246 352 otior-rent.
1263 325 1332 351 Cum
1360 330 1425 359 ergo
1452 323 1567 350 ﬁrmiter
1591 323 1779 354 credidissent.
1797 331 1854 351 una

1064 378 1126 398 cum
1153 370 1186 397 iis
1209 369 1256 405 qui
1287 370 1376 397 sanati
1398 368 1525 402 fuerant,
1542 369 1576 396 ad
1590 377 1640 397 sua
1654 369 1798 401 abierunt.
1823 369 1852 397 In

1065 416 1202 444 mandatis
1215 416 1391 450 accipientes,
1407 420 1436 443 ut
1451 415 1587 442 maturius
1603 414 1792 442 convenirent.

1101 505 1193 534 LXVI.
1211 505 1341 542 Sequenti
1352 513 1419 542 ergo
1432 506 1477 534 die
1490 505 1587 534 Petrus
1602 514 1656 533 una
1668 513 1730 534 cum
1749 505 1853 534 sodali-

1064 552 1116 580 bus
1135 553 1258 587 quicum
1274 559 1307 580 eo
1325 558 1404 580 erant
1416 559 1555 587 egressus,
1575 559 1725 586 rursusque
1739 551 1773 578 ad
1787 555 1851 579 eum

1064 597 1155 625 locum
1173 598 1296 630 veniens,
1312 597 1381 624 dixit
1396 597 1429 624 ad
1448 605 1495 625 eos
1509 607 1515 625 :
1533 598 1604 625 Deus
1625 598 1717 625 omnia
1734 597 1850 632 potest'.

1064 642 1089 675 Is
1115 643 1188 670 enim
1211 647 1252 670 est
1266 642 1353 670 bonus
1373 650 1406 670 ac
1426 642 1529 677 justus,
1546 649 1672 676 nuncqne
1690 642 1716 668 in
1737 645 1851 669 cunctos

1064 689 1184 724 patiens;
1202 693 1232 716 ut
1245 690 1292 724 qui
1307 689 1457 721 voluerint,
1477 688 1638 723 paenitentia
1650 688 1683 715 de
1701 687 1780 715 malis
1793 695 1808 714 ιι
1821 693 1852 715 se

1064 735 1221 763 commissis
1237 739 1309 768 acta,
1321 739 1349 762 et
1369 734 1424 762 vita
1437 735 1589 762 secundum
1604 735 1631 761 id
1642 734 1714 768 qrrod
1727 734 1751 761 ei
1763 733 1852 768 placet

1064 787 1212 815 transacta,
1233 782 1333 818 singuli
1357 783 1384 810 in
1409 783 1454 809 die
1472 789 1529 817 quo
1543 782 1671 809 universa
1685 781 1852 816 iudicabun-

1064 835 1118 863 tur,
1131 837 1181 865 pro
1197 830 1295 858 merito
1307 829 1469 864 percipiant.
1484 830 1495 844 ⁵
1509 829 1681 864 Quapropter
1693 835 1766 855 nunc
1777 827 1832 854 inci
1844 841 1851 847 -

1065 878 1129 912 pite,
1146 877 1216 903 bona
1229 875 1397 910 cognitione,
1411 883 1426 902 a
1440 875 1495 902 Deo
1516 875 1651 910 persuasi,
1667 874 1765 901 vestris
1782 873 1852 901 resi-

1063 927 1135 950 stere
1156 922 1284 950 absurdis
1295 921 1508 956 cupiditatibus;
1522 928 1576 955 quo
1590 920 1701 955 possitis
1722 919 1850 954 primam,

1061 976 1123 1004 quze
1139 969 1260 996 humano
1275 968 1367 1004 generi
1385 967 1488 995 tributa
1502 967 1564 999 fuit.
1581 967 1695 1002 gratiam
1708 973 1848 993 revocare.

1062 1014 1109 1042 Sic
1124 1014 1197 1042 enim
1224 1014 1301 1042 vobis
1324 1014 1456 1042 continuo
1480 1013 1603 1041 orientur
1619 1013 1705 1046 bona;
1721 1016 1747 1039 et
1761 1012 1787 1039 ei
1803 1012 1850 1047 qui

1061 1061 1135 1089 dedit
1153 1061 1239 1096 agetis
1255 1061 1356 1096 gratias
1369 1065 1510 1095 perpetuo,
1525 1059 1672 1086 ineﬂ’abilia
1693 1058 1764 1085 bona
1783 1065 1850 1093 pos-

1060 1107 1193 1140 sidentes;
1212 1107 1296 1135 abluti
1319 1107 1397 1142 prius
1420 1107 1447 1133 in
1465 1106 1544 1134 beata
1569 1104 1713 1133 Trinitatis
1739 1105 1850 1132 invoca-

1061 1154 1145 1188 tione,
1161 1153 1183 1182 si
1197 1154 1260 1190 quis
1275 1161 1379 1186 naevus,
1398 1153 1420 1180 si
1444 1160 1505 1188 qua;
1525 1152 1634 1180 macula
1663 1152 1689 1178 in
1705 1151 1850 1178 animabus

1059 1200 1158 1227 vestris
1179 1203 1277 1227 exstet.
1302 1198 1341 1226 Ita
1365 1205 1494 1233 namque.
1511 1205 1566 1225 non
1593 1197 1683 1225 solum
1709 1191 1850 1223 latitantes

1059 1247 1087 1273 in
1111 1247 1189 1274 vobis
1208 1246 1325 1281 spiritus
1340 1245 1476 1280 expellere
1494 1245 1628 1280 poteritis,
1643 1244 1690 1272 sed
1711 1247 1738 1271 et
1748 1243 1850 1270 (lanno-

1059 1293 1105 1320 nia
1117 1292 1186 1320 alios
1198 1291 1356 1320 infestantia
1370 1291 1616 1327 perpessionesque
1627 1290 1696 1318 alias
1706 1289 1848 1324 abigetis‘.

1059 1339 1124 1372 Quae
1140 1341 1284 1374 postquam
1300 1337 1436 1371 dixisset,
1452 1345 1500 1365 eos
1516 1337 1564 1372 qui
1587 1336 1725 1372 aliquibus
1739 1335 1850 1370 agritu-

1059 1383 1172 1411 dinibus
1187 1383 1358 1411 vexabantur
1373 1382 1405 1410 ad
1421 1390 1450 1409 se
1461 1381 1545 1416 jussit
1563 1381 1694 1408 accedere
1710 1389 1717 1407 :
1734 1377 1850 1414 imposi-

1058 1429 1149 1464 tisque
1174 1428 1302 1456 manibus
1328 1435 1411 1462 super
1443 1435 1503 1457 eos.
1524 1434 1586 1454 cum
1620 1426 1681 1454 illos
1704 1425 1849 1453 confestim

1058 1479 1192 1506 sanasset.
1208 1475 1335 1510 prrecepit
1345 1478 1375 1502 ut
1385 1473 1483 1509 maiori
1499 1479 1578 1500 mane
1592 1471 1780 1500 convenirent.

264 1549 358 1578 LXVII.
373 1553 412 1602 Τῇ
423 1552 453 1580 δὲ
466 1553 544 1602 τρίτη
563 1553 655 1590 ἡμέρᾳ
673 1553 737 1590 περὶ
751 1554 848 1590 ὄρθρον
861 1554 979 1588 ἀναστὰς
994 1556 1009 1582 6
1024 1573 1045 1602 Ο
1098 1553 1167 1581 LXV

947 1554 979 1588 ἀς
994 1556 1009 1582 6
1024 1573 1045 1602 Ο
1098 1553 1202 1581 LXVII.
1229 1551 1321 1580 Tertio
1348 1557 1439 1580 autem
1464 1551 1519 1586 die,
1536 1551 1632 1579 Petrus
1644 1551 1766 1579 diluculo
1788 1559 1849 1578 sur-

235 1595 331 1632 Πέτρος,
344 1599 392 1625 καὶ
405 1599 636 1635 προσευξάμενος,
645 1599 790 1636 ὲκαθέσθη·
805 1601 878 1635 ἡμᾶς
891 1601 920 1627 δὲ
935 1609 1009 1637 περι-

234 1642 426 1678 καθεζομένοιις,
457 1645 504 1672 καὶ
534 1646 574 1676 είς
600 1645 680 1672 αὑτὸν
708 1645 888 1678 ἀτενίζοντας,
916 1646 1011 1683 ὥσπερ

234 1688 333 1716 ἀκοῦσαί
357 1699 384 1717 τι
410 1690 600 1726 βουλομένους,
621 1692 720 1723 συνεὶς,
733 1691 794 1727 ἔφη·
817 1692 873 1728 Πρὸ
892 1694 1009 1726 πάντων,

234 1731 252 1760 ὦ
265 1735 339 1770 φίλοι,
353 1736 367 1763 6
379 1737 448 1764 Θεὸν
457 1736 545 1764 σέϐειν
556 1736 726 1774 αἱρούμενος,
735 1737 832 1765 εἰδέναι
847 1739 957 1774 όιρείλει,
969 1740 1010 1766 ὅτι

235 1779 258 1806 ὲν
278 1782 360 1817 τρισὶν
381 1783 565 1810 ὺποστάσεσιν
588 1781 696 1815 οὖτοςη
717 1784 887 1820 γνωρίζεται·
904 1784 960 1811 ἐστι
981 1786 1010 1812 δὲ

236 1826 289 1854 [ὄιον
313 1829 392 1855 αὐτοῦ
416 1827 465 1855 καὶ
492 1827 638 1865 ἐξαίρετον,
667 1828 698 1855 τδ
723 1829 833 1857 πάντων
854 1831 1009 1867 κτισμάτων

235 1873 292 1900 εἶναι
308 1874 473 1911 δημιουργὸς
485 1875 517 1907 ¹¹,
538 1875 627 1902 πάντα
647 1874 791 1911 περιέχων,
806 1876 894 1903 πάντα
916 1885 946 1903 τε
960 1886 1009 1904 πε-

237 1920 357 1955 ριορίζων,
368 1921 406 1952 ὡς
417 1920 490 1956 ὑπὲρ
513 1919 600 1948 πάντα
614 1920 661 1952 ὥν,
677 1921 725 1948 καί
738 1921 825 1949 πάντα
841 1922 1009 1959 δημιουργή-

237 1971 283 1996 σας.
291 1965 376 1992 Ταῦτα
387 1965 485 1998 εἰπὼν,
495 1967 540 1993 καί
554 1966 638 1993 πολλά
651 1966 715 2002 περὶ
728 1967 880 2001 θεοσεϐείας
890 1968 1007 2002 διδάξας,

236 2010 344 2038 ἐκέλευσε
358 2013 420 2044 τοὺς
434 2012 629 2047 δαιμονῶντας,
638 2013 686 2039 καὶ
697 2013 784 2045 νόσοις
795 2014 850 2041 τισὶ
861 2014 1009 2049 κατειλημ-

237 2055 320 2089 μένους
344 2059 417 2094 αὐτῷ
446 2058 658 2094 προσφέρεσθαν
681 2059 883 2094 προσενεχθεῖσι
909 2059 936 2086 δὲ
959 2060 1009 2092 τὰς

237 2103 316 2138 χεῖρας
335 2104 449 2137 ἐπιθεὶς,
463 2105 510 2131 καὶ
524 2103 752 2140 προσευξάμενος,
773 2104 906 2132 ἀπέλυσεν
920 2106 1008 2140 ὑγιαί-

237 2154 325 2175 νοντας.

266 2193 372 2224 LXVIII.
383 2196 423 2232 Τῇ
437 2195 465 2222 δὲ
478 2195 592 2232 ἐπιούσῃ
604 2195 682 2222 πάλιν
693 2196 783 2232 ἡμέρᾳ
795 2196 948 2228 διαναστὰς,
960 2199 1007 2225 καὶ

1064 1602 1145 1631 rexit.
1161 1600 1287 1635 tactaque
1307 1607 1388 1634 prece
1411 1599 1504 1629 sedit:
1523 1602 1551 1625 et
1566 1598 1786 1625 animadvertens
1799 1604 1850 1624 nos

1061 1647 1273 1678 circumsedere,
1284 1645 1425 1680 oculisque
1434 1644 1546 1671 intentis
1558 1651 1619 1670 eum
1633 1643 1850 1678 aspicere,quasi

1062 1692 1164 1727 aliquid
1190 1691 1285 1718 audire
1307 1691 1460 1725 cupientes,
1480 1689 1597 1717 dixit“:
1614 1688 1685 1716 Ante
1708 1689 1811 1722 onmia,
1832 1697 1849 1716 ο

1061 1737 1154 1769 amici,
1171 1737 1194 1764 is
1220 1736 1267 1771 qui
1294 1735 1378 1762 Deum
1395 1734 1486 1762 colere
1501 1734 1569 1766 vult,
1586 1733 1657 1761 scire
1669 1733 1759 1765 debet,
1775 1732 1850 1768 quod

1061 1782 1105 1809 ille
1127 1782 1153 1808 in
1177 1781 1265 1809 tribus
1289 1780 1414 1815 personis
1428 1779 1622 1814 cognoscitur;
1638 1778 1779 1812 proprium
1797 1785 1849 1804 au-

1061 1833 1114 1855 tem
1128 1828 1202 1854 illius
1215 1835 1247 1854 ac
1264 1826 1432 1862 praecipuum
1448 1829 1500 1856 cst,
1517 1824 1641 1851 omnium
1659 1828 1848 1851 creaturarum

1061 1881 1120 1901 esse
1145 1872 1282 1908 opificem,
1296 1871 1388 1898 omnia
1410 1870 1561 1902 continere,
1580 1869 1728 1904 omniaque
1754 1869 1849 1895 termi—

1060 1924 1136 1949 nare,
1151 1921 1181 1943 ut
1202 1916 1249 1951 qui
1277 1923 1360 1950 super
1374 1915 1465 1942 omnia
1487 1914 1534 1945 sit.
1551 1918 1704 1948 cunctaque
1716 1913 1846 1941 effecerit.

1060 1962 1108 1990 Itis
1131 1962 1221 1995 dictis,
1234 1961 1386 1995 multisque
1398 1960 1431 1987 de
1449 1960 1549 1995 pietate
1575 1967 1638 1994 erga
1663 1958 1747 1986 Deum
1765 1967 1848 1994 expo-

1060 2008 1166 2041 sitis",
1185 2007 1268 2043 jussit
1285 2007 1479 2038 dtemoniacos,
1495 2011 1522 2033 et
1540 2006 1643 2033 morbis
1656 2009 1802 2040 occupatos
1813 2006 1848 2033 ad

1059 2063 1088 2084 se
1102 2054 1199 2082 adduci
1223 2063 1229 2080 ι
1252 2053 1352 2088 quibus
1380 2052 1499 2082 oblatis.
1518 2059 1616 2079 manus
1643 2051 1798 2086 imponens,
1816 2058 1848 2078 ac

1058 2105 1195 2136 precatus,
1213 2099 1366 2126 incolumes
1381 2097 1495 2125 dimisit.

1094 2188 1211 2217 LXVIII.
1244 2188 1364 2216 Rursum
1393 2192 1484 2215 autem
1518 2187 1643 2222 sequenti
1673 2188 1717 2215 die
1749 2194 1844 2216 exsur-

237 2241 449 2277 προσευξάμενος,
472 2239 532 2268 εἶτα
549 2242 595 2269 καὶ
609 2243 657 2270 σὺν
669 2242 736 2277 ἡμῖν
750 2242 901 2275 καθεσθεὶς,
917 2243 1005 2278 λέγειν
1022 2241 1043 2268 Ι)
1058 2245 1134 2272 gens,

941 2243 1005 2278 575w
1022 2241 1043 2268 ι)
1058 2245 1134 2272 gens,
1163 2241 1190 2264 et
1213 2239 1414 2270 comprecatus,
1434 2241 1496 2261 cum
1523 2234 1623 2261 deinde
1642 2234 1785 2261 nobiscum
1801 2242 1845 2261 se—

236 2285 322 2320 ᾕρξατο
341 2286 435 2319 οὕτως·
460 2285 513 2313 Τὸν
529 2286 660 2322 μέλλοντα
674 2288 813 2324 προσιέναι
826 2289 865 2324 τῷ
881 2289 939 2324 Θεῴ
953 2290 1005 2325 χρὴ

237 2332 326 2367 νήφειν,
343 2334 395 2369 χρὴ
420 2334 578 2369 σωφρονεῖν,
597 2334 681 2370 ὀργῆς
693 2334 812 2369 κρατεῖν,
827 2333 955 2370 ἀλλότρια
969 2335 1006 2370 μὴ

237 2378 402 2412 νοσφίζεσθαι,
432 2379 542 2411 δικαίως
571 2378 655 2414 βιοῦν,
684 2379 831 2412 επιεικῶς,
857 2379 1006 2412 εὐσταθῶς,

238 2423 332 2457 πρᾶος
352 2424 476 2457 κολάζειν
502 2423 595 2451 ἑαυτὸν
608 2424 629 2440 ¹⁶
653 2424 683 2450 ὲν
708 2425 767 2456 ταῖς
795 2423 918 2456 ἐνδείαις,
935 2424 951 2460 ἢ
969 2425 1006 2461 μὴ

238 2467 318 2502 ἔχοντα
332 2469 423 2505 ἐτέρου
440 2469 603 2505 ἀφελόμενον
616 2468 788 2504 κορεσθῆναιο
805 2469 924 2505 καθαρὸν
938 2467 1007 2496 εἶναι

237 2514 264 2547 τῇ
277 2514 374 2550 καρδίᾳ,
388 2515 435 2541 καὶ
450 2514 530 2549 ἁγνὸν
541 2514 580 2549 τῷ
595 2513 711 2549 σώματι,
727 2514 773 2540 καὶ
790 2513 827 2549 μὴ
848 2513 1006 2548 ὁμοιοῦσθαι

238 2558 283 2589 τοῖς
293 2559 452 2595 Φαρισαίοις,
466 2559 533 2595 πρὸς
553 2558 600 2590 οὓς
613 2559 627 2585 6
646 2558 748 2594 Κύριος
770 2557 818 2585 καὶ
843 2558 908 2590 Θεὸς
928 2559 1005 2594 ἡμῶν

243 2600 332 2637 Ἰησοῦς
344 2604 460 2639 Χριστὸς
473 2602 582 2639 ἔφησεν·
593 2601 666 2630 Οὐαί
682 2601 763 2637 ὑμῖν,
775 2601 951 2637 γραμματεῖς
957 2601 1007 2629 καὶ

1061 2280 1272 2315 disset,lruncin
1283 2279 1394 2306 modum
1411 2279 1495 2314 coepit
1510 2278 1599 2314 loqui:
1614 2277 1635 2292 ”
1649 2277 1700 2312 Qui
1716 2279 1750 2306 ad
1762 2279 1845 2306 Deum

1059 2328 1189 2356 accedere
1215 2326 1363 2357 desiderat,
1380 2324 1488 2353 sobrius
1505 2332 1567 2352 esse
1589 2324 1678 2357 debet,
1695 2324 1775 2352 debet
1794 2325 1845 2352 sibi

1059 2378 1222 2409 temperare,
1233 2372 1301 2399 iram
1318 2376 1420 2401 tenere.
1435 2371 1524 2398 aliena
1536 2377 1590 2397 non
1607 2370 1847 2405 subripere;juste

1059 2421 1161 2452 vivere,
1172 2427 1234 2446 cum
1256 2418 1328 2446 bono
1351 2417 1423 2453 jure,
1442 2417 1599 2451 tranquille,
1621 2416 1737 2450 leniter;
1762 2424 1801 2450 se,
1818 2417 1845 2444 in

1060 2464 1207 2499 indigentia
1233 2463 1324 2498 potius
1351 2461 1490 2490 continere
1513 2468 1546 2488 ac
1573 2461 1738 2496 reprimere,
1761 2469 1845 2495 quam

1061 2518 1123 2537 cum
1158 2517 1212 2536 non
1243 2508 1351 2542 habeat,
1368 2508 1481 2535 alterius
1505 2507 1583 2534 bonis
1610 2507 1709 2535 ablatis
1723 2507 1844 2542 expleri;

1061 2555 1144 2583 corde
1157 2554 1276 2582 mundus
1287 2562 1358 2586 esse,
1373 2558 1398 2581 et
1413 2560 1498 2588 purus
1508 2553 1666 2587 corpore";
1680 2561 1730 2580 nec
1741 2553 1846 2581 assimi-

1059 2601 1110 2628 lari
1140 2599 1304 2633 Pharisaeis,
1331 2600 1365 2627 ad
1379 2607 1449 2634 quos
1463 2597 1595 2626 Dominus
1618 2603 1644 2626 et
1663 2598 1735 2626 Deus
1751 2603 1845 2627 noster

853 2667 970 2694 VARle
989 2666 1190 2695 LECTIONES.

277 2719 284 2733 ‘
298 2719 331 2757 al.
348 2727 464 2757 praepon.
481 2720 604 2757 γενέσθαι
630 2721 804 2757 περιχαρεῖς,
820 2720 884 2757 τοὺς
904 2720 935 2757 δε
957 2720 1164 2757 ἱστορήσαντας.

670 2729 804 2782 ρὲίαρεις,
820 2729 884 2752 τους
904 2729 932 2747 οε
957 2729 1164 2757 ιστορησαντας.
1222 2729 1231 2736 -
1248 2729 1260 2747 a

670 2756 713 2792 ζ.
753 2755 764 2771 ⁵
777 2755 856 2792 Deest
868 2756 895 2782 in
913 2756 947 2782 al.
986 2756 996 2772 ⁸
1010 2756 1043 2784 al.
1065 2756 1260 2792 εὐχαριστεῖτε.

234 2759 283 2790 esp.
296 2753 335 2782 19.
349 2753 354 2754 ⁷
372 2756 382 2771 ⁵
395 2755 468 2784 Rea.
484 2753 531 2783 lib.
548 2764 582 2788 tv,
597 2764 657 2790 cap.

234 2787 290 2814 (ῖητ.
324 2790 334 2805 ⁸
349 2790 382 2817 al.
397 2791 603 2825 ὲνδομαχοῦντα.
632 2787 651 2807 ’⁸
668 2790 805 2823 CIemem.,
822 2791 896 2817 hom.
911 2799 947 2823 rx,
962 2799 986 2825 (ι.
1001 2792 1046 2823 ‘23,
1058 2787 1108 2819 etei

234 2825 393 2859 urentuhom.
407 2834 434 2854 ι.
446 2824 470 2853 c.
489 2824 533 2853 l9.
549 2825 621 2857 Rea,
635 2826 652 2853 1.
670 2834 695 2859 v,
709 2834 733 2853 c.
745 2826 790 2853 2'2.
830 2826 851 2842 ”
871 2827 902 2853 ιι.
919 2827 933 2853 6
953 2824 992 2858 εἷς
1009 2827 1078 2858 θεός.

1221 2721 1232 2736 ²
1248 2720 1283 2748 al.
1300 2719 1474 2758 ξειξοινῄεσιιν.Δ
1526 2720 1536 2737 ³
1551 2720 1689 2758 σίςηιειιιη
1712 2722 1785 2750 Imm.
1810 2731 1850 2758 rx,

1147 2757 1260 2783 ιιστεῒτε.
1299 2757 1309 2772 ⁷
1324 2756 1553 2792 Εὐχαριστήσετε.
1570 2757 1606 2784 al.
1622 2756 1848 2808 εὐχαριστἼσητεᾷ

1147 2800 1200 2821 ea,
1219 2792 1236 2817 I.
1251 2799 1277 2821 ν.
1295 2799 1319 2819 c.
1337 2791 1380 2818 56.
1420 2791 1442 2807 ‘°
1459 2791 1495 2818 al.
1518 2791 1600 2819 inser.
1617 2792 1708 2819 πάλιν.
1748 2794 1755 2809 ¹
1785 2793 1846 2821 σιε-

1126 2799 1200 2823 nea,
1220 2799 1236 2817 ι.
1251 2799 1277 2823 v,
1295 2799 1319 2819 c.
1337 2799 1380 2818 ou.
1420 2799 1442 2807 ιν
1459 2799 1495 2818 at.
1518 2799 1600 2819 mser.
1617 2799 1708 2819 πάλιν.
1749 2799 1769 2809 ι·
1785 2799 1846 2821 ute-

1118 2827 1139 2842 ”
1154 2827 1190 2854 al.
1210 2827 1385 2863 aqutoupydv.
1425 2826 1596 2863 "Clamant"
1612 2827 1687 2855 Imm.
1708 2837 1735 2861 x,
1756 2836 1781 2856 c.
1800 2828 1848 2857 ‘26.

236 2855 318 2898 Regi.
340 2868 364 2891 ν,
381 2869 408 2898 ς,
422 2861 464 2888 56.
505 2855 779 2898 ιδγϐιοηιὲηιηῚιοιη,
802 2869 841 2893 xr,
864 2869 888 2889 c.
912 2862 962 2894 15;
979 2855 1036 2889 Rea.
1059 2855 1077 2890 Ῑ.
1097 2871 1122 2896 ν,
1145 2870 1169 2890 c.
1189 2855 1252 2890 52."
1274 2863 1295 2878 “‘
1312 2855 1350 2889 'al.
1377 2862 1459 2890 inser.
1485 2855 1596 2898 μᾶλλονί
1634 2863 1656 2884 ³⁷
1682 2855 1742 2892 Βεέ.
1762 2855 1786 2892 VI.
1808 2855 1848 2898 vi.

234 2899 254 2917 r.
266 2894 303 2925 It),
316 2899 364 2922 etc.
378 2895 515 2929 Clement.,
528 2897 601 2923 born.
622 2905 657 2929 κι,
671 2904 731 2930 cap.
747 2896 792 2928 ‘29,
805 2901 858 2924 etc.
