2290 3110
437 153 492 183 619

876 156 905 184 8.
925 155 1118 185 CLEMENTIS
1137 156 1220 185 ROM.
1240 157 1342 186 PONT.
1363 158 1478 187 OPERA
1497 160 1611 189 DUBIA.

2012 163 2062 191 520

435 212 515 242 Jcsus
534 214 660 243 Christus
672 215 740 244 dixit
754 225 761 244 :
774 216 817 244 Vw
831 218 914 250 vobis,
925 217 1029 253 Scriba:
1050 224 1074 246 et
1090 219 1224 247 Pharisci
1238 223 1259 251 Α
1275 221 1339 254 mp.

1159 220 1224 247 'isci
1238 223 1259 251 Α
1275 221 1429 254 Φαρισαῖοι
1455 222 1620 256 ὑποκριταί·
1649 222 1695 249 ὅτι
1723 221 1890 256 καθαρίζετε
1903 220 1958 248 τοῦ
1973 229 2063 256 ποτη-

435 260 595 296 hypocritaz;
611 262 673 296 quia
689 263 824 291 mundatis
843 264 934 291 salicis
948 269 973 290 el
990 265 1140 299 paropsidis
1151 264 1219 300 quod

434 307 550 333 exterius
561 311 599 334 est
611 328 619 340 ,
633 308 705 334 intus
715 314 802 335 autem
813 317 844 336 ea
854 309 931 344 plena
941 315 1002 337 sunt
1011 310 1142 338 sordibus.
1155 310 1223 337 Pha-

435 353 512 378 risa’c
522 353 704 385 cwce,munda
716 354 791 388 prius
804 354 894 382 colicis
905 355 1087 390 etparopsidis
1098 356 1219 389 interius,

435 401 465 423 ut
483 401 508 424 et
529 397 602 425 illius
620 399 737 425 exterius
750 400 877 426 mundum
890 400 977 435 ﬁat".
995 400 1062 428 Vere
1077 401 1149 428 enim
1171 400 1220 436 qui

435 443 565 470 interiora
588 444 756 479 purgaverit,
770 446 906 472 exteriora
919 453 1027 481 quoque
1042 454 1158 482 purgare
1171 454 1220 482 po-

435 494 487 517 test
501 498 508 516 :
523 489 570 524 qui
585 497 649 517 vero
666 491 802 519 exteriora
823 495 936 527 purgat,
952 492 985 519 ad
1002 492 1144 519 hominum
1159 492 1220 520 lau—

433 534 482 562 des
506 535 652 570 aspiciens,
669 535 696 563 id
717 536 790 572 agit;
804 537 851 565 sed
865 537 936 572 apud
958 536 1042 564 Deum
1064 538 1216 566 mercedem

433 588 488 608 non
505 581 595 609 habet.

469 625 562 654 LXIX.
574 627 594 647 ‘0
603 626 650 654 His
657 627 747 661 dictis,
759 632 786 655 et
797 627 990 663 aliispluribus
996 630 1029 658 de
1039 630 1217 664 castimonia;

431 679 495 698 cum
509 671 566 707 jam
578 677 632 700 tres
648 680 767 707 menses,
780 674 1014 710 quibusjejunare
1026 684 1070 703 me
1083 683 1219 711 praecepe-

432 723 486 753 rat,
502 720 629 754 completi
656 724 763 752 essent,
781 720 884 748 ducens
909 728 952 748 me
974 721 1007 748 ad
1029 720 1118 749 fontes
1131 721 1217 748 maris

431 765 538 792 vicinos
567 766 678 800 perenni
694 774 765 801 aqua
776 766 935 801 baptizavit,
950 766 977 794 in
992 767 1103 795 nomine
1115 766 1216 801 Patris,

431 815 458 838 et
471 809 543 844 Filii,
559 815 586 838 et
601 810 720 845 Spiritus
744 812 830 839 sancti
847 821 854 838 :
871 819 989 847 cumque
1014 820 1112 847 panem
1139 820 1217 841 acce-

430 856 526 890 pisset,
555 856 750 890 benedixisset,
770 864 802 885 ac
834 857 974 893 fregisset;
1003 858 1217 886 communicavit

1267 265 1337 299 ρίου
1352 265 1468 301 καὶτῆς
1480 268 1648 302 παροψίδος
1661 268 1694 295 τὸ
1705 267 1826 300 ἔξωθεν,
1837 267 1954 294 ἔσωθεν
1966 266 2003 293 δὲ
2016 266 2058 301 τέ-

1267 319 1318 346 μει
1340 311 1451 346 ῥύπου.
1474 313 1615 347 Φαρισαῖε
1635 313 1740 348 τυφλέ,
1756 312 1920 347 καθάρισον
1945 312 2063 347 πρῶτον

1269 357 1323 383 τοῦ
1347 359 1490 392 ποτηρίου
1508 359 1558 386 καὶ
1577 359 1633 394 τῆς
1645 359 1813 394 παροψίδος
1826 358 1858 386 τὸ
1874 359 2002 390 ἔσωθεν,
2014 359 2062 385 ἶνα

1269 401 1390 437 γένηται
1403 403 1452 430 καί
1465 404 1498 431 τὸ
1519 404 1577 437 ἔξω
1595 405 1687 432 αὐτοῦ
1709 405 1848 438 καθαρόν.
1875 403 1997 438 ’Δληοῶς
2010 404 2064 441 γὰρ

1269 447 1284 473 ὁ
1302 447 1424 483 καθάρας
1440 448 1470 475 τὸ
1493 448 1556 482 ἔσω,
1575 450 1621 476 καὶ
1643 449 1674 476 τὺ
1694 449 1746 482 ἔξω
1771 449 1889 485 καθᾶραι
1909 448 2035 476 δύναται’
2050 449 2063 476 ό

1269 492 1298 519 δὲ
1310 492 1343 520 τὰ
1355 493 1407 527 ἔξω
1417 493 1566 530 καθαίρων,
1575 494 1643 530 πρὸς
1654 494 1804 531 ἀνθρώπων
1816 494 1927 521 ἔπαινον
1939 494 2061 531 ἀφορῶν,

1268 538 1349 565 τοῦτο
1359 540 1441 572 ποιεῖ,
1457 539 1533 576 παρὰ
1546 540 1574 567 δὲ
1586 540 1626 576 τῷ
1641 540 1701 576 Θεῷ
1717 540 1811 576 μισθὸν
1824 540 1875 567 οὐκ
1890 540 1961 576 ἔχει.

1305 626 1399 655 LXIX.
1413 627 1503 654 Ταῦτα
1521 627 1605 655 εἰπὼν
1620 628 1667 656 καὶ
1680 627 1761 665 ἔτερα
1778 629 1888 656 πλείονα
1905 629 1972 665 περὶ
1985 629 2061 664 ἁγνι-

1271 673 1352 708 σμοῦ,
1362 673 1417 700 τῶν
1425 673 1507 709 τριῶν
1516 673 1565 709 ἠδη
1578 673 1670 709 μηνῶν
1681 674 1887 710 πληρωθέντων,
1897 671 1935 701 ὧν
1949 674 2062 709 νηστεῦ-

1268 719 1313 746 σαί
1331 728 1365 754 με
1382 719 1536 751 ἐκέλευσεν,
1550 718 1662 754 ἀγαγών
1677 728 1711 755 με
1725 720 1766 751 εις
1778 719 1827 751 τὰς
1841 720 1869 746 ὲν
1883 721 1916 755 τῇ
1940 719 2060 756 θαλάσση

1268 764 1380 801 πλησίον
1406 765 1489 797 οὔσας
1510 765 1611 801 πηγὰς,
1637 764 1675 797 ὡς
1701 765 1741 797 εἰς
1773 765 1885 792 ἅένναον
1912 765 2060 792 ἐϐάπτισεν

1267 808 1350 845 ὓδωρ,
1364 811 1404 842 είς
1415 810 1446 837 τὸ
1464 810 1550 846 ὄνομα
1567 810 1615 837 τοῦ
1629 810 1736 847 Πατρὸς
1747 810 1853 838 καὶτοῦ
1868 811 1937 838 Υιοῦ
1951 812 2001 838 καὶ
2015 811 2059 838 τοῦ

1271 856 1351 891 ἁγίου
1368 856 1535 892 Πνεύματος·
1550 856 1598 883 καὶ
1612 855 1702 883 λαϐὼν
1713 857 1794 892 ἄρτον
1808 857 1960 893 εὐλογήσας
1967 858 2003 890 ’⁸,
2016 858 2060 884 καὶ

431 909 482 928 nos
512 901 681 930 intemeratis
701 910 733 930 ac
757 903 886 931 vitalibus
910 904 1101 932 sacramentis.
1125 905 1214 940 Atque
1234 898 1256 926 Β
1270 902 1335 929 κλάο

1154 909 1214 940 tque
1234 898 1256 926 Β
1270 902 1384 935 κλάσας,
1401 903 1551 938 μετέδωκεν
1564 903 1629 938 ἡμῖν
1640 903 1693 929 τῶν
1705 903 1846 939 ἀχράντων
1858 904 1907 930 καὶ
1920 903 2058 936 ζωοποιῶν

429 946 467 973 ita
483 946 571 974 feriati
582 955 614 974 ac
627 947 679 975 lani
694 947 793 976 fratres
807 949 893 976 nostri
905 957 954 984 pro
967 949 1034 976 mihi
1049 957 1066 978 a
1079 949 1135 978 Deo
1148 959 1214 979 con-

429 1001 506 1021 cessa
532 995 650 1022 secunda
677 995 837 1028 nativitate,
868 995 984 1030 gloriam
1010 1002 1037 1023 et
1063 997 1213 1032 gratiarum

428 1039 564 1067 actionem
589 1039 644 1067 Deo
667 1039 826 1068 detnlimus.
843 1040 876 1068 Et
891 1041 976 1068 multa
994 1041 1074 1070 turba
1100 1050 1214 1078 congre-

429 1088 506 1120 gata,
532 1084 629 1113 Petrus
660 1085 781 1121 depulsis
807 1087 923 1120 morbis,
951 1087 1156 1123 afﬂictionibus,
1181 1097 1214 1117 ac

428 1130 616 1166 daemonibus,
642 1140 693 1160 nec
717 1139 771 1160 non
791 1133 935 1168 baptizatis
953 1134 1150 1168 compluribus,
1166 1135 1213 1163 ubi

428 1175 583 1205 Maroonem
609 1178 744 1213 hospitem
770 1186 863 1212 suum,
883 1179 940 1214 jam
962 1179 1091 1207 omnibus
1113 1187 1212 1208 nume—

427 1222 466 1250 ris
487 1223 654 1257 absolutum,
680 1224 710 1252 in
739 1224 898 1260 episcopum
919 1226 1119 1259 constituisset,
1144 1227 1214 1254 duo-

426 1268 514 1296 decim
536 1270 712 1305 presbyteros
735 1270 915 1306 designasset,
933 1272 1063 1300 diaconos
1085 1272 1212 1307 fecisset;

425 1313 581 1342 collocutus
605 1323 668 1342 cum
696 1316 827 1351 episcopo
854 1316 888 1344 de
911 1317 1051 1345 communi
1081 1319 1153 1347 bono
1181 1326 1213 1347 ac

427 1359 552 1392 utilitate,
563 1361 650 1395 deque
661 1361 848 1389 ecclesiastico
857 1363 953 1390 ordine
965 1368 1048 1399 atque
1059 1369 1193 1392 concentu
1202 1385 1212 1400 ,

425 1404 486 1431 vale
507 1405 576 1432 dixit
604 1405 782 1441 Tripolitanis
809 1406 965 1442 Phoenices,
988 1414 1016 1436 et
1044 1409 1095 1437 iter
1117 1417 1212 1439 versus

426 1452 600 1481 Antiochiam
616 1451 702 1488 Syriae
714 1453 854 1487 ingressus
870 1459 922 1481 est.

1266 948 1430 985 μυστηρίων.
1445 949 1500 975 Καὶ
1510 948 1596 980 οὕτως
1610 949 1794 985 εὐωχηθέντες
1816 950 1841 976 oi
1858 950 1971 984 ἀδελφοὶ
1994 951 2058 986 ἡμῖν

1264 994 1309 1020 ἐπὶ
1325 995 1358 1030 τῇ
1379 993 1537 1030 θεοδωρήτῳ
1551 1003 1602 1029 μου
1620 994 1894 1031 ἀναγεννήσει,δόξαν
1913 995 1963 1022 καὶ
1976 996 2055 1031 εὐχα-

1265 1040 1369 1079 ριστίαν
1391 1041 1600 1077 ἀποδεδώκαμεν
1610 1042 1632 1058 ³⁸
1647 1041 1685 1077 τῷ
1703 1042 1772 1078 Θεῷ.
1795 1042 1896 1069 Πολλοῦ
1926 1052 1957 1070 τε
1977 1044 2056 1079 ὄχλου

1264 1076 1509 1122 συναθροισθέντος,
1544 1076 1648 1119 νόσους,
1671 1076 1765 1124 ﬁsos,
1801 1087 1932 1123 δαίμονας
1957 1076 2058 1117 ἀτέέλά-

1263 1140 1313 1164 σας
1329 1133 1344 1159 ὁ
1364 1132 1481 1168 Πέτρος,
1513 1133 1560 1159 καὶ
1593 1132 1728 1168 βαπτίσας
1755 1133 1878 1166 πολλοὺς,
1905 1134 2056 1171 Μαροώνην

1261 1177 1308 1204 τὸν
1334 1177 1562 1214 ἀποδεξάμενον¹¹
1585 1178 1677 1211 αὑτὸν,
1706 1178 1756 1214 ἤδη
1789 1178 1879 1206 λοιπὺν
1917 1179 2022 1207 τέλειον
2031 1181 2052 1196 ’⁸

1262 1224 1326 1252 ὄντα
1343 1244 1351 1258 ,
1390 1225 1539 1251 ἐπίσκοπον
1582 1225 1772 1260 καταστήσας,
1814 1224 1862 1251 καὶ
1901 1225 2053 1261 πρεσϐυτέ-

1264 1279 1328 1306 ρους
1349 1269 1453 1297 δώδεκα
1490 1269 1595 1306 ὁρίσας,
1625 1271 1674 1298 καὶ
1695 1270 1833 1302 διακόνους
1862 1269 1964 1304 δείξας,
1988 1271 2055 1307 ὑπέρ

1262 1325 1292 1343 τε
1311 1316 1357 1343 τοῦ
1374 1316 1463 1344 κοινοῦ
1480 1317 1526 1343 καὶ
1550 1316 1744 1352 συμφέροντος,
1757 1316 1803 1343 καὶ
1824 1317 1891 1352 περὶ
1909 1317 1962 1352 τῆς
1981 1316 2051 1344 κατὰ

1262 1363 1312 1399 τὴν
1336 1361 1504 1398 Ἐκκλησίαν
1532 1361 1635 1394 τάξεώς
1665 1370 1695 1388 τε
1721 1362 1768 1389 καὶ
1794 1362 1927 1398 ἁρμονίας
1958 1362 2053 1389 συλλα-

1262 1409 1347 1445 λήσας
1371 1407 1412 1444 τῷ
1440 1408 1592 1443 ὲπισκόπῳ,
1609 1409 1665 1439 τοῖς
1677 1407 1705 1434 ὲν
1718 1408 1846 1444 Τριπόλει
1862 1407 1912 1443 τῆς
1927 1408 2054 1444 Φοινίκης

1263 1454 1478 1489 ἀποταξάμενος,
1489 1455 1540 1490 τὴν
1555 1454 1603 1480 ὲπὶ
1625 1453 1793 1489 Ἀντιόχειαν
1811 1454 1861 1489 τῆς
1876 1454 1978 1490 Συρίας
1998 1455 2054 1481 ὁδὸν

1264 1500 1420 1537 ἐπορεύετο.

461 1552 543 1579 LXX.
556 1552 578 1568 “
588 1551 695 1587 Egressi
707 1559 769 1579 vero
778 1551 907 1587 Tripolim
915 1551 1107 1586 thniciaa,ut
1114 1552 1211 1580 Antio-
1225 1567 1246 1596 ο
1298 1556 1365 1584 LXX

1150 1552 1211 1580 ιῑίο-
1225 1567 1246 1596 c
1298 1556 1378 1584 LXX.
1388 1556 1531 1588 Ἑκὸάντες
1538 1558 1561 1574 ἰ
1573 1555 1601 1582 δὲ
1615 1556 1663 1592 τὴν
1671 1556 1801 1592 Τρίπολιν
1814 1557 1862 1592 τῆς
1871 1557 2008 1592 Φοινίκης,
2017 1557 2054 1588 ὼς

426 1599 516 1627 chiam
540 1598 624 1634 Syriae
638 1597 809 1630 veniremus;
826 1605 859 1625 eo
884 1598 928 1625 die
945 1597 1080 1626 Orthosia!
1104 1599 1208 1626 mansi-

425 1653 488 1673 mus
506 1655 512 1672 :
531 1650 558 1672 et
573 1645 637 1680 quia
659 1648 702 1672 est
717 1651 801 1679 prope
816 1644 910 1671 urbem
929 1651 944 1671 ε
959 1653 1012 1679 qua
1026 1645 1129 1680 egressi
1148 1644 1207 1672 iue-

426 1699 534 1724 ramus,
548 1698 610 1718 cum
635 1697 730 1717 omnes
754 1689 811 1717 fere
831 1690 1030 1725 praedicationis
1049 1690 1209 1725 evangelicae

426 1744 580 1764 Sermonem
592 1736 668 1771 prius
681 1735 866 1768 audivissent;
880 1744 963 1762 unnm
977 1736 1047 1763 diem
1065 1736 1120 1764 illic
1134 1743 1210 1763 com-

426 1783 534 1814 morati,
560 1782 729 1809 Antaradum
756 1782 884 1809 abiimus.
915 1782 982 1809 Cum
1014 1787 1106 1809 autem
1131 1782 1209 1809 multi

424 1833 516 1857 essent
543 1828 684 1856 nobiscum
712 1827 762 1854 iter
786 1827 926 1860 facientes,
941 1827 1037 1854 Petrus
1051 1826 1172 1854 Nicetam
1184 1831 1211 1854 et

424 1875 551 1910 Aquilam
581 1874 719 1901 allocutus
748 1877 800 1906 est,
823 1873 917 1900 dicens
946 1881 953 1899 :
986 1871 1209 1906 Quandoquidem

424 1928 523 1956 magna
545 1920 735 1947 comitantium
761 1919 918 1952 multitudo,
935 1925 988 1945 non
1004 1925 1115 1953 parvam
1142 1917 1211 1944 invi-

424 1966 496 1994 diam
510 1966 589 1993 nobis
605 1973 652 2000 per
664 1965 745 1992 urbes
760 1963 925 1991 intrantibus
937 1963 1067 1997 atttahit;
1085 1970 1212 1990 necessa-

425 2013 467 2040 rio
490 2013 641 2040 curandum
656 2019 717 2039 esse
738 2009 870 2046 iudicavi,
887 2015 917 2038 ut
935 2018 1023 2045 neque
1040 2010 1091 2045 ipsi
1107 2010 1211 2038 contri-

426 2063 544 2090 stentnr,
560 2058 624 2085 dum
653 2057 832 2092 prohibentur
857 2064 919 2084 esse
944 2057 1106 2090 nobiscum;
1122 2063 1213 2091 neque

425 2112 487 2136 nos,
504 2103 568 2130 dum
597 2109 693 2130 sumus
716 2101 890 2137 spectabiles,
905 2101 968 2129 aliis
998 2101 1148 2129 efﬁciamur
1161 2110 1212 2129 au-

426 2154 517 2176 ctores
547 2147 664 2174 invidiae.
698 2146 833 2179 Quocirca
860 2146 924 2172 volo
946 2150 972 2173 te
992 2145 1126 2177 Nicetam,
1159 2154 1212 2173 una

427 2203 490 2222 cum
505 2193 614 2228 Aquila,
631 2197 693 2220 ante
709 2199 753 2219 me
768 2191 819 2219 iter
832 2191 941 2224 habere,
958 2199 1006 2226 per
1020 2191 1090 2219 duos
1107 2191 1211 2226 globos,

427 2239 554 2275 sparsim.

1259 1604 1306 1631 ἐπὶ
1319 1602 1483 1638 Ἀντιόχειαν
1502 1601 1550 1637 τῆς
1562 1602 1662 1636 Συρίας
1675 1602 1774 1633 ἐλθεῖν,
1790 1602 1876 1637 αὐτῆς
1904 1603 2011 1638 ἡμέρας
2024 1603 2055 1628 ὲν

1265 1647 1399 1684 Ὀρθωσίᾳ
1423 1647 1585 1683 ἐμείναμεν*
1604 1647 1650 1673 καὶ
1672 1647 1716 1673 διὰ
1737 1647 1768 1673 τὸ
1792 1647 1909 1682 πλησίον
1937 1645 2006 1673 εἶναι
2021 1644 2057 1682 ἧς

1259 1696 1408 1732 ἐξήλθομεν
1429 1695 1542 1726 πόλεως,
1557 1694 1666 1721 πάντων
1682 1695 1775 1731 σχεδὸν
1789 1695 2003 1730 προακηκοότων
2020 1694 2057 1720 τὰ

1258 1742 1306 1769 τοῦ
1325 1741 1512 1777 κηρύγματος,
1533 1741 1596 1775 μιᾶς
1609 1740 1715 1776 ἡμέρας
1732 1742 1790 1767 ἐκεῖ
1808 1740 1961 1776 μείναντες,
1983 1741 2057 1775 ἀπή-

1261 1796 1346 1825 ραμεν
1359 1788 1399 1819 εἰς
1416 1787 1584 1822 Ἀντάραδον.
1599 1787 1706 1814 Πολλῶν
1721 1788 1748 1815 δὲ
1759 1788 1816 1814 τῶν
1837 1787 2056 1822 συνοδοιπορούν-

1258 1841 1313 1860 των
1327 1833 1392 1868 ἡμῖν
1410 1832 1505 1864 ὄντων,
1522 1832 1536 1858 ὁ
1553 1832 1654 1868 Πέτρος
1672 1833 1778 1868 Νικήτῃ
1793 1833 1839 1859 καὶ
1856 1832 1956 1868 Ἀκύλᾳ
1976 1841 2056 1869 προσ.

1260 1877 1356 1914 ωμίλει
1373 1878 1468 1912 λέγων·
1487 1877 1596 1913 Ἐπειδὴ
1609 1879 1624 1905 ὁ
1640 1878 1723 1909 πολὺς
1737 1878 1815 1914 ὄχλος
1831 1878 1886 1905 τῶν
1902 1878 2057 1905 συνοδοιπο-

1262 1924 1378 1960 ρούντων
1392 1924 1425 1950 οὺ
1442 1923 1538 1959 μικρὸν
1554 1923 1649 1958 φθόνον
1669 1923 1783 1951 είσιοῦσι
1801 1923 1872 1950 κατὰ
1891 1924 1968 1950 πὸςιν
1991 1925 2055 1959 ἡμῖν

1261 1970 1420 2001 ἐπισπᾶται,
1437 1969 1591 2004 ἀναγκαίως
1618 1969 1776 2005 ἐσκεψάμην
1803 1969 1956 2005 φροντίσαι,
1981 1969 2054 2001 ὃπως

1263 2013 1330 2048 μήτε
1341 2009 1412 2040 οὗτοι
1422 2013 1562 2048 λυπηθῶσι
1578 2013 1746 2045 κωλυθέντες
1759 2015 1877 2040 συνεῖναι
1893 2014 1972 2049 ἡμῖν,
1986 2015 2054 2049 μήτε

1261 2059 1342 2094 ἡμεῖς
1358 2058 1532 2094 περίϐλεπτοι
1547 2058 1697 2094 γενόμενοι,
1713 2058 1809 2093 φθόνου
1825 2060 1880 2090 τοῖς
1901 2059 1994 2091 ἄλλοις
2006 2068 2053 2086 κα-

1261 2103 1403 2139 ταστῶμεν
1419 2104 1508 2130 αἴτιοι.
1535 2104 1636 2131 Τούτου
1657 2104 1738 2131 ἕνεκα
1754 2104 1883 2140 βούλομαί
1898 2113 1929 2130 σε
1940 2105 1987 2132 τὸν
2007 2106 2054 2132 Νι-

1263 2151 1348 2186 κήτην
1363 2151 1420 2186 ἃμα
1439 2151 1549 2187 Ἀκύλᾳ,
1568 2151 1721 2187 προοδεύειν
1737 2160 1788 2186 μου
1807 2151 1875 2178 κατὰ
1891 2152 2052 2187 συστήματα

1262 2197 1309 2224 δύο
1328 2197 1473 2233 σποράδην.

462 2284 556 2313 LXXI.
568 2283 622 2311 Ista
644 2283 725 2311 Petro
746 2283 864 2316 dicente,
893 2281 1090 2317 responderunt
1104 2280 1212 2309 Nicetas
1229 2284 1250 2311 Ι)
1298 2286 1366 2313 LXX

1147 2286 1212 2309 retas
1229 2284 1250 2311 D
1298 2286 1389 2313 LXXI.
1398 2286 1489 2313 Ταῦτα
1500 2287 1546 2313 τοῦ
1558 2287 1660 2322 Πέτρου
1673 2286 1803 2318 εἰπόντος,
1817 2287 2001 2323 ἀπεκρίναντο
2008 2288 2051 2314 Νι-

426 2337 453 2360 et
476 2329 666 2366 AquilazNon
683 2329 760 2356 valde
786 2335 847 2361 nos,
869 2328 994 2360 domine,
1017 2327 1159 2355 contristat
1185 2328 1212 2354 id

427 2384 518 2412 agere,
539 2375 668 2410 quoniam
692 2381 707 2401 a
729 2378 756 2400 te
780 2373 942 2407 imperatum
958 2377 1009 2399 est.
1038 2371 1130 2400 Primo
1151 2372 1213 2407 qui-

427 2424 500 2455 dem,
512 2422 575 2457 quia
589 2420 634 2447 Dei
648 2419 818 2455 providentia
828 2418 949 2446 delectus
966 2425 1007 2450 es,
1019 2419 1066 2452 qui
1080 2418 1211 2445 merearis

428 2474 526 2497 cuncta
545 2467 676 2502 praeclare
691 2465 812 2500 cogitare
827 2468 909 2499 atque
928 2464 1071 2491 consulere
1090 2474 1096 2491 :
1111 2464 1209 2492 deinde

428 2513 571 2549 veroquod
579 2513 760 2547 utplurimum
776 2510 858 2538 biduo
871 2518 921 2536 nos
934 2510 985 2536 hoc
996 2510 1085 2537 facere
1101 2518 1211 2538 necesse

428 2561 474 2594 sit,
497 2568 513 2587 a
535 2565 560 2587 te
585 2559 729 2591 absentes;
757 2556 823 2584 illud
843 2559 934 2583 autem
958 2555 1074 2590 spatium
1088 2556 1213 2590 quamvis

429 2607 539 2641 longum
566 2605 610 2637 sit,
634 2604 697 2630 dum
727 2607 752 2629 te
778 2601 918 2629 dominum
935 2605 1058 2628 nostrum
1072 2609 1124 2628 non
1139 2601 1213 2628 vide-

429 2660 501 2684 mus,
516 2655 634 2678 attamen
650 2653 679 2676 nt
696 2648 786 2683 jllbl's,
801 2646 864 2681 quia
880 2646 946 2673 utile
964 2650 1016 2676 est,
1030 2653 1083 2672 non
1102 2652 1212 2673 contra-

430 2698 556 2724 dicimus.
571 2694 632 2722 llaec
649 2699 792 2729 postquam
813 2691 950 2723 dixerunt,
966 2691 1115 2725 antcgressi
1136 2696 1209 2718 sunt.

1262 2332 1346 2368 κήτης
1357 2333 1402 2358 καὶ
1410 2332 1532 2364 Ἀκύλας·
1549 2333 1585 2359 Οὐ
1597 2333 1667 2359 πάνυ
1682 2333 1766 2368 ἡμᾶς,
1776 2333 1864 2368 κύριε,
1874 2333 1956 2360 λυπεῖ
1971 2334 2050 2360 τοῦτο

1263 2376 1401 2411 πράττειν,
1411 2376 1454 2403 διὰ
1473 2377 1503 2402 τὸ
1517 2377 1569 2403 ὑπὸ
1581 2377 1626 2403 σοῦ
1641 2377 1847 2412 προστετάχθαι.
1861 2377 1973 2413 Πρῶτον
1991 2378 2048 2413 μὲν,

1261 2422 1301 2447 ὅτι
1318 2421 1404 2448 πάντα
1420 2422 1509 2453 καλῶς
1524 2424 1593 2448 νοεῖν
1606 2431 1636 2448 τε
1650 2423 1697 2448 καὶ
1709 2422 1901 2457 συμϐουλεύειν
1915 2423 1992 2455 ἄξιος
2003 2423 2048 2454 ὢν,

1263 2467 1315 2493 ὑπὸ
1329 2467 1376 2501 τῆς
1391 2466 1437 2492 τοῦ
1449 2466 1516 2493 Θεοῦ
1531 2466 1659 2502 προνοίας
1675 2466 1811 2501 ἐξελέγης¹
1831 2467 1927 2494 ἔπειτα
1950 2467 1990 2498 δὲ,
2011 2468 2048 2494 ὅτι

1261 2512 1299 2543 ὡς
1312 2512 1427 2538 ἐπιπολὺ
1443 2512 1552 2547 ἡμερῶν
1569 2512 1615 2538 δύο
1627 2513 1731 2547 ἀνάγκη
1745 2512 1824 2538 τοῦτο
1837 2512 1967 2547 πράττειν
1977 2513 2048 2548 ἡμᾶς

1261 2556 1532 2592 ἀπολιμπανομὲνους
1546 2566 1591 2583 σου
1604 2566 1610 2572 ·
1627 2558 1673 2584 καὶ
1694 2556 1773 2584 αὗται
1784 2558 1812 2584 δὲ
1826 2557 1921 2584 πολλαὶ
1933 2559 2002 2594 πρὸς
2020 2559 2048 2584 τὸ

1265 2604 1302 2637 μή
1320 2611 1349 2628 σε
1364 2602 1409 2628 τὸν
1432 2603 1525 2638 κύριον
1539 2602 1615 2638 ἡμῶν
1637 2603 1766 2639 καθορᾷν,
1872 2603 1910 2635 ὡς
1929 2604 2048 2635 κελεύεις

1260 2647 1303 2673 διὰ
1321 2647 1351 2673 τὺ
1367 2648 1503 2684 συμφέρον
1528 2649 1576 2675 οὐκ
1589 2648 1773 2682 ἀντιλέγομεν.
1805 2648 1897 2676 Ταῦτα
1914 2650 2043 2681 εἰπόντες,

1264 2701 1282 2717 π
1286 2701 1332 2727 por.
1336 2701 1391 2726 γον.

1069 2773 1185 2800 VARle
1202 2773 1399 2803 LECTIO]\ES.

502 2824 522 2839 ¹⁸¹
538 2823 628 2849 Matth.
651 2830 727 2853 mn,
743 2821 789 2848 25.
828 2821 848 2836 ’³
875 2823 988 2850 Είεηιριιι
1005 2841 1011 2849 .
1033 2821 1107 2847 hom.
1137 2828 1165 2852 κ,
1182 2829 1206 2847 ε.
1233 2821 1275 2847 55.
1305 2824 1376 2854 Περ..
1390 2823 1406 2850 Ι.

663 2830 727 2853 11m,
743 2821 789 2848 25.
828 2821 848 2836 ’³
875 2823 988 2850 Είεηιριιι
1005 2841 1011 2849 .
1033 2821 1107 2847 hom.
1137 2828 1165 2852 κ,
1182 2829 1206 2847 ε.
1233 2821 1275 2847 55.
1305 2824 1376 2854 "ea.
1390 2823 1407 2850 Ι.
1427 2830 1464 2854 vl,
1485 2823 1567 2851 c.15.

427 2858 622 2896 ἀποδεδώκασι.
650 2859 672 2873 “
686 2857 721 2884 al.
742 2855 948 2890 ὑποδεξάμενον.
988 2855 1010 2872 ³³
1035 2857 1173 2888 (ἐίεηιεηιη
1198 2856 1270 2883 hom.
1292 2865 1329 2884 xu

906 2864 948 2882 κον.
988 2855 1010 2872 ³³
1035 2857 1173 2888 (ἐίεηιεηιη
1198 2856 1270 2883 hom.
1292 2865 1339 2889 xu,
1359 2865 1383 2885 c.
1401 2858 1427 2892 l,
1449 2863 1500 2886 etc.
1534 2860 1658 2896 Recogn.,
1677 2860 1694 2886 Ι.
1720 2855 1768 2893 vni,
1785 2855 1810 2887 c.

429 2891 488 2919 οὖν.

1625 2824 1648 2840 ²⁰
1664 2825 1698 2862 a_l.
1717 2825 1926 2862 εὐχαριστήσας.
1964 2829 1986 2844 ἰ
2009 2828 2040 2853 al.

1829 2861 1855 2893 1,
1876 2868 1929 2890 etc.
1971 2864 1994 2879 ⁸⁵
2007 2865 2040 2889 at.
