2290 3110
227 153 265 181 εει

255 207 347 236 LXXII.
368 207 560 244 Πορευθέντων
586 205 632 234 οὖν
656 205 763 238 αὐτῶν,
794 205 849 239 ἐγὼ
879 204 994 239 Κλήμης
1008 205 1031 233 Α

225 257 327 291 ἔχαιρον,
345 255 386 280 ὅτι
406 255 457 281 σὺν
481 252 556 289 αὑτῷ
576 261 609 289 με
627 252 770 279 ἐκέλευσεν
786 249 865 278 εἶναι.
889 248 996 284 ’Λμέλει

226 303 264 329 ut
272 299 333 337 πρὸς
344 300 425 327 αὑτὸν
439 297 525 327 εἷπον·
538 299 700 336 Εὐχαριστῶ
709 298 748 334 τῷ
761 297 831 333 Θεῷ,
845 297 887 323 ὃτι
903 304 936 332 με
946 295 996 322 οὐκ

225 346 400 380 ἐξαπέστειλας
420 345 461 378 ὡς
481 345 544 377 τοὺς
561 344 684 381 ἑταίρους
694 344 727 376 ³⁵,
748 343 809 370 ἐπεὶ
832 341 997 376 ὀδυνώμενος

227 392 251 419 iv
267 392 491 427 διαπεφωνήκειν.
516 391 545 418 '0
560 391 588 418 δὲ
603 390 665 426 ἔφη’
682 386 716 417 τί
735 389 789 417 δαί·
807 389 831 415 εί
854 387 901 415 καὶ
918 386 998 423 χρεία

228 446 259 469 τις
272 438 342 465 ἔσται
356 438 518 474 πεμφθῆναί
532 436 562 464 σέ
578 445 641 468 που,
662 436 694 463 σὺ
710 435 755 462 διά
769 435 801 462 τὸ
821 432 888 470 πρὸς
908 433 998 468 ὀλίγον

226 484 444 520 ἀπολιμπάνεσθαί
455 493 507 520 μου
518 483 719 520 συμφερόντως,
724 481 773 508 ηδιά
782 480 861 508 τοῦτο
871 479 995 514 τεθνήξῃ

224 529 308 564 anxie
322 529 526 566 προσομιλήσας
544 527 659 564 σεαυτῷ,
677 526 770 563 φέρειν
784 525 818 552 τά
831 526 875 552 διὰ
887 525 936 561 τὴν
952 525 998 551 ἀν-

227 575 299 611 άγκην
309 584 349 602 σοι
364 575 603 611 προσταττόμενα,
617 572 743 610 εὐθύμως
759 572 897 604 ὑποίσεις;
915 570 931 606 ἢ
947 571 997 597 οὒκ

226 619 299 654 οἶδας,
321 621 360 648 ὅτι
378 620 500 647 σύνεισιν
520 620 545 646 oi
560 619 631 655 φίλοι
649 620 708 650 ταῖς
729 618 858 654 μνήμαις,
876 616 927 643 κᾶν
942 617 998 647 τοῖς

228 666 332 702 σώμασιν
348 665 460 693 ἐκείνων
472 664 724 701 ἀπολιμπάνωνται,
740 663 778 695 ὡς
793 662 857 690 ἔνιοι
876 662 998 693 συνόντες

230 713 272 743 τοῖς
285 711 397 747 σώμασι,
412 711 524 748 μακρὰν
540 711 709 747 ἀφεστήκασι
725 711 785 741 ταῖς
794 709 910 744 ψυχαῖς;

255 756 358 784 LXXIII.
377 755 467 792 Κάγὼ
485 757 685 793 ἀπεκρινάμην·
709 755 787 782 Ἀλλά
810 754 847 790 μή
874 762 907 789 με
924 753 999 789 νομί-

228 810 275 838 σῃς,
291 802 374 838 κύριε,
396 803 439 829 ὅτι
456 803 493 829 τὰ
511 800 599 839 λύπης
614 802 728 838 πάσχειν
743 801 853 837 ἔμελλον
869 800 997 835 ἀνοήτως,

227 849 282 875 ἀλλά
294 849 337 876 καὶ
351 849 421 876 πάνυ
437 849 527 886 ὀρθῶς
541 849 628 884 ἔχοντι
650 848 782 884 λογισμῷ.
802 848 878 875 Ἐπεὶ
898 847 952 883 γάρ
969 854 998 873 σε

597 146 827 177 CLEMENTINA.
847 162 883 166 -—
900 140 1051 173 EPI'I'OME
1068 142 1113 170 DE
1131 141 1253 170 GESTIS
1274 141 1303 169 S.
1323 140 1434 168 PETRI.

1777 140 1829 168 512

1079 200 1184 228 LXXII.
1205 200 1253 228 His
1266 200 1348 235 igitur
1361 197 1501 235 profectis,
1516 205 1567 232 ego
1577 197 1705 225 Clemens
1718 198 1829 233 gavisus

1046 255 1196 281 sum,.eum
1213 254 1257 274 me
1272 253 1364 274 secum
1382 252 1442 272 esse
1456 244 1585 272 voluisse.
1601 242 1694 278 Itaque
1713 243 1746 271 ad
1765 251 1828 271 eum

1046 293 1122 320 dixi:
1138 292 1246 320 Gratias
1259 299 1311 328 ago
1330 291 1395 323 Deo,
1416 291 1488 326 quod
1512 297 1557 318 me
1576 297 1629 317 non
1646 289 1781 323 emiseris,
1800 294 1831 318 ut

1047 339 1175 372 sodales;
1195 346 1258 366 nam
1271 346 1326 373 pra:
1341 337 1435 365 dolore
1446 340 1558 364 enectus
1573 335 1696 363 fuissem.
1718 335 1764 363 Ille
1783 343 1830 363 ve»

1047 392 1079 413 ro
1093 392 1099 411 :
1116 383 1187 418 Quid
1201 389 1304 417 autem,
1319 383 1418 419 inquit,
1431 382 1455 411 si
1470 390 1531 418 qua:
1550 382 1700 410 necessitas
1716 382 1830 417 jusserit

1047 435 1077 458 ut
1087 431 1180 466 aliquo
1194 430 1328 464 mittaris;
1342 434 1370 458 tu
1385 430 1449 465 quia
1464 428 1623 463 aliquandiu
1637 435 1653 455 a
1668 435 1712 455 me
1728 427 1831 455 utiliter

1047 476 1103 504 eris
1115 481 1268 511 separatus,
1282 475 1343 503 ideo
1360 473 1504 502 morieris?
1518 473 1612 500 Nonne
1622 473 1724 508 potius,
1740 476 1829 500 tecum

1047 516 1188 558 reputans,
1198 522 1307 551 ferenda
1318 530 1378 551 esse
1389 530 1452 558 quae
1462 526 1573 557 propter
1587 521 1775 549 necessitatem
1786 521 1832 556 ju-

1047 569 1129 602 bcris,
1150 577 1229 604 aequo
1243 569 1336 596 animo
1354 568 1443 596 feres?
1460 567 1514 595 Aut
1533 567 1624 595 nescis
1655 567 1759 594 amicos
1776 574 1831 594 una

1047 622 1108 643 esse
1123 615 1323 646 recordatione,
1343 615 1406 642 licet
1419 613 1582 649 corporibus
1600 613 1672 640 inter
1684 620 1713 640 se
1728 613 1832 648 disjun-

1052 665 1168 697 gantur;
1183 661 1253 689 sicut
1266 660 1390 688 nonnulli
1400 660 1560 695 corporibus
1567 663 1726 695 praesentes,
1733 660 1833 688 animis

1047 707 1144 741 procul
1154 711 1219 735 sunt
1231 706 1338 735 dissiti?

1083 750 1200 781 LXXIII.
1218 753 1252 780 Et
1262 760 1311 789 ego
1327 752 1454 788 respondi
1472 761 1479 779 :
1495 750 1594 779 Verum
1607 760 1641 780 ne
1653 752 1686 780 de
1701 760 1744 780 me.
1757 751 1831 780 arbi-

1049 798 1148 831 treris,
1169 798 1288 832 domine,
1306 798 1378 833 quod
1404 798 1486 825 islum
1508 805 1653 825 maerorem
1675 797 1834 833 insipienter

1049 844 1100 871 sim
1109 851 1298 879 perpessurus,
1309 844 1433 878 quinimo
1441 843 1587 871 admodum
1598 848 1671 872 recte
1680 851 1710 871 se
1719 844 1835 872 habente

228 894 277 920 ἀντὶ
291 894 395 921 πάντων
413 892 537 930 εἱλόμην,
559 894 662 930 πατρὸς
679 891 726 920 καὶ
747 892 859 928 μητρὸς,
879 891 1000 926 ἀδελφῶν
1015 891 1037 918 Β
1050 889 1132 916 ratio:

927 891 1000 926 λφῶν
1015 891 1037 918 Β
1050 889 1165 916 ratione.
1184 889 1320 921 Quoniam
1348 889 1421 916 enim
1442 893 1468 917 te
1489 897 1538 924 pro
1566 890 1695 917 omnibus
1721 891 1831 926 accepi,

228 940 275 975 ipa
291 939 335 967 καὶ
360 939 521 975 συγγενῶν,
548 940 633 967 αῐτιόν
656 947 701 976 μοι
721 939 863 974 γενόμενον
886 937 930 965 διὰ
957 935 1002 965 τὸν

228 985 280 1011 Beia:
291 985 337 1020 τῆς
349 985 490 1021 σωζούσης
502 983 638 1021 ἀληθείας·
655 984 726 1012 οὕτω
739 984 786 1012 καὶ
800 982 835 1021 ἧς
848 983 959 1020 ἔμελλον
971 984 1002 1010 ὲκ

229 1029 320 1057 πάνιων
335 1029 484 1057 ἀπολαύειν
499 1029 684 1066 παραμυθίας.
700 1029 745 1056 διὰ
763 1028 811 1056 σοῦ
831 1028 912 1064 μόνου
934 1034 1001 1064 καρ-

230 1075 327 1111 ποῦμαι.
342 1076 455 1103 Δέδοικα
472 1076 526 1112 γάρ
536 1076 603 1108 ὅλως
618 1075 813 1111 ἀπολειφθῆναι
826 1083 884 1107 σου,
898 1075 1001 1110 μήποτε

228 1122 263 1148 διὰ
275 1122 319 1158 τὴν
333 1123 364 1149 ὲκ
378 1123 430 1158 τῆς
444 1121 554 1158 ἡλικίας
570 1122 672 1158 ἀκμὴν,
688 1121 776 1157 ἥττων
792 1120 939 1156 ἐπιθυμίας
957 1119 1002 1155 γι-

228 1176 311 1202 νωμαι.
321 1169 374 1195 Καὶ
387 1168 434 1195 διά
446 1168 527 1194 τοῦτο
542 1167 627 1199 οὕτως
642 1167 792 1198 ὲνστάσεως
809 1166 873 1201 ἔχω,
888 1165 926 1197 ὠς
940 1166 1002 1192 ἀπο-

230 1213 308 1248 στῆναί
331 1222 376 1240 σου
401 1213 534 1240 ἀδύνατον
556 1211 639 1243 εἶναι,
665 1212 689 1238 εἰ
710 1212 746 1247 μὴ
763 1211 834 1238 κατά
848 1219 908 1238 τινα
925 1210 1002 1245 χόλον

229 1259 284 1285 Θεοῦ
299 1258 374 1285 τοῦτο
388 1259 514 1295 γένηται.
529 1258 584 1285 Καὶ
597 1258 651 1293 γὰρ
668 1255 807 1294 μέμνημαί
823 1264 869 1283 σου
886 1257 916 1284 ιν
932 1257 1001 1284 Και-

230 1303 312 1340 σαρείᾳ.
324 1304 456 1336 εἰπόντος·
476 1303 510 1330 Ei.’
522 1303 564 1335 τίς
581 1312 626 1339 μοι
644 1302 767 1338 βούλεται
781 1302 948 1334 συνοδεῢσαι,
962 1302 1002 1329 εὑ·

230 1349 302 1380 πδῶς
319 1350 364 1377 καὶ
378 1349 554 1377 ωνοδευέτω.
569 1349 696 1381 Εὑσεῦῶς
709 1349 738 1376 δὲ
753 1349 830 1384 ἔφης,
851 1348 882 1375 τὺ
901 1348 1002 1384 μηδένα

229 1393 331 1430 λυπῆσαι
340 1395 411 1422 κατὰ
419 1394 498 1427 Θεὸν,
512 1393 577 1427 οἷον,
588 1393 754 1422 ἀπολιπόντα
767 1396 864 1430 γονεῖς,
875 1396 1001 1430 γυναῖκα,

230 1439 287 1475 πρὸς
299 1440 343 1473 δὲ,
366 1442 413 1469 καὶ
429 1440 542 1477 ἐτέρους
562 1441 638 1474 τινὰς
651 1441 705 1468 τῶν
720 1441 840 1468 εὐσεϐεῖν
858 1440 1000 1476 ἑλομένων.

231 1485 300 1512 Ὅθεν
316 1486 370 1521 ἐγὼ
388 1487 462 1514 κατά
483 1488 572 1514 πάντα
586 1487 736 1523 ἐπιτήδειός
752 1487 809 1523 είμί
826 1495 868 1513 σοι
886 1486 1001 1513 συνοδοι-

231 1531 309 1566 πόρος,
327 1529 349 1566 ᾧ
360 1532 409 1560 καὶ
424 1533 460 1559 τά
482 1533 596 1569 μέγιστα
611 1532 720 1569 χαρίζῃ,
740 1534 765 1559 ει
775 1533 798 1549 ¹⁶
811 1532 860 1565 τάς
875 1532 929 1559 τῶν
943 1532 1003 1560 δού-

230 1574 273 1603 λων
284 1577 429 1613 ὑπηρεσίας
445 1579 604 1615 ἐπιτρέποις
614 1580 710 1606 ποιεῖν.

259 1624 364 1653 LXXIV,
384 1627 442 1654 Καὶ
456 1627 471 1654 6
488 1626 590 1663 Πέτρος
612 1626 744 1659 ἀκούσας,
766 1627 835 1663 μετά
849 1627 921 1659 τινός
936 1635 1002 1663 φησι

232 1671 398 1707 μειδιάματος·
423 1671 457 1699 Τί
471 1671 517 1699 οὖν
530 1673 595 1704 οἴει,
613 1672 727 1708 Κλήμη,
747 1672 783 1708 μὴ
799 1672 845 1699 ὑπ’
859 1671 943 1708 αὐτῆς
957 1673 1004 1699 ἀν-

231 1716 312 1752 άγκης.
326 1719 365 1750 είς
382 1718 485 1745 δούλων
508 1727 538 1745 σε
557 1718 674 1753 ταγῆναι
692 1718 791 1751 τόπον;
811 1718 872 1745 ἐπεὶ
893 1718 935 1749 τίς
954 1718 1003 1750 τάς

231 1756 302 1793 mm:
325 1772 367 1798 μοι
388 1764 438 1790 καὶ
455 1763 556 1795 πολλὰς
575 1760 695 1795 σινδόνας
712 1763 781 1798 μετά
798 1763 852 1789 τῶν
864 1761 1004 1798 ἑπομένων

231 1806 363 1835 δακτυλίων
383 1811 431 1836 καὶ
456 1809 512 1835 τῶν
531 1808 711 1845 ὑποδημάτων
731 1809 892 1844 φυλάξειης
914 1808 961 1840 Τίς
974 1808 1003 1835 δὲ

233 1852 272 1878 καὶ
284 1853 315 1879 τά
329 1854 394 1889 ἡδέα
409 1854 458 1882 καὶ
474 1854 605 1890 πολυτελῆ
621 1854 674 1889 ὅψα
685 1854 893 1890 προετοιμάσει;
910 1854 928 1881 ἆ
943 1863 1004 1881 τινα

232 1897 326 1925 ποικίλα
344 1898 407 1926 ὄντα
429 1899 535 1926 πολλῶν
548 1898 632 1926 δεῖται
648 1898 695 1927 καὶ
707 1898 839 1935 τεχνικῶν
854 1896 1001 1934 μαγείρωνδ

233 1942 271 1967 καὶ
285 1943 368 1970 πάντα
383 1945 486 1976 ἐκεῖνα,
503 1945 554 1971 ὅσα
573 1944 612 1976 ὡς
633 1943 719 1980 θηρίῳ
735 1944 843 1980 μεγάλῳ
861 1944 894 1979 τῇ
911 1943 1004 1970 ὲπιθυι

234 1986 274 2021 μία
287 1989 536 2026 προευτρεπίζεται.
553 1989 626 2025 Πλὴν
642 1989 659 2025 ἡ
674 1989 785 2025 τοιαύτη
801 1998 831 2016 σε
846 1989 1004 2025 προαίρεσις

233 2030 388 2068 ὑπεισῆλθεν,
414 2035 482 2067 ἴσως
506 2035 543 2071 μὴ
567 2035 703 2067 συνιέντα,
729 2035 776 2062 καὶ
795 2034 842 2062 τὸν
864 2035 929 2070 ἐμὸν
951 2035 1003 2069 ἀγ-

233 2077 329 2106 νοοῦντα
350 2080 415 2116 βίον,
438 2081 482 2108 ὅτι
503 2081 578 2117 ἄρτῳ
601 2081 673 2116 μόνῳ
694 2081 741 2108 καὶ
761 2081 863 2113 ἐλαίαις
882 2081 1002 2117 χρῶμαι,

234 2124 272 2149 καὶ
290 2127 435 2159 navim"
453 2127 588 2162 λαχάνοις⁴
619 2127 667 2154 καὶ
690 2128 731 2154 ὅτι
755 2127 863 2163 ἱμάτιόν
889 2136 933 2164 μοι
956 2128 1004 2155 καὶ

234 2169 357 2203 τριϐώνιον
372 2172 402 2199 ἓν
417 2173 477 2199 ἐστι
491 2173 570 2199 τοῦτο
580 2173 602 2190 ’³
619 2172 694 2204 αὐτὸ,
704 2173 719 2199 ὂ
733 2171 941 2209 περιὸέῦλημαι,
956 2174 1004 2200 καὶ

235 2213 314 2263 ὲτίρου
339 2217 431 2263 χρείαν
449 2219 500 2245 οὐκ
517 2217 581 2253 ἔχω,
602 2218 662 2245 οὐδὲ
675 2218 762 2246 ἀλλων
778 2219 870 2246 τινῶνθ
892 2219 936 2246 Ἐν
949 2219 1003 2255 γάρ
1018 2234 1041 2263 D

234 2259 325 2292 τούτοις
338 2261 383 2289 καὶ
399 2263 608 2299 περισσεύομαι.
634 2264 663 2291 '0
677 2263 739 2296 νοῦς
755 2265 809 2300 γάρ
831 2273 880 2300 μου
893 2265 928 2291 τὰ
946 2265 1004 2292 ἐκεῖ

236 2303 311 2332 πάντα
321 2307 389 2343 ὁρῶν
402 2307 500 2336 αἰώνια
513 2309 612 2343 ἀγαθὰ,
627 2309 681 2336 τῶν
695 2309 812 2337 ἐνταῦθα
824 2310 930 2341 οὐδενὸς
943 2312 1003 2337 ὲπι-

237 2350 374 2385 στρέφεται.
391 2354 487 2389 Ὅμως
508 2355 556 2381 σοῦ
577 2354 630 2390 μὲν
651 2355 701 2391 τὴν
720 2355 825 2391 ἀγαθὴν
846 2355 1004 2392 προαίρεσιν

237 2393 393 2432 ἀποδέχομαι,
402 2400 451 2426 καὶ
461 2398 607 2435 θαυμάζων
621 2399 735 2431 ἐπαινῶ,
751 2400 809 2432 πῶς
825 2401 894 2437 ἀνὴρ
909 2402 941 2428 ὲκ
957 2410 1005 2428 πο-

236 2437 337 2468 λυτελῶν
350 2443 417 2470 ἐθῶν
431 2443 572 2480 ὑπάρχων,
590 2444 688 2481 ῥᾳδίως
703 2447 758 2477 τοῖς
779 2445 937 2480 ἀναγκαίοις
958 2447 1005 2473 τὸν

240 2487 335 2513 σεαυτοῦ
358 2488 513 2524 ὑπήλλαξας
537 2488 604 2525 βίον.
632 2490 727 2525 Ἡμεῖς
756 2491 810 2526 γὰρ
836 2491 869 2518 ἐκ
890 2491 1003 2525 παίδων,

238 2528 283 2562 ἐγώ
290 2540 316 2558 τε
331 2533 375 2561 καὶ
395 2535 521 2572 Ἀνδρέας
534 2536 549 2562 ὁ
562 2535 700 2570 σύναιμος,
712 2535 742 2562 οὐ
758 2536 837 2571 μόνον
849 2538 879 2564 ὲν
888 2536 1004 2574 ὀρφανίᾳ

239 2576 377 2612 τραφέντες,
393 2581 462 2608 ἀλλὰ
484 2582 531 2608 καὶ
552 2579 605 2608 ὑπὸ
625 2582 720 2613 πενίας
740 2582 781 2614 εἰς
802 2583 931 2618 ἐργασίαν
948 2583 1004 2609 ἐθι-

240 2620 332 2656 σθέντες
346 2626 383 2659 ³⁸,
406 2628 536 2664 εὐμαρῶς
559 2629 678 2665 φέρομεν
693 2629 741 2656 νῦν
756 2629 806 2661 τὰς
822 2630 929 2665 μακρὰς
943 2632 1004 2657 ταύ-

239 2673 280 2698 τας
293 2669 447 2708 ὁδοιπορίας.
473 2674 553 2701 Ὅθεν
572 2675 596 2702 ει
615 2675 724 2702 ἐπείθου
739 2684 795 2711 μοι,
815 2675 876 2712 ἐμοὶ
890 2676 923 2703 ἂν
939 2684 1004 2712 συγ·

241 2717 388 2752 χεκωρήκεις
402 2720 437 2747 τὰ
451 2720 550 2748 δούλων
561 2721 737 2758 ἀποπληροῦν
753 2730 803 2749 σοι.

1015 1568 1036 1597 C

1051 943 1101 971 pro
1117 939 1202 971 patre,
1221 940 1318 970 matre,
1338 935 1478 967 fratribus.
1503 941 1530 964 et
1557 937 1694 973 cognatis;
1718 938 1764 973 qui
1786 946 1834 973 per

1053 981 1137 1009 Deum
1155 986 1252 1010 auctor
1265 982 1331 1010 mihi
1343 982 1429 1015 fuisti,
1446 986 1476 1009 ut
1491 983 1647 1018 agnoverim
1659 984 1833 1011 servatricem

1051 1027 1191 1055 veritatem
1207 1028 1268 1056 :sic
1286 1032 1314 1056 et
1331 1028 1528 1061 consolatione,
1549 1035 1632 1063 quam
1650 1029 1685 1056 ab
1706 1028 1835 1057 omnibus

1052 1078 1249 1102 consecuturus
1265 1073 1389 1106 fuissem,
1410 1081 1458 1109 per
1478 1078 1504 1102 te
1524 1081 1609 1101 unum
1626 1074 1712 1102 fruor.
1733 1073 1835 1102 Vereor

1052 1118 1152 1154 quippe
1172 1119 1285 1147 omnino
1297 1127 1312 1147 a
1324 1124 1350 1148 te
1362 1119 1457 1148 abesse
1467 1138 1475 1152 ,
1489 1127 1523 1147 ne.
1534 1127 1581 1155 per
1592 1120 1679 1147 aetatis
1689 1119 1833 1154 tenorem,

1053 1172 1068 1191 a
1077 1165 1224 1199 cupiditate
1234 1166 1338 1193 vincar.
1348 1165 1381 1192 Et
1393 1165 1454 1193 ideo
1467 1166 1503 1193 ita
1518 1165 1544 1194 in
1560 1165 1682 1193 animum
1691 1166 1795 1199 induxi,
1805 1169 1836 1193 ut

1052 1219 1066 1238 a
1083 1215 1109 1238 te
1121 1220 1175 1239 non
1191 1211 1294 1247 possim
1308 1212 1456 1245 discedere,
1472 1211 1524 1239 nisi
1540 1212 1593 1239 hoc
1613 1211 1703 1239 divina
1717 1211 1833 1247 quadam

1052 1258 1093 1286 ira
1107 1259 1226 1286 eveniat.
1242 1258 1346 1286 Etenim
1361 1258 1471 1286 memini
1484 1262 1510 1286 te
1522 1258 1653 1286 ϐῶσαι-επ
1668 1258 1758 1286 dicere
1778 1265 1785 1284 :
1805 1257 1834 1285 Si

1052 1304 1114 1340 quis
1131 1305 1188 1332 vult
1202 1312 1308 1332 mecum
1327 1305 1378 1332 iter
1395 1303 1496 1338 facere,
1519 1304 1561 1340 pie
1581 1312 1691 1340 quoque
1708 1312 1762 1331 una
1784 1304 1836 1332 iter

1052 1350 1151 1378 habeat
1167 1358 1173 1378 :
1188 1351 1231 1386 pie
1251 1356 1340 1378 autem
1353 1350 1463 1378 dicebas
1480 1357 1550 1384 esse,
1571 1351 1707 1378 neminem
1725 1350 1835 1378 tristitia

1052 1397 1200 1424 secundum
1215 1396 1300 1424 Deum
1315 1396 1431 1430 allicere,
1446 1396 1529 1424 veluti
1547 1395 1727 1431 relinquendo
1741 1404 1836 1432 paren-

1051 1449 1102 1476 tes,
1124 1450 1248 1476 uxorem,
1265 1450 1315 1470 nec
1330 1451 1384 1470 non
1399 1443 1468 1471 alios
1481 1443 1552 1478 piam
1570 1443 1655 1469 vitam
1673 1446 1835 1471 consectan-

1052 1493 1102 1516 tes.
1119 1486 1195 1516 Unde
1207 1496 1258 1524 ego
1267 1497 1381 1524 prorsus
1391 1489 1439 1518 tibi
1451 1497 1512 1518 sum
1521 1493 1601 1524 aptus
1615 1489 1722 1518 itineris
1732 1496 1834 1523 comes,

1053 1541 1068 1562 a
1082 1541 1137 1570 quo
1152 1539 1179 1561 et
1195 1535 1341 1562 maximam
1352 1535 1434 1563 inibis
1448 1535 1574 1571 gratiam,
1585 1535 1609 1563 si
1618 1535 1767 1563 ministeria
1776 1543 1836 1563 ser-

1052 1587 1148 1608 vorum
1165 1580 1240 1608 obire
1249 1580 1414 1616 permiseris.

1089 1624 1206 1653 LXXIV.
1227 1624 1284 1653 Hoc
1296 1626 1401 1660 audito,
1413 1625 1521 1660 Petrus,
1535 1633 1597 1654 cum
1612 1626 1666 1654 leni
1677 1626 1735 1655 risu
1748 1626 1835 1655 dixit:

1053 1671 1123 1704 Quid
1134 1678 1199 1707 ergo
1214 1675 1304 1707 putas,
1320 1671 1456 1706 Clemens,
1473 1672 1546 1707 quod
1560 1680 1613 1700 non
1625 1676 1653 1700 te
1665 1672 1723 1708 ipsa
1739 1681 1836 1700 neces-

1053 1717 1121 1745 sitas
1135 1716 1162 1744 in
1174 1725 1315 1745 servorum
1332 1717 1454 1745 ordinem
1475 1716 1678 1757 redigetLNam
1687 1718 1751 1754 quis
1768 1718 1836 1746 mihi

1052 1763 1188 1796 elegantes
1198 1771 1231 1791 ac
1242 1763 1343 1792 multas
1355 1763 1484 1792 sindonos
1496 1771 1542 1792 seu
1554 1769 1643 1792 vestes
1655 1765 1763 1797 linteas,
1771 1772 1834 1792 cum

1053 1809 1188 1844 adiunctis
1202 1809 1310 1837 annulis
1324 1814 1351 1837 et
1362 1809 1460 1838 calceis
1471 1809 1627 1838 custodiet?
1643 1809 1711 1843 Quis
1729 1818 1795 1838 vero
1807 1814 1837 1838 et

1052 1856 1148 1884 suavia
1166 1856 1357 1891 exquisitaque
1374 1855 1489 1884 obsonia
1501 1855 1682 1891 praeparabit?
1695 1863 1756 1891 quae
1772 1863 1834 1883 eum

1053 1902 1128 1929 varia
1140 1902 1205 1935 sint,
1219 1901 1320 1930 multos
1338 1909 1371 1930 ac
1385 1902 1500 1930 Solertes
1513 1909 1618 1937 coquos
1637 1903 1796 1937 postulant:
1808 1906 1836 1930 et

1053 1946 1144 1974 omnia
1156 1946 1212 1980 illa,
1227 1954 1288 1982 quae
1300 1951 1430 1982 tanquam
1447 1947 1559 1974 immani
1574 1947 1678 1980 bestia,
1692 1947 1834 1983 cupiditati

1053 1992 1229 2024 apparantur.
1256 1989 1309 2018 Sed
1333 1989 1427 2018 forsan
1451 1990 1510 2018 haec
1536 1995 1562 2019 te
1585 1991 1669 2019 subiit
1689 1993 1834 2025 sententia,

1053 2035 1126 2070 quod
1149 2043 1205 2064 non
1226 2035 1402 2070 intellexeris,
1417 2037 1545 2072 quodque
1567 2037 1675 2073 ignores
1692 2038 1754 2066 vitae
1768 2046 1835 2066 mea:

1052 2081 1205 2115 rationem;
1217 2082 1263 2117 qui
1275 2082 1334 2110 solo
1351 2090 1420 2118 pane
1434 2086 1461 2110 et
1475 2082 1554 2110 olivis
1567 2086 1639 2117 utor,
1652 2090 1769 2119 raroque
1782 2085 1836 2112 ole-

1053 2128 1143 2162 ribus;
1163 2129 1265 2164 quique
1282 2136 1367 2156 unum
1387 2128 1474 2156 habeo
1492 2129 1695 2163 vestimentum,
1725 2137 1758 2158 ac
1778 2131 1836 2166 pal-

1053 2173 1130 2207 lium,
1146 2174 1199 2202 hoc
1207 2175 1296 2210 ipsum
1311 2182 1365 2210 quo
1378 2176 1494 2204 amictus
1511 2183 1583 2208 sum,
1600 2176 1690 2204 etalio
1701 2184 1769 2212 opus
1781 2185 1835 2204 non

1054 2220 1157 2254 habeo,
1179 2228 1267 2256 neque
1283 2221 1338 2248 ulla
1357 2228 1398 2249 re.
1417 2220 1485 2249 Nam
1508 2221 1539 2250 in
1559 2222 1602 2250 his
1623 2223 1704 2250 etiam
1728 2223 1835 2251 abunde

1055 2266 1121 2293 mihi
1130 2270 1181 2294 est.
1196 2266 1254 2295 Mea
1266 2267 1366 2302 quippe
1377 2275 1455 2295 mens
1469 2275 1584 2297 cernens
1594 2268 1650 2297 illic
1661 2269 1752 2297 omnia
1764 2269 1835 2297 bona

1054 2317 1165 2345 teterna,
1192 2313 1292 2341 nullius
1310 2321 1404 2341 eorum
1420 2321 1481 2349 qua:
1496 2314 1540 2341 hic
1555 2318 1620 2342 sunt
1636 2321 1729 2342 curam
1744 2315 1835 2342 susci-

1054 2359 1103 2393 pit.
1117 2356 1204 2385 Tuum
1217 2363 1306 2385 tamen
1314 2358 1452 2393 egregium
1466 2358 1620 2386 institutum
1635 2359 1770 2393 approbo;
1785 2359 1836 2386 mi-

1054 2411 1154 2438 rorque
1172 2411 1204 2431 ac
1217 2403 1308 2435 laudo,
1331 2410 1386 2439 quo
1407 2404 1489 2431 modo
1509 2404 1551 2431 vir
1566 2405 1592 2432 in
1606 2405 1660 2432 vita
1677 2410 1835 2440 sumptuosa

1055 2448 1196 2482 educatus,
1212 2448 1292 2476 facile
1307 2449 1416 2476 vivendi
1437 2450 1568 2477 rationem
1588 2450 1787 2484 lmmutaveris,
1807 2455 1834 2478 et

1054 2494 1088 2522 ad
1106 2494 1162 2522 sola
1178 2494 1332 2522 necessaria
1347 2495 1511 2523 traduxeris.
1528 2494 1584 2523 Nos
1593 2495 1694 2530 quippe
1708 2502 1723 2522 a
1739 2502 1834 2530 puero,

1054 2547 1104 2574 ego
1117 2544 1144 2567 et
1160 2539 1282 2568 Andreas
1294 2539 1388 2572 frater,
1407 2549 1460 2568 non
1477 2541 1567 2568 solum
1589 2541 1615 2568 in
1630 2541 1755 2576 pupillari
1769 2548 1835 2569 con-

1842 2340 1857 2359 ῒ

1054 2585 1156 2613 ditione
1163 2586 1381 2618 educati,verum
1396 2587 1477 2614 etiam
1490 2591 1599 2622 propter
1615 2586 1734 2621 inopiam
1752 2586 1786 2614 ad
1796 2587 1836 2614 la-

1054 2630 1146 2658 borem
1164 2631 1320 2664 assuefacti,
1334 2631 1457 2666 expedite
1469 2639 1542 2660 nunc
1556 2632 1606 2660 has
1618 2632 1712 2668 longas
1723 2631 1836 2660 ferimus

1054 2675 1294 2711 peregrinationes.
1311 2676 1411 2710 Quare,
1428 2677 1450 2704 si
1462 2676 1587 2705 crederes
1601 2677 1679 2711 mihi,
1693 2685 1833 2705 servorum

1055 2721 1143 2750 oilicia
1154 2729 1197 2750 me
1209 2722 1258 2751 tibi
1268 2722 1424 2758 impendere
1433 2723 1605 2752 concederes.

862 2790 976 2819 VARI/ﬁ
996 2791 1197 2822 LEC'I‘IONES.

244 2826 460 2877 u’ﬁ'lcfﬁmenfjua
489 2843 517 2877 et
533 2836 763 2877 Διιοιςοςῑιιίιίοηει,
795 2840 913 2876 ἑτέρους.
939 2839 1006 2867 Cor.

278 2865 306 2891 II.
323 2868 359 2895 τό.
397 2872 417 2887 ³⁸
436 2873 471 2900 al.
487 2865 667 2906 ὲνεθισθὲντες

385 2920 518 2952 Panos.
546 2922 605 2952 Gn.
633 2924 670 2953 II.

1060 2842 1083 2858 ¹⁶
1096 2841 1131 2869 al.
1151 2842 1179 2868 εἴ
1197 2851 1251 2878 μοι.
1304 2843 1325 2859 ³⁷
1341 2842 1375 2870 ai.
1396 2842 1561 2879 διαφυλάξει.
1602 2844 1625 2861 ’⁵
1644 2845 1678 2872 al.
1700 2845 1834 2877 σπανίοις.
1850 2854 1859 2864 ι

1638 2929 1674 2958 17
