2290 3110
429 129 482 157 525

550 147 552 149 ι
863 128 892 156 S.
907 128 1101 157 CLEMENTIS
1119 128 1129 156 I
1146 129 1229 157 ROM.
1249 129 1350 157 PONT.
1370 129 1486 157 OPERA
1504 130 1618 159 DUBIA.

463 188 568 217 LXXV.
589 188 618 217 Id
646 195 698 225 ego
709 188 835 224 audiens,
856 190 1011 218 contremui
1033 194 1061 217 et
1081 190 1214 225 collacry-
1229 191 1253 220 Α
1301 188 1367 216 LXX

1154 197 1214 225 cry-
1229 191 1253 220 Α
1301 188 1408 216 LXXV.
1432 188 1503 224 Ἐγὼ
1516 188 1545 215 δὲ
1559 188 1689 221 ἀκούσας,
1705 188 1855 225 σύντρομος
1864 189 2000 225 ἐγενόμην
2014 190 2058 216 καὶ

2011 133 2060 161 59A

426 234 515 277 inavi:
538 234 604 270 quia
628 235 711 262 talem
740 235 882 263 habuisset
908 235 1060 263 orationem
1082 235 1135 269 vir,
1162 243 1217 270 quo
1268 235 1329 262 ἐπιδ

1162 243 1217 270 quo
1268 235 1428 272 ἐπίδακρυς,
1441 232 1498 263 οἷον
1512 235 1592 270 λόγον
1605 235 1682 262 εἶπεν
1696 236 1775 271 ἀνὴρ,
1795 233 1827 262 οὗ
1845 235 1946 268 πάντες
1963 237 1990 262 οἱ
2013 237 2060 272 τῆς

427 280 520 307 (uncti
535 280 618 316 hujus
629 281 717 308 atatis
725 280 852 309 homines
863 281 969 310 ratione
984 281 1104 310 scientiae
1116 289 1147 310 ac
1159 281 1217 317 pie-
1267 281 1314 308 νῦν

1159 281 1217 317 pie-
1267 281 1314 308 νῦν
1332 282 1430 316 γενεᾶς
1442 280 1592 318 ἄνθρώποι,
1614 281 1653 316 τῷ
1669 281 1691 297 ’⁸
1705 281 1754 317 τῆς
1773 281 1900 315 γνώσεως
1919 282 1968 308 καὶ
1984 282 2060 308 εὐσε-

426 325 495 353 tatis
511 329 577 353 sunt
599 325 755 354 inferiores.
780 326 816 353 At
839 326 894 360 ille,
909 334 1024 354 cernens
1043 334 1087 355 me
1105 326 1215 363 illacry-

427 374 560 404 mantem,
576 378 688 398 causam
704 370 826 406 rogabat.
848 369 904 405 Ego
917 375 1007 398 autem
1018 370 1051 398 ad
1067 370 1143 397 illum
1158 378 1166 396 :
1181 370 1216 397 Et

426 416 557 452 quidnam
570 416 692 451 peccavi,
708 416 832 452 inquam,
845 420 875 443 ut
885 416 958 444 hunc
969 424 1122 444 sermonem
1134 415 1214 444 audi-

425 462 504 490 rem?
518 462 671 498 Statimque
683 463 780 490 Petrus
797 471 804 490 :
818 462 847 489 Si
862 462 932 490 male
945 462 1052 490 loeutus
1065 470 1137 495 sum,
1150 470 1212 490 cum

425 509 557 544 proposui
574 508 676 536 servire
689 508 754 542 tibi;
772 513 801 536 tu
821 508 896 544 prior
910 508 1059 544 deliquisti,
1078 508 1124 544 qui
1137 508 1214 544 prior

425 554 454 581 in
470 555 563 582 animo
575 554 697 582 habuisti
712 554 764 582 hoc
776 562 865 591 agere.
878 553 912 581 Et
921 561 971 590 ego
986 555 1113 590 respondi
1130 563 1137 581 :
1152 554 1212 582 Non

424 605 468 628 est
482 600 579 628 similis
592 601 663 628 ratio
675 610 682 628 :
695 600 828 635 siquidem
842 608 886 627 me
897 600 974 628 valde
986 601 1062 628 decet
1073 601 1099 628 id
1110 600 1210 635 facere;

422 651 451 674 te
459 654 524 675 vero
538 647 705 680 nullatenus,
718 647 765 682 qui
777 654 807 675 es
819 647 865 674 Dei
880 655 980 682 praeco,
994 648 1092 683 cuique
1105 647 1211 676 animas

424 693 569 722 hominum
580 700 693 728 pascere
706 693 884 721 commissum
899 698 949 721 est.
967 693 1036 721 Tum
1055 693 1152 722 Petrus
1170 694 1211 722 di-

421 739 464 767 xit
478 748 485 767 :
500 738 633 767 Dominus
649 744 753 773 noster,
767 739 814 774 qui
837 739 870 767 ad
883 740 998 767 salutem
1016 741 1100 768 totius
1115 741 1209 769 mundi

421 785 508 818 venit,
528 785 630 820 quique
653 793 726 813 unus
743 793 826 821 supra
839 790 952 814 cunctos
965 794 1057 814 veram
1077 791 1105 814 et
1122 787 1208 815 solam

421 831 591 859 nobilitatem
623 831 738 865 obtinet,
764 831 866 859 servire
893 839 926 859 ac
949 832 1106 860 ministrare
1129 832 1210 860 susti-

1266 326 1342 358 ϐείας
1356 326 1428 362 λόγῳ
1438 326 1472 360 ⁸⁸,
1489 327 1587 362 ἥττους
1600 326 1680 353 εἰσίν.
1707 326 1736 353 '0
1759 326 1788 353 δὲ
1812 326 1882 360 ἰδών,
1899 335 1933 362 με
1959 327 2057 354 ούνδα-

1265 379 1345 408 κρυν,
1361 371 1524 399 ἐπυνθάνετο
1537 371 1587 407 τὴν
1601 371 1702 398 αἰτίαν.
1717 370 1804 406 Κάγὼ
1818 372 1886 407 πρὸς
1898 371 1991 398 αὐτόν·
2005 373 2060 399 Καὶ

1264 417 1291 444 τί
1307 417 1427 445 τοιοῦτον
1442 418 1573 453 ἥμαρτον,
1590 418 1670 453 φημὶ,
1685 417 1729 444 ἵνα
1744 418 1790 444 καὶ
1802 417 1922 444 τοιοῦτον
1942 417 2058 445 ἀκοῦσαί

1265 471 1299 498 με
1308 463 1331 479 ³³
1344 463 1437 498 λόγον;
1453 464 1508 490 Καὶ
1525 464 1539 489 6
1556 463 1658 500 Πέτρος
1681 463 1769 495 εὐθύς·
1790 463 1822 489 Εἰ
1841 463 1936 495 κακῶς
1958 464 2059 499 εἴρηκα

1263 508 1404 536 δουλεῦσαί
1431 518 1472 536 σοι
1496 509 1676 545 προελόμενος
1684 511 1697 541 ,’
1725 509 1756 535 σὺ
1783 509 1891 545 πρῶτος
1920 510 2056 546 ἥμαρτες,

1265 554 1372 591 πρῶτος
1383 553 1462 580 τοῦτο
1476 554 1524 581 καὶ
1535 554 1646 589 ποιῆσαι
1659 553 1744 590 προθυ
1750 553 1853 589 μηθείς.
1870 553 1957 588 Κάγὼ
1971 553 2055 589 ἔφην·

1264 601 1320 635 Οὺχ
1335 600 1435 636 ὁμοίως
1451 600 1518 636 ἔχει.
1543 600 1619 635 Ἐμοὶ
1635 600 1684 635 μὲν
1703 599 1764 635 γὰρ’
1777 600 1825 626 καὶ
1847 599 1906 626 λίαν
1922 600 2056 635 προσήκει

1262 647 1341 674 τοῦτο
1356 648 1452 673 ποιεῖν·
1475 646 1518 673 σοὶ
1533 646 1562 672 δὲ
1580 646 1715 682 οὐδαμῶς,
1727 646 1774 672 ἆτε
1791 645 1970 681 Θεοῦ¹κήρυκι
1987 646 2054 678 Mt,

1261 693 1308 719 καὶ
1321 692 1410 728 ψυχὰς
1424 691 1575 728 ἀνθρώπων
1590 692 1745 727 ποιμαίνειν
1762 692 1982 728 πεπιστευμένῳ.
2000 693 2056 719 Καὶ

1261 739 1274 764 6
1289 737 1401 772 Πέτρος,
1431 737 1462 764 ⁵0
1471 735 1571 772 Κύριος
1584 736 1674 772 ἡμῶν,
1685 734 1772 769 εἷπεν,
1788 737 1834 762 ἐπὶ
1848 736 1969 772 σωτηρία
1984 745 2054 764 παν-

1259 784 1305 816 τὸς
1319 784 1366 811 τοῦ
1380 783 1483 820 κόσμου
1499 782 1644 820 ἐληλυθὼς,
1657 783 1738 818 μόνος
1751 791 1781 809 τε
1798 783 1869 818 ὑπὲρ
1884 783 1993 815 πάντας
2003 784 2053 820 τὴν

1259 829 1346 866 ἀληθῆ
1374 830 1422 857 καὶ
1452 829 1535 865 μόνην
1562 829 1700 864 εὐγένειαν
1723 828 1804 864 ἔχων,
1829 829 1965 856 δουλεύειν
1991 830 2054 865 ήνέ-

421 878 481 905 nuit
493 877 533 911 ³⁸;
549 881 580 905 ιιι
591 877 699 905 doceret
708 885 768 911 nos,
783 885 818 904 ne
831 877 990 905 indecorum
1003 881 1130 912 putemus
1147 886 1207 906 ser-
1221 877 1243 905 Β
1258 883 1325 910 σχετι

1148 886 1207 906 scr-
1221 877 1243 905 Β
1258 883 1346 910 σχετο,
1363 876 1396 903 ἶν’
1413 876 1487 911 ἡμᾶς
1503 875 1596 910 πείσῃ,
1613 875 1650 911 μὴ
1665 874 1697 901 δι’
1714 875 1845 911 αἰσχύνης
1859 876 2009 908 ποιεῖσθαι,
2022 875 2052 902 τὺ

419 924 485 951 vilia
499 924 652 951 ministeria
665 923 797 958 proximis
804 923 933 951 exhibere
942 944 950 956 ,
967 916 1092 959 quamvis
1102 924 1208 952 nobiles

419 971 518 1002 simus,
533 970 659 1005 quamvis
681 969 830 1004 plurimum
854 977 902 997 eos
921 970 1127 998 antecellamus.
1149 969 1207 1006 Ego

418 1017 513 1052 excepi
526 1024 533 1042 τ
553 1015 581 1043 Si
594 1015 747 1043 existimem
763 1016 834 1051 quod
845 1020 872 1043 te
883 1016 1007 1043 oratione
1023 1016 1075 1044 sim
1095 1024 1208 1052 supera-

418 1067 509 1094 turns,
537 1069 632 1089 amens
653 1060 703 1087 sim
727 1060 808 1095 plane
827 1068 860 1088 ac
881 1060 981 1088 stultus
995 1069 1003 1087 :
1017 1065 1206 1089 verumtamen

417 1108 522 1143 gratias
536 1106 821 1135 divinmProvidentia‘.
835 1106 934 1139 habeo,
949 1110 976 1134 te
987 1106 1048 1135 loco
1062 1112 1205 1142 parentum

416 1152 485 1180 mihi
499 1153 632 1179 donatum
651 1150 746 1178 fuisse.

452 1196 571 1225 LXXVI.
593 1197 663 1224 Tum
672 1196 770 1224 Petrus
784 1205 791 1223 τ
808 1195 920 1229 Verene,
936 1195 1038 1232 inquit,
1051 1197 1144 1224 nullus
1155 1198 1204 1225 tibi

414 1249 540 1279 superest
548 1252 580 1271 ex
595 1243 715 1279 genere?
729 1243 762 1270 Et
775 1250 826 1278 ego
838 1242 967 1278 respondi
980 1251 987 1270 :
1007 1242 1077 1271 Sunt
1094 1244 1204 1279 quidem

413 1290 507 1324 plures
516 1297 548 1316 ac
559 1289 648 1324 magni
661 1288 723 1320 viri,
738 1288 771 1315 ad
786 1287 923 1315 Cazsarem
938 1296 1036 1323 genere
1047 1289 1202 1317 attinentes.

413 1333 482 1361 Nam
490 1333 560 1368 patri
580 1341 653 1367 meo,
667 1338 698 1360 ut
710 1338 771 1368 pote
779 1341 832 1360 una
844 1333 970 1367 educato,
985 1333 1077 1362 Caesar
1091 1342 1202 1362 uxorem

413 1384 556 1415 cognatam
571 1379 663 1415 juuxit
674 1387 682 1406 :
695 1387 729 1406 ex
737 1387 790 1414 qua
807 1383 861 1406 tres
876 1379 953 1406 liberi
965 1380 1019 1407 orti
1030 1381 1204 1414 sumus;duo

413 1425 525 1459 quidem
539 1429 602 1452 ante
619 1432 678 1458 me;
693 1423 740 1459 qui
756 1428 784 1451 et
799 1424 900 1459 gemini
914 1432 977 1452 cum
992 1429 1094 1459 essent,
1109 1426 1204 1453 admo-

413 1469 480 1497 dum
491 1470 564 1497 inter
583 1477 613 1497 se
625 1469 730 1498 similes
741 1473 839 1502 erant,
853 1470 925 1498 sicut
936 1471 1002 1498 mihi
1015 1472 1143 1500 narrabat
1155 1479 1203 1507 pa-

411 1521 454 1544 ter
467 1524 474 1543 :
491 1524 543 1552 ego
559 1516 660 1552 quippe
674 1524 761 1552 neque
771 1516 840 1548 illos,
856 1524 945 1552 neque
955 1517 1112 1552 genitricem
1125 1519 1202 1546 valde

410 1562 486 1594 novi,
501 1561 549 1589 sed
560 1562 639 1597 quasi
653 1569 699 1596 per
714 1562 850 1590 Somnium
867 1562 1013 1590 obscuram
1030 1571 1125 1591 eorum
1144 1563 1201 1592 for-

411 1614 486 1634 mam
502 1607 571 1634 mihi
590 1612 766 1642 repraesento.
783 1608 869 1644 Igitur
892 1614 980 1637 mater
1003 1609 1113 1645 quidem
1139 1618 1200 1639 mea

410 1651 553 1681 Matthidia
569 1653 721 1687 dicebatur,
741 1660 818 1689 pater
832 1659 925 1682 autem
945 1655 1079 1690 Faustus;
1100 1656 1200 1686 Iratres

411 1706 490 1731 vero,
512 1699 583 1726 alter
594 1698 753 1733 Faustinus,
765 1700 835 1727 alter
852 1700 1047 1730 Faustinianus
1061 1703 1200 1730 vocaban-

410 1749 464 1772 tur.
479 1744 549 1772 Cum
571 1745 654 1780 igitur
674 1750 737 1780 post
756 1753 804 1773 eos
819 1746 916 1774 tertius
935 1754 987 1782 ego
1003 1751 1084 1776 natus
1098 1755 1197 1783 essem,

409 1794 508 1822 mater,
525 1790 755 1825 quemadmodum
767 1795 843 1825 pater
853 1790 999 1825 referebat,
1009 1793 1146 1821 somnium
1158 1795 1198 1822 vi-

408 1836 459 1869 dit,
471 1836 545 1871 qnod
561 1836 615 1864 nisi
631 1837 775 1864 confestim
788 1837 937 1873 assumptis
948 1837 1055 1866 duobus
1067 1839 1130 1868 ﬁliis
1140 1841 1198 1868 suis

407 1882 535 1917 geminis,
559 1881 646 1911 Roma
671 1883 833 1911 decennium
855 1884 978 1919 abesset,
1002 1885 1062 1921 ipsa
1078 1893 1141 1914 cum
1163 1887 1198 1915 iis

407 1933 498 1956 morte
511 1928 630 1963 pessima
643 1929 882 1957 essetinteritura.

441 2016 572 2045 LXXVII.
590 2017 671 2045 Pater
687 2017 783 2053 igitur,
796 2018 843 2053 qui
854 2019 1004 2047 liberorum
1016 2027 1113 2049 amans
1125 2027 1194 2056 erat,

405 2070 469 2091 eum
485 2064 573 2091 servis
587 2068 614 2091 et
626 2064 743 2097 ancillis,
758 2072 791 2092 ac
803 2064 866 2092 dato
876 2065 1028 2093 sufﬁciente
1041 2067 1150 2101 viatico,
1167 2068 1194 2095 in

405 2116 504 2135 navem
520 2108 675 2144 impositos,
687 2109 810 2138 Athenas
821 2110 903 2137 etiam
918 2112 1082 2140 erudiendos
1100 2113 1193 2141 misit:

405 2161 450 2181 me
472 2161 537 2182 vero
555 2154 646 2182 solum
665 2154 699 2182 ad
722 2156 938 2184 consolationem
962 2164 1054 2185 secum
1073 2158 1192 2187 retinuit.

1215 1547 1236 1576 C

1257 922 1381 954 δουλικὰς
1395 922 1561 958 προσφέρειν
1575 923 1631 953 τοῖς
1644 920 1755 957 πλησίον
1769 921 1931 957 ὑπηρεσίας,
1946 922 2002 949 κᾶν
2012 923 2053 950 εῦ-

1258 970 1346 1004 γενεῖς
1360 965 1446 1004 ὦμεν,
1463 967 1515 995 κᾶν
1528 967 1653 995 πλεῖστον
1665 968 1754 995 αὐτῶν
1765 968 1948 1003 διαφέρωμεν,
1963 968 2052 1003 Κάγὼ

1257 1015 1339 1050 ἔφην·
1355 1015 1387 1041 Et
1403 1015 1474 1050 λόγῳ
1489 1023 1519 1041 σε
1533 1014 1654 1050 νικήσειν
1670 1014 1772 1049 οῐομαι,
1791 1013 1884 1050 ἄφρων
1904 1014 1964 1050 είμὶ
1979 1014 2051 1041 κατὰ

1256 1060 1287 1087 τὸ
1301 1059 1417 1097 φανερὸν
1432 1060 1480 1087 καὶ
1495 1059 1622 1096 ἀνόητος·
1640 1059 1711 1095 πλὴν
1723 1058 1790 1086 ἀλλὰ
1801 1059 1878 1094 χάριν
1888 1056 1948 1086 οῖδα
1956 1061 1991 1095 τῇ
2002 1059 2050 1086 τοῦ

1256 1106 1323 1134 Θεοῦ
1346 1107 1471 1143 προνοίᾳ,
1487 1107 1529 1134 ὅτι
1550 1115 1604 1143 περ
1622 1107 1663 1139 είς
1681 1107 1783 1142 γονέων
1802 1106 1899 1143 μοῖραν
1920 1107 1995 1143 ἔχειν
2019 1115 2049 1133 σε

1258 1153 1441 1188 κατηξίωμαι.

1292 1197 1408 1225 LXXVI.
1426 1198 1504 1225 Καὶό
1517 1198 1632 1235 Πέτρος,
1643 1198 1738 1230 Οὐδεὶς
1753 1198 1782 1225 δέ
1799 1207 1840 1225 σοι
1855 1198 1972 1234 ἀληθῶς,
1984 1198 2047 1234 ἔφη,

1255 1245 1324 1280 πρὸς
1338 1245 1435 1280 γένους
1446 1244 1563 1280 ὑπάρχει
1573 1253 1580 1278 ;
1592 1244 1678 1279 Κάγὼ
1694 1245 1893 1281 ἀπεκρινάμην·
1914 1245 1976 1272 Εἰσὶ
1994 1246 2047 1281 μὴν

1255 1291 1346 1318 πολλοὶ
1375 1290 1423 1318 καὶ
1447 1290 1559 1326 μεγάλοι
1581 1290 1687 1327 ἄνδρες,
1714 1291 1834 1327 Καίσαρι
1860 1292 2047 1327 προσήκοντες

1255 1337 1326 1364 κατὰ
1336 1336 1424 1372 γένος.
1443 1336 1523 1363 Ὅθεν
1536 1336 1576 1373 τῷ
1590 1336 1649 1372 ἐμῷ
1663 1337 1747 1373 πατρὶ
1761 1337 1799 1369 ὡς
1812 1337 1860 1364 καὶ
1871 1338 2012 1373 συντρόφῳ
2023 1338 2046 1353 ⁸⁵

1254 1384 1362 1420 Καῖσαρ
1375 1385 1492 1419 γυναῖκα
1507 1386 1623 1421 συγγενῆ
1640 1385 1843 1422 συνηρμόσατο·
1863 1386 1908 1420 ἀφ’
1923 1384 1958 1422 ἧς
1971 1387 2046 1422 τρεῖς

1254 1430 1401 1466 ἐγενόμεθα
1425 1431 1492 1457 υίοί·
1514 1431 1561 1458 δύο
1587 1431 1637 1466 μὲν
1659 1431 1712 1467 πρὸ
1726 1431 1804 1467 ἐμοῦ,
1827 1432 1852 1459 οἳ
1871 1432 1918 1459 καὶ
1939 1432 2046 1468 δίδυμοι

1253 1475 1338 1508 ὅντες,
1353 1476 1451 1512 κομιδῇ
1467 1477 1554 1512 ὅμοιοι
1570 1477 1695 1513 ἀλλήλοις
1712 1477 1869 1513 ἐτύγχανον,
1886 1478 1925 1510 ὡς
1949 1479 1963 1505 6
1992 1487 2045 1505 πα-

1252 1522 1305 1557 τὴρ
1316 1522 1438 1558 ἐξηγεῖτό
1454 1531 1508 1558 μοι.
1530 1522 1600 1558 Ἐγὼ
1613 1523 1667 1559 γὰρ
1674 1523 1734 1549 οὕτε
1744 1523 1852 1556 αὐτοὺς,
1861 1523 1922 1550 οὕτε
1937 1524 1988 1560 τὴν
1998 1533 2045 1550 τε-

1252 1568 1353 1596 κοῦσαν
1377 1568 1448 1596 πάνυ
1474 1569 1633 1605 ἐπίσταμαι·
1663 1569 1720 1596 ἀλλ’
1747 1569 1842 1606 ὥσπερ
1866 1570 1900 1597 δι’
1929 1570 2045 1607 ὀνείρων

1251 1614 1371 1650 ἀμυδρὸν
1399 1613 1490 1642 αὐτῶν
1516 1614 1564 1641 καὶ
1585 1614 1617 1641 τὺ
1631 1612 1700 1646 εἶδος
1718 1615 1856 1650 ἀναφέρω.
1879 1615 1911 1642 Ἠ
1929 1616 1980 1651 μὲν
1995 1614 2044 1643 οὖν

1251 1661 1343 1696 μήτηρ
1360 1669 1411 1696 μου
1425 1660 1562 1688 Ματθιδία
1574 1660 1697 1695 ἐλέγετο·
1713 1662 1727 1688 6
1742 1662 1770 1688 δὲ
1784 1662 1885 1698 πατὴρ,
1902 1662 2042 1694 Φαῦστος·

1249 1705 1274 1732 οἱ
1297 1705 1421 1741 ἀδελφοὶ,
1447 1707 1462 1733 6
1487 1706 1537 1742 μὲν
1562 1707 1726 1739 Φαυσττνος,
1753 1708 1768 1734 6
1790 1707 1819 1734 δὲ
1846 1709 2045 1740 Φαυστινίανὺς

1248 1751 1381 1778 ἐκαλεῖτο.
1410 1751 1492 1788 Ἑρ.σῦ
1514 1750 1560 1779 οὖν
1582 1753 1673 1788 τρίτου
1691 1753 1913 1789 ὲπιγεννηθέντος
1936 1755 2042 1787 αὐτοῖς,

1248 1797 1265 1832 ἡ
1295 1797 1386 1833 μήτηρ
1412 1797 1516 1833 ὄνειρον
1544 1798 1672 1833 ἑωράκει,
1695 1799 1734 1831 ὡς
1751 1800 1766 1826 6
1786 1800 1877 1835 πατὴρ
1897 1801 2042 1834 ὑφηγεῖτο,

1247 1843 1289 1870 ὅτι
1313 1843 1361 1869 ἐὰν
1389 1843 1426 1879 μὴ
1453 1843 1518 1875 τοὺς
1539 1843 1665 1879 διδύμους
1694 1845 1778 1880 αὐτῆς
1812 1846 1887 1877 υἱοὺς
1923 1846 2043 1882 ἐξαυτῆς

1247 1888 1460 1925 παραλαϐοῦσα,
1486 1889 1538 1925 τῆς
1565 1890 1707 1926 Ῥωμαίων
1741 1891 1905 1928 ἁποδημήσῃ
1935 1892 2042 1925 πόλεως

1247 1933 1293 1960 ἐπὶ
1316 1933 1364 1970 ἐτη
1388 1933 1464 1966 δέκα,
1491 1933 1660 1971 πανολεθρίῳ
1681 1936 1729 1962 σὺν
1745 1936 1836 1969 αὐτοῖς
1859 1937 2041 1965 ἀποθανεῖται

1248 1980 1367 2015 θανάτῳ.

1282 2025 1410 2053 LXXVII.
1436 2026 1466 2053 '0
1482 2026 1531 2062 μὲν
1541 2025 1588 2054 οὖν
1602 2028 1693 2064 πατὴρ
1707 2028 1863 2063 φιλότεκνος
1878 2029 1927 2061 ὢν,
1946 2030 1997 2057 σύν
2009 2040 2038 2057 τε

1245 2072 1346 2104 δούλοις
1362 2071 1410 2099 καὶ
1423 2071 1529 2104 δούλαις
1541 2073 1684 2107 ἐφοδιάσας
1699 2075 1809 2107 ἱκανῶς,
1824 2075 1872 2102 καὶ
1887 2076 1928 2107 είς
1944 2076 2038 2104 πλοῖον

1246 2119 1397 2155 ἐνθέμενος,
1420 2119 1460 2151 είς
1481 2119 1531 2151 τὰς
1555 2119 1669 2156 Ἀθήνας
1690 2120 1748 2156 ἅμα
1771 2121 2038 2158 παιδευθησομένους

1245 2163 1414 2199 ἐξέπεμψεν·
1432 2163 1482 2200 ἐμὲ
1502 2163 1532 2190 δὲ
1552 2164 1631 2200 μόνον
1645 2165 1685 2197 είς
1701 2166 1877 2201 παραμυθίαν
1888 2166 1952 2202 ἔσχε
1969 2169 2037 2205 παρ’
2080 2204 2081 2207 η

404 2199 495 2234 Atque
514 2207 575 2227 eam
601 2200 636 2228 ob
657 2208 714 2228 rem
733 2201 856 2237 ingentes
869 2202 970 2237 gratias
983 2210 1043 2238 ago,
1064 2205 1136 2239 quod
1151 2213 1195 2233 tne
1211 2225 1232 2251 υ
1245 2209 1308 2237 tau:

1172 2213 1195 2233 Ie
1211 2225 1232 2251 υ
1245 2209 1344 2245 ἐαυτῷ.
1361 2210 1415 2237 Kal
1429 2211 1474 2237 ἐπὶ
1489 2199 1576 2247 τούτῳ
1591 2199 1748 2248 εὐχαριστῶ.
1759 2199 1854 2246 πολλὰ,
1874 2199 2037 2250 assidite-6
2072 2214 2076 2228 ‘

405 2252 515 2280 quoque
525 2246 664 2274 somnium
676 2255 730 2274 non
740 2247 854 2282 jusserit
866 2256 920 2276 una
934 2256 996 2276 cum
1012 2254 1108 2283 matre,
1126 2251 1194 2280 urbe

405 2289 494 2319 Roma
507 2291 649 2320 excedere.
661 2292 756 2328 Itaque
765 2300 798 2321 eo
809 2301 881 2321 anno
889 2299 1037 2330 transacto,
1050 2300 1126 2331 pater
1135 2297 1192 2326 suis

404 2337 527 2366 Athenas
541 2338 618 2367 misit
626 2340 781 2374 pecuniam,
803 2341 884 2368 simul
897 2349 1063 2377 cognoscere
1075 2345 1193 2379 gestiens

404 2389 460 2420 quo
474 2383 557 2412 modo
571 2384 654 2412 vitam
667 2389 789 2421 agerent.
803 2385 854 2420 Qui
872 2392 962 2415 autem
977 2388 1112 2422 abierant.
1136 2399 1190 2419 non

403 2429 553 2458 redierunt:
566 2429 659 2458 Tertio
671 2439 769 2460 rursus
783 2439 857 2460 anno
867 2437 945 2467 pater
957 2435 1056 2464 anxius
1066 2436 1134 2465 alios
1145 2438 1190 2466 ab-

403 2475 505 2511 legavit
518 2475 715 2504 similitercum
730 2476 812 2505 rebus
830 2477 864 2511 ad
882 2478 982 2506 victum
1003 2483 1188 2510 necessariis:

403 2522 450 2557 qui
468 2527 566 2557 quarto
576 2529 650 2550 anno
658 2522 774 2551 redeunt
787 2531 819 2551 ac
829 2523 957 2552 nuntiant
968 2533 998 2554 se
1013 2534 1063 2555 nee
1075 2533 1190 2556 matrem

402 2576 503 2603 meam,
527 2577 578 2598 nec
603 2569 702 2598 fratres
721 2579 836 2606 usquam
858 2572 969 2607 vidisse,
997 2581 1086 2609 neque
1109 2575 1191 2603 ullius

401 2623 498 2644 eorum
512 2617 635 2652 quicum
652 2617 687 2645 iis
702 2617 886 2647 discesserant
897 2619 941 2647 vel
952 2619 1096 2656 vestigium
1111 2629 1190 2656 repe-

402 2669 484 2690 “58¢.

437 2706 580 2737 LXXVIII.
599 2708 662 2738 Haec
676 2717 741 2746 ergo
755 2710 869 2753 audiens
882 2714 970 2746 pater,
983 2716 1010 2739 et
1026 2719 1083 2747 pra:
1099 2712 1185 2741 multo

1246 2255 1350 2292 ὁνειρος
1366 2256 1403 2292 μὴ
1422 2257 1579 2284 κεκελεϋκει
1594 2257 1653 2293 ἄμα
1667 2259 1700 2294 τῇ
1718 2258 1802 2294 μητρὶ
1817 2259 1867 2295 τὴν
1889 2259 2036 2296 Ῥωμαίων

1239 2301 1359 2338 ἐκϐῆναι
1387 2302 1473 2330 πόλιν.
1490 2303 1543 2330 Τοῦ
1567 2303 1690 2330 ἐνιαυτοῦ
1712 2304 1801 2331 τοίνυν
1826 2305 1931 2332 ἐκείνου
1953 2315 2035 2343 περι-

1239 2343 1375 2378 ελθόντος,
1391 2346 1405 2372 6
1420 2346 1512 2382 πατὴρ
1527 2346 1648 2382 ἔπεμψεν
1658 2348 1697 2380 εἰς
1713 2348 1826 2385 Ἀθήνας
1839 2351 1967 2386 χρήματα
1978 2353 2035 2384 τοῖς

1244 2390 1351 2422 ἑαυτοῦ,
1365 2391 1460 2426 μαθεῖν
1476 2391 1534 2428 ἃμα
1553 2392 1712 2429 γλιχόμενος
1731 2393 1790 2426 πῶς
1811 2394 1865 2431 ἄρα
1880 2395 2032 2431 διάγουσιν.

1242 2437 1273 2464 οἱ
1290 2437 1319 2464 δὲ
1337 2437 1509 2471 ἀπελθόντες,
1532 2439 1582 2466 οὐκ
1600 2440 1760 2476 ἐπανῆλθον.
1785 2442 1876 2478 Τρίτῳ
1897 2443 1927 2470 δὲ
1950 2445 2033 2472 πάλιν

1242 2483 1358 2519 ἐνιαυτῷ
1377 2485 1393 2511 6
1417 2484 1508 2521 πατὴρ
1527 2484 1650 2521 ἀθυμῶν,
1671 2486 1779 2523 ἐτέρους
1795 2487 1916 2524 ἐπεμψεν
1930 2490 2032 2525 ὁμοίως

1244 2529 1293 2556 σὺν
1310 2530 1424 2565 ἐφοδίοις
1435 2539 1441 2546 ·
1464 2531 1490 2557 οῖ
1502 2539 1575 2563 τινες
1587 2531 1709 2568 τετάρτῳ
1723 2533 1837 2569 ἐνιαυτῷ
1857 2531 1925 2570 ἧκον
1941 2535 2032 2570 ἀπαγ-

1242 2576 1392 2610 γέλλοντες,
1410 2578 1477 2613 μήτε
1497 2586 1547 2613 μου
1566 2578 1615 2614 τὴν
1632 2579 1774 2612 τεκοῦσαν,
1791 2580 1807 2615 ἢ
1821 2581 1885 2612 τοὺς
1898 2581 2031 2617 ἀδελφοὺς

1241 2622 1310 2654 ὅλως
1325 2623 1476 2658 ἑωρακέναι
1492 2623 1525 2656 ⁸⁸,
1539 2624 1606 2660 μηδὲ
1626 2624 1706 2652 ἄλλου
1724 2625 1796 2657 τινὸς
1807 2625 1862 2653 τῶν
1876 2626 1926 2654 σὺν
1938 2628 2030 2659 αὐτοῖς

1241 2667 1447 2703 ἀπεληλυθότων
1457 2669 1511 2697 κᾶν
1519 2669 1591 2705 ῐχνος
1602 2671 1756 2706 εὑρηκέναι.

1274 2713 1414 2742 LXXVIII.
1441 2715 1469 2742 '0
1486 2715 1536 2751 μὲν
1549 2713 1596 2743 οὖν
1611 2717 1713 2753 πατὴρ,
1729 2717 1815 2745 ταῦτα
1826 2718 1956 2752 ἀκούσας,
1980 2719 2028 2747 καὶ

1048 2781 1165 2810 VARI/IS
1185 2783 1388 2813 LECTIONES.

437 2823 460 2840 ἰ
480 2824 515 2867 all.
534 2825 599 2852 τῶν.
614 2862 625 2867 _
736 2827 830 2867 λόγιον.
851 2828 893 2867 _'_'
913 2828 950 2855 al.
966 2829 1126 2867 γᾲκούσαιμι.
1161 2831 1202 2848 ’³⁸
1216 2832 1310 2861 Matth.
1331 2842 1377 2867 xx,
1398 2834 1444 2862 28.

403 2866 472 2895 μήτε
483 2860 535 2895 μὴν
544 2862 639 2893 αυταϊς
659 2860 785 2898 Ἀθήναις
801 2863 1038 2900 ἐπιδεδημηκέναι.

1499 2835 1521 2852 ³⁵
1541 2836 1575 2863 al.
1598 2835 1680 2864 inser.
1707 2836 1802 2863 αὑτοῦ.
1855 2836 1879 2852 ³⁸
1889 2837 2015 2873 al._inser
