2290 3110
209 171 251 200 525

209 232 248 258 ὑπὸ
254 231 340 266 πολλῆς
353 231 443 268 λύπης
455 232 589 268 ἔκθαμῦος
602 234 756 270 γενόμενος,
768 234 815 261 καὶ
824 235 874 261 οὐκ
887 234 965 264 είδὼς
979 237 1001 265 Α

208 278 246 304 τοῦ
259 279 369 314 ὁρμήσας
380 279 454 307 κατὰ
464 280 576 316 ζήτησιν
589 281 700 308 ἐκείνων
718 281 831 314 ἐξέλθοι,
844 281 894 317 ἐμὲ
910 290 962 308 πα-

209 323 318 358 ραλασὼν,
339 324 385 350 καὶ
412 325 453 356 είς
479 325 577 361 πόρτον
599 326 620 342 ³⁷
641 326 772 359 καταϐὰς,
800 326 965 362 πυκνότερον

208 368 352 402 ἐπυνθάνετο,
366 364 418 396 ποῦ
430 379 472 402 τις
485 370 533 397 ἴδοι
543 371 560 406 ἢ
575 371 716 398 ἀκούσειεν
731 372 806 404 ἐντὸς
824 371 964 407 τεσσάρων

207 415 312 441 ἐνιαυτῶν
321 416 479 452 ἀπαντῆσαν
490 417 628 451 ναυάγιον.
639 418 694 445 Καὶ
705 418 783 450 ἄλλος
792 418 893 454 ἀλλαχῆ
905 419 964 445 ἕλε-

208 468 250 494 γεν.
266 460 290 487 '0
302 460 327 487 δὲ
338 461 418 488 πάλιν
437 463 661 496 ἀπεπυνθάνετο,
680 465 705 492 εἰ
727 464 864 500 ἑωράκασι
884 464 965 499 σῶμα

207 506 309 540 γυναικὸς
319 507 385 542 μετὰ
398 507 506 544 βρεφῶν
519 509 737 545 ἐκϐεϐρασμένον
748 512 782 546 τῇ
796 512 842 546 γῇ.
856 510 965 537 Πολλῶν

207 550 241 578 οὖν
252 553 326 580 πολλὰ
336 553 467 588 λεγόντων
476 555 627 591 ἑωρακέναι
640 555 774 591 πτώματα
787 556 858 583 κατὰ
870 557 964 591 διαφό-

207 607 255 634 ρους
269 600 380 634 καιροὺς,
396 601 411 626 ὁ
428 601 519 637 πατὴρ
539 601 645 628 ἁκούων
665 601 801 634 ἐστέναξε.
821 602 893 638 Πλὴν
913 602 965 629 ὑπὸ

206 644 247 670 τῶν
257 644 404 680 σπλάγχνων
419 648 594 683 νενικημένος
601 648 634 679 ³⁸,
647 647 779 681 ἀλόγιστα
789 648 963 679 ἐπυνθάνετο.

206 691 307 717 τοσοῦτον
321 692 455 727 θαλάσσης
467 692 545 727 βυθὸν
561 692 729 728 πειρώμενος
746 694 858 730 ἐρευνᾷν
868 703 874 710 ·
891 696 964 730 ὅμως

207 737 349 770 σνγγνωστὺς
364 736 408 773 ἦν,
427 739 468 765 ὅτι
487 738 532 765 διὰ
555 739 604 774 τὴν
618 739 686 774 πρὸς
703 739 766 771 τοὺς
783 740 964 776 ζητουμένους

207 782 308 817 στοργήν,
317 782 420 809 ἐλπίσιν
430 782 597 809 ὲὸουκολείτο
611 785 711 815 κεναῖς.
727 785 782 812 Καὶ
793 785 825 821 δή
836 794 901 812 ποτε
912 785 965 813 ὑπὸ

206 829 349 862 φροντισταῖς
368 827 525 855 καταλιπών
538 837 571 864 με
581 830 627 856 καὶ
636 829 804 865 ἐπιτρόποις,
815 831 965 858 δωδέκατον

205 871 242 905 ήδη
262 872 379 906 γεγονότα
398 873 474 905 ἔτος,
489 874 570 906 αὐτὸς
593 874 718 910 δακρύων
736 876 775 907 είς
790 875 888 912 πόρτον
898 885 965 903 κατ-

206 915 264 949 ῆλθε·
280 917 322 944 καὶ
341 919 380 949 εἰς
403 919 494 947 πλοῖον
509 919 604 955 ἐμϐὰς,
618 921 658 952 είς
669 921 831 957 ἐπιζήτησιν
851 921 963 950 ἐκείνων
978 914 1000 945 Β

206 961 322 991 ἐξέπλευσε
332 971 339 978 ⁸
360 964 406 991 καὶ
425 964 454 998 ἐξ
466 965 569 992 ἐκείνου
585 966 665 1002 μέχρι
679 966 727 994 καὶ
741 967 788 994 νῦν
797 967 858 994 οὕτε
873 968 962 1004 γράμ-

207 1012 261 1038 ματα
274 1009 331 1042 παρ’
341 1009 422 1035 αὑτοῦ
436 1009 581 1046 ἐδεξάμην,
600 1010 661 1037 οὗτε
679 1012 701 1028 ³³
722 1013 753 1038 ὲν
776 1012 859 1044 ζῶσιν
879 1013 962 1041 αὐτὸν

206 1047 257 1096 sim
272 1051 285 1086 ἢ
303 1052 459 1090 τεθνηκόσιν
476 1055 543 1088 ὅλως
565 1057 725 1093 ἐπίσταμαι.
755 1058 839 1095 Ῥοπὴ
859 1059 888 1086 δέ
916 1069 961 1096 μοι

299 1098 361 1133 πρὸς
380 1099 460 1127 τοῦτο
475 1101 526 1137 τῆς
543 1102 671 1135 διανοίας,
684 1104 725 1130 ὅτι
736 1094 930 1143 τέθνηκέδπου,
943 1107 960 1142 ἢ

205 1140 243 1166 ὑπὸ
255 1141 331 1178 λύπης
347 1144 436 1180 ἥττων
451 1146 634 1184 γενόμενος,ἢ
647 1149 770 1184 ναυαγίῳ
785 1140 959 1186 περιπεσώνί

204 1185 275 1232 τούτου
288 1188 313 1214 δὲ
325 1191 466 1227 τεκμηρίῳ
477 1192 596 1228 χρῶμαι,
618 1193 658 1220 ὅτι
677 1194 706 1228 ὲξ
726 1195 830 1222 ἐκείνου
842 1196 893 1232 ἠδη
904 1196 961 1223 λοιο

204 1230 241 1256 τὸν
252 1233 359 1260 εἰκοστὸν
369 1234 428 1267 ἔτος
448 1236 532 1268 ἐστὶν,
550 1237 597 1272 ἀφ’
611 1234 641 1264 οὗ
657 1237 727 1272 ῐχνος
742 1238 817 1265 οὐδὲν
833 1230 961 1275 ἀληθείας

204 1276 249 1310 ἐμοὶ
260 1279 315 1314 περὶ
333 1280 413 1307 αὐτοῦ
427 1281 569 1317 ἧκουσται.

229 1331 329 1361 LXXIX.
344 1336 434 1363 Ταῦτα
451 1337 557 1365 ἀκούων
571 1339 586 1365 ὸ
595 1339 697 1375 Πέτρος
707 1360 714 1372 ,
726 1339 779 1367 ὑπὸ
790 1340 961 1376 συμπαθείας

203 1376 292 1413 ὲὸάχρυε
313 1381 358 1407 καὶ
372 1382 475 1415 εὐθέως
489 1385 546 1416 τοῖς
562 1384 670 1412 συνοῦσι
686 1386 807 1422 γνησίοις
826 1386 912 1414 εἶπεν·
927 1387 963 1414 EI

203 1432 233 1455 τις
251 1425 369 1454 πέπονθεν
389 1429 506 1465 εὐσεϐὴς
529 1431 599 1467 ἀνὴρ
626 1429 670 1458 οἷα
697 1433 712 1459 ὀ
734 1432 830 1459 τούτου
857 1433 958 1469 πατὴρ,

203 1469 280 1502 εὐθέως
296 1472 327 1499 ἂν
339 1473 377 1508 τῷ
388 1474 440 1510 τῆς
456 1475 608 1508 θεοσεϐείας
622 1476 692 1513 λόγῳ
701 1498 708 1510 ,
726 1478 764 1514 τῷ
776 1480 887 1515 πονηρῷ
896 1480 960 1508 ἐπέ-

203 1522 271 1561 ipso;
281 1517 326 1553 τὴν
338 1519 436 1547 αἰτίαν.
456 1521 535 1548 οὕτω
552 1522 599 1549 καὶ
611 1525 668 1555 τοῖς
677 1524 860 1561 ταλαιπώροις
870 1526 960 1553 ἔθνεσι

203 1560 318 1612 fumabat
335 1564 467 1612 πάσχειν,
481 1566 527 1592 καὶ
543 1566 727 1603 ὰγνοοῦμενόί
744 1560 886 1603 θεοσεὸεϊς.
907 1572 960 1599 Τα-
973 1584 993 1612 c

203 1604 360 1640 λαιπώρουςδὲ
372 1610 470 1642 αὐτοὺς
481 1611 598 1645 εὐλόγως
608 1613 716 1648 εἴρηκα,
734 1614 774 1642 ὅτι
786 1616 833 1643 καὶ
845 1617 960 1645 ἐνταῦθα

203 1649 337 1697 πλανῶνται,
353 1655 400 1681 καὶ
418 1655 469 1691 τῆς
490 1656 593 1684 ἐκεῖθεν
609 1658 713 1692 ὲλπίδος
731 1661 957 1697 ἀποτυγχάνουσιν

203 1695 243 1741 τοῖς
252 1696 298 1733 γὰρ
312 1698 339 1725 ὲν
352 1699 491 1737 θεοσεϐείᾳ
506 1702 540 1729 τὰ
551 1703 662 1740 λυπηρὰ
679 1695 959 1741 πάσχουσιιέίέκτισις

203 1740 255 1768 αὐτὰ
263 1743 357 1778 γίνεται
369 1746 424 1774 τῶν
437 1751 677 1785 παραπτωμάτων.

229 1826 318 1858 LXXX.
340 1832 432 1866 Οὕτως
455 1835 577 1868 είπόντος
591 1836 638 1863 τοῦ
659 1838 762 1874 Πέτρου
772 1859 780 1871 ,
798 1838 838 1872 εἷς
848 1850 890 1873 τις
905 1841 958 1869 τῶν

203 1871 286 1920 tum
301 1876 435 1914 τολμήσας
453 1880 513 1907 ἀντὶ
533 1882 641 1909 πάντων
660 1871 844 1920 παρεκάλεσεν
865 1871 957 1920 αὑτὸν,

203 1917 278 1967 αξριον
296 1921 478 1961 ὁρθριαίτερον
504 1926 544 1958 είς
565 1927 680 1963 ’Ἄραδον
700 1917 723 1945 ίο
746 1931 795 1967 τὴν
815 1917 958 1959 κατέναντι

203 1966 264 2010 ἧψαν
273 1966 421 2002 ἐκπλεῦσαι,
435 1972 583 2006 τριάκοντα
590 1971 666 2009 οἶμαι
678 1975 739 2003 οὐδὲ
751 1976 826 2009 ὃλους
837 1978 958 2010 σταδίους

203 2009 337 2058 ἀπέχουσαν,
357 2016 401 2043 ὲπὶ
418 2017 523 2054 ἱστορίᾳ.
542 2018 595 2045 τῶν
617 2020 706 2048 ἐκεῖσε
732 2022 886 2058 ἁμπελίνων
911 2009 958 2051 δύο

203 2055 282 2105 filum
297 2060 407 2095 μέγιστα
424 2063 498 2099 πάχη
516 2065 658 2100 φερόντων.
688 2066 716 2093 Ὁ
737 2055 802 2101 γοῦν
822 2069 957 2105 πειθήνιος

203 2095 283 2136 Πέτρος
300 2104 451 2142 ἐπένευσεν,
470 2107 556 2141 οὕτως
572 2109 671 2137 εἰπών·
696 2111 779 2139 Ἑπὰν
796 2113 843 2140 τοῦ
864 2095 956 2141 πλοίου

203 2143 295 2195 ξκδῇτε,
310 2149 344 2186 μὴ
361 2152 418 2187 ἃμα
438 2153 538 2186 πάντες
554 2155 712 2192 εἰσέρχησθε
725 2158 766 2189 είς
776 2158 827 2194 τὴν
842 2158 958 2195 θεωρίαν

203 2186 229 2240 FW
236 2191 380 2240 ἐπιθυμεῖτε
390 2206 396 2212 ·
417 2199 449 2225 οὐ
465 2198 518 2235 γὰρ
538 2186 666 2237 βούλομαι
680 2186 815 2238 ὑμᾶς-τὰς
833 2205 886 2232 τῶν
896 2186 956 2233 Ino;

203 2235 262 2284 λξτῷν
284 2238 353 2274 ὄψεις
372 2243 440 2279 πρὸς
460 2245 572 2278 ἑαυτοὺς
598 2235 780 2284 ἐπιστρέφειν.
806 2235 864 2278 Καὶ
885 2252 956 2280 οὕτω
971 2251 994 2278 Ῑ)

203 2279 353 2333 ἳειξσαπες,
371 2291 435 2324 μιᾶς
454 2290 528 2326 ὥρας
549 2279 724 2330 κατήχθημεν
744 2296 784 2328 είς
798 2297 848 2332 τὴν
863 2279 954 2333 νῆσον.

211 2323 324 2378 Εκῦἁντες
391 2334 440 2361 τοῦ
459 2323 578 2371 σκάφους
593 2323 731 2375 είὲῄέίμεν
744 2323 809 2368 ἔνθα
824 2323 849 2368 οἱ

203 2367 250 2418 imi
264 2374 346 2420 στῦλοι
361 2375 446 2414 ἦσαν’
463 2367 538 2415 ὀμίῐές
553 2367 601 2408 καὶ
702 2384 755 2412 τῶν

203 2417 234 2446 *ὃς
248 2417 288 2451 μὲν
301 2419 360 2447 ἄλλο
374 2431 400 2449 τι
417 2423 472 2450 τῶν
488 2425 589 2452 Φειδίου
601 2417 689 2463 ἔργων
703 2428 823 2465 ἐθεώρει.

227 2473 325 2528 IuliXm
341 2480 442 2517 Πέτρος
458 2483 487 2510 δὲ
505 2485 583 2520 μόνος
604 2487 654 2514 οὐκ
670 2488 817 2523 ἀναγκαῖον
832 2493 953 2528 ἡγήσατο

246 2523 417 2569 τὴνλῐστορίαν
431 2529 485 2557 τῶν
504 2518 563 2558 ἐκεῖ
578 2534 714 2567 γενέσθαι·
728 2518 848 2569 γυναικὶ.

203 2562 240 2618 sit"
260 2567 305 2618 πρδ
323 2571 373 2618 τῷν
391 2572 482 2610 θυρῶν
496 2562 673 2614 καθεζομένῃ,
693 2562 742 2606 καί

203 2613 337 2657 μεταιτούσῃ
349 2617 386 2650 δ’,
403 2619 531 2654 προσχὼν
548 2621 600 2657 ἔφη
610 2630 617 2637 ·
637 2613 728 2656 Γιόναι,
749 2613 780 2651 τί.
913 2613 954 2654 οι·-

203 2654 382 2707 ξιξίωνλξλλείπει
398 2665 503 2699 μελῶν,
525 2654 806 2707 ὃτι-τοσαύτην-’ύὸριν
828 2672 953 2706 ἀνεδέξω,

203 2697 255 2732 λέγω
266 2702 294 2739 δὴ
308 2706 335 2732 τὸ
347 2697 510 2743 προσαιτεῖν,
525 2712 571 2738 καὶ
587 2713 625 2749 μὴ
644 2697 742 2749 μᾶλλον
758 2697 819 2747 irai;

569 170 796 200 CLEMENTINA.
816 187 850 193 --
866 169 1015 200 EPITOME
1034 169 1078 197 DE
1096 169 1218 198 GESTIS
1237 168 1266 197 S.
1286 168 1398 196 PETRI.

1750 167 1801 195 526

1015 231 1109 259 dolore
1125 230 1340 265 obstupefactus,
1358 229 1537 264 nesciensque
1547 237 1603 264 quo
1615 236 1710 257 eorum
1725 237 1801 265 ουτος
1815 245 1818 248 ~

1013 277 1160 304 rendorum
1173 284 1256 304 causa
1271 276 1402 308 tenderet,
1418 279 1559 310 assumpto
1573 283 1627 306 me.
1648 283 1680 302 ac
1696 276 1722 303 in
1735 283 1799 311 por-

1013 327 1070 350 tum
1098 323 1284 356 descendens,
1312 322 1482 356 frequentius
1512 321 1721 356 sciscitabatur,
1751 321 1799 349 ubi

1013 368 1150 403 quispiam
1162 369 1275 396 vidisset
1287 368 1329 395 vel
1344 367 1477 394 audiisset
1490 367 1561 394 intra
1578 372 1696 402 quatuor
1713 375 1800 395 annos

1013 413 1187 449 naufragium
1202 414 1359 449 contigisse.
1371 413 1459 448 Atque
1472 413 1540 440 varii
1556 414 1632 440 vario
1644 413 1670 440 in
1680 413 1739 441 loco
1752 421 1800 440 ac-

1013 459 1114 487 cidisse
1125 459 1289 487 referebant.
1305 459 1351 486 llle
1369 463 1460 486 autem
1480 459 1578 486 iterum
1594 459 1716 495 rogabat,
1734 468 1799 486 num

1012 505 1147 533 vidissent
1163 513 1263 541 corpus
1284 506 1408 533 mulieris
1427 513 1489 533 cum
1508 505 1602 540 pueris
1617 506 1644 533 in
1663 511 1766 534 terram
1783 514 1799 534 a

1014 551 1083 578 mari
1096 551 1222 586 ejectum.
1235 552 1358 586 Cumque
1371 551 1448 578 multi
1461 559 1490 579 se
1504 552 1588 579 multa
1602 552 1719 581 diversis
1731 557 1800 580 tem—

1013 597 1128 631 poribus
1143 597 1273 625 cadavera
1288 602 1426 633 spectasse
1440 598 1571 631 dicerent,
1588 603 1664 634 pater
1685 599 1799 628 audiens

1014 642 1218 678 ingemiscebat.
1235 643 1336 671 Verum
1347 643 1463 671 naturali
1472 643 1568 672 atl'ectu
1579 645 1712 679 devictus,
1727 654 1798 681 pra:-

1014 694 1056 717 ter
1069 691 1201 718 rationem
1214 690 1433 725 percontabatur,
1451 691 1498 726 qui
1518 695 1622 718 tantum
1637 692 1720 719 maris
1735 700 1799 727 pro—

1014 735 1129 763 fundum
1154 736 1271 763 scrutari
1295 741 1443 764 conaretur
1466 745 1473 763 :
1494 740 1583 764 tamen
1602 738 1679 764 venia
1699 737 1797 772 dignus

1014 786 1083 814 erat,
1097 781 1170 817 quod
1182 781 1315 809 charitate
1332 789 1425 809 eorum
1445 789 1515 817 quos
1533 783 1680 817 quaerebat,
1697 784 1798 818 spebus

1015 826 1164 854 laetabatur
1180 827 1316 854 inanibus.
1339 827 1459 862 Denique
1481 835 1524 855 me
1542 829 1594 856 sub
1621 830 1758 864 magistris
1771 834 1799 857 et

1014 873 1236 907 procuratoribus
1250 873 1414 908 relinquens,
1427 874 1483 908 jam
1497 874 1640 902 duodecim
1651 883 1738 903 annos
1750 884 1799 903 na-

1015 922 1087 947 tum.
1113 918 1171 953 ipse
1195 919 1222 945 in
1252 924 1363 954 portum
1392 918 1460 947 ﬂens
1490 920 1648 953 descendit;
1681 922 1797 957 navique

1012 970 1175 996 conscensa,
1201 963 1234 990 ad
1264 964 1373 991 illorum
1403 964 1608 1000 inquisitionem
1620 967 1795 1002 enavigavit:

1012 1013 1094 1043 atque
1107 1016 1139 1036 ex
1151 1017 1184 1036 eo
1203 1013 1325 1045 tempore
1337 1018 1423 1045 usque
1437 1011 1526 1038 adhuc
1535 1019 1585 1039 nec
1601 1012 1704 1040 litteras
1716 1013 1751 1040 ab
1762 1021 1796 1041 eo

1011 1054 1113 1090 accepi,
1125 1063 1175 1084 nec
1187 1055 1257 1083 inter
1270 1056 1359 1088 vivos,
1371 1064 1405 1083 an
1417 1057 1486 1085 inter
1500 1062 1624 1086 mortuos
1634 1060 1670 1086 sit
1683 1067 1796 1094 prorsus

1011 1101 1073 1127 novi
1087 1109 1094 1126 :
1106 1108 1139 1129 eo
1151 1094 1239 1129 tamen
1256 1101 1318 1137 plus
1332 1109 1409 1130 mens
1424 1110 1482 1129 mea
1494 1104 1642 1138 propendet
1656 1108 1686 1131 ut
1701 1105 1796 1132 existi-

1011 1154 1081 1173 mem
1098 1155 1161 1174 eum
1174 1147 1283 1181 obiisse,
1296 1148 1338 1175 vel
1352 1148 1462 1176 tristitia
1483 1154 1652 1184 superatum,
1673 1150 1714 1177 vel
1729 1158 1797 1179 nau-

1011 1191 1098 1227 fragio
1115 1193 1287 1221 involutum:
1303 1201 1356 1229 qua
1378 1193 1406 1221 in
1429 1202 1459 1222 re
1477 1195 1530 1222 hoc
1549 1200 1610 1223 utor
1624 1202 1794 1232 argumento,

1010 1240 1082 1273 quod
1092 1239 1148 1273 jam
1159 1239 1194 1266 ab
1204 1247 1237 1266 eo
1246 1243 1366 1275 tempore
1377 1240 1524 1275 vigesimus
1534 1249 1623 1270 annus
1635 1243 1681 1276 sit,
1691 1251 1723 1270 ex
1741 1251 1796 1278 quo

1011 1283 1115 1310 nullum
1131 1284 1254 1312 veritatis
1267 1285 1412 1319 vestigium
1430 1285 1464 1313 de
1477 1293 1510 1313 eo
1520 1286 1621 1320 accepi.

1045 1338 1163 1366 LXXIX.
1172 1338 1241 1366 Cum
1252 1339 1311 1368 haec
1319 1340 1450 1368 audiisset
1456 1340 1565 1374 Petrus,
1577 1342 1795 1370 commiseratio—

1011 1382 1054 1409 bis
1068 1382 1166 1410 aliectu
1178 1383 1314 1420 lacrymas
1328 1384 1410 1419 fudit,
1426 1386 1571 1422 statimque
1585 1386 1619 1414 ad
1636 1386 1793 1422 familiares,

1010 1428 1057 1462 qui
1078 1428 1211 1462 aderant,
1233 1429 1302 1457 dixit
1319 1439 1325 1457 :
1343 1429 1372 1457 Si
1388 1430 1450 1465 quis
1470 1431 1522 1466 pia:
1543 1431 1667 1467 religioni
1689 1432 1795 1460 deditus

1010 1473 1062 1506 vir,
1075 1480 1106 1500 ea
1121 1474 1287 1508 pertulisset,
1301 1483 1361 1510 quae
1375 1475 1457 1510 hujus
1472 1481 1565 1511 pater;
1586 1477 1716 1504 continuo
1731 1478 1795 1505 reli-

1010 1517 1084 1555 gioni
1099 1523 1126 1546 et
1139 1519 1248 1547 diabolo
1261 1520 1434 1555 ascripsisset
1448 1529 1570 1549 causam.
1588 1522 1625 1550 Ila
1646 1523 1728 1550 etiam
1742 1524 1794 1551 mi-

1011 1553 1080 1591 seris
1100 1563 1246 1598 gentilibus
1268 1565 1323 1599 pati
1336 1553 1490 1600 Icoutingit;
1511 1571 1538 1594 et
1559 1567 1729 1603 ignoramus,
1746 1569 1793 1604 qui

1009 1608 1047 1644 pii
1068 1616 1133 1644 erga
1148 1609 1233 1636 Deum
1255 1618 1360 1638 sumus.
1377 1610 1431 1638 Eos
1449 1616 1540 1639 autem
1555 1614 1671 1642 miseros
1696 1615 1794 1642 merito

1009 1654 1160 1690 appellavi;
1179 1655 1243 1691 quia
1262 1660 1290 1683 et
1308 1656 1351 1683 llic
1371 1656 1398 1683 in
1423 1664 1516 1685 errore
1528 1663 1681 1693 versantur,
1700 1665 1793 1696 et-spe

1009 1701 1102 1728 futura
1113 1702 1254 1729 excidunt.
1269 1701 1385 1735 Quando
1395 1703 1467 1730 enim
1479 1703 1529 1730 viri
1542 1704 1660 1740 religiosi
1674 1705 1794 1734 aﬂiciun-

1008 1752 1054 1776 tur
1068 1747 1262 1781 incommodis,
1278 1756 1310 1776 ea
1329 1748 1383 1776 illis
1403 1749 1436 1776 ad
1454 1749 1612 1778 delictorum
1629 1753 1792 1786 persolutio-

1008 1803 1070 1822 nem
1084 1796 1194 1823 cedunt.

1044 1840 1150 1869 LXXX.
1170 1841 1248 1869 Hunc
1268 1841 1296 1869 in
1316 1843 1427 1870 modum
1447 1843 1536 1872 locuto
1557 1844 1636 1873 Petro
1652 1867 1659 1879 ,
1675 1854 1746 1875 unus
1756 1855 1790 1875 ex

1009 1888 1120 1920 nostris,
1135 1888 1249 1915 audacia
1263 1893 1380 1922 sumpta.
1393 1897 1442 1923 pro
1458 1890 1586 1918 omnibus
1600 1893 1704 1927 rogavit
1715 1901 1788 1925 eum,

1008 1937 1039 1960 ut
1052 1933 1182 1967 postridie
1196 1933 1315 1961 diluculo
1335 1933 1362 1961 in
1376 1934 1495 1962 Aradum
1508 1937 1657 1971 oppositam
1673 1937 1789 1965 insulam

1009 1979 1081 2013 (quae
1101 1978 1212 2014 triginta
1225 1999 1233 2012 ,
1254 1979 1362 2014 opinor,
1385 1988 1435 2008 nec
1448 1981 1523 2013 totis,
1546 1983 1640 2010 stadiis
1659 1983 1789 2019 distabat)

1008 2025 1209 2060 navigaremus,
1224 2024 1259 2052 ad
1272 2025 1402 2053 videndas
1416 2027 1452 2053 ibi
1465 2027 1533 2055 duas
1543 2028 1683 2057 columnas
1693 2030 1788 2063 viteas,

1007 2069 1155 2097 maximam
1171 2070 1271 2098 molem
1287 2071 1467 2100 continentes.
1477 2072 1573 2101 Petrus
1587 2076 1717 2110 ergo,qui
1730 2081 1790 2104 erat

1007 2115 1171 2150 morigerus,
1186 2117 1294 2150 annuit,
1308 2117 1345 2144 ita
1358 2118 1452 2146 dicens
1467 2128 1474 2146 ε
1490 2118 1558 2146 Cum
1571 2127 1603 2147 ex
1616 2122 1678 2148 navi
1685 2124 1789 2158 egressi

1008 2160 1123 2194 fueritis,
1145 2169 1181 2189 ne
1196 2166 1248 2190 una
1263 2170 1359 2190 omnes
1372 2164 1524 2198 procedatis
1545 2166 1578 2193 ad
1594 2168 1788 2202 spectationem

1006 2214 1101 2234 eorum
1125 2213 1186 2242 quae
1210 2207 1309 2242 cupitis
1326 2217 1334 2235 :
1351 2215 1439 2243 neque
1460 2210 1532 2237 enim
1556 2212 1616 2239 volo
1638 2217 1667 2240 ut
1688 2214 1788 2242 civium

1007 2253 1102 2280 oculos
1128 2253 1155 2280 in
1180 2260 1229 2281 vos
1249 2255 1425 2282 convertatis.
1447 2255 1536 2290 Atque
1556 2256 1596 2284 sic
1619 2258 1788 2294 navigantes.

1006 2298 1073 2326 hora
1089 2306 1142 2325 una
1157 2298 1183 2326 in
1197 2299 1315 2327 insulam
1327 2299 1409 2328 delati
1422 2309 1528 2330 sumus.
1544 2301 1576 2330 Et
1594 2303 1788 2334 descendentes

1004 2352 1040 2373 ex
1059 2345 1173 2380 scapha,
1191 2352 1224 2373 eo
1241 2347 1378 2381 progressi
1391 2355 1485 2376 sumus
1502 2349 1549 2375 ubi
1564 2350 1698 2379 columnae
1709 2353 1787 2380 viteze

1005 2394 1083 2418 erant
1099 2399 1106 2418 :
1121 2391 1258 2426 simulque
1270 2399 1333 2419 cum
1344 2393 1490 2428 columnis,
1503 2395 1573 2424 alius
1588 2397 1696 2431 quidem
1713 2399 1786 2427 aliud

1005 2438 1152 2473 quodpiam
1166 2445 1200 2465 ex
1219 2437 1322 2466 Phidiae
1339 2440 1469 2475 operibus
1483 2443 1633 2476 spectabat.

1040 2493 1158 2520 LXXXI.
1175 2493 1252 2521 Unus
1263 2499 1353 2522 autem
1371 2494 1469 2524 Petrus
1480 2504 1592 2525 necesse
1607 2506 1661 2526 non
1681 2501 1785 2534 putavit

1002 2547 1063 2574 qua:
1071 2539 1107 2566 ibi
1118 2544 1195 2566 erant
1208 2540 1324 2568 invisere
1337 2550 1344 2568 :
1357 2542 1403 2569 sed
1414 2542 1632 2572 animadvertens
1643 2546 1783 2574 mulierem

1002 2585 1150 2620 quamdam
1172 2589 1248 2613 extra
1270 2594 1319 2621 pro
1345 2586 1450 2615 foribus
1470 2589 1607 2617 sedentem
1621 2610 1629 2622 ,
1651 2595 1678 2618 et
1696 2591 1784 2619 victus

1002 2629 1088 2665 gratia
1103 2629 1301 2658 mendicantem
1318 2642 1323 2658 :
1339 2630 1444 2665 Mulier,
1459 2633 1558 2668 inquit,
1570 2642 1688 2670 quonam
1698 2644 1783 2665 mem~

1002 2674 1113 2701 brorum
1136 2678 1243 2702 tuorum
1266 2683 1353 2707 cares,
1367 2677 1439 2711 quod
1463 2682 1566 2706 tantam
1589 2683 1783 2710 contumeliam

1002 2720 1155 2755 suscepisti,
1182 2721 1363 2754 mendicandi,
1388 2723 1510 2759 inquam,
1522 2733 1565 2762 ‘ac
1588 2735 1644 2755 non
1663 2730 1753 2763 potius
1767 2738 1782 2758 a

815 2781 931 2809 VARIE
948 2782 1147 2814 LECTIONES.

229 2811 252 2861 ’ΖΙ
269 2816 309 2861 Εἰς
318 2821 722 2861 πόρτον..ξίοιιιαιιυιηγηθπιρο,
750 2827 784 2855 ad
803 2827 871 2855 ostia
896 2828 1001 2858 Tiberis

203 2843 219 2861 η
291 2843 308 2850 ν.
321 2843 420 2865 ..νς-..υ
439 2843 593 2852 “vnn-uqu
615 2843 722 2861 που-μυ,
750 2843 784 2855 lu
803 2843 871 2855 ualch
900 2843 1000 2858 animus

233 2849 261 2877 al.
277 2853 398 2896 οὔτ’ως.⁴
429 2857 505 2886 “:al.
533 2860 704 2897 ’Δντάραδον.
727 2863 764 2899 ,υ
784 2862 818 2890 aI.
841 2863 1000 2902 ιπαιτούσῃ.

1005 2852 1011 2858 .
1038 2830 1104 2861 Vide
1126 2833 1160 2861 ad
1184 2842 1259 2862 num.
1288 2843 1345 2863 vui.
1369 2836 1452 2866 Cum.
1491 2840 1514 2856 ³⁸
1537 2841 1573 2868 al.
1594 2844 1782 2880 κεκινημένος.
