2290 3110
587 164 637 192 527

1029 167 1060 195 S.
1077 164 1272 194 LLEMENTIS
1290 165 1301 193 I
1323 165 1408 194 BOI.
1427 164 1528 194 PONT.
1549 164 1666 194 OPERA
1683 166 1799 195 DUBIA.
2150 168 2192 197 528

585 225 642 254 Deo
660 224 708 253 tibi
723 218 871 254 concessis
885 226 1012 253 manibus
1026 225 1164 259 laborans,
1180 224 1368 261 quotidianum
1382 227 1405 258 Α
1420 223 1488 251 Θεοῦ

1279 224 1368 252 ianum
1382 227 1405 258 Α
1420 223 1488 251 Θεοῦ
1500 232 1541 251 σοι
1553 223 1755 261 δεδωρημέναις
1771 222 1866 259 χερσὶν
1882 221 2066 258 ἐργαζομένη,
2082 221 2128 254 τὰς
2142 223 2183 259 ἔφη

585 271 678 299 cibum
701 271 865 306 comparas?
892 270 938 298 Illa
954 278 1020 298 vero
1042 271 1207 306 profundum
1229 278 1262 298 ac
1283 270 1368 298 vehe-

584 321 705 346 mentem
723 317 854 353 gemitum
871 317 994 351 trahens,
1010 317 1168 352 respondit:
1185 316 1294 344 Utinam
1304 315 1367 351 qui-

585 362 646 391 dem
662 362 727 390 mihi
742 367 834 390 essent
845 370 953 396 manus,
966 366 1107 398 quaecerte
1116 366 1226 397 possent
1240 361 1346 396 operari
1359 370 1366 389 :

585 416 659 436 nunc
673 413 763 436 autem
781 408 848 436 mihi
864 409 950 436 solam
965 415 1095 436 manuum
1111 408 1227 444 ﬁguram
1246 412 1366 442 servant,

585 457 707 492 ipsaeque
725 461 858 484 emortua;
882 460 956 484 sunt.
983 456 1024 484 Ac
1047 455 1150 483 Petrus'
1167 455 1343 490 interrogavit
1359 463 1367 483 :

584 503 652 536 Quae
675 511 740 531 vero
755 511 839 531 causa
863 502 926 536 fuit,
945 506 976 530 ut
991 507 1045 529 tam
1065 509 1146 537 grave
1164 501 1266 529 malum
1283 501 1368 529 susti-

584 549 682 577 neres?
691 548 726 576 At
740 549 786 576 illa
797 549 829 576 ad
841 557 904 577 eum
923 557 930 576 :
944 547 1036 575 Animi
1050 547 1233 581 imbecillitas,
1245 548 1369 583 nihilque

584 593 668 622 aliud.
691 593 719 622 Si
742 594 814 622 enim
836 594 901 621 forti
919 594 1013 621 animo
1030 593 1144 621 fuissem
1166 593 1288 628 praedita,
1310 600 1369 621 erat

584 639 775 676 praecipitium,
800 644 848 667 aut
861 639 991 675 pelagus;
1004 646 1089 674 quare
1100 646 1143 666 me
1156 638 1299 672 dejiciens,
1318 645 1368 674 po-

584 688 669 710 teram
685 683 764 711 malis
782 682 904 711 dolorem
927 683 1103 711 afferentibus
1119 683 1199 711 finem
1216 682 1367 718 imponere.

621 738 750 766 LXXXII.
763 737 832 766 Tum
847 737 944 766 Petrus
960 737 1018 769 infit
1036 747 1042 765 :
1057 737 1128 771 Quid
1140 737 1231 765 enim?
1241 741 1367 773 putasne,

585 785 695 817 mulier,
718 792 814 812 omnes
838 784 881 812 sui
898 783 1097 816 interfectores,
1120 783 1255 818 supplicio
1267 783 1363 812 libera-

585 835 642 858 tum
655 830 707 858 iri?
720 838 756 858 an
777 837 830 858 non
853 830 944 865 potius
958 829 1064 857 animas
1078 836 1172 856 eorum
1188 829 1235 864 qui
1253 828 1290 856 ila
1307 836 1366 856 mo-

584 874 702 907 riuntur,
717 873 814 909 majori
831 873 964 908 supplicio
982 874 1008 900 in
1027 872 1122 901 inferis
1136 877 1248 909 propter
1261 875 1303 901 sui
1316 873 1366 900 ho-

583 918 724 946 micidium
736 918 912 947 alliciendas?
925 919 960 946 At
971 919 1016 946 illa
1033 927 1040 946 :
1059 918 1178 952 Utinam,
1193 918 1293 954 inquit,
1306 926 1366 954 per-

581 971 693 992 suasum
708 964 775 992 mihi
794 968 884 997 esset,
902 971 997 991 revera
1011 964 1038 991 in
1056 963 1151 991 inferis
1164 964 1271 991 animas
1290 964 1366 991 vivas

581 1009 713 1044 reperiri;
728 1009 823 1044 utique
848 1008 926 1036 nihili
939 1011 1069 1043 reputans
1079 1014 1191 1043 plenas,
1207 1007 1277 1035 mori
1288 1007 1368 1042 elige-

580 1061 650 1087 rem,
668 1061 724 1089 quo
737 1053 778 1080 vel
799 1053 898 1088 exiguo
913 1057 1035 1088 tempore
1056 1052 1178 1080 intuerer
1192 1052 1260 1080 mihi
1279 1059 1366 1087 exop-

581 1099 741 1127 latissimos.
757 1099 798 1126 Ad
818 1099 876 1128 lucc
889 1098 989 1127 Petrus
1008 1108 1014 1127 :
1036 1097 1069 1126 Et
1087 1098 1219 1134 quidnam
1237 1103 1279 1126 est
1291 1098 1365 1134 quod

579 1149 606 1172 te
617 1145 773 1173 excruciat?
787 1144 864 1173 Scire
878 1145 951 1172 cnim
971 1144 1049 1172 valde
1061 1151 1138 1172 aveo.
1154 1144 1194 1173 Ac
1207 1151 1251 1171 me
1268 1144 1292 1172 si
1303 1151 1364 1171 cer-

579 1190 677 1218 tiorem
690 1190 799 1224 feceris,
819 1189 868 1218 tibi
888 1189 966 1217 firma
984 1189 1089 1217 tradam
1104 1187 1278 1223 documenta,
1291 1189 1364 1224 quod

579 1237 679 1264 anima:
694 1237 724 1265 in
738 1236 833 1264 inferis
845 1236 953 1270 vivant;
968 1241 995 1264 et
1010 1244 1058 1272 pro
1075 1236 1226 1272 prmeipitio
1240 1236 1283 1264 vel
1297 1243 1364 1272 pro-

578 1282 676 1317 fundo,
696 1282 744 1310 tibi
760 1282 830 1310 dabo
845 1282 1026 1316 medicamen,
1049 1290 1097 1318 per
1108 1283 1182 1318 quod
1197 1289 1213 1310 a
1228 1282 1283 1310 vita
1304 1282 1365 1310 siue

578 1329 671 1357 dolore
685 1329 810 1357 decedas.

615 1373 758 1401 LXXXIII.
773 1373 805 1401 Et
825 1374 933 1407 mulier,
951 1382 1012 1410 quae
1026 1381 1180 1402 sermonem
1196 1381 1250 1401 non
1264 1374 1363 1402 intelli-

578 1425 664 1456 geret,
689 1428 808 1456 eumque
832 1421 964 1449 duntaxat
989 1426 1068 1456 prout
1091 1422 1203 1457 optabat
1220 1422 1362 1457 arriperet,

579 1467 616 1495 ita
631 1467 765 1495 disserere
775 1467 857 1503 cepit
868 1477 874 1495 :
886 1467 978 1495 Genus
992 1468 1101 1504 quidem
1111 1472 1137 1495 et
1145 1469 1260 1503 patriam
1276 1469 1298 1496 si
1315 1468 1363 1496 tibi

579 1519 755 1546 exponerem,
769 1519 824 1540 non
839 1512 957 1540 arbitror
968 1521 1011 1540 mc
1026 1521 1146 1549 unquam
1159 1521 1240 1549 pOSSE
1253 1522 1364 1549 persua-

1419 269 1520 306 μέρους
1541 269 1641 308 πορίζῃ
1662 270 1781 306 τροφάςς
1805 270 1837 296 Ἦ
1853 269 1883 296 δὲ
1900 268 1990 304 βύθιόν
2010 277 2038 295 τι
2061 269 2192 302 navigan

1418 316 1465 342 καὶ
1480 315 1640 351 περιπαθὲς,
1658 316 1837 352 ἀπεκρίνατο·
1857 315 1914 342 εῖθε
1932 314 1986 350 γὰρ
2003 312 2074 350 ἦσάν
2091 323 2132 350 μοι
2146 317 2192 350 χεῖ-

1419 370 1466 398 ρες
1491 362 1637 398 ὑπουργεῖν
1660 362 1730 394 δλως
1754 362 1918 397 δυνάμεναι·
1939 361 1987 388 νῦν
2002 361 2032 388 δέ
2051 369 2095 396 μοι
2115 361 2194 396 σχῆμα

1420 406 1500 442 μόνον
1516 407 1616 443 χειρῶν
1629 407 1804 440 ἀποσώζουσι
1813 428 1821 440 ,
1838 406 1935 443 νεκραὶ
1949 407 1996 434 καὶ
2012 403 2092 433 αὗται
2106 407 2195 441 τυγχά-

1418 460 1521 480 νουσαι.
1538 452 1594 480 Καὶ
1608 453 1623 479 ὁ
1639 453 1752 490 Πέτρος,
1770 454 1818 485 Τίς
1834 453 1863 480 δὲ
1878 454 1894 489 ἡ
1916 454 2000 485 αἰτία,
2019 453 2109 489 ἤρετο,
2128 453 2196 480 τοῦτό

1419 507 1450 525 σε
1471 498 1502 525 τδ
1517 498 1708 534 χαλεπώτατον
1724 499 1903 532 πεπονθέναι;
1926 499 1958 528 'ﬂ
1975 499 2003 526 δὲ
2019 499 2088 536 πρὸς
2107 500 2193 527 αὐτόν’

1419 546 1515 581 Ψυχῆς
1537 546 1680 578 ἀσθένεια,
1697 546 1745 573 καὶ
1762 546 1842 572 πλέον
1858 545 1944 573 οὐδέν.
1965 546 1997 574 Ei.
2017 546 2071 583 γὰρ
2086 547 2196 583 ἀνδρεῖον

1418 589 1491 626 εἶχον
1514 592 1650 628 φρόνημα,
1658 590 1692 628 ἦν
1707 592 1839 628 κρημνὸς,
1856 591 1873 628 ἢ
1891 591 1980 627 βυθὸς,
2003 592 2065 619 ὅθεν
2087 593 2196 628 ἐμαυτὴν

1420 637 1540 674 ῥίψασα,
1565 638 1620 665 τῶν
1644 637 1798 666 ὀδυνῶντων
1828 646 1861 674 με
1887 637 2041 665 παύσασθαι
2067 638 2196 673 ἠδυνάμην

1419 692 1524 712 κακων.

1467 739 1596 767 LXXXII.
1612 741 1667 767 Kal
1683 741 1697 767 ὁ
1713 740 1816 776 Πέτρος
1826 740 1892 776 ἔφη·
1911 740 1943 767 Τί
1958 738 2023 774 οὗν;
2038 741 2101 774 οἴει,
2115 742 2195 776 γύναι,

1418 785 1458 812 ὅτι
1479 785 1580 817 πάντες
1597 786 1622 812 οἱ
1639 785 1813 821 ἀναιροῦντες
1829 786 1941 818 ἑαυτοὺς
1964 785 2101 818 κολάσεως
2120 787 2196 813 ἀπαλ-

1418 829 1572 862 λάσσονται,
1589 830 1639 866 ἥδ’
1655 830 1692 866 μὴ
1708 831 1742 866 τῇ
1758 830 1860 866 χείρονι
1875 831 1984 857 κολάσει
1999 831 2029 857 ὲν
2044 831 2109 867 ᾅδου
2119 832 2197 858 αἰτῶν

1418 874 1505 907 οὕτως
1526 874 1696 911 θνησκόντων
1711 875 1797 911 ψυχαὶ
1815 875 1865 911 τῆς
1877 876 2052 909 αὐτοκτονίας
2068 877 2147 912 χάριν
2161 886 2197 904 κο-

1418 920 1560 954 λάζονται;
1582 921 1614 948 'H
1631 921 1678 953 δέ,
1696 921 1761 948 Εἴθε
1779 921 1960 958 ἐπεπείσμην,
1983 922 2047 958 ἔφη,
2064 924 2105 950 ὅτι
2125 924 2197 956 ὅντως

1417 967 1447 993 ὲν
1463 966 1527 1002 ᾅδου
1543 966 1566 983 ’⁸³
1580 966 1665 1003 ψυχαὶ
1676 967 1848 1003 εὑρίσκονται
1868 967 1954 1000 ζῶσαι
1963 976 1970 984 ο
1986 969 2033 996 καὶ
2046 970 2160 1004 ἠγάπων
2171 971 2198 996 ἂν

1417 1012 1482 1048 παρ’
1496 1012 1572 1039 οὐδὲν
1589 1011 1613 1029 ⁸⁵
1628 1012 1729 1048 θεμένη
1743 1013 1793 1049 τὴν
1805 1013 1950 1049 τιμωρίαν,
1964 1014 2120 1048 ἀποθανεῖν,
2137 1015 2197 1041 ὥστε

1416 1056 1480 1088 τοὺς
1493 1057 1555 1093 ἐμοὶ
1566 1057 1765 1094 περιποθήτους
1779 1058 1927 1086 θεάσασθαι
1939 1058 1991 1086 κᾶν
2012 1059 2110 1095 βραχύ.
2129 1062 2198 1087 Καὶὸ

1416 1102 1520 1138 Πέτρος
1543 1103 1612 1139 πρὸς
1627 1103 1723 1130 ταῦτα·
1741 1104 1796 1131 Καὶ
1811 1104 1837 1131 τί
1850 1105 1904 1141 ἄρα
1921 1105 1979 1131 ἐστὶ
1994 1105 2025 1132 τὸ
2040 1105 2142 1132 λυποῦν
2158 1115 2198 1139 at;

1415 1149 1490 1184 Διψῶ
1506 1148 1561 1185 γὰρ
1577 1149 1600 1165 ⁸⁵
1617 1149 1722 1185 μαθεῖν.
1743 1150 1798 1177 Καὶ
1814 1150 1842 1177 εί
1854 1159 1887 1186 με
1905 1150 2032 1184 διδάξεις,
2046 1152 2151 1184 πίστεις
2164 1162 2198 1179 σοι

1415 1193 1528 1231 παρέξω
1551 1194 1673 1229 βεϐαίας,
1696 1195 1738 1222 ὅτι
1755 1196 1784 1222 ἐν
1804 1196 1868 1232 ᾷδου
1885 1196 1968 1230 ζῶσιν
1988 1198 2018 1223 αι
2038 1197 2134 1233 ψυχαὶ,
2159 1199 2199 1225 καὶ

1414 1240 1475 1268 ἀντὶ
1493 1240 1617 1276 κρημνοῦ
1638 1240 1654 1277 ἢ
1673 1241 1765 1276 βυθοῦ,
1787 1241 1874 1278 ὀρέξω
1890 1251 1932 1269 σοι
1950 1243 2109 1279 φάρμακον,
2128 1245 2161 1271 δι’
2173 1243 2200 1272 οὗ

1413 1286 1460 1314 τοῦ
1471 1286 1522 1323 ζῇν
1528 1287 1670 1319 ἀνωδύνως
1685 1287 1876 1325 ἀπαλλαγήν-ῃ.

1450 1374 1592 1403 LXXXIII.
1611 1376 1665 1402 Kal.
1680 1375 1698 1411 ή
1712 1376 1780 1412 γυνὴ
1794 1376 1825 1403 τὸ
1838 1376 1920 1413 ῥηθὲν
1936 1377 1967 1403 οὺ
1984 1377 2105 1409 συνεῖσα,
2124 1377 2202 1412 ἡδέως

1413 1422 1442 1449 δὲ
1460 1422 1538 1458 μόνον
1557 1422 1703 1458 ἁρπάσασα
1717 1423 1747 1449 τὸ
1762 1423 1868 1458 λεχθὲν,
1884 1423 1972 1458 λέγειν
1985 1423 2087 1459 ἧρξατο
2103 1423 2200 1454 οὕτως·

1414 1469 1494 1501 Γένος
1512 1469 1563 1505 μὲν
1582 1469 1630 1495 καὶ
1649 1470 1767 1504 πατρίδα
1787 1479 1828 1497 σοι
1842 1469 2042 1506 διηγήσασθαι,
2064 1470 2115 1496 οὐκ
2131 1467 2203 1504 οἶμαί

1414 1524 1479 1543 me
1492 1516 1598 1544 πείσειν
1614 1516 1736 1552 ἐμαυτὴν
1750 1516 1908 1552 δυνηθῆναι·
1931 1516 2001 1551 πλὴν
2020 1515 2088 1542 ἀλλὰ
2105 1517 2151 1542 καὶ
2165 1516 2203 1541 σοὶ

579 1557 643 1585 dere
663 1566 670 1585 :
688 1557 735 1585 sed
749 1562 777 1585 et
794 1557 858 1593 quid
870 1558 940 1586 ad1e
952 1558 1047 1586 attinet
1066 1559 1092 1586 id
1108 1560 1291 1595 cognoscere?
1309 1561 1361 1588 nisi
1376 1571 1397 1599 ρ
1413 1561 1439 1588 τί
1452 1561 1483 1588 διι

1309 1561 1361 1588 nisi
1376 1571 1397 1599 ρ
1413 1561 1439 1588 τί
1452 1561 1574 1598 διαφέρει
1584 1560 1665 1588 τοῦτο
1681 1561 1792 1596 μαθεῖν;
1804 1561 1820 1597 ἢ
1833 1561 2063 1598 μόνοντὴναιτίαν
2070 1559 2104 1598 ἧς
2115 1563 2203 1588 ἕνεκεν

579 1607 685 1631 tantum
700 1611 822 1638 causam,
837 1604 871 1632 ob
886 1612 968 1640 quam
981 1605 1074 1632 dolore
1095 1605 1202 1639 affecta,
1226 1605 1363 1633 morsibus

578 1657 677 1680 manus
693 1658 768 1679 meas
781 1655 903 1679 mortuas
916 1651 1030 1679 reddidi.
1044 1651 1170 1679 Attamen
1187 1659 1258 1685 mea,
1273 1652 1362 1687 quoad

578 1695 674 1724 audire
686 1700 774 1731 potes,
787 1695 914 1724 referam.
931 1695 987 1732 Ego
999 1697 1180 1725 nobilissimis
1195 1702 1252 1724 orta
1265 1705 1363 1732 paren-

577 1741 668 1773 tibus,
690 1742 808 1776 potentis
833 1741 976 1777 cujusdam
992 1743 1119 1777 imperio,
1144 1743 1224 1778 nupsi
1239 1743 1297 1771 viro
1315 1743 1362 1778 qui

575 1791 635 1814 erat
647 1786 719 1814 illius
735 1787 906 1822 propinquus
918 1796 925 1814 :
937 1793 964 1815 et
974 1787 1043 1815 duos
1055 1788 1179 1824 geminos
1189 1789 1289 1816 liberos
1300 1796 1363 1816 sus-

578 1831 925 1868 tuli,tertiumqueinsuper
933 1833 1015 1860 edidi.
1027 1832 1115 1861 Porro
1130 1841 1193 1861 cum
1207 1834 1297 1861 mariti
1308 1834 1361 1862 mei

576 1877 659 1905 frater
672 1877 789 1906 formam
807 1886 895 1906 meam
907 1879 1051 1914 deperiret,
1068 1884 1094 1907 et
1105 1887 1200 1907 amore
1213 1887 1274 1907 meo
1286 1888 1362 1908 sum-

576 1931 687 1959 mopere
702 1929 798 1960 captus
811 1930 898 1959 esset,
914 1929 996 1960 atque
1007 1925 1107 1953 misera
1118 1933 1167 1961 ego
1181 1930 1257 1953 caste
1271 1926 1361 1954 vivere

576 1969 726 1997 admodum
740 1977 866 2005 cuperem
880 1991 888 2004 ,
906 1974 933 1998 et
949 1978 1037 2005 neque
1051 1971 1147 1998 vellem
1162 1971 1278 1998 amatori
1292 1979 1360 2000 con-

576 2014 689 2047 sentire,
703 2022 791 2049 neque
807 2015 890 2042 etiam
905 2015 964 2042 viro
980 2023 1042 2043 meo
1053 2022 1175 2044 amorem
1192 2015 1285 2044 fratris
1296 2024 1359 2052 erga

576 2065 621 2086 me
629 2066 763 2094 exponere
771 2068 780 2092 ;
792 2068 909 2096 cumque
916 2067 1024 2088 mecum
1032 2065 1245 2096 reputassem,ut
1251 2069 1300 2089 nec
1308 2062 1359 2089 viri

578 2107 668 2131 torum
682 2105 847 2132 contumelia
861 2104 1009 2138 aflicerem,
1022 2113 1072 2132 nec
1085 2105 1196 2133 fratrem
1209 2105 1285 2133 fratri
1298 2107 1360 2134 red—

576 2148 668 2176 derem
682 2150 834 2183 inimicum,
852 2154 880 2177 et
897 2157 1002 2184 magnae
1013 2150 1122 2178 familia:
1132 2151 1262 2186 probrum
1276 2151 1359 2179 infer-

576 2204 654 2230 rem;
679 2196 774 2230 statui,
786 2196 820 2224 ab
836 2196 902 2224 urbe
917 2203 979 2224 cum
1000 2197 1116 2231 geminis
1136 2197 1204 2224 meis
1218 2198 1310 2232 pueris
1325 2198 1357 2226 ad

1414 1607 1579 1643 ὀδυνωμένη,,
1607 1607 1731 1643 δήγμασι
1755 1607 1805 1639 τὰς
1835 1607 1905 1643 ὲμάς
1933 1608 2074 1643 ὲνέκρωσα
2102 1610 2203 1643 χεῖρας.

1414 1649 1509 1686 Ὅμως
1526 1651 1561 1678 τὰ
1574 1652 1634 1678 κατ’
1651 1650 1773 1686 ἐμαυτὴν
1790 1650 1828 1682 ὡς
1844 1651 1956 1679 δυνατὸν
1971 1652 2087 1679 ἀκοῦσαί
2105 1661 2134 1679 σε
2148 1654 2205 1687 διη-

1413 1696 1542 1732 γήσομαι.
1566 1696 1636 1731 Ἐγὼ
1649 1696 1720 1724 πάνυ
1737 1694 1768 1728 εξ
1781 1696 1898 1730 εὐγενῶν
1913 1695 1991 1728 οὖσα,
2008 1697 2124 1724 δυνατοῦ
2137 1697 2205 1728 τινὲς

1413 1743 1569 1777 προσταγῇ,
1589 1741 1667 1778 ἀνδρὶ
1690 1741 1760 1778 πρὸς
1776 1741 1870 1775 γένους
1886 1742 1960 1778 αὺτῷ
1977 1743 2139 1777 τυγχάνοντι
2153 1744 2207 1776 εγε-

1412 1785 1498 1822 νόμην
1514 1787 1582 1822 γυνή
1617 1787 1664 1814 καὶ
1683 1787 1811 1823 διδύμους
1829 1787 1904 1819 υἱοὺς
1919 1787 2034 1823 ἔχουσα,
2053 1789 2102 1814 καὶ
2117 1790 2205 1824 τρίτον

1412 1831 1459 1858 ἐπὶ
1474 1831 1580 1864 τούτοις
1593 1832 1651 1859 υἱὸν
1661 1833 1749 1868 ἔσχον.
1768 1833 1796 1860 'O
1803 1831 1833 1860 δὲ
1843 1832 1890 1858 τοῦ
1900 1832 1968 1868 ἐμοῦ
1982 1833 2078 1869 ἀνδρὸς
2093 1834 2206 1868 ἀδελφὸς

1412 1877 1555 1913 ὲπιμανείς
1573 1886 1624 1914 μου
1634 1879 1668 1914 τῇ
1679 1878 1750 1914 ὕψει,
1768 1880 1815 1906 καὶ
1823 1879 1862 1915 τῷ
1876 1878 1936 1916 ἐμῷ
1950 1878 2032 1914 ἔρωτι
2049 1880 2207 1916 κατ’ἄκρας

1411 1922 1503 1956 ἁλοὺς,
1529 1923 1576 1951 καί
1598 1932 1640 1950 τοι
1663 1926 1812 1960 σωφρονεῖν
1835 1925 1937 1962 σφόδρα
1957 1925 2009 1962 τῆς
2029 1924 2205 1961 ταλαιπώρου

1411 1968 1542 2005 φιλούσης
1555 1988 1563 2002 ,
1581 1970 1628 1996 καὶ
1648 1970 1716 2005 μήτε
1731 1970 1876 1997 συνθέσθαι
1895 1971 1934 2007 τῷ
1951 1973 2054 2008 ἐραστῇ
2074 1972 2205 2009 βουλομέ-

1410 2022 1471 2049 νης,
1489 2015 1558 2050 μήτε
1575 2014 1605 2041 δὲ
1620 2014 1660 2050 τῷ
1678 2015 1737 2051 ὲμῷ
1752 2015 1829 2051 ἀνδρὶ
1845 2016 1925 2043 πάλιν
1941 2017 2091 2045 ἀναθέσθαι
2108 2019 2155 2045 τὸν
2166 2020 2204 2045 ἐπ’

1410 2059 1472 2095 ἐμοὶ
1487 2060 1534 2086 τοῦ
1549 2060 1665 2095 ἀδελφοῦ
1679 2061 1767 2097 ἔρωτα
1777 2081 1784 2093 ,
1800 2062 1905 2097 πρέπον
1921 2061 1990 2089 εἶναι
2006 2063 2204 2100 λογισαμένης.

1410 2104 1448 2136 ὡς
1460 2104 1493 2132 ἂν
1511 2105 1579 2141 μήτε
1595 2105 1646 2141 τὴν
1659 2106 1706 2132 τοῦ
1723 2106 1819 2142 ἀνδρὸς
1837 2107 1932 2143 κοίτην
1949 2107 2062 2144 ὑϐρίσω,
2082 2111 2156 2145 μήτε
2170 2109 2205 2143 τῷ

1410 2149 1517 2187 ἀδελφῷ
1538 2151 1584 2178 τὸν
1604 2151 1718 2186 ἀδελφὺν
1746 2152 1944 2188 ἐκπολεμώσω,
1964 2154 2012 2180 xal.
2033 2155 2073 2190 τῷ
2101 2155 2205 2182 ἐκείνου

1409 2197 1482 2232 γένει
1508 2198 1617 2233 μεγάλῳ
1640 2198 1696 2225 δντι
1718 2198 1869 2234 ὀνειδισμὸν
1891 2199 2034 2235 ἐπαγάγω,
2059 2202 2112 2238 τὴν
2131 2202 2205 2228 πόλιν

575 2242 714 2278 quoddam
736 2247 845 2277 tempus
865 2243 971 2275 abesse,
988 2243 1074 2270 donec
1091 2242 1215 2278 impurus
1229 2250 1306 2271 amor
1326 2244 1359 2271 il-
1376 2241 1398 2269 D
1410 2243 1479 2278 ὲλογι

1301 2252 1306 2259 ·
1326 2244 1359 2271 il-
1376 2241 1398 2269 D
1410 2243 1574 2279 ἐλογισάμην
1591 2243 1661 2279 μετά
1673 2244 1727 2271 τῶν
1738 2244 1812 2280 ἐμῶν
1825 2245 1943 2281 διδύμων
1955 2246 2060 2273 παίδων
2077 2247 2129 2273 ἐπὶ
2146 2248 2205 2283 χρὸ-

575 2288 629 2315 lius
647 2287 694 2323 qui
710 2287 776 2314 mihi
789 2287 822 2315 ad
835 2288 954 2315 dedecus
970 2289 1170 2321 assentabatur,
1187 2289 1268 2317 ﬁnem
1285 2290 1359 2317 acci-

574 2337 652 2369 peret
667 2342 674 2361 :
693 2337 720 2361 at
735 2333 850 2361 alterum
867 2333 964 2368 filium,
987 2338 1016 2361 ut
1031 2335 1101 2369 apud
1115 2339 1219 2369 patrem
1238 2335 1265 2363 in
1284 2336 1359 2364 sola-

574 2380 644 2408 tium
655 2383 786 2413 maneret,
799 2379 1006 2414 relinquendum
1020 2381 1125 2408 censui.

608 2500 752 2530 LXXXIV.
768 2499 867 2528 Verum
879 2506 934 2534 quo
946 2499 1004 2526 haec
1021 2500 1058 2526 ita
1071 2499 1177 2533 fierent,
1194 2499 1222 2527 in
1233 2499 1356 2527 animum

573 2548 667 2576 induxi
678 2568 686 2580 ,
703 2547 839 2575 somnium
856 2546 967 2580 lingere,
982 2545 1061 2580 quasi
1077 2544 1177 2580 aliquis
1191 2545 1257 2572 mihi
1274 2551 1356 2573 noctu

574 2592 715 2624 astitisset,
737 2597 770 2618 ac
782 2590 896 2617 dixisset
911 2599 918 2617 :
934 2589 1084 2617 Confestim
1100 2596 1154 2616 una
1168 2597 1230 2617 cum
1242 2590 1357 2625 geminis

573 2638 628 2666 tuis
649 2637 750 2672 pueris,
774 2643 791 2664 ο
815 2636 928 2668 mulier,
948 2635 1034 2663 Roma
1051 2635 1160 2663 discede
1186 2635 1220 2662 ad
1243 2636 1355 2670 aliquod

574 2687 692 2716 tempus,
714 2681 802 2708 donec
828 2680 877 2708 tibi
901 2688 998 2708 rursus
1018 2680 1173 2707 indicavero
1193 2684 1223 2707 ut
1243 2681 1354 2714 redeas;

574 2727 675 2762 alioqui
697 2735 759 2755 cum
776 2727 835 2754 viro
850 2727 1010 2762 cunctisque
1029 2727 1083 2754 tuis
1098 2727 1191 2754 liberis
1212 2726 1357 2762 derepente

1409 2297 1454 2316 νον
1467 2288 1527 2316 τινὰ
1543 2289 1701 2316 καταλιπεῖν
1713 2310 1720 2322 ,
1738 2290 1790 2322 ἓως
1805 2291 1852 2317 καὶ
1868 2291 1882 2317 ὁ
1901 2291 1999 2326 μιαρὸς
2014 2291 2088 2327 ἔρως
2103 2294 2206 2320 παύσε-

1409 2343 1454 2361 ται
1471 2334 1494 2351 δ’
1508 2335 1555 2362 τοῦ
1573 2335 1641 2371 πρὸς
1657 2335 1734 2371 ὕϐριν
1753 2344 1786 2371 με
1803 2336 2016 2369 κολακεύσαντος
2035 2337 2068 2353 "-
2088 2339 2139 2365 τὸν
2159 2340 2205 2374 μέν

1410 2390 1451 2409 τοι
1469 2382 1561 2418 ἕτερον
1578 2383 1635 2410 υἱὸν
1660 2383 1737 2419 παρά
1755 2384 1795 2420 τῷ
1813 2385 1896 2420 πατρὶ
1911 2386 1999 2421 μεῖναι
2020 2386 2061 2417 είς
2077 2395 2208 2423 παραμυ-

1411 2426 1470 2454 θίαν
1485 2427 1571 2462 ἔγνων
1583 2428 1755 2456 καταλιπεῖν.

1443 2493 1586 2521 LXXXIV.
1600 2495 1675 2530 Πλὴν
1689 2495 1732 2522 ἵνα
1745 2495 1830 2523 ταῦτα
1846 2496 1916 2523 οὕτω
1927 2496 2051 2532 γένηται,
2062 2497 2207 2532 ὲπενόησει

1407 2539 1454 2566 καὶ
1469 2539 1572 2576 ὄνειρον
1586 2539 1753 2573 πλάσασθαι,
1770 2541 1809 2572 ὡς
1824 2541 1855 2577 δή
1869 2549 1942 2574 τινος
1951 2541 2060 2578 νύκτωρ
2075 2543 2206 2569 ἐπιστάν-

1406 2594 1452 2617 τος
1473 2594 1517 2621 μοι
1534 2586 1582 2613 καὶ
1603 2586 1735 2620 εἰπόντος·
1770 2585 1900 2623 Ἔξαυτῆς
1917 2587 1976 2625 ἅμα
1995 2589 2052 2620 τοῖς
2078 2588 2205 2624 διδύμοις

1408 2640 1454 2658 σου
1470 2631 1584 2665 τέκνοις,
1609 2629 1632 2659 ὦ
1650 2632 1740 2667 γύναι,
1760 2633 1806 2659 ἐπὶ
1829 2632 1922 2669 χρόνον
1946 2632 2008 2659 τινὰ
2030 2633 2134 2669 μέχρις
2160 2635 2202 2659 ὅτε

1409 2677 1520 2712 μηνύσω
1535 2685 1576 2703 σοι
1588 2677 1668 2704 πάλιν
1683 2677 1848 2710 ἐπανελθεῖν,
1863 2677 1957 2712 ἓκῦηθι
1965 2677 2016 2713 τὴν
2037 2678 2201 2714 Ῥωμαίων·

1409 2725 1470 2752 ἐπεὶ
1488 2725 1545 2760 ἅμα
1567 2725 1644 2760 ἀνδρὶ
1669 2726 1715 2752 καὶ
1731 2725 1799 2752 πᾶσί
1816 2733 1862 2751 σου
1881 2726 1938 2757 τοῖς
1955 2725 2061 2756 τέκνοις
2074 2745 2084 2757 ,
2103 2726 2138 2752 ὲκ
2154 2724 2202 2751 τοῦ

572 2773 673 2807 peribis
688 2773 768 2801 male.
784 2772 872 2800 Simul
884 2776 975 2800 autem
989 2779 1022 2800 ac
1034 2772 1172 2800 somnium
1190 2773 1352 2800 ementitum
1402 2771 1476 2805 αἰφνι

1297 2777 1352 2800 tum
1402 2770 1532 2805 αἰφνιδίου
1549 2771 1642 2803 κακῶς
1657 2771 1837 2807 τελευτήσεις.
1854 2771 1929 2806 Ἅμα
1939 2770 1968 2797 δὲ
1980 2770 2019 2807 τῷ
2030 2771 2077 2798 τὸν
2093 2771 2201 2806 ὄνειρόν

1203 2839 1319 2867 VARle
1340 2838 1537 2866 LECTIONEF.

609 2898 632 2916 δ’
648 2897 674 2924 δι
699 2897 774 2926 deest
789 2898 815 2924 in
828 2897 864 2925 al.
902 2897 924 2914 ⁸⁸
943 2898 978 2924 al.
999 2897 1058 2933 ᾄδῃ.
1098 2898 1122 2917 δι
1141 2895 1255 2928 οὐδενός.
1288 2896 1310 2916 δ’
1330 2895 1366 2922 al.
1380 2895 1438 2921 τοῦ.
1483 2895 1506 2911 ⁸⁸

828 2897 864 2925 al.
902 2897 924 2914 ⁸⁸
943 2898 978 2924 aI.
1098 2898 1122 2917 δι
1141 2895 1255 2928 οὐδενός.
1288 2896 1310 2916 δ’
1330 2895 1366 2922 al.
1380 2895 1438 2921 τοῦ.
1483 2895 1506 2911 ⁴⁵⁶
1526 2895 1562 2923 al.
1583 2895 1724 2931 παύσηται.

1781 2895 1803 2912 δτ
1823 2896 1859 2924 aI.
1880 2895 2084 2926 κολακεύοντος.
