2290 3110
232 141 274 170 5Ξ9

235 209 260 234 με
277 195 418 235 ᾧεύσαᾱθαι
431 193 455 217 ἶ⁸
476 199 543 236 πρὸς
571 197 617 225 τδν
633 197 717 234 ἄνδρα
728 216 736 229 ,
753 195 833 227 αὐτὸς
846 193 991 231 περίφοὸος
1005 197 1029 227 Α

231 245 363 280 γενόμενος,
378 245 444 277 τούς
458 254 488 272 τε
508 244 555 272 δύο
571 244 661 275 υίοὺς,
678 242 785 273 δούλους
797 249 827 267 τε
841 240 887 268 καὶ
902 238 991 266 παιδί-

233 299 295 322 σκας,
309 291 353 317 καὶ
367 292 494 327 χρήματα
517 288 600 324 συχνὰ
619 289 650 315 ὲν
672 287 756 322 πλοίῳ
777 286 931 321 ἐνθέμενος,
951 284 993 317 αἱς

236 334 330 370 Ἀθήνας
344 335 494 372 ἐξέπεμψεν
505 355 513 368 ,
529 333 715 369 ὲντιιλάμενος
731 332 794 364 τοὺς
808 331 882 363 υίοὺς
896 332 993 357 ἐκπαι-

231 382 305 409 δεῦσαί
321 390 362 417 με,
373 382 478 417 Μέχρις
497 380 540 413 ἂν,
561 379 644 416 φησὶ,
661 378 701 414 τῷ
718 377 916 414 χρηματίσαντι
929 375 993 413 δόξῃ

232 428 347 455 ἐπανιέναι
368 437 407 455 σε.
431 428 486 455 Kal.
513 428 545 464 δὴ
563 428 611 454 σὺν
634 426 692 462 ἃμα
713 425 818 457 τέκνοις
837 425 855 460 ἡ
879 423 992 451 τάλαινα

232 476 346 508 πλέουσα,
369 475 422 503 ὑπὸ
438 476 545 511 ἀνέμων
564 473 676 507 ἀταξίας
695 474 735 506 είς
747 473 858 503 τούτους
876 471 992 507 ἀπορρι-

231 523 294 556 φεῖσα
312 522 371 554 τοὺς
389 521 506 554 τόπους,
529 520 625 553 νυκτὸς
648 520 697 556 τῆς
726 519 790 555 νηδς
811 517 991 552 διαλυθείσης,

231 567 329 603 ναυαγίῳ
343 567 548 603 περιεπέσομεν.
566 567 676 594 Πάντων
691 565 720 592 δὲ
734 565 866 592 θανόντων
875 583 883 595 ,
895 563 913 598 ὴ
928 563 992 590 ἀτυ-

231 613 269 648 χὴς
281 613 330 647 ἐγὼ
345 613 409 648 μόνη
429 613 482 640 ὑπὸ
496 612 610 649 σφοδροῦ
627 612 748 647 κύματος
765 609 928 647 ῥιπισθεῖσα,
945 608 993 635 ἐπὶ

231 659 314 694 πέτρας
334 659 465 694 ἑρῤίφην·
488 658 530 693 ἐφ’
552 655 586 694 ἦς
609 657 770 684 καθεσθεῖσα
792 654 878 682 ἑλπίδι
894 653 941 680 τοῦ
957 652 992 680 τὰ

230 705 296 731 τέκνα
319 713 349 739 με
363 703 451 736 ζῶντα
465 704 565 739 εὑρεῖν,
588 703 628 734 είς
646 702 692 729 τὸν
711 700 789 737 βυθὸν
806 698 929 735 ἐμαυτὴν
942 698 991 724 οὐκ

230 749 310 785 ίρῤιψα
320 749 387 783 more,
404 749 449 776 ὅτε
459 748 506 776 καὶ
515 748 564 784 τὴν
577 747 665 784 ψυχὴν
681 744 754 782 εἶχον
768 746 826 777 τοῖς
836 745 887 780 τῆς
903 743 991 779 λύπης

231 795 326 830 »ἄμασιν
335 795 383 832 ἠδη
400 793 619 830 μεμεθυσμένην,
635 793 682 821 καὶ
697 791 799 828 πρᾶξαι
813 789 893 818 τοῦτο
909 790 990 816 εὐπε-

229 840 272 872 τῶς
283 840 422 877 ἠδυνάμην.

256 885 446 922 ΙιΧΧΧνᾟλὴν
452 885 544 922 ἐπειδὴ
552 885 648 922 ὄρθρος
655 883 771 918 ἐγένετο,
779 882 883 919 μεγάλα
890 881 990 918 βοῶσα,
1004 877 1025 907 Β

230 932 265 959 καὶ
277 932 360 967 (γοερὰ
379 932 525 959 κωκύουσα
545 930 780 967 περιεδλεπόμην,
805 927 923 965 ζητοῦσα
938 927 992 954 τῶν

230 978 287 1013 ὲμῶν
297 978 472 1014 ταλαιπώρων
487 977 594 1014 βρεφῶν
607 977 643 1004 τὰ
657 976 742 1013 νεκρὰ
755 975 877 1011 σώματα.
901 974 992 1010 Ἐλεή-

230 1032 307 1056 σαντες
325 1022 368 1051 οὖν
392 1033 426 1061 με
457 1025 483 1051 οἰ
507 1023 658 1060 ιπιχώριοι,
684 1023 732 1049 καὶ
755 1020 861 1057 γυμνὴν
882 1020 990 1052 ίδόντες,

229 1070 341 1098 ἐνέδυσαν.
366 1069 431 1098 Εἶτα
453 1071 502 1098 καὶ
523 1070 568 1098 τὸν
593 1069 673 1105 βυθὸν
695 1067 861 1104 ἀνηρεύνων,
882 1066 917 1093 τὰ
937 1065 992 1101 ἐμὰ

228 1116 291 1143 τέκνα
305 1115 453 1153 ζητοῦντες.
475 1116 555 1143 Ἐπεὶ
570 1115 599 1142 δὲ
617 1115 655 1151 μὴ
669 1113 805 1151 εὕρισκον,
819 1111 993 1149 παραμυθίας

229 1160 292 1196 χάριν
308 1161 376 1193 τινὲς
391 1161 447 1188 τῶν
470 1160 616 1196 φιλοξένων
632 1159 767 1194 γυναικῶν
784 1155 991 1194 προσελθοῦσαι,

228 1206 344 1242 διηγοῦντο
353 1207 455 1243 ἑκάστη
471 1206 507 1234 τὰ
523 1206 622 1242 ἑαυτῆς
632 1204 715 1237 κακὰ,
730 1204 774 1232 ἵνα
787 1205 820 1240 τῇ
827 1202 881 1230 τῶν
891 1202 992 1239 ὁμοίων

230 1253 349 1288 συμφορᾷ,
367 1252 545 1288 παραμυθίας
562 1252 646 1288 μέρος
659 1252 687 1278 ὲν
702 1252 760 1283 τοῖς
775 1250 851 1286 ἐμοῖς
866 1248 991 1285 εὕροιμι-

227 1296 238 1322 ὂ
250 1297 275 1332 δή
290 1306 319 1332 με
333 1299 379 1325 καὶ
395 1298 497 1334 μᾶλλον
508 1297 613 1330 ἐλύπει,
627 1296 676 1323 καὶ
687 1296 738 1332 τὴν
747 1295 837 1331 ψυχὴν
846 1294 891 1321 ἐπὶ
901 1294 992 1321 πλεῖον

228 1345 350 1381 κατήσθιε,
374 1345 511 1380 γυναικῶν
532 1345 579 1372 καὶ
605 1344 692 1372 ἄλλων
712 1343 864 1370 ἀκούουσαν
888 1350 993 1378 συμφο-

229 1390 272 1424 ράς.
288 1391 337 1418 Καὶ
350 1392 381 1427 δὴ
399 1392 447 1419 καὶ
459 1392 500 1423 είς
524 1391 611 1424 ξενίαν
631 1390 736 1417 πολλῶν
756 1398 789 1425 με
806 1388 883 1423 ἄγειν
903 1388 993 1421 ἀξιου-

228 1436 277 1468 σῶν,
288 1437 331 1472 μία
341 1446 382 1469 τις
395 1438 450 1465 τῶν
465 1436 581 1464 ἐνταῦθα
594 1435 720 1472 πενιχρὰ,
736 1435 821 1462 πολλὰ
829 1433 991 1470 βιασαμένη,

227 1482 258 1513 είς
272 1482 298 1509 τὸ
313 1484 407 1519 ἑαυτῆς
425 1483 513 1510 ἐλθεῖν
535 1483 662 1510 ἀνέπεισε
677 1481 861 1516 καταγώγιον,
880 1480 991 1516 Θάρσει,

227 1527 334 1562 λέγουσα·
351 1530 397 1556 καὶ
408 1530 464 1566 γὰρ
478 1531 493 1556 ὁ
508 1528 573 1564 ἐμὸς
588 1528 668 1564 ἀνὴρ,
687 1527 788 1562 ναύτης
801 1526 830 1553 δὲ
849 1522 925 1558 οὗτος
944 1523 991 1561 ἦν.

227 1554 282 1601 κατὰ
294 1554 650 1610 γόαλᾷξξαῖιῖέὸνζιξιέτὲάνζ
661 1554 804 1609 ’νεόπερά
821 1572 878 1599 ὢν*
896 1554 943 1599 καὶ
957 1554 990 1604 ἐξ
1003 1554 1024 1583 (³

228 1619 311 1647 ἐκείνου
325 1621 425 1649 πολλῶν
448 1630 484 1657 με
497 1620 643 1654 ἀξιούντων
657 1620 698 1651 εἰς
712 1619 801 1654 γάμον
820 1617 917 1650 ὲλθεϊν,
934 1616 990 1652 ἐγὼ

227 1667 330 1701 χηρεύειν
344 1667 463 1703 εἱλόμην,
482 1666 527 1694 τδν
543 1666 608 1701 ὲμδν
622 1665 707 1702 ἄνδρα
720 1663 854 1691 ποθοῦσα·
870 1663 945 1690 ἔσται
960 1662 990 1689 δὲ

228 1711 288 1738 κοινὰ
296 1713 365 1748 ἡμῖν,
386 1712 405 1739 ἃ.
419 1712 464 1739 διὰ
480 1711 580 1748 χειρῶν
591 1710 745 1746 ἀμφότεραι
766 1708 889 1745 πορίζειν
907 1707 989 1735 δυνά-

229 1758 290 1792 μεθα.
303 1759 353 1786 Καὶ
366 1758 451 1786 ταῦτα
473 1757 524 1794 μὲν
543 1757 644 1792 ἐκείνη.

254 1899 378 1930 LXXXVI.
395 1900 466 1936 Ἐγὼ
471 1901 511 1934 δὲ,
525 1900 568 1928 ίνα
574 1900 611 1936 μή
619 1908 660 1927 σοι
666 1898 779 1935 μηκύνω
784 1897 848 1929 τοὺς
854 1895 990 1932 ὑπὲρτού-

227 1954 261 1973 τω
266 1947 356 1982 λόγους,
360 1948 465 1984 συνῴκη
469 1947 592 1983 σαταύτῃ
599 1946 643 1976 διὰ
649 1947 699 1982 τὴν
709 1943 872 1980 φιλανδρίαν.
879 1943 916 1971 Οὺ
923 1942 990 1969 πολὺ

227 1992 250 2018 τὸ
259 1993 283 2020 ὲν
299 1994 376 2029 μέσῳ,
392 1995 438 2021 καὶ
454 1994 505 2030 τῆς
517 1992 690 2027 ταλαιπώρου
708 1991 757 2028 μὲν
774 1990 802 2017 al.
820 1991 910 2026 χεῖρες
923 1987 989 2024 ἐμοῦ

228 2037 268 2064 ὑπὸ
282 2039 329 2066 τῶν
343 2040 488 2076 δηγμάτων
506 2039 683 2074 παρείθησαν,
701 2037 749 2065 καὶ
768 2037 786 2073 ἡ
805 2034 989 2071 ὑποδεξαμένη

229 2091 254 2117 με
265 2083 322 2121 αὓτη
334 2085 399 2122 γυνὴ
416 2086 470 2113 ὑπὸ
480 2085 583 2116 πάθους
597 2083 670 2115 τινὸς
683 2082 730 2118 ὂλη
746 2080 912 2112 συνδεθεῖσα,
927 2088 990 2114 σχε-

227 2128 261 2155 δὸν
277 2130 389 2167 ἀκίνητος
407 2132 453 2158 ἐπὶ
473 2131 522 2167 τῆς
542 2129 631 2161 οἰκίας
650 2128 787 2165 ἔρριπται.
820 2125 896 2153 Ἐπεὶ
911 2122 958 2152 οὖν
976 2126 992 2152 δ

227 2175 270 2202 τῶν
282 2177 355 2204 πάλαι
371 2177 507 2212 γυναικῶν
526 2176 600 2208 ἕλεος
614 2175 666 2211 ήδη
684 2174 878 2210 παρήκμασεν,
893 2170 948 2206 ἐγὼ
959 2170 989 2198 δὲ

228 2221 288 2257 καὶὴ
302 2224 356 2250 κατ’
380 2222 463 2256 οἷκον,
482 2222 634 2258 ἀμφότεραι
655 2220 808 2255 συμφοραῖς
826 2217 923 2252 ἐπίσης
940 2225 987 2243 κε-
1004 2227 1026 2255 ι)

228 2267 339 2302 metu,
356 2268 503 2304 καθέζομαι
516 2266 574 2300 νῦν,
592 2266 631 2298 ὡς
648 2266 724 2301 ὁρᾷς,
741 2263 858 2291 ἐνταῦθα
871 2270 986 2298 προσαι-

228 2311 303 2345 mica,
317 2315 360 2341 καὶ
375 2311 411 2342 ὧν
421 2315 454 2342 ἃν
471 2313 625 2349 εὐπορήσω,
641 2310 717 2338 κοινὰ
729 2308 876 2344 ποιουμένη
892 2307 939 2334 καὶ
952 2308 985 2343 τῇ

230 2359 423 2397 συνταλαιπώρῳ.
441 2360 498 2387 Καὶ
508 2360 543 2386 τὰ
560 2358 609 2394 μὲν
625 2356 680 2393 ὲμὰ
693 2355 788 2383 τοῦτον
803 2354 859 2390 ἔχει
869 2353 915 2381 τὸν
925 2353 987 2389 τρό-

229 2410 276 2429 πην-
298 2405 387 2433 Λοιπὸν
397 2407 418 2422 δ’
435 2406 468 2433 σὺ
492 2405 529 2441 μὴ
546 2403 673 2440 κωλύσῃς
694 2402 745 2438 τὴν
761 2401 905 2436 ὑπόσχεσιν
918 2399 987 2434 πλη-

231 2448 298 2487 ρῶσαι
310 2450 352 2477 τοῦ
367 2451 455 2479 δοῦναι
476 2450 507 2477 τὸ
524 2449 678 2485 φάρμακον,
703 2447 778 2478 ὅπως
799 2446 845 2473 καὶ
866 2446 900 2481 τῇ
923 2453 986 2471 συν-

230 2493 283 2530 οίκῳ
296 2496 376 2524 θανεῖν
398 2495 567 2532 ἐπιθυμούσῃ
578 2515 586 2528 ,
615 2493 663 2521 τοῦ
679 2492 800 2524 δοθέντος
815 2491 986 2526 κοινωνήσω,

230 2538 284 2575 ιάτὴ
294 2549 320 2567 τε
336 2541 513 2578 μετασχοῦσα,
529 2542 577 2576 τῆς
593 2539 667 2575 ζωῆς
680 2537 783 2574 ταύτης
796 2537 891 2565 θᾶττον
904 2535 990 2563 ἁπαλ-

232 2585 298 2619 λαγῶ.

259 2681 394 2714 LXXXVII.
405 2686 496 2714 Ταῦτα
509 2685 560 2721 τῆς
568 2684 696 2719 γυναικὸς
704 2683 843 2720 είπούσης,
857 2685 871 2711 ὸ
883 2683 984 2718 Πέτρος

614 134 846 165 CLEMENTINA.
867 148 902 154 —
920 129 1071 160 EPITOME
1088 130 1132 159 DE
1151 129 1275 159 GESTIS
1293 129 1322 157 S.
1342 126 1455 155 PETRI.

1772 119 1824 147 530

1041 191 1102 219 viro
1114 191 1221 219 narravi
1235 211 1244 225 ,
1258 191 1356 218 timore
1370 194 1470 223 magno
1479 187 1643 217 commotus,
1656 188 1700 209 me
1713 186 1741 208 et
1754 180 1822 208 duos

1043 238 1127 271 ﬁlios,
1136 243 1284 272 servosque
1295 241 1322 264 et
1334 234 1457 266 ancillas,
1466 236 1548 267 atque
1558 229 1669 257 multam
1681 226 1823 263 pecuniam

1042 284 1070 312 in
1085 291 1181 311 navem
1198 283 1355 318 imponens,
1381 280 1502 307 Athenas
1528 275 1612 308 misit,
1631 273 1766 309 iussitque
1780 274 1824 318 Aut

1042 333 1170 357 natorum
1184 316 1333 356 eruditioni
1353 332 1493 356 vacarem,
1506 321 1611 355 Quoad,
1625 319 1723 354 inquit,
1738 316 1823 344 visio-

1041 376 1086 405 nis
1105 375 1211 403 auctori
1231 373 1364 410 placuerit
1383 371 1471 400 redire
1493 374 1529 397 te.
1544 368 1636 402 Itaque
1649 373 1698 401 ego
1712 364 1823 410 misera,

1041 429 1096 450 una
1107 429 1170 450 curn
1184 408 1276 448 liberis
1290 419 1388 454 navigo
1396 438 1404 452 ,
1424 421 1452 445 et
1465 418 1607 444 ventorum
1618 413 1644 440 vi
1655 410 1783 447 projicior
1796 408 1824 435 in

1041 467 1100 495 hac
1114 467 1190 499 loca,
1211 465 1329 501 navique
1343 467 1427 491 noctu
1442 461 1585 493 dissoluta,
1601 460 1628 486 in
1649 456 1823 492 naufragium

1041 513 1198 542 incidimus.
1213 511 1329 539 Mortuis
1345 514 1436 538 autem
1452 507 1591 540 omnibus,
1606 513 1661 534 una
1682 512 1732 539 ego
1753 502 1824 530 infe-

1041 560 1090 592 lix,
1105 558 1212 594 magnis
1220 557 1320 593 iactata
1340 555 1478 588 ﬂuctibus,
1493 554 1519 581 in
1535 559 1631 581 saxum
1644 551 1729 586 ejecta
1745 557 1823 577 sum:

1042 605 1069 633 in
1088 612 1144 640 quo
1167 603 1278 637 sedens,
1298 602 1363 638 quia
1389 609 1433 629 me
1456 604 1535 628 natos
1556 599 1634 626 vivos
1655 601 1824 631 reperturum

1041 649 1185 685 sperabam
1200 669 1208 682 ,
1232 648 1259 675 in
1282 648 1394 682 pelagus
1407 653 1451 674 me
1467 652 1522 673 non
1536 644 1621 679 dejeci
1660 647 1718 671 tum
1732 660 1740 672 ,
1758 647 1822 669 cum

1040 698 1069 722 et
1088 694 1208 721 animum
1227 693 1359 720 habebant
1374 690 1476 719 doloris
1494 690 1621 717 ﬂuctibus
1634 688 1690 724 jam
1707 687 1823 720 ebrium,

1041 746 1068 770 et
1082 742 1135 769 hoc
1146 740 1236 770 facere
1250 740 1330 769 facile
1343 744 1476 775 poteram.

1076 873 1208 903 LXXXV.
1226 873 1326 901 Verum
1351 872 1399 900 ubi
1418 872 1519 906 illuxit,
1541 872 1687 907 plurimum
1703 870 1826 898 clamans

1041 925 1069 950 et
1081 920 1274 949 miserabiliter
1285 919 1405 954 ejulans,
1420 918 1687 953 circumspiciebam,
1701 923 1826 952 quaerens

1042 968 1192 996 infelicium
1210 967 1359 995 liberorum
1379 974 1502 996 meorum
1518 965 1661 993 cadavera.
1677 963 1761 999 Igitur
1772 963 1827 990 mi-

1041 1013 1191 1042 sericordia
1206 1011 1280 1040 ducti
1301 1010 1422 1046 regionis
1446 1010 1519 1037 illius
1531 1009 1669 1040 homines,
1685 1011 1712 1035 et
1724 1007 1825 1034 nudam

1042 1058 1143 1092 intuiti,
1172 1058 1330 1086 induerunt.
1356 1056 1396 1084 Ac
1426 1055 1524 1083 deinde
1552 1054 1636 1082 maris
1659 1053 1824 1088 profundum

1041 1104 1156 1133 scrutati
1172 1107 1248 1136 sunt,
1273 1105 1427 1138 quaerentes
1446 1104 1525 1128 natos
1539 1107 1624 1128 meos.
1648 1099 1680 1126 Et
1693 1099 1757 1133 quia
1770 1106 1825 1124 non

1042 1150 1227 1183 inveniebant,
1250 1147 1389 1176 nonnulla:
1414 1146 1564 1181 hospitales
1587 1145 1714 1172 mulieres
1727 1151 1826 1171 conso-

1041 1194 1116 1223 landi
1132 1194 1186 1222 mei
1199 1194 1286 1230 gratia
1305 1195 1481 1221 accesserunt
1494 1213 1502 1225 ,
1517 1196 1544 1219 et
1559 1198 1608 1218 sua
1623 1189 1737 1225 singulae
1753 1189 1825 1216 mala

1042 1240 1227 1274 enarrahant,
1244 1244 1275 1267 ut
1290 1238 1422 1267 similium
1442 1237 1597 1265 calamitate
1607 1240 1712 1271 partem
1728 1242 1826 1263 conso-

1042 1287 1153 1315 lationis
1177 1286 1205 1314 in
1225 1285 1294 1313 meis
1310 1283 1523 1313 adversitatibus
1542 1282 1716 1310 nanciscerer
1732 1290 1738 1308 :
1752 1281 1825 1316 quod

1041 1337 1115 1361 certe
1130 1340 1173 1360 me
1186 1332 1274 1367 magis
1286 1331 1441 1366 torquebat,
1458 1329 1634 1363 animumque
1645 1327 1706 1362 plus
1720 1327 1825 1354 lacen-

1042 1379 1099 1411 bat,
1120 1378 1185 1406 dum
1205 1378 1320 1405 aliarum
1344 1376 1490 1404 mulierum
1509 1373 1678 1402 calamitates
1689 1373 1823 1400 audirem.

1041 1424 1175 1452 Ceterum
1198 1431 1261 1452 cum
1285 1423 1378 1451 multa:
1393 1430 1436 1450 me
1459 1421 1578 1457 hospitio
1600 1421 1720 1456 recipere
1741 1427 1825 1454 cupe-

1042 1474 1113 1503 rent.
1127 1469 1251 1505 quaedam
1264 1469 1325 1504 ejus
1342 1468 1396 1496 loci
1406 1467 1571 1504 paupercula
1584 1487 1592 1500 ,
1611 1466 1697 1493 multa
1709 1466 1734 1492 vi
1747 1464 1825 1492 adhi—

1042 1515 1098 1543 bita
1123 1515 1260 1550 persuasit
1281 1518 1311 1542 ut
1333 1514 1366 1542 ad
1382 1521 1463 1542 suum
1477 1512 1645 1542 domicilium
1664 1519 1823 1547 pergerem:

1040 1561 1163 1595 Conﬁde,
1172 1561 1276 1594 dicens,
1289 1560 1390 1588 etenim
1401 1559 1444 1587 vir
1454 1566 1532 1586 meus
1543 1561 1601 1586 erat
1625 1556 1684 1592 ipse
1720 1561 1803 1584 nauta
1815 1579 1823 1590 ,

1040 1606 1068 1633 in
1083 1606 1149 1634 mari
1172 1606 1318 1634 admodum
1336 1604 1446 1641 juvenis
1466 1604 1549 1637 obiit,
1566 1608 1648 1638 atque
1660 1603 1695 1630 ab
1708 1610 1741 1630 eo
1757 1606 1825 1629 tem-

1039 1659 1116 1688 pore,
1140 1652 1203 1680 licet
1223 1651 1301 1679 multi
1316 1651 1440 1686 rogarint
1455 1658 1498 1678 me
1513 1655 1543 1677 ut
1557 1649 1666 1684 nuptias
1680 1648 1824 1676 contrahe-

1039 1706 1108 1732 rem,
1120 1705 1171 1734 ego
1185 1698 1236 1726 viri
1251 1698 1305 1725 mei
1322 1697 1472 1730 desiderio,
1488 1703 1567 1732 agere
1581 1695 1609 1724 in
1621 1694 1750 1722 viduitate
1766 1701 1825 1720 ma—

1039 1743 1078 1771 lui
1093 1753 1099 1771 :
1115 1748 1198 1771 erunt
1213 1747 1304 1771 autem
1319 1743 1390 1771 inter
1404 1750 1454 1770 nos
1470 1741 1637 1774 communia,
1655 1747 1824 1775 quaecunque

1040 1789 1167 1816 matribus
1187 1788 1274 1816 amba:
1293 1788 1447 1824 poterimus
1467 1793 1636 1822 comparare.
1657 1785 1745 1820 Atque
1765 1785 1823 1820 ipsa

1040 1834 1182 1863 hactenus.

1075 1889 1219 1918 LXXXVI.
1233 1889 1290 1925 Ego
1303 1897 1368 1918 vero
1384 1898 1391 1917 :
1403 1888 1442 1917 Ne
1460 1889 1508 1917 tibi
1522 1896 1676 1917 sermonem
1693 1889 1727 1917 de
1738 1888 1782 1916 his
1795 1889 1822 1915 in

1040 1936 1152 1972 longum
1162 1936 1317 1971 protraham
1327 1956 1335 1969 ,
1357 1943 1420 1963 cum
1439 1942 1472 1963 ea
1484 1935 1613 1965 habitavi.
1625 1939 1736 1970 propter
1746 1942 1823 1962 amo-

1040 1989 1098 2018 rem
1120 1989 1175 2016 quo
1199 1981 1328 2010 maritum
1354 1979 1579 2015 prosequebatur.
1621 1979 1676 2007 Nec
1707 1981 1821 2009 multum

1041 2031 1148 2062 tempus
1166 2026 1358 2054 intermedium
1373 2025 1435 2059 fuit,
1458 2026 1568 2062 quando
1580 2029 1609 2054 et
1626 2034 1693 2054 meae
1713 2035 1822 2061 manus,

1041 2072 1158 2100 infelicis
1176 2072 1310 2104 mulieris,
1329 2072 1468 2100 morsibus
1482 2072 1630 2100 debilitata:
1646 2077 1724 2107 sunt,
1749 2078 1777 2101 et
1790 2082 1823 2102 ea

1040 2118 1140 2145 mulier
1150 2125 1212 2153 quae
1227 2125 1272 2145 me
1284 2122 1454 2152 susceperat,
1467 2117 1566 2145 morbo
1575 2118 1695 2153 quodam
1709 2123 1765 2147 tota
1775 2127 1824 2147 oc-

1038 2168 1149 2199 cupata,
1167 2163 1224 2192 fere
1243 2163 1393 2192 immobilis
1406 2163 1481 2191 domi
1497 2163 1594 2199 jacuit.
1611 2163 1744 2197 Quoniam
1759 2173 1824 2201 ergo

1040 2209 1229 2238 misericordia
1252 2209 1411 2242 mulierum,
1433 2217 1494 2244 quae
1514 2209 1578 2237 olim
1598 2210 1823 2238 commiseresce-

1039 2256 1116 2288 bant,
1130 2255 1188 2290 jam
1200 2254 1321 2291 vigorem
1336 2255 1437 2287 amisit,
1454 2261 1486 2282 ac
1499 2261 1560 2289 ego,
1575 2258 1601 2282 et
1613 2255 1657 2282 illa
1669 2255 1760 2283 clausa
1772 2255 1823 2284 do-

1040 2302 1088 2334 mi,
1102 2301 1188 2328 ambae
1201 2300 1318 2329 miseriis
1328 2308 1361 2328 ex
1375 2307 1453 2335 :cquo
1464 2300 1582 2333 utimur;
1599 2308 1680 2333 nunc,
1693 2306 1724 2329 ut
1736 2301 1821 2335 vides,

1039 2346 1084 2375 hic
1095 2346 1176 2375 sedeo
1186 2346 1284 2382 stipem
1298 2351 1402 2381 petens,
1414 2350 1441 2373 et
1453 2353 1515 2381 quae
1523 2345 1589 2373 mihi
1604 2347 1821 2382 suppeditantur,

1038 2392 1195 2420 communia
1208 2392 1285 2426 facio
1299 2400 1360 2419 cum
1377 2392 1423 2419 illa
1447 2392 1549 2427 pariter
1562 2392 1673 2420 misera.
1694 2392 1734 2420 Ac
1755 2400 1823 2421 meat

1038 2438 1147 2474 quidem
1159 2446 1203 2466 res
1213 2438 1265 2466 hoc
1273 2438 1354 2465 modo
1366 2445 1396 2465 se
1407 2438 1517 2465 habent.
1532 2437 1671 2473 Superest,
1681 2443 1710 2466 ut
1725 2443 1751 2466 te
1766 2446 1821 2466 non

1039 2485 1164 2514 inhibeas
1176 2485 1204 2512 in
1215 2484 1377 2519 complenda
1389 2491 1422 2511 eo
1433 2484 1505 2519 quod
1519 2484 1679 2519 promisisti,
1693 2485 1820 2513 daturum

1039 2535 1066 2558 te
1080 2531 1275 2566 pharmacum;
1294 2537 1350 2565 quo
1366 2533 1394 2557 et
1411 2537 1473 2557 cum
1494 2530 1693 2563 centubernali,
1706 2535 1820 2558 mortem

1040 2582 1162 2612 optante,
1189 2577 1261 2612 quod
1282 2576 1389 2604 dederis
1413 2576 1623 2610 communicem,
1647 2581 1674 2605 et
1697 2585 1747 2612 ego
1774 2586 1821 2606 su-

1041 2631 1129 2654 mens,
1146 2622 1198 2650 hac
1212 2623 1266 2650 vita
1281 2621 1362 2650 citius
1381 2621 1488 2650 liberer.

1077 2676 1230 2705 LXXXVII.
1252 2676 1316 2705 llaec
1329 2676 1434 2706 dicente
1452 2675 1582 2711 muliere,
1599 2676 1696 2707 Petrus
1719 2678 1822 2714 cogite-

837 2752 954 2782 VARLE
974 2751 1174 2780 LECTIONES.

264 2827 284 2846 “
301 2829 333 2858 al.
343 2831 539 2869 διαψεύσασθαι.
579 2835 601 2852 δ’
621 2834 655 2862 al.
669 2835 752 2863 inser.
769 2832 824 2862 οὖν.
