2290 3110
596 114 643 142 ῑόι

1035 118 1066 146 S.
1088 118 1283 147 CLEMENTIS
1299 119 1312 147 l
1335 110 1420 148 ROM.
1439 120 1541 149 PONT.
1561 121 1678 150 OPERA
1697 123 1812 152 DUBIA.
2160 124 2200 153 531

593 171 716 200 tionibus
731 176 804 201 stare
822 181 973 208 suspensus
995 173 1148 201 videbatur.
1167 173 1223 209 Ego
1242 181 1308 202 vero
1331 182 1378 203 su-
1391 177 1416 207 Α
1428 176 1497 203 eum.

1294 181 1308 202 ο
1331 182 1378 203 su-
1391 177 1416 207 Α
1428 176 1621 214 ὑπολογισμιῦν
1627 178 1749 206 ἵστασθαι
1757 179 1989 215 μετέωροςὲδάκει.
1999 179 2198 215 Ἑγὼδὲὲπιπὰς

593 219 766 253 perveniens,
784 223 812 247 et
826 220 989 255 magistrum
1004 227 1069 248 cum
1092 219 1206 248 muliere
1220 221 1379 256 colloquen-

594 267 650 291 tem
674 264 712 292 ita
736 270 861 293 nactus:
887 264 1070 299 Iamdudum,
1095 265 1223 300 inquam,
1247 267 1379 296 oberrans

594 311 749 343 quaerebam
764 316 804 344 te;
827 316 854 340 et
867 320 941 340 nunc
953 312 1019 347 quid
1036 311 1190 340 faciendum
1211 313 1270 341 est?
1284 313 1379 342 Petrus

595 357 686 381 autem
708 354 862 390 imperavit,
883 361 914 384 ut
938 357 1127 391 praecederem,
1145 365 1177 385 ac
1196 358 1223 385 in
1246 359 1308 386 navi
1330 367 1380 386 ex-

595 403 760 433 spectarem.
775 400 809 429 Et
823 401 887 437 quia
902 410 958 429 non
976 402 1075 430 licebat
1089 403 1275 432 contradicere
1291 405 1315 432 ei
1333 405 1381 440 qui

595 444 633 471 ita
647 448 908 483 praeceperat,un
923 447 1011 476 fuerat
1020 448 1129 484 jussum
1148 449 1210 477 feci.
1226 450 1261 477 At
1271 450 1379 486 Petrus,

595 494 626 517 ut
650 490 707 526 ipse
731 492 799 520 mihi
826 497 925 521 cuncta
948 498 1042 528 postea
1063 496 1206 530 exposuit,
1225 496 1382 532 suspicione

594 537 692 572 exigua
707 537 734 565 in
748 543 857 573 pectore
868 540 1003 575 pulsatus,
1019 540 1204 576 interrogabat
1227 543 1380 576 mulierem,

594 582 689 611 dicens
704 593 711 611 :
727 583 810 612 Refer
825 585 902 619 mihi,
917 585 1029 621 femina,
1041 595 1127 622 genus
1138 593 1166 615 et
1180 588 1328 622 civitatem,
1344 594 1382 616 at-

595 637 650 663 que
670 630 752 658 etiam
776 630 923 660 liberorum
943 633 1073 668 nomina,
1094 634 1241 670 statimque
1261 635 1381 663 medica-

595 680 716 703 mentum
733 677 783 705 tibi
799 678 914 706 tradam.
929 679 977 707 Illa
1001 688 1077 714 vero,
1099 689 1161 716 qua:
1175 686 1328 717 cogeretur,
1350 690 1383 710 ac

595 721 680 749 nollet
694 722 804 757 quidem
815 723 917 758 dicere,
929 729 957 752 et
967 729 1057 754 tamen
1072 727 1249 761 pharmaeum
1261 729 1384 763 accipere

595 771 716 801 cuperet,
730 768 757 796 id
778 775 931 799 commenta
944 777 996 806 est,
1013 777 1043 800 ut
1056 780 1106 807 pro
1121 773 1182 801 aliis
1201 773 1301 801 diceret
1317 774 1381 807 alia,

596 809 732 845 simulque
745 819 775 840 se
790 812 935 848 Epllesiam
950 823 1011 844 esse
1022 818 1217 851 pronuntiavit,
1233 819 1322 846 virum
1340 819 1383 847 Si-

1430 223 1478 250 καὶ
1491 223 1536 250 τὸν
1549 223 1708 251 διδάσκαλον
1720 226 1752 260 τῇ
1768 226 1878 260 γυναικὶ
1896 227 2134 261 κοινολογούμενον
2145 224 2199 253 οὕτω

1430 269 1599 302 ηταλαῦών,
1614 270 1661 297 Ἐκ
1676 270 1772 297 πολλοῦ
1785 279 1814 298 σε
1830 272 2051 308 περιερχόμενος.
2065 271 2139 307 ἔφην,
2151 273 2200 307 ὲζή.

1429 323 1502 342 τουν·
1528 316 1619 343 καὶτὰ
1631 316 1689 350 νῦν,
1705 317 1733 344 τί
1746 318 1890 353 ποιητέον;
1911 318 1939 345 '0
1952 318 1979 344 δὲ
1999 318 2104 354 Πέτρος
2121 318 2201 352 προσέ-

1430 360 1494 393 ταξέ
1515 369 1560 397 μοι
1581 362 1763 397 προαγαγόντι
1788 363 1879 399 μένειν
1900 364 1946 390 ἐπὶ
1967 363 2014 390 τοῦ
2040 363 2141 389 πλοίου.
2158 363 2200 389 Καὶ

1430 406 1524 444 ἐπειδὴ
1542 408 1678 435 ἀντειπεῖν
1694 406 1789 445 οὑκ-ἦν
1809 409 1882 436 οὕτω
1906 409 2076 441 κελεύσαντι,
2093 408 2200 444 τὺ-προς-

1431 451 1530 487 ταχθὲν
1556 453 1675 480 ἐποίουν.
1702 454 1731 481 '0
1753 454 1782 481 δὲ
1801 454 1904 490 Πέτρος
1925 455 2011 490 μικρᾷ
2033 463 2089 481 τινι
2107 454 2199 488 ὑποψίᾳ,

1431 497 1470 529 ὡς
1484 498 1566 530 αὑτός
1580 507 1626 534 μοι
1639 499 1728 526 πάντα
1745 499 1858 536 ὕστερον
1878 500 2034 536 διεγήσατο,
2055 499 2200 534 παλλόμενος

1431 545 1480 580 τὴν
1494 545 1615 581 καρδίαν,
1631 545 1794 572 ἐπυνθάνετο
1804 545 1856 581 τῆς
1873 546 2001 580 γυναικὸς
2026 545 2123 580 λέγων·
2148 545 2200 571 Εἰπὲ

1434 599 1491 626 μοι,
1505 591 1594 624 γύναι,
1610 591 1640 618 τὸ
1657 591 1735 626 γένος
1752 592 1799 618 καὶ
1810 592 1860 627 τὴν
1882 591 1968 624 πόλιν,
1983 592 2031 618 καὶ
2049 592 2104 618 τῶν
2119 591 2200 617 τέκνων

1431 635 1463 672 δὴ
1482 635 1517 662 τὰ
1537 636 1666 672 ὀνόματα,
1681 638 1729 664 καὶ
1742 638 1914 673 παραχρῆμα
1932 637 2029 673 δίδωμι
2045 635 2093 664 ’σοι
2111 645 2136 664 σο
2149 638 2200 672 φάρ-

1434 691 1530 718 μακον,
1552 683 1584 709 Ἦ
1599 683 1628 709 δὲ
1646 683 1792 719 βιαζομένη
1809 684 1868 719 μὲν,
1882 685 1929 711 καὶ
1941 685 2029 711 εἰπεῖν
2049 689 2100 710 an
2116 683 2201 710 ἐθέλου-

1433 736 1477 760 σα,
1493 728 1523 755 τὸ
1536 728 1679 764 φάρμακον
1691 729 1719 755 δὲ
1732 729 1807 765 ὅμως
1822 730 1952 766 ὲφιεμένη
1963 729 2068 761 λαϐεῖν,
2082 729 2201 764 Euboicam

1432 775 1493 802 ἀντὶ
1510 774 1596 801 ἄλλων
1611 776 1697 802 εἰπεῖν
1709 775 1800 812 ἕτερα,
1814 777 1861 803 καὶ
1879 777 1955 811 ὁμῶς
1967 776 2055 811 αὐτὴν
2078 776 2124 811 μὲν
2142 775 2200 809 Ἔφε-

1435 820 1494 846 σιαν
1507 818 1574 846 εἶναι
1588 820 1682 855 ἔφησε,
1700 821 1746 848 τὸν
1767 821 1850 857 ἄνδρα
1864 821 1893 848 δὲ
1913 821 2023 848 Σικελὸν
2033 841 2041 853 ,
2056 821 2166 853 όσαὺτως
2180 821 2200 847 δὲ

596 854 704 889 culum;
721 856 846 885 similiter
866 867 976 894 quoque
999 861 1080 888 trium
1103 869 1252 896 puerorum
1271 864 1381 891 nomina
1399 861 1419 890 B
1433 865 1500 892 καὶε

1295 864 1381 891 Limina
1399 861 1419 890 Β
1433 865 1547 892 καὶτῶν
1568 854 1653 901 τριῶν
1674 866 1775 893 παίδων
1795 854 1900 902 ἧμειψε,
1917 866 1952 893 τὰ
1976 867 2107 903 ὀνόματα.
2131 868 2199 894 Καὶᾶ

596 902 784 929 commutavit.
807 902 876 930 Tum
901 903 1010 936 Petrus,
1033 906 1182 934 arbitratus
1205 916 1265 935 eam
1287 917 1380 936 verum

595 945 707 973 dicere:
722 946 791 981 Heu,
809 949 916 982 mulier,
931 950 1032 985 inquit,
1048 952 1240 981 existimabam
1261 962 1306 982 me
1324 963 1382 982 ma-

595 999 676 1026 gnam
691 991 810 1021 laetitiam
822 994 954 1024 hodierno
964 997 1008 1024 die
1017 998 1176 1032 allaturum,
1188 1001 1344 1035 suspicatus
1358 1007 1383 1029 te

595 1038 741 1071 quamdam
751 1046 821 1074 esse,
830 1040 960 1075 cujusres
971 1042 1074 1076 audivi,
1084 1045 1201 1079 etprobe
1211 1046 1284 1073 novi.
1293 1047 1327 1074 At
1337 1047 1383 1075 illa

596 1083 731 1118 adjuravit
739 1092 812 1119 eum,
823 1086 931 1115 dicens:
943 1087 997 1116 Oro
1007 1093 1042 1122 te,
1050 1089 1121 1117 refer
1132 1091 1210 1126 mihi,
1221 1099 1276 1127 quo
1284 1093 1381 1128 sciam,

597 1132 688 1156 utrum
702 1130 772 1158 inter
782 1132 910 1160 mulieres
921 1133 956 1161 sit
970 1133 1023 1161 alia
1037 1136 1173 1170 quaepiam
1182 1144 1225 1165 me
1236 1137 1380 1166 infelicior.

633 1173 800 1203 LXXXVIII.
821 1177 854 1205 Et
867 1177 975 1213 Petrus,
991 1180 1099 1208 mentiri
1118 1181 1253 1216 nesciens,
1271 1187 1298 1210 et
1315 1183 1383 1211 alio-

596 1220 643 1254 qui
659 1221 847 1250 misericordia
863 1232 925 1259 erga
942 1225 1017 1252 illam
1033 1226 1178 1261 adductus,
1193 1228 1267 1263 quod
1286 1237 1382 1258 verum

596 1269 656 1292 erat
671 1267 752 1301 coepit
767 1267 858 1296 dicere
871 1268 933 1296 :Est
951 1270 1017 1297 mihi
1039 1271 1150 1306 quidam
1159 1273 1280 1308 juvenis,
1293 1281 1309 1302 ο
1322 1283 1384 1303 mu-

596 1311 658 1344 lier,
671 1320 827 1341 sermonum
841 1314 875 1342 ad
887 1316 990 1343 cultum
1003 1315 1049 1344 Dei
1062 1318 1244 1352 spectantium
1255 1320 1381 1355 cupidus,

597 1361 626 1384 et
637 1358 704 1385 civis
725 1358 877 1393 Romanus,
892 1360 948 1396 :qui
972 1361 1039 1389 mihi
1067 1362 1190 1390 narravit
1212 1371 1267 1398 quo
1288 1365 1382 1399 modo,

598 1409 660 1429 cum
677 1403 788 1431 haberet
809 1410 925 1440 patrem,
941 1413 974 1434 ac
985 1405 1055 1435 duos
1075 1406 1174 1435 fratres
1188 1408 1321 1443 geminos,
1335 1418 1383 1438 ne-

599 1449 699 1477 minem
711 1457 805 1478 eorum
820 1451 932 1480 videret.
951 1451 1019 1480 Nam
1033 1459 1129 1487 mater,
1143 1455 1382 1491 quemadmodum,

599 1493 698 1528 inquit,
714 1495 780 1522 mihi
800 1498 1031 1526 commemorabat
1052 1503 1138 1534 pater,
1154 1500 1213 1527 viso
1234 1501 1380 1536 insomnio,

1432 911 1534 947 Πέτρος
1548 911 1648 947 οἰηθεὶς
1660 912 1742 948 αὐτὴν
1758 911 1910 948 ἀληθεύειν,
1920 913 2011 948 Οτμοι,
2025 913 2114 947 γύναι,
2127 913 2198 947 φησὶν,

1432 954 1555 991 ἐνόμιζον
1569 957 1690 992 μεγάλην
1700 957 1761 984 τινὰ
1768 957 1854 993 χαρὰν
1862 959 1895 993 τῇ
1905 958 2026 994 σήμερον
2036 959 2112 993 ἄγειν
2119 960 2199 994 ἡμέρᾳ,

1432 1001 1574 1029 ὑπολαὸών
1595 1003 1625 1029 σέ
1644 1011 1706 1030 τινα
1729 1001 1808 1036 εἶναι,
1822 1000 1856 1039 ἧς
1875 1002 1910 1030 τὰ
1931 1004 2084 1039 πράγματα
2105 1004 2201 1035 ἀκούσας

1432 1048 1555 1084 ἀκριϐῶς
1567 1049 1726 1085 ἐπίσταμαι.
1741 1050 1774 1076 Ἡ
1787 1050 1815 1076 δὲ
1827 1048 1957 1085 ἐξώρκισε
1973 1049 2101 1085 λέγουσα·
2121 1050 2200 1084 Δέομαί

1434 1105 1491 1128 σου,
1507 1096 1569 1123 εἰπέ
1584 1105 1638 1132 μοι,
1662 1097 1705 1124 ῐνα
1723 1096 1786 1124 εῑδῶ
1799 1098 1824 1124 εἰ
1843 1097 1901 1125 ἐστι
1920 1106 1962 1130 τις
1977 1099 2006 1125 ὲν
2022 1097 2140 1132 γυναιξὶν
2149 1096 2199 1131 ἄλλη

1433 1142 1585 1178 ἀθλιωτέρα
1600 1141 1677 1178 ἐμοῦ.

1469 1187 1634 1216 LXXXVIII.
1650 1189 1704 1215 Καὶ
1718 1189 1732 1216 ὁ
1745 1188 1847 1224 Πέτρος
1854 1189 1998 1224 ψεύδεσθαι
2013 1189 2066 1216 οὐκ
2077 1188 2155 1220 εἰδὼς,
2166 1188 2199 1214 ui

1433 1234 1520 1266 ἄλλως
1527 1233 1579 1261 ὑπὸ
1588 1233 1680 1265 ὲλέονς
1687 1234 1733 1260 τοῦ
1742 1234 1810 1270 πρὸς
1819 1235 1904 1270 αὐτὴν
1915 1234 2073 1270 ἑλκόμενος,
2085 1235 2114 1261 τὸ
2122 1233 2199 1268 ἀληθὲς

1433 1279 1522 1314 λέγειν
1536 1278 1733 1314 ἧρξατο·Ἐμοί
1741 1286 1783 1310 τις
1796 1278 1855 1305 ἐστὶ
1867 1279 1984 1310 νεανίας,
1995 1275 2020 1304 ὧ
2031 1278 2119 1313 γύναι,
2130 1276 2174 1303 τῶν
2183 1275 2199 1291 ⁸⁸

1433 1326 1482 1361 τῆς
1493 1325 1645 1357 θεοσεϐείας
1655 1324 1816 1361 ὀρεγόμενος
1827 1325 1914 1359 λόγων
1925 1325 1958 1357 ⁸⁸,
1978 1324 2120 1360 Ῥωμαίων
2132 1323 2200 1357 ὑπάρ-

1433 1380 1488 1407 χων
1494 1371 1614 1406 πολίτης,
1623 1371 1696 1402 ὅστις
1704 1379 1747 1406 μοι
1753 1370 1896 1406 διηγεῖται,
1905 1371 1963 1402 πῶς
1969 1370 1991 1386 ⁵²
1997 1370 2105 1406 πατέρα
2113 1378 2139 1395 τε
2147 1369 2200 1403 ἔχων

1434 1418 1480 1445 καὶ
1490 1417 1618 1452 ἀδελφοὺς
1631 1417 1677 1443 δύο
1691 1416 1827 1452 διδύμους,
1839 1417 1934 1444 οὐδένα
1949 1416 2055 1444 τούτων
2077 1416 2133 1452 ὁρᾷ.
2148 1415 2199 1440 "llr:

1433 1465 1487 1500 γὰρ
1503 1465 1604 1500 μήτηρ,
1621 1463 1659 1495 ὡς
1674 1463 1688 1489 ὁ
1704 1463 1805 1499 πατὴρ,
1819 1463 1894 1499 φησὶ,
1909 1463 2032 1498 διηγεῖτό
2048 1471 2102 1498 μοι,
2119 1461 2199 1494 ὄνειρον

1436 1510 1536 1542 ἰδοῦσα,
1556 1510 1606 1545 τῆς
1626 1509 1768 1544 Ῥωμαίων
1785 1508 1888 1540 πόλεως
1902 1509 1948 1535 ὲπὶ
1965 1508 2063 1544 χρόνον
2078 1506 2135 1534 τινὰ
2145 1505 2199 1539 ἐξῄει

598 1547 632 1567 ex
649 1540 714 1568 urbe
730 1541 815 1569 Roma
830 1543 863 1570 ad
878 1544 1016 1578 quoddam
1027 1548 1135 1580 tempus
1151 1554 1205 1574 una
1220 1554 1281 1574 cum
1298 1549 1384 1583 gemi-
1397 1543 1418 1572 C
1437 1555 1502 1592 μετά

1298 1549 1384 1583 εθηιί-
1397 1543 1418 1572 C
1437 1555 1505 1592 μετὰ
1515 1540 1568 1582 ὧν
1582 1540 1699 1590 διδύμαιν
1712 1554 1798 1589 αὐτῆς
1811 1553 1922 1586 τέκνων,
1935 1540 2033 1588 ἴνα-μὴ
2048 1551 2122 1586 κακῷ
2128 1550 2198 1576 τελευ-

599 1586 642 1613 nis
664 1587 722 1614 suis
735 1588 806 1616 natis
829 1589 923 1621 exivit,
941 1598 975 1618 ne
991 1591 1090 1618 misera
1113 1597 1201 1620 morte
1226 1592 1381 1629 decederet;

599 1636 681 1667 atque
695 1641 757 1660 cum
774 1634 827 1662 illis
847 1643 967 1671 egressa,
989 1644 1062 1664 nunc
1084 1645 1137 1664 non
1154 1638 1291 1666 invenitur
1304 1649 1310 1667 :
1323 1640 1384 1675 ejus

599 1681 691 1705 autem
710 1679 761 1712 vir,
778 1685 855 1715 pater
869 1689 936 1709 vero
951 1690 1039 1716 meus,
1055 1682 1078 1710 is
1093 1691 1202 1719 quoque
1215 1686 1249 1712 ad
1262 1694 1384 1721 quaeren-

599 1723 661 1752 dam
677 1733 737 1753 eam
749 1727 899 1762 digressus,
917 1737 967 1757 nec
983 1730 1041 1765 ipse
1054 1731 1170 1758 inveniri
1185 1737 1285 1767 potest.

635 1770 777 1800 LXXXIX.
798 1772 838 1801 Ita
852 1781 914 1802 cum
937 1774 1035 1803 Petrus
1061 1775 1187 1810 dixisset,
1202 1779 1310 1811 mulier,
1324 1787 1385 1815 qua

599 1817 633 1844 ad
648 1825 679 1845 ea
692 1818 814 1846 animum
832 1821 1010 1855 applicuerat,
1026 1826 1138 1858 stupore
1153 1825 1308 1853 exanimata
1330 1831 1383 1854 est.

598 1860 695 1890 Petrus
713 1867 816 1898 autem,
845 1870 875 1892 ut
896 1867 1127 1902 expergisceretur
1144 1869 1231 1904 ipsam
1249 1871 1384 1905 hortatus,

598 1909 730 1943 quidnam
762 1916 834 1939 esset
865 1913 939 1947 quod
964 1918 1103 1948 pateretur
1136 1916 1324 1952 interrogavit.
1347 1918 1384 1946 At

599 1955 655 1989 illa,
670 1957 747 1992 quasi
763 1964 796 1985 ex
812 1958 943 1986 ebrietate
960 1967 990 1987 se
1005 1961 1166 1997 recolligens
1176 1983 1183 1996 ,
1199 1970 1262 1991 cum
1286 1971 1318 1992 os
1327 1964 1384 1992 fri-

598 2000 701 2028 cuisset
713 2010 720 2028 :
733 2001 766 2028 Et
779 2002 826 2029 ubi
837 2008 889 2035 est,
904 2003 1002 2038 inquit,
1016 2005 1062 2032 ubi
1078 2011 1246 2034 memoratus
1259 2006 1385 2043 juvenis?

599 2045 753 2082 lntelligens
773 2052 863 2076 autem
885 2057 941 2076 rem
958 2049 1057 2078 Petrus
1071 2059 1078 2079 :
1095 2051 1136 2078 Tu
1151 2051 1218 2079 mihi
1232 2052 1277 2080 dic
1296 2054 1383 2088 prius,

599 2091 802 2126 inquitzaliter
824 2094 896 2121 enim
921 2103 984 2123 eum
1008 2096 1101 2123 videre
1125 2104 1180 2124 non
1204 2099 1315 2133 poteris.
1337 2099 1385 2127 Illa

598 2145 665 2165 vero
693 2138 837 2174 festinans,
853 2140 910 2168 ait:
925 2140 982 2176 Ego
1006 2149 1067 2169 sum
1089 2142 1269 2171 adolescentis
1286 2150 1383 2177 mater,

600 2189 627 2211 et
649 2192 749 2212 nomen
774 2186 812 2212 illi
841 2191 882 2214 est
896 2186 1033 2214 Clemens.
1048 2186 1107 2220 Quo
1121 2187 1217 2216 Petrus
1230 2189 1324 2217 audito
1338 2199 1344 2217 :
1358 2190 1383 2218 Is

601 2230 659 2265 ipse
670 2234 723 2263 est,
733 2231 831 2266 inquit,
847 2232 870 2260 is
884 2233 942 2268 ipse
953 2237 1008 2266 est;
1021 2238 1102 2268 atque
1121 2233 1145 2262 is
1160 2239 1228 2269 erat,
1242 2236 1289 2270 qui
1301 2237 1383 2272 paulo
1399 2220 1420 2247 Β

602 2281 666 2304 ante
680 2278 806 2311 accessit,
826 2283 853 2306 et
866 2287 972 2307 mecum
996 2280 1102 2309 locutus
1125 2285 1175 2314 est,
1192 2289 1329 2317 quemque
1356 2283 1385 2310 in

602 2323 665 2351 navi
680 2328 837 2358 exspectare
845 2325 926 2360 jussi.
944 2325 1014 2352 Tum
1030 2326 1076 2354 illa
1087 2326 1120 2354 ad
1131 2326 1202 2354 Petri
1218 2335 1305 2362 genua
1321 2336 1385 2363 pro-

602 2369 706 2402 cidens,
721 2369 833 2403 rogabat
844 2374 874 2397 ut
885 2370 919 2397 ad
931 2379 1026 2398 navem
1039 2376 1208 2406 properaret.
1222 2371 1256 2399 Et
1269 2372 1383 2401 Petrus:

602 2415 630 2442 Si
649 2416 731 2450 mihi,
747 2416 850 2450 inquit,
870 2424 964 2444 servas
979 2420 1072 2451 pacta,
1093 2417 1145 2444 hoc
1164 2425 1273 2453 quoque
1293 2426 1384 2454 agam.

603 2463 649 2489 Illa
664 2468 755 2491 autem
770 2462 910 2497 respondit
923 2471 929 2489 :
945 2462 1042 2490 Omnia
1064 2463 1179 2498 faciam;
1195 2468 1300 2492 tantum
1315 2465 1384 2493 mihi

600 2509 687 2536 tilium
704 2509 873 2544 unigenitum
891 2508 1022 2536 ostende:
1037 2516 1086 2544 per
1098 2517 1161 2536 eum
1180 2510 1280 2545 quippe
1292 2511 1384 2539 videre

600 2554 669 2581 milii
682 2554 795 2581 videbor
808 2559 835 2581 et
849 2553 918 2582 duos
931 2560 1007 2580 meos
1020 2553 1067 2588 qui
1080 2554 1125 2581 hic
1135 2555 1236 2582 mortui
1252 2558 1317 2582 sunt
1331 2562 1383 2582 na-

600 2605 653 2628 tos.
662 2600 803 2628 AcPetrus
817 2610 824 2628 :
841 2599 893 2627 Sed
907 2608 968 2627 cum
982 2600 1087 2628 videbis
1098 2608 1172 2634 eum,
1186 2602 1278 2637 quieta
1291 2608 1382 2634 mane,

601 2646 688 2675 donec
705 2654 739 2674 ex
754 2647 843 2675 insula
857 2646 959 2682 egressi
975 2645 1116 2674 fuerimus.

1434 1602 1505 1637 τήσῃ
1522 1600 1639 1636 θανάτῳ,
1652 1600 1699 1626 καὶ
1713 1599 1762 1626 σὺν
1775 1598 1866 1630 αὐτοῖς
1880 1597 1983 1624 ἐκϐᾶσα
1995 1597 2047 1624 νῦν
2073 1597 2121 1632 οὐχ
2142 1594 2199 1630 stipi-

1435 1656 1540 1674 σκεται·
1562 1648 1576 1674 ό
1588 1646 1616 1673 δὲ
1631 1645 1733 1681 ταύτης
1746 1645 1796 1681 μὲν
1810 1644 1889 1680 ἀνὴρ,
1911 1643 1993 1670 αὐτοῦ
2012 1643 2044 1669 δὲ
2063 1642 2155 1677 πατὴρ,
2166 1640 2200 1666 καὶ

1435 1693 1515 1725 αὐτὸς
1528 1693 1568 1725 εις
1584 1692 1743 1727 ἐπιζήτησιν
1764 1690 1850 1726 αὐτῆς
1871 1688 1963 1721 ἐκϐὰς,
1977 1689 2040 1716 οὐδὲ
2053 1686 2126 1719 οὗτος
2137 1687 2157 1702 ⁸⁸
2166 1686 2199 1712 εὖ·

1436 1739 1569 1774 ρισκεται.

1469 1782 1614 1810 LXXXIX.
1629 1781 1722 1810 Ταῦτα
1735 1781 1782 1808 τοῦ
1796 1780 1899 1816 Πέτρου
1910 1779 2044 1811 εἰπόντος,
2056 1777 2200 1812 ἐπιστήσασι

1433 1829 1479 1856 τὸν
1489 1828 1552 1855 νοῦν
1559 1828 1650 1860 αὐτοῖς
1657 1827 1691 1860 ⁵⁸,
1703 1827 1756 1854 ὑπὸ
1768 1826 1924 1862 ἐκπλήξεως
1932 1825 2072 1860 ἁπέψυξεν
2083 1825 2099 1860 ἡ
2107 1823 2174 1858 γυνή.
2181 1822 2200 1847 Ὁ

1434 1875 1462 1902 δὲ
1474 1875 1576 1911 Πέτρος
1590 1875 1683 1909 νήφειν
1703 1873 1787 1908 αὐτὴν
1809 1871 2094 1908 παρακελευσάμενος,
2108 1870 2137 1896 Ti

1433 1922 1506 1948 ἐστιν
1515 1921 1530 1947 ὃ
1544 1920 1668 1956 πάσχεις,
1678 1919 1879 1947 διεπυνθάνετο.
1894 1918 1927 1945 Ἦ
1938 1918 1976 1950 δὲ,
1987 1917 2084 1952 ὥσπερ
2094 1918 2124 1942 ὲκ
2137 1914 2199 1962 μέθης

1434 1966 1626 2001 ἀνενεγκοῡσα,
1649 1966 1696 1992 καὶ
1716 1965 1747 1992 τὺ
1772 1965 1917 2000 πρόσωπον
1940 1963 2073 1999 τρίψασα·
2092 1962 2199 2010 Ralm:

1434 2012 1518 2044 ἔστιν,
1535 2011 1598 2046 ἔφη,
1613 2010 1663 2038 ποῦ
1676 2011 1698 2026 ⁵⁸
1711 2010 1726 2036 ὁ
1737 2009 1932 2046 θρυλλούμενος
1952 2007 2080 2041 νεανίαςς

1434 2060 1448 2085 ὀ
1463 2058 1566 2093 Πέτρος
1581 2056 1611 2083 τὸ
1625 2056 1726 2093 δρᾶμα,
1745 2055 1814 2082 Εἰπέ
1832 2064 1878 2091 μοι
1892 2055 1924 2082 σὺ
1945 2054 2064 2090 πρῶτον,
2094 2053 2153 2086 ἔφη’
2168 2050 2200 2076 ἆλ-

1434 2105 1488 2136 λως
1500 2103 1554 2140 γὰρ
1569 2103 1632 2129 ἰδεῖν
1655 2101 1749 2129 τοῦτον
1765 2101 1796 2127 οὐ
1808 2101 1929 2127 δύνασαι.
1950 2101 1982 2126 Ἡ
2004 2100 2034 2126 δὲ
2056 2098 2199 2125 σπεύδοντα.

1441 2149 1520 2184 Ἐγὼ,
1534 2149 1626 2185 φησὶν,
1643 2149 1660 2183 ἡ
1675 2147 1722 2174 τοῦ
1735 2147 1875 2174 νεανίσκου
1893 2148 1983 2182 μήτηρ
1995 2147 2066 2182 εἰμὶ,
2087 2145 2131 2172 καὶ

1436 2204 1489 2231 μης
1497 2195 1569 2230 αὐτῷ
1581 2194 1672 2229 ὄνομα.
1682 2194 1737 2220 Καὶ
1747 2194 1761 2220 ὁ
1769 2193 1871 2228 Πέτρος
1880 2191 2008 2224 ἀκούσας,
2018 2191 2103 2222 Αὐτός
2110 2188 2199 2217 ἐστιν⁵⁶ι

1434 2240 1520 2274 εἶπεν,
1535 2240 1614 2272 αὑτός
1630 2241 1700 2266 ἐστι·
1718 2239 1765 2265 καὶ
1777 2235 1854 2270 o'uro;
1866 2236 1900 2274 ἦν
1913 2239 1926 2264 ὀ
1942 2238 1994 2273 πρὸ
2017 2236 2114 2273 μικροῦ
2138 2241 2200 2270 προσσ

1434 2286 1519 2314 ελθὼν
1531 2287 1578 2313 καὶ
1591 2286 1711 2322 λαλήσας
1726 2294 1781 2321 μοι,
1794 2284 1824 2312 ὃν
1835 2285 1882 2311 καὶ
1894 2283 2039 2319 ἀναμένειν
2048 2284 2078 2310 ὲν
2090 2282 2125 2318 τῷ
2136 2279 2200 2312 πλοίῳ

1434 2331 1596 2368 προσέταξα.
1619 2332 1651 2358 Ἦ
1679 2331 1707 2358 δὲ
1730 2329 1923 2367 προσπεσοῦσα
1946 2329 1986 2364 τῷ
2008 2329 2119 2364 Πέτρῳ,
2142 2325 2200 2360 ἠξίου

1436 2378 1560 2405 σπεύδειν
1573 2377 1620 2404 ἐπὶ
1631 2377 1662 2404 τὸ
1673 2377 1775 2405 πλοῖον.
1789 2377 1844 2404 Καὶ
1856 2377 1870 2403 ὁ
1883 2376 1986 2412 Πέτρος
1995 2395 2002 2407 ,
2015 2376 2051 2402 Εἴ
2065 2383 2107 2411 μοι
2117 2372 2198 2408 τηρεῖςι

1435 2424 1498 2459 ἔφη,
1513 2423 1562 2455 τὰς
1578 2422 1723 2458 συνθήκας,
1739 2422 1787 2449 καὶ
1804 2421 1884 2448 τοῦτο
1897 2422 2010 2457 ποιήσω.
2029 2420 2063 2446 Ἡ
2079 2419 2116 2450 δὲ,
2128 2417 2199 2444 Πάντα

1437 2469 1517 2502 ποιῶ,
1525 2470 1600 2505 φησὶ,
1610 2469 1688 2504 μόνον
1698 2476 1742 2504 μοι
1750 2467 1780 2495 τὸ
1789 2468 1884 2494 τέκνον
1889 2467 1919 2494 τὸ
1929 2466 2073 2502 μονογενὲς
2079 2465 2197 2500 γνώρισονι

1437 2513 1507 2548 δόξω
1517 2515 1571 2550 γὰρ
1585 2515 1620 2541 δι’
1637 2513 1720 2541 αὐτοῦ
1733 2513 1823 2540 καὶτὰ
1836 2513 1882 2540 δύο
1896 2521 1947 2549 μου
1961 2511 1995 2538 τὰ
2008 2511 2121 2539 ἐνταῦθα
2129 2507 2199 2541 τεθνη-

1436 2561 1503 2588 κότα
1524 2560 1607 2587 τέχνα
1628 2560 1704 2596 ὸρᾷν.
1729 2559 1785 2586 Καὶ
1806 2560 1820 2585 ὸ
1838 2558 1956 2594 Πέτρος·
1976 2557 2047 2584 Ἀλλ“
2064 2557 2123 2584 ἔκταν
2136 2552 2197 2582 αὐτὸν

1437 2605 1670 2643 ἱδῃς,,ήσύχασον,
1688 2605 1784 2642 μέχρις
1795 2604 1829 2632 ἂν
1842 2603 1893 2640 τῆς
1905 2604 1987 2640 νήσου
1998 2603 2128 2639 ὲκΰῶμεν.

1237 2719 1354 2748 VARLE
1374 2720 1571 2749 LEC’I‘IONES.

641 2799 664 2817 ⁸⁸
683 2800 718 2827 al.
734 2800 790 2829 τόν.
827 2800 848 2816 ⁸¹
862 2800 898 2827 al.
918 2799 1008 2834 λόγον.
1043 2799 1066 2817 ⁸³
1075 2799 1110 2828 al.
1126 2800 1174 2833 ὡς.
1211 2799 1336 2837 ⁸³ρῦτως.
1374 2800 1438 2828 “al.
1460 2801 1558 2836 ἑαυτῆς
1573 2804 1600 2829 et
1616 2800 1711 2835 αὐτῆς.
1748 2799 1815 2828 "al.
1835 2799 1888 2827 ποῦ
1903 2800 1989 2828 ἐστιν.
2027 2800 2125 2828 "deest
2134 2798 2156 2826 in
2166 2795 2191 2823 ai.
