2290 3110
239 148 285 178 533

638 148 869 177 CLEMENTINA.
889 164 925 170 —
942 148 1094 178 EPl’l‘OME
1110 148 1156 177 DE
1173 149 1299 178 GESTIS
1317 150 1348 178 S.
1369 149 1482 178 PETRI.

1800 150 1853 181 534

270 204 318 232 XC.
338 204 495 240 Λαὸόμενος
513 203 562 233 οὖν
582 205 632 242 τῆς
653 206 744 242 χειρὸς
764 206 851 241 αὐτῆς
872 206 886 232 ὸ
909 204 1022 241 Πέτρος,
1037 204 1062 233 Α
1108 205 1166 233 XC.

945 206 1022 241 προς,
1037 204 1062 233 Α
1108 205 1166 233 XC.
1187 204 1294 233 Tenens
1306 212 1371 240 ergo
1394 204 1468 233 illius
1487 211 1598 233 manum
1623 204 1728 237 Petrus,
1744 212 1804 232 eam
1816 204 1849 233 ad

239 247 297 286 ἦγεν
309 250 352 276 ἐπὶ
364 251 395 276 τὸ
409 251 511 279 πλοῖον.
534 251 604 286 Ἐγὼ
615 252 644 278 δὲ
655 251 715 279 ἰδὼν
731 252 952 288 χειραγωγοῦντα
964 259 1014 286 γν-

241 296 319 327 ναῖκα,
335 295 461 329 ἐγέλασα.
484 297 540 324 Καὶ
565 297 730 333 προσελθὼν,
753 298 793 329 είς
815 297 899 333 τιμὴν
920 296 1014 329 αὐτοῦ,

240 341 288 367 ἀντ’
302 341 380 368 αὐτοῦ
399 344 582 378 χειραγωγεῖν
594 343 680 379 αὐτὴν
698 341 866 379 ἐπειρώμην.
890 343 944 369 Καὶ
957 342 1016 379 ἃμα

240 387 272 421 τῷ
282 386 394 421 ἅψασθαί
413 396 448 423 με
465 388 516 424 τῆς
529 389 621 425 χειρὸς
633 388 730 424 αὐτῆς,
745 387 894 420 ὀλολύεασα
907 387 946 420 ὡς
965 388 1017 424 μή-

238 440 284 467 τηρ
297 432 373 468 μέγα,
391 434 438 463 καὶ
456 434 674 470 περιπλακεῖσα,
695 433 798 470 σφόδρα
820 433 960 469 κατεφίλει
982 442 1016 469 με

239 479 280 505 τὸν
289 479 368 514 αὐτῆς
380 479 449 507 υἱόν.
471 479 542 514 Ἐγὼ
552 480 582 506 δὲ
595 480 626 507 τὺ
638 480 754 516 πρᾶγμα
768 480 838 516 ὅπερ
852 477 886 515 ἦν
900 479 1015 514 ἀγνοῶν,

239 525 271 556 ὡς
292 526 452 562 μαινομένην
473 527 651 562 ἀπεσειόμην.
675 526 838 562 Διδούμενος
853 526 883 552 δὲ
905 526 951 552 καὶ
969 525 1017 553 τὸν

240 571 338 606 Πέτραν,
354 572 469 607 πικρίας
482 571 670 609 ὲπληρούμην.
1000 575 1002 577 ’

267 626 327 654 XCI.
353 627 381 654 '0
395 628 424 654 δὲ
440 628 560 664 Πέτρος,
579 629 641 661 Ἔα,
655 627 776 664 φησὶν,ὦ
788 628 899 664 Κλήμη.
915 628 948 655 Τί
962 629 1016 663 γὰρ

241 672 279 698 καὶ
290 673 378 704 ποιεῖς,
386 672 460 700 οὕτω
473 674 525 709 τήν
537 682 568 700 σε
577 673 709 700 τεκοῦσαν
722 674 932 709 ἀποσειόμενος;
946 673 1017 708 Ἐγὼ

239 717 262 743 δὲ
274 717 345 744 τοῦτο
354 718 484 752 ἀκούσας,
499 719 665 756 περίδακρυς
690 720 844 755 γενόμενος,
867 720 914 747 καὶ
931 728 1016 747 κατα-

240 762 344 799 πεσούσῃ
363 765 396 800 τῇ
420 765 542 802 τεκούσῃ
565 764 738 802 προσπεσὼν,
765 766 936 801 κατεφίλουν.
960 766 1017 793 Καὶ

240 807 284 843 γὰρ
293 808 345 844 ἃμα
360 808 399 844 τῷ
416 809 534 846 ῥηθῆναί
549 819 594 846 μοι
609 810 698 843 τοῦτο,
713 810 844 847 ἀμυδρῶς
859 820 920 843 πως
936 811 967 838 τὸ
979 810 1016 838 εἶ-

239 852 274 885 δος
291 853 484 892 ἁνεκαλούμην.
508 856 604 883 Πολλοὶ
626 857 676 892 μὲν
690 855 737 884 οὖν
760 857 833 892 ὄχλοι
857 858 1016 895 συνέτρεχον

240 899 363 935 ἱστορῆσαι
376 901 407 928 τὺ
430 901 535 938 θαῦμα,
549 903 597 930 καὶ
616 904 698 930 πᾶσιν
719 903 811 936 αὐτοῖς
824 903 869 931 διὰ
883 892 1016 940 στόματος
1031 892 1053 920 Β

240 941 267 978 ἦν
277 964 283 976 ,
297 945 366 978 ὅπως
378 947 452 984 ἀνὴρ
465 947 554 980 οὕτως
569 948 716 983 ἀξιόλογος,
737 949 788 986 τὴν
806 951 947 985 προσαῖτιν
966 959 1016 985 γυ-

240 991 316 1022 ναῖκα,
332 992 436 1029 μητέρα
451 994 549 1021 ἑαυτοῦ
569 994 759 1031 ἀνεγνώρισεν.
779 995 956 1032 Βουλομένοις
969 994 1016 1024 οὖν

239 1036 293 1071 ἡμῖν
313 1037 359 1065 σὺν
376 1040 409 1075 τῇ
434 1041 521 1076 μητρὶ
536 1040 586 1076 τῆς
606 1041 689 1076 νήσου
707 1040 853 1074 ἐκδαίνεινς
868 1042 886 1077 ἡ
904 1042 995 1077 μήτηρ
1006 1060 1015 1074 ν

237 1083 266 1112 Ὠ
277 1086 363 1113 τέκνον
380 1095 430 1122 μου
445 1086 582 1120 ποθεινὸν,
597 1085 684 1121 εἶπεν,
704 1086 816 1122 εὖλογόν
833 1087 893 1114 ἐστι
916 1087 1015 1114 συντά-

240 1131 320 1164 ξασθαι
332 1132 378 1159 καὶ¹
397 1133 430 1168 τῇ
447 1131 636 1169 ὑποδεξαμένῃ
649 1132 671 1149 ⁸⁷
692 1132 812 1167 γυναικὶ,
824 1132 884 1168 ἥτις
899 1132 1016 1171 πενιχρὰ

239 1176 352 1209 triennia).
359 1177 406 1214 ὅλη
418 1177 583 1214 παρειμένη,
591 1179 637 1205 ἐπὶ
645 1178 696 1214 τῆς
709 1178 797 1210 οἰκίας
811 1178 948 1215 ἔρριπται.
959 1179 1015 1205 Καὶ

239 1225 250 1251 ὁ
261 1224 349 1260 Πέτρος
361 1224 484 1256 ἀκούσας
501 1224 649 1261 ἐθαύμασε,
663 1225 711 1252 καὶ
721 1225 745 1241 ⁸⁸
767 1216 868 1256 πάντες
880 1225 906 1251 οί
924 1233 1016 1261 περιε-

241 1271 350 1306 στηκότες
367 1271 391 1287 ⁶¹
411 1271 489 1309 δχλοι
509 1270 540 1298 τδ
557 1270 610 1307 τῆς
633 1271 762 1305 γυναικὸς
777 1269 905 1305 φρόνημα
916 1268 1016 1298 ⁶⁶.Καὶ

240 1315 324 1348 εὐθέως
337 1315 463 1345 ἐκέλευσὲ
483 1324 539 1343 τισι
557 1315 734 1353 πορευθῆναι,
759 1315 806 1342 καὶ
826 1315 877 1351 τὴν
897 1316 1016 1350 γυναῖκα

239 1362 277 1388 ἐπὶ
293 1362 380 1397 κλίνης
397 1361 530 1398 κομίσαι,
547 1358 582 1398 ἥς
601 1361 761 1397 ὲναχθείσης
772 1361 806 1393 “,
830 1360 941 1396 τεθῆναι
966 1361 1015 1397 μὲν

239 1407 359 1435 ἐπιτάττει
378 1408 429 1444 τὴν
454 1407 567 1443 κλίνην
590 1407 671 1439 αὐτδς
700 1407 729 1434 δὲ
751 1407 803 1434 ὺπδ
823 1409 883 1439 ταῖς
905 1406 1015 1434 πάντων

238 1451 326 1485 ἀκοαῖς,
339 1452 370 1478 Et
389 1452 521 1489 ἀληθείας
537 1451 626 1488 κῆρυξ
647 1451 713 1486 ἐγὼ,
728 1451 792 1487 ἔφη,
806 1451 948 1488 ὲγερθήτω
968 1452 1014 1486 ἐξ·

239 1497 310 1533 αυτῆς
323 1498 409 1535 ὑγιὴς,
431 1499 474 1530 εἰς
494 1498 543 1534 τὴν
563 1497 623 1534 τῶν¹
640 1497 824 1534 παρεστώτων
844 1498 947 1531 πίστιν,
971 1498 1015 1525 ῐνα

239 1544 323 1577 γνῶσιν
335 1545 373 1572 ἕντι
395 1543 436 1578 εἷς
449 1545 509 1572 ἐστι
528 1545 594 1577 Θεὸς
615 1546 630 1572 ό
651 1545 698 1572 τὸν
719 1545 820 1581 κόσμον
839 1545 965 1581 ποιήσας.
985 1546 1015 1573 ‘0

241 1587 281 1623 μὲν
292 1587 333 1616 οὖν
349 1589 434 1617 ταῦτα
449 1588 512 1617 εἷπε
522 1598 529 1606 ·
542 1590 590 1617 καὶ
612 1590 629 1626 ή
642 1590 711 1626 γυνὴ
725 1589 806 1622 εὐθὺς
820 1590 842 1606 ⁶¹
857 1590 936 1626 ὑγιὴς
949 1590 1017 1618 ἀνα-

241 1635 312 1660 στᾶσα
322 1635 369 1671 τῆς
381 1635 488 1671 κλίνης,
503 1635 543 1672 τῷ
559 1635 656 1672 Πέτρῳ
677 1636 864 1672 προσέπεσεν·
888 1634 947 1663 εἶτα
967 1636 1015 1664 καὶ

239 1678 279 1714 τὴν
296 1679 392 1716 συνήθη
405 1681 453 1708 καὶ
466 1680 548 1716 φίλην
561 1679 782 1716 καταφιλήσασα,
802 1681 966 1708 ἐπυνθάνετο
986 1680 1013 1708 τί

242 1724 276 1759 εἴη
286 1724 368 1753 τοῦτο,
393 1726 426 1753 Ἦ
439 1727 470 1753 δὲ
483 1725 543 1754 ὅλον
556 1726 624 1762 αὐτῇ
639 1726 670 1753 τδ
692 1727 808 1763 πρᾶγμα
826 1727 874 1754 τοῦ
890 1727 1012 1762 ἀναγνω-

242 1769 323 1808 ptuit-013
335 1770 493 1806 διηγήσατο,
505 1771 554 1798 καὶ
570 1771 596 1797 οἱ
609 1770 775 1803 ἀκούσαντες
789 1771 1011 1808 κατεπλάγησαν.

241 1813 296 1840 τότε
318 1816 333 1851 ή
357 1817 447 1853 μήτηρ
468 1817 520 1849 τὴν
542 1816 678 1852 ξενοδόχον
702 1817 823 1844 ίαθεῖσαν
853 1817 1014 1854 παραδόξως

243 1859 328 1894 ἰδοῦσα,
349 1863 499 1899 παρεκάλει
521 1863 568 1890 καὶ
595 1863 664 1899 αὐτὴ
692 1863 839 1900 θεραπείας
860 1865 962 1899 τυχεῖν.
983 1864 1013 1891 '0

242 1903 328 1942 Πέτρος
344 1906 373 1934 δὲ
392 1908 442 1944 τὴν
459 1909 546 1943 ,χεῖρα
565 1907 681 1941 ἐπιθεὶς,
700 1908 747 1936 καὶ
759 1908 844 1944 αὐτὴν
863 1907 1013 1944 ἐθεράπευ-

243 1959 287 1978 σεν.

271 2007 340 2036 XCII.
358 2009 414 2038 Εἴθ’
428 2010 517 2043 οὕτως
541 2011 606 2048 περὶ
624 2010 765 2044 εὐσεϐείας
786 2011 945 2047 διαλεχθεὶς,
965 2012 1013 2039 ἐπὶ

242 2053 274 2089 τῷ
285 2055 348 2082 τέλει
360 2056 386 2083 δὲ
398 2058 446 2084 καὶ
468 2057 604 2094 προσθείς·
627 2057 672 2090 Ὦς
685 2057 712 2084 εῐ
729 2066 772 2090 τις
789 2057 912 2092 βούλεται
926 2057 1013 2085 ταῦτα

245 2100 322 2135 μαθεῖν
344 2103 482 2139 ἀκριϐῶς,
506 2104 546 2135 εις
563 2103 728 2139 Ἀντιόχειαν
747 2103 920 2139 ἀφικόμενος,
943 2103 1012 2130 ὅπου

244 2144 335 2179 πλείους
347 2148 450 2184 ἡμέρας
463 2149 557 2185 ἔκρινα
570 2149 738 2186 παραμένειν
750 2149 783 2182 ⁸³,
797 2151 856 2177 ἐκεῖ
867 2149 953 2176 ταῦτα
965 2149 1013 2177 καὶ

246 2191 390 2227 μανθανέτω.
411 2196 444 2223 Et
468 2195 523 2232 γὰρ
544 2195 678 2232 ἐμπορίας
701 2195 794 2222 ἕνεκεν
816 2195 833 2232 ἢ
857 2195 1010 2231 στρατείας,

244 2236 565 2277 οἰκίαςίδκαταλιμπάνειν
577 2240 676 2273 οἴδατε,
691 2240 738 2267 καὶ
752 2241 791 2272 εῐς
801 2241 924 2277 μακροὺς
938 2241 1013 2267 ὰπεῖ-
1028 2240 1049 2268 D

245 2290 280 2309 ναι
303 2285 394 2318 πόνους
404 2287 438 2319 ⁸⁵,
459 2286 571 2318 αίωνίας
590 2287 619 2313 δὲ
641 2286 722 2323 χάριν
742 2285 826 2322 ζωῆς,
852 2286 912 2313 οὐδὲ
931 2286 1015 2322 τριῶν

244 2329 336 2366 ἡμερῶν
347 2333 402 2360 ὁδὸν
413 2333 535 2369 οἴχεσθαι
547 2331 756 2370 προθυμήσεσθε
769 2331 801 2366 “;
815 2331 908 2364 Οὕτως
919 2331 1013 2364 είπὼν,

245 2375 288 2402 τῶν
299 2376 378 2412 λόγων
393 2379 559 2406 κατέπαυσε.
572 2377 651 2406 Μετὰ
669 2377 698 2404 δὲ
719 2376 805 2404 ταῦτα
819 2377 874 2412 ἐγὼ
885 2378 919 2413 τῇ
934 2377 1013 2412 ὑγια-

246 2420 323 2459 σθείσῃ
335 2426 440 2458 γυναικὶ
452 2425 499 2452 ἐπὶ
511 2424 611 2456 παντὸς
628 2423 676 2450 τοῦ
691 2423 769 2459 ὄχλου
783 2423 871 2459 χιλίας
890 2422 1014 2459 δραχμὰς

247 2466 277 2497 εἰς
288 2470 379 2504 τροφὰς
391 2470 598 2506 δωρησάμενος,
613 2468 673 2496 εἶτα
693 2469 740 2496 καὶ
761 2468 951 2505 παραθέμενος
964 2467 1014 2494 αὺ-

246 2510 285 2546 τὴν
296 2513 380 2550 ἀγαθῷ
392 2516 445 2542 τινὶ
461 2515 539 2551 ἀνδρὶ
552 2514 652 2551 πρώτῳ
663 2514 714 2550 τῆς
728 2514 832 2546 πόλεως
850 2514 917 2548 ὄντι,
934 2513 1013 2548 φύσει

249 2558 304 2591 μετὰ
312 2561 391 2596 χαρᾶς
400 2561 478 2588 τοῦτο
487 2562 508 2577 ⁸⁷
521 2562 650 2598 πράττειν
663 2560 849 2597 προῃρημένῳ
858 2569 865 2577 ·
881 2560 958 2588 ἔτιδὲ
967 2561 1014 2588 καὶ

247 2602 324 2636 ἄλλαις
345 2607 450 2640 πολλαῖς
472 2608 592 2644 ἀργύρια
618 2608 759 2643 διανείμας
776 2609 846 2640 τεαῖς
876 2615 942 2634 ποτε
963 2607 1014 2642 τὴν

250 2650 336 2686 μητέρα
347 2653 637 2690 παραμυθησαμέναιςο
650 2653 848 2690 εὐχαριστήσας
858 2653 898 2689 τῷ
909 2652 1013 2689 Κυρίῳ,

1065 251 1204 287 navigium
1228 250 1318 278 duxit.
1331 250 1418 284 Quem
1436 258 1488 286 ego
1504 250 1601 279 videns
1620 258 1703 278 manu
1718 251 1852 278 deducere

1065 298 1218 331 mulierem,
1234 297 1282 325 risi
1296 306 1304 324 :
1317 302 1345 325 et.
1356 297 1501 331 accedens,
1516 296 1544 324 in
1559 297 1691 324 honorem
1704 297 1788 329 illius,
1801 305 1852 332 pro

1065 344 1126 379 ipso
1138 351 1222 371 manu
1237 342 1338 370 ducere
1351 350 1412 370 eam
1426 342 1512 370 volui.
1529 341 1563 369 Et
1575 342 1656 370 simul
1672 346 1754 378 atque
1774 341 1851 377 tetigi

1066 397 1178 417 manum
1204 389 1435 424 ipsius,;magno
1459 392 1590 423 tanquam
1623 392 1710 416 mater
1732 387 1853 416 clamore

1065 436 1159 469 edito,
1187 441 1284 470 meque
1314 434 1473 470 complexa,
1496 434 1672 461 vehementer
1698 441 1743 461 me
1765 433 1853 461 lilium

1065 489 1147 510 suum
1160 481 1317 509 deosculata
1329 484 1381 508 est.
1397 480 1453 516 Ego
1466 483 1569 514 autem,
1584 479 1712 515 ignorans
1721 479 1852 515 quidnam

1066 527 1106 555 rei
1119 531 1203 560 esset,
1219 532 1349 562 tanquam
1363 527 1546 554 insanientem
1561 526 1743 561 repellebam;
1758 525 1854 553 simul-

1066 581 1120 609 que
1135 573 1272 601 reveritus
1282 572 1403 605 Petrum,
1415 573 1512 607 plcntts
1527 580 1601 600 eram
1613 572 1806 601 amaritudine.

1102 627 1169 656 XCI.
1191 627 1261 655 Tum
1272 627 1387 656 Petrus:
1403 627 1478 661 Sine,
1493 627 1592 663 inquit,
1605 635 1622 656 ο
1633 627 1771 656 Clemens.
1781 626 1854 660 Quid

1065 675 1139 702 enim
1164 675 1233 710 agis,
1257 674 1294 702 ita
1317 675 1452 709 repellens
1476 682 1536 702 eam
1561 682 1623 710 quae
1647 679 1673 702 te
1689 674 1809 710 peperit?
1825 673 1854 702 ld

1066 728 1130 748 cum
1147 728 1198 756 ego
1220 720 1370 754 audissent,
1396 720 1512 748 multum
1536 720 1703 756 lacrymans.
1723 724 1751 748 et
1773 719 1854 747 matri

1067 774 1128 802 quae
1141 774 1172 794 se
1194 766 1330 801 deiecerat
1349 766 1485 801 accidens,
1501 766 1657 794 osculabar.
1671 765 1740 793 Nam
1761 765 1854 797 statim

1067 820 1100 840 ac
1111 812 1138 840 id
1150 812 1215 840 mihi
1233 812 1335 841 dictum
1349 811 1412 844 fuit,
1426 812 1595 840 subobscure
1607 812 1725 840 formam
1739 812 1855 847 genitri-

1068 857 1107 885 cis
1130 857 1293 886 recolebam.
1315 856 1412 893 Magna
1443 865 1508 892 ergo
1541 857 1684 885 hominum
1708 857 1855 885 multitudo

1066 904 1208 931 concurrit
1219 903 1253 931 ad
1268 903 1415 931 videndum
1431 904 1613 938 miraculum;
1626 903 1715 939 iisque
1727 903 1856 931 omnibus

1066 949 1093 977 in
1107 957 1155 978 ore
1168 954 1237 984 erat,
1249 958 1304 985 quo
1319 950 1401 978 modo
1414 950 1483 978 adeo
1500 950 1686 978 memorabilis
1702 949 1742 977 vir
1754 949 1854 977 mulie-

1066 1003 1123 1024 rem
1138 996 1292 1024 mendicam
1305 1003 1384 1024 suam
1399 1000 1515 1024 matrem
1534 995 1750 1031 recognovisset.
1768 994 1855 1022 Porro

1065 1041 1238 1076 cupientibus
1253 1041 1333 1069 nobis
1347 1049 1381 1069 ex
1397 1042 1486 1069 insula
1501 1049 1564 1069 cum
1580 1045 1667 1069 matre
1688 1041 1775 1074 exire,
1785 1040 1855 1070 dixit

1066 1091 1154 1114 mater
1171 1097 1177 1114 :
1195 1086 1246 1114 lt‘ili
1268 1087 1306 1115 mi
1326 1088 1513 1123 optatissime,
1529 1095 1636 1123 aequum
1659 1091 1721 1120 est,
1741 1091 1771 1114 ut
1794 1086 1856 1114 vale

1064 1133 1155 1162 dicam
1168 1133 1275 1162 mulieri
1290 1141 1350 1169 quae
1361 1142 1404 1161 me
1424 1134 1554 1169 suscepit,
1569 1141 1684 1169 quaeque
1701 1140 1804 1168 pauper
1827 1139 1855 1160 et

1065 1183 1124 1207 tota
1138 1179 1299 1215 paralytica,
1314 1179 1390 1208 domi
1408 1179 1491 1215 jacet.
1511 1179 1588 1212 Quod
1607 1179 1720 1207 audiens
1745 1177 1853 1212 Petrus,

1065 1233 1130 1254 cum
1141 1225 1318 1261 ingenti,quae
1335 1225 1429 1252 aderat
1444 1224 1627 1258 multitudine,
1643 1225 1795 1252 admiratus
1813 1227 1856 1251 est

1065 1272 1189 1300 mulieris
1201 1271 1391 1307 prudentiam;
1405 1271 1555 1306 statimque
1565 1271 1704 1298 nonnullis
1716 1269 1853 1305 praecepit,

1065 1323 1097 1346 ut
1112 1318 1195 1351 irent,
1212 1322 1240 1346 et
1252 1317 1395 1345 mulierem
1412 1317 1439 1344 in
1462 1316 1562 1345 lectulo
1579 1321 1729 1351 portarent.
1743 1314 1803 1348 Qua
1816 1314 1854 1341 il~

1065 1365 1136 1398 lata,
1165 1363 1250 1400 jussit
1269 1363 1379 1399 quidem
1394 1363 1458 1398 poni
1473 1363 1592 1396 lectum;
1613 1361 1671 1397 ipse
1693 1368 1756 1388 vero
1783 1368 1854 1388 cun-

1067 1411 1119 1438 ctis
1134 1409 1309 1437 audientibus
1322 1407 1386 1442 :.Si,
1411 1408 1511 1444 inquit,
1529 1407 1652 1435 veritatis
1671 1414 1731 1434 sum
1752 1413 1853 1442 praeco,

1066 1459 1162 1491 surgat
1176 1455 1308 1483 continuo
1323 1461 1406 1487 sana,
1419 1454 1453 1481 ad
1464 1452 1545 1480 fidem
1566 1460 1662 1480 eorum
1679 1452 1727 1487 qui
1742 1456 1852 1485 _astaut,

1067 1505 1098 1529 ut
1116 1505 1286 1536 cognoscant
1300 1507 1385 1528 unum
1409 1506 1472 1527 esse
1495 1497 1580 1526 Deum
1600 1498 1725 1534 opificem
1746 1497 1853 1526 mundi.

1067 1547 1156 1582 Atque
1171 1548 1229 1575 haec
1242 1546 1352 1582 quidem
1374 1546 1418 1574 ille
1433 1545 1513 1580 dixit,
1534 1544 1734 1580 confestimque
1755 1544 1854 1577 mulier

1065 1600 1099 1621 ex
1112 1593 1183 1621 lecto
1196 1592 1316 1621 surrexit
1329 1599 1407 1626 sana,
1419 1598 1447 1619 et
1469 1590 1589 1627 procidit
1611 1591 1643 1618 ad
1666 1591 1748 1626 pedes
1768 1589 1862 1625 Petri,

1065 1647 1098 1667 ac
1110 1643 1205 1674 postea
1219 1637 1383 1666 familiarem
1397 1641 1424 1666 et
1437 1637 1555 1665 amicam
1569 1636 1739 1670 deosculata,
1757 1637 1852 1668 scisci-

1064 1685 1172 1713 tabatur
1185 1685 1315 1720 quidnam
1330 1684 1381 1712 hoc
1395 1689 1478 1713 esset.
1491 1683 1539 1712 llla
1553 1691 1618 1712 vero
1632 1688 1718 1712 totum
1733 1682 1759 1711 ei
1772 1691 1854 1719 nego-

1064 1731 1134 1758 tium
1158 1730 1353 1766 recognitionis
1366 1730 1509 1766 exposuit;
1531 1735 1559 1758 et
1575 1730 1667 1758 cuncti
1688 1730 1736 1766 qui
1755 1730 1852 1757 audie-

1065 1780 1129 1803 runt
1144 1775 1325 1811 obstupefacti
1338 1780 1413 1804 sunt.
1426 1775 1505 1803 Tunc
1519 1780 1618 1808 mater.
1636 1775 1771 1810 hospitem
1797 1775 1851 1805 mi-

1063 1822 1187 1850 rabiliter
1198 1826 1322 1850 sanatam
1334 1829 1461 1854 cernens,
1469 1822 1584 1857 rogavit,
1600 1821 1658 1856 ipsa
1673 1828 1784 1856 quoque
1795 1828 1853 1854 me-

1063 1870 1152 1897 delam
1168 1869 1312 1904 acciperet.
1327 1868 1423 1896 Petrus
1441 1872 1640 1901 autem,_manu
1652 1867 1798 1903 imposita,
1809 1866 1851 1902 ip:

1064 1922 1124 1943 sam
1136 1914 1219 1942 etiam
1231 1914 1351 1942 curavit.

1098 2005 1178 2034 XCII.
1198 2003 1233 2033 Et
1252 2009 1348 2040 postea
1372 2004 1406 2032 de
1431 2004 1532 2040 pietate
1555 2002 1695 2037 disseruit,
1718 2006 1800 2039 atque
1822 2003 1850 2031 in

1063 2053 1116 2081 line
1131 2051 1236 2080 addidit
1253 2060 1260 2079 :
1277 2050 1306 2078 Si
1320 2050 1382 2086 quis
1402 2050 1459 2078 hac
1475 2051 1532 2078 vult
1544 2050 1687 2085 diligenter
1701 2057 1853 2086 cognosce-

1063 2108 1102 2132 re,
1114 2098 1289 2126 Antiochiam
1302 2097 1405 2130 veniat,
1419 2097 1464 2125 ubi
1479 2096 1637 2132 complures
1659 2097 1728 2126 dies,
1740 2104 1851 2125 manere

1063 2145 1158 2179 statui,
1174 2149 1202 2173 et
1217 2144 1255 2172 ibi
1266 2144 1354 2172 discat
1375 2151 1417 2173 ea.
1433 2142 1462 2171 Si
1474 2142 1753 2179 enimnegotiationis
1767 2150 1852 2171 causa

1064 2192 1105 2220 vel
1119 2191 1233 2224 militiae,
1247 2190 1402 2226 relinquere
1415 2189 1514 2217 domos
1536 2189 1642 2223 soletis,
1652 2194 1678 2216 et
1697 2189 1732 2216 ad
1751 2189 1850 2225 longos

1064 2238 1171 2266 labores
1185 2237 1390 2273 proficisci,ran
1413 2243 1468 2263 non
1490 2241 1598 2264 aeternae
1619 2236 1682 2264 vitae
1696 2236 1793 2272 gratia,
1810 2235 1851 2262 vel

1066 2284 1268 2320 tt-iumgdierum
1284 2284 1336 2313 iter
1347 2282 1459 2318 aggredi
1470 2282 1497 2310 in
1511 2283 1634 2313 animum
1650 2282 1800 2310 inducetis?
1812 2281 1851 2309 lta

1064 2332 1190 2364 locutus,
1212 2330 1333 2358 sermoni
1358 2329 1440 2357 finem
1465 2328 1606 2364 imposuit.
1630 2327 1732 2357 Deinde
1759 2333 1850 2356 autem

1063 2382 1125 2409 ego,
1147 2380 1291 2410 postquam
1316 2371 1424 2401 mulieri
1437 2381 1499 2409 qua:
1520 2377 1614 2401 curata
1637 2372 1735 2407 fuerat,
1758 2380 1850 2401 coram

1063 2420 1137 2448 omni
1148 2420 1259 2456 populo,
1273 2420 1348 2449 mille
1362 2419 1507 2448 drachmas
1521 2419 1555 2447 ad
1565 2419 1667 2447 victum
1678 2419 1756 2453 dedi;
1771 2419 1851 2447 insu-

1062 2474 1164 2503 perque
1184 2467 1257 2494 bono
1281 2466 1390 2495 cuidam
1410 2466 1481 2498 viro,
1497 2465 1617 2493 civitatis
1641 2465 1784 2500 primario,
1801 2465 1850 2501 qui

1062 2517 1159 2547 sponte
1179 2511 1206 2539 id
1229 2519 1292 2539 cum
1316 2511 1415 2547 gaudio
1434 2511 1524 2539 facere
1538 2511 1690 2547 proposuit,
1706 2519 1862 2546 commen-;

1062 2558 1124 2586 davi
1136 2566 1197 2586 eam
1212 2567 1219 2585 :
1232 2563 1260 2586 et.
1272 2563 1404 2594 praeterea
1420 2558 1482 2586 aliis
1495 2558 1576 2586 etiam
1595 2557 1699 2590 multis,
1715 2566 1777 2593 qua:
1791 2547 1863 2586 ma-r

1063 2605 1097 2633 tri
1110 2604 1248 2640 quondam
1270 2604 1398 2632 solatium
1422 2604 1603 2639 pmbueraut,
1627 2603 1770 2638 pecuniam
1790 2604 1848 2631 dis-

1063 2651 1146 2679 tribui
1163 2660 1169 2678 :
1186 2649 1281 2686 gratiis
1299 2649 1356 2678 Deo
1377 2649 1456 2683 actis,
1472 2649 1650 2681 Antaradum,
1664 2656 1727 2677 cum
1751 2655 1847 2682 matre,
1887 2672 1890 2679 .

858 2735 976 2764 VARIAZ
989 2733 1189 2763 LECTIONES.

282 2777 300 2794 "
317 2780 349 2807 al.
372 2782 451 2811 inser.

252 2847 337 2876 πσθαι.
372 2853 392 2868 ⁸⁷
411 2854 445 2882 al.
465 2855 562 2888 τούτῳ.

251 2811 268 2827 u
282 2784 299 2794 "
317 2784 354 2822 aL.
372 2784 451 2811 inser.
563 2785 586 2802 ³⁸
599 2787 635 2814 al.
655 2786 723 2813 ἀλλὰ
734 2787 791 2813 καί,
838 2786 861 2802 ⁸³
870 2785 906 2812 al.
926 2784 1116 2820 περιεστῶτες.

274 2812 337 2836 rimi
348 2825 372 2836 ιη
385 2819 407 2836 nl
456 2819 465 2835 ι
498 2820 522 2836 ..ι
554 2822 709 2836 ..-...λ.,....
759 2821 783 2836 ιι
802 2821 825 2836 ..ι
859 2820 991 2836 --.λίην
1040 2819 1064 2836 ιι
1083 2819 1106 2836 ..ι

274 2812 433 2858 (ξετειίηξιη
456 2812 478 2836 ⁵⁵
497 2820 531 2858 al.
553 2812 721 2858 περᾠὼῖ
736 2812 783 2838 ﬂ"
802 2821 837 2848 al.
859 2812 1000 2856 πατρίδας.
1040 2819 1064 2836 ⁶¹
1083 2812 1118 2846 al.
1138 2818 1247 2850 τόπους.
1280 2812 1303 2856 ξδ
1317 2817 1352 2844 al.
1374 2812 1616 2852 προθυμηθήσεσθε
1630 2819 1657 2843 et
1669 2823 1722 2852 προ

1171 2783 1194 2799 ⁶⁰
1214 2782 1249 2809 al.
1270 2780 1372 2816 ἀγαθὸν
1387 2779 1524 2816 φρόνημα.
1583 2779 1605 2796 ⁶¹
1626 2780 1662 2807 al.
1682 2779 1847 2841 ἐνεχθείσης.

1171 2826 1247 2841 παυς.
1280 2817 1303 2834 σο
1317 2817 1352 2841 al.
1374 2814 1616 2841 ποοθυαηθήσεσθε
1630 2819 1657 2841 et
1669 2823 1722 2841 ποο
1740 2813 1847 2841 υιιηθή-

1740 2813 1848 2856 υμηθῆτ
