2290 3110
583 95 636 125 555

986 94 1016 123 8.
1035 92 1232 122 CLEMENTIS
1255 92 1266 119 Ι
1286 91 1370 120 ιιοιί.
1389 89 1492 119 PONT.
1513 90 1630 119 OPERA
1649 90 1762 120 DUBIA.

2153 88 2214 116 536.

583 155 674 185 Pot-0.
688 154 850 189 ceterisque
864 152 1003 182 sodalibus
1015 153 1172 188 enavigavi;
1185 156 1267 188 atque
1280 151 1317 178 ita
1331 150 1365 178 ad
1378 151 1402 180 Α
1414 149 1487 176 διέπ)

1298 158 1317 178 a
1331 150 1365 178 ad
1378 151 1402 180 Α
1414 149 1560 177 διέπλευσα
1574 149 1616 181 είς
1635 148 1797 184 ’Δντάραδον
1809 148 1868 184 ἃμα
1886 148 1920 184 τῇ
1939 146 2023 183 μητρὶ
2041 145 2090 177 καὶ
2107 145 2202 188 Πέτρῳ

583 201 732 236 hospitium
745 199 939 236 processimus.

619 278 711 307 XCIII.
732 278 756 295 ⁸³
767 279 836 307 Cum
848 283 938 307 autem
953 286 1007 307 una
1022 285 1146 307 essemus
1157 282 1184 306 et
1204 277 1368 313 sumpsisse-

587 333 648 352 mus
664 325 775 358 cibum,
799 329 969 360 restaretque
992 325 1082 352 adhuc
1102 324 1204 359 aliquid
1225 323 1366 358 temporis,

585 378 636 405 ego
646 371 701 398 dixi
714 370 804 399 Petro:
818 370 1000 399 Humanitatis
1016 378 1096 406 opus,
1109 370 1218 398 domine
1227 370 1264 397 rni
1277 369 1367 402 Patre,

588 417 709 445 exercuit
724 421 809 444 mater
825 424 896 451 mea,
912 425 973 452 qua:
995 417 1109 452 hospita:
1129 416 1252 444 mulieris
1274 422 1367 443 recor-

589 462 651 490 data
670 462 761 490 l'uerit.
787 462 938 497 Respondit
960 462 1057 490 Petrus
1071 471 1079 491 :
1096 462 1185 495 Itane,
1200 469 1217 489 ο
1231 461 1367 494 Clemens,

590 516 653 535 vere
667 508 818 541 existimas,
831 508 1007 537 humanitatis
1020 516 1089 543 opus
1097 508 1197 539 tactum
1211 515 1226 535 a
1239 506 1369 542 genitrice

589 559 647 587 tua,
663 554 772 588 quando
792 554 817 581 ci
840 562 901 590 quae
921 554 1007 590 ipsam
1026 562 1059 582 ex
1075 554 1216 590 naufragio
1232 556 1370 587 receperat

590 599 692 635 gratias
717 599 826 633 retulit;
852 607 886 628 an
912 604 943 628 ut
967 600 1046 628 matri
1081 600 1294 636 gratificareris,
1317 600 1371 628 hoc

589 645 701 673 dixisti?
717 645 745 673 Si
767 646 840 674 enim
860 653 915 673 non
935 650 966 674 ut
988 654 1046 674 rem
1066 651 1169 681 gratam
1191 645 1307 679 laceres,
1321 645 1370 673 sed

590 696 621 719 ut
630 692 770 719 veritatem
781 692 931 727 loquereris
939 692 1036 721 ellatus
1045 700 1089 726 es,
1101 692 1200 721 videris
1212 692 1279 720 mibi
1289 692 1369 727 igno-

591 745 652 765 rare
668 745 792 773 quamam
808 738 845 766 sit
869 738 1026 774 magnitudo
1049 738 1235 771 humanitatis,
1248 746 1309 774 qua;
1328 741 1370 765 est

591 791 669 812 amor
685 784 711 812 in
727 783 884 820 quemlibet,
899 788 1033 820 quatenus
1051 784 1200 817 hominem,
1222 789 1250 812 et
1266 784 1370 819 absque

592 829 647 856 ullo
662 817 779 857 naturali
794 817 967 858 adeam-Sed
988 837 1038 858 nec
1057 830 1157 865 hospes
1173 837 1234 865 quae
1256 817 1370 857 matrem
1385 817 1408 845 Β

591 879 664 902 tuam
683 883 717 902 ex
735 875 876 910 naufragio
887 875 1016 911 suscepit,
1031 876 1149 904 humana
1165 883 1180 902 a
1197 883 1241 903 me
1254 875 1370 903 dicetur.

590 920 774 949 Misericordia
787 921 860 949 enim
874 928 1042 956 compressa,
1061 922 1177 956 impulsa
1191 925 1234 950 est
1246 921 1281 949 ad
1302 921 1372 949 bene

590 966 743 995 faciendum
759 967 865 995 mulieri
875 967 1046 1003 naufragium
1058 976 1153 1003 passae,
1165 972 1245 996 natos
1257 967 1370 1003 lugenti,

590 1013 748 1048 peregrinae,
760 1013 850 1046 nudas,
866 1014 1011 1048 destitutae,
1023 1015 1194 1051 multumque
1204 1015 1372 1044 calamitates

590 1066 655 1087 suas
669 1059 838 1088 lamentanti.
853 1058 882 1086 In
898 1061 981 1089 tantis
994 1068 1060 1097 ergo
1080 1061 1290 1089 adversitatibus
1310 1069 1372 1089 ver-

590 1109 705 1136 santem.
719 1105 782 1140 quis
793 1105 900 1138 videns.
914 1114 981 1140 non,
995 1107 1077 1135 etiam
1091 1115 1125 1135 ex
1139 1107 1240 1143 impiis,
1256 1108 1372 1135 misera-

590 1156 635 1179 tus
656 1149 770 1180 fuisset?
790 1151 881 1185 Quare
900 1160 1073 1188 nequaquam
1093 1154 1270 1181 humanitatis
1289 1161 1370 1189 opus.

590 1205 641 1225 nec
663 1199 761 1225 mulier
782 1199 890 1234 hospita
915 1207 979 1235 erga
1005 1207 1066 1227 eam
1087 1200 1225 1236 peregisse
1249 1200 1370 1234 videtur;

590 1243 638 1272 sed
649 1245 683 1273 ad
695 1245 856 1273 beneﬁcium
873 1250 944 1273 mota
959 1246 1044 1274 fuisse
1061 1246 1246 1275 misericordia
1264 1254 1296 1274 ex
1311 1247 1372 1282 plu—

591 1290 669 1319 rimis
681 1291 805 1320 adversis
825 1296 895 1320 orta.
913 1291 1020 1319 Etenim
1042 1299 1140 1327 parens
1163 1297 1221 1326 tua,
1235 1291 1368 1320 facultati-

591 1336 644 1364 bus
657 1336 810 1371 abundans,
832 1341 859 1365 et
881 1337 1016 1373 hospitam
1041 1343 1229 1372 remunerata,
1246 1345 1300 1366 non
1318 1337 1371 1365 hu-

591 1382 743 1416 manitatis,
757 1390 854 1410 verum
866 1383 968 1412 amoris
982 1391 1051 1418 opus
1068 1384 1165 1412 eiii-cit.
1179 1383 1262 1411 Multa
1282 1388 1371 1411 autem

591 1428 735 1456 intercedit
745 1428 895 1463 differentia
907 1436 1028 1457 amorem
1041 1430 1110 1457 inter
1120 1435 1147 1458 et
1159 1430 1370 1459 humanitatem:

591 1474 655 1509 quia
672 1481 750 1502 amor
761 1474 870 1509 quidem
885 1482 917 1505 ex
934 1475 1154 1503 remuneratione
1173 1480 1231 1509 est;
1247 1476 1372 1504 humani-
1385 1484 1406 1513 ο

594 1523 636 1547 tas
646 1526 712 1547 vero
725 1519 828 1555 absque
839 1520 893 1548 ulla
909 1521 1026 1549 naturali
1041 1522 1223 1556 propensione
1233 1522 1372 1550 hominem

593 1572 714 1599 omnem,
735 1570 871 1600 quatenus
894 1566 977 1594 homo
995 1571 1047 1600 est,
1067 1567 1165 1603 diligit,
1180 1575 1213 1596 ac
1235 1568 1373 1596 beneﬁciis

594 1611 686 1642 allicit.
701 1611 795 1647 Itaque
808 1612 831 1640 si
845 1620 878 1640 ea
891 1613 991 1648 hospes
1003 1621 1064 1649 quae
1084 1614 1196 1642 miserta
1216 1619 1268 1648 est,
1290 1616 1373 1643 etiam

593 1659 687 1686 hostes
699 1658 770 1685 male
782 1658 816 1686 de
837 1666 869 1686 ea
889 1659 1002 1687 meritos
1019 1659 1158 1695 miserata,
1172 1659 1304 1688 beneﬁcio
1317 1659 1375 1689 alli-

594 1709 678 1737 ceret,
691 1705 810 1733 humana
824 1705 956 1736 essetzsin
967 1713 1031 1733 vero
1041 1710 1152 1741 propter
1162 1705 1226 1741 quid
1233 1706 1320 1735 amica
1333 1712 1375 1734 est

593 1750 636 1777 vel
651 1749 776 1783 inimica;
788 1750 847 1778 haec
864 1750 964 1784 amica,
977 1750 1093 1785 alicujus
1105 1751 1143 1778 rei
1155 1758 1216 1787 quae
1231 1759 1312 1779 causa
1327 1752 1373 1783 sit,

594 1795 682 1824 amica
697 1800 738 1824 est
749 1796 790 1824 vel
802 1796 925 1831 inimica,
938 1804 993 1824 non
1005 1801 1095 1824 autem
1109 1796 1238 1824 hominis.

629 1841 721 1870 XCIV.
742 1841 777 1870 Et
797 1849 848 1878 ego
874 1842 1001 1878 respondi
1016 1852 1023 1870 :
1039 1841 1099 1870 Non
1122 1850 1188 1878 ergo
1201 1842 1251 1870 tibi
1267 1842 1376 1870 videtur

596 1896 656 1918 esse
678 1889 808 1922 humana,
822 1888 918 1916 saltem
934 1888 1047 1923 hospes,
1063 1896 1125 1924 quae
1148 1889 1175 1916 in
1203 1890 1374 1924 peregrinam

595 1943 685 1971 quam
701 1943 756 1963 non
782 1939 906 1968 noverat,
920 1934 1082 1964 beneﬁcium
1096 1935 1212 1963 contulit
1221 1935 1233 1963 τ
1243 1935 1312 1963 Tum
1326 1934 1377 1964 Pe-

597 1987 678 2010 trus:
703 1980 769 2008 Eam
793 1981 903 2016 quidem
927 1981 1131 2009 misericordem
1149 1981 1287 2016 appellare
1300 1982 1376 2016 novi,

598 2029 745 2055 humanam
757 2031 849 2055 autem
865 2034 919 2054 non
934 2026 1021 2054 audeo
1032 2026 1123 2055 dicere
1133 2048 1140 2060 ,
1156 2028 1375 2063 quandoquidem

599 2081 651 2101 nec
672 2076 785 2100 matrem
822 2076 956 2100 amantem
983 2071 1133 2102 liberorum
1150 2073 1270 2108 :quippe
1290 2082 1377 2109 quam

598 2124 693 2154 partus
707 2118 849 2155 doloribus
863 2122 892 2146 et
913 2117 947 2145 ab
966 2117 1129 2146 educatione
1153 2117 1187 2146 ad
1209 2118 1375 2153 diligendum

599 2150 739 2198 compulsa
754 2150 799 2191 sit:
814 2162 1047 2195 Quemadmodum
1055 2163 1128 2191 enim
1136 2163 1183 2198 qui
1197 2150 1324 2199 cupidine
1334 2164 1378 2192 in-r
1392 2150 1414 2178 D

599 2210 764 2243 ﬂammatur,
778 2217 793 2237 a
805 2209 1002 2237 consuetudine
1015 2209 1164 2243 mulcetur;
1181 2215 1209 2237 et
1220 2211 1268 2246 qui
1300 2219 1377 2239 amo-

600 2265 629 2285 rc
642 2256 824 2292 prosequitur,
837 2263 852 2283 a
869 2255 1109 2283 remuneratione:
1122 2255 1158 2282 ita
1182 2260 1209 2282 et
1232 2256 1280 2291 qui
1296 2257 1378 2284 mise-

599 2309 686 2336 retur,
708 2310 723 2329 a
746 2301 912 2330 calamitate.
933 2300 1061 2328 Attamen
1085 2300 1244 2329 misericors
1259 2301 1379 2329 humano

600 2349 708 2377 vicinus
720 2352 762 2375 est
776 2356 783 2374 τ
796 2347 926 2382 quoniam
942 2346 1045 2380 absque
1059 2346 1115 2374 ullo
1129 2351 1234 2381 quaestu
1257 2354 1290 2375 ac
1315 2354 1377 2374 mue

601 2402 678 2428 nere,
690 2393 723 2422 ad
738 2392 924 2429 przeslandum
939 2392 1100 2420 beneﬁcium
1118 2391 1219 2425 fertur;
1235 2392 1282 2420 sed
1307 2401 1377 2421 non-

599 2442 666 2469 dum
683 2441 819 2468 humanus
846 2443 899 2466 cst.
921 2437 955 2467 Et
982 2445 1033 2473 ego
1048 2438 1103 2466 dixi
1124 2438 1184 2467 :Ob
1202 2446 1270 2474 quas
1297 2439 1379 2476 igitur

603 2487 724 2517 actiones
738 2485 875 2513 humanus
890 2484 953 2519 quis
967 2491 1028 2511 esse
1041 2484 1147 2519 potest?
1161 2483 1312 2519 Respondit
1324 2485 1376 2513 Pe-

602 2532 765 2565 truszouia
783 2531 862 2559 video
887 2533 914 2558 te
937 2529 1065 2565 cupidum
1082 2529 1221 2563 audiendi,
1241 2531 1380 2565 quodnam

600 2580 637 2608 sit
663 2577 842 2606 humanitatis
866 2576 996 2609 ollicium,
1023 2583 1077 2603 non
1093 2575 1193 2610 pigebit
1209 2576 1307 2604 dicere.
1322 2577 1380 2605 Hu.

601 2632 701 2657 manus
724 2624 770 2652 ille
790 2627 843 2656 est,
857 2622 905 2657 qui
918 2622 1002 2650 etiam
1014 2628 1077 2657 erga
1091 2620 1217 2649 inimicos
1230 2622 1334 2657 placide
1348 2631 1380 2651 ac

1416 195 1463 223 καὶ
1478 197 1536 227 τοῖς
1549 195 1651 228 λοιποῖς
1663 195 1780 231 ἑταίροις
1789 203 1797 211 ο
1812 194 1859 222 καὶ
1877 193 1964 226 οὕτως
1977 193 2018 224 είς
2039 191 2131 225 ξενίαν
2149 191 2204 225 ὼρ-

1418 249 1554 277 μησαμεν.

1451 285 1542 314 XCIII.
1562 286 1718 322 Γενομένων
1733 285 1763 313 δὲ
1782 285 1860 322 ἡμῶν
1882 285 1929 312 ἐπὶ
1941 284 1971 312 τὸ
1988 283 2065 316 αὐτὸ,
2081 282 2129 310 καὶ
2140 291 2202 318 τρο-

1416 332 1472 368 φῆς
1493 332 1707 368 μεταλαϐόντων,
1725 331 1884 368 τεινομένης
1901 331 1941 358 ἔτι
1961 330 2012 366 τῆς
2029 329 2113 365 ὥρας,
2137 327 2203 362 ἔφην

1417 378 1473 414 ἐγὼ
1484 379 1524 415 τῷ
1535 379 1645 416 Πέτρῳ·
1660 378 1864 415 Φιλανθρωπίας
1875 378 1964 413 ἔργον,
1979 376 2058 412 κύριέ
2079 384 2132 411 μου
2155 374 2204 401 Πέ-

1416 433 1476 461 τρε,
1489 425 1505 461 ἡ
1519 425 1572 461 ἐμὴ
1592 425 1724 460 πεποίηκε
1738 425 1838 460 μήτηρ,
1851 423 1902 459 τῆς
1921 422 2058 457 ξενοδάχου
2078 422 2203 456 ὑπομνη-

1419 470 1513 499 σθεῐσα
1536 470 1674 506 γυναικός.
1692 470 1747 497 Καὶ
1771 471 1786 497 ὁ
1808 469 1910 505 Πέτρος
1935 467 2118 504 ἀπεκρίνατο·
2133 465 2205 501 ’Δρὰ

1418 524 1461 550 γε,
1475 512 1498 542 ὦ
1516 516 1626 552 Κλήμη,
1642 515 1749 551 ἀληθῶς
1773 514 1917 550 νενόμικας
1938 511 2143 548 φιλανθρωπίας
2161 511 2203 546 ἐρ-

1418 569 1466 596 γον
1482 561 1659 596 πεποιηκέναι
1675 561 1724 596 τήν
1741 569 1771 587 σε
1792 558 1934 591 τεκοῦσαν,
1951 558 2010 586 καθ’
2024 558 2039 584 δ
2051 558 2075 574 ⁶⁹
2089 558 2140 592 τὴν
2156 557 2204 583 ὑπὸ

1418 607 1547 642 ναυαγίου
1563 607 1648 642 αὐτὴν
1664 605 1865 642 ὑποδεξαμένην
1883 604 2031 641 ἠμείψατο·
2056 604 2075 639 ἢ
2092 603 2131 635 ὡς
2155 611 2204 638 μη-

1417 652 1463 689 τρὶ
1476 652 1652 689 χαριζόμενος
1664 651 1743 679 τοῦτο
1758 652 1871 687 εἴρηκας
1885 659 1893 684 ;
1912 651 1944 678 Et
1960 650 1988 676 δὲ
2007 650 2044 686 μὴ
2061 648 2205 684 χαριζόμε-

1418 707 1473 731 νος,
1489 698 1547 726 ἀλλ’
1562 699 1600 730 ὡς
1620 697 1759 734 ἀληθεύων
1783 697 1861 733 Εφης,
1885 696 1976 727 ἔοικάς
1996 704 2041 730 μοι
2060 695 2168 729 ἀγνοεῖν
2180 693 2204 719 τί

1420 745 1484 775 ποτέ
1504 745 1562 772 ἐστι
1584 743 1786 780 φιλανθρωπίας
1811 742 1934 779 μέγεθος,
1960 742 2032 778 ἣτις
2052 741 2130 768 ἐστὶν
2144 740 2203 767 ἄνευ

1419 789 1467 817 τοῦ
1480 789 1602 824 φυσικῶς
1617 789 1756 821 πείθοντος
1774 789 1791 824 ὴ
1814 787 1883 823 πρὸς
1893 785 1949 814 οἷον
1963 786 1995 821 δή
2011 793 2077 812 ποτε
2095 784 2202 820 στοργὴ,

1421 835 1483 862 καθ’
1496 835 1510 862 ὃ
1521 834 1569 863 ἄνθ
1575 834 1663 870 ρωπός
1678 834 1761 861 ἔστιν.
1776 832 1845 861 Ἀλλ’
1856 832 1916 859 οὐδὲ
1931 832 1948 867 ἠ
1964 831 2108 865 ξενοδόχος
2123 830 2141 866 ὴ
2156 828 2204 856 ὑπὸ

1421 881 1549 916 ναυαγίου
1565 882 1614 917 τὴν
1634 881 1659 897 ⁷⁵
1673 879 1806 907 τεκοῦσαν
1826 877 2030 913 ὑποδεξαμένη,
2053 875 2204 911 φιλάνθρω-

1421 935 1472 959 πος
1485 927 1519 954 ἂν
1531 927 1554 944 ⁷¹
1570 928 1636 962 παρ’
1652 926 1714 962 ἐμοὶ
1729 927 1752 942 ⁷⁸
1766 924 1880 959 λέγοιτο.
1902 923 1971 950 Ὑπὸ
1984 923 2039 958 γὰρ
2056 922 2150 953 ἐλέους
2160 929 2202 947 κο-

1420 971 1550 999 λασθεῖσα
1563 971 1710 998 ἐπέπειστο
1724 971 1748 987 ⁷⁸
1766 969 1891 1005 γενέσθαι
1908 968 2036 1003 γυναικὸς
2058 966 2202 1002 εὐεργέτις,

1420 1016 1542 1053 ναυαγίῳ
1556 1015 1767 1052 περιπεσούσης,
1780 1015 1863 1043 τέκνα
1878 1013 2037 1049 πενθούσης.
2058 1012 2148 1047 ξένης,
2160 1020 2204 1044 γυ-

1423 1063 1502 1099 μνῆς,
1520 1062 1726 1099 μεμονωμένης,
1744 1061 1791 1089 καὶ
1805 1060 1906 1097 σφόδρα
1923 1060 1969 1087 ἐπὶ
1982 1060 2041 1090 ταῖς
2057 1059 2204 1094 συμφοραῖς

1421 1107 1631 1144 ὀλοφυρομένης.
1653 1107 1697 1134 Ἑν
1717 1106 1863 1138 τοσαύταις
1883 1103 1930 1132 οὖν
1951 1103 2036 1139 αὐτὴν
2056 1104 2204 1138 συμφοραῖς

1421 1154 1503 1184 οὖσαν
1515 1154 1558 1187 τίς
1572 1154 1621 1182 οὐκ
1638 1154 1671 1182 ἂν
1687 1153 1748 1181 ίδὼν
1764 1153 1884 1190 ἐλεήσειε
1901 1152 1924 1169 ’⁵
1939 1152 1985 1178 καὶ
2005 1150 2060 1177 τῶν
2083 1148 2203 1181 issam;

1423 1202 1504 1228 Ὥστε
1524 1200 1600 1228 οὔπω
1623 1198 1828 1236 φιλανθρωπίας
1848 1198 1928 1234 ἔργον
1958 1196 2019 1224 οὐδὲ
2037 1197 2054 1231 ὴ
2075 1194 2205 1230 ξενοδόχος

1421 1246 1489 1282 γυνὴ
1504 1246 1670 1281 πεποιηκυῖα
1684 1245 1752 1281 πρὸς
1765 1244 1849 1280 αὐτὴν
1864 1243 1997 1278 φαίνεται,
2018 1241 2077 1268 ἀλλ’
2091 1239 2145 1268 ὑπὸ
2161 1238 2205 1265 τοῦ

1421 1292 1468 1319 ἐπὶ
1482 1291 1593 1328 μυρίαις
1607 1291 1761 1327 συμφοραῖς
1775 1289 1852 1316 ὲλέου
1872 1289 1941 1325 πρὸς
1961 1286 2119 1323 εὐεργεσίαν
2135 1294 2205 1312 κεκι-

1421 1338 1534 1374 νημένη.
1551 1337 1606 1364 Καὶ
1620 1336 1675 1372 γὰρ
1689 1337 1707 1372 ἦ
1720 1344 1750 1362 σε
1764 1334 1882 1362 τεκοῦσα
1895 1334 1952 1370 βίου
1969 1333 2145 1368 εὐπορήσασα
2162 1330 2206 1356 καὶ

1421 1383 1470 1419 τὴν
1489 1381 1624 1418 ξενοδόχον
1650 1380 1834 1418 ἀμειψαμένη,
1849 1380 1879 1408 οὐ
1904 1378 2120 1415 φιλανθρωπίας,
2144 1376 2207 1403 ἀλλὰ

1423 1425 1513 1460 φιλίας
1527 1425 1653 1461 εποίησεν
1669 1424 1758 1460 ἔργον.
1773 1424 1861 1459 Πολλὴ
1876 1423 1905 1451 δὲ
1920 1422 2035 1458 διαφορὰ
2050 1421 2151 1457 μεταξὺ
2167 1429 2208 1455 φιν

1422 1471 1481 1504 λίας
1492 1479 1523 1500 τι
1536 1471 1583 1498 καὶ
1597 1470 1812 1506 φιλανθρωπίας·
1832 1470 1873 1496 δτι
1887 1469 1903 1505 ἡ
1921 1469 1971 1505 μὲν
1992 1468 2068 1503 φιλία
2083 1467 2113 1499 ἑξ
2133 1467 2208 1502 ἀμοι-

1423 1517 1474 1553 σῆς
1493 1517 1612 1552 γίνεται,
1638 1517 1656 1551 ἡ
1681 1515 1869 1551 φιλανθρωπία
1892 1514 1921 1542 δὲ
1941 1514 2005 1542 ἄνευ
2023 1513 2071 1540 τοῦ
2092 1512 2209 1548 φυσικῶς

1422 1563 1572 1595 πείθοντος,
1595 1561 1685 1589 πάντα
1709 1561 1864 1598 ἄνθρωπον,
1888 1560 1956 1588 καθὸ
1980 1559 2124 1595 ἄνθρωπός
2143 1559 2209 1589 ἐστι,

1423 1608 1536 1644 φιλοῦσα
1551 1608 1688 1643 εὐεργετεῖ
1699 1615 1705 1623 ·
1723 1608 1747 1634 εί
1762 1607 1811 1642 μὲν
1826 1604 1872 1634 οὖν
1888 1607 1906 1642 ἡ
1931 1605 2065 1641 ἐλεήσασα
2080 1603 2211 1639 Est-06610;

1423 1652 1505 1689 αὕτη,
1528 1652 1576 1680 καὶ⁵
1599 1652 1780 1688 ἀδικήσαντας
1800 1651 1913 1687 ἐχθροὺς
1935 1649 2047 1676 ὲλεοῦσα
2063 1649 2210 1685 εὐεργετεῖ,

1424 1698 1612 1735 φιλάνθρωπος
1623 1697 1656 1724 ἃν
1677 1697 1730 1732 εἴη’
1749 1697 1773 1724 εί
1792 1696 1820 1724 δὲ
1840 1696 1907 1723 διότι
1917 1696 1940 1713 ⁷⁸
1952 1695 2015 1731 φίλη
2041 1695 2058 1731 ἢ
2089 1695 2174 1730 ἐχθρὰ
2193 1696 2209 1730 ἡ

1425 1745 1489 1781 φίλη
1504 1743 1615 1779 τοιαύτη
1625 1743 1660 1775 ⁷⁸,
1677 1742 1725 1770 τοῦ
1738 1751 1809 1774 τινος
1822 1742 1908 1769 αίτίου
1921 1740 1986 1777 φίλη
1996 1741 2070 1767 ὲστὶν
2084 1740 2102 1775 ἢ
2116 1739 2210 1776 ἐχθρὰ,

1424 1791 1455 1817 οὐ
1468 1789 1515 1816 τοῦ
1529 1787 1679 1823 ἀνθρώπου.

1459 1845 1551 1874 XCIV.
1571 1843 1656 1879 Κάγὼ
1668 1843 1872 1880 ἀπεκρινάμην·
1887 1843 1925 1870 Οὐ
1947 1842 2020 1869 δοκεῖ
2035 1850 2077 1869 σοι
2100 1840 2150 1868 οὖν
2165 1850 2208 1876 φι-

1430 1893 1589 1928 λάνθρωπος
1600 1888 1668 1918 εῖναι
1680 1890 1734 1917 κᾶν
1748 1890 1764 1926 ἡ
1781 1889 1928 1927 ξενοδόχος,
1945 1888 2022 1923 ξένην
2037 1889 2070 1924 ἦν
2081 1889 2132 1915 οὐκ
2148 1888 2210 1923 ἠπί-

1428 1947 1508 1966 στατο
1523 1937 1727 1973 εὖεργετήσασα
1740 1943 1748 1969 ;
1764 1935 1819 1962 Καὶ
1835 1936 1850 1962 ὸ
1865 1935 1981 1971 Πέτρος·
2001 1934 2154 1970 Ἐλεήμονα
2167 1934 2211 1970 μὲν

1426 1984 1511 2020 αὐτὴν
1532 1984 1618 2010 εἰπεῖν
1641 1981 1803 2016 ἐπίσταμαι,
1823 1980 2012 2017 φιλάνθρωπον
2025 1980 2054 2007 δὲ
2069 1980 2101 2008 οὐ
2122 1979 2212 2014 τολμῶ

1426 2030 1526 2065 λέγειν,
1542 2028 1589 2056 ἁτε
1603 2027 1635 2064 δὴ
1656 2027 1723 2064 μηδὲ
1745 2027 1795 2062 τὴν
1819 2026 1953 2054 τεκοῦσαν
1974 2026 2149 2061 φιλότεκνον·
2164 2026 2212 2054 ὑπὸ

1426 2077 1529 2104 ὠδίνων
1538 2074 1592 2110 γὰρ
1601 2074 1649 2101 καὶ
1656 2073 1811 2109 ἀνατροφῆς
1823 2073 1947 2109 στέργειν
1955 2072 2110 2100 πέπεισται·
2120 2073 2212 2108 ὦστερ

1427 2122 1481 2158 γὰρ
1494 2121 1509 2148 ὸ
1531 2120 1604 2156 ὲρῶν
1627 2119 1679 2146 ὑπὸ
1701 2119 1752 2154 τῆς
1774 2118 1917 2154 συνηθείας
1931 2118 2118 2151 κολακεὺεται,
2139 2120 2187 2146 καὶ
2200 2119 2213 2144 ὸ

1428 2167 1504 2204 φίλος
1522 2165 1575 2193 ὑπὸ
1592 2165 1641 2201 τῆς
1653 2164 1780 2200 ἀμοιϐῆς·
1798 2164 1872 2191 οὕτω
1893 2165 1940 2192 καὶ
1952 2165 1967 2191 ό
1980 2165 2074 2197 ἐλεῶν,
2091 2165 2146 2193 ὕπδ
2166 2166 2212 2200 τῆς

1429 2212 1581 2249 συμφορᾶς.
1595 2211 1668 2247 Πλὴν
1683 2211 1766 2246 ὲγγὺς
1786 2211 1801 2237 ὁ
1824 2211 1949 2246 ἐλεήμων
1961 2211 2001 2247 τῷ
2015 2211 2210 2248 φιλανθρὼταρ·

1428 2260 1470 2287 ὅτι
1485 2259 1550 2286 ἄνευ
1563 2256 1610 2285 τοῦ
1624 2266 1651 2284 τι
1666 2257 1782 2293 θηρᾶσαι
1807 2256 1854 2284 καὶ
1874 2257 1975 2289 λαϐεῖν,
1987 2257 2143 2294 εὐεργετεῖν
2159 2259 2211 2285 πεί-

1429 2305 1518 2333 θεται*
1534 2303 1610 2331 οὔπω
1628 2302 1656 2330 δὲ
1677 2303 1725 2329 καὶ
1742 2302 1938 2338 φιλάνθρωπος.
1963 2303 2049 2338 Κάγὼ
2068 2305 2213 2340 ἀπεκρινά-

1430 2359 1498 2387 μην·
1522 2349 1584 2377 Ἑπὶ
1594 2348 1683 2380 ποίαις
1695 2347 1743 2376 οὖν
1756 2348 1873 2384 πράξεσι
1891 2349 2080 2386 φιλάνθρωπός
2091 2359 2135 2382 τις
2149 2350 2212 2377 εἶναι

1429 2397 1558 2429 δύναται;
1575 2395 1631 2422 Καὶ
1653 2395 1667 2421 ό
1689 2394 1792 2429 Πέτρος
1814 2395 1993 2431 ἀπεκρίνατο·
2015 2396 2092 2423 Ἐπεὶ
2116 2396 2174 2432 ὁρῶ
2188 2405 2212 2423 σε

1427 2442 1584 2478 γλιχόμενον
1595 2440 1722 2472 ἀκοῦσαι,
1733 2441 1758 2467 τί
1769 2440 1834 2468 ποτέ
1844 2442 1901 2468 ἐστι
1911 2441 2116 2478 φιλανθρωπίας
2125 2443 2211 2479 ἔργον,

1430 2488 1481 2514 οὐκ
1501 2487 1608 2522 ὀκνήσω
1630 2487 1732 2513 εἰπεῖν’
1758 2486 1949 2522 φιλάνθρωπος
1962 2487 2065 2519 ἐκεῖνός
2084 2489 2161 2517 ἐστιν
2173 2489 2211 2516 καὶ

1433 2533 1540 2569 ἐχθροῖς
1566 2532 1677 2568 ἡμέρως
1708 2532 1755 2559 καὶ
1775 2532 1957 2569 εὐεργετικῶς
1983 2535 2210 2570 προσφερόμενος.

1434 2581 1494 2606 Ὅτι
1504 2579 1533 2606 δὲ
1547 2578 1633 2610 οὕτως
1645 2579 1712 2614 ἔχει,
1727 2578 1820 2613 σαφῶς
1832 2579 1924 2607 ἄκουε.
1939 2579 1995 2616 Τὴν
2011 2580 2210 2617 φιλανθρωπίαν

1433 2626 1465 2651 ὲκ
1478 2625 1523 2651 δύο
1536 2633 1582 2660 μοι
1601 2625 1655 2651 νόει
1676 2624 1834 2658 συγκεῖσθαι
1846 2625 1952 2661 μερῶν·
1966 2622 2003 2653 ὧν
2017 2625 2048 2653 τὸ
2068 2626 2120 2661 μὲν
2133 2627 2209 2660 αὐτῆς

1229 2679 1346 2708 νΑΙιιιΕ
1365 2681 1564 2709 LECTIONES.

643 2731 666 2748 "
687 2728 825 2760 Clamant,
840 2730 913 2755 hom.
926 2735 976 2760 ιιι,
992 2733 1017 2755 c.
1035 2726 1071 2754 25
1086 2731 1138 2755 etc.
1177 2728 1200 2745 “
1219 2727 1255 2754 al.
1276 2728 1360 2759 καθό,
1375 2728 1411 2755 aI.

1432 2728 1493 2756 καθ’
1514 2729 1554 2756 ὅτι
1572 2729 1627 2756 ὲπί.
1647 2729 1695 2765 ΑΙ.Δ
1708 2728 1801 2756 καθότι
1816 2728 1941 2765 τὴνῗάπό.
1979 2729 2004 2745 ⁷⁸
2017 2729 2054 2757 al.
2075 2730 2159 2758 inser.
2174 2735 2206 2755 σε.

602 2766 626 2783 ⁷¹
646 2766 722 2798 deest
739 2765 766 2791 in
789 2764 825 2791 al.
857 2764 879 2779 ⁷¹
900 2763 969 2798 Παρ¹
982 2762 1067 2798 ἐμοί..
1077 2760 1154 2791 Unus
1169 2761 1237 2798 liber
1256 2763 1320 2798 παρ’
1349 2763 1428 2798 ἐμοῦ.
1444 2765 1490 2797 qui
1504 2765 1585 2792 etiam
1602 2763 1819 2792 κατακλασθεῖσα
1835 2760 1962 2797 exhibet,
1976 2764 2022 2791 ubi
2044 2765 2206 2792 κολασθεῖσα.

603 2800 673 2828 con
695 2796 732 2815 -τι
746 2799 782 2826 αι,
803 2796 951 2825 πέπειστο-⁷
979 2796 1128 2833 "uite-rise.
1167 2797 1189 2814 ⁷⁵
1207 2796 1242 2824 al.
1263 2796 1414 2832 δι”ὂτι,’ἂΙ.

1434 2798 1514 2829 διατι.
1554 2800 1576 2819 ⁷6
1592 2799 1626 2827 al.
1645 2800 1691 2827 καὶ
1712 2798 1755 2826 διά
1774 2808 1802 2826 τι
1823 2799 1935 2835 ὲχθρὰή
1961 2798 2036 2835 φίλη,
2055 2800 2073 2835 ἡ
2091 2799 2204 2832 τοιαύτη.
