2290 3110
243 130 327 159 57,

637 130 865 163 οιΕκΚΝτΙΝΑ.
883 147 919 154 -
937 131 1088 162 ΕΡῘΤΟΜΕ
1106 133 1150 161 DE
1166 133 1290 163 GESTIS
1308 133 1337 162 S.
1356 133 1468 165 PETRI.

1797 135 1851 166 538

243 186 408 224 ιλιημοσύνη,
424 186 457 214 τδ
472 187 501 214 δὲ
514 187 608 224 ἀγάπη
619 189 692 216 ἐστὶν
704 190 721 225 ἡ
736 190 804 226 πρὸς
814 190 861 217 τὸν
882 190 1013 227 πλησίον·
1028 192 1051 221 Α
1064 190 1147 219 munil

944 190 1013 218 τίον·
1028 192 1051 221 Α
1064 190 1194 219 munillce
1209 198 1240 220 se
1255 191 1335 227 gerit.
1352 191 1431 225 Quod
1453 194 1544 219 autem
1573 189 1610 218 ita
1634 189 1744 223 habeat.
1758 191 1848 218 mani-

243 233 341 268 πλησίον
352 233 381 260 δὲ
394 232 534 269 ἀνθρώπῳ
547 233 631 266 ὲστὶν,
645 234 660 260 6
674 235 728 267 πᾶς
750 235 902 271 ἄνθρωπος,
914 238 963 274 οὐχ
975 239 1015 266 δτι

243 279 276 313 εἷς
289 281 441 317 ἄνθρωπος·
458 280 601 316 ἄνθρωπος
620 280 675 317 γάρ
702 282 758 308 ἐστι
781 282 827 309 καὶ
842 283 926 316 κακὸς
938 286 985 312 καὶ
1000 286 1016 312 6

242 327 339 361 ἀγαθὸς,
349 327 396 354 καὶ
410 326 511 363 ἐχθρὸς
520 329 568 355 καὶ
578 329 662 364 φίλος.
675 329 735 365 Χρὴ
745 326 792 356 οὖν
803 330 849 357 τδν
866 330 1017 367 φιλανθρω-

242 375 297 400 πίαν
310 373 456 408 ἀσκοῦντα,
477 376 598 411 μιμητὴν
611 374 680 403 εἶναι
692 375 770 408 Θεοῦ,
789 377 1014 412 ειῖιι,ργετοΰντ‹ι.¹¹⁷

241 419 265 445 δὲ
275 418 389 451 δικαίους
403 428 437 446 τε
462 420 510 448 καὶ
532 420 651 453 ἀδίκους,
665 421 703 454 ὡς
717 422 799 454 αὐτὸς
814 423 829 450 6
844 423 911 456 Θεὸς
932 424 962 451 ὲν
976 424 1016 460 τῷ

242 464 282 491 νῦν
293 464 383 500 κόσμῳ
394 465 443 492 τόν
454 474 486 492 τε
498 465 573 501 ἥλιον
594 466 642 493 καὶ
662 467 727 500 τοὺς
746 468 840 501 ὑετοὺς
852 468 935 496 αὐτοῦ
948 470 1016 497 πᾶσι

242 509 356 545 παρέχων
369 510 403 538 ⁷⁸.
422 511 457 538 Et
482 511 512 538 δὲ
541 511 627 544 θέλεις
649 513 769 548 ἀγαθοὺς
785 514 835 550 μὶν
851 515 1014 551 εὐεργετεῖν,

242 556 330 587 κακοὺς
341 555 369 583 δὲ
384 555 524 590 κολάζειν,
536 558 631 594 κριτοῦ
657 558 739 595 ἔργον
760 559 890 596 πράττειν
912 561 1015 597 ἐπιχει-

242 602 297 636 ρεῖς.

272 732 436 770 ΧΕΥ.Κάγὼ
451 733 616 771 ἔφην-Ἆρά
626 744 658 771 γε
671 736 718 763 καὶ
730 736 744 763 6
756 735 822 769 Θεὸς
836 736 900 764 πότι
906 736 941 753 ⁷⁸¹
952 737 1015 773 μέλ-

242 778 286 806 λων
304 779 413 815 κρίνειν,
442 780 484 812 ὡς
507 780 642 813 διδάσκεις
666 782 750 816 ἡμᾶς,
772 781 804 808 οὐ
827 780 1015 817 φιλάνθρωπός

242 826 290 852 ἔστι
302 825 354 861 (10)
364 834 372 859 ;
384 826 442 853 Καὶ
454 827 469 853 6
483 826 600 863 Πέτρος·
614 827 775 854 Τοὺναντίον
785 827 884 862 λέγεις.
906 827 1014 864 Ἐπειδὴ

242 871 287 907 γὰρ
295 860 388 907 κρίνει,
400 860 593 908 φιλάνθρωπός
614 872 671 899 ἐστι
680 881 686 887 ·
705 872 789 908 φιλῶν
802 860 857 908 γάρ
871 873 919 900 καὶ
932 860 1014 901 ἐλεῶν
1029 860 1050 888 Β

241 917 294 949 τοὺς
314 917 509 953 ἠδικημένους,
534 919 695 954 τιμωρεῖται
728 919 793 951 τοὺς
822 918 1012 954 ἀδικήσαντας.

243 963 315 998 Κάγὼ
323 962 404 999 ἔφην·
421 963 540 996 οὐκοῦν,
553 965 577 991 ει
588 963 665 998 κάγὼ
675 964 795 999 ἀγαθοὺς
806 964 856 1001 μὲν
867 965 1014 1001 εὐεργετῶ,

242 1012 294 1044 τοὺς
306 1012 333 1039 δὲ
346 1011 511 1044 ἀδικοῦντας
525 1011 586 1039 καθ’
601 1011 616 1039 ὃ
635 1011 797 1047 ἀνθρώπους
816 1011 950 1048 ἠδίκησαν
973 1021 1015 1040 τι-

245 1058 383 1094 μωροῦμαι,
399 1057 593 1094 φιλάνθρωπός
602 1059 668 1093 ειμι.
682 1058 737 1085 Καὶ
753 1058 767 1085 6
786 1058 890 1094 Πέτρος
901 1058 1015 1094 ἀπεκρί-

243 1112 310 1132 νατο·
324 1105 354 1131 El
366 1104 436 1140 μετά
450 1104 501 1131 τοῦ
516 1104 669 1140 πρόγνωσιν
683 1104 765 1139 ἔχειν,
778 1104 868 1139 evel-:6
881 1113 922 1132 σοι
937 1105 984 1132 καὶ
996 1105 1013 1140 ἡ

243 1149 282 1176 τοῦ
294 1151 390 1186 κρίνειν
403 1150 526 1186 ἐξουσία,
539 1150 627 1186 ὀρθῶς
636 1150 670 1177 ἂν
683 1150 763 1177 τοῦτο
774 1150 886 1182 ἐποίης’
904 1149 948 1177 διὰ
963 1150 1014 1186 μὲν

244 1195 281 1222 τοῦ
297 1195 431 1232 εἰληφέναι
445 1197 497 1233 τὴν
515 1196 650 1230 ἐξουσίαν,
666 1196 855 1228 καταδικάζων
866 1195 912 1228 οὓς
925 1196 940 1222 6
949 1195 1015 1228 Θεὸς

245 1241 441 1279 ιδημιούργησεο
455 1242 501 1270 διὰ
513 1243 541 1269 δὲ
553 1243 603 1278 τὴν
615 1243 767 1278 πρόγνωσιν
784 1241 840 1278 (M)
859 1241 1015 1275 ἀπταίστως

245 1287 268 1314 ἐν
279 1287 313 1323 τῷ
325 1288 438 1324 κρίνειν,
460 1288 509 1321 οὓς
531 1289 580 1324 μὲν
605 1287 643 1320 ὥς
658 1288 779 1320 δικαίους
791 1287 914 1320 δικαιῶν,
928 1287 975 1320 οὒς
985 1288 1014 1316 δὲ

245 1334 276 1366 ὡς
287 1335 387 1367 ἀδίκους
402 1335 603 1368 καταδικάζων.
619 1334 704 1370 Κάγὼ
727 1334 810 1371 ἔφην’
830 1334 932 1370 Ὀρθῶς
947 1334 1016 1371 ἐφης

245 1381 284 1407 καὶ
295 1381 407 1417 ἀληθῶςο
422 1381 554 1409 ἀδύνατον
562 1381 617 1417 γάρ
628 1389 688 1408 τινα
701 1381 854 1417 πρόγνωσιν
862 1381 913 1408 οὐκ
920 1380 1015 1416 ἔχοντα

246 1427 334 1462 κρίνειν
346 1427 444 1464 ὀρθῶς.
467 1427 570 1455 Ἐνίοτι
582 1426 636 1463 γὰρ
649 1426 790 1462 φαίνονταί
816 1435 890 1457 τινες
906 1426 1014 1461 ἀγαθοὶ,

246 1473 346 1509 ἀθέμιτα
373 1474 468 1510 κρύφα
498 1473 739 1510 διαπραττόμενοι·
764 1473 830 1500 ἔνιοι
851 1473 881 1500 δὲ
905 1472 1014 1508 ἀγαθοὶ,

247 1519 290 1545 me
307 1520 428 1555 διαϐολῆς
448 1520 556 1556 ἐχθρῶν
568 1520 647 1546 κακοὶ
662 1519 924 1555 ὑπολαμϐανόμενοι.
945 1519 1015 1546 Ἀλλ’
1029 1524 1052 1556 c

246 1565 266 1591 ei
273 1565 313 1592 καὶ
323 1565 367 1592 τοῦ
380 1566 535 1602 βασανίζειν
546 1566 592 1593 καὶ
599 1566 754 1601 ἀνακρίνειν
763 1564 885 1598 ἐξουσίαν
895 1573 938 1597 τις
947 1565 1015 1600 ἔχων

247 1610 345 1644 δικάζει,
360 1612 418 1639 οὐδὲ
429 1612 518 1644 οὕτως
528 1611 583 1644 ἕξει
596 1611 705 1642 πάντως
715 1611 747 1638 τὸ
756 1611 867 1644 δικαίως
877 1611 998 1644 δικάζειν
1006 1621 1013 1627 ·

247 1656 300 1683 ἔνιοι
322 1657 373 1693 γὰρ
396 1659 489 1693 φονεῖς
512 1657 597 1689 ὄντες,
614 1656 673 1684 εἶτα
686 1657 736 1689 τὰς
751 1657 884 1692 βασάνους
902 1657 1015 1693 ὑπενεγ-

247 1703 342 1736 adv-reg,
363 1703 513 1739 ἀφείθησαν
530 1703 567 1734 ὠς
578 1702 670 1730 ἀθῶοι·
690 1703 778 1738 ἕτεροι
796 1702 825 1729 δὲ
839 1702 919 1729 πάλιν
931 1703 1015 1731 ἀθῶοι

247 1748 418 1783 τυγχάνοντες,
434 1749 487 1780 τὰς
511 1748 645 1784 βασάνους
671 1749 721 1783 οὐχ
741 1748 946 1784 ὑπομείναντες,
968 1750 1015 1777 κει)⁴

249 1792 284 1820 διὰ
298 1793 370 1821 τοῦτο
390 1794 629 1830 καταψευσάμενοι
642 1793 757 1825 ἑαυτῶν,
771 1794 809 1826 ὡς
822 1794 903 1822 αἴτιοι
921 1795 1016 1823 ἐκολά-

249 1839 344 1875 σθησαν.

276 1884 357 1915 XCVI.
376 1888 431 1914 Καὶ
445 1887 461 1913 6
476 1886 591 1922 Πέτρος,
607 1886 685 1921 Ἔχει
709 1885 827 1922 μετρίως
849 1886 898 1913 καὶ
917 1885 1014 1919 ταῦτα,

249 1930 303 1967 ἔφη*
318 1933 346 1960 τὺ
363 1933 391 1961 δὲ
407 1934 501 1970 μεῖζον
513 1933 636 1961 ἄκουσον.
654 1932 748 1959 Ἑνίων
761 1931 911 1968 ἀνθρώπων
929 1933 1017 1969 ἀμαρ-

249 1977 365 2006 τανόντων
387 1979 404 2014 ἢ
427 1976 458 2007 εὖ
486 1978 680 2014 πραττόντων,
703 1977 722 2005 ἃ
747 1978 797 2014 μὲν
823 1974 861 2005 ὧν
892 1978 1015 2007 ποιοῦσιν

251 2023 295 2050 ῐδιά
315 2025 382 2052 ἐστιν
401 2024 505 2057 αὐτῶν,
527 2024 547 2052 ἃ.
572 2025 601 2052 δὲ
624 2025 672 2052 καὶ
690 2024 832 2060 ἀλλότριαο
857 2024 962 2052 δίκαιον
985 2025 1015 2053 δι

251 2070 348 2098 ἕκαστον
366 2072 410 2099 ἐπὶ
429 2073 488 2103 τοῖς
508 2072 585 2103 ἰδίοις
599 2071 780 2106 ἁμαρτήμασι
794 2071 984 2106 τιμωρεῖσθαι,
997 2071 1015 2107 ἢ

252 2115 290 2143 ἐπὶ
303 2119 351 2149 τοῖς
378 2117 589 2154 κατορθώμασιν
613 2117 730 2153 ἀμοιϐῆς
750 2117 899 2150 ἀξιοῦσθαι·
917 2117 1015 2145 ἀδύνα-

253 2171 288 2189 τον
298 2165 378 2192 δὲτινι
389 2165 457 2202 πλὴν
467 2165 593 2201 προφήτῃ
607 2164 679 2200 μόνῳ
693 2163 845 2200 πρόγνωσιν
856 2163 912 2199 (12)
927 2163 1014 2199 ἔχοντι

253 2208 296 2235 ὑπό
306 2218 371 2244 τινος
390 2211 524 2246 γενόμενα
547 2209 645 2236 ειδέναι
670 2210 774 2244 σαφῶς,
787 2211 852 2236 ποῖα
869 2210 917 2245 μὲν
932 2209 1013 2236 αὑτοῦ
1028 2207 1053 2237 D

1067 235 1138 265 festo
1164 237 1239 265 audi.
1262 236 1329 264 Mihi
1354 237 1457 271 cogita,
1478 235 1678 264 humanitatem
1693 243 1727 263 ex
1742 236 1849 264 duabus

1067 281 1191 317 partibus
1201 286 1328 310 constare
1339 290 1347 313 :
1359 289 1476 317 quarum
1492 288 1546 308 una
1561 280 1683 316 quidem,
1694 280 1849 308 misericor-

1068 329 1113 357 dia
1128 329 1181 362 sit;
1200 329 1286 356 altera
1310 335 1387 362 vero,
1401 327 1512 356 dilectio
1525 327 1553 354 in
1567 326 1723 363 proximum
1735 335 1742 354 :
1753 326 1849 362 proxi-

1066 383 1129 403 mus
1150 380 1240 404 autem
1263 375 1369 403 homini
1380 378 1432 408 est,
1448 373 1580 409 quilibet'
1599 371 1681 401 l‘omo
1693 395 1702 408 ,
1743 373 1843 402 nedum

1066 429 1138 450 unus
1161 422 1262 455 homo;
1283 422 1364 449 homo
1379 419 1453 449 enim
1464 423 1518 453 est,
1532 418 1616 446 etiam
1638 419 1738 451 malus,
1758 423 1785 446 et
1798 418 1849 445 bo-

1065 476 1129 501 nus,
1144 468 1232 496 hostis
1254 467 1357 504 pariter
1380 474 1413 495 ac
1435 465 1552 494 amicus.
1571 464 1684 500 Oportet
1706 472 1771 500 ergo
1786 471 1849 492 sum

1065 514 1114 550 qui
1138 513 1337 542 humanitatem
1353 511 1429 545 colit,
1444 511 1610 538 imitatorem
1627 509 1674 537 Dei
1695 517 1766 541 esse.
1777 509 1851 537 etde

1063 560 1146 597 justis
1169 564 1251 595 atque
1278 558 1388 594 injustis
1402 557 1474 585 bene
1487 555 1587 584 mereri
1603 564 1610 589 ;
1627 555 1698 583 sicut
1708 554 1766 590 ipse
1779 554 1850 582 Deus

1065 606 1093 634 in
1109 606 1161 634 hoc
1174 605 1277 633 mundo
1289 605 1375 632 solem
1398 602 1555 637 imbresque
1568 608 1636 629 suos
1657 601 1765 628 cunctis
1779 607 1849 636 prae-

1065 650 1111 678 bet
1119 650 1153 678 ".
1171 649 1249 684 Quod
1267 649 1291 678 si
1311 649 1353 677 vis
1375 647 1457 676 bonis
1480 646 1590 682 quidem
1607 644 1777 678 benefacere,
1792 652 1850 672 ma-

1064 696 1106 724 los
1120 703 1185 723 vero
1199 695 1307 731 punire,
1319 693 1419 730 iudicis
1430 700 1531 720 munus
1544 691 1658 726 implere
1670 689 1776 718 niteris.

1103 738 1185 767 XCV.
1207 738 1241 766 Et
1249 746 1300 774 ego
1313 737 1370 766 dixi
1383 745 1391 764 :
1405 736 1490 772 Igitur
1502 740 1530 764 et
1544 735 1626 769 Deus,
1641 736 1687 770 qui
1703 739 1760 762 tum
1774 734 1850 770 judi-

1064 788 1176 812 catnrus
1190 787 1242 818 est,
1257 788 1288 812 ut
1312 790 1364 811 nos
1379 782 1472 816 doces,
1486 790 1540 810 non
1569 786 1612 809 est
1637 781 1796 809 humanus?
1810 781 1850 808 Ac

1064 830 1180 859 Petrus:
1193 828 1344 866 Pugnantia
1356 828 1485 864 loqueris.
1502 827 1569 855 Nam
1583 827 1647 863 quia
1667 826 1783 862 judicat,
1797 826 1850 853 hu-

1065 883 1165 905 manus
1178 880 1222 904 est
1235 884 1243 904 :
1256 875 1373 911 diligens
1387 874 1460 902 enim
1472 881 1505 901 ac
1522 874 1669 902 miseratus
1691 872 1792 908 injuria
1805 871 1847 899 af-

1064 923 1159 957 fectos,
1173 922 1301 958 injuriam
1319 921 1468 949 inferentes
1481 920 1584 956 plectit.
1605 919 1637 947 Et
1658 927 1721 955 ego.
1743 918 1848 954 itaque,

1064 969 1189 1004 inquam,
1205 968 1228 996 si
1244 968 1302 1004 ipse
1316 967 1397 995 bonis
1410 966 1562 1000 benefacio,
1573 970 1601 993 et
1615 965 1765 1001 injuriosos
1781 965 1848 1000 quia

1064 1014 1157 1050 injurii
1179 1022 1245 1050 erga
1270 1014 1397 1042 homines
1425 1013 1537 1041 fuerunt
1560 1013 1675 1048 castigo,
1705 1013 1845 1040 humanus

1064 1068 1137 1089 sum.
1157 1059 1191 1087 Et
1208 1060 1305 1088 Petrus
1318 1058 1461 1094 respondit
1477 1067 1484 1086 :
1501 1058 1530 1086 Si
1547 1066 1601 1086 una
1618 1066 1681 1086 cum
1699 1058 1848 1094 praenotio-

1065 1113 1099 1133 ne
1112 1104 1308 1133 concederetur
1323 1104 1372 1132 tibi
1390 1108 1418 1132 et
1427 1103 1569 1139 judicandi
1583 1107 1715 1139 potestas,
1731 1108 1806 1131 recte
1820 1103 1847 1132 id

1064 1150 1248 1186 faceres:per
1272 1154 1412 1186 acceptam
1434 1149 1544 1185 quidem
1572 1153 1733 1184 potestatem
1748 1169 1756 1182 ,
1783 1157 1850 1176 con-

1065 1198 1198 1225 demnans
1216 1203 1264 1225 eos
1283 1203 1352 1232 quos
1363 1195 1436 1224 Deus
1452 1195 1574 1229 ereavit;
1587 1202 1636 1230 per
1650 1195 1848 1229 praenotionem

1064 1249 1131 1270 vero
1145 1242 1283 1277 inculpate
1306 1241 1334 1269 in
1361 1241 1520 1277 judicando,
1532 1245 1590 1268 tum
1620 1240 1691 1268 alios
1718 1244 1848 1275 tanquam

1062 1288 1152 1324 justos
1166 1287 1321 1321 absolvens,
1336 1291 1394 1315 tum
1406 1286 1476 1314 alios
1489 1291 1619 1322 tanquam
1637 1285 1756 1322 injustas
1768 1286 1848 1314 dam-

1065 1341 1145 1361 nans.
1165 1332 1198 1360 Et
1210 1340 1260 1368 ego
1274 1332 1331 1360 dixi
1345 1340 1352 1358 :
1368 1331 1452 1360 Recte
1465 1331 1574 1359 locutus
1586 1338 1616 1359 es
1637 1338 1671 1358 ac
1684 1338 1747 1359 vere
1762 1339 1769 1358 :
1786 1331 1844 1358 ﬁeri

1064 1379 1138 1407 enim
1154 1379 1257 1414 nequit.
1272 1378 1360 1413 utqui
1373 1377 1543 1413 praenotione
1554 1375 1750 1411 caret,judicet
1764 1381 1848 1404 recte.

1065 1424 1202 1452 Interdum
1217 1424 1320 1459 quippe
1331 1423 1455 1451 nonnulli
1469 1422 1595 1450 videntur
1608 1421 1684 1455 boni,
1696 1421 1744 1456 qui
1756 1421 1848 1448 illicita

1065 1467 1136 1496 clam
1151 1471 1308 1502 perpetrant
1328 1466 1473 1495 :nonnulli
1488 1473 1553 1494 vero
1574 1465 1649 1500 boni,
1665 1466 1786 1494 hostium
1803 1473 1845 1494 ca-

1067 1513 1172 1541 lumnia
1193 1513 1259 1541 mali
1279 1520 1341 1541 esse
1365 1512 1524 1540 creduntur.
1547 1511 1600 1539 Sed
1619 1517 1647 1540 et
1660 1512 1683 1540 si
1697 1511 1760 1547 quis
1774 1516 1849 1547 pote-

1064 1564 1136 1589 state
1151 1559 1296 1595 torquendi
1321 1565 1348 1587 et
1369 1559 1549 1594 quaestionem
1573 1558 1691 1586 habendi
1719 1557 1850 1593 praeditus

1063 1605 1176 1641 iudicet,
1195 1612 1283 1640 neque
1304 1604 1346 1632 sic
1358 1604 1458 1640 poterit
1472 1604 1584 1631 omnino
1605 1603 1680 1639 juste
1702 1603 1847 1639 judicare:

1065 1651 1176 1687 quidam
1191 1651 1276 1683 enim,
1294 1658 1357 1679 cum
1377 1649 1524 1678 homicidae
1538 1653 1640 1683 essent,
1659 1653 1752 1684 postea
1772 1657 1848 1685 quaa-

1065 1696 1164 1724 stionis
1187 1700 1322 1724 tormenta
1349 1695 1529 1729 sustinentes,
1551 1695 1658 1723 dimissi
1682 1700 1757 1728 sunt,
1775 1695 1850 1723 velut

1065 1741 1184 1775 innoxii;
1200 1745 1228 1769 et
1246 1741 1293 1768 alii
1317 1748 1425 1774 rursus,
1437 1741 1485 1775 qui
1501 1740 1662 1768 innocentes
1681 1745 1770 1774 erant,
1785 1748 1848 1769 cum

1065 1790 1201 1816 tormenta
1217 1786 1289 1814 ferre
1311 1794 1366 1814 non
1387 1786 1552 1821 potuissent,
1572 1785 1687 1820 ideoque
1702 1792 1797 1814 contra
1819 1794 1849 1814 se

1065 1833 1171 1861 mentiti
1183 1833 1311 1867 fuissent,
1326 1837 1456 1867 tanquam
1469 1831 1508 1859 rei
1524 1831 1611 1859 allecti
1625 1835 1690 1859 sunt
1703 1832 1848 1867 supplicio.

1101 1887 1194 1916 XCVI.
1215 1887 1285 1916 Tum
1300 1887 1398 1916 Petrus
1411 1897 1418 1915 :
1429 1887 1519 1922 Atque
1533 1887 1601 1920 haec,
1618 1886 1717 1922 inquit.
1741 1887 1848 1916 modica

1068 1939 1151 1968 sunt;
1169 1934 1232 1962 audi
1257 1941 1323 1962 vero
1347 1933 1437 1968 majus
1458 1932 1610 1968 quidpiam.
1625 1932 1739 1967 Quando
1763 1933 1848 1968 aliqui

1066 1981 1193 2009 homines
1215 1985 1340 2016 peccant,
1369 1979 1412 2007 vel
1438 1979 1508 2007 bene
1538 1983 1642 2014 agunt;
1668 1987 1764 2007 eorum
1788 1987 1850 2015 qua:

1066 2031 1225 2063 operantur,
1248 2027 1303 2054 alia
1328 2026 1452 2062 ipsorum
1477 2025 1586 2061 propria
1608 2030 1683 2060 sunt,
1699 2026 1751 2055 alia
1765 2027 1848 2055 etiam

1065 2073 1154 2102 aliena
1167 2082 1174 2101 :
1187 2081 1294 2108 aequum
1306 2080 1372 2100 vero
1387 2076 1430 2100 est
1444 2079 1669 2107 unumquemque
1682 2080 1732 2108 pro
1743 2073 1849 2102 delictis

1065 2119 1185 2154 propriis
1206 2119 1272 2146 dare
1295 2125 1401 2154 poenas,
1420 2123 1468 2145 aut
1484 2125 1533 2153 pro
1555 2122 1629 2146 recte
1644 2118 1724 2147 factis
1736 2121 1848 2154 praemio

1066 2165 1175 2193 donari.
1186 2164 1258 2192 Fieri
1277 2169 1368 2192 autem
1387 2172 1442 2191 non
1466 2169 1566 2200 potest,
1581 2170 1611 2193 ut
1625 2165 1773 2201 quispiam.
1796 2166 1847 2193 nisi

1066 2211 1141 2239 solus
1167 2210 1368 2247 propheta,qui
1388 2209 1585 2246 praenotionem
1603 2211 1695 2245 habet,
1708 2211 1743 2240 ab
1756 2212 1849 2247 aliquo

860 2265 978 2294 VARUS
997 2265 1198 2296 LECTIONES.

282 2314 372 2344 "deest
386 2316 454 2344 inal.
485 2315 509 2332 ⁷⁸
516 2315 551 2343 al.
570 2314 694 2352 παρέχει.
729 2314 867 2350 "'Sic.]F.
878 2315 928 2350 leg.
938 2315 1152 2349 mre,Lat.vero
1163 2317 1306 2353 aliquando
1314 2317 1374 2346 loco
1382 2322 1447 2345 tum.
1458 2315 1602 2345 En.Pnn.
1636 2315 1658 2331 τ’
1666 2314 1847 2348 Μιιίιιι.ν,45.

880 2374 1062 2403 VARIORUM
1078 2375 1193 2405 ΝΟΤᾹΖ.

282 2421 330 2457 (ιο)
348 2424 385 2451 οὐ
399 2423 606 2459 φιλάνθρωπός
619 2423 696 2459 eam.
710 2422 807 2450 Melius
820 2422 947 2459 vertisset
961 2431 1012 2459 no-

255 2460 317 2495 ster;
328 2457 454 2495 hominum
469 2457 574 2495 aniens,
585 2466 669 2495 quam
686 2457 827 2495 humanus,
847 2457 1012 2495 ambiguita-

255 2492 283 2517 lis
291 2492 392 2521 vitandae
406 2502 500 2522 causa.
514 2493 565 2521 Sed
591 2492 693 2528 ubique
714 2493 796 2520 verba
811 2492 904 2520 lectori
924 2493 1012 2528 adnuo

256 2531 340 2564 gerat,
350 2536 398 2556 non
419 2529 557 2564 appendit.
571 2528 620 2556 Vir
631 2526 739 2564 doctus,
757 2527 804 2562 qui
816 2534 850 2555 ex
864 2534 912 2564 ore
926 2526 1009 2564 Henr.

262 2557 342 2590 Valerii
353 2557 616 2599 excepi-{versionem
633 2557 830 2590 Historicorum
844 2562 1011 2599 ecclesiasti-

257 2601 344 2636 torum,
358 2596 582 2636 animadyerterat
598 2598 693 2636 _virum
713 2605 852 2636 summum
872 2596 1010 2636 interdum

258 2632 353 2659 nimium
369 2640 383 2660 a
399 2634 488 2661 verbis
507 2633 663 2666 abscedere,
678 2632 726 2660 sed
750 2633 809 2667 ipse
822 2632 904 2667 nimis
919 2632 1010 2659 adhae-

259 2670 310 2692 rens
321 2673 438 2702 perpetuo
456 2668 627 2730 βαᾶὖσρίζει,
641 2675 692 2695 nec
706 2666 813 2708 semper
832 2666 946 2707 feliciter
958 2674 1010 2701 po-

259 2701 360 2728 testatem
380 2710 473 2730 vocum
510 2711 643 2730 raecarum
657 2706 795 2730 exprimit.
811 2701 870 2729 Hoc
884 2702 971 2729 obiter
982 2705 1009 2728 et

258 2701 360 2737 testatem
380 2701 473 2731 vocum
486 2701 643 2731 Graecarum
657 2701 795 2737 exprimit.
811 2701 870 2737 Hoc
884 2702 971 2729 obiter
982 2705 1009 2728 et

259 2735 573 2798 xxii-qgﬁnsexcenties
585 2738 641 2766 dici
654 2735 754 2773 potuit,
765 2737 810 2765 hic
821 2736 1006 2764 adnotandum

300 2776 344 2798 8111.
359 2776 435 2800 υιειι.

287 2802 333 2846 Ψ)
412 2809 590 2846 πρόγνωσιν.
606 2807 657 2836 Hic
667 2816 719 2835 vox
735 2807 886 2846 πρόγνωσις
898 2812 954 2846 _non
969 2810 1011 2833 est

262 2841 365 2868 precatio
373 2841 477 2879 ,‘judex'
489 2844 562 2872 enim
576 2851 714 2879 praenosse
726 2841 825 2872 delicta
839 2841 950 2870 minime
962 2849 1009 2869 ne—

1066 2431 1142 2452 cesse
1166 2424 1258 2457 habet,
1284 2423 1331 2453 sed
1361 2428 1466 2452 tantum
1492 2422 1563 2451 scire
1580 2420 1848 2457 praeterita;_neque

1063 2459 1136 2495 enim
1157 2455 1255 2495 ptenas
1267 2459 1352 2495 sumit
1373 2459 1408 2486 de
1428 2459 1528 2486 futuris
1542 2455 1662 2495 ﬂagitiis,
1676 2455 1769 2495 sed_de
1784 2462 1839 2489 prae

1063 2490 1167 2535 teritis:
1177 2494 1263 2535 Igitur
1289 2494 1454 2535 πρόγνωρις,
1477 2493 1549 2528 apud
1578 2490 1652 2535 hunc
1672 2490 1846 2535 scriptorem,

1062 2532 1104 2556 est
1128 2529 1181 2565 hoc
1192 2526 1270 2556 'loco
1285 2526 1340 2555 τῶν
1350 2526 1487 2565 ’πρότερον
1494 2526 1653 2565 ’γεγονότων
1670 2526 1780 2565 γνῶσις,
1799 2531 1846 2564 seu

1063 2564 1183 2600 cognitio
1196 2571 1291 2600 eorum
1304 2571 1366 2598 quae
1377 2560 1453 2600 prius
1468 2560 1617 2590 fac‘ta‘sunt
1629 2560 1770 2600 ab__i_is,_de
1782 2560 1846 2593 qui-

1064 2594 1115 2626 bus
1127 2599 1259 2626 sententia
1275 2594 1371 2625 fertur.
1377 2594 1428 2624 'An
1443 2605 1507 2624 vero
1518 2603 1633 2631 usquam
1644 2595 1708 2622 alibi
1724 2594 1782 2631 haec
1794 2601 1846 2621 vox

1063 2633 1115 2660 hoc
1127 2633 1281 2669 signiﬁcatu
1294 2637 1432 2669 occurrat,
1445 2632 1532 2659 fateor
1546 2639 1589 2669 me
1602 2631 1736 2669 ignorare.
1752 2630 1791 2669 In:

1097 2663 1353 2710 (ηῘηράτνφσινι
1371 2663 1845 2710 llicaequate?LY°E§.§‘§‘R‘§93‘

1061 2699 1106 2731 tur
1117 2699 1171 2730 τῶν
1179 2699 1332 2738 γενομένων
1340 2699 1450 2737 γνῶσις,
1463 2699 1651 2738 ut'sequentia
1658 2699 1742 2726 verba
1753 2703 1846 2738 osten-

1060 2739 1144 2771 dunt;
1162 2733 1251 2773 neque
1268 2733 1351 2765 enim'
1367 2733 1615 2773 cumprimis—ioue
1639 2733 1844 2773 fu_turoru1h_in

1063 2769 1361 2808 prophetis‘conjuncta
1370 2771 1423 2799 fuit
1433 2769 1553 2807 cognitio
1568 2769 1765 2808 praeteritorum
1776 2778 1784 2803 ;
1807 2769 1844 2796 ila

1063 2806 1093 2836 ut
1111 2806 1273 2843 posteriore
1290 2808 1381 2844 priore
1396 2806 1567 2844 sequeretur.
1580 2806 1664 2835 (ista.
