2290 3110
561 118 614 147 539

977 116 1008 145 S.
1027 113 1223 144 CLEMENTIS
1242 113 1253 141 I
1270 112 1354 142 BOM.
1375 111 1477 140 PONT.
1497 110 1616 139 OPERA
1634 109 1750 139 DUBIA.

2131 102 2194 132 5‘0

557 177 635 209 gesta
661 178 737 202 certo
761 172 847 208 sciat;
874 180 1001 209 quamam
1024 173 1135 208 quidem
1155 172 1216 208 ejus
1234 170 1345 206 propria
1359 176 1382 205 Α
1396 169 1461 195 tam

1292 170 1345 206 prin
1359 176 1382 205 Α
1396 169 1469 195 ἐστιν
1482 167 1546 200 lata,
1559 168 1622 194 ποῖα
1633 166 1662 194 δὲ
1676 166 1727 193 οὐκ
1741 165 1808 193 ἐστι.
1819 165 1906 200 Κάγὼ
1915 163 1999 200 ἔφην·
2019 161 2196 209 Ἐϐουλόμην

559 219 626 254 sint,
640 227 768 256 quaenam
791 228 857 248 vero
877 228 933 248 non
949 220 1014 248 sint.
1040 219 1075 247 Et
1087 227 1149 255 ego.
1170 218 1283 252 Vellem,
1302 218 1345 245 in-

560 275 654 303 quam,
672 266 779 300 audire,
805 274 861 302 quo
889 266 970 294 modo
986 274 1018 293 ex
1030 265 1193 293 criminibus
1210 264 1263 292 alia
1281 263 1342 301 qui-

559 314 621 342 dem
642 313 697 341 sint
711 312 830 348 propria,
847 311 900 340 alia
915 319 980 339 vero
995 312 1094 340 aliena.
1119 311 1153 338 Et
1165 310 1263 338 Petrus
1277 309 1345 338 mihi

560 359 700 394 respondit
716 366 722 385 :
741 358 874 385 Dominus
899 362 993 386 noster
1013 356 1094 385 Iesus
1118 357 1246 384 Christus
1260 355 1346 384 Filius

561 404 608 432 Dei
626 404 695 431 dixit
710 412 716 431 :
736 402 844 438 Oportet
863 407 893 430 ut
906 403 1011 430 veniant
1031 402 1109 429 bona.
1124 401 1223 429 Beatus
1245 405 1344 434 autem,

560 451 661 486 inquit,
681 458 727 485 per
750 457 827 485 quem
853 450 969 476 veniunt.
992 448 1125 476 Similiter
1141 455 1242 475 necesse
1254 450 1346 486 est,‘ut

560 497 642 524 etiam
663 496 770 524 veniunt
798 497 942 522 mutuum:
967 499 1057 521 autem
1080 493 1121 521 illi
1137 501 1184 528 per
1205 500 1282 529 quem
1304 500 1347 519 ve-

561 541 680 569 niunt".
695 541 782 568 Porro
797 542 821 569 si
846 549 894 576 per
919 540 1007 568 malos
1021 539 1135 568 veniunt
1160 539 1243 572 mala,
1257 544 1285 566 et
1298 546 1347 573 per

561 587 648 614 bonos
669 586 739 614 bona
759 586 930 619 inferuntur;
946 586 1036 614 inesse
1056 585 1205 620 unicuique
1227 588 1345 620 oportet,

561 632 619 660 sive
635 633 736 660 bonum
755 632 813 660 sive
824 633 926 660 malum
939 632 1066 667 geSserit,
1081 635 1112 659 ut
1127 635 1154 659 et
1168 631 1241 667 quod
1255 639 1270 658 a
1281 631 1346 666 Spi-

561 678 616 706 ritu
640 679 742 706 dictum
765 678 834 706 fuit:
850 679 903 712 Qui
928 678 1019 705 reddet
1039 678 1180 713 unicuique
1203 677 1347 704 secundum

561 731 640 757 opera
654 722 711 757 ejus
724 722 746 739 ⁸³
756 744 764 756 ,
775 730 869 750 verum
883 723 919 751 sit
929 731 1042 758 prorsus
1054 731 1087 750 ac
1095 722 1248 750 indubium.
1261 722 1284 739 ⁸⁸
1293 721 1347 750 Sed

562 772 653 795 tamen
670 768 718 803 qui
733 768 860 796 virtutem
876 769 988 796 omnino
1012 769 1129 801 aﬂ‘ectat,
1144 768 1235 802 debet,
1251 776 1347 803 quem-

563 815 710 841 admodum
724 814 940 848 dixitChristus,
953 815 1081 843 inimicos
1092 822 1202 850 quoque
1216 814 1345 850 diligere;

1398 214 1492 251 μαθεῖν
1507 213 1566 245 πῶς
1578 213 1633 240 τῶν
1651 212 1826 248 ἀδικημάτων
1843 212 1876 245 ⁸⁸,
1890 212 1927 239 τὰ
1947 211 2000 247 μὶν
2024 209 2092 240 [δια.
2107 209 2141 236 τὰ
2157 208 2193 235 δὲ

1395 260 1532 296 ἀλλότρια.
1548 260 1604 287 Καὶ
1614 259 1629 285 ὸ
1643 259 1747 295 Πέτρος
1769 268 1814 295 μοι
1835 258 2021 294 ἀπεκρίνατο·
2037 256 2068 283 '0
2084 255 2195 291 Κύριος

1394 306 1475 343 ἡμῶν
1506 305 1611 341 Ἰησοῦς
1643 305 1762 342 Χριστὸς
1781 306 1797 332 ὸ
1820 305 1885 337 Υίὺς
1907 304 1956 332 τοῦ
1970 303 2039 332 Θεοῦ
2055 303 2121 339 ἔφη’
2147 302 2195 329 Τὰ

1395 353 1491 389 ἀγαθὰ
1504 352 1604 380 ἐλθεῖν
1617 352 1672 380 δεῖ.
1686 352 1838 387 Μακάριος
1856 351 1902 385 δὲ,
1916 352 1994 387 φησὶ,
2009 351 2047 378 δι’
2057 350 2094 377 οὗ
2103 350 2195 384 ἕρκε-

1395 409 1442 428 ται
1449 399 1515 437 (15).
1524 400 1646 435 Ὀμοιως
1658 399 1773 434 ἀνάγκη
1790 399 1839 426 καί
1851 398 1888 426 τὰ
1901 398 1978 425 κακὰ
1989 396 2091 425 ἐλθεῖν
2099 405 2107 412 ·
2119 395 2195 423 οὐαὶ

1395 446 1430 474 δὲ
1442 446 1480 473 δι’
1490 445 1525 473 αὖ
1541 447 1668 480 ἔρχεται.
1679 445 1711 475 Et
1726 444 1755 472 δὲ
1768 444 1812 471 διὰ
1825 443 1918 473 κακῶν
1936 443 2046 479 ἔρχεται
2059 441 2095 469 τὰ
2103 441 2194 471 κακὰ,

1396 493 1443 520 καὶ
1451 492 1495 520 διὰ
1502 492 1612 527 ἀγαθῶν
1619 491 1708 526 ἀγαθὰ
1714 491 1838 527 φέρεται,
1844 492 1983 526 προσεῖναι
1990 489 2030 515 δεῖ
2038 488 2148 523 ἑκάστῳ
2154 487 2194 518 ⁸⁸,

1396 539 1451 566 εἴτε
1467 538 1570 573 ἀγαθὸν
1590 536 1718 574 ἔπραξεν,
1731 538 1785 564 εἴτε
1800 535 1911 572 φαῦλον,
1931 536 1975 562 ἵνα
1988 535 2037 562 καὶ
2057 534 2089 561 τὸ
2113 535 2197 569 εἰρη-

1397 585 1478 621 μένον
1492 584 1545 612 ὐπὺ
1570 583 1619 611 τοῦ
1642 584 1818 618 Πνεύματος·
1835 583 1888 615 ’ος
1906 581 2056 609 ἀποδώσει
2069 580 2195 611 ἑκάστῳ

1396 631 1472 659 κατὰ
1485 630 1522 658 τὰ
1538 630 1612 665 ἔργα
1636 630 1739 662 αὑτοῦ,
1754 626 1883 665 ἀληθὲς
1897 628 2006 660 πάντως
2030 627 2080 654 καὶ
2101 627 2196 661 ἀναμ-

1397 677 1516 712 φίλογον.
1534 675 1609 711 Πλὴν
1620 674 1688 703 ἀλλὰ
1702 675 1750 702 τὸν
1764 675 1865 710 ἀρετῆς
1876 674 1944 706 ὅλως
1954 673 2195 708 ἀντιποιούμενον,

1396 723 1455 750 δέον
1468 722 1542 750 ἐστὶν
1556 722 1596 753 ὡς
1614 722 1628 749 ὁ
1642 721 1761 758 Χριστὸς
1780 721 1885 757 εἴρηκε,
1912 721 1959 747 καὶ
1985 721 2051 751 τοὺς
2075 719 2195 755 ἐχθροὺς

1396 768 1516 804 ἀγαπᾷν*
1535 768 1575 795 ἔτι
1590 768 1643 804 μὴν
1656 768 1703 795 καὶ
1719 768 1789 803 ὑπὲρ
1803 766 1893 796 αὐτῶν
1911 765 2050 801 εὔχεσθαι,
2068 765 2116 792 καὶ
2127 765 2195 796 τοὺς

1396 813 1582 850 λοιδοροῦντας
1594 813 1724 848 εὐλογεῖν,
1740 813 1787 840 καὶ
1801 814 1858 845 τοῖς
1875 812 2059 848 ὲπηρεάζουσι
2082 820 2194 846 συγχω-

563 864 591 886 et
605 864 735 894 praeterea
747 867 797 895 pro
814 860 869 888 illis
882 868 972 894 orare,
987 865 1016 889 et
1029 860 1250 896 conviciantibus
1265 860 1348 888 bene-
1362 868 1384 894 ις
1400 861 1466 896 ρετν.

1288 868 1348 888 ene-
1362 868 1384 894 ις
1400 861 1466 896 ρετν.
1485 860 1564 888 Οὕτω
1585 859 1640 896 γὰρ
1651 859 1769 895 ἀκριϐὴς
1789 858 1865 886 ἔσται
1883 858 1969 894 φύλαξ
1984 858 2040 884 τῶν
2062 857 2192 888 ἐντολῶν,

561 905 662 939 dicere,
677 909 704 933 et
726 907 958 936 calumniantibus
984 908 1143 936 condonare
1152 907 1187 936 ⁸⁸,
1203 907 1250 936 Sic
1272 907 1347 935 enim

561 953 677 988 diligens
703 955 754 981 erit
784 955 977 982 mandatorum
1012 960 1130 989 custos;
1151 960 1234 990 atque
1266 954 1348 983 venia

561 1000 683 1027 omnium
708 1006 880 1035 peccatorum
906 1002 941 1030 ob
973 1001 1135 1031 charitatem
1163 1010 1229 1038 erga
1251 1002 1347 1037 proxi—

562 1052 635 1072 mum
656 1050 777 1080 accepta,
792 1054 807 1073 e
818 1046 872 1074 vita
887 1047 1020 1076 discedet.

597 1089 702 1119 XCVII.
723 1092 746 1108 ³⁸
754 1091 802 1119 His
816 1099 866 1128 ego
880 1093 980 1122 auditis
993 1103 1000 1123 :
1017 1094 1111 1129 Multa,
1126 1096 1347 1132 inquam,l‘acere

560 1146 708 1173 possumus
719 1147 726 1165 :
738 1144 766 1167 at
778 1139 898 1168 inimicis
908 1140 1078 1175 benefacere,
1087 1149 1182 1170 omnes
1193 1151 1288 1171 eorum
1302 1145 1347 1172 in-

558 1185 646 1220 jurias
664 1186 824 1220 tolerando,
848 1191 880 1215 ut
901 1187 967 1215 insit
986 1187 1014 1214 in
1035 1188 1157 1216 humana
1170 1194 1278 1222 natura,
1295 1190 1347 1217 im-

561 1231 693 1266 possibile
705 1237 782 1267 puto.
800 1233 869 1260 Tum
887 1232 985 1261 Petrus
997 1234 1156 1269 respondit:
1173 1234 1256 1263 Recte
1267 1235 1346 1264 locu-

562 1280 607 1303 tus
618 1284 658 1304 es.
676 1276 744 1304 Cum
760 1278 833 1305 enim
852 1278 1011 1307 humanitas
1025 1287 1110 1307 causa
1127 1280 1164 1307 sit
1185 1280 1347 1309 immortali-

563 1322 638 1355 tatis,
652 1323 738 1350 multo
749 1327 866 1351 constat.
882 1323 950 1351 Nam
967 1324 990 1352 si
1002 1324 1065 1359 quis
1076 1330 1151 1353 certo
1165 1326 1217 1353 sibi
1230 1334 1347 1361 persua-

561 1369 634 1402 deat,
647 1369 784 1402 inimicos,
807 1369 871 1396 dum
893 1377 962 1404 quos
986 1371 1103 1398 oderunt
1116 1376 1216 1399 vexant
1231 1372 1265 1400 ad
1280 1377 1348 1400 tem-

564 1421 626 1450 pus,
638 1413 807 1442 liberationis
828 1415 863 1442 ab
888 1419 991 1443 attemo
1002 1416 1138 1451 supplicio
1153 1417 1207 1445 illis
1222 1422 1348 1447 auctores

563 1467 637 1492 esse,
653 1467 700 1487 eos
720 1463 850 1494 tanquam
872 1460 1009 1489 beneﬁcos
1028 1469 1121 1490 amore
1139 1463 1347 1498 complectetur.

1398 906 1446 935 καὶ
1468 905 1505 934 τὰ
1529 907 1716 942 ἁμαρτήματα
1732 906 1822 933 πάντα
1841 905 1886 932 διὰ
1898 905 1949 940 τῆς
1964 906 2005 937 εἰς
2017 904 2064 931 τὸν
2077 904 2193 940 πλησίον

1400 952 1511 989 ἀγάπης
1527 951 1726 988 συγχωρηθεὶς,
1741 951 1930 982 ἀπελεύσεται.

1436 1089 1539 1118 XCVII.
1551 1091 1659 1119 Τούτων
1669 1090 1790 1124 ἀκούσας
1800 1091 1897 1124 αὐτὸς,
1907 1090 1997 1119 Πολλὰ
2006 1090 2029 1107 ³⁷
2040 1090 2092 1126 μὲν
2105 1090 2194 1126 πράτ-

1399 1144 1456 1163 τειν
1465 1137 1488 1153 ⁸⁸
1504 1137 1624 1170 δυνατὸν,
1633 1137 1713 1173 ἔφην’
1727 1137 1842 1174 ἐχθροὺς
1858 1137 1887 1164 δὲ
1905 1137 2073 1172 εὐεργετεῖν,
2101 1138 2194 1163 πᾶσιν

1399 1183 1489 1211 αὐτῶν
1507 1184 1678 1219 ὑποφέροντα
1692 1183 1745 1218 τὴν.
1758 1183 1905 1219 ἐπήρειαν,
1921 1183 1972 1212 οὐκ
1987 1181 2064 1218 οἶμαι
2079 1182 2194 1209 δυνατὸν

1399 1229 1556 1266 ἀνθρωπεία
1575 1231 1716 1266 προσεῖναι
1739 1229 1828 1265 φύσει.
1853 1230 1908 1256 Καὶ
1927 1228 1942 1254 ὁ
1958 1229 2072 1265 Πέτρος,
2089 1228 2193 1265 Ὀρθῶς

1399 1275 1477 1311 ἔφης,
1492 1275 1668 1312 ἀπεκρίνατο.
1690 1275 1853 1308 Ἀθανασίας
1874 1275 1928 1312 γὰρ
1942 1275 2017 1302 αἰτία.
2031 1273 2100 1302 οὖσα
2114 1277 2132 1310 ἡ
2149 1284 2193 1308 (ξι-

1398 1320 1567 1358 λανθρωπία,
1589 1320 1687 1348 πολλοῦ
1715 1321 1826 1348 δίδοται.
1848 1321 1910 1348 Ἑάν
1925 1321 1979 1357 γὰρ
1993 1321 2192 1357 πληροφορηθῇ

1399 1376 1453 1400 τις,
1464 1367 1505 1394 ὅτι
1515 1367 1540 1394 οι
1554 1367 1647 1404 ἐχθροὶ
1661 1367 1732 1404 πρὸς
1746 1367 1842 1404 καιρὸν
1861 1367 2060 1402 κακουχοῶοτες
2078 1367 2128 1398 οὓς
2151 1377 2194 1403 μι-

1401 1413 1503 1446 σοῦσιν,
1521 1414 1631 1440 αἰωνίου
1645 1413 1782 1445 κολάσεως
1802 1412 1961 1448 ἀπαλλαγῆς
1975 1414 2069 1445 αὐτοῖς
2076 1413 2099 1429 ⁸⁹
2113 1414 2193 1440 αἴτιοι

1399 1459 1532 1494 γίνονται,
1544 1459 1584 1492 ὠς
1598 1460 1746 1496 εὐεργέτας
1765 1460 1865 1492 αὐτοὺς
1876 1459 2074 1495 ἀγαπήσουσιν.
2089 1460 2193 1491 Ἀλλως

564 1505 652 1533 Aliter
664 1510 755 1532 autem
770 1513 850 1533 nemo
863 1510 955 1541 potest
968 1507 1019 1535 hoc
1031 1508 1189 1536 mandatum
1208 1509 1348 1544 perlicere,
1361 1502 1387 1532 (ἶ
1399 1504 1429 1532 δὲ
1448 1505 1468 1532 ἀη

1288 1517 1348 1543 ποτε,
1361 1502 1387 1532 C
1399 1504 1429 1532 δὲ
1448 1505 1579 1533 ἀδύνατόν
1596 1514 1657 1534 τινα
1671 1506 1721 1541 τὴν
1739 1505 1868 1542 τοιαύτην
1882 1505 1992 1541 ἐντολὴν
2008 1506 2192 1542 κατορθῶσαι,

564 1552 618 1579 ιιίεί
639 1551 718 1579 valde
735 1551 821 1579 Deum
833 1552 940 1588 diligat,
955 1557 983 1581 et
998 1553 1026 1581 in
1047 1554 1121 1582 illius
1137 1555 1236 1583 timore
1255 1555 1291 1583 sit
1303 1556 1347 1583 in-

565 1598 687 1625 stitutus.
703 1598 748 1625 Ait
760 1598 832 1625 enim
847 1608 853 1625 :
866 1598 980 1626 Initium
992 1600 1141 1635 sapientite,
1157 1601 1238 1628 timor
1250 1601 1300 1629 Dei
1311 1602 1346 1630 9°.

565 1643 618 1677 Qui
645 1650 735 1672 autem
750 1644 850 1672 timore
864 1644 913 1673 Dei
931 1645 1053 1674 imbutus
1067 1646 1160 1682 fuerit,
1173 1648 1208 1676 ad
1229 1648 1349 1677 charita-

566 1694 619 1717 tem
646 1691 760 1718 omnino
781 1692 940 1726 perveniet,
971 1693 1124 1729 eodemque
1146 1694 1207 1722 loco
1240 1694 1350 1722 habebit

565 1735 730 1770 proximum,
741 1744 797 1771 quo
807 1736 938 1772 seipsum.
947 1736 1000 1765 lsta
1012 1741 1156 1773 postquam
1165 1737 1261 1766 Petrus
1270 1737 1350 1772 dixit,

564 1789 677 1816 vespera
688 1783 860 1815 succedente,
875 1782 910 1810 ad
923 1790 1051 1812 somnum
1060 1791 1122 1817 _nos
1136 1784 1313 1812 contulimus.

599 1828 716 1856 XCVIII.
738 1827 872 1856 "Exorto
893 1833 983 1857 autem
1012 1837 1104 1862 mane,
1131 1829 1272 1865 ingressus
1300 1829 1352 1858 Pe-

565 1879 637 1907 trus,
663 1874 702 1903 alt
717 1883 725 1902 :
739 1874 866 1903 Clemens
890 1883 952 1903 cum
980 1879 1069 1903 matre
1089 1883 1141 1903 sua
1163 1875 1303 1903 Matthidia
1323 1882 1352 1904 et

566 1927 627 1947 mea
642 1927 728 1947 uxore
755 1921 875 1948 simulln
887 1928 970 1948 curru
985 1921 1155 1948 consideant.
1171 1920 1351 1956 Pergentibus

566 1971 656 1995 autem
670 1967 749 1995 nobis
759 1974 807 2002 per
818 1967 890 1995 viam
906 1975 967 2003 qua
978 1967 1118 1995 Balanaaas
1129 1967 1216 2001 ducit,
1233 1969 1351 1996 interro-

567 2014 640 2049 gavit
652 2021 695 2040 me
708 2019 805 2047 mater,
824 2021 880 2048 quo
895 2013 975 2040 modo
990 2017 1068 2048 pater
1087 2017 1190 2049 ageret.
1206 2013 1269 2041 Dixi
1281 2021 1350 2050 ego:

567 2059 607 2086 Ad
624 2059 825 2095 indagationem
841 2058 880 2086 tui
896 2063 922 2086 et
935 2060 1106 2094 geminorum
1117 2059 1266 2087 liberorum
1282 2059 1354 2088 Fau-

568 2105 632 2132 stini
646 2109 673 2132 et
689 2104 860 2132 Faustiniani
882 2112 1020 2146 egressus,
1037 2105 1225 2140 incompertus
1241 2111 1351 2134 manet:

1404 1552 1428 1578 ει
1444 1551 1481 1588 μὴ
1498 1551 1601 1587 σφόδρα
1614 1552 1660 1579 τὸν
1673 1552 1739 1579 Θεὸν
1753 1552 1868 1587 ἀγαπῶν
1885 1553 1939 1588 εἰη,
1950 1552 1989 1588 τῷ
2005 1553 2101 1580 τούτου
2122 1553 2194 1588 φόϐῳ

1404 1597 1670 1634 παιδαγωγούμενος.
1686 1599 1755 1634 Φησὶ
1777 1599 1846 1635 γάρ·
1864 1599 1954 1633 Ἀρχὴ
1971 1600 2085 1634 σοφίας
2102 1600 2193 1634 φόϐος

1406 1643 1479 1672 Θεοῦ
1489 1644 1522 1672 ’⁸.
1542 1644 1588 1680 Τῷ
1599 1644 1704 1671 ἐκείνου
1728 1644 1757 1671 δὲ
1782 1644 1857 1681 φόϐῳ
1879 1644 2063 1680 στοιχειωθείς
2085 1654 2142 1677 τις,
2157 1646 2194 1676 εἰς

1404 1689 1514 1726 ἀγάπην
1527 1690 1586 1726 ἣξει
1600 1691 1719 1722 πάντως,
1734 1691 1783 1718 καὶ
1795 1690 1882 1723 οὕτως
1895 1690 1951 1724 ἕξει
1965 1690 2068 1718 καὶτὸν
2081 1691 2193 1726 πλησίον

1402 1736 1442 1768 ὡς
1452 1736 1557 1765 ἑαυτόν,
1573 1737 1667 1764 Ταῦτα
1675 1736 1725 1764 τοῦ
1739 1737 1844 1773 Πέτρου
1859 1737 1992 1770 εἰπόντος,
2004 1737 2128 1773 ἑσπέρας
2140 1739 2193 1764 ἐπι.

1402 1783 1619 1820 καταλαϐούσης,
1639 1784 1680 1815 εις
1690 1782 1774 1810 ὕπνον
1789 1783 1959 1820 ἐτράπημεν.

1438 1828 1554 1857 XCVIII.
1577 1829 1696 1865 Ὀρθρου
1711 1829 1738 1857 δὲ
1752 1830 1897 1865 γενομένου
1907 1830 1941 1862 ³³,
1953 1828 2045 1856 εἰσιὼν
2060 1829 2075 1856 ό
2094 1830 2192 1866 Πέτρος

1404 1875 1471 1912 ἔφη·
1494 1875 1523 1902 '0
1538 1875 1588 1911 μὲν
1600 1875 1716 1911 Κλήμης
1733 1875 1801 1911 μετὰ
1816 1876 1867 1911 τῆς
1888 1875 1984 1902 ἑαυτοῦ
2000 1876 2104 1912 μητρὸς
2120 1877 2191 1903 Ματ-

1405 1921 1501 1954 Θιδιας,
1514 1921 1622 1956 καὶτῆς
1639 1921 1710 1957 ὲμῆς
1726 1922 1864 1956 γυναικὸς,
1887 1921 1946 1957 ἅμα
1961 1922 2008 1948 ἐπὶ
2025 1922 2074 1952 τοῦ
2095 1923 2190 1958 ὀχήμι

1404 1976 1449 1999 τος
1462 1967 1681 2000 καθεζέσθωσαν.
1701 1967 1864 2003 Ὀρμώντων
1876 1968 1904 1995 δὲ
1919 1969 1934 2004 ἡ
1940 1968 1998 2004 μῶν
2021 1968 2071 2004 τὴν
2089 1969 2139 1994 ἐπὶ
2152 1969 2185 1994 Ba

1403 2013 1517 2045 λαναῑας
1526 2013 1550 2029 ⁸⁸
1561 2013 1630 2046 ὁδὸν,
1643 2013 1759 2040 ὶπύθετό
1772 2022 1823 2049 μου
1839 2015 1855 2050 ἡ
1878 2015 1979 2050 μήτηρ,
1998 2015 2057 2046 πῶς
2074 2016 2088 2041 ὁ
2106 2015 2192 2049 πατὴρ

1403 2059 1498 2094 διάγει.
1511 2059 1598 2094 Κάγὼ
1611 2059 1694 2095 ἔφην·
1714 2059 1775 2087 Ἐπὶ
1790 2060 1902 2096 ζήτησίν
1922 2069 1969 2087 σου
1985 2061 2033 2088 καὶ
2051 2061 2107 2088 τῶν
2133 2061 2191 2088 διδύ-

1405 2114 1464 2141 μων
1478 2105 1554 2138 υῑῶν,
1569 2105 1718 2132 Φαυστίνου
1741 2115 1772 2132 τε
1796 2107 1842 2133 καὶ
1860 2107 2052 2134 Φαυστινιανοῦ
2069 2107 2191 2141 ἐξελθὼν.

568 2155 634 2186 puto
644 2155 734 2178 autem
746 2158 809 2178 eum
824 2158 889 2178 mox
900 2150 1019 2183 obiisse;
1033 2150 1076 2178 vel
1092 2151 1164 2178 enim
1177 2151 1306 2180 incidisse
1323 2152 1351 2180 in
1368 2174 1391 2189 η
1404 2151 1472 2187 divad

1285 2160 1306 2180 ie
1323 2152 1351 2180 in
1368 2174 1391 2189 η
1404 2151 1548 2187 ἀνεύρετος
1562 2152 1646 2188 μένεν
1669 2150 1745 2188 οἶμαι
1755 2152 1782 2178 δὲ
1794 2153 1864 2188 τάχα
1875 2153 1922 2179 καὶ
1933 2153 2092 2189 τελευτῆσαι
2105 2154 2189 2184 αὐτὸν,

569 2196 754 2232 naufragium,
768 2195 845 2223 velin
859 2196 902 2223 via
919 2195 1051 2224 cecidisse
1067 2196 1108 2224 vel
1120 2196 1214 2224 dolore
1222 2198 1354 2226 exedente
1370 2195 1389 2201 “’
1406 2198 1473 2234 ἢῖνα

1285 2198 1354 2226 lente
1370 2195 1389 2201 ”
1406 2198 1554 2234 ἢῗναυαγῑᾳ.
1576 2198 1768 2233 περιπεσόντα,
1783 2197 1799 2233 ἢ
1815 2198 1844 2224 ἐν
1855 2198 1906 2234 ὁδῷ
1921 2199 2055 2233 σφαλέντα
2067 2199 2101 2231 ’⁵,
2117 2200 2136 2235 ἦ
2152 2208 2189 2234 τη-

569 2243 658 2270 tabem
675 2249 737 2270 esse
756 2249 878 2276 passum.
900 2240 946 2268 Illa
962 2248 1028 2268 vero
1042 2241 1167 2275 audiens,
1183 2247 1211 2269 et
1222 2242 1248 2269 in
1266 2243 1353 2279 lacry-

569 2297 630 2316 mas
645 2288 742 2321 eﬁusa,
758 2287 891 2323 ingemuit
911 2287 1032 2322 quidem,
1047 2296 1080 2315 ac
1092 2295 1164 2323 aegre
1176 2288 1271 2316 habuit
1284 2297 1291 2315 :
1306 2297 1354 2317 ve-

569 2342 630 2362 rum
644 2333 719 2370 quod
744 2341 788 2362 me
805 2332 965 2367 invenisset,
984 2334 1099 2361 multum
1122 2334 1156 2362 de
1178 2341 1296 2362 mterore
1310 2335 1354 2363 de-

1407 2244 1496 2271 κεδόνι
1510 2243 1599 2280 λύπης
1613 2244 1757 2280 μαρασμὺν
1780 2244 1964 2280 ὑπομείναντα
1975 2245 2007 2271 ⁸⁸.
2029 2245 2060 2272 Ἦ
2071 2245 2100 2272 δὲ
2116 2245 2188 2272 ἁκού-

1408 2299 1478 2317 σασα
1491 2291 1538 2317 καὶ
1550 2290 1697 2326 ὲπίδακρυς
1709 2290 1853 2326 γενομένη,
1864 2290 1990 2324 ἐστέναξε
2012 2292 2061 2327 μὲν
2081 2292 2131 2319 καὶ
2153 2292 2189 2318 λυ·

1406 2336 1502 2372 πηρῶς
1515 2336 1588 2372 εἶχε·
1599 2337 1633 2372 τῇ
1646 2336 1667 2362 δ’
1685 2337 1738 2372 ὲμῇ
1755 2335 1865 2372 εὑρέσει
1885 2337 1915 2364 τὸ
1941 2337 2009 2365 πολὺ
2032 2338 2084 2374 τῆς
2108 2338 2188 2372 λύπης

1198 2407 1317 2436 VARIIE
1334 2407 1526 2436 LECTIONES

612 2481 636 2497 ³⁸
656 2480 692 2508 al.
715 2479 776 2507 add.
792 2479 809 2515 ἢ
825 2477 1058 2515 κατορθουμάζτῳν1
1101 2478 1127 2515 _"
1142 2477 1237 2515 Matth.
1254 2487 1338 2512 xvm;
1352 2477 1499 2515 Lucexvu.
1538 2478 1560 2494 ⁸¹
1573 2478 1610 2515 al.
1631 2477 1694 2505 add.
1709 2477 1739 2504 τὺ
1754 2476 1836 2515 [διονΖ
1859 2474 1883 2490 ⁸³
1897 2473 1977 2515 ﬁam.
1997 2472 2069 2515 ιμ’(ξέ
2098 2472 2182 2515 "ille:

569 2520 654 2543 ment.
671 2516 745 2549 hom.
769 2507 960 2549 xxi,cap.'52.'
983 2514 1014 2549 7"
1033 2513 1128 2549 Matth.
1145 2522 1177 2546 v;
1193 2513 1260 2542 Luc.
1283 2507 1337 2541 v1.'
1368 2514 1392 2549 οε
1416 2514 1561 2545 Clement.,
1583 2513 1655 2540 hom.
1678 2520 1776 2549 xxr,rc.
1803 2512 1848 2539 35.
1896 2510 1919 2525 ⁸⁷
1934 2509 1968 2549 al.
1986 2508 2011 2534 τ’
2026 2508 2104 2549 ἄλλα.
2125 2507 2184 2534 "al.

569 2559 692 2586 praeponi.
711 2548 792 2586 εῖναι.
830 2550 853 2566 ⁸⁸
867 2548 908 2586 ίοί.
929 2548 1025 2586 αὑτῆςτ
1062 2549 1086 2565 ⁸ο
1104 2548 1186 2586 Prov.
1205 2557 1232 2586 ιἐ
1255 2549 1282 2586 7.

1322 2550 1343 2565 ³⁸
1360 2548 1396 2576 al.
1417 2549 1520 2584 κυρίου.
1556 2543 1581 2565 δ’
1596 2543 1733 2584 Clement.
1744 2548 1819 2584 hom.
1835 2553 1893 2584 aut.
1906 2545 1973 2584 c_i,
1989 2548 2056 2576 etc.,
2075 2543 2182 2578 Recogn.

570 2581 589 2615 Ῑ.
603 2581 651 2619 VII,
666 2593 690 2613 c.
706 2585 751 2620 25,
762 2590 815 2613 etc.
854 2585 876 2601 "
885 2581 1085 2619 διαγενομένου.
1123 2584 1147 2600 ’⁵
1162 2585 1198 2611 al.
1215 2584 1360 2616 Βαλανέας.
1398 2585 1422 2600 ⁸⁵
1438 2581 1508 2618 Quid
1520 2583 1544 2611 si
1559 2583 1705 2619 σφαγέντα.
1744 2582 1768 2599 ⁸⁵
1787 2582 1823 2610 al.
1839 2581 1993 2616 ὑπομεῖναι.

1204 2640 1387 2669 VARIORUM
1406 2641 1523 2669 NOTAE.

607 2712 663 2752 μζ)
681 2712 719 2752 τὰ
743 2711 839 2746 ἀγαθὰ
850 2711 960 2752 γέλᾷεῒν
973 2711 1041 2752 δεῖ...
1051 2711 1201 2752 ζίιιίκὰρξος
1213 2710 1260 2743 δὲ,
1273 2711 1359 2752 φησι..

572 2746 658 2774 δι”οὗ
681 2748 808 2782 ἔρχεται,
831 2751 884 2774 etc.
900 2746 949 2774 Vix
970 2746 1186 2782 crediderim,in
1204 2747 1354 2782 exemplari

574 2782 727 2811 Ebionitico
742 2781 873 2815 Matthaei,
899 2782 935 2810 ita
962 2782 1072 2810 lectum.
1093 2781 1276 2809 Verisimilius
1288 2782 1354 2810 mihi

575 2817 682 2845 videtur
692 2817 770 2845 citari
793 2817 836 2845 hic
856 2822 958 2845 textum
973 2818 1037 2851 loci,
1051 2821 1097 2846 aut
1111 2817 1200 2852 potius
1215 2817 1352 2845 collectio-

1414 2720 1475 2739 nem
1500 2711 1648 2744 Ebionitae;
1673 2710 1752 2746 quasi
1773 2709 1893 2746 diceret:
1920 2707 1954 2736 Ut
1976 2707 2046 2735 dixit
2068 2706 2182 2746 Christus

1407 2752 1532 2782 oportere
1544 2754 1604 2774 esse
1617 2742 1745 2782 scandala
1758 2754 1764 2772 :
1776 2744 1816 2782 sic
1830 2744 1911 2771 etiam
1923 2747 2028 2782 oportet
2041 2750 2104 2770 esse
2112 2742 2180 2780 bona:

1408 2778 1435 2810 et
1445 2782 1677 2818 quemadmodum
1688 2781 1757 2809 dixit
1769 2778 1840 2818 {Vae
1853 2778 2046 2818 scandalorum
2061 2778 2160 2818 auctori
2172 2793 2179 2807 .

1408 2818 1444 2845 ita
1454 2812 1486 2846 ἐι
1501 2825 1569 2852 euge
1587 2817 1658 2845 dicet
1676 2824 1768 2845 rerum
1780 2817 1915 2845 bonarum
1932 2813 2049 2841 auctori.
2064 2812 2102 2840 in.
