2290 3110
258 155 298 183 5i!

651 153 882 182 CLEMENTINA.
899 167 935 173 —
949 151 1100 181 EHTOIE
1111 152 1157 180 1E
1172 152 1296 181 σεξτ-ιε
1314 153 1344 181 6.
1360 153 1474 182 PETRI.

1809 153 1862 182 562

258 213 436 249 παρεμυθεῖτο.
448 213 663 249 Κατηντήσαμεν
670 211 762 245 οὗνείς
773 211 953 244 Βαλαναίας⁹⁷
960 210 1028 247 (Ν),
1043 213 1067 243 Α
1082 211 1160 238 trahe

960 210 1028 247 (lt),
1043 213 1067 243 Α
1082 211 1218 238 trahebat.
1237 209 1416 240 Perveniunt;
1438 220 1506 248 ergo
1520 213 1660 242 Baianas
1671 222 1680 241 :
1693 217 1722 242 et
1736 214 1860 250 sequenti

258 259 297 286 καὶ
309 260 339 294 τῇ
352 259 464 294 ἐπιούσῃ
483 259 525 291 εἰς
545 259 647 287 Πάλτον
655 260 679 276 ’⁸
694 259 822 295 ἡλθομεν,
844 257 972 285 κάκεῖθεν
990 258 1029 289 είς

258 304 361 331 Γάϐαλα.
377 305 415 340 Τῇ
429 305 459 331 δὲ
477 305 557 341 ἑτέρᾳ
581 306 790 341 κατηντήσαμεν
802 305 842 336 είς
861 303 1027 331 Λαοδίκειαν.

258 351 303 377 Καὶ
327 350 379 377 ἰδοὺ
397 350 452 386 πρὸ
479 350 534 377 τῶν
556 350 646 387 θυρῶν
669 350 793 386 Νικήτης
805 358 837 376 τε
852 349 900 376 καὶ
916 348 1030 380 ΙΔκύλας

257 396 369 431 ἀπήντων
394 397 472 432 ἡμῖν,
501 397 547 423 καὶ
571 396 802 432 καταφιλήσαντες
823 392 890 430 ἦγον
912 394 959 421 ἐπὶ
980 394 1030 430 τὴν

257 443 332 476 ξενίαν
341 443 372 470 ⁵⁸.
381 443 409 471 '0
417 443 447 470 δὲ
456 443 557 479 Πέτρος
566 443 651 478 καλήν
661 442 708 470 καὶ
719 441 839 478 μεγάλην
851 439 927 467 πόλιν
957 439 1029 473 ιδὼν,

258 489 345 521 Ἄξιον,
369 488 439 524 ἔφη,
476 488 594 515 ἐνταῦθα
621 488 728 525 ἡμέρας
751 488 825 524 ἡμᾶς
856 489 1028 524 προσμεῖναι.

256 534 357 560 Δυνατδν
368 534 423 569 γάρ
437 535 467 561 ὲν
489 533 529 569 τῷ
552 533 661 570 πλήθει,
683 533 729 561 καί
746 542 823 566 τινας
836 533 966 570 εὑρέσθαι
981 532 1031 569 τῆς

257 580 295 606 τοῦ
309 580 420 615 Χριστοῦ
436 580 546 616 μερίδος
559 579 660 613 ἀξίους.
686 580 715 608 '0
728 579 779 616 μὲν
790 577 837 607 οὖν
847 579 972 615 Νικήτης
983 579 1031 606 καὶ

263 624 364 657 Ἀκύλας
385 625 566 653 ἐπυνθάνοντο
590 634 652 662 μου,
675 625 718 657 τίς
739 625 773 652 ἂν
798 625 867 661 είηή
883 625 946 660 ξένη
960 623 1030 660 αὕτη

256 671 323 706 γυνή.
337 670 420 706 Κάγὼ
441 671 523 706 ἔφην·
546 671 614 708 Ἐμὴ
630 671 730 707 μήτηρ,
748 671 782 706 ἢν
793 670 942 705 ἐπιγνῶναι
956 678 1000 706 μοι
1016 669 1030 696 6

257 715 313 746 Θεὸς
326 715 368 742 διὰ
380 715 486 750 Πέτρου
499 715 545 743 τοῦ
560 715 663 750 Κυρίου
684 723 734 751 μου
750 715 915 751 ἐδωρήσατο.

285 760 368 788 XCIX.
383 761 477 788 Ταῦτά
497 769 547 797 μου
571 761 702 794 εἰπόντος,
725 761 740 789 6
767 761 871 797 Πέτρος
895 760 986 792 αὐτοῖς
1001 760 1031 787 ὲν

257 806 380 842 κεφαλαίῳ
396 807 486 833 πάντα
508 806 624 839 ἐξέθετο,
637 806 688 833 ὃσα
704 814 734 834 τε
758 805 834 841 παρὰ
854 806 903 842 τῆς
930 805 1032 842 μητρὸς

256 851 376 884 ἀκούσειε,
391 852 440 878 καὶ
457 852 508 878 ὅσα
529 851 661 887 πρότερον
680 851 746 887 παρ’
763 850 830 886 ἐμοῦ
854 850 945 886 μάθοι,
966 851 1030 886 περί

255 905 280 923 τε
289 896 329 922 τοῦ
344 897 534 932 πεπλασμένου
546 896 651 932 ὀνείρου
665 897 729 932 περί
741 905 772 924 τε
786 896 836 932 τῆς
850 897 878 924 ὲν
892 896 930 932 τῷ
946 896 1030 933 πλοίῳ

257 941 314 976 μετὰ
321 942 363 969 καὶ
376 942 430 969 τῶν
448 942 515 969 υἱῶν
525 942 666 977 ναυαγίας,
680 943 728 969 καὶ
741 942 815 974 ὅπως
828 942 940 978 ὕστερον
950 943 965 969 6
978 951 1030 970 πα-

255 986 298 1022 τὴρ
311 987 347 1018 είς
369 987 537 1023 ἀναζήτησιν
552 988 602 1024 τῆς
622 988 750 1023 γυναικὸς
765 988 812 1014 καὶ
831 987 887 1015 τῶν
914 987 1031 1023 διδύμων

255 1032 326 1068 αὐτῆς
335 1033 435 1060 παίδων
453 1033 547 1066 ἐκϐὰς,
562 1033 626 1069 ἄχρι
639 1033 688 1070 τῆς
705 1033 785 1069 δεῦρο
798 1032 930 1068 διέμεινεν
944 1032 1031 1068 ἄγνω-

255 1085 315 1110 στος,
342 1078 455 1114 κινδύνῳ
475 1079 556 1114 τυχὸν
577 1079 626 1106 καὶ
648 1078 729 1110 αὐτὸς
756 1077 891 1113 θαλαττίῳ
915 1086 1031 1114 περιττε-

256 1132 308 1151 σων.

283 1171 310 1198 C.
329 1172 434 1199 Τούτων
449 1171 522 1200 οὕτω
543 1171 737 1207 κεφαλαιωδῶς
759 1171 895 1208 ῥηθέντων
914 1170 967 1198 ὑπὸ
983 1169 1032 1197 τοῦ

255 1216 354 1253 Πέτρου,
367 1219 380 1244 6
394 1218 517 1254 Νικήτης
527 1217 574 1245 καὶ
592 1217 706 1250 Ἀκύλας
717 1217 943 1251 καταπλαγέντες·
957 1213 1032 1252 ’Δρά

255 1270 289 1296 γε,
305 1263 421 1290 Δέσποτα
441 1264 490 1290 καὶ
503 1263 588 1300 Κύριε
603 1263 657 1290 τῶν
676 1263 814 1294 ἁπάντων,
829 1261 1031 1298 εἷπον,ἀληθὲς,

255 1307 374 1344 ῆῦνειρός
393 1310 453 1336 ἐστι
475 1308 579 1342 ταῦτα,
594 1309 650 1336 Καὶ
666 1309 680 1335 6
697 1308 809 1345 Πέτρος,
825 1308 857 1334 El
874 1307 911 1343 μὴ
927 1305 1032 1342 κοιμώ-

256 1352 324 1387 μεθα,
339 1354 400 1390 ἔφη,
415 1354 517 1390 ἀληθὲς
533 1354 669 1389 τυγχάνει.
689 1354 719 1381 Ol
738 1354 766 1381 δὲ
781 1353 867 1389 βραχὺ
884 1353 1031 1388 μείναντες,

255 1398 294 1424 καὶ
304 1397 390 1435 ὥσπερ
400 1399 446 1426 ἐπὶ
456 1399 579 1431 συννοίας
592 1399 742 1435 γενόμενοι,
762 1398 857 1434 Ἡμεῖς
867 1398 950 1433 ἐσμεν
961 1398 1032 1424 Φαυ-

256 1443 330 1474 οτῖνος
345 1444 389 1470 καὶ
402 1444 605 1478 Φαυστινιανδς,
627 1444 739 1478 ἔφασαν·
762 1443 810 1471 καὶ
827 1443 966 1479 ἀπαρχῆς,
982 1441 1030 1470 σοῦ

255 1486 439 1524 διαλεγομένου,
455 1489 582 1525 ἀλλήλοις
603 1489 793 1525 ἐμϐλέποντες,
806 1489 892 1516 πολλὰ
905 1489 968 1524 περὶ
984 1488 1034 1516 αὐ-

256 1533 576 1579 τῶννκατεοτοχαζόμεθα,
593 1535 630 1572 μὴ
646 1535 700 1571 ἄρα
714 1535 764 1571 οὐχ
781 1536 848 1571 ἡμῖν
869 1534 986 1571 διαφέρῃ
999 1534 1033 1563 τὰ
1046 1550 1068 1579 C

256 1576 384 1614 λεγόμενα,
406 1579 578 1616 λογιζόμενοι
601 1581 640 1608 ὅτι
658 1581 744 1608 πολλὰ
768 1581 906 1617 παρόμοια
930 1580 1033 1615 γίνεται

256 1623 280 1649 ἐν
292 1624 327 1660 τῷ
341 1625 398 1661 ph,»
417 1626 459 1654 διδ
474 1627 520 1653 καὶ
539 1625 699 1662 ἐσιωπῶμεν
711 1626 882 1662 ,παλλόμενοι
894 1626 945 1658 τὰς
966 1635 1034 1661 καρ-

257 1668 314 1700 δίας.
331 1670 400 1706 Πρὸς
418 1671 448 1698 δὲ
469 1671 501 1698 τὸ
521 1671 597 1704 τέλος
611 1671 659 1699 νῦν
679 1671 734 1698 τῶν
752 1671 906 1707 λεγομένων
925 1671 1033 1707 ἰδόντες,

257 1714 295 1740 καὶ
307 1715 409 1748 γνόντες
423 1716 558 1752 ἀκριϐῶς,
573 1717 613 1744 ὅτι
628 1725 682 1753 περ
696 1717 762 1752 ἡμῖν
778 1717 902 1753 διαφέρει
915 1717 950 1744 τὰ
964 1717 1036 1752 είρηυ

259 1759 325 1794 μένα,
335 1761 392 1788 τότε
403 1761 519 1794 ἑαυτοὺς
530 1762 786 1798 ἀνωμολογήοαμεν.
798 1763 851 1790 Καὶ
861 1762 940 1790 τοῦτο
949 1763 1036 1791 εἰπόν-

258 1814 303 1838 τες,
319 1807 383 1842 μετὰ
399 1807 527 1844 δακρύων
542 1808 700 1844 ἐπεισῆλθον
712 1810 744 1844 τῇ
762 1809 854 1844 μητρὶ,
871 1809 917 1836 καὶ
932 1818 1034 1844 κοιμω-

259 1851 331 1887 μένην
344 1854 478 1889 εὑρόντες,
494 1853 705 1890 περιπλέκεσθαι
722 1854 772 1890 ήδη
791 1853 939 1882 ἐϐούλοντο.
961 1855 990 1882 ’0
1005 1855 1034 1883 δὲ

259 1897 346 1933 Πέτρος
359 1899 495 1926 ἐκώλυσεν
514 1900 622 1932 αὐτοὺς,
637 1899 731 1926 είπών-
757 1899 870 1926 Ἐάσατέ
896 1908 940 1935 με,
954 1900 1035 1933 αὐτὸς

259 1943 320 1977 ὑμᾶς
330 1945 361 1979 τῇ
379 1946 463 1981 μητρὶ
484 1945 660 1980 προσαγάγω,
680 1945 778 1980 μήπως
798 1945 851 1971 ὑπὸ
863 1945 913 1980 τῆς
935 1945 1036 1981 πολλῆς

260 1989 375 2022 αἰφνιδίου
388 1991 487 2027 χαρᾶς,
509 1990 554 2016 καὶ
569 1990 609 2021 είς
622 1989 749 2016 ἔκστασιν
767 1989 836 2016 ἔλθοι
853 1989 970 2026 φρενῶν,
987 1990 1035 2017 an

259 2033 286 2068 δὴ
305 2035 346 2060 καὶ
369 2035 540 2070 κοιμωμένη,
561 2035 609 2061 καὶ
623 2034 654 2061 τὸ
681 2034 789 2071 πνεῦμα
804 2035 856 2062 ὑπὸ
879 2034 925 2062 τοῦ
950 2035 1034 2063 ὕπνου

260 2078 307 2115 ἀπη
311 2081 384 2116 τχολη
389 2082 470 2116 μένον
483 2080 545 2116 ἔχου
549 2089 591 2107 σα.

289 2125 326 2153 Cl.
342 2127 433 2162 Ὅμως
448 2127 512 2153 ἐπεὶ
526 2126 605 2161 κόρον
618 2126 681 2161 ἔσχε
693 2125 740 2153 τοῦ
757 2126 852 2160 ὕπνου,
866 2126 1036 2164 διεγερθείοῃ

261 2171 287 2205 τῇ
303 2173 387 2207 μητρὶ,
402 2174 416 2199 6
433 2173 540 2208 Πέτρος
554 2172 618 2208 περὶ
637 2171 790 2204 θεοσεϐείας
808 2173 876 2207 αὐτῇ
889 2172 1036 2207 διαλεχθεὶς

1080 256 1125 284 die
1144 256 1252 284 Paltum
1279 257 1390 291 ivimus,
1415 262 1443 286 et
1466 259 1529 286 inde
1553 258 1671 294 Gabala;
1685 260 1792 295 aliaque
1816 253 1862 288 die

1081 301 1243 330 Laodiceam
1265 302 1435 331 devenimus.
1461 303 1531 331 Cum
1554 312 1619 332 ecce
1632 309 1694 333 ante
1708 310 1801 340 portas
1815 313 1863 334 oc-

1080 352 1196 376 currunt
1222 348 1301 376 nobis
1329 347 1438 377 Nicetes
1449 353 1476 377 et
1490 349 1606 386 Aquila;
1629 355 1657 378 et
1671 351 1797 384 osculati,
1812 351 1860 379 dn-

1080 399 1148 422 cunt
1161 394 1195 421 ad
1211 394 1371 430 hospitium.
1386 394 1484 423 Petrus
1499 400 1590 424 autem
1608 397 1752 432 pulchram
1766 402 1793 425 et
1805 405 1863 424 ma-

1080 447 1162 475 gnam
1186 440 1324 467 civitatem
1350 440 1446 469 videns
1461 449 1468 468 :
1483 440 1603 478 Equum
1623 447 1674 476 est,
1700 443 1797 477 inquit,
1813 451 1864 471 nos

1080 485 1126 513 hic
1149 485 1256 521 aliquot
1281 486 1340 514 dies
1353 487 1517 515 commorari
1535 497 1542 515 :
1559 488 1617 515 ﬁeri
1633 488 1706 515 enim
1721 492 1821 524 potest,
1834 492 1863 516 ut

1080 531 1195 567 in_tanta
1201 531 1376 560 multitudine
1384 532 1495 568 qttidam
1503 534 1673 568 reperiantur
1682 533 1784 561 Christi
1792 541 1864 566 sorte

1081 585 1114 606 ac
1137 577 1262 613 partibus
1275 578 1362 613 digni.
1376 578 1510 606 Caeterum
1524 577 1632 607 Nicetas
1644 584 1671 607 et
1691 579 1790 614 Aquila
1804 587 1865 614 nev-

1081 624 1267 652 contabantur
1289 631 1344 657 me,
1365 632 1491 659 quaenam
1506 629 1579 652 esset
1591 625 1636 652 illa
1649 624 1747 652 mulier
1761 629 1863 652 extera.

1081 669 1115 697 Et
1140 676 1192 705 ego
1210 669 1267 698 dixi
1281 678 1289 696 :
1301 668 1387 697 Mater
1401 677 1462 697 mea
1477 674 1529 703 est,
1542 678 1624 706 quam
1637 676 1668 700 ut
1677 677 1864 707 agnoscerem,

1082 715 1154 744 Deus
1165 715 1233 742 mihi
1244 722 1293 750 per
1305 715 1447 743 dominum
1458 723 1549 743 meum
1561 715 1671 743 Petrum
1685 715 1829 743 concessit.

1083 778 1085 781 η
1115 760 1210 789 XCIX.
1225 759 1288 788 Haec
1312 764 1456 795 postquam
1482 760 1554 794 dixi;
1577 760 1675 789 Petrus
1695 760 1748 788 illis
1768 764 1865 787 cuncta

1083 806 1242 835 summatim
1255 806 1398 841 exposuit;
1414 810 1471 834 tum
1487 814 1548 842 quat
1558 814 1591 834 ex
1605 810 1692 834 matre
1705 805 1865 837 audivisset,

1081 856 1140 880 tum
1157 859 1219 887 qua:
1235 857 1315 880 antea
1336 858 1370 878 ex
1390 859 1434 878 me
1446 852 1644 887 comperisset;
1669 851 1811 884 nimirum,
1833 851 1868 878 de

1081 897 1190 926 somnio
1200 896 1327 928 conﬁcto.
1340 896 1374 924 de
1385 896 1531 933 naufragio
1539 904 1594 924 una
1603 904 1665 924 cum
1678 896 1772 924 liberis
1784 896 1866 927 facto.

1080 948 1108 972 et
1119 942 1348 979 quemadmodum
1370 947 1465 978 postea
1482 948 1559 978 pater
1577 943 1612 970 ad
1634 942 1866 978 investigationem

1080 989 1176 1017 uxoris
1199 992 1281 1023 atque
1296 988 1468 1023 geminorum
1491 988 1552 1023 ejus
1570 992 1696 1016 natorum
1719 987 1866 1023 profectus.

1080 1043 1168 1070 usque
1183 1034 1273 1063 adhuc
1292 1034 1425 1062 manserit
1445 1033 1566 1069 ignotus,
1587 1033 1712 1062 fortassis
1725 1033 1782 1068 ipse
1796 1040 1867 1068 quo-

1080 1088 1134 1116 que
1147 1080 1174 1108 in
1189 1080 1274 1109 maris
1283 1079 1430 1108 discrimen
1441 1079 1578 1115 delapsus.

1116 1170 1147 1202 (ξ.
1164 1169 1212 1199 His
1223 1170 1262 1198 ita
1274 1169 1444 1205 capitulatim
1469 1177 1485 1197 a
1505 1168 1587 1197 Petro
1601 1168 1705 1203 relatis,
1720 1167 1829 1196 Nicetas
1841 1172 1870 1196 et

1081 1217 1180 1253 Aquila
1192 1221 1303 1252 stupore
1314 1215 1437 1252 percussi
1450 1216 1595 1243 dixerunt:
1615 1213 1685 1242 Here
1706 1222 1739 1242 ac
1754 1214 1869 1241 Domine

1082 1264 1218 1297 omnium,
1233 1270 1364 1291 verumne
1379 1266 1421 1289 est
1435 1261 1508 1297 quod
1522 1265 1658 1295 narratur,
1671 1268 1705 1289 an
1715 1260 1870 1288 somnium?

1082 1309 1116 1339 Et
1129 1310 1237 1344 Petrus,
1250 1308 1309 1337 Nisi
1320 1308 1485 1340 dormimus,
1501 1307 1600 1342 inquit,
1612 1314 1657 1334 res
1669 1307 1706 1334 ita
1721 1306 1812 1334 habet.
1834 1306 1869 1334 At

1082 1357 1121 1385 illi
1145 1356 1285 1392 paululum
1309 1355 1419 1388 morati,
1443 1361 1476 1382 ac
1499 1354 1573 1381 velut
1593 1351 1868 1388 cogitabundi:Nos,

1083 1401 1250 1437 inquierunt,
1260 1408 1357 1429 sumus
1366 1400 1514 1428 Faustinus
1525 1403 1552 1427 et
1561 1398 1755 1426 Faustinianus
1767 1407 1774 1424 :
1788 1402 1869 1432 atque

1083 1447 1118 1475 ab
1129 1447 1206 1474 initio
1219 1450 1272 1474 tute
1285 1446 1461 1479 narrationis,
1473 1444 1541 1472 alter
1555 1444 1669 1472 alterum
1683 1443 1868 1478 inspicientes,

1082 1493 1229 1529 plurimum
1240 1492 1312 1520 circa
1323 1499 1374 1519 nos
1385 1489 1628 1519 considerabamus
1651 1497 1716 1516 num
1725 1496 1785 1524 qua:
1795 1488 1870 1515 dice-

1083 1539 1184 1569 bantur
1194 1538 1228 1566 ad
1239 1545 1290 1565 nos
1302 1538 1485 1573 pertinerent;
1500 1540 1666 1571 reputantes,
1677 1535 1760 1562 multa
1769 1533 1870 1562 similia
1911 1562 1915 1564 ,

1084 1585 1112 1614 in
1125 1584 1180 1613 vita
1197 1584 1375 1619 contingere:
1394 1582 1523 1618 quocirca
1536 1587 1564 1609 et
1583 1581 1720 1613 siluimus,
1738 1587 1800 1607 cum
1822 1586 1871 1606 cor

1084 1634 1207 1658 nostrum
1223 1629 1375 1664 palpitaret.
1391 1627 1470 1656 Nunc
1485 1634 1550 1655 vero
1565 1626 1592 1653 in
1605 1626 1657 1653 line
1671 1625 1815 1656 sermonis,
1827 1624 1869 1650 vi-

1084 1676 1179 1704 dentes
1193 1683 1226 1703 ac
1247 1675 1332 1710 probe
1352 1674 1479 1707 scientes,
1499 1680 1561 1708 quae
1581 1680 1596 1700 a
1612 1676 1639 1699 te
1653 1672 1724 1699 dicta
1746 1675 1820 1702 sunt,
1837 1669 1870 1697 ad

1083 1730 1135 1750 nos
1149 1722 1294 1757 pertinere,
1320 1726 1386 1749 tunc
1404 1728 1455 1748 nos
1477 1719 1686 1748 declaravimus.
1707 1717 1797 1753 Atque
1819 1718 1871 1744 hoc

1084 1768 1168 1802 dicto,
1181 1775 1243 1796 cum
1260 1767 1386 1803 lacrymis
1398 1766 1581 1801 properabant
1598 1765 1631 1792 ad
1647 1769 1760 1792 matrem
1772 1784 1779 1796 ,
1795 1771 1871 1791 eam-

1084 1821 1138 1849 que
1150 1813 1329 1841 dormientem
1343 1813 1427 1844 nacti,
1440 1811 1564 1846 protinus
1575 1810 1716 1845 complecti
1733 1809 1870 1836 volebant.

1085 1859 1139 1887 Sed
1152 1858 1249 1886 Petrus
1263 1858 1412 1893 prohibuit,
1434 1857 1549 1884 dicens:
1566 1855 1652 1883 Sinite
1671 1862 1729 1887 me;
1746 1854 1803 1889 ipse
1822 1861 1870 1880 vos

1085 1905 1119 1933 ad
1134 1908 1248 1931 matrem
1262 1903 1410 1935 adducam;
1423 1909 1457 1929 ne
1470 1901 1540 1929 forte
1551 1901 1636 1929 multo
1651 1899 1750 1936 gaudio
1762 1903 1872 1934 repente

1085 1948 1256 1981 adveniente,
1268 1947 1296 1974 in
1313 1947 1397 1974 animi
1411 1950 1549 1981 stuporem
1570 1945 1689 1977 incidat;
1704 1949 1796 1979 utpote
1811 1951 1871 1978 quae

1084 1995 1168 2024 etiam
1181 1994 1308 2025 dormiat.
1322 1993 1505 2028 spiritumque
1523 1999 1620 2019 somno
1636 1991 1733 2018 habeat
1752 1998 1871 2024 occupa-

1086 2046 1155 2069 tum.

1120 2118 1165 2147 Cl.
1183 2119 1317 2147 Caeterum
1339 2113 1483 2154 postquam
1509 2125 1636 2150 somnum
1658 2116 1692 2144 ad
1716 2116 1870 2144 satietatem

1087 2168 1168 2205 cepit,
1183 2175 1215 2195 ac
1227 2171 1385 2202 experrecta
1397 2171 1439 2194 est
1449 2171 1545 2199 mater,
1556 2165 1652 2193 Petrus
1665 2165 1698 2192 ad
1711 2165 1783 2192 illam
1796 2164 1872 2199 prius
1890 2176 1895 2180 -

261 2217 377 2254 πρότερον
391 2219 437 2245 καὶ
458 2218 554 2245 εἰπών·
570 2216 717 2244 Γινώσκειν
740 2227 769 2244 σε
792 2218 870 2250 θέλω,
887 2218 977 2253 γύναι,
989 2218 1038 2254 τῆς
1052 2217 1075 2245 Ι)
1089 2209 1165 2242 εεῐὶῐιι

970 2238 977 2250 ,
989 2218 1038 2254 τῆς
1052 2217 1075 2245 D
1089 2209 1240 2242 sermonem
1258 2213 1353 2240 habuit
1364 2213 1397 2240 de
1417 2212 1491 2239 culttt
1507 2211 1567 2245 Dei,
1583 2219 1615 2239 ac
1637 2211 1726 2238 dixit:
1752 2210 1828 2237 Scire
1847 2214 1872 2236 te

260 2260 381 2297 ἡμετέρας
394 2263 513 2293 πίστεως
525 2262 575 2298 τὴν
587 2262 739 2297 ἀκρίϐειαν.
759 2262 826 2289 Ἕνα
847 2262 902 2298 γὰρ
916 2263 981 2289 Θεὸν
998 2263 1039 2289 σέ-

262 2305 333 2340 θομεν
348 2308 390 2334 τὸν
409 2308 580 2343 πεποιηκότα
600 2307 712 2344 οὐρανόν
736 2317 765 2334 τε
785 2308 831 2334 καὶ
855 2308 917 2344 γῆν,
939 2309 985 2335 καὶ
1008 2308 1038 2335 ὃν

262 2350 317 2385 ὁρᾷς
332 2352 438 2388 κόσμον·
460 2353 508 2379 καὶ
521 2352 615 2379 τούτου
635 2352 807 2387 φυλάσσομεν
820 2352 866 2379 τὸν
880 2352 972 2388 νόμον,
988 2361 1038 2379 περ

265 2396 372 2430 ριέχοντα
385 2399 413 2425 ὲν
427 2397 548 2434 πρώτοις
570 2398 652 2424 αὑτὸν
670 2397 758 2425 σέϐειν
776 2398 865 2433 μόνον,
881 2398 929 2425 καὶ
942 2398 972 2424 τὸ
988 2398 1038 2425 αὺ-

263 2440 302 2466 τοῦ
315 2443 430 2476 ἁγιάζειν
453 2443 549 2479 δνομα,
564 2444 646 2478 τιμᾷν
660 2452 691 2469 τε
714 2444 802 2477 γονεῖς
816 2443 863 2470 καὶ
881 2444 1037 2478 σωφρονεῖν,

265 2484 372 2519 βιοῦντας
381 2489 579 2524 ἀνεπιλήπτως,
587 2488 634 2515 καὶ
649 2488 787 2524 τραπέζης
797 2488 905 2524 ὲθνικῆς
922 2488 959 2524 μὴ
973 2496 1039 2523 μετ-

265 2530 335 2565 έχειν,
354 2533 395 2560 διὰ
409 2535 439 2561 τὸ
459 2534 619 2569 ἀκαθάρτως
635 2533 732 2565 αὐτοὺς
746 2532 940 2560 πολιτεύεσθαι.
957 2533 1039 2559 Ὅταν

265 2576 288 2602 δὲ
302 2579 427 2615 πίσωμεν
441 2581 542 2612 αὐτοὺς
557 2579 593 2606 τὰ
611 2580 660 2615 τῆς
676 2579 803 2614 ἀληθείας
817 2580 925 2615 φρονεῖν
942 2586 972 2605 τε
992 2578 1039 2605 καὶ

1089 2259 1162 2291 volo,
1170 2259 1277 2290 mulier,
1285 2257 1452 2286 nostraelidei
1465 2256 1635 2291 disciplinam
1643 2255 1687 2284 ¹⁰⁰.
1695 2254 1785 2282 Unum
1800 2254 1871 2281 enim

1091 2305 1176 2332 Deum
1193 2304 1320 2336 colimus,
1342 2303 1495 2331 ell'ectorem
1511 2302 1572 2330 coeli
1591 2306 1619 2329 et
1640 2306 1729 2335 terrae,
1748 2307 1774 2328 et
1791 2300 1873 2335 hujus

1090 2358 1171 2386 quem
1186 2350 1263 2378 vides
1280 2349 1391 2383 mundi;
1411 2348 1524 2384 ejusque
1542 2349 1628 2383 legem
1648 2355 1798 2379 servamus,
1813 2354 1874 2381 qua:

1089 2396 1118 2424 in
1132 2395 1227 2431 primis
1251 2394 1381 2427 continet,
1406 2394 1495 2429 ipsum
1518 2394 1607 2421 solum
1634 2393 1776 2420 colendum
1801 2399 1871 2424 esse,

1093 2440 1318 2469 sanctiﬁcandum
1333 2447 1432 2467 nomen
1456 2439 1525 2475 ejus,
1538 2438 1712 2466 honorandos
1735 2442 1871 2472 parentes,

1092 2491 1273 2522 temperanter
1297 2486 1442 2513 vivendum
1461 2489 1487 2512 et
1502 2485 1658 2519 inculpate;
1678 2491 1728 2510 nec
1751 2490 1871 2510 mensam

1092 2539 1154 2559 cum
1170 2531 1314 2566 gentilibus
1329 2538 1501 2558 communem
1517 2529 1678 2562 habendam,
1694 2529 1766 2563 quod
1785 2528 1873 2562 impu-

1090 2585 1151 2605 ram
1163 2577 1247 2605 vitam
1272 2577 1382 2612 degant.
1397 2575 1465 2603 Cum
1486 2579 1576 2602 autem
1591 2575 1631 2602 eis
1657 2573 1872 2608 persuaseriutus

887 2645 1005 2675 VARLE
1024 2645 1224 2674 LECTIONES.

299 2717 318 2732 "
335 2717 368 2744 al.
386 2717 532 2749 Βαλανέαςε
570 2717 593 2733 ’⁸
612 2716 647 2744 al.
675 2714 791 2744 Πάλταν.
829 2717 851 2733 ⁸³
870 2716 906 2743 al.
927 2715 1024 2743 οἰκίαν.
1064 2716 1099 2732 ¹⁰⁰
1118 2716 1137 2743 1.
1153 2715 1218 2744 Rec.
1230 2716 1249 2744 l.
1261 2723 1325 2750 x,c.
1340 2715 1384 2743 67.

883 2769 1067 2798 VARIORUM

1084 2769 1199 2798 NOTAE}.

301 2818 536 2853 (MlBalar-aiuc,
550 2823 603 2855 etc.
620 2818 658 2847 De
679 2818 734 2848 situ
763 2819 861 2848 horum
888 2817 976 2855 Syria
992 2819 1114 2848 locorum
1149 2820 1208 2848 vide
1234 2826 1295 2855 quae
1313 2817 1420 2853 collegit
1444 2816 1600 2852 Cbristoph.
1617 2815 1759 2845 Ccllarius.
1775 2814 1868 2850 Geogr.

273 2852 324 2881 Am.
339 2855 381 2882 lib.
395 2863 435 2889 nt,
445 2863 506 2891 cap.
521 2855 566 2882 2|.
578 2854 661 2882 Cten.
