2290 3110
557 103 608 133 διιό

992 103 1021 137 ὃ.
1039 103 1235 132 CLEMENTIS
1252 104 1262 132 1
1283 103 1366 132 ROM.
1387 100 1488 130 PONT.
1507 100 1620 128 OPERA
1639 100 1752 130 DUBIA.

2127 97 2178 125 5η

554 161 657 190 sentire
678 168 712 189 ac
733 160 824 190 facere
847 169 880 190 ea
902 168 964 197 qua:
985 159 1021 187 ad
1045 160 1185 188 veritatem
1210 164 1342 194 spectant,
1357 162 1381 190 Α
1398 164 1456 183 ποιε

1275 164 1342 193 tant,
1357 162 1381 190 Α
1398 157 1494 187 ποιεῖν,
1515 156 1562 183 τοῦ
1582 155 1655 192 ἱεροῦ
1680 154 1864 191 βαπτίσματος
1878 153 2042 187 ἀξιώσαντες
2063 151 2092 179 ὲν
2106 160 2178 186 ’τρισ¹

553 215 633 236 sacro
644 208 781 243 baptismo
793 207 821 235 in
836 212 878 235 ter
895 207 973 235 beata
991 206 1110 242 quadam
1127 205 1245 233 nominis
1260 206 1339 232 invo-

552 254 661 281 catione
673 254 713 282 eis
726 253 840 286 donato,
857 258 913 281 tum
927 254 1036 280 demum
1051 259 1104 279 una
1119 260 1180 280 cum
1193 251 1246 279 illis
1256 251 1338 279 etiam

553 300 700 327 vescimur.
724 299 834 334 Alioqui
846 306 896 327 nec
911 299 933 326 si
960 303 1036 333 pater
1052 298 1100 331 sit,
1122 302 1169 325 aut
1183 302 1278 329 mater,
1292 301 1339 324 aut

552 352 633 378 uxor,
647 349 695 372 aut
711 345 812 380 proles,
829 349 877 372 aut
901 344 995 377 frater,
1007 347 1054 371 aut
1074 343 1164 378 quivis
1175 342 1245 370 alius
1257 346 1339 369 natu-

551 390 602 417 rali
614 398 708 418 amore
722 391 832 424 charus,
845 397 908 418 cum
924 390 983 425 ipso
1004 389 1095 417 cibum
1112 396 1219 417 sumere
1234 388 1338 415 licitum

551 440 592 463 est
608 435 697 463 nobis.
719 435 776 463 Hoc
790 436 890 471 quippe
904 435 1053 471 praesertim
1068 435 1103 462 ob
1123 434 1201 462 iidem
1220 434 1336 470 agimus.

552 480 590 509 Ne
605 482 687 517 igitur
702 482 895 510 contumeliam
911 482 1062 516 existimes,
1077 482 1149 517 quod
1164 490 1236 510 nunc
1247 486 1336 510 tecum

552 528 624 557 filius
636 529 725 557 cibum
740 538 793 557 non
805 530 905 565 capiat,
920 537 1062 566 usquequo
1080 533 1110 558 tu
1130 530 1223 558 eadem
1244 529 1337 558 nobis-

551 582 614 602 cum
633 576 737 603 sentias
750 580 777 603 et
793 583 869 610 agas.

585 629 640 657 Cll.
655 629 701 658 His
716 631 761 658 illa
775 629 886 663 auditis,
903 630 961 659 ait:
980 629 1051 664 Quid
1071 638 1137 666 ergo
1153 630 1265 667 impedit
1285 630 1338 658 ho-

550 675 594 703 die
607 683 651 704 me
665 676 816 712 baptizari?
832 680 927 712 quaeet
935 681 998 704 ante
1009 684 1092 713 quam
1106 676 1226 704 viderem
1239 681 1275 711 te,
1288 684 1336 704 eos

549 721 596 756 qui
609 721 736 749 dicuntur
750 729 810 749 esse
828 721 865 748 dii
880 725 1004 749 aversata
1022 729 1094 754 sum,
1106 729 1155 756 per
1164 721 1236 750 hanc
1250 722 1335 750 ratio-

549 766 726 799 cinationem,
741 766 812 802 quod
828 774 891 794 cum
906 767 990 794 multa
1003 766 1057 794 fere
1066 766 1186 802 quotidie
1201 767 1267 802 ipsis
1281 767 1335 796 im—

549 813 692 847 molarem,
705 813 772 840 mihi
787 813 813 840 in
823 813 945 841 adversis
963 814 1045 841 rebus
1061 821 1114 841 non
1133 813 1279 842 adfuerint.
1297 813 1334 843 De

549 863 645 894 stupro
657 864 748 886 autem
763 859 828 895 quid
850 863 958 894 op0rtet
973 867 1016 887 me
1030 859 1139 888 dicere?
1158 860 1332 896 quandoqui-

548 905 609 933 dem
623 913 673 933 nec
688 905 798 933 divitem
812 905 916 933 deliciae
928 913 971 933 me
982 906 1017 933 ad
1029 907 1082 933 boc
1096 906 1255 941 pellexerint
1265 915 1273 941 ;
1284 914 1334 936 nec

547 951 693 979 subsecuta
714 956 861 987 paupertas
883 959 916 979 eo
931 952 1023 979 venire
1047 959 1090 979 me
1102 952 1280 987 compulerit;
1304 958 1334 981 ut

546 1005 608 1032 qua:
629 998 787 1032 pudicitiam
812 998 885 1026 velut
908 998 1060 1025 maximum
1080 997 1183 1025 bonum
1208 1006 1334 1034 capesse-

546 1049 602 1069 rem
614 1051 621 1075 ς
637 1044 716 1077 cujus
728 1043 815 1077 gratia
827 1047 854 1070 et
865 1042 892 1070 in
905 1047 1007 1070 tantam
1026 1043 1208 1071 calamitatem
1224 1044 1331 1072 deveni.

546 1087 598 1115 Sed
615 1095 663 1116 nec
681 1092 707 1115 te
729 1088 858 1122 arbitror,
883 1081 995 1117 domine
1019 1088 1056 1116 mi
1077 1087 1169 1121 Petre,
1193 1089 1331 1123 ignorare.

545 1132 676 1166 majorem
698 1133 875 1168 cupiditatem
895 1141 929 1161 ex
950 1134 1011 1162 la-ta
1027 1133 1136 1162 fortuna
1151 1134 1237 1162 oriri:
1261 1134 1333 1162 unde

544 1185 594 1212 ego
607 1186 668 1213 qua:
689 1178 716 1205 in
730 1179 858 1207 secundis
875 1179 959 1207 rebus
973 1184 1121 1214 temperate
1138 1180 1204 1212 vixi,
1226 1180 1254 1207 in
1268 1180 1332 1208 allii-

544 1223 634 1251 ctione
648 1231 692 1252 me
710 1225 896 1260 voluptatibus
911 1233 964 1253 non
981 1225 1061 1253 dedo.
1078 1224 1171 1260 Neque
1183 1233 1247 1254 vero
1259 1233 1332 1254 nunc

543 1268 666 1296 animum
685 1277 776 1297 meum
793 1269 934 1298 existimes
947 1270 1106 1305 aegritudine
1124 1278 1185 1298 esse
1204 1271 1330 1303 liberum,

543 1314 592 1349 qui
608 1314 781 1349 aliquantum
803 1314 999 1343 consolationis
1023 1320 1119 1343 nactus
1141 1320 1184 1344 est
1209 1323 1256 1351 per
1271 1315 1331 1344 Cle-

543 1362 645 1389 mentis
667 1362 892 1398 recognitionem.
909 1362 1064 1392 Succedens
1083 1371 1203 1399 namque
1221 1363 1331 1391 tristitia

543 1417 577 1438 ex
590 1409 698 1438 duobus
711 1411 805 1438 liberis
825 1410 893 1438 meis
908 1415 983 1444 nata,
999 1410 1051 1438 hoc
1061 1409 1250 1444 qualecunque
1262 1416 1331 1444 gau-

543 1454 620 1482 dium
636 1455 775 1482 obscurat.
790 1454 850 1482 Non
867 1455 939 1483 enim
954 1455 1022 1482 adeo
1043 1461 1095 1482 nos
1114 1454 1268 1487 contristat,
1283 1460 1331 1481 eos

543 1500 571 1527 in
587 1501 655 1528 mari
669 1501 739 1528 male
747 1501 872 1536 periisse,
884 1508 967 1536 quam
980 1500 1039 1528 sine
1050 1500 1150 1536 pietate
1158 1507 1221 1535 erga
1233 1499 1329 1533 Deum,
1344 1512 1365 1540 ρ

542 1552 598 1574 una
614 1554 675 1574 cum
701 1547 800 1574 animis
821 1546 958 1575 interiisse
981 1553 1077 1574 eorum
1101 1553 1227 1581 corpora.
1250 1545 1331 1573 Pater

542 1596 634 1620 autem
644 1601 751 1626 eorum.
763 1601 896 1629 meusque
907 1593 1032 1626 maritus,
1042 1593 1272 1628 quemadmodum
1284 1599 1331 1627 per

541 1637 709 1666 Clementem
728 1639 858 1674 comperi,
875 1638 908 1666 ad
927 1639 1102 1674 quaerendum
1116 1645 1160 1665 me
1174 1645 1207 1665 ac
1230 1637 1330 1665 liberos

541 1691 718 1720 progressus,
733 1689 772 1712 tot
785 1685 865 1714 annis
887 1693 941 1713 non
956 1689 1096 1720 comparet
1109 1693 1116 1712 :
1132 1691 1245 1720 prorsus
1264 1691 1330 1711 vero

542 1735 569 1758 et
583 1730 641 1766 ipse
655 1731 732 1758 obiit.
749 1730 856 1758 Etenim
871 1731 964 1764 miser,
978 1731 1013 1758 oh
1023 1730 1219 1759 continentiam
1232 1729 1329 1765 dilige-

540 1776 587 1805 bat
602 1785 646 1806 me
656 1782 684 1806 et
694 1783 753 1806 erat
766 1786 863 1806 amans
875 1778 1023 1806 liberorum
1037 1786 1044 1805 :
1057 1785 1143 1813 quare
1156 1777 1264 1807 cunctis
1281 1784 1330 1805 no-

540 1823 594 1856 bis,
608 1831 623 1851 a
639 1831 669 1851 se
682 1831 764 1858 super
775 1824 868 1852 omnia
887 1824 1004 1857 dilectis,
1023 1823 1136 1852 orbatus
1158 1831 1252 1857 senex,
1274 1831 1330 1859 pra:

540 1869 663 1896 maximo
673 1869 767 1897 dolore
779 1869 919 1897 occubuit.

574 1962 641 1992 Clll.
657 1963 768 1992 Matrem
784 1972 850 1992 vero
864 1964 923 1993 haec
944 1964 1064 1993 locutam
1081 1965 1224 1994 audientes
1237 1965 1327 2001 liberi,

539 2017 595 2037 non
624 2010 752 2045 amplius,
779 2010 929 2038 secundum
953 2010 1027 2039 Petri
1049 2012 1274 2046 admonitionem,
1299 2021 1328 2041 se

496 2061 500 2067 ‘
539 2055 680 2083 continere
701 2060 870 2090 potuerunt:
897 2055 946 2084 sed
964 2061 1152 2091 exsurgentes,
1175 2062 1233 2085 tum
1250 2065 1327 2086 com-

539 2101 729 2136 plectebantur
741 2108 814 2134 eam,
828 2105 855 2129 et
868 2109 931 2129 cum
947 2101 1075 2137 lacrymis
1087 2102 1326 2131 deosculabantur.

538 2145 581 2174 0b
594 2146 667 2180 quod
687 2151 774 2173 mater
796 2147 927 2181 attonita,
940 2147 1006 2182 quid
1028 2147 1079 2176 hoc
1094 2148 1146 2176 sibi
1168 2149 1259 2183 vellet,
1272 2157 1327 2185 pra:

1392 201 1514 238 μακαρίᾳ
1534 201 1589 228 τινὶ
1619 201 1797 236 ἐπονομασίᾳ,
1815 200 1878 227 τότε
1895 200 1927 235 δὴ
1948 199 2042 230 αὐτοῖς
2056 198 2103 225 καὶ
2119 206 2179 224 συν-

1389 246 1552 282 αυλιζόμεθα
1564 247 1583 274 ί.
1604 247 1680 273 Ἐπεὶ
1690 246 1744 273 οὐδ’
1763 245 1798 273 ἀν
1814 244 1931 280 πατήρῆ
1945 245 2039 280 μήτηρ
2047 244 2177 279 τυγχάνῃ,

1389 293 1406 329 ἢ
1421 293 1500 329 γυνὴ,
1518 293 1536 329 ἢ
1550 293 1654 325 τέκνον,
1668 293 1686 328 ἢ
1701 291 1823 327 ἀδελφὸς,
1841 291 1858 327 ἢ
1872 291 1949 323 ἀλλος
1963 298 2007 322 τις
2025 291 2058 317 ἐκ
2072 290 2178 325 φύσεως

1387 339 1438 376 τὴν
1451 339 1569 376 στοργὴν
1584 339 1663 375 ἔχων,
1682 338 1870 366 συνεστιᾶσθαι
1884 336 1957 372 αὐτῷ
1976 335 2086 371 θεμιτὸν
2101 336 2175 371 ήμῖν.

1388 385 1482 412 Πίστει
1494 385 1549 422 γὰρ
1556 384 1821 421 διαφερόντωςτοῦτο
1833 383 1972 418 ποιοῦμεν⁹
1984 382 2031 417 Μὴ
2042 379 2089 408 οὖν
2100 380 2177 416 ὓϐριν

1388 431 1489 467 ἡγήσῃ,
1505 431 1536 458 τὸ
1559 431 1597 467 μὴ
1611 430 1659 458 νῦν
1678 429 1864 458 συνεστιᾶσθαι
1886 437 1926 456 σοι
1944 428 1990 455 τὸν
2016 427 2085 460 υιὸν,
2099 427 2178 463 ἀχρις

1388 477 1422 505 ἃν
1439 478 1449 493 ¹
1463 477 1498 505 τὰ
1512 477 1582 505 αὐτὰ
1595 478 1662 514 ἡμῖν
1679 478 1781 514 φρονῇς
1794 476 1842 504 καὶ
1858 476 1957 511 ποιῇς.ἑ

1421 630 1476 660 Cll.
1499 631 1532 659 Ἦ
1548 631 1577 659 δὲ
1596 631 1746 664 ἀκούσασα,
1764 631 1826 667 ἔφη·
1848 631 1880 658 Τί
1900 628 1946 659 οὖν
1966 630 2067 657 κωλύει
2082 637 2116 664 με
2131 630 2178 665 σή-
2194 667 2197 670 _

1387 685 1472 714 μερον
1488 676 1682 713 βαπτισθῆναι;
1696 677 1776 709 Ἥτις
1790 677 1837 704 καὶ
1850 676 1903 713 πρὸ
1915 676 1963 703 τοῦ
1979 675 2043 703 ἰδεῖν
2058 683 2100 708 σε,
2112 675 2175 706 τοὺς

1385 723 1548 759 λεγομένους
1562 724 1639 756 θεοὺς
1661 724 1839 760 ἀπεστράφην
1852 723 1974 759 λογισμῷ
1992 721 2118 758 τοιούτῳ,
2133 722 2174 748 ὅτι

1385 770 1471 798 πολλά
1494 770 1587 806 σχεδὸν
1611 770 1672 798 καθ’
1693 770 1798 806 ἡμέραν
1823 770 1925 807 θυούσῃ
1947 778 1992 805 μοι
2015 769 2134 801 τούτοις.
2148 770 2176 795 ὲν

1384 816 1445 848 ταῖς
1463 815 1597 851 ἀνάγκαις
1614 816 1645 843 οὐ
1670 816 1879 852 παρεστάθησάν
1903 824 1956 852 μοι.
1974 815 2042 851 Περὶ
2065 815 2096 841 δὲ
2117 823 2175 851 μοι-

1383 861 1459 896 χειας
1471 861 1499 888 τί
1512 861 1552 888 δεῖ
1580 869 1614 897 με
1633 862 1680 888 καὶ
1694 860 1797 896 λέγειν;
1823 860 1898 888 ὀπτᾶτ’
1915 860 1948 888 ἂν
1967 860 2028 887 οὐδὲ
2044 859 2175 887 πλουτοῦ-

1384 914 1434 933 σαν
1447 907 1537 943 τρυφή
1560 915 1594 942 με
1614 907 1682 943 πρὸς
1699 906 1788 936 ,τοῦτο
1807 906 1957 943 ἠπάτησεν
1982 906 2044 932 οὐδὲ
2067 906 2085 941 ή
2108 905 2176 940 μετά

1382 951 1469 979 ταῦτα
1484 951 1563 979 πενία
1583 952 1630 978 ἐπὶ
1647 951 1726 979 τοῦτο
1739 959 1771 987 γε
1791 952 1877 978 ἐλθεῖν
1895 951 2117 987 κατηνάγκασεν,
2130 951 2175 978 ἅτε

1382 997 1415 1034 δὴ
1425 997 1475 1033 τῆς
1493 997 1670 1034 σωφροσύνης
1683 997 1722 1030 ὡς
1741 997 1868 1034 μεγίστου
1886 996 1969 1024 καλοῦ
1984 996 2176 1031 ἀντιποιουμέ-

1382 1052 1431 1079 νης
1446 1052 1507 1080 μου·
1523 1041 1557 1079 ἦς
1572 1044 1665 1076 ἕνεκα,
1679 1043 1728 1070 καὶ
1747 1043 1788 1076 εις
1801 1043 1935 1078 τοσαύτην
1947 1041 2029 1078 ἦλθον
2045 1042 2175 1077 περίστα-

1383 1097 1434 1116 σιν.
1462 1089 1531 1116 Ἀλλ’
1546 1089 1607 1117 οὐδέ
1623 1098 1652 1117 σε
1676 1088 1763 1126 οἶμαι,
1779 1090 1857 1127 κύριέ
1874 1098 1924 1125 μου
1943 1089 2040 1124 Πέτρε,
2055 1088 2173 1123 ἀγνοεῖν,

1381 1134 1423 1162 Mt
1452 1135 1470 1170 ἡ
1493 1134 1593 1162 πλείων
1619 1134 1750 1171 ἐπιθυμία
1774 1135 1803 1169 ἐξ
1824 1134 1960 1170 εὺθυμιῶν
1979 1134 2094 1168 γίνεται·
2116 1133 2175 1160 ὅθεν

1381 1179 1438 1215 ἑγὼ
1462 1181 1491 1207 ὲν
1514 1180 1632 1217 εὐθυμία
1658 1181 1867 1217 σωφρονήσασα,
1890 1181 1918 1207 ὲν
1945 1180 2082 1216 δυσθυμία
2107 1179 2175 1214 πρὸς

1381 1225 1479 1260 ήδονάς
1492 1227 1591 1263 ἑαυτὴν
1605 1227 1655 1254 οὐκ
1673 1227 1811 1263 ἐκδίδωμι.
1835 1227 1916 1254 Ἀλλὰ
1930 1227 1997 1263 μηδὲ
2008 1226 2058 1253 νῦν
2072 1233 2173 1252 κακου-

1380 1272 1443 1307 χίας
1456 1273 1628 1309 ἀπηλλάχθαι
1647 1274 1761 1310 νομίσῃς
1775 1282 1825 1310 μου
1843 1273 1894 1309 τὴν
1907 1273 2005 1309 ψυχὴν,
2020 1272 2071 1307 τὴν
2084 1271 2175 1303 maio,-

1381 1317 1558 1353 παραμυθίας
1573 1317 1716 1354 τυχοῦσαν,
1731 1318 1775 1345 διὰ
1785 1318 1835 1355 τὴν
1849 1318 2005 1353 Κλήμεντος
2021 1316 2174 1353 ἀναγνώρι-

1382 1371 1430 1390 σιν.
1452 1363 1692 1400 ’Δντεισερχομένη
1705 1363 1760 1398 γὰρ
1774 1364 1791 1400 ή
1813 1364 1845 1390 ὲκ
1859 1362 1914 1390 τῶν
1934 1361 1980 1389 δύο
1995 1370 2046 1398 μου
2071 1362 2174 1388 τέκνοιν

1381 1407 1484 1443 ἀθυμία
1496 1408 1517 1441 ³,
1532 1409 1579 1436 καὶ
1592 1409 1642 1444 τὴν
1662 1409 1753 1441 ποσῶς
1769 1409 1888 1445 ἀμαυροῖ
1908 1408 2006 1444 χαράν.
2021 1408 2111 1434 Δυπεί
2121 1406 2174 1443 γὰρ

1381 1454 1456 1489 ήμᾶς
1466 1454 1496 1481 οὐ
1511 1454 1639 1482 τοσοῦτον
1651 1454 1682 1482 τὸ
1696 1455 1726 1482 ὲν
1737 1456 1771 1491 τῇ
1783 1454 1905 1491 θαλάσσῃ
1922 1453 2034 1485 τούτους
2048 1461 2174 1488 παραπο-

1380 1498 1483 1532 λέσθαι,
1499 1499 1560 1526 ὅσον
1574 1499 1622 1527 καὶ
1634 1500 1645 1516 δ
1659 1500 1745 1536 χωρὶς
1757 1499 1808 1535 τῆς
1826 1499 1866 1531 είς
1879 1498 1945 1526 Θεὸν
1959 1498 2101 1529 εὐσεϐείας
2117 1497 2174 1524 δια-

1382 1543 1515 1580 φθαρῆναι
1531 1545 1600 1580 μετά
1613 1553 1645 1580 γε
1659 1545 1712 1572 τῶν
1727 1544 1821 1581 ψυχῶν
1835 1545 1926 1576 αὐτοῖς
1941 1543 1988 1572 καὶ
2001 1543 2036 1570 τὰ
2048 1543 2172 1578 σώματα.

1388 1589 1416 1616 '0
1430 1589 1460 1616 δί
1483 1589 1587 1617 τούτων
1613 1590 1716 1626 πατὴρ,
1734 1589 1798 1625 ἐμὸς
1820 1589 1849 1616 δὲ
1872 1588 2008 1620 σύνευνος,
2030 1587 2070 1618 ὡς
2098 1588 2174 1623 παρὰ

1381 1635 1538 1672 Κλήμεντος
1559 1635 1669 1672 ἔμαθον,
1686 1636 1732 1663 ἐπί
1754 1644 1784 1663 τε
1809 1636 1859 1671 τὴν
1872 1635 1941 1670 ὲμὴν
1960 1635 2008 1661 καὶ
2028 1634 2083 1661 τῶν
2107 1635 2174 1660 υἱῶν

1380 1680 1493 1717 ζήτησιν
1514 1680 1609 1714 ἐκϐὰς,
1634 1681 1772 1713 τοσούτοις
1787 1681 1874 1708 ἐτεσιν
1888 1681 1994 1717 ἀφανής
2014 1681 2083 1707 ἐστι·
2106 1682 2174 1708 πάν-

1380 1735 1434 1759 τως
1446 1726 1476 1755 δὲ
1492 1727 1539 1754 καὶ
1552 1726 1633 1759 αὐτὸς
1650 1726 1818 1762 ἐτελεύτησε.
1834 1727 1889 1754 Καὶ
1904 1725 1958 1762 γὰρ
1971 1727 1985 1753 ὁ
1999 1726 2174 1762 ταλαίπωρος

1381 1771 1434 1799 sne
1457 1772 1633 1809 σωφροσύνης
1658 1781 1692 1809 με
1718 1772 1843 1807 ἀγαπῶν,
1861 1772 2018 1807 φιλότεκνος
2042 1769 2088 1808 ἦν·
2113 1773 2174 1799 ὅθεν

1379 1818 1487 1846 πάντων
1502 1818 1580 1855 ἡμῶν
1602 1817 1657 1846 τῶν
1681 1818 1753 1854 ὑπὲρ
1774 1818 1863 1846 πάντα
1890 1818 2078 1854 ήγαπημένων
2098 1818 2174 1853 αὺτῷ

1380 1864 1519 1900 στερηθεὶς
1533 1864 1547 1891 ό
1567 1863 1666 1901 γέρων,
1687 1864 1739 1893 ὑπὸ
1758 1865 1888 1901 μεγίστης
1901 1864 2021 1901 ἀθυμίας
2033 1864 2172 1900 διαπεφώ-

1379 1918 1455 1946 νηκι.

1413 1964 1480 1993 Clll.
1497 1965 1555 2001 Τῆς
1568 1965 1598 1992 δὲ
1619 1965 1722 2002 μητρὸς
1734 1964 1822 1993 ταῦτα
1842 1965 1975 2002 λεγούσης
1987 1965 2138 1998 ἀκούοντες
2149 1967 2171 1993 οι

1378 2011 1482 2047 παῖδες,
1496 2011 1589 2039 οὐκέτι
1601 2011 1672 2039 κατὰ
1686 2011 1737 2048 τὴν
1751 2011 1798 2038 τοῦ
1813 2011 1917 2048 Πέτρου
1934 2012 2097 2048 παραίνεσιν
2110 2013 2172 2048 ἡδύ-

1377 2065 1458 2084 ναντο
1483 2057 1601 2092 στέγεινι
1629 2057 1686 2085 ἀλλ’
1702 2057 1866 2090 ἀναστάντες
1884 2057 2096 2094 περιιπλέιοντο
2111 2059 2171 2085 τότε

1378 2103 1457 2139 αὐτῇ,
1473 2104 1521 2130 καὶ
1532 2103 1647 2140 δάκρυσι
1661 2105 1672 2121 ¹
1690 2103 1858 2138 κατεφίλουν.
1880 2103 1938 2138 Ἐφ’
1950 2100 2015 2140 ᾧδὴ
2027 2105 2075 2131 καὶ
2089 2105 2106 2140 ή
2121 2105 2170 2140 μή-

1379 2157 1432 2186 τηρ
1446 2149 1663 2184 καταπλαγεῖσα,
1677 2149 1705 2176 τί
1719 2149 1791 2176 θέλοι
1810 2149 1890 2176 τοῦτο
1902 2147 1984 2182 εἶναι,
2001 2149 2055 2177 ὑπὸ
2072 2150 2171 2177 ἐκστά-

540 2195 653 2226 stupore
663 2191 740 2226 juxta
762 2196 843 2227 atque
860 2180 1032 2228 ignoratione
1050 2201 1153 2228 rerum,
1176 2180 1327 2231 interroga-
1344 2180 1368 2209 θ

1265 2180 1327 2231 ύμ-
1344 2180 1368 2209 D
1466 2194 1561 2231 ὥσπερ
1574 2180 1622 2222 διαὶ
1633 2180 1743 2229 ἀγνοίας
1757 2195 1810 2222 τῶν
1820 2180 1981 2231 γινομένων,
1993 2194 2099 2231 ἠρώτα.
2117 2196 2169 2222 Καὶ

539 2236 597 2264 bat.
624 2235 778 2271 Statimque
797 2237 895 2265 Petrus
915 2237 986 2265 dixit
1004 2247 1012 2265 :
1037 2238 1157 2272 Advoca,
1176 2246 1193 2266 0
1216 2240 1326 2274 mulier,

539 2280 647 2308 fortiter
661 2285 777 2308 mentem
790 2285 876 2316 tuam,
891 2286 922 2309 ut
933 2283 1005 2311 natis
1017 2283 1071 2311 tuis
1084 2283 1184 2312 fruaris
1194 2283 1325 2319 jucunde.

539 2325 573 2354 111
587 2328 660 2354 enim
675 2332 740 2354 sunt
755 2327 902 2356 Faustinus
919 2332 946 2356 et
965 2328 1168 2364 Faustinianus,
1185 2339 1254 2366 quos
1270 2331 1328 2360 aie-

539 2373 589 2401 bas
612 2374 639 2401 in
663 2374 759 2410 pelago
772 2375 884 2408 obiisse,
906 2383 1032 2411 quosque
1053 2377 1117 2404 dum
1143 2377 1228 2413 luges,
1241 2378 1325 2406 vitam

538 2425 614 2447 tuam
635 2419 659 2447 is
675 2420 765 2448 luctus
783 2429 837 2448 non
854 2422 962 2449 vitalem
983 2422 1125 2450 elliciebat.
1141 2422 1193 2457 Qui
1210 2431 1274 2451 vero
1287 2425 1328 2452 al—

538 2470 580 2493 ter
596 2473 691 2493 eorum
702 2465 822 2496 Nicctas.
838 2467 906 2494 alter
919 2467 1017 2503 Aquila
1032 2472 1153 2502 vocetur,
1168 2469 1219 2504 ipsi
1233 2470 1327 2506 auspi-

538 2513 600 2537 cato
615 2509 708 2537 dicant
721 2515 749 2538 et
772 2511 898 2538 doceant.
914 2511 978 2540 Haec
990 2512 1071 2540 Petro
1086 2513 1204 2546 dicente,
1225 2519 1323 2549 mater,

538 2555 638 2590 gaudio
655 2556 804 2584 immodico
829 2557 942 2592 repleta,
963 2559 1159 2594 propemodum
1177 2564 1205 2587 et
1228 2560 1324 2595 spiritu

537 2602 637 2630 defecit
649 2615 657 2631 ι
669 2608 788 2631 attamen
800 2605 962 2641 recolligens
973 2614 1013 2640 se,
1028 2613 1061 2634 ac
1070 2606 1144 2634 velut
1157 2607 1199 2635 sui
1211 2615 1323 2643 compos

539 2648 610 2678 facta
623 2659 630 2677 :
648 2649 709 2677 Filii
725 2650 778 2678 mei
793 2652 968 2687 optatissimi,
985 2653 1084 2689 inquit,
1097 2653 1145 2681 lilii
1158 2654 1321 2688 dulcissimi,

1377 2241 1393 2267 ὁ
1408 2240 1510 2277 Πέτρος
1530 2240 1619 2274 εὐθύς,
1631 2241 1823 2277 Παράστησονν
1833 2238 1856 2268 ὦ
1874 2240 1963 2275 γύναι,
1986 2241 2094 2277 εἴρηκε,
2107 2250 2169 2275 γεν-

1378 2287 1462 2319 ναίως
1475 2286 1521 2314 τὸν
1534 2286 1597 2315 νοῦν
1612 2295 1670 2319 σου,
1685 2286 1756 2314 titan
1773 2287 1829 2314 τῶν
1848 2286 1902 2314 σῶν
1914 2287 1999 2322 ἡδέως
2016 2286 2169 2315 ἀπολαῦσαι

1376 2333 1491 2361 τέκνων.
1505 2331 1585 2361 Οὗτοι
1603 2334 1658 2369 γάρ
1678 2334 1730 2360 εισι
1741 2334 1885 2366 Φαυστῖνος
1901 2334 1948 2360 καὶ
1964 2334 2167 2366 Φαυστινιανὺς,

1378 2379 1426 2411 οὓς
1438 2379 1530 2414 ἔλεγες
1541 2381 1570 2407 ὲν
1585 2380 1658 2416 βυθῷ
1670 2380 1804 2412 τεθνᾶναι,
1819 2380 1866 2407 καὶ
1877 2376 1915 2407 ὦν
1926 2380 1956 2407 τὸ
1970 2379 2069 2412 πένθος
2088 2380 2168 2406 ἀϐίω-

1379 2434 1425 2452 τον
1438 2426 1522 2453 ἐτίθει
1539 2435 1584 2453 σου
1595 2427 1606 2442 ⁸
1618 2427 1668 2462 τὴν
1680 2426 1762 2462 ζωήν.
1777 2426 1839 2457 Πῶς
1851 2426 1880 2453 δὲ
1894 2426 1976 2453 αὐτοῦ
1986 2428 2001 2453 ὁ
2017 2426 2067 2462 μὲν
2081 2427 2167 2462 Νική-

1376 2479 1437 2508 της,
1449 2473 1464 2499 ὀ
1477 2472 1507 2498 δὲ
1529 2472 1643 2504 Ἀκύλας
1657 2472 1789 2504 καλεῖται,
1804 2472 1881 2499 αὐτοὶ
1902 2472 1991 2504 καλῶς
2012 2473 2164 2507 λεγέτωσαν

1375 2527 1406 2545 τε
1421 2518 1468 2545 καὶ
1483 2518 1690 2545 διδασχότωσαν.
1705 2517 1796 2545 Ταῦτα
1816 2518 1863 2544 τοῦ
1887 2518 1989 2554 Πέτρου
2011 2518 2134 2550 εἱτώντος
2149 2519 2163 2554 ἡ

1378 2563 1470 2599 μήτηρ
1484 2564 1605 2600 ἀμέτρου
1622 2563 1770 2600 πλησθεῖσα
1784 2565 1880 2600 χαρᾶς,
1898 2563 1998 2600 μικροῦ
2016 2564 2052 2592 ἂν
2065 2565 2162 2592 ἀπολε-

1376 2608 1465 2636 λοίπει
1491 2609 1537 2636 καὶ
1554 2609 1604 2645 τὴν
1627 2610 1722 2645 πνοήν·
1749 2609 1972 2644 ἀνενεγκοῦσαᾶ
1997 2610 2085 2646 ὅμως,
2118 2611 2163 2641 καὶ

1374 2654 1469 2691 ὥσπερ
1487 2655 1586 2692 ἑαυτῆς
1600 2657 1610 2672 ⁷
1624 2655 1766 2692 γενομένη,
1784 2655 1873 2683 Τέκνα
1886 2664 1936 2691 μου
1961 2656 2085 2688 ποθεινὰ,
2099 2657 2159 2692 ἔφη.

1164 2735 1283 2763 ΥΔΒΙΑΞ
1300 2735 1500 2765 LECTIONES.

580 2779 637 2819 ’.ειιΣ
658 2779 873 2819 συναλιζόμεθιιι.Δ
901 2781 1113 2819 ‘_al._przepon.
1137 2781 1184 2817 μή.
1224 2781 1234 2798 ³
1254 2781 1289 2809 al.
1311 2780 1476 2819 βαρυθυμία.
1516 2783 1526 2800 ⁸
1546 2783 1581 2812 al.
1602 2783 1641 2811 τό.

536 2813 553 2850 ,⁷
573 2814 608 2843 al.
629 2815 671 2850 ἐφ’
685 2813 794 2850 ἑαυτῆςζ
809 2815 845 2843 al.
866 2816 893 2842 ὲν
910 2813 1005 2851 ἑαυτῇῖ

1693 2784 1704 2800 ⁸
1724 2784 1760 2812 al.
1782 2785 1831 2812 σὺν
1844 2784 1970 2822 δάκρυσι.
2025 2785 2038 2802 ⁸
2057 2786 2093 2815 al.
2107 2795 2151 2814 σοι
