2290 3110
525 107 577 135 ειτ

947 107 976 135 S.
995 106 1187 136 CLEMENTIS
1204 109 1215 136 l
1232 107 1314 136 ROM.
1332 108 1434 137 PONT.
1453 109 1569 137 OPERA
1585 109 1698 138 DUBIA.

2093 110 2146 138 548

525 170 556 202 ut
570 171 665 193 secum
687 165 882 201 baptizaretur.
906 163 999 201 Neque
1011 166 1083 194 enim
1095 167 1122 194 id
1136 166 1242 195 dilectae
1256 174 1312 195 suae
1325 171 1348 200 Α
1361 175 1406 194 ναι
1418 176 1429 195 a

1239 178 1242 193 ι
1256 174 1312 195 θυαε
1325 171 1348 200 Α
1361 175 1406 194 ναι
1418 168 1486 204 αὐτῇ
1507 168 1557 204 τὴν
1583 168 1722 205 ξενοδόχον
1735 170 1781 197 καὶ
1794 170 1933 206 εὐεργέτιν
1947 171 1976 198 ’⁸.
1993 171 2051 199 Ούκ
2069 171 2103 198 ἂν
2115 170 2143 197 δὲ

524 209 596 237 tradi
618 210 794 245 postulasset,
805 210 858 239 nisi
882 211 960 246 prius
983 219 1048 247 erga
1070 212 1235 247 baptismum
1247 217 1309 240 tan-

524 263 607 290 quam
624 263 688 291 erga
704 264 832 292 magnum
846 256 948 284 donum
969 256 1070 285 fuisset
1088 257 1194 286 atl‘ecta.
1218 257 1309 292 Quare

524 308 576 336 ego
606 301 706 330 multos
732 302 862 330 damnare
877 310 930 330 non
951 303 1046 330 dubito
1062 312 1069 336 ;
1085 303 1156 339 quod
1175 311 1237 332 cum
1256 305 1308 340 ipsi

525 346 653 381 baptizati
675 347 788 380 fuerint,
813 352 840 376 et
854 348 1031 383 proﬁteantur
1047 356 1077 377 se
1092 349 1212 384 credere,
1238 349 1307 378 nihil

525 391 627 420 faciant
637 393 748 428 dignum
765 393 828 427 tlde,
849 401 938 429 neque
955 401 1003 422 eos
1016 402 1087 430 quos
1096 395 1212 431 diligunt
1224 395 1307 430 (uxo-

523 446 579 470 res,
594 438 716 474 inquam,
731 443 759 466 et
773 439 854 473 ﬁlios,
869 443 950 475 atque
961 440 1076 475 amicos)
1091 440 1125 468 ad
1142 442 1194 469 hoc
1208 442 1306 469 exhor-

524 485 624 510 tentur.
650 482 718 511 Nam
732 483 755 511 si
768 484 921 518 crederent,
936 485 1019 512 vitam
1037 489 1166 513 aeternam
1180 493 1242 514 cum
1257 486 1306 514 bo-

523 528 567 555 nis
580 528 708 563 operibus
725 529 754 556 in
769 529 904 564 baptismo
916 537 931 556 a
947 529 1002 557 Deo
1023 531 1118 558 donari
1134 551 1142 564 ,
1158 531 1238 566 plane
1257 539 1305 560 eos

523 581 592 608 quos
605 574 758 610 diligerent,
770 575 804 603 ad
814 575 890 602 illum
905 576 1108 611 suscipiendum
1120 577 1303 606 hortarentur.

522 618 637 651 Quando
648 621 765 656 denique
775 628 823 649 eos
838 621 930 649 vident
944 627 1086 657 aegrotare,
1101 627 1148 650 aut
1160 623 1187 650 in
1209 624 1304 652 mortis

521 665 594 693 viam
617 666 727 700 abduci,
749 671 797 694 aut
807 667 860 695 alia
881 668 994 696 molesta
1014 670 1160 702 sustinere,
1181 673 1302 705 gemunt,

521 718 555 738 ac
576 711 712 739 ducuntur
745 713 993 742 commiseratione.
1019 713 1058 741 Ita
1092 713 1116 742 si
1149 714 1301 747 crederent,

522 755 612 788 ignem
634 761 794 794 perpetuum
821 765 931 786 manere
944 766 992 786 eos
1005 759 1053 794 qui
1069 758 1154 786 Deum
1176 767 1230 786 non
1253 766 1302 787 co-

522 802 590 836 lunt,
619 810 673 830 non
689 808 830 831 cessarent
844 812 965 838 monere,
978 805 1020 832 vel
1032 812 1114 840 super
1129 804 1183 832 illis
1194 805 1303 840 plorare

1357 213 1435 240 τοῦτο
1454 214 1486 249 τῇ
1505 214 1558 240 ὑπὸ
1572 214 1657 249 αὐτῆς
1679 214 1833 252 ποθουμένῃ
1857 216 1968 251 δοθῆναι
1987 216 2009 235 ¹⁸
2023 217 2112 252 ἠξίου,
2123 217 2148 242 ει

1359 258 1396 294 μὴ
1421 258 1551 294 πρότερον
1568 259 1637 295 αὑτὴ
1655 259 1759 295 διετέθη
1782 261 1820 292 ὼς
1841 261 1887 288 ἐπὶ
1912 261 2018 298 μεγάλῃ
2039 263 2073 298 τῇ
2100 261 2147 289 τοῦ

1357 304 1546 340 βαπτίσματος
1563 305 1652 342 δωρεᾷ
1664 306 1698 333 ’⁸.
1713 306 1793 334 Ὅθεν
1807 307 1862 342 ἐγὼ
1875 308 1980 335 πολλῶν
1993 308 2048 344 ἔχω
2059 317 2147 335 κατα-

1356 350 1500 386 γινώσκειν
1511 352 1544 385 ¹¹,
1562 351 1637 378 ὁπότ’
1663 351 1697 379 ἂν
1719 352 1795 380 αὐτοὶ
1821 353 2013 388 βαπτισθέντες
2030 355 2079 381 καὶ
2103 363 2148 380 πι-

1357 395 1462 423 στεύειν
1472 397 1663 432 όμολογοῦντες
1675 397 1708 430 ",
1725 397 1807 433 μηδὲν
1819 398 1891 431 ἄξιον
1903 399 2022 431 πίστεως
2038 399 2145 429 ποιῶσι.

1357 441 1425 477 μηδὲ
1448 441 1495 474 οὓς
1514 442 1651 477 ἀγαπῶσι,
1670 442 1742 478 λέγω
1766 443 1798 479 δὴ
1816 446 1946 478 γυναῖκας
1967 444 2071 471 ὲαυτῶν
2100 444 2148 471 καὶ

1355 488 1430 520 υἱοὺς
1439 488 1496 524 ἅμα
1511 488 1558 515 καὶ
1571 489 1673 524 φίλους,
1684 489 1723 521 εἰς
1735 488 1814 516 τοῦτο
1823 490 2031 526 προτρέπονται.
2050 490 2082 518 Et
2093 490 2147 527 γὰρ

1354 534 1552 561 πεπιστεύκασι
1567 533 1640 570 ζωὴν
1653 534 1761 561 αἰώνιον
1778 535 1827 562 σὺν
1845 535 1935 572 ἔργοις
1945 535 2038 568 καλοῖς
2048 535 2146 571 δωρεῖ-

1355 577 1416 605 σθαι
1431 577 1476 605 τὸν
1495 578 1561 605 Θεδν
1574 578 1597 594 ’³
1617 579 1663 606 ἐπὶ
1675 580 1714 615 τῷ
1736 579 1914 616 βαπτίσματι,
1932 580 2041 612 πάντως
2054 580 2087 607 ἂν
2100 582 2147 608 καὶ

1353 622 1400 656 οὒς
1413 623 1437 639 ’⁸
1447 623 1561 658 ἠγάπων
1587 625 1786 661 προετρέποντο
1814 624 2005 660 βαπτισθῆναι.
2035 625 2145 652 Ἐπειι·

1353 674 1382 693 τι
1411 665 1509 704 δήποτε
1538 669 1682 701 νοσοῦντας
1707 669 1832 705 ὁρῶντες,
1847 670 1863 706 ἢ
1878 670 2070 705 ἀπαγομένους
2096 671 2145 706 τὴν

1353 712 1400 739 ἐπὶ
1414 713 1526 741 θάνατον
1539 714 1574 747 ’⁸,
1587 714 1603 750 ἢ
1618 715 1685 742 ἄλλα
1705 715 1767 742 τινὰ
1779 715 1885 750 χαλεπὰ
1902 716 2067 752 πάσχοντας,
2084 717 2145 744 ὀδύ-

1355 765 1445 792 ρονται
1464 759 1511 786 καὶ
1520 759 1543 775 "
1565 759 1750 786 κατελεοῦσιν.
1785 759 1878 792 οὕτως
1901 761 1961 786 ειη
1982 762 2143 788 ἐπε-πιστεύ-

1353 811 1447 830 κεισαν
1467 802 1574 830 αἰώνιον
1587 803 1643 840 πῦρ
1653 804 1808 841 περιμένειν
1829 801 1945 836 τοὺςτὺν
1967 805 2032 832 Θεὸν
2045 806 2084 842 μὴ
2098 806 2142 833 σέ-

521 853 548 876 ct
559 848 676 884 graviter
697 849 799 882 dolere,
815 850 880 877 dum
898 858 946 878 eos
958 836 1076 878 cernunt
1087 859 1141 879 non
1156 836 1256 879 habere
1269 851 1302 878 ii-
1318 836 1340 866 Β
1353 848 1425 875 δοντε

1238 858 1256 878 -e
1269 851 1302 878 [i—
1318 836 1340 866 B
1353 848 1516 881 6οντας,ούκ
1532 849 1564 876 ἂν
1580 836 1733 876 ἐπαύσαντο
1757 850 1953 882 νουθετοῦντες,
1973 851 1989 886 ἦ
2068 836 2142 878 cit-mt-

520 894 591 921 dem.
608 895 696 930 Atque
712 903 786 923 nunc
801 896 935 931 hospitam
951 901 1091 924 evocatam
1117 897 1300 932 interrogabo,

520 947 585 966 num
602 939 686 975 legem
711 945 834 969 nostram
858 942 922 969 vclit
936 942 1063 977 amplecti
1078 951 1085 969 :
1098 946 1125 969 et
1144 942 1181 969 ita
1202 949 1302 970 consc-

519 989 634 1020 quenter
647 993 708 1020 quae
720 991 827 1021 oportet
839 986 982 1015 faciemus.
1000 987 1086 1015 Mater
1097 994 1186 1015 autem
1198 993 1300 1022 vestra,

518 1031 648 1066 quoniam
664 1036 746 1066 prout
771 1033 848 1060 decet
864 1033 982 1066 ﬁdelem,
996 1033 1023 1060 in
1042 1033 1175 1068 baptisma
1195 1033 1302 1062 anima-

518 1078 545 1102 ta
560 1079 614 1108 est,
630 1079 692 1104 ante
702 1076 867 1112 baptismum
879 1077 985 1112 jejunet
1002 1086 1058 1106 uno
1069 1078 1124 1106 die.

553 1162 645 1191 CVlll.
665 1163 700 1191 At
723 1164 769 1192 illa
797 1164 918 1200 iurabat.
935 1173 965 1193 se
985 1165 1092 1194 duobus
1114 1166 1300 1201 superioribus

517 1209 622 1242 diebus,
637 1209 702 1237 dum
714 1215 807 1238 narrat
818 1211 926 1238 mulieri
953 1211 1148 1247 recognitionis
1161 1216 1299 1245 eventum,

517 1261 572 1288 prae
591 1254 678 1282 multo
692 1255 793 1290 gaudio
805 1255 897 1282 cibum
924 1263 980 1282 non
1004 1256 1128 1291 cepisse;
1145 1257 1199 1285 nisi
1213 1257 1300 1292 pridie

517 1299 648 1327 duntaxat
661 1300 772 1335 paulum
787 1308 874 1336 aquae.
888 1300 938 1328 Cui
949 1301 1105 1335 iuramento
1125 1306 1152 1330 et
1166 1309 1236 1330 uxor
1249 1301 1300 1330 Pe-

518 1345 552 1371 tri
571 1345 758 1372 testimonium
778 1346 904 1380 praebuit,
930 1346 1035 1380 dicens,
1062 1353 1125 1375 vere
1149 1355 1209 1375 eam
1231 1348 1300 1375 nihil

517 1394 651 1424 gustasse.
667 1389 700 1416 Et
711 1390 808 1424 Aquila
824 1391 862 1418 ait
879 1399 886 1417 :
902 1390 977 1417 Nihil
996 1399 1061 1426 ergo
1085 1392 1206 1426 impedit,
1227 1400 1298 1424 eam,

517 1434 626 1462 domine
639 1435 688 1467 mi,
711 1435 844 1463 hodierno
865 1436 909 1463 die
929 1436 1070 1471 baptizari.
1089 1436 1158 1465 Tutn
1175 1437 1273 1465 Petrus
1290 1446 1297 1464 :

517 1481 552 1508 At
564 1481 625 1514 hoc,
640 1489 692 1508 non
708 1485 750 1509 est
763 1481 888 1516 baptismi
902 1482 1035 1532 jejunium
1052 1491 1060 1517 ;
1078 1483 1297 1518 quandoquidem
1312 1502 1332 1532 Ο

517 1535 568 1554 nec
591 1533 733 1562 propterea
759 1528 860 1555 factum
886 1533 938 1556 est.
963 1527 995 1555 Et
1017 1528 1229 1557 Faustinianus:
1245 1529 1297 1557 Sed

517 1572 632 1601 fortasse
644 1573 715 1601 Deus
730 1573 824 1601 volens
839 1577 954 1600 matrem
977 1577 1098 1601 nostram
1121 1581 1154 1601 ne
1169 1581 1225 1602 uno
1237 1575 1299 1609 qui-

515 1619 576 1646 dem
593 1623 654 1653 post
676 1618 888 1653 recognitionem
904 1619 948 1646 die
964 1626 979 1645 a
995 1623 1086 1646 nostra
1109 1627 1203 1648 mensa
1216 1628 1298 1655 sepa-

515 1665 580 1696 rari.
598 1665 648 1692 hoc
659 1665 792 1699 jejunium
809 1665 976 1699 praestruxit.
992 1663 1069 1692 Sicut
1088 1665 1161 1692 enim
1178 1665 1204 1692 in
1217 1666 1296 1701 igno-

514 1711 620 1738 ratione
636 1710 754 1738 servavit
775 1710 944 1745 pudicitiam,
960 1710 987 1737 id
1003 1710 1076 1745 quod
1090 1710 1232 1738 veritatem
1247 1711 1297 1739 de-

515 1761 558 1784 cet
572 1755 674 1784 faciens
691 1776 698 1788 ,
715 1756 752 1783 ita
768 1760 794 1783 et
807 1763 881 1783 nunc
898 1755 970 1783 Deus
991 1755 1060 1784 forte
1083 1756 1211 1790 providit,
1235 1763 1297 1784 eam

514 1807 576 1830 ante
598 1810 681 1830 unum
703 1802 786 1835 diem,
802 1801 829 1829 in
848 1801 1000 1838 ignorantia
1021 1801 1156 1837 jejunare,
1169 1809 1218 1837 pro
1231 1809 1296 1830 vero

514 1847 648 1882 baptismo
661 1856 669 1881 ;
686 1851 717 1874 ut
730 1854 744 1874 a
759 1847 847 1882 primo
868 1846 912 1874 die
935 1854 991 1882 quo
1006 1854 1056 1874 nos
1071 1847 1190 1882 agnovit,
1203 1846 1297 1875 nobis-

513 1901 574 1920 cum
587 1898 678 1928 posset
689 1893 771 1921 etiam
785 1893 869 1921 salem
881 1901 927 1921 seu
942 1893 1033 1920 cibum
1051 1893 1199 1928 percipere.

547 1983 615 2011 CIX.
636 1983 705 2011 Tum
717 1983 814 2011 Petrus
830 1991 838 2010 :
853 1982 892 2010 Nc
905 1991 967 2015 nos,
982 1982 1080 2017 inquit,
1100 1983 1192 2011 vincat
1215 1983 1295 2010 mali-

513 2030 562 2063 tia,
578 2034 737 2065 praetextum
754 2035 834 2057 nacta
855 2028 1056 2056 Providentiam
1073 2033 1100 2055 et
1111 2029 1207 2056 matris
1220 2036 1293 2055 amo-

513 2084 571 2103 rem
585 2084 592 2108 ;
605 2075 651 2102 sed
669 2075 760 2109 potius
786 2082 847 2107 vos,
870 2077 898 2100 et
914 2079 964 2108 ego
983 2073 1134 2107 vobiscum,
1158 2073 1239 2101 hodie
1267 2074 1295 2102 in

511 2121 615 2156 jejunio
631 2127 849 2155 permaneamus,
860 2123 887 2146 et
901 2126 962 2146 cras
971 2118 1162 2152 baptizabitur.
1176 2117 1254 2145 Hunc
1268 2118 1294 2146 in

1353 893 1465 926 θοῦντας
1490 895 1616 931 ὀρῶντες,
1629 895 1790 931 δακρύοντες
1803 897 1846 922 Art‘
1858 897 1948 928 αὐτοῖς
1959 897 2006 923 καὶ
2015 896 2143 932 χαλεπῶς

1351 938 1522 975 ὀδυνώμενοι.
1547 941 1601 967 Καὶ
1621 940 1655 967 τὰ
1670 941 1693 957 ¹⁹
1708 941 1755 968 νῦν
1785 941 1834 977 τήν
1866 941 2002 976 ξενοδόχον
2029 941 2142 978 πέμψας

1350 986 1488 1022 ἀνακρινῶ
1505 987 1529 1013 εἰ
1545 987 1591 1014 τὸν
1613 987 1694 1023 νόμον
1707 987 1788 1023 ήμῶν
1806 987 1915 1023 ἀγαπᾷν
1939 988 2074 1024 αἱρεῖται·
2094 989 2142 1015 καὶ

1350 1030 1436 1063 οὕτως
1457 1031 1609 1064 ἀκολούθως
1623 1031 1642 1059 ἃ.
1657 1032 1697 1059 δεῖ
1712 1031 1860 1068 πράξομεν.
1879 1032 1910 1059 Ἦ
1922 1032 1950 1059 δὲ
1960 1033 2052 1069 μήτηρ
2065 1033 2141 1068 ὑμῶν

1350 1076 1444 1112 ἐπειδὴ
1459 1076 1562 1108 πιστῶς
1578 1076 1711 1104 διάκειται
1736 1077 1802 1112 περὶ
1820 1076 1866 1103 τοῦ
1882 1076 2078 1112 βαπτίσματος,
2093 1087 2142 1113 νη-

1351 1121 1489 1148 πευσάτω
1501 1121 1608 1157 ἡμέραν
1623 1122 1645 1138 ⁸⁰
1661 1121 1714 1157 πρὸ
1723 1121 1769 1148 τοῦ
1784 1121 1978 1157 βαπτίσματος.

1384 1164 1474 1193 cvm.
1501 1166 1533 1192 Ἦ
1557 1165 1586 1192 δὲ
1605 1158 1696 1201 ὤμνυε
1710 1165 1757 1192 δύο
1771 1165 1824 1192 τῶν
1852 1165 2011 1192 διελθουσῶν
2023 1166 2138 1201 ἡμερῶν

1349 1211 1382 1246 τῇ
1403 1211 1512 1245 γυναικὶ
1528 1210 1549 1225 ³¹
1572 1209 1736 1245 διηγουμένη
1759 1208 1794 1235 τὰ.
1820 1208 1891 1235 κατὰ
1916 1208 1961 1235 τδν
1984 1209 2139 1244 ἀναγνωρι-

1351 1256 1428 1292 σμὸν,
1451 1255 1504 1282 ὑπὸ
1529 1255 1628 1291 πολλῆς
1643 1255 1740 1291 χαρᾶς,
1754 1254 1857 1290 τροφῆς
1876 1254 1913 1290 μὴ
1928 1254 2089 1290 μεταλαϐεῖν
2105 1254 2138 1286 ³¹,

1350 1301 1450 1338 ἢ¹χθὲς
1469 1301 1547 1337 μόνον
1566 1301 1681 1337 βραχέος
1701 1300 1804 1332 ὕδατος.
1829 1300 2038 1336 Μαρτυρήσει³³
2057 1308 2086 1326 τε
2098 1300 2139 1335 τῷ

1349 1345 1423 1382 ὅρκῳ
1438 1346 1486 1373 καὶ
1505 1347 1521 1380 ή
1545 1345 1614 1382 γυνὴ
1633 1345 1737 1381 Πέτρου
1760 1344 1886 1379 λέγουσα,
1904 1345 1942 1376 ὡς
1963 1344 2072 1380 ἀληθῶς
2086 1345 2139 1371 οὐκ

1349 1390 1491 1424 ἐγεύσατο,
1506 1391 1561 1417 Καὶ
1573 1391 1588 1417 ὸ
1612 1389 1727 1422 Ἀκύλας
1738 1389 1789 1424 ἔφη
1800 1397 1808 1404 ·
1823 1389 1926 1416 Οὐκοῦν
1943 1389 2021 1416 οὐδὲν
2038 1389 2138 1416 κωλύει

1349 1437 1433 1472 αὐτὴν
1447 1437 1480 1469 ³⁵,
1493 1433 1516 1464 ὧ
1532 1436 1610 1472 κύριέ
1627 1445 1688 1472 μου,
1708 1436 1758 1472 τὴν
1773 1436 1795 1452 ³⁸
1807 1437 1925 1472 σήμερον
1945 1436 2136 1471 βαπτισθῆναι.

1349 1483 1404 1510 Καὶ
1417 1484 1432 1510 ὁ
1442 1483 1558 1519 Πέτρος·
1586 1482 1653 1509 Ἀλλ’
1667 1482 1718 1509 οὐκ
1739 1482 1796 1508 ἐστι
1814 1482 1893 1509 τοῦτο
1914 1482 2025 1517 νηστεία
2037 1482 2137 1517 βαπτί-

1350 1537 1453 1565 σματος
1468 1529 1501 1561 ³⁸,
1519 1529 1579 1556 ἐπεὶ
1595 1529 1663 1564 μηδὲ
1685 1528 1719 1555 δι’
1733 1527 1797 1555 αὐτὸ
1812 1528 1833 1544 ³⁷
1847 1528 1925 1555 τοῦτο
1948 1528 2054 1562 γέγονε.
2082 1529 2138 1555 Καὶ

1347 1576 1362 1602 ὁ
1379 1575 1401 1591 ³⁸
1418 1574 1608 1606 Φαυστινιανὸς
1626 1575 1659 1590 ³³·
1680 1575 1760 1606 Ἴσως
1784 1571 1830 1601 οὖν
1849 1575 1864 1601 ὁ
1885 1573 1951 1606 Θεὸς
1975 1574 2138 1609 βουλόμενος

1346 1619 1425 1654 ήμῶν
1447 1619 1497 1654 τὴν
1519 1619 1634 1655 μητέρα.
1660 1618 1794 1654 μηδεμίαν
1817 1618 1885 1654 μετὰ
1907 1618 1953 1644 τὸν
1981 1619 2136 1653 ἀναγνωρι-

1348 1664 1415 1700 σμδν
1427 1665 1535 1701 ἡμέραν
1548 1665 1598 1699 τῆς
1620 1665 1757 1700 ήμετέρας
1766 1665 1789 1680 ’⁵ο
1803 1664 1918 1699 χωρίσαι
1943 1663 2084 1699 τραπέζης
2100 1664 2134 1695 δι,

1347 1710 1560 1746 προῳκονόμησε
1577 1710 1626 1746 τὴν
1652 1709 1787 1745 νηστείαν.
1814 1709 1857 1740 Ὠς
1871 1709 1924 1744 γὰρ
1944 1709 2137 1745 ἐσωφρόνησεν

1347 1757 1375 1783 ὲν
1387 1755 1492 1791 ἀγνοίᾳ,
1506 1755 1536 1782 τὸ
1549 1755 1654 1791 πρέπον
1668 1756 1702 1790 τῇ
1718 1754 1832 1790 ἀληθείᾳ
1846 1753 1868 1770 ⁸³
1888 1754 2025 1789 ποιήσασα
2034 1761 2041 1768 ·
2063 1754 2136 1780 οὕτω

1347 1802 1394 1829 καὶ
1410 1801 1458 1828 νῦν
1470 1803 1484 1828 ὁ
1500 1801 1567 1833 Θεὸς
1591 1801 1655 1832 ῐσως
1675 1800 1850 1836 ᾠκονόμησεν
1865 1799 1947 1835 αὐτὴν
1962 1800 2015 1835 πρὸ
2028 1801 2094 1835 μιᾶς
2106 1800 2134 1826 ὲν

1346 1848 1442 1883 ἀγνοίᾳ
1465 1847 1621 1883 νηστεῦσαι,
1648 1846 1718 1882 ὑπὲρ
1731 1846 1779 1873 τοῦ
1793 1845 1909 1881 ἀληθοῦς
1934 1845 2132 1880 βαπτίσματος,

1346 1893 1379 1920 ἵν’
1392 1892 1448 1919 ἀπὸ
1459 1891 1571 1928 πρώτης
1584 1891 1691 1927 ἡμέρας
1708 1890 1755 1917 τοῦ
1768 1890 1899 1926 γνωρίσαι
1917 1890 2000 1925 ἡμᾶς,
2018 1889 2134 1925 μεταλα-

1346 1938 1403 1965 ϐεῖν
1413 1938 1461 1964 σὺν
1474 1939 1541 1973 ἡμῖν
1555 1937 1600 1964 καί
1614 1936 1685 1963 ἁλῶν
1696 1935 1830 1971 δυνηθείη.

1380 1983 1445 2010 CIX.
1469 1983 1524 2010 Kal
1542 1983 1556 2009 6
1575 1982 1694 2017 Πέτρος·
1711 1981 1757 2016 Μὴ
1779 1981 1853 2016 ἡμᾶς
1863 1981 1896 2011 ⁸³,
1913 1979 1974 2015 ἔφη,
1998 1980 2101 2007 νικάτω
2114 1981 2131 2016 ή

1346 2029 1430 2056 κακία
1443 2029 1577 2064 πρόφασιν
1589 2027 1707 2062 εὑροῦσα
1719 2027 1768 2062 τήν
1782 2026 1911 2062 πρόνοιαν
1924 2027 1971 2053 καὶ
1984 2026 2034 2062 τὴν
2044 2027 2068 2042 ⁵⁸
2082 2026 2132 2060 τῆς

1343 2074 1476 2109 τεκούσης
1489 2074 1603 2110 στοργήν
1614 2073 1636 2088 ⁸⁸
1648 2081 1655 2088 ·
1670 2072 1736 2099 ἀλλὰ
1750 2072 1848 2108 μᾶλλον
1869 2072 1956 2107 ὑμεῖς,
1982 2071 2061 2106 κάγὼ
2083 2072 2132 2098 σὺν

1346 2119 1409 2155 ὑμῖν
1419 2119 1597 2154 διαμείνωμεν
1617 2117 1665 2153 τὴν
1682 2118 1800 2152 σήμερον
1812 2117 1840 2142 ὲν
1858 2117 1969 2151 νηστείᾳ
1979 2116 2013 2148 ⁸⁸,
2025 2116 2073 2143 καὶ
2083 2115 2133 2142 αῦ-

513 2167 623 2194 modum
655 2166 762 2193 locutus
790 2169 833 2192 est.
867 2163 973 2196 Petrus,
999 2163 1144 2198 cunctique
1176 2163 1293 2191 orationi
1309 2172 1331 2199 ι)
1347 2173 1403 2200 ριον

1227 2163 1293 2191 tioni
1309 2172 1331 2199 ι)
1347 2173 1403 2200 ριον
1423 2163 1644 2199 βαπτισθήσεται.
1660 2162 1751 2194 Οὒτως
1773 2161 1824 2198 ἔφη
1839 2162 1949 2196 Πέτρος,
1961 2162 2009 2188 καὶ
2021 2163 2046 2188 οἱ
2062 2162 2131 2188 πάν-

512 2212 617 2240 assensi
646 2219 742 2240 sumus
756 2211 789 2238 ⁵⁸.
815 2210 899 2237 Multo
923 2214 1013 2236 autem
1049 2209 1183 2236 maturius
1209 2217 1290 2244 quatn

511 2258 633 2294 quotidie
662 2257 775 2288 solebat,
802 2255 899 2283 Petrus
925 2257 1110 2289 experrectus,
1132 2255 1166 2282 ad
1181 2262 1230 2282 nos
1246 2255 1290 2282 iu-

511 2312 621 2340 gressus
645 2307 698 2336 est,
719 2309 788 2337 quos
805 2307 903 2328 somno
917 2299 1055 2333 excitavit,
1069 2307 1102 2327 ac
1117 2299 1186 2327 dixit
1199 2308 1207 2327 :
1219 2299 1291 2327 Fau-

1343 2219 1389 2242 τες
1411 2209 1450 2245 τῷ
1476 2209 1548 2245 λόγῳ
1571 2208 1805 2243 συνευδοκήσαμεν
1826 2207 1858 2234 ⁵⁷,
1893 2206 2087 2242 Ὀρθριώτερον
2101 2207 2130 2233 δὲ

1344 2256 1434 2291 πολλῷ
1455 2255 1502 2282 τοῦ
1521 2255 1581 2282 καθ’
1599 2254 1705 2290 ἡμέραν
1724 2255 1738 2280 ὁ
1759 2254 1861 2289 Πέτρος
1884 2252 2059 2285 διῦπνισθεὶς,
2072 2255 2130 2280 είσ-

1343 2303 1387 2338 ῄει
1406 2301 1473 2338 πρὸς
1490 2302 1574 2336 ἡμᾶς,
1588 2301 1634 2328 καί
1649 2299 1839 2335 διαναστήσας,
1851 2299 2008 2330 Φαυστίνος,
2023 2296 2083 2325 εἷπε
2092 2299 2128 2331 δ’,

1139 2389 1257 2417 ΥΑΙΠΑΞ
1276 2389 1476 2418 LECTIONES.

548 2463 570 2511 ζ’
589 2460 919 2511 ³¹;.ἿῩΞΡ.ἶ,ἷῗὲιξὶΥ¹ἲδ⁶)ε¹ϊ

622 2498 642 2513 ²¹
654 2497 858 2531 καταγινώσκω.

936 2459 982 2486 κα)⁸
992 2458 1159 2495 εὐεργέτιδιη
1185 2459 1211 2495 ξ’
1217 2459 1252 2486 al.
1263 2458 1421 2495 παρεκάλει.
1446 2457 1522 2495 _’°_al.
1543 2456 1612 2495 αὑτὴ
1622 2457 1654 2491 τῇ
1671 2455 1718 2495 τοῦ
1734 2455 1918 2495 βαπτίσματος
1929 2454 2070 2495 προσῆλθε
2076 2455 2126 2481 δω-

922 2495 957 2522 al.
969 2494 1101 2528 λέγοντες.
1140 2494 1162 2511 ³⁸
1183 2494 1262 2521 Deest
1282 2494 1309 2520 in
1326 2494 1362 2520 al.

1399 2493 1464 2520 "al.
1480 2489 1668 2527 ἀνυπερθέτως
1681 2489 1739 2527 οῦςζ
1755 2526 1761 2527 7
1776 2491 1798 2527 ’ξ
1812 2492 1845 2527 al.
1863 2489 2070 2527 σιΙιΙῖ-ἁλλξλέρε]
2083 2498 2124 2522 τις

512 2498 568 2543 ped.
622 2498 642 2513 ²¹
654 2498 858 2531 καταγινώσκω.
890 2498 957 2522 "al.
970 2498 1101 2528 λέγοντες.
1140 2498 1162 2511 ³⁸
1183 2498 1262 2521 Deest
1282 2498 1309 2520 in
1326 2498 1362 2520 at.
1399 2498 1464 2520 uat.
1480 2498 1668 2534 ανυπερυετως
1681 2499 1736 2522 ους.
1776 2498 1798 2506 "
1812 2498 1845 2517 at.
1863 2498 1924 2517 auu.
1941 2498 1989 2515 αΑΑ
2013 2498 2069 2530 spe}
2083 2498 2122 2522 τις

511 2526 603 2568 υμλῖιν·
619 2533 762 2568 ἀγαπῶσιν
771 2532 870 2562 αὐτοὺς
880 2531 926 2568 κα).
944 2528 1245 2568 φροντίζουσινμύτῶν.
1266 2527 1351 2568 Τοῦτο
1368 2527 1464 2563 εὔηθές
1480 2536 1562 2568 εστιν.
1583 2526 1673 2568 Ἐπείζ
1708 2525 1906 2568 ’θειθανάτῳλ
1919 2524 1941 2568 ξ’
1949 2525 1983 2551 al.
1993 2524 2122 2568 ὲλεοησιν.

511 2567 536 2585 ιί
553 2570 587 2595 al.
608 2567 842 2594 πεπιστεύκεισαν.

511 2604 566 2630 Καὶ
578 2603 620 2630 τά.
660 2603 682 2619 ⁸⁸
701 2603 736 2630 al.
751 2603 834 2630 inser.
851 2600 902 2628 κᾶν
917 2600 989 2640 μίαν.
1029 2600 1050 2615 ³⁸
1067 2600 1101 2626 al.
1113 2599 1196 2626 inser.
1207 2599 1309 2649 Πέτρου
1325 2605 1356 2625 ve

511 2638 593 2660 τύηει.
635 2638 657 2655 ³⁸
675 2637 710 2660 nl,
728 2637 812 2660 αὐτὴν
827 2635 1016 2660 Βαπτισθτιναι.
1065 2634 1088 2650 ⁸³
1110 2634 1145 2660 al.
1165 2635 1209 2660 τῆ.
1269 2634 1279 2649 ⁸
1299 2632 1334 2660 al.
1354 2643 1356 2655 I

971 2677 1006 2696 uo
1022 2677 1088 2696 mss.
1103 2668 1236 2704 χωρῆσαι,
1254 2668 1320 2704 Cor.
1339 2669 1373 2704 ,δ’

1239 2705 1263 2722 ⁸⁸
1273 2703 1317 2742 .al-
1327 2703 1362 2742 ﬁ:
1380 2703 1421 2742 ,δ’
1436 2702 1471 2729 διὲ
1493 2702 1603 2742 στοργή,-

509 2638 594 2672 τύρει.
635 2638 657 2655 ³⁸
674 2637 710 2665 al.
728 2637 812 2672 αὐτὴν
827 2634 1016 2695 βαπτισθῖναι.
1065 2634 1088 2650 ’³
1110 2634 1145 2661 al.
1162 2635 1209 2674 τῇ.

509 2674 682 2695 ἀπεκρίνατο,
721 2673 744 2688 ιο
763 2673 796 2695 al,
809 2671 933 2695 νωοισαι.
971 2677 1006 2695 uo
1022 2677 1088 2695 mss.
1103 2677 1209 2695 νωοησα

509 2671 682 2708 ἁπεκρίνατο.
721 2671 933 2708 δομαιξχωρίσαι.

510 2704 659 2751 τρεξτίξξης·
697 2709 720 2748 ‘3
735 2706 777 2751 ειν.
788 2704 988 2751 τῆξέλζῑὲῗίὲς
1003 2704 1200 2751 ιζῗέξηίέιὲδξὲ

899 2566 921 2581 ”
934 2559 970 2592 al:
989 2564 1026 2596 ὡς
1040 2559 1104 2600 περὶ
1128 2564 1249 2590 ἀπίστων
1269 2559 1444 2624 ὀδυνώμενοι*
1465 2562 1514 2597 τὴν
1531 2562 1590 2588 κατ’
1606 2561 1694 2587 αὐτῶν
1710 2560 1817 2587 κόλασιν
1840 2559 2121 2620 πεπληροφορημένοι.

899 2610 902 2622 ν
918 2600 989 2624 μίαν.
1029 2600 1050 2615 ³⁸
1067 2600 1101 2624 al.
1113 2599 1196 2624 inser.
1207 2599 1309 2624 Πέτρου
1325 2605 1356 2624 ve
1380 2599 1412 2624 τῆ
1423 2597 1559 2624 Ξενοδόνω.
1599 2597 1621 2611 ³’
1638 2596 1673 2623 al.
1687 2595 1748 2622 add.
1758 2594 1903 2624 ἠδυνήθην.
1943 2594 1965 2609 ³³
1985 2602 2000 2620 a
2014 2615 2020 2620 .
2055 2603 2121 2624 μαρ-

1380 2594 1559 2658 τήῖξενοδὸχῳ.
1599 2597 1623 2637 "_
1638 2596 1673 2623 al.
1687 2595 1748 2622 add.
1758 2594 1903 2630 ἠδυνήθην.
1943 2594 1965 2609 ³³
1985 2594 2020 2620 al.
2038 2594 2123 2630 ἐμαρ-

1382 2642 1400 2658 u.
1423 2652 1429 2658 .
1481 2632 1503 2647 ⁸⁷
1524 2631 1604 2658 Deest
1617 2631 1689 2658 mal.
1740 2631 1762 2646 ³⁸
1780 2631 1935 2658 Φαυστίνος.
1984 2629 2006 2645 ³⁵
2014 2629 2122 2657 aLadd.

1397 2599 1559 2694 ἦξενοδόχῳ.
1599 2599 1623 2637 "_
1638 2599 1673 2623 al.
1687 2599 1748 2622 add.
1758 2599 1903 2630 ἠδυνήθην.
1943 2599 1965 2609 ³³
1985 2599 2020 2620 al.
2038 2599 2123 2630 εμαρ-

1396 2644 1400 2659 μ
1423 2652 1429 2659 .
1481 2632 1503 2647 ³⁷
1524 2631 1604 2659 Deest
1617 2631 1689 2658 mal.
1740 2631 1762 2646 ³⁸
1780 2631 1935 2660 Φαυστῖνος.
1984 2629 2122 2657 "aLadd.

1396 2676 1430 2695 a.
1454 2667 1560 2703 ἡμέραν
1579 2667 1627 2702 τῆς
1647 2665 1726 2701 ἡμῶν
1741 2665 1912 2707 ὲπιγνῴσεως
1935 2664 2051 2714 χωρίσαι
2073 2664 2123 2726 τῖγς

1398 2703 1421 2720 δ’
1436 2703 1471 2726 nl.
1493 2702 1603 2726 στοργή.
1641 2704 1664 2720 ιο
1684 2701 1718 2726 al.
1739 2707 1921 2726 νηστεύοντες.
1961 2699 1972 2714 ⁵
2005 2700 2041 2725 al.
2056 2700 2088 2726 ad
2112 2719 2118 2726 .

1354 2633 1368 2658 ὃ

1641 2699 1674 2720 δέν
1684 2701 1718 2727 :tl.
1739 2699 1921 2735 νηστεύοντες.

685 2743 735 2777 τῆς
750 2733 868 2777 σήμερον
883 2733 988 2778 η’μέῄς
1003 2733 1239 2778 ὲπιτήδειόξιὲστιν
1256 2738 1296 2778 aut;
1310 2733 1509 2778 ta'ﬂdrtttcpg;
1518 2733 1571 2763 ΚΞῖ
1585 2733 1658 2778 ἔξμως
1674 2733 2045 2778 οῦτωάενέσθαιβῑᾼπαντες

511 2772 720 2813 attonitiattst
742 2777 765 2793 ⁵⁸
777 2772 910 2804 Clementi
937 2772 1010 2802 hom.
1029 2772 1091 2807 χεν,
1107 2782 1132 2802 c.
1155 2773 1181 2806 l,
1193 2778 1244 2801 etc.
1260 2772 1323 2800 llec.

511 2813 574 2838 Eam.

527 2821 574 2846 φη.

1337 2769 1420 2807 ἰξνιι,
1437 2769 1464 2800 οξ
1477 2772 1527 2805 58,
1540 2777 1567 2799 et
1591 2769 1609 2799 ιζ
1625 2779 1683 2804 VIII,
1700 2778 1725 2798 ο.
1743 2771 1754 2797 l
1769 2791 1777 2803 ,
1793 2774 1846 2798 etc.
1885 2769 1908 2789 δ’
1921 2769 1957 2796 al.
1973 2769 2118 2803 ὲξυπνίσας
