2290 3110
248 112 291 142 ω

247 170 285 197 καὶ
297 167 481 200 Φαυστινιανὺς
496 167 556 204 ἃμα
578 167 716 204 Κλήμεντι
740 167 811 204 μετὰ
825 168 881 194 τῶν
903 168 1012 195 οίκείων
1026 169 1049 198 Α

245 213 485 250 ἁκολουθησάτωσάν
508 222 565 249 μοι,
587 214 661 245 ὅπως
674 214 703 240 ὲν
727 213 864 249 σκεπεινῷ
888 213 939 249 τῆς
960 213 1009 240 θα-

245 261 330 296 λάσσης
344 260 417 296 τόπῳ
439 259 577 295 γενόμενοι
589 259 667 292 ¹⁰,τὰ
686 258 734 286 τοῦ
747 259 935 296 βαπτίσματος
949 267 1011 295 σχε-

244 306 368 340 διάσωμεν.

271 350 319 378 CX.
343 350 401 377 Ἐπὶ
411 350 458 377 τὸν
469 350 590 386 αίγιαλδν
603 347 650 378 οὖν
662 350 815 387 γενομένων
825 351 905 388 ἡμῶν
916 351 951 384 ⁵³,
963 351 1011 379 κα).

244 397 327 433 μεταξὺ
349 396 455 432 πετρῶν
480 397 559 425 τινῶν
583 396 700 434 γαληνοῦ
724 398 772 425 καὶ
793 397 915 433 καθαροῦ
926 397 1010 424 τόπου

243 441 449 478 εὐπορησάντων,
474 442 620 470 ἐϐάπτισεν
643 442 728 479 αὐτὴν
753 442 831 474 είςτὺ
853 443 939 478 ὄνομα
961 442 1009 469 τοῦ

243 488 331 524 Πατρὸς
350 488 396 515 καὶ
424 487 472 515 τοῦ
496 488 562 516 Υίοῦ
595 489 642 516 καὶ
664 488 712 516 τοῦ
735 489 816 524 ἁγίου
840 488 1008 524 Πνεὺματος.

247 535 326 570 Ἡμεῖς
337 535 362 562 δὲ
373 535 395 551 ¹¹
407 535 455 562 καὶ
468 535 517 562 σὺν
530 536 597 571 ἡμῖν
617 536 674 562 ὅσοι
693 536 832 572 παρῆσαν,
847 535 902 562 τῶν
913 544 1009 570 γυναι-

242 581 286 608 κῶν
297 581 370 617 χάριν
384 582 610 618 ὑπεχωρήσαμεν.
627 582 742 608 Ἔπειτα
754 583 769 608 6
780 581 883 617 Πέτρος
897 581 946 613 τὰς
960 590 1009 616 γυ-

242 627 322 658 ναῖκας
342 625 383 653 διὰ
400 626 446 653 τὸν
470 626 548 661 ὄχλον
560 626 721 662 προέπεμψε
731 626 766 653 δι’
779 626 863 663 ἄλλης
888 626 948 653 ὁδοῦ
962 626 1009 654 ἐπὶ

241 673 280 708 τὴν
291 672 371 705 ξενίαν
389 672 476 699 ἐλθεῖν
489 672 522 705 ⁸³,
537 672 627 708 μόνοις
639 673 670 700 ὲκ
682 672 737 700 τῶν
748 673 852 708 ἀνδρῶν
863 673 931 708 ἡμῖν
944 681 1008 700 συν-

241 720 296 745 εῖναι
316 720 346 755 τῇ
372 718 455 755 μητρὶ
478 719 526 746 καὶ
547 719 660 751 ταύταις
684 719 924 754 ἐγκελευσάμενος.
947 719 1008 746 Ἑλ-

242 763 316 796 θόντες
335 762 379 791 οὖν
393 765 416 781 ⁸⁸
430 765 478 792 ἐπὶ
495 765 546 801 τὴν
566 765 665 798 ξενίαν,
689 765 737 792 καὶ
756 765 934 801 ἀναμένοντες
957 766 1007 793 αὐ-

240 810 276 836 τὸν
287 810 307 826 ⁸³
317 811 469 845 ἀφικέσθαι,
482 811 607 847 ἀλλήλοις
620 811 796 848 διελεγόμεθα
809 812 842 839 ³⁸.
856 812 933 840 Μετὰ
946 813 1007 840 ἱκα-

240 856 278 887 νὰς
289 856 314 882 δὲ
324 856 394 892 ὥρας
404 858 419 884 6
433 857 537 893 Πέτρος
555 857 650 890 ἐλθὼν,
675 858 723 885 καὶ
747 858 829 894 ἄρτον
846 858 945 891 λαϐὼν,
960 859 1007 886 εὑ-

240 903 393 938 χαριστήσας,
415 903 574 939 εὐλογήσας,
599 903 726 939 ἁγιάσας,
747 904 860 937 κλάσας,
875 905 909 940 τῇ
923 905 1008 941 μητρὶ

239 946 329 981 πρῶτον
349 948 470 976 ἐπέδωκε
490 948 525 981 ⁸⁷,
552 950 601 977 καὶ
627 950 697 986 μετὰ
719 950 833 986 ταύτην,
859 951 926 987 ἡμῖν
950 951 1008 984 τοῖς

238 992 293 1024 υἱοῖς
303 992 331 1020 ⁵³.
349 993 404 1021 Καὶ
416 994 504 1027 οὕτως
521 996 590 1031 αὐτῇ
619 996 844 1033 συνειστιάθημεν
857 996 891 1030 υ,
900 997 948 1025 καὶ
961 997 1007 1024 τὸν

237 1037 323 1066 διδόντα
334 1040 437 1076 τροφὴν
449 1040 516 1068 Θεὸν
531 1042 728 1078 εὐλογήσαμεν.

264 1083 321 1111 CXI.
341 1085 405 1112 Τότε
428 1086 521 1114 λοιπὸν
534 1088 550 1114 6
562 1087 676 1124 Πέτρος,
699 1089 745 1115 τδν
765 1088 845 1124 ὄχλον
868 1089 1007 1125 είσεληλυ-

236 1128 287 1156 ὒότα
300 1129 365 1163 ίδὼν,
387 1131 505 1164 καθίσας
525 1132 616 1165 αὐτὸς,
637 1133 685 1160 καὶ
696 1134 718 1150 ⁸⁸
732 1135 806 1170 ἡμᾶς
820 1135 848 1162 δὲ
862 1135 1006 1171 παρακαθ-

235 1175 330 1210 εσθῆναι
357 1177 500 1210 κελεύσας,
523 1178 653 1214 ὑφηγεῖτο
666 1179 722 1206 τίνι
742 1179 814 1216 λόγῳ
840 1181 1006 1217 προπέμψας

234 1222 294 1255 ἡμᾶς
304 1222 353 1249 ἀπὸ
364 1223 411 1250 τοῦ
424 1223 623 1259 βαπτίσματος,
636 1225 717 1258 αὐτὸς
737 1225 871 1262 βραδύνας
893 1227 1004 1263 ἐπῆλθε.

235 1267 278 1303 Τὴν
293 1268 318 1295 δὲ
339 1270 428 1297 αίτίαν
451 1270 544 1305 ἔλεγεν
555 1271 578 1286 ⁶¹
599 1269 669 1299 εἶναι
694 1272 833 1309 τοιαύτην·
868 1274 944 1309 Ἅμα
966 1273 1006 1309 τῷ

235 1314 301 1349 ὑμᾶς,
320 1316 410 1351 φησὶν,
432 1316 584 1353 ἀποστῆναί
596 1317 620 1333 ⁶⁹
635 1326 697 1353 μου,
716 1317 805 1354 γέρων
818 1328 860 1351 τις
875 1318 967 1355 συνῄει
982 1319 1005 1336 ⁸⁸

234 1361 377 1398 περίεργος,
413 1363 542 1390 κλέπτων
580 1364 675 1391 ἑαυτὸν
700 1364 734 1397 ⁸⁸,
766 1365 814 1392 καὶ
845 1365 1006 1401 βουλόμενος

233 1407 327 1442 ιρᾷν⁶¹,
342 1409 422 1441 αὐτὸς
447 1409 485 1445 μὴ
508 1409 640 1445 ὁρᾶσθαι·
665 1410 713 1437 καὶ
737 1411 1005 1447 προκατασκοπήσας

233 1453 302 1486 ἡμᾶς,
315 1454 350 1486 ὡς
361 1455 444 1486 αὐτὸς
459 1455 572 1491 ὕστερον
585 1455 755 1492 ὡμολόγησε,
779 1457 849 1493 πρὸς
859 1457 890 1484 τὸ
903 1457 968 1484 ἰδεῖν
978 1457 1006 1484 τί

233 1498 259 1525 ἂν
271 1500 310 1526 καὶ
323 1500 488 1536 πράττοιμεν
505 1502 545 1533 είς
567 1501 613 1528 τὸν
627 1502 771 1529 σκεπεινδν
789 1502 871 1529 τόπον
891 1503 1005 1539 γενόμε-

231 1553 272 1576 νοι,
284 1544 364 1582 λάθρα
387 1546 484 1579 ἐκϐὰς,
510 1546 702 1583 ἠκολούθησεν.
724 1546 790 1574 Εἶτα
805 1547 827 1563 ⁸⁸
840 1548 868 1575 ἐν
882 1548 1003 1584 εὐκαίρῳ

231 1591 293 1626 τόπῳ
303 1593 323 1608 "
336 1601 380 1628 μοι
391 1592 550 1629 προσελθὼν
563 1593 610 1620 καὶ
632 1593 856 1628 προσαγορεύσας
869 1593 921 1630 ἔφη
930 1602 937 1609 ·
955 1594 1003 1621 Ἐκ

232 1637 314 1664 πολλοῦ
328 1647 366 1666 σοι
385 1638 542 1666 ἀκολουθῶν
555 1640 603 1667 καὶ
617 1641 757 1675 συντυχεῖν
771 1640 870 1668 ἐθέλων
882 1641 916 1671 ⁸⁸,
930 1640 1004 1676 ᾐδού-

233 1691 284 1717 μην,
295 1684 392 1720 μήπως
403 1686 444 1717 ὡς
458 1685 597 1722 περιέργῳ
620 1695 665 1722 μοι
680 1686 836 1723 χαλεπήνῃς
846 1695 853 1702 ·
869 1686 917 1713 νῦν
927 1686 956 1713 δὲ
965 1685 1003 1713 ,τὰ

229 1731 341 1758 δοκοῦντα
366 1732 430 1767 ἐμοὶ
451 1732 550 1768 ἀληθῆ,
576 1733 658 1768 λέγω,
680 1732 705 1759 εί
720 1732 818 1768 βούλει.
834 1733 919 1768 Κάγὼ
931 1735 1001 1761 ἀπε-

230 1778 363 1814 κρινάμην·
387 1778 461 1812 Λέγε
479 1779 546 1814 ἡμῖν
569 1779 637 1815 ὅπερ
663 1787 704 1805 σοι
726 1779 799 1806 δοκεί
820 1779 903 1806 καλὸν
921 1778 1001 1813 εἶναι,

229 1823 267 1848 καὶ
278 1823 457 1860 ἀποδεξόμεθά
469 1832 509 1856 σε,
524 1824 576 1852 κᾶν
595 1824 635 1860 τῷ
647 1824 702 1851 δντι
718 1824 755 1860 μὴ
767 1824 847 1852 καλὸν
887 1825 917 1852 τὸ
930 1825 1003 1861 λεγό-

230 1877 305 1902 μενον,
316 1870 374 1897 ἐπεί
388 1879 444 1906 περ
457 1870 546 1906 ἀγαθῇ
568 1871 726 1906 προαιρέσει
737 1871 768 1897 τὸ
786 1871 881 1898 δοκοῦν
896 1880 938 1898 σοι
951 1880 1001 1898 κα-

229 1911 264 1939 λὸν
274 1914 352 1940 είπεῖν
366 1914 514 1950 ἠθέλησας.

258 1958 327 1986 CXII.
347 1961 402 1987 Kal.
415 1961 431 1986 6
442 1960 532 1996 γέρων
546 1960 593 1987 τοῦ
607 1961 696 1996 λέγειν
718 1960 819 1996 ἤρξατο
830 1961 916 1993 οὕτως
925 1970 932 1976 ·
945 1961 1000 1988 Θα-

229 2003 301 2041 λάσσῃ
323 2006 394 2042 ὑμᾶς
413 2006 594 2041 λελουμένους
605 2007 645 2038 είς
666 2007 712 2034 τὸν
737 2007 896 2043 ἀπόκρυφον
918 2008 1000 2034 τόπον

229 2050 443 2088 ὑποχωρήσαντας
472 2051 543 2084 ἰδὼν,
565 2052 730 2088 προσελθὼν,
753 2053 841 2089 λάθρα
866 2054 998 2081 κατεσκό-

228 2103 283 2122 mw
293 2097 320 2123 τὸ
332 2098 356 2124 τί
374 2098 407 2125 ἂν
422 2099 451 2124 ὲν
469 2099 561 2134 κρυφῇ
574 2098 596 2113 ⁶¹
609 2098 764 2134 πράττοιτε.
782 2099 836 2126 Καὶ
850 2099 942 2135 ἐπειδὴ
955 2100 999 2127 εὐ-

227 2141 340 2176 χομένους
375 2143 455 2176 εἶδον,
493 2143 669 2180 ὑπεχώρησα,
697 2144 745 2172 καὶ
770 2144 912 2180 ἐλεήσας⁷⁰
926 2146 999 2181 ὑμᾶς

227 2185 348 2221 ἀνέμεινα,
371 2189 447 2220 ὅπως
460 2188 482 2204 '“
495 2189 583 2215 πείσω
610 2188 647 2225 μὴ
673 2189 844 2216 ἀπατᾶσθαι⁶
859 2189 922 2217 οὔτε
943 2190 998 2227 γὰρ
1013 2204 1036 2232 D

1023 851 1044 880 Β

226 2232 280 2263 θεας
302 2233 382 2265 ἔστιν,
403 2233 466 2260 οὔτε
488 2234 617 2270 πρόνοια·
632 2234 699 2261 ἀλλὰ
723 2235 828 2269 γενέσει
851 2235 886 2262 τὰ
909 2236 999 2263 πάντα

226 2276 359 2311 ὑπόκειται,
373 2280 412 2312 ὼς
426 2279 481 2314 ἐγὼ
493 2280 536 2315 ἐφ’
549 2277 589 2312 οἷς
603 2280 725 2307 πέπονθα
739 2281 932 2318 πεπληροφόρη
937 2291 996 2318 μαι,

225 2322 329 2357 ἀκριϐῶν
339 2326 369 2352 ἐκ
382 2325 483 2352 πολλοῦ
504 2326 534 2353 τὸ
554 2326 677 2362 μάθημα.
697 2327 742 2363 Μὴ
755 2325 801 2354 οὖν
812 2328 909 2355 ἀπατῶ
918 2336 925 2344 °
941 2328 997 2356 εἴτε

225 2367 269 2402 γὰρ
279 2369 350 2407 εὖχῃ,
363 2372 420 2398 εἴτε
435 2372 459 2387 ⁷¹
471 2371 519 2398 καὶ
529 2372 577 2408 μὴ,
602 2372 637 2399 τὰ
651 2373 683 2399 ὲκ
694 2373 743 2409 τῆς
754 2373 887 2408 γενέσεως
900 2374 995 2402 παθεῖν

225 2410 251 2437 ἂν
273 2413 338 2449 ἔχοις
349 2416 380 2443 ⁷³.
395 2416 431 2443 Δί
450 2416 506 2452 γὰρ
529 2417 608 2452 εὐχαὶ
633 2417 657 2444 εί
679 2417 803 2445 ὲδύναντὸ
828 2428 865 2452 τι,
884 2419 901 2455 ἦ
921 2419 951 2446 τὸ
964 2417 994 2447 εὗ

225 2461 306 2492 ποιεῖν,
332 2462 412 2494 αὐτὸς
436 2461 470 2489 ἂν
490 2463 519 2489 ὲν
542 2463 599 2495 τοῖς
613 2463 765 2499 κρείττοσιν
782 2464 865 2500 ήμην.
879 2465 934 2492 Καὶ
947 2465 996 2492 νῦν

224 2502 244 2528 εἰ
256 2505 289 2540 μη
303 2506 331 2532 σὲ
344 2507 437 2543 ἀπατᾷ
449 2508 466 2543 ή
479 2508 595 2543 πενιχρά
617 2516 669 2543 μου
683 2508 752 2544 αὕτη
764 2508 855 2545 ἐσθὴς,
868 2509 918 2536 οὐκ
931 2510 995 2536 ἁπι-

631 108 863 139 CLEMENTINA.
884 125 919 131 —
935 109 1088 138 EPITOME
1106 110 1151 138 DE
1168 110 1292 140 GESTIS
1310 111 1340 140 S.
1361 111 1477 142 PETRI.

1801 111 1855 140 ὕει)

1063 168 1152 196 stinus
1163 173 1190 196 et
1203 167 1411 202 Faustinianus,
1426 177 1537 205 unaque
1559 169 1698 204 Clemens,
1714 178 1776 198 cum
1794 177 1854 199 stus

1062 221 1106 241 me
1122 217 1283 249 sequantur,
1299 218 1329 241 ut
1342 214 1484 242 venientes
1498 214 1532 242 ad
1543 215 1683 244 obtectum
1707 215 1793 243 maris
1811 214 1854 243 lo-

1061 267 1136 293 cum,
1150 260 1279 296 baptismi
1292 261 1363 288 ritus
1379 268 1553 297 peragamus.

1096 347 1154 377 CX.
1174 348 1244 377 Cum
1274 349 1356 385 igitur
1383 349 1487 378 fuimus
1512 349 1541 378 in
1560 350 1662 384 littore,
1689 351 1761 379 inter
1782 359 1850 380 saxa

1061 395 1196 429 quaedam,
1212 402 1273 430 quae
1295 395 1474 432 tranquillum
1491 401 1519 424 et
1530 397 1664 425 mundum
1672 397 1762 425 locum
1776 405 1850 433 prae-

1061 439 1171 473 bebant,
1186 440 1334 476 baptizavit
1357 449 1417 469 eam
1441 442 1469 469 in
1488 442 1599 470 nomine
1625 442 1725 475 Patris,
1738 448 1764 470 et
1774 442 1848 476 Filii,

1060 491 1087 514 et
1101 486 1219 522 Spiritus
1246 489 1342 516 sancti.
1362 487 1417 516 Nos
1432 493 1534 522 autem,
1547 493 1575 516 et
1596 494 1731 524 quotquot
1752 489 1849 517 nobis-

1060 541 1122 561 cum
1136 533 1260 568 aderant,
1279 534 1425 562 mulierum
1441 535 1528 570 gratia
1547 535 1724 563 secessimus.
1749 534 1849 563 Postea

1060 579 1156 607 Petrus
1179 580 1319 614 mulieres,
1349 580 1385 608 ob
1411 581 1625 615 multitudinem,
1649 581 1792 616 praemisit,
1818 586 1849 609 ut

1059 633 1107 661 per
1120 625 1231 653 alteram
1244 626 1316 653 viam
1328 626 1399 653 irent
1414 627 1448 654 ad
1461 626 1609 661 hospitium
1627 635 1634 660 ;
1645 626 1783 661 jussitque
1796 634 1849 655 nos

1059 670 1134 699 solas
1145 678 1179 698 ex
1203 671 1270 699 viris
1290 677 1406 700 matrem
1428 679 1530 707 easque
1545 672 1682 700 comitari.
1700 672 1848 701 Venientes

1058 725 1124 753 ergo
1148 718 1182 745 ad
1207 718 1400 752 diversorium,
1423 722 1451 746 et
1473 719 1663 753 praestolantes
1700 719 1847 748 adventum

1058 763 1143 797 illius,
1168 764 1395 799 colloquebamur
1423 764 1551 792 invicem.
1582 765 1648 793 Post
1674 770 1718 794 sat
1747 767 1848 794 multas

1056 816 1122 837 vero
1134 809 1216 837 horas
1230 809 1328 838 Petrus
1343 817 1495 845 regressus,
1509 812 1614 846 accepit
1624 819 1733 846 panem,
1746 813 1848 847 gratias

1059 855 1124 890 egit,
1135 855 1282 887 benedixit,
1294 857 1475 891 consecravit,
1488 857 1576 893 fregit,
1591 862 1619 885 et
1633 858 1713 885 matri
1728 859 1848 893 primurn

1059 900 1142 933 dedit,
1157 908 1189 929 ac
1202 905 1264 936 post
1275 909 1336 929 eam
1352 903 1431 930 nobis
1449 903 1509 938 ejus
1530 894 1710 938 ﬁliis.'Atque
1734 904 1771 930 ita
1783 912 1846 931 cum

1057 954 1089 974 ea
1103 948 1283 980 comedimus,
1301 947 1441 984 Deumque
1464 950 1517 977 cibi
1538 950 1698 985 largitorem
1718 950 1847 980 laudibus

1057 994 1194 1028 prosecuti
1210 1001 1317 1022 sumus.

1092 1081 1160 1110 CXI.
1182 1082 1252 1110 Tum
1273 1083 1402 1118 deinceps
1416 1083 1524 1117 Petrus,
1541 1084 1694 1120 ingressum
1713 1086 1845 1121 populum

1057 1128 1163 1162 videns,
1177 1137 1241 1156 cum
1258 1129 1315 1164 ipse
1329 1130 1509 1163 consedisset,
1527 1139 1632 1166 nosque
1656 1133 1784 1167 juSSissct
1799 1143 1846 1162 as-

1057 1175 1156 1208 sidere,
1175 1174 1291 1203 docebat
1305 1184 1359 1211 qua
1380 1177 1487 1204 ratione
1508 1177 1587 1205 nobis
1602 1183 1663 1213 post
1676 1179 1845 1214 baptismum

1056 1221 1217 1256 praemissis,
1234 1221 1293 1257 ipse
1317 1223 1392 1250 tarde
1406 1223 1544 1251 rediisset.
1564 1224 1683 1252 Causam
1699 1233 1763 1253 vero
1775 1227 1845 1254 hanc

1055 1276 1117 1297 esse
1130 1268 1248 1296 dicebat.
1277 1268 1366 1296 Simul
1390 1274 1473 1305 atque
1495 1278 1554 1305 vos,
1577 1271 1677 1306 inquit,
1694 1280 1710 1300 a
1724 1280 1768 1300 mc
1787 1273 1844 1301 dis-

1055 1315 1190 1349 cessistis,
1212 1323 1295 1343 senex
1313 1316 1425 1351 quidam
1451 1316 1577 1344 curiosus
1591 1318 1674 1351 venit,
1701 1320 1844 1347 occultans

1055 1368 1097 1394 se,
1112 1365 1194 1395 atque
1206 1361 1301 1388 volens
1329 1369 1441 1388 cernere
1459 1369 1509 1389 nec
1530 1361 1588 1397 ipse
1616 1364 1690 1390 cerni
1705 1373 1711 1391 :
1727 1372 1844 1400 cumque

1055 1414 1105 1434 nos
1130 1407 1207 1442 prius
1231 1407 1404 1434 observasset
1419 1428 1427 1441 ,
1451 1407 1521 1435 sicut
1556 1409 1613 1442 ipse
1634 1413 1729 1443 postea
1753 1410 1843 1438 fassus

1055 1455 1109 1484 est,
1138 1455 1169 1479 ut
1180 1451 1284 1479 videret
1298 1452 1428 1486 quidnam
1445 1452 1472 1478 in
1490 1453 1598 1480 obtecto
1609 1453 1670 1481 loco
1685 1454 1765 1489 positi
1780 1463 1844 1491 age-

1055 1506 1158 1532 remus,
1174 1498 1244 1526 clam
1263 1498 1340 1531 exiit,
1355 1502 1382 1526 et
1399 1503 1510 1526 secutus
1521 1504 1572 1526 est.
1585 1499 1682 1527 Postea
1702 1501 1728 1527 in
1743 1509 1844 1536 oppor-

1055 1549 1122 1571 Iuno
1139 1544 1199 1571 loco
1212 1551 1255 1571 me
1269 1544 1447 1576 conveniens,
1466 1551 1499 1572 ac
1512 1545 1646 1579 salutans,
1660 1546 1729 1573 dixit
1745 1555 1752 1573 :
1767 1547 1844 1574 1am--

1054 1589 1102 1617 diu
1121 1593 1146 1617 te
1158 1597 1286 1625 sequcns,
1305 1594 1333 1617 et
1357 1590 1459 1625 alloqui
1481 1591 1605 1626 cupiens,
1623 1593 1736 1620 verebar
1750 1602 1783 1621 nc
1800 1602 1844 1621 me

1053 1639 1186 1670 tanquam
1201 1636 1342 1663 curiosum
1364 1643 1436 1671 tegrc
1458 1636 1545 1664 ferres
1561 1645 1568 1664 :
1582 1645 1656 1665 nunc
1676 1644 1765 1666 autem
1782 1648 1843 1675 quae

1054 1680 1122 1708 mihi
1140 1688 1205 1708 vera
1219 1680 1356 1713 videntur,
1377 1681 1400 1708 si
1414 1681 1467 1715 vis,
1485 1682 1604 1716 profero.
1619 1682 1651 1710 Et
1662 1691 1712 1719 ego
1729 1693 1843 1720 respon-

1053 1725 1081 1752 di
1096 1735 1103 1753 :
1121 1725 1256 1761 Eloquere
1272 1727 1352 1754 nobis
1365 1727 1438 1761 quod
1452 1727 1501 1755 tibi
1517 1727 1624 1755 videtur
1639 1737 1700 1756 esse
1717 1730 1818 1757 bonum
1833 1740 1840 1764 ;

1052 1777 1081 1800 et
1095 1772 1269 1801 laudabimus
1289 1778 1325 1806 te,
1342 1772 1405 1801 licet
1417 1781 1510 1801 revera
1527 1775 1599 1810 quod
1611 1775 1723 1809 dixeris,
1738 1777 1840 1804 bonum

1052 1827 1108 1847 non
1123 1819 1223 1853 fuerit;
1240 1819 1370 1855 quoniam
1393 1821 1519 1855 prudenti
1549 1822 1676 1855 consilio,
1698 1831 1754 1850 rem
1779 1832 1842 1858 (μω

1051 1865 1100 1893 tibi
1115 1866 1173 1893 visa
1187 1870 1229 1893 est
1244 1865 1326 1899 bona,
1341 1866 1461 1894 volueris
1476 1867 1613 1903 proloqui.

1085 1955 1165 1983 CX".
1187 1955 1257 1983 Tum
1284 1964 1366 1984 senex
1393 1956 1430 1983 ita
1463 1957 1538 1985 eil‘ari
1573 1959 1655 1994 coepit
1672 1969 1678 1987 :
1696 1959 1756 1987 Vidi
1779 1969 1839 1995 vos,

1050 2007 1195 2037 postquam
1210 2002 1237 2030 in
1251 2002 1320 2030 mari
1335 2002 1481 2037 lavissetis,
1494 2004 1528 2030 ad
1544 2005 1680 2032 occultum
1693 2006 1781 2034 locum
1794 2016 1839 2035 sc.-

1050 2048 1168 2076 cessisse
1184 2057 1191 2082 ;
1205 2048 1270 2081 adii,
1293 2048 1363 2076 clam
1389 2049 1546 2084 speculatus
1576 2058 1637 2078 sum
1661 2052 1790 2087 quidnam
1813 2055 1839 2081 in

1050 2094 1143 2122 abdito
1157 2094 1296 2129 ageretis:
1313 2102 1432 2125 cumque
1454 2103 1503 2123 vos
1523 2103 1633 2124 orantes
1660 2099 1838 2133 aspexissent,

1050 2141 1152 2168 secessi
1168 2150 1175 2174 ;
1190 2146 1217 2168 et
1233 2142 1316 2169 vestri
1342 2142 1482 2176 misertus,
1505 2145 1671 2179 exspectavi,
1687 2150 1716 2172 ut
1728 2154 1840 2181 persua-

1051 2186 1143 2214 derem
1167 2195 1201 2214 ne
1225 2186 1368 2215 fallamini.
1384 2187 1480 2224 Neque
1501 2190 1577 2217 enim
1600 2189 1672 2219 Deus
1684 2196 1735 2226 est,
1752 2200 1839 2226 neque

1050 2232 1225 2262 Pravidentia
1242 2242 1249 2261 :
1266 2234 1313 2261 sed
1329 2234 1419 2269 genesi
1435 2240 1535 2263 cuncta
1558 2237 1700 2272 subjacent
1720 2247 1838 2273 ;qucm-

1051 2279 1198 2308 admodum
1217 2280 1296 2308 exiis
1309 2290 1370 2316 qua:
1394 2282 1460 2310 mihi
1483 2283 1652 2319 acciderunt,
1673 2286 1751 2321 plene
1775 2294 1838 2322 per-

1051 2332 1150 2353 suasus
1168 2333 1228 2353 sum
1242 2346 1250 2359 ,
1266 2326 1428 2361 jampridem
1446 2329 1593 2357 mathesim
1612 2330 1756 2366 diligenter
1772 2332 1836 2359 edo-

1049 2375 1123 2399 ctus.
1133 2370 1172 2398 Ne
1184 2379 1249 2407 ergo
1261 2372 1364 2401 fallaris
1379 2385 1384 2401 :
1401 2374 1459 2402 sive
1467 2375 1541 2403 enim
1552 2376 1682 2410 preceris,
1697 2377 1755 2404 sive
1770 2385 1836 2410 non,

1048 2424 1079 2445 ea
1093 2425 1155 2453 qua:
1178 2422 1255 2445 ortus
1285 2420 1433 2453 portendit,
1459 2422 1615 2450 necessario
1636 2422 1760 2450 accident
1776 2423 1834 2450 tibi.

1047 2461 1116 2490 Nam
1143 2462 1167 2490 si
1181 2470 1276 2498 preces
1298 2469 1409 2499 possent
1432 2466 1545 2501 aliquid,
1570 2472 1618 2495 aut
1642 2468 1713 2495 bona
1739 2475 1833 2503 opera,

1048 2509 1106 2544 ipse
1118 2509 1188 2537 inter
1211 2510 1346 2545 primores
1358 2519 1457 2540 essem.
1471 2512 1510 2540 Ac
1523 2521 1607 2548 nunc,
1627 2514 1679 2542 nisi
1698 2519 1722 2542 te
1735 2515 1835 2550 decipit

840 2580 957 2608 VARUE
977 2580 1178 2609 LECTIONES.

250 2651 399 2693 ξ’ὲλθόντες,
408 2656 536 2695 βαπτίσαι
552 2658 636 2695 αὐτὴν
646 2658 813 2695 ᾃυνηθῶμεν.
831 2659 904 2695 Πλὴν
919 2661 965 2687 ἐπὶ
979 2664 1033 2690 τῶν

223 2692 315 2745 ξὲξτων
326 2697 353 2723 γ.
370 2700 397 2726 χ.
415 2692 461 2718 καὶ
474 2693 548 2720 ἄλλοι
564 2692 636 2725 τινές
652 2692 730 2728 ὑπεχ.
755 2692 792 2709 ’⁸³
812 2695 847 2722 al.
866 2692 926 2722 κὲλε

223 2721 290 2766 ιρις).
316 2724 397 2766 εχει.
408 2728 458 2766 είς.
487 2728 509 2766 '_‘
524 2728 661 2766 διελθεῖν.
696 2729 732 2766 7"
743 2729 780 2766 al.
800 2730 926 2766 διελεγόμ

223 2754 242 2770 ⁴⁸
254 2760 285 2783 al.
305 2754 445 2793 καθεσθεὶς
454 2754 511 2790 καί.
527 2754 538 2755 η
561 2764 582 2779 ⁸⁸
606 2754 682 2792 deest
695 2765 721 2791 in
738 2754 773 2792 avl.

223 2789 280 2828 Sal,-
299 2792 454 2828 βουλόμενος
469 2798 550 2828 ὀρῶν.
588 2799 611 2815 ⁶⁶
630 2799 666 2825 al.
685 2799 773 2826 εισελϐ

823 2766 846 2781 Μ
860 2767 933 2781 Annua
954 2769 960 2781 :

223 2767 285 2805 ἐπι.
305 2767 443 2793 καοεσυεις
455 2767 519 2804 καίζ
561 2767 582 2779 ⁸³
606 2767 682 2792 deest
695 2767 721 2791 in
738 2767 773 2792 al.
823 2767 846 2781 δ’
860 2767 936 2793 deest
954 2769 981 2795 in
997 2770 1033 2796 al.
1074 2770 1139 2798 "al.
1162 2772 1296 2807 συνεισῄει
1314 2772 1442 2809 ἐργάτης.
1475 2767 1489 2789 ’⁸

222 2792 280 2840 1.ii‘ll.
299 2792 550 2840 Egsllépsvosoptpy.
570 2834 576 2840 _
588 2799 611 2839 ⁶ξ
630 2799 666 2825 al.
685 2799 860 2840 είιιξελρόντες⁴
878 2799 967 2840 εἷται
987 2804 1009 2822 ⁶⁷
1024 2804 1100 2833 deest
1118 2806 1143 2832 in
1160 2806 1195 2832 nl.
1235 2807 1257 2822 “
1276 2808 1311 2835 al.
1334 2807 1428 2836 θέλων.
1468 2808 1489 2824 ⁶⁹

225 2827 241 2840 "
257 2827 289 2856 al.
306 2827 416 2864 ἐλεήσας
431 2827 471 2861 δέ.
486 2827 492 2834 ’
510 2834 530 2850 ⁷³
552 2834 587 2861 al.
603 2833 686 2862 inscr.
703 2834 803 2868 ἐξιοῦσι
819 2827 1100 2874 προσομιλήσαςῖννῖί
1211 2841 1237 2868 in
1255 2827 1311 2869 ait"
1329 2827 1352 2858 ἦ

1050 2664 1180 2702 αἰγιαλῶν
1196 2667 1361 2702 γενομένων.
1399 2667 1421 2683 ⁸⁸
1438 2666 1514 2695 deest
1530 2667 1557 2695 in
1569 2668 1606 2696 al.
1641 2669 1704 2696 "al.
1719 2670 1744 2696 οἱ
1755 2671 1832 2697 ἀδελ-

1216 2689 1258 2693 -.-
1283 2689 1361 2694 νη..
1439 2689 1514 2695 νη...
1569 2689 1606 2696 ....
1670 2689 1704 2696 ι...
1719 2689 1744 2696 ν.
1755 2689 1829 2697 ...νειμ

915 2695 997 2730 εύσας
1010 2689 1114 2758 ἀνδρὼν
1128 2708 1157 2727 τε
1177 2689 1338 2738 μένοιςιῗὴμῖν
1349 2711 1375 2729 σ.
1386 2711 1413 2730 τ.
1431 2703 1578 2746 μ.καὶταῖς
1592 2704 1688 2736 αὑταῖς
1697 2707 1829 2739 γυναιξίν.

915 2732 986 2758 ιεθα.
1020 2735 1126 2758 "inest
1140 2736 1165 2758 in
1180 2736 1215 2758 nl.
1248 2737 1301 2758 "al
1331 2738 1381 2758 mhl
1410 2738 1497 2758 ηυτίκ-
1539 2738 1625 2758 ιθινωι
1638 2741 1734 2758 ,ευρ-...ι
1752 2742 1776 2758 ι..
1794 2743 1818 2758 ..ι

928 2740 986 2760 sua.

1070 2739 1128 2772 eest
1140 2736 1166 2762 in
1180 2736 1215 2763 al.
1248 2736 1314 2765 "al.
1330 2738 1393 2765 add.
1410 2736 1508 2772 αὐτῆς.
1539 2738 1625 2766 “haec
1637 2736 1736 2767 desunt
1751 2736 1831 2769 inal.

1074 2770 1139 2811 Qui.
1162 2772 1300 2811 opsisti-ﬁet
1314 2772 1442 2811 ἐργᾲτης.
1469 2770 1564 2811 ςξιέει.
1593 2775 1696 2807 ἑαυτὸν,
1713 2785 1830 2811 προκατ-

1502 2809 1536 2835 al.
1550 2811 1676 2847 κρυφαίῳ
1690 2809 1830 2845 εἰσιόντες.

1372 2844 1406 2870 al.
1428 2843 1550 2879 ἀνάγκην
1566 2843 1648 2880 ἔχεις.
