2290 3110
49 127 95 157 565

47 186 110 223 παρὰ
121 187 196 214 τοῦτο
211 186 305 220 ποιῶν,
325 186 420 214 αεώνια
433 187 638 224 κολασθήσεται,
653 187 691 218 ὡς
704 187 743 218 είς
763 186 811 213 αὖ·
827 188 849 217 Α

46 232 85 258 τὸν
96 232 144 258 τῶν
159 232 227 258 ὅλων
241 231 377 268 ἀσεϐήσας
389 232 466 259 Θεόν.
492 233 546 259 Καὶ
567 232 646 258 τοῦτο
658 230 753 262 εἰπὼν,
769 230 816 257 καὶ

45 280 92 309 τοῖς
112 277 161 304 ὑπὸ
185 277 282 304 παθῶν
294 277 476 313 όχλουμένοις,
492 278 539 304 καὶ
551 277 669 309 νοσοῦσι,
692 274 739 304 καὶ
763 276 816 302 δαιο

47 323 133 359 μονῶσι
145 323 194 356 τὰς
218 325 311 360 χεῖρας
322 324 437 355 ἐπιθεὶς.
457 325 502 351 καὶ
516 323 625 355 τούτους
642 323 708 358 εὐχῇ
733 322 814 357 θερα-

46 369 144 400 πεύσας,
166 370 216 404 τὴν
236 369 382 404 ἐκκλησίαν
407 368 536 396 διέλυσεν.
564 366 621 394 Εἶθ’
649 367 734 398 οὕτως
759 367 816 392 εἰσ-

45 415 116 441 ελθὼν
124 415 168 441 καὶ
177 415 232 442 τῶν
252 415 372 451 συνήθων
389 415 412 431 "
434 415 504 442 ἀλῶν
523 413 683 450 μεταλαϐὼν
695 433 703 445 ,
724 411 815 438 ὕπνω-

45 469 91 487 RV.

72 506 181 534 CXXIX.
202 507 320 543 Ὄρθρου
328 507 356 533 δὲ
370 507 394 523 ⁸⁸
409 506 490 534 πάλιν
502 507 516 533 ὁ
540 506 642 541 Πέτρος
662 503 751 537 ἐξιὼν,
767 503 814 529 καὶ

44 551 81 577 ἐπὶ
92 551 162 578 ⁸⁸·ιὺν
184 552 286 588 συνήθη
298 551 469 586 διαλέγεσθαι
480 551 562 578 τόπον
575 551 598 566 ⁵⁸
611 549 686 581 στὰς,
702 549 749 575 ἅτε
766 547 814 574 καὶ

44 597 135 624 πολλῶν
150 597 404 633 συνδεδραμηκότων
423 596 520 632 ὄχλων,
534 596 592 632 ἅμα
605 595 627 611 ³⁷
644 594 683 629 τῷ
708 592 813 629 μέλλειν

44 642 197 676 διαλέγεσθαι
213 643 306 674 αὐτὸν,
326 642 413 678 εἰσῄει
426 651 469 674 τις
493 641 547 668 τῶν
573 639 655 668 αὑτοῦ
681 637 813 665 διακόνων

44 687 118 721 λέγων
129 696 136 703 ’
154 688 245 723 Σίμων
259 689 314 714 ἀπὸ
341 687 501 722 Ἀντιοχείας
517 684 695 721 είσιληλυθὼς
705 683 752 710 ἀπ’
763 683 812 709 αὺ-

45 733 85 767 τῆς
99 732 221 767 ἑσπέρας,
239 732 331 768 μαθὼν
346 731 530 767 ὑποσχόμενόν
541 739 570 757 σε
583 730 628 756 τὸν
643 729 706 763 περὶ
719 734 814 763 μοναρ-

44 778 95 812 χίας
103 777 234 804 ποιεῖσθαι
246 777 334 812 λόγον,
350 777 457 812 ἕτοιμός
475 777 532 803 ἐστι
545 775 614 811 μετά
628 783 660 808 γε
669 772 715 799 τοῦ
736 773 812 799 Ἐπι-

43 823 150 859 ιωυρείω
165 823 347 859 Ἀθηνοδώρου
355 822 534 858 διαλεγομένῳ
544 830 583 848 σοι
591 819 723 851 ἐπελθεῖν,
731 819 770 850 ὡς
780 817 812 844 ἂν

43 854 126 895 πᾶτι¹⁸
138 871 194 900 τοῖς
206 854 260 896 ὑπὸ
267 854 314 895 eoi”:
330 869 393 905 περὶ
405 854 552 904 μοναρχίας
565 864 811 902 ὑπαγορευομένοις
825 854 847 883 Β

41 914 142 950 δημοσίᾳ
154 913 251 950 παρὼν
258 913 340 946 αὐτὸς
350 913 483 948 ἀντιλέγοι
499 913 533 940 ¹⁹.

69 1001 165 1028 CXXX.
187 1001 283 1028 Ταῦτα
302 1000 350 1027 τοῦ
366 999 491 1028 διακόνου
513 998 649 1033 λέγοντος,
666 997 720 1024 ίδοὺ
735 996 781 1023 καὶ
796 997 812 1022 ό

41 1046 118 1080 Σίμων
143 1047 191 1073 σὺν
215 1045 390 1082 Ἀθηνοδώρῳ
410 1045 456 1071 καί
485 1053 557 1071 τισιν
581 1043 670 1074 ἄλλοις
694 1041 813 1077 ἑταίροις

41 1091 128 1126 εἰσῄειν
143 1091 189 1118 καὶ
201 1091 256 1126 πρὸ
269 1090 317 1117 τοῦ
331 1099 358 1117 τι
367 1090 412 1116 τὸν
426 1090 527 1124 Πέτρον
541 1089 608 1120 ὅλως
622 1089 718 1119 εἰπεῖν,
732 1086 813 1118 αὐτὸς

41 1136 182 1171 προλαϐών·
201 1135 335 1171 Ἔμαθον,
367 1136 458 1170 φησὶν,
475 1135 515 1162 ὅτι
542 1133 605 1170 χθὲς
630 1132 748 1168 ὑπέσχου
773 1131 812 1167 τῷ

40 1181 137 1217 Φαύστῳ
149 1181 219 1209 κατὰ
230 1182 281 1218 τὴν
295 1183 414 1218 σήμερον
427 1181 510 1214 δεῖξαι
521 1182 554 1216 τῇ
572 1179 648 1211 τάξει
664 1179 710 1206 τὸν
734 1178 812 1212 λόγον

40 1228 198 1262 ποιούμενος-
213 1228 262 1254 καὶ
287 1227 333 1254 ἀπ’
353 1226 434 1254 αὑτοῦ
456 1226 563 1262 πρῶτον
589 1225 740 1261 ἀρχόμενος
764 1223 811 1252 τοῦ

40 1272 84 1298 τῶν
95 1272 157 1300 ῶων
166 1273 304 1300 Δεσπότου
314 1281 321 1287 ·
348 1272 388 1299 ὅτι
400 1271 482 1298 αὑτὸν
491 1271 532 1298 δεῖ
545 1271 625 1306 μόνον
633 1270 721 1305 λέγειν
735 1269 811 1301 Θεὸν,

40 1317 121 1349 ἄλλους
131 1318 154 1334 u
169 1318 196 1344 δὲ
218 1319 288 1354 μήτε
314 1317 413 1352 λέγειν,
438 1317 505 1353 μήτε
530 1315 670 1352 νομίζειν⁶
698 1315 745 1342 καὶ
772 1315 812 1342 ὅτι

39 1362 128 1398 empti
143 1363 223 1390 τοῦτο
238 1363 334 1396 ποιῶν,
359 1363 471 1390 αἰωνίαν
494 1362 585 1397 ὑφέξει
601 1361 651 1396 τὴν
663 1361 810 1397 τιμωρίαν

40 1407 84 1442 πρὸ
99 1407 203 1434 πάντων
227 1405 276 1434 οὖν
303 1407 408 1444 ἀληθῶς
438 1406 667 1441 καταπέπληγμαί
693 1414 740 1431 σου
764 1405 812 1442 τὴν

40 1452 160 1485 ὑπόνοιαν,
175 1454 217 1480 ὃτι
231 1453 350 1489 ἤλπισας
365 1454 525 1488 μεταπεῖσαι
536 1451 620 1488 ἄνδρα
633 1451 714 1486 σοφὸν
728 1450 811 1483 οὕτω,

39 1497 166 1526 καὶταῦτα
194 1498 362 1535 πρεσϐύτην.
386 1498 453 1524 Ἀλλ’
466 1498 515 1525 οὐκ
535 1497 663 1533 ἐπιτεύξῃ
671 1496 725 1523 τῶν
737 1496 813 1524 ἐλπί-

39 1542 82 1570 δων
91 1545 134 1571 καὶ
145 1544 191 1572 τοῦ
203 1544 366 1580 θελήματος,
377 1545 425 1572 ἅτε
439 1544 570 1580 παρόντος
589 1543 666 1580 ἐμοῦ,
688 1544 734 1570 καὶ
747 1543 811 1574 τοὺς

39 1588 132 1623 ψευδεῖς
145 1598 191 1617 σου
204 1590 388 1625 διελέγχοντος
407 1589 509 1624 λόγους.
523 1590 602 1620 Ἴσως
628 1588 682 1624 γὰρ
707 1587 740 1614 ἂν
765 1587 811 1614 καὶ

40 1635 153 1670 ὴπάτητο
168 1636 204 1671 μὴ
232 1636 368 1671 παρόντος
388 1635 465 1670 ἐμοῦ,
486 1633 592 1670 ἰδιώτης
610 1634 648 1660 ὢν
671 1633 725 1659 τῶν
737 1632 813 1668 παρὰ

45 1679 168 1713 Ἰουδαίοις
189 1681 308 1717 δημοσίᾳ
333 1680 545 1716 πεπιστωμένων
573 1679 681 1715 βίϐλων.
705 1679 746 1705 Τὰ
764 1678 811 1705 νῦν

39 1725 63 1751 δὲ
74 1727 130 1758 τοὺς
143 1727 258 1759 πολλοὺς
270 1727 461 1762 ὑπερθήσομαι
475 1726 580 1760 λόγους,
594 1726 637 1752 ἵνα
653 1725 748 1752 θᾶττόν
763 1733 810 1751 σου

39 1770 80 1806 τὴν
90 1771 230 1807 {moment
245 1771 368 1803 ἀσθενῶς
379 1772 492 1807 ἔχουσαν
505 1771 645 1806 διελέγξω.
674 1771 743 1805 Λέγε
760 1779 811 1797 τοι-

40 1816 127 1850 γαροῦν
139 1817 153 1843 ὃ
164 1818 297 1852 ὑπέσχου.
314 1817 345 1844 Et
356 1818 384 1844 δὲ
397 1818 442 1844 τον
463 1817 572 1852 έλεγχον
589 1816 755 1851 αἰδούμενος,
769 1817 811 1852 ἐφ’

824 1519 848 1550 (Ζ

40 1860 106 1895 ὴμῶν
118 1862 204 1889 αὐτῶν
214 1864 266 1898 τὴν
285 1863 429 1897 ὑπόσχεσιν
438 1862 539 1894 ἐθέλοις
552 1861 726 1897 παραλιπεῖν,
747 1861 813 1888 αὑτ-

40 1907 115 1943 ἁριης
137 1910 183 1935 καὶ
215 1909 304 1940 οὓτως
318 1909 451 1941 ἀπόδειξις
477 1909 518 1935 ὃτι
532 1908 615 1943 ψευδῆ
638 1908 671 1934 τὰ
693 1907 813 1943 ὑπεσχη-

43 1952 110 1987 μένα,
124 1954 181 1981 καθ’
198 1954 240 1981 ὅτι
253 1953 366 1980 ἐπὶτῶν
389 1953 439 1986 τὰς
463 1952 573 1988 Γραφὰς
600 1952 707 1979 εἰδότων
726 1953 813 1980 εἰπεῖν

40 1998 82 2025 οὐκ
93 1999 251 2036 ἐτόλμησας.
277 2001 332 2027 Καὶ
351 2000 398 2027 νῦν
420 2000 448 2027 δὲ
463 2001 490 2027 τί
505 1999 644 2035 περιμένω
667 2008 696 2026 σε
713 1999 811 2034 λέγειν,
832 2005 834 2007 ’

42 2043 154 2078 μέγιστον
178 2045 248 2080 ἔχων
271 2045 397 2081 μάρτυρα
407 2046 456 2080 τῆς
484 2044 654 2079 ὑποσχέσεώς
681 2053 738 2077 σου,
766 2044 813 2071 τὸν

41 2088 141 2124 γέροντα
153 2090 256 2117 τουτονί
271 2098 278 2122 ;
291 2089 382 2116 Ταῦτα
407 2089 501 2121 εἰπὼν,
520 2089 568 2117 καὶ
581 2089 621 2124 τῷ
632 2090 716 2124 πατρὶ
734 2098 814 2125 προσ-

42 2132 249 2171 6λέψας,φησίν·
271 2135 340 2162 Εἰπέ
361 2143 406 2170 μοι
428 2134 534 2170 ἀνδρῶν
558 2135 685 2161 ἁπάντων
699 2135 712 2160 ὁ
738 2142 813 2169 τιμι-

433 124 658 154 CLEMENTINA.
684 139 716 144 —
735 123 884 152 ΕΡΙΤΟΜΕ
901 123 944 151 DE
962 123 1083 152 GESTIS
1098 124 1126 152 S.
1146 123 1265 157 PETRIJ

1596 121 1649 150 56th

865 185 1058 220 hominemque
1080 185 1126 220 qui
1160 185 1238 212 aliter
1266 182 1377 216 fecerit,
1395 186 1497 209 aeterno
1513 180 1647 215 supplicio

866 231 1044 267 puniendum,
1062 236 1092 258 ut
1107 230 1153 266 qui
1171 230 1199 257 in
1224 230 1312 264 ipsum
1343 228 1533 255 universorum
1559 225 1646 253 Deum

866 278 966 312 impius
991 276 1132 304 exstiterit.
1148 277 1236 310 Atque
1249 275 1301 302 hoc
1317 273 1404 305 dicto,
1420 279 1537 307 cumque
1554 271 1647 307 aliqua

864 323 1039 358 perpessione
1054 322 1198 354 intestatis,
1209 320 1414 356 aegrotantibus,
1430 323 1458 346 et
1471 318 1648 346 daemoniaci:

865 368 1038 402 imposuisset
1055 375 1162 398 manus.
1176 374 1208 394 ac
1223 373 1270 394 eos
1286 369 1410 393 curasset
1421 371 1511 400 prece,
1536 363 1648 391 concio-

864 421 925 441 nem
942 414 1054 442 dimisit.
1080 413 1181 441 Deinde
1207 413 1244 439 ita
1264 413 1415 447 ingressus,
1433 414 1461 438 et
1480 409 1561 438 solito
1583 409 1646 436 cibo

863 465 1002 496 percepto,
1018 468 1048 487 se
1059 467 1157 487 somno
1173 460 1257 487 dedit.

900 505 1019 534 CXXIX.
1038 505 1061 521 "
1074 504 1153 532 Mane
1179 512 1244 532 vero
1271 505 1369 531 iterum
1388 510 1515 538 egressus
1530 501 1645 534 Petrus;

863 560 926 580 cum
949 551 1070 579 stetisset
1086 551 1114 578 in
1128 550 1190 578 loco
1206 550 1233 577 in
1251 557 1305 585 quo
1321 549 1456 576 disserere
1474 548 1592 578 solebat.
1607 548 1649 575 in-

863 604 984 634 gensque
1000 597 1142 624 hominum
1168 596 1314 623 multitudo
1342 594 1546 627 concurrisset;
1563 594 1647 622 simul

863 650 895 670 ac
910 642 968 678 ipse
991 645 1065 669 esset
1081 641 1235 673 locuturus,
1256 640 1380 667 introivit
1396 639 1507 674 quidam
1526 646 1560 666 ex
1586 638 1647 673 ejus

862 687 996 720 diaconis,
1016 687 1130 714 dicens:
1145 685 1238 713 Simon
1251 685 1285 713 ab
1301 685 1447 713 Antiochia
1461 685 1521 720 ipso
1534 691 1647 718 vespere

863 732 1012 767 ingressus,
1026 731 1140 759 audiens
1151 736 1177 758 te
1190 730 1352 766 promisisse
1365 731 1399 758 de
1413 730 1584 762 monarchia,
1597 737 1646 757 seu

862 777 1016 812 principatu
1039 775 1140 808 unius,
1163 774 1247 802 verba
1269 780 1330 802 esse
1353 773 1508 804 facturum,
1535 777 1647 807 paratus

862 825 905 849 est
927 828 981 848 una
1008 827 1070 848 cum
1097 818 1272 846 Athenodoro
1298 818 1453 853 Epicureo,
1476 817 1525 844 tibi
1556 817 1646 843 disse-

862 866 933 894 renti
957 864 1144 897 intervenire;
1178 867 1208 891 ut
1225 867 1322 891 cuncta
1345 871 1407 898 qum
1437 870 1451 890 a
1475 866 1501 889 te
1531 861 1565 888 de
1587 868 1648 888 mo—

862 912 972 938 narcbia
995 910 1237 942 denuntiabantur,
1255 909 1364 944 publice
1382 909 1442 944 ipse
1455 915 1577 943 praesens
1594 907 1647 934 im-

861 963 970 993 pugnet.

896 1001 1003 1027 CXXX.
1017 1000 1079 1028 Ilaec
1090 1000 1197 1028 (licente
1211 1000 1340 1030 diacono,
1359 1005 1422 1025 ecce
1434 1003 1461 1025 et
1476 996 1571 1025 Simon
1582 1005 1646 1024 cum

862 1047 1036 1076 Athenodoro
1060 1047 1178 1081 aliisque
1207 1045 1345 1074 nonnullis
1364 1044 1508 1072 sodalibus
1525 1043 1646 1078 ingredi-

863 1098 907 1120 tur
924 1101 931 1120 :
949 1097 976 1120 et
994 1097 1056 1120 ante
1073 1100 1155 1127 quam
1172 1092 1268 1119 Petrus
1289 1089 1392 1126 aliquid
1418 1090 1531 1117 omnino
1547 1089 1646 1126 10que-

863 1143 954 1170 retur,
972 1138 1029 1173 ipse
1055 1137 1207 1172 anticipans
1227 1146 1233 1163 ι
1259 1136 1396 1171 Comperi,
1413 1135 1511 1170 inquit,
1534 1139 1560 1162 te
1587 1133 1645 1161 heli

862 1183 1012 1219 pollicitum
1025 1191 1086 1211 esse
1098 1183 1210 1216 Fausto,
1227 1183 1300 1217 quod
1315 1182 1395 1209 hodie
1406 1181 1498 1209 habito
1507 1187 1644 1212 sermone,

862 1229 957 1257 ordine
976 1236 1052 1256 esses
1068 1233 1242 1259 ostensurus.
1257 1228 1431 1263 primumque
1447 1225 1599 1262 incipiendo
1611 1225 1646 1252 ab

862 1275 922 1310 ipso
949 1275 1139 1301 universorum
1157 1273 1288 1306 Domino;
1303 1281 1364 1300 eum
1383 1272 1472 1300 solum
1498 1271 1644 1299 dicendum

862 1328 924 1349 esse
950 1320 1046 1352 Deum,
1059 1319 1127 1347 alios
1138 1327 1202 1346 vero
1217 1326 1304 1354 neque
1317 1317 1447 1346 dicendos
1473 1324 1561 1352 neque
1584 1316 1645 1343 cxi-

862 1367 1031 1399 stimandos;
1056 1366 1158 1401 quique
1181 1370 1277 1400 contra
1287 1364 1397 1396 fecerit,
1416 1367 1532 1390 aeternas
1543 1369 1639 1397 pinnas

862 1412 1001 1440 daturum.
1027 1411 1095 1438 Ante
1121 1411 1212 1438 omnia
1227 1418 1294 1445 ergo
1320 1417 1383 1437 vere
1406 1409 1540 1437 insaniam
1570 1413 1644 1435 tuam

862 1459 1012 1487 demiratus
1040 1465 1113 1491 sum,
1141 1456 1214 1492 quod
1234 1456 1349 1491 sperasti
1367 1461 1392 1483 te
1409 1463 1489 1491 posse
1509 1455 1536 1482 in
1562 1454 1644 1482 aliam

863 1503 1026 1532 sententiam
1045 1503 1178 1530 adducere
1206 1501 1293 1528 virum
1320 1501 1388 1528 adeo
1411 1499 1580 1535 sapientem,
1610 1498 1644 1526 ad

864 1548 921 1576 haec
934 1555 1036 1575 senem.
1054 1546 1088 1573 At
1103 1554 1165 1582 spes
1181 1553 1213 1573 ac
1234 1545 1401 1573 voluntatem
1419 1552 1473 1572 non
1491 1543 1642 1576 obtinebis;

863 1597 956 1628 utpote
973 1596 1103 1627 prasente
1120 1599 1163 1619 me
1177 1611 1185 1623 .
1212 1595 1329 1626 tuosque
1345 1590 1431 1617 falsos
1446 1597 1587 1618 sermones
1601 1597 1645 1616 re-

862 1637 1019 1673 darguente.
1039 1636 1144 1664 Etenim
1160 1636 1230 1664 forte
1247 1645 1290 1663 me
1306 1637 1417 1664 absente
1429 1635 1559 1670 deceptus
1576 1634 1644 1661 fuis-

862 1688 913 1717 set,
927 1691 988 1710 cum
1006 1683 1147 1718 imperitus
1173 1683 1210 1710 sit
1223 1683 1355 1709 librorum
1374 1681 1420 1717 qui
1436 1681 1537 1708 Judaais
1551 1680 1641 1715 palam

862 1734 926 1758 sunt
947 1728 1050 1756 traditi.
1075 1726 1154 1755 Nunc
1180 1732 1271 1755 autem
1288 1727 1372 1754 multa
1390 1726 1472 1753 verba
1488 1725 1642 1760 praeteribo,

862 1780 893 1803 ut
904 1775 983 1803 citius
994 1775 1204 1809 promissionem
1221 1777 1295 1800 tuam
1312 1772 1448 1799 inﬁrmam
1463 1770 1645 1798 esseconvin-

862 1829 932 1850 eam.
946 1820 993 1848 Dic
1002 1820 1083 1854 igitur
1095 1819 1168 1854 quod
1180 1819 1315 1854 pollicitus
1330 1825 1373 1845 es.
1387 1816 1434 1844 Sin
1443 1821 1533 1844 autem
1550 1823 1645 1850 repre-

863 1868 1024 1896 hensionem
1037 1867 1154 1899 veritus,
1179 1872 1271 1893 coram
1291 1864 1370 1891 nobis
1383 1863 1450 1891 velis
1476 1863 1642 1898 promissum

862 1913 1006 1946 omittere;
1025 1913 1106 1940 etiam
1137 1911 1177 1939 sic
1194 1909 1330 1938 sufﬁciens
1347 1909 1398 1936 erit
1411 1908 1547 1944 probatio,
1569 1907 1638 1935 falsa

862 1967 923 1987 esse
948 1966 1008 1994 quae
1032 1956 1193 1993 promisisti,
1210 1955 1430 1991 quandoquidem
1444 1961 1535 1982 coram
1550 1954 1639 1980 homi-

863 2006 943 2032 nibus
957 2004 1111 2039 Scripturas
1126 2001 1287 2029 callentibus
1302 2009 1355 2028 non
1378 2007 1463 2027 ausus
1478 2000 1516 2027 sis
1539 1999 1641 2026 dicere.

863 2050 896 2078 lat
919 2058 983 2078 vero
998 2049 1055 2084 jam
1089 2056 1139 2075 cur
1169 2051 1295 2082 exspecto
1319 2051 1348 2074 ut
1372 2046 1469 2078 dicas.
1492 2044 1539 2081 qui
1558 2044 1646 2072 maxi-

863 2105 937 2125 mum
948 2096 1033 2123 habeo
1042 2094 1244 2130 pollicitationis
1256 2100 1309 2121 tua:
1325 2097 1431 2125 testem,
1448 2092 1520 2119 hunc
1537 2091 1644 2126 senem?

864 2144 929 2172 Post
945 2144 1002 2170 haec
1017 2142 1108 2173 verba,
1126 2148 1188 2169 cum
1205 2144 1310 2175 patrem
1331 2139 1492 2174 aspexisset,
1522 2138 1578 2165 ait:
1598 2136 1646 2164 Die

42 2177 142 2211 ώτατος,
157 2181 216 2216 οὐχὶ
240 2177 319 2211 οὗτος
349 2180 484 2214 ὑπέσχετό
511 2188 551 2206 σοι
575 2179 659 2213 δεῖξαι
684 2181 813 2215 σήμερον,
830 2187 944 2221 nmini.

738 2187 813 2215 ερονν
830 2187 944 2221 Dmihi,
969 2188 1089 2214 virorum
1122 2185 1373 2220 praestantissime,
1401 2191 1491 2211 nonne
1516 2183 1568 2210 iste
1597 2182 1642 2210 tihi

42 2223 124 2257 ἃςιεῖς
146 2227 202 2253 ἐστὶ
225 2226 304 2257 Θεὸς,
320 2225 368 2252 καὶ
389 2225 419 2251 οὺ
443 2225 495 2261 χρὴ
520 2225 614 2260 ἕτερόν
634 2233 695 2251 τινα
724 2225 813 2259 λέγειν

42 2268 56 2303 ἦ
79 2271 188 2305 νομιζειν
200 2272 280 2303 Θεὸν,
295 2271 309 2297 δ
330 2271 360 2297 δὲ
384 2270 459 2306 παρὰ
478 2270 564 2297 ταῦτα
582 2270 665 2297 ποιῶν
680 2270 811 2299 ἀθάνατον

43 2314 259 2352 εἰσπραχθήσεται
271 2316 406 2352 τιμωρίαν
417 2324 425 2348 ;

73 2410 181 2439 CXXXI.
196 2413 253 2439 Καὶ
267 2413 281 2439 6
293 2413 383 2448 πατὴρ
397 2412 462 2449 ἔφη·
483 2413 580 2446 Καλῶς
590 2414 624 2442 ἂν
642 2416 690 2451 τὴν
706 2426 812 2454 μαρτυα

48 2455 98 2488 ρίαν
105 2458 239 2493 παρ’ἐμοῦ
247 2458 371 2493 ἀπῄτεις,
383 2455 405 2485 ὦ
418 2459 518 2494 Σίμων,
531 2460 556 2486 ει
564 2461 695 2497 πρότερον
707 2464 814 2498 ⁴ἠρνεῖτο

48 2499 152 2537 Πέτρος·
166 2503 214 2530 νῦν
231 2504 262 2530 δὲ
284 2505 335 2530 οὐκ
353 2504 546 2540 αἱδεσθήσομαι
560 2505 658 2540 λέγειν,
678 2507 696 2535 ἃ
716 2508 756 2535 δετ
772 2509 815 2536 λέ-

46 2553 109 2578 τιινο
120 2546 192 2584 οἶμαί
214 2557 244 2575 σε
264 2548 348 2584 ὀργῆς
362 2549 549 2585 πεπλησμένον
568 2551 737 2588 διαλεχθῆναι
754 2554 814 2589 βού-

46 2589 137 2620 λεσθαι.
148 2593 233 2620 Τοῦτο
248 2593 279 2620 δὲ
293 2593 354 2620 οὔτε
366 2602 407 2620 σοι
421 2597 552 2630 προσήκει
568 2598 663 2629 ποιεῖν,
678 2597 734 2625 οὗθ’
750 2600 816 2634 ἡμῖν

46 2634 121 2669 οὕτως
132 2638 224 2674 ἔχοντα
237 2638 395 2671 ὑπακούειν,
408 2640 448 2666 ὄτι
465 2641 555 2676 μάχην
573 2642 646 2669 ἔστιν
661 2643 813 2679 ἱστορῆσαι,

866 2234 1003 2270 pollicitus
1029 2237 1070 2259 cst
1092 2236 1267 2259 ostensurum
1294 2237 1323 2257 se
1350 2229 1441 2262 hodie,
1458 2235 1542 2256 unum
1561 2228 1645 2255 Deum

863 2287 934 2311 esse,
961 2285 1011 2305 nec
1026 2277 1110 2304 alium
1133 2275 1277 2303 dicendum
1301 2279 1348 2301 aut
1365 2273 1520 2301 habendum
1538 2273 1645 2306 Deum;

867 2325 902 2352 ab
919 2332 952 2352 eo
965 2327 1054 2350 autem
1077 2321 1124 2356 qui
1140 2321 1218 2348 aliter
1241 2319 1347 2352 fecerit,
1365 2318 1518 2346 immortale
1544 2319 1648 2354 suppli-

868 2371 940 2399 cium
962 2372 1087 2395 exaetum
1103 2366 1159 2393 iri?

899 2413 1018 2443 CXXXI.
1037 2411 1187 2447 Respondit
1208 2416 1283 2446 pater
1300 2419 1308 2438 :
1326 2409 1409 2438 Recte
1433 2417 1448 2437 ιι
1463 2417 1508 2438 me
1522 2410 1648 2438 testimov

867 2461 942 2489 nium
957 2458 1120 2494 postulares.
1134 2465 1151 2484 ο
1165 2457 1271 2489 Simon,
1283 2456 1306 2483 si
1321 2461 1399 2484 antea
1414 2455 1511 2483 Petrus
1523 2457 1648 2490 negavis-

867 2509 927 2538 set;
952 2511 1024 2531 nnnc
1040 2507 1130 2531 autem
1151 2510 1205 2529 non
1221 2502 1333 2528 verebor
1345 2501 1436 2528 dicere
1454 2507 1515 2535 qua:
1532 2500 1648 2528 dicenda

866 2555 948 2579 sunt:
963 2548 1082 2577 arbitror
1095 2551 1122 2574 te
1141 2547 1180 2573 ira
1198 2546 1331 2581 repletum
1351 2545 1419 2573 velle
1433 2545 1647 2580 disputationem

866 2595 1015 2629 suscipere.
1030 2593 1088 2620 Hoc
1100 2599 1181 2627 porro
1197 2599 1285 2626 neque
1307 2595 1332 2618 te
1346 2590 1435 2617 facere
1452 2590 1546 2620 decet.
1560 2597 1650 2625 neque

866 2644 972 2675 Oportet
986 2643 1015 2666 ut
1030 2646 1081 2665 nos
1098 2637 1138 2665 sic
1150 2636 1275 2664 affectum
1298 2635 1459 2669 audiamus;
1475 2636 1606 2671 quoniam
1621 2635 1648 2664 id

661 2709 780 2737 VARI/I3
792 2707 992 2738 LECTIONES.

76 2753 96 2770 ⁶¹
119 2755 152 2782 al.
168 2757 214 2783 καὶ
229 2755 386 2791 εὐξάμενος,
404 2755 451 2782 καὶ
463 2755 617 2791 ἰασάμενος,
638 2755 754 2781 ἀπέλυσε
766 2756 828 2787 τοὺς
839 2756 933 2790 ὄχλους
948 2754 996 2791 καὶ
1012 2749 1068 2791 εἷθ’.
1079 2751 1165 2791 οὑτως
1176 2750 1271 2791 εἰσιὼν
1284 2771 1308 2791 ,__
1318 2750 1386 2791 1t?”-
1397 2749 1534 2791 quvﬁbmu.‘
1549 2749 1572 2765 "
1587 2747 1647 2776 Cle-

52 2794 136 2820 mem..
153 2791 225 2818 hom.
243 2788 338 2822 ινιξιι.
355 2792 380 2821 i.
395 2794 438 2817 etc
487 2790 510 2805 ”
529 2788 604 2816 deest
617 2791 642 2816 in
656 2790 690 2816 al.
730 2791 752 2806 ⁵⁸
768 2791 803 2817 al.
825 2788 872 2816 καὶ
885 2788 1008 2819 ἐπιστάς.

50 2830 128 2852 tum:
143 2823 192 2853 εἶδε
206 2826 253 2855 καὶ
268 2826 335 2862 ἅμα.
372 2825 439 2853 "al.
459 2824 574 2861 δημοσίᾳ
589 2827 663 2852 πᾶσι.
695 2825 716 2841 ⁵³
735 2825 768 2853 al.
782 2826 852 2861 ὑπὲρ

1047 2787 1070 2802 ³⁸
1085 2788 1160 2813 deest
1176 2786 1245 2812 inut.
1286 2786 1354 2812 “al.
1375 2785 1452 2820 ὕχλον
1475 2784 1648 2820 πολὺνσυνε-

866 2823 1012 2860 μοναρχίας
1020 2822 1174 2856 λεγομένοις
1190 2820 1287 2855 λόγοις
1311 2819 1405 2848 mira.
1443 2821 1465 2835 ίθ
1475 2820 1510 2851 ul.
1524 2819 1611 2850 ἄλλον,
