2290 3110
599 133 650 161 579

1015 135 1044 163 S.
1064 135 1257 164 CLEMENTIS
1277 137 1287 164 Ι
1307 136 1389 165 ROM.
1412 137 1514 166 ΡΟΝΤ.
1534 139 1648 168 OI’ERA
1669 140 1785 169 DUBIA.

2174 143 2219 172 580

598 191 649 219 lida
663 191 709 219 Dei
738 191 870 221 Ecclesia.
899 193 952 227 Qui
977 196 1083 230 negotia
1111 195 1236 230 quaedam
1267 196 1337 224 inter
1354 203 1384 223 se
1399 196 1502 235 Αθευῦ

1313 203 1337 224 3r
1354 203 1384 223 se
1399 207 1421 235 Α
1434 196 1502 224 θεοῦ
1516 197 1591 224 ἔσται
1615 197 1746 234 καθολικὴ
1768 198 1925 234 Ἐκκλησία.
1949 199 1981 226 Ol
2001 199 2154 236 πράγματα
2166 209 2217 227 τινα

597 237 714 271 habent,
729 239 800 274 apud
823 237 950 267 Ecclesia!
970 241 1142 276 presbyteros
1165 241 1339 275 judicentur;
1356 247 1383 269 et

595 284 669 318 quod
685 284 786 312 bomtm
801 290 844 312 est
859 287 1050 322 contemplati,
1067 288 1277 316 reconciliantur
1291 296 1298 314 :
1314 296 1383 316 neve

595 330 630 356 ad
649 330 794 358 tribunalia
810 331 908 360 l'ratres
936 333 1082 366 trahitotc;
1105 333 1224 368 iudicari
1247 335 1321 362 enim
1347 335 1383 363 ab

595 376 734 404 extraneis
753 385 785 404 ac
797 377 925 410 ethnicis,
939 378 964 406 id
978 386 1043 406 vero
1060 379 1209 407 inﬁdelium
1222 385 1277 413 est;
1294 388 1383 415 quan-

596 421 743 457 doquidem
755 428 794 456 et,
808 423 922 458 Angelos
928 424 1112 459 jndicabimus
1127 432 1140 446 α
1153 446 1161 458 ,
1180 426 1311 460 scriptum
1327 431 1379 454 est.

596 467 684 503 Super
698 469 802 502 omnia,
825 474 852 497 et
877 474 942 498 ante
967 472 1060 498 omnia
1083 478 1220 506 pastorem
1237 473 1273 500 ita
1290 473 1382 501 intue-

595 513 673 545 mini,
687 518 718 541 ut
731 522 774 541 me
790 514 900 542 Petrum
913 535 922 548 .
941 516 989 550 qui
1008 523 1024 543 a
1049 515 1104 544 Deo
1124 517 1230 545 electus
1249 522 1291 546 est
1303 518 1381 546 vobis

593 559 623 586 in
637 560 809 594 magistrum.

628 605 756 634 CXLVII.
779 606 816 634 Ita
829 614 892 635 cum
915 613 1082 642 perorasset.
1097 613 1124 636 et
1142 616 1234 636 coram
1252 609 1382 638 omnibus

593 660 691 680 manus
714 654 780 681 mihi
802 654 990 689 imposuisset,
1016 655 1044 682 in
1072 663 1122 683 sua
1139 655 1269 683 cathedra
1285 656 1382 684 sedere

593 699 657 726 fecit
674 707 681 726 :
698 707 817 734 cumque
839 700 982 733 sedissem,
1005 700 1058 728 hoc
1081 701 1148 728 mihi
1172 701 1263 729 statim
1287 702 1380 729 dixit:

591 744 647 772 Oro
664 750 690 772 te
703 753 795 772 coram
812 746 938 773 omnibus
963 747 1010 781 qui
1025 746 1135 778 adsunt,
1153 747 1223 774 meis
1236 746 1380 781 fratribus,

591 794 622 817 ut
635 790 744 825 quando
756 798 795 817 ex
812 791 863 818 hac
878 790 931 818 vita
956 791 1121 826 migraret-0.
1146 793 1379 826 quemadmodum

590 835 638 862 Dei
653 835 760 863 censuit
775 835 944 870 providentia
956 856 964 867 .
976 837 1068 864 omnia
1082 836 1193 864 domino
1207 836 1310 865 Iacobo
1324 837 1380 865 fra-

590 881 624 908 tri
644 881 750 908 Domini
767 881 820 908 mei
840 881 1045 916 compendiario
1069 882 1209 910 desoribas
1230 887 1257 910 et
1275 883 1378 916 mittas,

589 927 670 955 etiam
691 935 777 962 usque
794 927 828 954 ad
852 927 974 962 pueritiae
987 932 1041 956 tuae
1050 928 1177 961 consilia,
1201 933 1229 956 et
1247 931 1378 964 quemad-

589 972 700 999 modum
727 972 761 999 ab
778 972 855 999 initio
869 973 902 999 ad
917 972 968 1001 hoc
985 980 1072 1008 usque
1084 978 1191 1008 tempus
1202 982 1309 1002 mecum
1326 975 1378 1002 iter

588 1018 696 1052 feceris,
721 1019 836 1046 audiens
856 1026 999 1046 sermones
1014 1023 1041 1046 et
1063 1023 1141 1046 actus
1157 1027 1172 1046 a
1187 1027 1231 1047 me
1244 1020 1378 1055 praedica—

589 1069 630 1092 tus
647 1075 653 1091 :
669 1065 766 1092 deinde
780 1065 806 1092 in
826 1065 888 1098 line,
905 1069 932 1092 et
946 1065 1043 1093 mortis
1053 1073 1121 1093 meae
1133 1072 1256 1099 causam,
1272 1071 1302 1094 ut
1315 1072 1378 1095 ante

587 1112 655 1143 dixi,
670 1111 792 1138 indicare
808 1119 842 1138 ne
858 1110 980 1138 omittas.
1002 1109 1063 1138 Non
1087 1112 1161 1138 enim
1182 1111 1235 1139 hoc
1253 1111 1277 1139 ei
1293 1112 1378 1139 mele.

588 1157 668 1185 stiam
683 1157 803 1190 creabit;
820 1161 849 1184 ut
864 1157 910 1191 qui
926 1160 1003 1183 certo
1020 1156 1100 1189 sciat,
1116 1165 1160 1184 me
1173 1157 1248 1192 quod
1265 1159 1378 1185 omnino

1394 950 1415 978 B

587 1203 642 1237 pati
657 1202 802 1235 debebam,
821 1203 864 1237 pie
881 1202 1044 1229 reddidisse.
1062 1201 1210 1230 Maximum
1227 1207 1318 1230 autem
1332 1211 1378 1231 so-

587 1249 681 1277 latium
696 1249 816 1280 habebit,
829 1248 939 1283 quando
953 1248 1050 1280 discet,
1064 1254 1126 1283 post
1139 1256 1194 1282 me,
1207 1257 1261 1276 non
1273 1250 1377 1278 homini

587 1294 713 1329 imperito
726 1302 759 1322 ac
774 1294 896 1321 vitalium
909 1293 1054 1321 verborum
1071 1294 1176 1328 ignaro.
1188 1294 1235 1322 sed
1250 1294 1378 1324 Ecclesia:

587 1348 720 1368 cat-onem
731 1340 854 1367 omnium
870 1340 988 1367 maxime
1010 1340 1106 1367 scienti
1118 1360 1126 1374 ,
1145 1340 1302 1368 cathedram
1329 1341 1378 1370 do-

587 1387 673 1414 ctoris
700 1386 831 1414 creditam
862 1385 957 1413 fuisse.
973 1386 1108 1419 Quocirca
1123 1394 1184 1421 ego,
1208 1387 1318 1414 domine
1339 1388 1376 1415 mi

586 1432 698 1466 Jacobs,
708 1440 770 1460 cum
787 1432 915 1468 magister
930 1432 1027 1460 Petrus
1043 1433 1100 1460 haec
1119 1433 1187 1460 mihi
1202 1434 1375 1468 princeperit;

588 1479 661 1513 quod
685 1479 790 1514 justum
814 1483 866 1510 est,
888 1477 1026 1512 complere
1049 1486 1102 1506 non
1127 1478 1230 1506 veritus
1253 1486 1325 1512 sum,
1349 1484 1378 1506 et.

587 1525 668 1559 quasi
692 1524 720 1551 in
743 1523 907 1558 compendio
930 1515 978 1550 tibi
997 1528 1095 1551 cuncta
1121 1528 1185 1551 nota
1213 1523 1316 1555 facere.
1339 1525 1377 1552 ita

588 1571 720 1607 inscripto
731 1571 822 1606 operis
836 1575 1016 1605 argumento:
1033 1570 1178 1599 Clementis
1189 1591 1197 1604 ,
1214 1570 1294 1599 Petri
1303 1579 1377 1607 pere-

586 1618 766 1653 grinationum
777 1621 803 1644 et
814 1617 1034 1652 pradicatiannm
1048 1616 1183 1651 Epitome.

622 1662 761 1690 CXLVIII.
780 1662 842 1690 Ilaic
862 1663 954 1698 itaque
976 1667 1019 1690 est
1037 1663 1116 1698 plena
1135 1663 1256 1691 caelestis
1271 1663 1376 1699 gratiae,

586 1708 660 1736 Petri
676 1708 864 1744 apostolorum
879 1708 1013 1744 principis
1032 1709 1286 1744 peregrinationum
1313 1717 1379 1737 nar-

586 1755 667 1786 ratio,
681 1763 743 1789 qua:
757 1755 840 1782 simul
854 1759 882 1782 et
901 1755 1131 1789 compendiariam
1145 1755 1205 1791 ejus
1223 1755 1376 1783 doctrinam

586 1802 726 1835 continet;
741 1806 767 1828 et
781 1801 874 1836 magni
888 1800 1098 1836 admirandique
1114 1801 1264 1830 Clementis
1280 1802 1375 1835 vitam,

585 1846 659 1873 Velut
679 1846 706 1873 in
733 1846 825 1874 tabula
845 1846 968 1873 oratione
985 1846 1128 1881 exprimit;
1146 1847 1375 1881 quemadmodum

587 1893 644 1928 Ipse
660 1893 693 1919 ad
712 1892 844 1920 Iacobum
866 1892 978 1920 fratrem
1001 1892 1110 1920 Domini
1130 1893 1254 1921 scribens
1270 1893 1375 1921 indica-

585 1940 634 1965 ιλιι.
651 1937 736 1965 Porro
755 1938 894 1965 ardentem
905 1937 1055 1965 Clementis
1066 1945 1131 1973 erga
1144 1937 1229 1965 Deum
1243 1945 1374 1972 artiorem,

584 1989 613 2011 et
631 1991 760 2018 magnum
773 1983 848 2010 illum
862 1991 912 2018 pro
932 1983 1033 2017 pietate
1047 1983 1148 2015 zelum,
1163 1983 1303 2011 declarare
1313 1991 1377 2018 pos-

586 2034 650 2056 sun'.
665 2037 696 2057 ea
715 2036 776 2064 qua:
790 2028 862 2056 dicta
875 2033 955 2060 sunt.
976 2029 1128 2063 praesertim
1144 2033 1235 2057 autem
1260 2030 1376 2058 manife-

1389 1628 1412 1656 ϐ

586 2075 671 2103 stabit
678 2076 802 2102 omnium
815 2075 989 2110 apertissime
999 2074 1058 2110 ipse
1071 2082 1119 2110 per
1134 2075 1296 2111 martyrium
1312 2076 1374 2105 linis

585 2123 658 2151 vitae.

621 2167 738 2196 CXLIX.
759 2167 868 2195 Tertitts
887 2167 960 2195 enim
986 2170 1048 2202 post
1068 2174 1197 2202 magnum
1217 2167 1328 2195 Petrum
1346 2168 1373 2196 in

585 2215 694 2242 excelso
708 2214 838 2241 Romana:
849 2213 976 2241 Ecclesiae
992 2213 1090 2240 throno
1104 2213 1212 2245 sedens,
1228 2214 1374 2250 ipsumque

585 2261 694 2288 virtutis
706 2264 844 2287 certamen
862 2258 1029 2293 suscipiens,
1052 2258 1176 2294 magistri
1193 2259 1315 2294 vestigiis
1329 2260 1373 2288 in-

584 2306 716 2338 sistebat,
740 2305 973 2341 apostolicamque
996 2304 1149 2332 doctrinam
1175 2305 1232 2340 ipse
1261 2314 1373 2342 quoque
1389 2304 1412 2333 Ι)

607 2359 619 2373 ι
648 2352 658 2379 l
681 2352 742 2380 Cor.
757 2372 764 2385 ,
792 2359 830 2383 VI,
845 2351 872 2380 ὅ.

1438 243 1498 278 μετ’
1513 243 1634 279 ἀλλήλων
1649 243 1756 279 ἔχοντες
1766 263 1774 276 ,
1787 244 1833 271 ἐπὶ
1853 245 1908 271 τῶν
1920 244 1970 280 τῆς
1984 245 2148 281 Ἑκκλησίας
2161 255 2218 281 πρι-

1436 284 1574 321 σϐυτέρων
1585 287 1780 322 κρινέσθωσαν,
1797 288 1844 315 καὶ
1856 289 1886 315 τὸ
1896 289 1978 316 καλὸν
1992 289 2119 322 νοοῦντες
2132 291 2218 326 συμϐι-

1433 329 1627 362 ϐαζέσθωσαν·
1655 333 1703 359 καὶ
1727 333 1764 368 μὴ
1790 333 1884 360 ἕλκετε
1913 335 1952 366 εἰς
1979 334 2142 371 δικαστήρια
2163 337 2219 367 τοὺς

1433 375 1572 410 ἀδελφούς.
1595 377 1728 405 ’Δπίστων
1751 378 1806 415 γὰρ
1822 379 1911 411 τοῦτο,
1935 381 1992 411 τοῖς
2010 380 2064 414 ἔξω
2076 381 2219 416 κρίνεσθαι.

1441 423 1517 449 Ἐπεὶ
1536 423 1598 453 καὶ,
1619 424 1779 458 Ἀγγέλους
1794 425 1964 460 κρινοῦμεν,
1979 426 2143 461 γέγραπται.
2165 426 2220 453 Ἐπὶ

1432 471 1500 497 πᾶσι
1523 471 1571 497 καὶ
1594 470 1647 507 πρὸ
1665 471 1784 503 πάντων,
1798 471 1884 503 οὕτως
1896 472 1957 499 ἐστὶ
1977 472 2024 498 τὸν
2037 472 2155 507 ποιμένα
2166 472 2219 490 κδ’

1431 515 1558 550 ὁρῶντες.
1567 515 1605 547 ὡς
1618 515 1668 551 ἐμὲ
1680 516 1792 552 Πέτρον,
1803 517 1848 544 τὸν
1859 515 1911 544 ὑπι
1921 517 1988 544 Θεοῦ
2001 517 2222 554 προχειρισθέντα

1432 559 1496 594 ὑμῖν
1511 559 1551 591 εἰς
1563 559 1731 589 διδάσκαλον.

1467 604 1594 632 CXLVII.
1610 606 1703 633 Ταῦτα.
1724 606 1820 638 εἰπὼν,
1840 607 1887 634 καὶ
1908 607 1955 634 ἐπὶ
1981 607 2093 635 πάντων
2117 616 2163 643 μοι
2176 607 2223 639 τὰς

1430 651 1526 686 χεῖρας
1552 651 1668 683 ἐπιθεὶς,
1684 652 1724 683 εἰς
1735 652 1785 687 τὴν
1800 652 1884 679 αὑτοῦ
1900 661 1933 688 με
1947 652 2081 689 καθέδραν
2093 653 2223 688 καθεσθῆ-

1430 705 1477 723 ναι
1492 697 1626 733 πεποίηκε
1635 706 1642 712 ·
1660 698 1820 726 καθεσθέντι
1834 698 1872 730 δὲ,
1885 698 1964 725 τοῦτό
1979 708 2024 735 μοι
2041 699 2143 731 εὐθέως
2155 699 2204 735 ἔφη
2214 708 2221 714 ·

1437 742 1519 776 Ἄξιῶ
1531 751 1561 770 as
1571 744 1617 770 ἐπὶ
1632 743 1741 771 πάντων
1754 753 1805 780 μου
1816 744 1870 771 τῶν
1882 745 2079 781 συμπαρόντων
2092 745 2221 780 ἀδελφῶν,

1429 789 1548 825 ὁπηνίκα
1569 790 1617 816 τοῦ
1631 789 1749 817 ενταῦθα
1771 791 1898 826 μεταστῶ
1921 791 1991 827 βίου,
2011 791 2049 824 ὡς
2063 792 2140 828 ἡτοῦ
2157 792 2223 818 Θεοῦ

1430 834 1543 871 κέκρικε
1551 835 1677 871 πρόνοια,
1685 836 1775 863 πάντα
1785 836 1824 871 τῷ
1832 837 1927 872 Κυρίῳ
1941 836 2061 873 Ἰακώϐῳ
2069 837 2109 873 τῷ
2119 838 2224 873 ἀδελφῷ

1429 880 1476 908 τοῦ
1491 881 1594 916 Κυρίου
1611 891 1672 917 μου,
1688 883 1716 908 ὲν
1731 883 1847 918 ἐπιτομῇ
1862 883 2091 919 ὰναγραψάμενον
2109 883 2225 919 διαπέμ-

1429 927 1496 962 ψαι,
1520 927 1601 963 μέχρι
1625 927 1673 954 καὶ
1700 928 1754 954 τῶν
1779 928 1812 955 ἐκ
1830 928 1924 960 παιδός
1944 938 1991 956 σου
2014 929 2164 964 λογισμῶν,
2178 929 2225 956 καὶ

1429 973 1467 1005 ὠς
1480 973 1527 1000 ἀπ’
1541 973 1628 1009 ἀρχῆς
1647 974 1728 1009 μέχρι
1747 973 1794 1000 νῦν
1810 982 1855 1010 μοι
1877 974 2057 1006 συνώδευσας,
2081 975 2224 1001 ἐπακούων

1427 1019 1482 1046 τῶν
1496 1019 1566 1046 κατὰ
1584 1020 1663 1046 πόλιν
1678 1020 1724 1046 ὑπ’
1736 1020 1805 1055 ἐμοῦ
1821 1020 2012 1056 κηρυχθέντων
2026 1020 2115 1054 λόγων
2131 1029 2161 1047 τε
2178 1023 2223 1046 καὶ

1428 1065 1565 1101 πράξεων·
1580 1065 1674 1092 ἔπειτα
1689 1065 1757 1100 πρὸς
1764 1064 1804 1100 τῷ
1815 1064 1886 1091 τέλει
1899 1065 1945 1092 καὶ
1953 1065 2002 1101 τὴν
2013 1065 2061 1092 τοῦ
2075 1065 2192 1092 θανάτου
2202 1065 2225 1081 η

1429 1118 1479 1146 μου
1498 1111 1646 1146 πρόφασιν,
1663 1109 1701 1142 ὡς
1715 1111 1857 1145 προεῖπον,
1867 1110 1985 1145 δηλῶσαι
1999 1110 2036 1146 μὴ
2051 1110 2222 1146 παραλίπῃς.

1427 1156 1465 1182 Οὐ
1486 1156 1541 1191 γὰρ
1565 1155 1646 1182 αὑτὸν
1669 1155 1786 1191 λυπήσει
1804 1155 1899 1188 τοῦτο,
1922 1156 2011 1182 είδότα
2035 1156 2130 1190 σαφῶς
2153 1156 2194 1183 δτι
2209 1156 2224 1182 ἃ

1427 1200 1536 1232 πάντως
1548 1200 1649 1235 ἔδειμε
1671 1200 1778 1232 παθεῖν,
1794 1200 1913 1232 εὐσεϐῶς
1938 1200 2110 1228 ἀποδέδωκα.
2135 1201 2223 1234 Μεγὶ-

1428 1255 1494 1282 στης
1515 1246 1544 1273 δὲ
1560 1246 1737 1282 παραμυθίας
1758 1247 1881 1280 τεύξεται
1899 1246 2007 1282 μαθὼν,
2034 1248 2076 1274 ὅτι
2094 1249 2154 1283 μετ’
2175 1247 2226 1282 ἐμὲ

1426 1293 1477 1319 οὐκ
1491 1291 1599 1327 ἀμαθὴς
1610 1292 1681 1328 ἀνὴρ
1693 1292 1740 1319 καὶ
1751 1293 1900 1324 ζωοποιοὺς
1911 1292 2016 1327 ἀγνοῶν
2032 1292 2140 1327 λόγους,
2161 1293 2223 1320 Ἐκ-

1427 1337 1542 1373 κλησίας
1558 1337 1588 1363 δὲ
1600 1339 1700 1365 κανόνα
1714 1337 1792 1370 εἰδὼς
1807 1338 1934 1374 μάλιστα,
1949 1338 1999 1373 τὴν
2019 1338 2066 1365 τοῦ
2080 1339 2224 1365 διδάσκον-

1427 1391 1474 1415 τος
1498 1383 1647 1418 ἐπιστεύθη
1672 1383 1816 1419 καθέδραν.
1853 1384 1934 1410 Ὅθεν
1962 1383 2036 1418 ἐγὼ,
2066 1383 2147 1419 κύριέ
2174 1393 2227 1420 μου

1434 1427 1558 1460 Ἰάκωϐε,
1572 1428 1620 1455 τοῦ
1640 1429 1802 1456 διδασκάλου
1821 1429 1928 1465 Πέτρου
1940 1429 2026 1456 ταῦτα
2041 1438 2086 1464 μοι
2106 1430 2226 1464 ἐπισκή-

1427 1472 1536 1508 ψαντος,
1552 1474 1602 1500 οὐκ
1616 1473 1727 1509 ὤκνησα
1745 1474 1776 1500 τὸ
1799 1473 1943 1501 κελευσθὲν
1963 1473 2153 1510 ἐκπληρῶσαι,
2180 1474 2229 1500 καὶ

1427 1519 1496 1552 ὡς³’
1508 1520 1625 1556 ἐπιτομῇ
1638 1529 1678 1546 σοι
1699 1520 1788 1547 πάντα
1812 1519 1938 1556 γνώριμα
1958 1519 2141 1554 καταστῆσαι,
2167 1520 2228 1546 ἒπε-

1427 1564 1535 1601 γράψας
1544 1565 1593 1600 τὴν
1608 1564 1736 1591 ὑπόθεσιν
1748 1564 1820 1591 οὕτω
1829 1573 1836 1580 ·
1850 1564 2023 1600 Κλήμεντος
2032 1563 2092 1592 τῶν
2107 1565 2227 1598 Πέτρον

1427 1610 1591 1644 ἐπιδημιῶν
1604 1610 1627 1626 ’θ
1643 1610 1692 1637 καὶ
1706 1610 1904 1645 κηρυγμάτων
1925 1610 2078 1644 Ἐπιτομή.

1463 1655 1601 1683 CXLVIII.
1609 1655 1681 1691 Αὕτη
1697 1655 1746 1691 μὲν
1759 1653 1834 1683 οὗν¹¹
1846 1657 1862 1692 ἡ
1880 1656 1986 1692 πλήρης
1995 1657 2044 1691 τῆς
2057 1656 2165 1683 ἄνωθεν
2180 1658 2231 1692 χά·

1429 1710 1512 1738 ριτος,
1526 1701 1573 1728 τοῦ
1587 1701 1738 1737 κορυφαίου
1754 1701 1809 1728 τῶν
1831 1701 1989 1728 ἀποστόλων
2009 1701 2117 1738 Πέτρου
2131 1702 2231 1738 ἐπιδη-

1428 1745 1497 1782 μιῶν
1515 1746 1651 1781 διήγησις,
1672 1745 1803 1780 ἐπίτομόν
1822 1754 1853 1772 τε
1868 1745 1935 1781 ὁμοῦ
1948 1745 2127 1772 διδασκαλίαν
2141 1747 2231 1774 αὐτοῦ

1426 1792 1536 1827 ἔχουσα,
1550 1791 1655 1818 καὶτὸν
1671 1791 1718 1817 τοῦ
1733 1791 1850 1826 μεγάλου
1870 1791 1917 1818 καὶ
1930 1791 2084 1826 θαυμασίου
2097 1791 2232 1828 Κλήμεν-

1425 1847 1471 1871 τος
1484 1838 1551 1874 βίον,
1564 1837 1692 1873 καθάπερ
1704 1838 1733 1863 ἐν
1747 1837 1841 1864 πίνακι
1855 1837 1894 1872 τῷ
1906 1837 1977 1872 λόγῳ
1990 1837 2178 1870 διατυποῦσα,
2195 1839 2231 1869 ὡς

1426 1885 1507 1917 αὐτὸς
1523 1882 1599 1916 οὗτος
1619 1883 1739 1920 Ἰακώϐῳ
1761 1884 1800 1919 τῷ
1817 1883 1970 1919 ἀδελφοθέκχ)
1990 1883 2120 1918 γράφων,
2142 1885 2232 1919 ἐγνώ-

1428 1940 1496 1968 ρισε.
1511 1931 1563 1958 Τδν
1587 1931 1636 1968 μέν
1651 1939 1693 1957 τοι
1706 1930 1839 1966 διάπυρον
1858 1929 1941 1957 αὐτοῦ
1956 1930 2025 1966 πρὸς
2037 1930 2108 1957 θεὸν
2123 1931 2231 1967 ἔρωτα,

1425 1978 1474 2006 καὶ
1484 1977 1529 2004 τὸν
1540 1976 1622 2003 πολὺν
1635 1977 1738 2002 ἐκεῖνον
1746 1976 1817 2011 ὑπὲρ
1827 1975 1876 2011 τῆς
1884 1974 2024 2007 εὐσεϐείας
2035 1974 2132 2010 ζῆλον,
2147 1977 2233 2003 ἱκανὰ

1427 2025 1476 2061 μὲν
1502 2026 1524 2041 ¹¹
1549 2024 1585 2051 τὰ
1609 2023 1726 2060 ρηθέντα
1751 2022 1882 2059 δηλῶσαι.
1909 2021 2023 2057 δηλώσει
2045 2023 2075 2049 δὲ
2105 2023 2233 2058 [adita-.1

1425 2071 1534 2098 πάντων
1550 2069 1705 2105 σαφέστατα
1721 2069 1768 2096 καὶ
1782 2068 1848 2095 αὐτὸ
1860 2067 1892 2094 τὸ
1907 2067 1952 2095 διὰ
1966 2068 2121 2104 μαρτυρίου
2138 2070 2232 2102 τέλος.

1460 2171 1564 2199 CXLIX
1581 2171 1678 2207 Τρίτος
1695 2170 1718 2186 ¹³
1736 2170 1792 2205 (I8)
1805 2169 1859 2205 γὰρ
1875 2169 1943 2205 μετὰ
1955 2170 2060 2206 Πέτρον
2072 2170 2125 2198 τὸν
2138 2172 2235 2207 μέγαν

1423 2219 1469 2244 τὸν
1481 2218 1581 2254 deum
1601 2219 1650 2254 τῆς
1675 2217 1819 2253 Ῥωμαίων
1845 2217 2008 2252 Ἐκκλησίας
2028 2217 2129 2253 θρόνον
2147 2220 2232 2246 καθί-

1427 2273 1485 2295 σας,
1504 2264 1550 2290 καὶ
1569 2264 1670 2299 ἀρετῆς
1683 2262 1762 2290 ἆθλον
1783 2263 1865 2289 αὑτὶν
1882 2262 2039 2298 δεξάμενος,
2056 2263 2158 2290 εἵπετο
2172 2266 2234 2291 κατ’

1427 2309 1500 2344 ἴχνος
1523 2309 1562 2346 τῷ
1584 2309 1746 2344 διδασκάλῳ,
1766 2308 1812 2335 καὶ
1837 2308 2018 2343 άποστολικὴν
2044 2308 2235 2337 διδασκαλὶαν

1223 2404 1343 2434 VARUS
1362 2407 1565 2435 LECTIONES.

621 2453 677 2470 “"7
691 2453 726 2490 al.
748 2453 832 2480 inser.
852 2453 938 2490 ὑμῶν.
975 2451 996 2468 ⁸⁸
1008 2451 1083 2490 deest
1095 2451 1121 2478 in
1214 2452 1236 2490 ’ξ
1256 2453 1291 2479 al.
1312 2453 1395 2490 inser.
1412 2454 1454 2480 ὲν.
1493 2455 1517 2490 ξο
1534 2455 1610 2481 deest
1625 2453 1651 2480 in
1661 2461 1736 2490 inss.
1770 2454 1791 2490 ει
1805 2453 1878 2490 Αὕτη
1894 2453 1943 2490 μὲν
1959 2451 2013 2490 οὖν
2030 2453 2058 2480 In
2074 2462 2135 2482 uno
2153 2462 2236 2483 vele-

584 2495 645 2517 ritm
669 2489 794 2527 codicum
817 2486 984 2523 praeponitur
1010 2487 1125 2517 titulus.
1141 2486 1299 2523 Μαρτύριον
1308 2488 1354 2514 τοῦ
1371 2489 1455 2523 ἁγίου
1467 2489 1634 2525 Κλήμεντος.
1654 2488 1724 2516 Cor.
1763 2489 1785 2504 ’τ
1803 2489 1843 2515 al.
1860 2486 1945 2516 inser.
1967 2487 2024 2515 καί.
2042 2490 2065 2505 ’³
2087 2491 2126 2517 al.
2153 2493 2236 2527 πρῶ‹

583 2533 639 2557 τος.
651 2524 686 2551 al.
700 2524 836 2560 δεύτερος.

1221 2579 1403 2608 νΑιιιοιιωι

621 2627 677 2666 (
693 2627 799 2666 Τρίτος.
813 2627 884 2666 Infra
900 2627 994 2655 Latine
1009 2628 1093 2666 habes
1104 2627 1204 2666 editam
1218 2626 1376 2666 Passionetn

586 2671 633 2698 seu
652 2662 738 2690 Vitam
751 2662 911 2698 Clementis.
924 2667 986 2697 post
1006 2663 1238 2698 pseudo-Abdiam
1253 2668 1281 2690 et
1289 2664 1376 2698 iapud

585 2697 781 2725 Mombritium.
800 2697 967 2724 Memoratur
987 2704 1077 2724 autent
1097 2705 1112 2724 a
1132 2697 1263 2732 Gregorio
1288 2697 1377 2725 Turo-

587 2733 676 2764 nensi.
692 2732 883 2760 Miraculorum
905 2734 951 2760 lib.
984 2741 1002 2760 ι.
1020 2741 1079 2767 cap.
1096 2733 1142 2764 55,
1170 2737 1197 2759 et
1219 2734 1376 2767 excerpitur

587 2776 634 2802 per
646 2767 810 2798 Freculfum.
826 2773 890 2795 tom.
909 2768 994 2800 II,Iib.
1011 2776 1041 2800 II,
1057 2775 1117 2802 cap.
1138 2767 1179 2799 I0,
1194 2775 1225 2795 ac
1241 2775 1287 2802 per
1301 2776 1375 2794 mar-

588 2804 735 2838 tyrologos.
749 2802 880 2829 Joannem
900 2812 1009 2838 quoque
1021 2804 1166 2830 diaconum
1181 2804 1282 2830 saeculo
1296 2811 1374 2838 nono

588 2836 731 2873 scripsisse
756 2843 830 2871 gesta
855 2836 1004 2865 CIetiieniis
1032 2846 1108 2873 papa:
1123 2838 1239 2872 legimus
1254 2838 1279 2864 in
1294 2836 1372 2870 Sige-

575 2872 675 2906 _bcrto,
689 2871 900 2906 Descriptoribus
912 2871 1095 2900 ecclesiasticis
1108 2871 1166 2908 cap.
1181 2873 1242 2906 107,
1256 2880 1372 2907 euntque

1421 2579 1537 2609 NOTAE}.

1432 2630 1530 2657 librum
1546 2629 1741 2656 aiuntexstare
1764 2628 1791 2655 in
1807 2628 1951 2656 Casinensi
1976 2628 2167 2657 Bibliotheca.
2198 2630 2237 2657 De

1430 2664 1525 2692 Graeco
1549 2664 1687 2699 Martyrio,
1705 2663 1813 2691 venisse
1831 2665 1857 2690 iu
1878 2671 1976 2691 manus
1994 2663 2149 2698 NicephOri
2167 2665 2237 2692 Cal-

1429 2700 1484 2726 listi
1497 2698 1625 2734 colligere
1637 2704 1678 2726 est
1692 2706 1725 2726 ex
1742 2699 1815 2726 illius
1827 2699 1874 2725 lib.
1893 2707 1933 2730 ιιι,
1948 2706 2009 2734 cap.
2026 2699 2070 2725 18.
2084 2698 2235 2727 Caeterum

1430 2735 1484 2770 hic
1503 2733 1590 2762 notari
1617 2734 1697 2760 debet
1722 2733 1817 2768 triplex
1844 2734 1923 2760 lectio
1947 2733 2056 2770 τρίτος,
2082 2734 2233 2770 δεύτερος,

1429 2769 1548 2805 πρῶτος,
1565 2769 1698 2804 originem
1714 2770 1855 2805 ducensga
1879 2769 1997 2797 diversis
2015 2769 2233 2805 exscripta];qu

1428 2803 1585 2867 scutepftsiisc
1595 2812 1665 2839 «pias
1678 2804 1757 2832 retuli
1770 2804 1803 2831 ad
1814 2803 1958 2831 Constitui.
1977 2803 2095 2838 oportet.
2109 2805 2161 2833 lib.
2180 2813 2233 2837 vit,

1428 2847 1487 2867 can.
1543 2860 1549 2867 .
1587 2847 1633 2867 οτ.

1427 2847 1487 2875 cap.
1505 2840 1549 2868 46.
1565 2840 1633 2868 Cor.
