2290 3110
69 139 126 168 585

467 144 741 173 CLEMENTINA.-—
756 145 906 174 EPITOME
926 145 969 174 DE
987 146 1109 174 GESTIS
1129 148 1159 174 S.
1179 147 1291 175 PETRI.

1648 150 1701 179 586

67 200 141 236 αὐτῇ
164 201 254 229 πάντα
276 203 423 238 καταλέγει
444 205 492 232 σὺν
503 206 643 242 ἀχριόείςν
661 207 735 239 ὅπως
747 216 776 234 τε
796 207 865 242 μετὰ
879 209 902 237 Α
916 215 969 242 qua

797 207 865 242 μετὰ
879 209 902 237 Α
916 215 998 242 quam
1014 207 1060 235 illa
1075 208 1158 237 domo
1172 208 1296 240 exiisset,
1311 208 1381 235 clam
1396 207 1478 236 etiam
1495 208 1546 243 ipsi
1561 208 1594 236 ad
1613 208 1701 236 eccle-

72 247 173 282 τὴνὲκ
190 247 238 274 τοῦ
251 248 328 276 οἴκου
351 251 436 286 αὐτῆς
453 251 640 288 ὑποχώρησιν,
657 252 744 288 λάθρα
756 253 804 289 τὴν
817 254 864 280 ὲκ-

68 291 191 332 ιλησίαν
204 294 252 320 καὶ
265 294 342 321 αὐτοὶ
355 295 542 324 καταλάϐοιεν·
568 298 615 324 καὶ
628 298 712 330 ὃπως,
724 298 773 334 τὴν
784 298 865 333 εὐχὴν

66 335 119 362 τοῦ
134 338 309 373 πατριάρχου
319 339 534 373 διατελέσαντος,
543 342 642 377 τυφλὸς
652 342 732 374 εὐθὺς
743 343 757 369 6
771 343 865 378 γύριος

67 382 165 408 αὐτῶν
189 383 295 417 γένοιτο
320 385 368 411 καὶ
392 386 493 420 κωφός.
508 387 563 414 Καὶ
578 387 616 418 ὡς
632 387 792 423 προστάξειε
816 388 865 423 μὲν

67 427 168 460 αὐτοῖς
182 430 387 465 χειραγωγῆσαι
401 431 482 458 αὑτὸν
494 432 541 458 ἐπὶ
561 432 611 468 τὴν
629 434 728 464 οἰκίαν,
753 433 865 468 οὐδεμία

65 473 98 500 δὲ
112 474 210 506 αὐτοῖς
220 475 320 508 ἔξοδος,
334 476 422 502 καίτοι
435 476 523 503 πολλὰ
534 477 652 513 καμοῦσι
669 479 716 505 καὶ
728 478 864 514 πανταχοῦ

65 520 123 556 τῆς
135 521 285 556 ἐκκλησίας
298 521 496 557 περιελθοῦσιν,
515 523 678 559 ιύρίσκεται.

107 566 192 594 CLV.
206 567 314 593 Τούτων
335 567 425 602 ἐκείνη
445 567 596 600 ἀκούσασα,
620 569 735 604 συνῆκεν
754 569 863 602 εὐθέως,

65 612 134 639 ὅθεν
155 614 173 648 ἠ
196 613 250 639 τῶν
267 612 342 640 ὢτων
356 613 430 648 αὐτῷ
455 614 501 640 καὶ
516 614 569 640 τῶν
580 614 726 650 ὀφθαλμῶν
740 615 864 651 πήρωσις

65 656 104 694 ἦν
113 669 120 673 -
134 659 184 686 καὶ
194 658 289 694 βοηθὸς
299 659 321 675 ³⁸
329 659 435 694 άληθῶς
447 659 522 695 αὐτῷ
533 659 648 694 γίνεται.
662 661 802 696 Τραπεῖσα
811 661 864 697 γάρ

67 705 113 735 εἰς
127 704 213 739 εὐχὴν
225 704 334 736 αὐτίκα,
358 704 404 731 καὶ
416 705 521 740 δάκρυα
535 704 603 740 μετὰ
617 705 668 740 τῆς
680 705 763 741 εὐχῆς
777 705 865 742 θερμὰ

67 750 174 784 χέουσα
191 749 224 782 ³⁸,
240 750 324 776 ἐδεῖτο
345 750 391 776 τοῦ
404 750 481 783 Θεοῦ,
495 751 565 777 ὥστε
582 752 631 787 τὴν
644 751 732 784 ἔξοδον
751 752 864 788 ἐπιτρα-

68 798 159 833 πῆναι
176 798 216 833 τῷ
231 798 364 833 Σισιννίῳ,
379 799 424 826 καὶ
444 798 535 825 οἴκαδε
551 798 720 834 ὑποστρέψαι
736 799 759 815 ³⁸
772 798 862 826 αὐτόν.

66 844 128 870 Καὶ
145 843 216 879 πρὸς
231 843 294 874 τοὺς
315 843 423 875 οἰκέτας
443 844 654 879 ὲπιστραφείσα·
669 842 738 878 (ῇδει
754 843 808 879 γὰρ
826 844 863 876 ὡς

66 888 132 915 οὐδὲ
150 873 298 924 τδνῗάνδρα
315 873 474 924 περιόψεται
494 873 601 921 πάντως
612 890 627 917 6
642 873 861 925 sat-slIvncvesoq):
879 873 900 901 Β

69 933 193 967 ’Δγετε,
216 933 294 968 φησὶ,
316 933 363 960 τὸν
381 933 475 969 κύριον
496 934 572 969 ὑμῶν
590 934 658 970 πρὸς
679 935 699 950 ³¹
722 934 767 961 τὸν
790 934 862 961 οἷκον

65 980 312 1016 χειραγωγήσατε·
327 979 528 1015 καταλαμϐάνω
539 979 569 1006 δὲ
586 979 655 1015 μετὰ
675 979 762 1015 βραχὺ
782 980 861 1017 αὐτή.

66 1024 169 1052 Ταῦτα
189 1025 251 1060 ἔφη,
270 1025 318 1052 καὶ
335 1024 413 1061 ῥᾳδία
431 1026 447 1060 ἡ
464 1024 552 1058 ἔξοδος
568 1024 647 1056 εὐθὺς
669 1026 725 1057 τοῖς
745 1025 863 1056 οἰκέταις

65 1070 193 1105 ἐγένετο.
207 1070 262 1097 Καὶ
274 1071 289 1096 6
304 1070 434 1102 Σισίννιος
449 1069 604 1106 ὀφθαλμοὺς
616 1070 656 1096 ἔτι
672 1071 719 1097 καὶ
736 1067 793 1097 ὦτα
815 1079 863 1097 πε-

65 1115 248 1150 ⁴ι-ξινιριι›ι.ι,ένος,
259 1116 469 1150 ἑχειραγωγεῐτο
483 1115 552 1151 πρὸς
564 1115 613 1151 τὴν
625 1116 725 1143 οἰκίαν.
743 1117 775 1143 Ol
788 1115 861 1143 οἰκέ-

65 1169 116 1188 ται
138 1161 230 1188 τοίνυν
259 1161 381 1193 ἐλθόντες
398 1160 475 1197 παρὰ
485 1162 534 1197 τὴν
551 1161 701 1198 Θεοδώραν,
723 1163 769 1189 καὶ
786 1160 862 1194 αὖθις

66 1206 111 1232 ἔτι
125 1207 217 1241 κωφὸν
229 1205 298 1234 εἷναι
309 1207 356 1234 καὶ
367 1207 466 1242 τυφλὸν
477 1207 522 1234 τὸν
533 1207 636 1234 ἑαυτῶν
646 1207 862 1242 ἀπαγγέλλουσιν

66 1251 176 1287 κύριον.
202 1251 258 1279 Καὶ
270 1251 341 1288 αὑτὴ
354 1253 540 1288 συντονωτέρᾳ
562 1252 642 1280 πάλιν
655 1253 724 1288 πρὸς
740 1253 785 1280 τὸν
796 1254 862 1281 Θεὸν

65 1299 104 1333 τῇ
122 1298 216 1334 δεήσει
233 1299 279 1325 καὶ
294 1298 469 1334 θερμοτέροις
493 1299 578 1325 ἐδεῖτο
602 1299 625 1314 ³⁸
645 1301 700 1331 τοῖς
721 1299 861 1336 δάκρυσιν,

65 1344 143 1371 ὥστε
155 1344 202 1370 τὸν
217 1344 302 1380 ἄνδρα
314 1343 362 1370 τοῦ
379 1344 482 1375 πάθους
494 1343 698 1380 ἀπαλλαγῆναι·
711 1345 761 1381 ἠδη
773 1345 801 1372 δὲ
816 1345 863 1372 καὶ

67 1390 120 1417 τοῦ
148 1389 320 1426 πατριάρχου
344 1390 393 1425 τὴν
424 1389 499 1425 ἱερὰν
527 1390 719 1422 ὲκτελέιιαντος
741 1390 862 1427 λειτουρ-

65 1436 134 1470 γίαν
145 1435 213 1470 (‘20),
229 1435 321 1461 πίπτει
330 1434 397 1470 πρὸς
407 1435 469 1466 τοὺς
481 1435 562 1462 αὑτοῦ
569 1435 650 1466 πόδας
657 1437 674 1470 ἠ
681 1435 863 1472 Θεοδώρα,καὶ

64 1482 120 1517 τὴν
127 1480 302 1517 πήρωσιντοῦ
312 1480 406 1516 ἀνδρὸς
418 1480 581 1515 ἀπαγγέλλει
598 1481 644 1508 καὶ
652 1481 735 1508 δεῖται
747 1482 794 1508 καί
809 1482 864 1508 lxa-

65 1525 155 1558 τεὺει,
167 1525 323 1561 καὶδὼιρυα
329 1525 383 1552 τῶν
396 1525 482 1552 ποδῶν
493 1526 632 1561 καταχέει,
648 1526 814 1562 θεραπεῦσαι
823 1526 862 1563 τῷ
875 1544 898 1575 c

64 1571 149 1606 ἀνδρὶ
159 1573 189 1597 τὸ
200 1570 294 1602 πάθος,
312 1571 358 1598 καὶ
371 1571 408 1606 μὴ
421 1571 491 1598 οὔτω
504 1571 634 1607 περιιδεῖν
647 1572 738 1604 κακῶς
755 1572 859 1608 ἔχοντα.

106 1616 198 1645 CLVI.
214 1617 321 1644 Τούτων
337 1617 352 1643 6
373 1617 507 1654 μακάριος
527 1617 643 1654 Κλήμης
666 1618 797 1651 ἀκούσας,
815 1618 862 1645 καὶ

65 1663 166 1692 παθὼν
179 1664 225 1690 ἐπὶ
238 1664 270 1699 τῇ
284 1663 334 1698 τῆς
348 1664 475 1698 γυναικὸς
496 1665 624 1700 συμφορᾷ
638 1664 686 1699 τὴν
700 1664 802 1700 ψυχὴν,
821 1664 862 1696 είς

64 1711 176 1746 δάκρυα
187 1710 235 1737 καὶ
254 1709 334 1741 αὐτὸς
348 1709 453 1745 φανερὰ
467 1709 627 1743 κατάγεται,
649 1709 697 1736 καὶ
711 1709 862 1746 προτρέπε-

63 1766 112 1784 ται
134 1756 200 1788 τοὺς
221 1756 358 1791 παρόντας
377 1757 454 1791 κοινῇ
473 1755 520 1782 τοῦ
539 1755 607 1782 Θεοῦ
630 1755 770 1791 δεηθῆναι,
792 1755 861 1782 ὥστε

65 1800 184 1837 λυθῆναι
197 1801 237 1836 τῷ
247 1801 373 1836 Σισιννίῳ
387 1801 436 1836 τὴν
448 1801 582 1836 πήρωσιν.
594 1801 696 1828 Τούτου
706 1801 735 1828 δὲ
745 1800 860 1837 γενομέ-

65 1856 128 1880 νου,
144 1847 319 1884 θαρρούντως
338 1847 431 1874 ἄπεισι
453 1847 522 1882 μετὰ
535 1847 585 1883 τῆς
606 1847 734 1882 γυναικὸς
751 1847 797 1874 ἐπὶ
816 1847 861 1874 τὸν

65 1891 145 1920 οἷκον
157 1893 172 1919 ό
185 1892 373 1928 πατριάρχης,
389 1893 436 1920 καὶ
459 1892 649 1928 ἀνεῳγμένους
670 1892 720 1928 μὲν
739 1893 861 1928 εὑρίσκει

66 1937 109 1972 τῷ
123 1937 203 1973 ἀνδρὶ
212 1938 276 1968 τοὺς
284 1936 450 1973 ὀφθαλμοὺς,
467 1938 507 1969 εἰς
518 1937 546 1964 δὲ
557 1937 588 1964 τὸ
599 1937 707 1972 βλέπειν
722 1939 797 1965 οὐδὲν
806 1938 860 1965 τῶν

67 1983 282 2019 πεπηρωμένων
301 1983 412 2018 ἄμεινον
429 1983 549 2019 ἔχοντας.
571 1983 726 2019 Κεκώφωτο
742 1984 763 1999 ³⁹
785 1983 812 2010 δὲ
827 1983 861 2011 τὰ

66 2025 138 2061 εἶπα,
154 2029 202 2055 καὶ
213 2028 352 2065 βαρυτάτῃ
366 2029 494 2064 συμφορᾷ
506 2029 569 2064 περὶ
582 2028 612 2055 τὺ
624 2029 703 2064 σῶμα
717 2029 858 2064 ἐκέχρητο.

75 2074 208 2110 Ὀδυρμὸς
217 2071 263 2101 οὖν
271 2074 303 2100 ὲκ
313 2073 368 2100 τῶν
383 2075 524 2110 παρόντων
537 2075 654 2109 ἐγένετο,
667 2075 714 2101 καὶ
729 2075 860 2110 κατέσχεν

66 2119 178 2155 οἰμωγὴ
195 2119 240 2146 τὸν
250 2117 335 2146 οἷκον.
355 2119 424 2146 Ἀλλ’
434 2121 448 2146 6
459 2120 509 2156 μὲν
523 2120 654 2152 Σισίννιος
667 2121 717 2147 οὐκ
729 2120 860 2156 ᾐσθάνετο

66 2165 123 2192 τῶν
138 2165 339 2200 γεγενημένων.
355 2165 418 2197 Πῶς
434 2166 468 2198 ⁸⁸,
481 2166 510 2198 ὃς
524 2174 556 2200 γε
571 2167 622 2193 οὐκ
635 2167 656 2182 ⁵¹
669 2167 778 2193 ἀκούειν
797 2167 859 2193 οὔτε

66 2211 137 2246 ὁρᾷν
151 2208 224 2245 εἶχεν
235 2230 242 2237 .

103 2256 206 2284 CLVII.
215 2257 420 2292 ’Υπεραλγήσας
427 2258 456 2284 δὲ
466 2259 480 2284 6
496 2257 566 2290 θεῖος
577 2258 692 2294 Κλήμης
707 2258 756 2293 τῆς
770 2267 863 2292 γυναι-

67 2305 117 2336 κὸς
133 2305 180 2331 καὶ
186 2303 232 2330 τοῦ
238 2302 527 2338 οἰκου,ἱκέτηςγίνεται
535 2304 581 2330 τοῦ
594 2303 672 2335 Θεοῦ,
681 2304 727 2330 καὶ
740 2304 809 2339 μετὰ
816 2303 862 2330 δα-

67 2349 162 2384 κρύων
171 2348 266 2380 ἐδεῖτο,
273 2350 321 2376 καὶ
331 2348 491 2384 περιπαθεῖς
499 2348 615 2380 ἐξέτεινε
621 2348 671 2379 τὰς
685 2347 798 2383 δεήσεις·
807 2348 863 2374 Κύ-

69 2402 111 2429 ριε
120 2393 206 2429 Ἰησοῦ
212 2394 323 2429 Χριστὲ,
332 2393 427 2427 λέγων,
435 2394 449 2419 6
457 2392 505 2424 τὰς
512 2392 566 2418 τῶν
573 2391 693 2427 οὐρανῶν
704 2392 775 2422 κλεῖς
783 2391 863 2418 δεδω-

67 2438 170 2474 κὼςτῷ
177 2438 318 2474 ἀποστόλῳ
325 2446 371 2464 σου
379 2438 483 2473 Πέτρῳ,
491 2437 538 2464 καὶ
546 2437 632 2472 ’Ὰπερ
645 2436 761 2470 ἀνοίξεις
779 2437 863 2472 ἀνέῳ-

69 2494 133 2512 κται
142 2505 150 2518 ,
162 2485 256 2517 εἰπὼν,
278 2485 326 2511 καὶ
337 2485 409 2520 άπερ
422 2484 455 2511 ἂν
468 2483 576 2520 κλείσῃς
591 2483 759 2515 κέκλεισται,
777 2482 857 2514 αὐτὸς

69 2532 116 2558 καὶ
127 2531 191 2562 τοὺς
202 2530 418 2566 πεπηρωμένους
433 2529 586 2564 ὀφθαλμοὺς
600 2528 646 2556 τοῦ
663 2528 757 2563 ἀνδρὸς
770 2527 856 2559 τοῦδε,

917 253 987 281 siam
1015 254 1173 286 venissent,
1200 258 1258 281 tum
1287 261 1343 289 quo
1366 258 1446 289 pacto
1460 261 1522 281 cum
1546 255 1701 289 patriarcha

916 298 1068 325 orationem
1077 298 1236 333 peregisset,
1255 298 1384 326 dominus
1398 306 1492 326 eorum
1508 299 1599 326 statim
1612 307 1702 328 caecus

915 348 943 370 et
957 344 1058 371 surdus
1081 343 1172 372 factus
1185 348 1277 378 esset;
1294 349 1351 371 tum
1368 352 1424 379 quo
1437 344 1519 372 modo
1544 345 1599 372 illis
1615 345 1703 381 impe-

917 393 1006 416 rasset
1018 389 1130 424 quidem
1155 395 1186 417 ut
1199 397 1262 417 eum
1285 398 1368 418 manu
1386 390 1498 418 domum
1523 391 1700 425 deducerent,

916 436 1008 464 nullus
1032 441 1124 464 autem
1139 437 1174 464 ab
1188 436 1256 471 ipsis
1271 437 1360 464 exitus
1376 436 1552 472 reperiretur,
1574 438 1701 472 quamvis

916 482 1031 509 multum
1045 482 1219 510 laborassem
1233 490 1266 511 ac
1277 482 1378 518 ubique
1391 491 1440 518 pcr
1449 483 1593 511 ecclesiam
1606 483 1701 511 obam-

915 527 1065 556 bulassent.

951 573 1030 602 CLV.
1047 573 1095 603 His
1109 575 1155 602 illa
1170 575 1282 609 auditis,
1305 575 1437 603 intellein
1457 576 1559 609 statim,
1575 575 1647 603 unde
1661 575 1700 603 illi

915 619 1023 646 aurium
1037 624 1064 647 et
1079 621 1223 648 oculorum
1242 620 1366 649 defectus
1373 621 1533 652 accidisset;
1548 621 1628 657 eique
1638 629 1701 649 vere

915 665 1071 692 auxiliatrix
1087 665 1212 693 efficitur.
1234 665 1310 693 Illico
1329 674 1449 701 namque
1465 665 1609 694 conferens
1623 674 1653 694 se
1666 666 1700 693 ad

914 717 1020 744 preces,
1032 711 1221 746 lacrymasquc
1236 719 1300 739 cum
1311 712 1467 747 precatione
1479 719 1557 740 acres
1569 711 1698 745 fundens,

914 756 1113 790 orahatDeum,
1128 762 1158 784 ut
1170 757 1293 786 Sisinnio
1301 757 1391 786 exitus
1404 757 1610 791 concederetur,
1622 758 1700 793 isque

913 801 1026 830 domum
1051 803 1161 831 rediret.
1177 802 1210 831 Et
1233 804 1267 831 ad
1289 803 1408 832 famulos
1423 812 1558 832 conversa
1574 805 1701 840 (noverat

914 847 987 874 enim
1012 849 1085 883 quod
1108 856 1160 876 nec
1184 849 1274 876 virum
1295 849 1474 884 despecturus
1491 854 1565 877 esset
1585 850 1698 877 omnino

914 893 996 926 Deus.
1010 902 1091 930 quem
1109 895 1168 930 ipsa
1185 895 1314 931 colebat),
1325 895 1415 931 Agite,
1433 896 1539 932 inquit;
1554 897 1698 925 dominum

913 945 1033 967 vestrum
1058 940 1093 968 ad
1106 941 1218 969 domum
1235 950 1318 970 manu
1336 942 1447 976 ducite;
1463 943 1520 978 ipsa
1535 951 1600 972 vero
1616 944 1699 979 paulo

913 992 974 1021 post
987 988 1114 1015 advenio.
1127 987 1189 1016 Haec
1203 989 1282 1021 dixit,
1297 989 1497 1025 confestimque
1508 990 1595 1018 facilis
1605 990 1698 1018 exitus

912 1033 1016 1060 exstitit
1031 1033 1151 1061 famulis.
1164 1033 1198 1062 Et
1215 1035 1355 1063 Sisinnius
1369 1036 1456 1063 oculis
1474 1035 1564 1064 adhuc
1574 1040 1602 1063 et
1622 1036 1698 1064 auri-

913 1078 964 1106 bus
979 1084 1075 1114 captus
1090 1080 1203 1108 domum
1217 1089 1298 1108 manu
1311 1081 1472 1110 ducebatur.
1487 1080 1593 1109 Famuli
1605 1086 1696 1109 autem

912 1125 1053 1154 venientes
1060 1126 1093 1153 ad
1100 1125 1284 1160 Theodoram,
1301 1127 1398 1155 iterum
1415 1128 1544 1155 nuntiant
1555 1128 1696 1155 dominum

912 1179 993 1199 suum
1014 1172 1104 1199 adhuc
1123 1171 1238 1200 surdum
1259 1181 1320 1201 esse
1345 1181 1377 1201 ac
1396 1182 1510 1202 caacum.
1534 1173 1697 1208 Rursusque

912 1217 971 1253 ipsa
985 1218 1246 1247 contentioribus'ad
1261 1218 1345 1246 Deum
1362 1220 1498 1254 precibus,
1514 1220 1698 1255 lacrymisque

912 1264 1161 1292 vehementioribus
1175 1265 1282 1299 orabat,
1296 1270 1326 1293 ut
1339 1266 1380 1292 vir
1390 1273 1406 1293 a
1417 1265 1513 1294 morbo
1523 1265 1696 1297 liberaretur.

912 1308 1037 1346 Cumque
1055 1311 1111 1346 jam
1128 1310 1284 1346 patriarcha
1313 1319 1419 1338 sacram
1446 1311 1604 1346 perfecisset
1617 1312 1697 1339 litur-

914 1358 996 1392 giam,
1018 1357 1136 1392 procidit
1154 1357 1189 1385 ad
1211 1358 1271 1393 ejus
1293 1358 1375 1393 pedes
1388 1357 1544 1392 Theodora,
1559 1363 1586 1386 et
1601 1358 1694 1385 mariti

913 1401 1080 1429 debilitatem
1093 1402 1262 1437 pronuntiat,
1278 1401 1454 1439 profusisque
1468 1403 1500 1430 ad
1514 1402 1596 1437 pedes
1609 1403 1698 1438 lacry-

913 1446 966 1474 mis
981 1451 1108 1481 precatur
1119 1455 1151 1474 ac
1163 1447 1288 1475 obsecrat
1301 1452 1331 1475 ut
1345 1447 1396 1475 viri
1410 1448 1534 1476 morbum
1547 1453 1634 1481 curet,
1648 1455 1698 1476 nec

914 1491 951 1518 ita
965 1499 1028 1519 eum
1046 1493 1116 1521 male
1128 1492 1272 1522 habentem
1287 1494 1427 1529 despiciat.

948 1624 1036 1652 CLVI.
1053 1625 1120 1660 Quae
1132 1635 1194 1655 cum
1211 1628 1345 1656 audiisset
1359 1628 1455 1656 beatus
1469 1628 1606 1661 Clemens,
1622 1636 1654 1656 ac
1662 1636 1695 1656 ex

913 1671 1006 1699 animo
1025 1673 1150 1701 mulieris
1169 1674 1351 1701 calamitatem
1365 1674 1482 1706 doleret;
1509 1675 1537 1702 in
1558 1674 1695 1710 Iacrymas

912 1714 970 1749 ipse
994 1717 1076 1744 etiam
1101 1718 1261 1746 manifestas
1277 1719 1440 1754 prorumpit,
1458 1726 1559 1754 eosque
1579 1719 1626 1754 qui
1649 1719 1696 1746 ad-

911 1766 989 1789 erant
1000 1762 1125 1791 hortatur
1143 1762 1227 1791 Deum
1243 1764 1269 1790 In
1282 1765 1421 1791 communi
1436 1772 1524 1797 orare,
1533 1769 1562 1792 ut
1573 1773 1588 1792 a
1605 1764 1694 1792 Sisin-

912 1807 959 1834 nio
971 1808 1084 1836 morbus
1099 1809 1258 1843 depellatur.
1273 1809 1333 1842 Quo
1349 1810 1432 1843 facto,
1448 1810 1605 1845 patriarcha
1628 1819 1696 1838 con-

912 1853 1027 1881 ﬁdenter
1040 1854 1152 1881 domum
1166 1862 1229 1882 cum
1244 1855 1360 1882 muliere
1378 1855 1434 1883 abit
1448 1863 1454 1881 :
1471 1860 1498 1883 et
1509 1861 1618 1890 apertos
1632 1857 1695 1891 qui-

911 1899 972 1927 dem
987 1901 1157 1928 nanciseitur
1173 1900 1225 1927 viri
1236 1901 1342 1933 oculos,
1352 1900 1386 1928 ad
1399 1901 1545 1929 videndum
1560 1910 1625 1929 vero
1639 1910 1694 1930 non

911 1946 1010 1974 melius
1034 1954 1116 1981 quam
1137 1954 1271 1974 caecorum
1288 1946 1446 1981 dispositos.
1466 1947 1519 1976 Sed
1540 1952 1566 1975 et
1580 1949 1694 1977 auribus

910 1993 1104 2024 obsurduerat,
1120 1997 1203 2028 atque
1227 1993 1347 2028 pessime
1363 1999 1478 2029 corpore
1491 1999 1551 2020 erat
1566 1993 1691 2022 affectus.

910 2039 952 2067 Ab
966 2039 1000 2066 iis
1014 2047 1079 2074 ergo
1090 2037 1138 2073 qui
1152 2043 1300 2074 praesentes
1315 2044 1394 2066 erant
1406 2039 1565 2067 lamenlatio
1574 2045 1693 2073 ortaest,

910 2086 1077 2120 domumque
1089 2085 1208 2120 ejulatus
1221 2086 1376 2121 occuparit.
1391 2085 1585 2115 Verumtamen
1605 2088 1694 2116 Sisin-

910 2131 972 2158 nius
986 2137 1047 2165 quae
1066 2129 1138 2157 facta
1152 2129 1261 2157 fuerant
1274 2137 1327 2157 non
1343 2130 1520 2166 intelligebat,
1534 2132 1639 2160 scilicet
1657 2136 1688 2159 ut

910 2178 957 2214 qui
972 2177 1033 2206 visu
1048 2181 1076 2204 et
1088 2177 1183 2204 auditu
1196 2176 1318 2211 privatus
1329 2181 1410 2204 esset.

945 2255 1047 2284 CLVII.
1063 2254 1175 2281 Divinus
1193 2258 1283 2280 autem
1301 2252 1428 2281 Clemens
1439 2273 1447 2285 ,
1469 2262 1531 2281 cum
1546 2255 1692 2283 admodum

910 2301 1032 2330 mulieris
1048 2308 1080 2327 ac
1092 2299 1191 2326 domus
1202 2298 1287 2325 vicem
1304 2298 1407 2325 doleret
1419 2318 1427 2330 .
1446 2298 1502 2326 Deo
1523 2301 1635 2335 supplex
1652 2303 1691 2333 Iit,

909 2353 937 2375 et
948 2355 1010 2375 cum
1021 2345 1148 2382 lacrymis
1163 2344 1334 2380 precabatur,
1346 2344 1512 2380 affectusque
1526 2347 1620 2380 plenas
1631 2355 1694 2375 ora-

909 2395 998 2421 tiones
1008 2392 1086 2425 fudit,
1100 2392 1207 2419 dicens:
1217 2390 1331 2418 Domine
1341 2390 1404 2418 Jesu
1416 2392 1534 2425 Christe,
1543 2393 1589 2427 qui
1602 2394 1693 2422 claves

911 2439 1042 2467 malorum
1058 2437 1154 2465 dedisti
1170 2437 1293 2472 apostolo
1305 2442 1352 2464 tuo
1364 2437 1454 2470 Petro.
1467 2442 1494 2465 et
1506 2438 1613 2466 dixisti:
1626 2438 1693 2472 Qua!

911 2484 1065 2520 aperueris,
1083 2487 1175 2518 aperta
1188 2487 1286 2515 erunt,
1306 2487 1334 2509 et
1354 2491 1415 2518 qua:
1431 2484 1578 2517 clauseris,
1598 2485 1692 2513 clausa

910 2533 991 2557 erunt
1001 2528 1041 2560 ";
1059 2528 1117 2563 ipse
1131 2531 1159 2555 et
1172 2527 1246 2562 aperi
1270 2535 1356 2555 caecos
1377 2527 1429 2555 viri
1453 2528 1534 2562 hujus
1549 2529 1643 2557 oculos
1659 2537 1692 2558 ac

723 2597 839 2626 VABIA‘Z
857 2597 1056 2626 LECTIONES.

105 2642 170 2670 ual.
179 2643 346 2675 insembc."
363 2646 400 2673 al.

69 2682 202 2718 πῶςγάρ.
238 2683 262 2700 ⁸⁸
275 2682 311 2709 al.
330 2680 404 2707 οὗτε.
441 2681 464 2699 δ’
482 2680 578 2708 Matth.
593 2688 649 2713 xvi,
671 2680 714 2707 I9.

417 2645 513 2681 χέασα.
554 2645 576 2661 ³⁸
593 2645 628 2672 al.
649 2644 826 2681 ἀναστρέψαι.
864 2645 885 2660 ⁸⁷
897 2645 932 2672 al.
953 2645 1001 2672 καὶ
1014 2644 1091 2679 πρὸς.

1132 2644 1154 2659 ³⁸
1166 2644 1202 2671 al.
1221 2642 1331 2678 ἐχρῆτο,
1360 2642 1424 2670 “al.
1437 2641 1590 2678 κεκώφητο.
1617 2642 1640 2662 δ’
1652 2642 1690 2670 al.

720 2746 904 2775 VARIORUM
922 2744 1037 2773 NOTAE.

102 2796 156 2858 (22)
174 2796 234 2838 Τὴν
248 2795 331 2837 ιερὰ-ν
344 2794 561 2835 ἐπιτελέσαντος
582 2793 780 2834 λειτουργίαν.
803 2792 852 2819 La—

102 2841 120 2858 ra
156 2840 232 2858 ersio
246 2831 330 2858 edita.
349 2829 414 2856 Post
428 2829 555 2858 Μίκων-ια
572 2829 655 2858 facta;
670 2832 770 2858 scripta
784 2829 852 2854 duo-

69 2829 120 2859 tina
135 2829 232 2859 Versio
246 2829 330 2861 edita,
349 2829 414 2856 Post
428 2829 555 2863 Mysteria
572 2829 655 2862 facta;
670 2829 770 2862 scripta
784 2829 853 2863 duro-

67 2877 122 2895 rum
140 2868 282 2897 codicum,
294 2865 394 2892 Joliani
409 2869 436 2891 et
453 2862 645 2898 Ilerovalliani,
661 2863 738 2898 factis
749 2867 773 2890 et
785 2862 851 2890 cele-

227 2913 368 2942 Punot.
397 2910 456 2941 Gn.
484 2910 523 2940 II.

904 2793 986 2819 brutis
995 2791 1093 2818 missis.
1107 2790 1134 2826 In
1145 2790 1307 2826 Paraphrasi
1314 2798 1383 2826 vero
1403 2791 1463 2818 libri
1477 2791 1553 2826 Regii
1568 2792 1630 2825 θοι,
1643 2793 1690 2820 καὶ

904 2827 937 2890 Et}
958 2826 1009 2861 τῆς
1040 2825 1198 2858 ἀπολύσεως
1216 2825 1380 2862 γενομένης.
1399 2828 1438 2855 Ex
1463 2825 1623 2863 Martyrion.
1635 2850 1643 2862 ,
1663 2829 1689 2857 'I.

929 2869 974 2889 οτ.

1492 2909 1528 2939 19
