2290 3110
561 97 610 126 587

560 161 641 182 aures
652 153 769 187 surdas;
789 153 853 189 quia
877 154 929 181 hoc
955 153 1037 180 etiam
1061 153 1164 181 dictum
1188 159 1265 182 tuum
1288 160 1346 189 est,

559 200 726 235 Quwcttnque
751 201 880 235 petieritis
890 221 897 234 ,
927 200 1059 226 credentes
1070 219 1077 232 ,
1105 200 1240 234 accipietis
1255 200 1279 216 ’⁵⁵
1297 210 1303 228 :
1319 206 1347 228 et

558 246 617 273 haec
631 249 679 273 tua
690 245 837 279 promissio
847 249 989 282 permanet
999 247 1025 272 in
1034 250 1179 273 aeternum.
1192 246 1246 274 Ista
1266 251 1345 282 post-

558 299 641 326 quam
663 292 752 319 oravit
772 293 946 327 patriarcha,
964 297 991 319 et
1005 292 1051 327 qui
1068 293 1181 320 aderant
1196 294 1345 328 responde-

556 342 645 365 runt:
665 337 752 365 Amen
765 358 774 372 ,
807 338 881 365 illico
895 339 1040 366 oculorum
1065 332 1228 373 auriumque
1250 339 1344 366 vitium

556 383 713 411 discussum
723 388 774 411 est.
787 384 827 411 Ac
839 383 977 412 Sisinnius
993 385 1073 419 quasi
1087 391 1120 411 ex
1136 391 1234 412 somno
1248 392 1345 419 exper-

556 428 679 464 gefactus
689 450 696 463 ,
712 430 877 465 beatumque
903 429 1070 458 Clementem
1084 437 1145 457 cum
1169 438 1254 457 uxore
1270 435 1344 458 stan-

555 478 609 501 tem
625 482 751 508 cernens,
765 474 865 502 malam
881 475 980 502 stultus
992 479 1085 502 sancto
1097 475 1343 502 remunerationem

554 521 639 554 dedit,
654 521 837 556 praecepitque
851 521 962 549 famulis
988 525 1017 548 ut
1043 521 1134 548 statim
1158 521 1343 556 patriarcham

554 567 828 602 comprehenderent,
845 574 900 601 quo
911 574 1006 602 poenas
1024 567 1143 594 Ιιεεὶοηίε
1158 567 1244 594 daret.
1261 567 1342 594 Arbi-

553 613 678 641 trabatur
689 613 762 641 enim
777 613 929 649 praestigias
952 614 1085 648 quasdam
1102 621 1178 645 esse;
1192 614 1264 649 quod
1279 621 1342 641 eum

553 659 631 695 prius
646 659 790 687 oculorum
808 659 976 694 auriumque
989 666 1041 686 usu
1063 659 1180 694 privari,
1193 663 1343 695 pasteaque

553 705 676 740 aspicere
688 709 715 733 et
725 704 821 733 audire
834 704 956 734 fecisset.

588 751 703 780 CLVIII.
724 751 808 788 Igitur
823 752 895 780 servi
908 751 1032 779 studiose
1045 751 1157 786 exsequi
1169 751 1204 779 de
1219 752 1266 780 illo
1281 760 1342 788 quae

553 799 685 833 imperata
701 797 808 826 fuerant
822 799 980 825 nitebantur
996 807 1002 824 :
1018 806 1072 825 non
1090 798 1341 827 animadvertebant

995 99 1022 126 S.
1041 98 1233 127 CLEMENTIS
1251 100 1260 127 Ι
1280 100 1362 128 ROM.
1382 100 1483 129 PONT.
1502 101 1616 130 OPERA
1636 104 1752 134 DUBIA.
1799 78 1802 84 1

2119 111 2158 138 588

1363 159 1386 186 Α
1400 158 1447 183 καὶ
1462 157 1497 183 τὰ
1512 154 1569 184 ὦτα
1582 159 1723 195 διάνοιεον,
1734 162 1775 188 ὃτι
1788 162 1833 189 σὸν
1846 164 1892 189 καὶ
1908 163 1986 190 τοῦτο
1999 164 2028 191 τὺ
2040 165 2114 201 ῥῆμα,
2123 169 2157 195 rii-

1400 203 1493 237 Ἀπερ
1502 203 1524 219 ⁸³
1539 203 1577 230 ἂν
1589 204 1732 239 αἰτήσητε
1749 209 1952 242 πιστεύοντες,
1968 210 2094 244 λήψεσθε
2103 221 2109 228 ’
2123 215 2159 241 καὶ

1397 248 1467 284 αὐτή
1480 257 1527 275 σου
1539 251 1555 285 ἡ
1571 251 1721 286 ἐπαγγελία
1735 252 1858 288 διαμένει
1872 255 1912 286 εἰς
1923 255 1969 282 τὸν
1982 256 2071 284 αἰῶνα.
2086 259 2159 287 Ταῦτα

1396 294 1443 321 τοῦ
1457 296 1625 332 πατριάρχου
1641 298 1870 334 προσευξαμένου,
1897 301 1943 327 καὶ
1964 301 2018 328 τῶν
2045 304 2159 339 παρόντων

1395 339 1514 374 τὸάμὴν
1525 341 1709 375 ἐπειπόντων,
1729 343 1831 376 εὐθέως
1859 346 1875 380 ὴ
1899 345 1953 372 τῶν
1971 347 2104 383 ὀφθαλμῶν
2124 351 2159 378 καὶ

1395 385 1449 412 τῶν
1465 385 1542 413 ὢτων
1554 388 1678 422 πήρωσις
1695 389 1830 417 διελέλυτο
1839 391 1873 418 ⁸⁸.
1897 393 1975 420 Καὶό
1989 394 2108 427 Σισίννιος
2120 405 2158 423 κα-

1396 431 1484 467 θάπερ
1500 432 1529 464 ἐξ
1554 433 1638 460 ὕπνου
1657 434 1818 468 διαναστὰς,
1834 438 1881 464 καὶ
1898 438 1947 465 τὸν
1964 440 2089 475 μακάριον
2100 442 2158 477 Κλή-

1397 485 1481 512 μεντα
1494 478 1564 513 μετὰ
1574 479 1624 514 τῆς
1634 481 1765 514 γυναικὸς
1776 482 1881 510 ἑστῶτα
1894 483 1965 517 ἰδὼν,
1977 486 2061 518 κακὰς
2074 488 2087 514 ὁ
2097 488 2160 524 ἀνόη-

1394 532 1439 555 τος
1448 524 1487 559 τῷ
1500 525 1571 561 ἁγίῳ
1583 526 1699 562 χάριτας
1709 528 1844 556 ἀπεδίδου.
1858 530 1914 557 Καὶ
1929 534 2069 567 κατασχεῖν
2080 533 2160 566 εὐθέως

1393 569 1439 595 τὸν
1452 570 1622 606 πατριάρχην
1635 573 1692 603 τοῖς
1702 573 1823 605 οἰκέταις
1832 575 2036 609 παρεκελεύετο,
2046 577 2088 604 τοῦ
2099 577 2160 609 δίκας

1394 615 1521 650 ὑποσχεῖν
1535 612 1616 643 αὑτὸν
1630 617 1680 652 τῆς
1696 618 1857 654 πηρώσεως.
1875 621 1954 656 ᾯετο
1970 622 2024 657 γάρ
2039 631 2094 649 τινα
2107 632 2159 659 γοη-

1392 661 1468 688 τείαν
1481 659 1560 694 εἶναι,
1578 663 1620 689 ὅτι
1633 664 1678 690 καὶ¹
1699 665 1861 700 πηρωθῆναι
1881 667 2015 702 πρότερον
2028 669 2110 700 αὑτὸν,
2124 670 2160 695 καὶ

1392 707 1551 743 ἀναϐλέψαι,
1567 709 1613 735 καὶ
1624 710 1738 737 ἀκοῦσαι
1756 711 1837 738 πάλιν
1852 712 1989 748 ἐποίησεν.

1426 751 1538 780 CLVIII.
1558 754 1590 780 Οἱ
1610 755 1661 790 μὲν
1675 753 1722 782 οὖν
1735 756 1838 783 οἰκέται
1853 757 2003 790 σπουδαίως
2016 758 2049 785 τὰ
2067 768 2161 795 προστε-

1391 800 1513 834 ταγμένα
1545 801 1632 827 ποιεῖν
1660 801 1683 817 ⁸⁸
1696 802 1777 829 αὐτὸν
1799 804 1964 838 ἐπειρῶντο·
1990 805 2122 832 ἐλάνθανον
2138 806 2160 832 δὲ

552 848 644 872 autem
657 844 730 879 quod
745 844 897 879 adjacentia
916 851 981 871 saxa
1002 847 1030 871 et
1043 843 1115 879 ligna
1128 848 1279 879 tangerent,
1294 853 1340 872 ea—
1356 837 1377 865 Β
1389 844 1443 879 ἄρα

1254 849 1279 878 γι,
1294 853 1340 872 ea—
1356 837 1377 865 Β
1389 844 1443 879 ἄρα
1456 844 1511 872 τῶν
1530 846 1739 881 παρακειμένων
1761 847 1841 875 λίθων
1851 837 1867 880 ,⁷
1878 849 1925 876 καὶ
1952 849 2037 882 ξύλων
2059 851 2158 887 ἀπτόμε-

551 900 607 927 que
622 893 762 920 traherent
778 900 811 920 ac
836 892 964 927 ligarent,
980 898 1062 927 atque
1084 892 1138 920 huc
1158 892 1278 927 illucque
1299 893 1340 920 in-

551 946 618 967 sane
633 939 880 967 circumdueerent.
901 938 988 966 Porro
1007 938 1035 966 id
1055 938 1137 966 etiam
1163 937 1283 966 Sisinnio
1297 940 1340 966 vi-

550 986 676 1019 debatur,
688 993 721 1013 ac
733 986 791 1020 ipse
805 992 917 1021 quoque
930 985 1105 1012 existimabat
1119 985 1303 1020 patriarcham
1323 994 1339 1014 a

549 1032 661 1060 famulis
680 1032 802 1059 vinctum
827 1033 923 1059 teneri.
945 1031 971 1059 Is
993 1036 1083 1058 tamen
1099 1031 1167 1058 nihil
1181 1032 1216 1059 ab
1236 1032 1340 1067 iniquis

548 1078 604 1106 illis
619 1078 745 1105 manibus
758 1078 928 1113 patiebatur,
952 1085 1002 1105 nec
1016 1077 1101 1104 levem
1117 1077 1261 1105 tactionem
1276 1086 1338 1112 per-

549 1123 641 1151 ferens
651 1143 657 1155 ,
672 1130 723 1150 nec
735 1122 833 1150 mediis
857 1122 885 1149 in
903 1122 983 1150 malis
995 1122 1122 1157 agitatus.
1135 1121 1288 1158 Posteaque
1304 1123 1338 1150 ad

549 1169 626 1197 illum
644 1169 799 1197 dementem
814 1168 963 1203 respiciens
977 1177 985 1195 :
1000 1167 1100 1202 Corde,
1116 1168 1214 1203 inquit,
1230 1169 1340 1197 indura-

548 1220 593 1243 tus
607 1223 648 1247 es,
671 1215 712 1242 sic
729 1222 795 1243 saxa
809 1219 836 1242 et
848 1214 922 1250 ligna
937 1221 1049 1242 movens
1062 1235 1069 1247 ,
1091 1218 1229 1249 tutamque
1256 1215 1283 1242 in
1306 1223 1338 1243 ea

548 1263 618 1290 iram
634 1262 801 1294 immittens,
818 1268 880 1296 quae
900 1261 982 1296 paulo
998 1264 1061 1287 ante
1076 1260 1249 1295 honorabas,
1265 1266 1292 1289 et
1309 1266 1339 1289 ut

548 1309 614 1336 deos
631 1308 750 1336 colebas.
773 1307 820 1335 Ille
845 1315 929 1334 vero:
947 1306 1000 1334 Sed
1014 1314 1064 1342 ego
1079 1311 1122 1339 te,
1143 1307 1252 1341 inquit,
1267 1309 1338 1336 male

548 1354 659 1389 perdam
674 1362 680 1386 ;
699 1354 767 1381 adeo
782 1358 813 1381 ut
828 1352 905 1380 multi
929 1351 1140 1387 praestigiatores
1156 1352 1220 1380 hinc
1234 1357 1338 1381 mutent

547 1403 667 1427 mentem
682 1407 714 1426 ac
728 1398 900 1433 resipiscam,
914 1397 1052 1433 iidemque
1065 1397 1213 1432 plurimum
1226 1398 1336 1426 lucren-

548 1449 592 1472 tur
605 1451 655 1479 per
668 1451 729 1479 quae
744 1449 773 1471 tu
787 1443 899 1479 patieris
915 1442 1088 1478 gravissima.

581 1532 672 1560 CLIX.
688 1531 751 1560 Haec
773 1531 819 1559 ille
843 1530 969 1566 quidem,
986 1531 1095 1558 inﬂatus
1106 1552 1113 1563 ,
1138 1531 1209 1565 apud
1226 1538 1273 1558 eos
1286 1531 1334 1566 qui

547 1578 662 1606 aderant
679 1598 686 1611 ,
705 1576 871 1612 proferebat,
887 1580 914 1604 et
932 1576 1052 1611 glorians
1074 1576 1256 1611 patriarcham
1271 1576 1332 1603 vin-

546 1625 617 1652 culis
631 1624 793 1659 subjecisse.
805 1622 840 1650 At
853 1623 904 1650 iste
916 1630 965 1650 nec
978 1622 1018 1649 sic
1041 1629 1104 1649 eum
1118 1626 1260 1649 aversatus
1272 1625 1331 1655 est;

546 1671 594 1699 sed
612 1669 752 1698 benedicta
766 1669 883 1704 conjuge
895 1668 978 1701 illius,
993 1672 1020 1695 et
1034 1668 1061 1694 in
1077 1667 1163 1695 bonas
1179 1667 1239 1694 illas
1254 1667 1333 1695 obse-

545 1722 714 1752 quentesque
726 1723 807 1744 aures
821 1720 950 1751 tanquam
965 1715 993 1742 in
1009 1722 1104 1750 agrum
1117 1713 1263 1749 quemdam
1276 1719 1332 1741 ter-

545 1771 583 1791 ra:
593 1762 735 1798 profundae
749 1769 781 1790 ac
795 1761 922 1796 pinguem
937 1760 1064 1788 demissis
1082 1760 1211 1787 uberibus
1224 1759 1332 1795 pietatis

545 1808 709 1841 seminibus,
719 1806 863 1837 abscessit,
875 1806 900 1833 ei
917 1805 1077 1840 praecipiens
1088 1809 1167 1832 antea
1180 1813 1213 1832 ne
1226 1805 1331 1840 precari

544 1854 700 1885 desisteret,
725 1852 814 1887 quoad
839 1851 928 1878 virum
951 1851 984 1878 ad
1011 1851 1133 1878 veritatis
1148 1851 1331 1885 cognitionem

544 1899 712 1927 adduxisset.
729 1897 797 1925 Cum
820 1905 884 1932 ergo
903 1896 1051 1924 ferventius
1068 1896 1103 1923 ad
1119 1896 1269 1923 orationem
1287 1895 1330 1922 in-

544 1945 684 1973 cumberet
703 1944 857 1976 Theodora,
874 1947 987 1978 apparet
1007 1942 1045 1968 illi
1063 1942 1097 1969 ad
1114 1948 1255 1976 vesperam
1270 1941 1331 1975 qui-

543 1991 606 2018 dam
629 1992 671 2018 vir
696 1990 880 2023 venerabilis,
898 1993 923 2015 et
948 1988 1053 2022 capillis
1077 1988 1168 2021 canis;
1189 1987 1331 2014 videbatur

543 2040 635 2062 autem
650 2043 712 2063 esse
729 2035 835 2070 primus
847 2033 1045 2068 discipulorum
1072 2032 1169 2060 Petrus
1179 2052 1187 2065 ,
1210 2033 1329 2068 Magistri

544 2081 651 2109 calidus
662 2085 784 2113 amator;
796 2084 824 2107 et
835 2080 873 2106 ait
884 2079 917 2106 ad
926 2086 1001 2106 eam:
1015 2077 1127 2112 Propter
1140 2083 1176 2110 te,
1189 2085 1206 2105 ο
1221 2078 1329 2111 mulier,

544 2136 628 2155 sanus
653 2128 705 2154 erit
719 2126 871 2158 Sisinnius;
889 2129 919 2152 ut
930 2129 957 2152 et
972 2125 1013 2151 vir
1026 2144 1033 2156 ,
1051 2125 1201 2164 secundum
1216 2124 1329 2151 fratrem

546 2181 637 2201 meum
652 2172 768 2200 Paulum
779 2194 786 2203 ,
802 2175 914 2199 sanctus
928 2169 1061 2197 efﬁciatur
1074 2177 1121 2204 per
1139 2169 1280 2196 mulierem
1295 2169 1328 2196 "'.

544 2220 651 2253 Quibus
662 2219 772 2254 quidem
788 2219 868 2246 dictis
877 2240 884 2252 ,
898 2218 942 2245 ille
955 2217 1030 2245 abiit.

578 2308 658 2336 CLX.
680 2308 820 2335 Sisinnius
833 2315 898 2334 vero
912 2306 1003 2334 statim
1023 2310 1049 2332 et
1073 2305 1152 2340 quasi
1168 2313 1200 2332 ex
1218 2311 1328 2339 compa-

542 2360 587 2383 cto
597 2355 744 2382 Theodore
760 2354 910 2385 arcessita;
923 2356 982 2380 erat
994 2356 1085 2379 autem
1098 2351 1192 2386 utique
1204 2351 1249 2378 hic
1264 2350 1326 2377 linis

545 2401 660 2429 visionis
691 2408 752 2435 quae
780 2399 831 2434 ipsi
861 2402 1042 2434 apparuerat;
1068 2397 1139 2432 apud
1166 2404 1225 2423 eam
1247 2403 1324 2423 amo-

545 2448 600 2481 ris,
618 2447 672 2475 cibi
688 2445 843 2474 communis
856 2465 863 2478 ,
884 2445 1041 2475 convictus,
1058 2450 1090 2470 ac
1102 2442 1215 2476 reliqua).
1234 2442 1324 2469 omnis

544 2493 747 2522 communionis
773 2492 838 2519 facit
861 2491 1050 2523 mentionem,
1093 2496 1243 2524 eorumque
1267 2497 1326 2516 om-

542 2542 617 2568 nium
649 2546 730 2566 unam
767 2537 882 2573 gratiam
913 2536 1018 2571 poscit,
1048 2534 1246 2569 coniugemque
1276 2542 1322 2561 ro-

541 2592 586 2622 gat
614 2590 639 2614 et
661 2586 813 2613 obtestatur
837 2587 868 2610 ut
894 2582 980 2609 Deum
1007 2585 1086 2614 oret,
1112 2587 1167 2615 quo
1196 2580 1247 2615 ipsi
1281 2580 1323 2607 di-

541 2632 682 2660 mittantur
700 2637 762 2666 que:
783 2629 920 2664 peccavit,
944 2627 1093 2662 salutisque
1119 2626 1190 2653 viam
1211 2625 1326 2653 demon-

1391 899 1441 923 νοι,
1457 893 1504 919 καὶ
1518 892 1645 928 σύροντες
1656 893 1725 920 αὐτὰ
1734 914 1742 926 ,
1753 894 1799 920 καὶ
1815 894 1986 930 δεσμοῦντες,
1999 897 2046 923 καὶ
2056 897 2111 933 τῇδε
2120 898 2159 923 κά-

1391 939 1465 964 κεῖσε
1478 939 1600 973 μανικῶς
1613 939 1799 975 περιάγοντες.
1809 941 1894 967 Τοῦτο
1906 941 1935 968 δὲ
1949 943 1996 968 καὶ
2007 942 2046 977 τῷ
2056 943 2160 978 Σισιννίῳ

1391 982 1491 1015 ἐδόκει,
1511 984 1558 1010 καὶ
1580 983 1723 1020 δεσμώτην
1742 985 1794 1011 ὑπὸ
1811 985 1866 1012 τῶν
1885 986 1998 1013 οἰκετῶν
2018 987 2160 1023 γεγενῆσθαι

1390 1028 1436 1055 τὸν
1451 1029 1624 1065 πατριάρχην
1638 1031 1684 1057 καὶ
1700 1031 1781 1063 αὐτὸς
1795 1031 1872 1066 ᾢετο.
1896 1032 2014 1065 Ἐκεῖνος
2026 1033 2053 1059 δὲ
2071 1033 2160 1068 ἀπαθὴς

1389 1073 1443 1101 ἀπὸ
1455 1074 1509 1101 τῶν
1523 1075 1622 1102 ἀδίκων
1632 1076 1744 1104 ἐκείνων
1754 1077 1876 1113 ἐτηρεῖτο
1887 1078 1997 1114 χειρῶν,
2011 1079 2069 1105 οὐδὲ
2077 1079 2161 1115 μικρὰν

1389 1121 1460 1156 ἁφὴν
1485 1121 1645 1157 ὑπομένων,
1672 1122 1731 1150 οὐδὲ
1757 1123 1786 1149 ὲν
1809 1124 1902 1159 μέσοις
1919 1126 1976 1157 τοῖς
1992 1124 2086 1157 δεινοῖς
2097 1125 2161 1161 θορυ-

1389 1165 1519 1201 ϐούμενος
1530 1187 1537 1199 ,
1553 1165 1612 1194 εἶτα
1634 1168 1681 1195 καὶ
1698 1169 1765 1204 πρὸς
1778 1168 1824 1195 τὸν
1845 1169 1958 1204 ἀνόητον
1979 1171 2080 1197 ἐκεῖνον
2098 1170 2160 1197 ίδώψ

1389 1211 1562 1248 Πεπώρωσαι
1581 1213 1631 1248 τὴν
1645 1214 1758 1249 καρδίαν
1768 1234 1775 1246 ,
1790 1214 1853 1250 ἔφη,
1868 1215 1959 1247 λίθους
1971 1215 2044 1242 οὕτω
2057 1216 2161 1248 καὶξύλα

1389 1258 1488 1291 κινῶν,
1516 1259 1563 1285 καὶ
1582 1259 1646 1294 ὅλην
1664 1260 1724 1286 κατ’
1745 1260 1835 1287 αὐτῶν
1858 1261 1948 1296 ἀφιεὶς
1973 1262 2024 1298 τὴν
2045 1262 2136 1298 ὀργὴν,
2148 1263 2162 1288 ἃ

1390 1303 1481 1338 μικρῷ
1493 1303 1611 1339 πρόσθεν
1623 1304 1719 1340 ἐτίμας
1729 1325 1736 1338 ,
1750 1305 1797 1332 καὶ
1809 1306 1847 1338 ὡς
1861 1306 1938 1338 θεοὺς
1950 1307 2119 1343 ἐθεράπευες.
2139 1308 2161 1333 '0

1388 1348 1416 1374 δέ
1429 1357 1435 1363 ·
1456 1348 1525 1375 Ἀλλ’
1539 1348 1595 1383 ἐγώ
1612 1358 1641 1376 σε
1660 1350 1752 1382 κακῶς
1769 1351 1862 1378 ἀπολῶ
1873 1371 1880 1383 ,
1893 1353 1974 1388 φησὶν
1984 1373 1992 1385 ,
2010 1353 2048 1385 ὠς
2068 1353 2110 1380 καὶ
2124 1362 2152 1388 με

1387 1394 1511 1421 ταὸαλεῖν
1530 1395 1642 1427 πολλοὺς
1653 1395 1707 1422 τῶν
1719 1398 1823 1432 γοήτων
1839 1397 1963 1425 ἐντεῦθεν
1974 1398 2023 1425 καὶ
2039 1398 2162 1434 σωφρονῆ-

1389 1448 1444 1472 σαι,
1464 1440 1511 1475 ἀφ’
1523 1437 1560 1468 ὦν
1575 1441 1655 1473 αὐτὸς
1667 1441 1702 1468 τὰ
1718 1442 1819 1478 ἔσχατα
1830 1444 1923 1481 πείσῃ,
1938 1444 1973 1471 τὰ
1988 1445 2094 1480 μεγάλα
2102 1445 2163 1471 ὲκεί-

1387 1493 1449 1517 νους
1463 1486 1654 1522 κερδάναντας.

1353 1521 1374 1549 c
1425 1531 1515 1558 CLIX.
1537 1532 1630 1559 Ταῦτα
1642 1533 1656 1559 ὁ
1672 1533 1721 1568 μὲν
1737 1533 1896 1570 φυσώμενος
1909 1535 1961 1562 ὑπὸ
1970 1536 2027 1563 τῶν
2038 1537 2164 1572 παρόντων

1384 1575 1460 1610 ἔλεγε
1471 1596 1478 1609 ,
1495 1577 1542 1603 καὶ
1564 1577 1665 1612 αὐχῶν,
1686 1578 1726 1604 ὅτι
1743 1579 1790 1605 καὶ
1809 1579 1918 1614 δεσμοῖς
1932 1580 2116 1616 ὑποϐέϐληκεν
2126 1581 2164 1607 τὴν

1384 1622 1566 1657 πατριάρχην.
1588 1623 1617 1649 '0
1636 1623 1681 1655 δὲ,
1696 1623 1756 1650 οὐδὲ
1770 1623 1856 1656 οὕτως
1873 1625 1954 1652 αὐτὸν
1971 1626 2163 1662 ἀπεστρέφετο,

1383 1667 1452 1694 ἀλλὰ
1466 1668 1516 1703 τὴν
1531 1668 1636 1695 ἐκείνου
1652 1668 1767 1703 σύζυγον
1781 1669 1946 1706 εὐλογήσας,
1960 1671 2009 1698 καὶ
2020 1673 2061 1704 εἰς
2073 1672 2119 1703 τὰς
2128 1672 2164 1698 εὑ-

1382 1713 1525 1749 γνώμονας
1554 1714 1663 1747 ὲκείνας
1695 1715 1742 1742 καὶ
1773 1716 1948 1748 καταπειθεῖς
1970 1718 2069 1750 ἀκοὰς,
2083 1718 2165 1753 ὥσπερ

1382 1759 1422 1790 είς
1453 1759 1594 1794 βαθύγειόν
1627 1769 1687 1787 τινα
1711 1762 1757 1787 καὶ
1785 1761 1901 1796 λιπαρὰν
1924 1763 2047 1800 ἄρουραν
2078 1763 2164 1798 δαψιλῆ

1384 1804 1528 1839 σπέρματα
1551 1804 1602 1840 τῆς
1625 1805 1768 1837 εὐσεϐείας
1793 1807 1954 1834 καταῦαλὼν
1966 1809 2001 1840 ⁸⁷,
2018 1808 2120 1844 ᾤχετο,
2134 1809 2166 1843 μὴ

1383 1849 1484 1875 ἀνεῖναι
1507 1850 1729 1885 προσευχομένην
1752 1851 1882 1887 πρότερον
1903 1852 2109 1888 ἐντειλάμενος,
2122 1853 2166 1883 ἕως

1383 1895 1429 1921 καὶ
1449 1894 1495 1920 τὸν
1509 1895 1594 1930 ἄνδρα
1616 1896 1656 1927 εἰς
1675 1895 1820 1929 ἐπίγνωσιν
1835 1896 1886 1931 τῆς
1899 1897 2030 1932 ἀληθείας
2044 1906 2166 1933 χειραγω-

1381 1941 1483 1976 γήσειε.
1501 1941 1539 1976 Τῇ
1555 1941 1621 1976 εὐχῇ
1647 1941 1736 1967 τοίνυν
1755 1940 1918 1977 θερμότερον
1941 1944 2164 1980 προσκειμένῃτῇ

1380 1985 1506 2022 Θεοδώρᾳ
1517 2006 1524 2018 ,
1540 1986 1711 2020 ἐπιφαίνεταί
1722 1996 1764 2018 τις
1777 1988 1845 2022 αὐτῇ
1858 1987 1926 2023 πρὸς
1937 1989 2061 2023 ἑσπέραν
2073 1989 2162 2016 αἰδέσι-

1383 2039 1432 2066 μος
1445 2032 1515 2067 ἀνὴρ
1528 2031 1574 2058 καὶ
1588 2032 1679 2063 πολιὸς
1699 2032 1748 2067 τὴν
1759 2034 1850 2068 τρίχα”
1870 2032 1951 2068 ἐῴκει
1962 2033 1991 2060 δὲ
2005 2035 2062 2070 ἄρα
2075 2036 2089 2061 ὁ
2101 2034 2166 2070 πρῶ-

1380 2085 1426 2109 τος
1437 2077 1491 2103 τῶν
1507 2077 1634 2113 μαθητῶν
1646 2075 1715 2104 εἶναι
1728 2078 1840 2113 Πέτρος,
1851 2078 1865 2104 ὁ
1874 2078 1921 2105 τοῦ
1931 2079 2101 2107 Διδασκάλου
2111 2080 2164 2114 θερ-

1383 2124 1431 2158 μὸς
1445 2124 1563 2159 ἐραστής
1573 2133 1579 2139 ι
1594 2124 1639 2150 καί
1651 2132 1716 2158 φησι
1731 2124 1798 2159 πρὸς
1811 2125 1895 2160 αὐτήν
1905 2134 1912 2140 υ
1930 2125 1980 2152 Διὰ
1993 2126 2036 2158 σὲ,
2050 2123 2073 2153 ὧ
2084 2127 2164 2160 γύναι,

1382 2170 1460 2205 ὑγιὴς
1474 2170 1548 2196 ἔσται
1561 2170 1693 2202 Σισίννιος
1705 2190 1712 2201 ,
1734 2170 1808 2202 ὅπως
1831 2171 1864 2197 ἂν
1879 2172 1925 2198 καὶ
1939 2172 2010 2207 ἀνὴρ
2021 2192 2030 2203 ,
2046 2172 2117 2199 κατὰ
2126 2172 2164 2198 τὸν

1345 2210 1367 2236 Ῑ)
1381 2216 1493 2250 ὣελφόν
1519 2225 1569 2251 μου
1591 2216 1712 2248 Παῦλον,
1726 2216 1842 2252 ἀγιασθῇ
1858 2217 1901 2244 διὰ
1919 2218 1968 2254 τὴν
1989 2221 2118 2252 γυναῖκα.
2142 2219 2165 2243 '0

1384 2262 1433 2296 μὲν
1444 2260 1500 2295 οὖν,
1514 2261 1599 2288 ταῦτα
1612 2261 1706 2294 εἰπὼν,
1722 2262 1850 2297 ἀπῆλθεν.

1416 2307 1495 2334 CLX.
1523 2307 1551 2334 '0
1565 2308 1696 2339 Σισίννιος
1708 2308 1736 2334 δὲ
1749 2308 1846 2334 αὐτίκα
1859 2309 1905 2335 καὶ
1918 2309 2013 2344 ὥσπερ
2027 2311 2062 2336 ὲκ
2077 2310 2164 2343 συνθή-

1381 2360 1465 2387 ματος
1475 2352 1524 2386 τὴν
1535 2352 1673 2388 Θεοδώραν
1686 2352 1803 2384 καλέσας
1811 2362 1818 2368 ο
1830 2351 1872 2388 (ἦν
1884 2353 1911 2379 δὲ
1922 2353 1976 2389 ἄρα
1990 2354 2074 2381 τοῦτο
2087 2355 2164 2390 πέρας

1378 2397 1429 2432 τῆς
1442 2398 1572 2433 φανείσης
1584 2398 1652 2433 αὐτῇ
1663 2398 1685 2414 ⁸³
1697 2398 1784 2432 ὂψεως
1828 2399 1874 2425 τοῦ
1887 2399 1969 2426 πόθου
1981 2408 2012 2426 τε
2026 2401 2113 2436 αὐτὴν
2124 2400 2164 2426 καὶ

1377 2443 1432 2470 τῶν
1445 2443 1541 2470 κοινῶν
1562 2443 1650 2475 ἁλῶν,
1670 2444 1715 2470 καὶ
1735 2444 1783 2479 τῆς
1805 2445 1911 2476 ἑστίας,
1937 2445 1983 2471 καὶ
2001 2446 2054 2481 τῆς
2076 2445 2164 2479 λοιπῆς

1377 2489 1485 2524 ἁπάσης
1499 2490 1641 2520 κοινωνίας
1655 2490 1866 2525 ἀναμιμνήσκει,
1882 2491 1928 2517 καὶ
1949 2491 2063 2518 πάντων
2081 2491 2164 2518 αὐτῶν

1379 2534 1443 2569 μίαν
1455 2535 1566 2561 ἀπαιτεῖ
1589 2536 1683 2570 χάριν,
1700 2536 1746 2561 καὶ
1770 2535 1879 2572 λιπαρεῖ
1904 2537 1953 2572 τὴν
1977 2539 2099 2571 γυναῖκα
2123 2538 2163 2563 καὶ

1380 2581 1505 2612 ἱκετεύει,
1515 2580 1585 2607 ὥστε
1595 2580 1722 2615 δεηθῆναι
1732 2581 1779 2607 τοῦ
1791 2581 1858 2608 Θεοῦ
1872 2582 1978 2617 ἀφεῖναί
1987 2591 2019 2609 τε
2031 2584 2067 2610 τὰ
2079 2585 2163 2619 ἡμαρ-

1378 2626 1482 2660 τημένα
1492 2645 1499 2657 ,
1513 2627 1559 2652 καὶ
1573 2626 1623 2661 τὴν
1635 2625 1696 2652 ὁδὸν
1709 2626 1783 2661 αὺτῷ
1799 2627 1992 2664 ὑποδεῖξαιῠτῆς
2003 2629 2142 2666 σωτηρίας
2153 2646 2159 2654 ι

1192 2707 1309 2734 VARIIE
1329 2706 1529 2736 LECTIONES.

572 2762 597 2779 “
615 2762 650 2788 al.
671 2762 727 2798 καί.
766 2765 789 2780 ⁵⁸
808 2761 913 2793 Matth"
936 2772 993 2798 ut,
1013 2764 1059 2792 22.
1098 2765 1121 2784 ³⁵
1151 2764 1187 2791 al.
1207 2763 1354 2791 διαλέλυτο.

538 2796 603 2825 Cor.
621 2805 668 2829 vn,
685 2797 729 2824 Η.
782 2798 805 2814 δ’
824 2798 861 2826 al.
880 2798 975 2834 αὐτῆς.

2118 2764 2159 2791 ⁸³1

1420 2764 1443 2780 ⁸⁸
1463 2766 1498 2793 al.
1511 2765 1596 2794 inser.
1616 2767 1666 2798 εἰς.
1714 2767 1735 2782 ⁸⁷
1757 2766 1793 2793 al.
1814 2773 1935 2802 prapon.
1956 2766 2066 2805 ἀπιὼν.
