2290 3110
53 174 93 201 589

423 170 690 199 CLEMENTINA.-—
712 169 861 198 EPITOME
880 169 924 197 DE
942 170 1063 199 GESTIS
1082 172 1109 199 S.
1127 172 1237 199 PETRI.

1580 173 1634 201 390

52 228 102 256 Είτα
120 231 256 265 κατήγορος
275 228 355 260 αὐτὸς
374 227 469 254 ἑαυτοῦ
496 227 619 261 γίνεται,
644 227 690 253 καὶ
716 226 803 253 πάντα
819 228 841 256 Α
856 231 932 254 strct.
949 226 956 253 1

730 226 803 253 πάντα
819 228 841 256 Α
856 231 932 254 stret.
949 226 1046 254 Postea
1060 228 1117 263 ipse
1141 229 1183 256 sui
1209 235 1352 256 accusator
1369 229 1498 263 cﬂlcitur,
1520 237 1634 260 cuncta-

51 277 140 312 ποιῆσαι
151 275 181 302 δι’
194 275 274 310 αὐτὴν
286 275 332 301 καὶ
345 274 438 301 παθεῖν
449 273 623 307 ἀπαγγέλλει.

77 363 150 390 CLXI.
175 362 240 396 Ἐγὼ
251 362 304 398 γὰρ
318 362 508 397 ἐζηλοτύπουν,
521 361 613 396 φησὶν,
626 360 672 387 ἐπὶ
684 360 734 391 σοὶ,
748 360 798 390 ὄτι,

47 409 82 436 τὸν
97 409 196 443 σύζυγον
209 408 256 444 ἐμὲ
274 407 431 444 περιορῶσα
440 427 447 439 ,
461 406 537 442 παρά
555 406 601 433 τὸν
622 405 695 438 ξένον
707 405 801 432 τοῦτον

49 455 144 490 ἐφοίτας,
159 454 186 480 τὸ
196 453 241 480 τοῦ
253 454 420 489 πατριάρχου
431 451 557 488 προσθεὶς
564 451 648 486 ὄνομα
656 459 662 465 ·
682 450 801 482 καὶτοὺς

47 501 85 535 τῆς
94 500 186 534 φύσεως
198 498 325 535 θορύϐους
334 518 342 531 ,
355 499 402 525 καὶ
417 498 467 529 τὰς
480 498 512 524 ὲκ
523 498 573 532 τῆς
591 496 674 531 ζάλης
681 496 704 511 ⁸ο
716 504 801 532 ταρα-

47 546 86 581 χάς
104 546 130 572 οὐ
149 546 252 581 φέρων,
278 543 452 580 ἠναγκάσθην
476 543 544 578 πρὸς
573 541 623 578 τὴν
654 541 800 576 ἐκκλησίαν

45 592 153 618 ἀπιοῦσαν
165 591 320 626 έπιφυλάξαι
334 599 374 621 σε,
386 590 433 616 καὶ
446 589 510 616 ίδεῖν
520 588 555 615 τὰ
565 588 723 624 τελούμενα.
736 587 800 614 Εἰσ-

46 638 112 665 ελθὼν
133 638 215 664 τοίνυν
230 638 277 664 καὶ
299 637 380 668 αὐτὸς
399 636 513 662 κατόπιν
531 635 636 667 είςίτὺν
657 634 737 666 ναὸν,
753 633 800 660 καὶ

45 685 173 720 περιέργοις
181 673 325 718 ὀφθαλμοῖς
334 683 368 709 τὰ
377 683 429 709 ὑπὸ
440 681 486 708 τοῦ
495 681 662 716 πατριάρχου
671 680 800 714 γινόμενα

45 729 149 765 Θεωρῶν,
173 729 234 764 ὅλην
255 737 286 754 τε
305 727 379 763 αὐτῷ
400 728 450 763 τὴν
468 727 553 762 ἀκοὴν
571 726 729 758 διανιστῶν,
753 726 800 752 καὶ

43 776 155 810 ἀκροατὴς
166 773 231 802 εἷναι
241 774 297 801 τῶν
309 774 461 809 λεγομένων
479 772 577 799 ἐθέλων
586 792 593 805 ,
610 772 659 803 τὰς
667 771 755 807 ιόψεις
769 779 799 798 τε

43 820 95 855 ὁμοῦ
104 817 241 848 ηὶτάὧτα
254 819 404 856 πηροῦμαι.
420 820 450 845 Et
464 819 511 845 καὶ
527 818 606 845 πάλιν
623 819 734 848 ἐκεῖνος,
752 817 800 844 am

42 867 94 893 θεοῦ
108 867 217 902 μιμητὴς
231 867 279 900 ὢν,
294 866 442 900 ἀναϐλέψαι
453 874 482 892 τε
499 865 545 892 καὶ
557 864 671 891 ἀκοῦσαι
684 863 798 898 mmin-

852 280 906 306 que
920 281 950 300 se
964 278 1075 309 propter
1091 275 1164 301 illam
1187 274 1285 302 fecisse
1310 283 1343 302 ac
1357 276 1500 311 pertulisse
1515 284 1636 306 commo-

853 323 952 346 morat.

887 363 978 392 CLXI.
1000 364 1056 400 Ego
1079 365 1151 392 enim
1165 386 1174 397 ,
1204 366 1302 401 inquit,
1327 367 1456 402 zelotypia
1479 369 1517 396 tui
1535 369 1636 398 ductus

853 417 926 442 sum,
943 411 1016 445 quod
1032 418 1076 438 me
1089 411 1206 446 conjuge
1217 412 1349 447 neglecto,
1367 413 1400 440 ad
1417 414 1549 448 hospitem
1562 415 1635 443 hunc

853 455 1023 488 adventares,
1041 462 1067 484 ct
1083 458 1188 485 addidit
1205 466 1302 485 nomen
1323 459 1499 493 patriarchae;
1518 465 1636 488 natum-

853 510 906 537 que
924 504 1142 537 perturbationes
1158 511 1189 530 ac
1208 511 1241 530 ex
1254 503 1429 532 fluctuatione
1444 510 1519 533 ortos
1534 507 1636 534 tumul-

854 551 896 574 tus
911 554 965 574 non
981 547 1086 580 ferens,
1101 553 1212 576 coactus
1225 556 1286 576 sum
1307 554 1333 576 te
1354 557 1415 576 cum
1432 551 1466 577 ad
1490 551 1635 579 ecclesiam

851 593 905 620 ires
919 595 1075 626 observare,
1089 599 1170 630 atque
1181 595 1273 622 videre
1284 603 1344 630 qua:
1355 596 1514 630 agebantur.
1531 597 1636 632 Ingres-

851 646 899 666 sus
913 645 977 673 ergo
988 643 1015 665 et
1030 637 1087 673 ipse
1101 644 1163 674 post
1180 644 1206 667 te
1223 640 1250 667 in
1270 641 1415 676 templum,
1427 642 1570 677 oculisque
1587 651 1636 670 cu-

851 683 933 711 riosis
947 691 1031 718 quam
1044 685 1196 719 patriarcha
1211 686 1374 720 gerebantur
1396 688 1542 722 aspiciens,
1555 689 1636 724 eique

851 733 922 756 totas
942 737 1022 757 aures
1036 730 1172 765 arrigcns,
1186 739 1219 758 ac
1232 739 1327 759 eorum
1339 740 1400 767 quae
1412 733 1573 761 dicebantur
1587 742 1636 762 cu-

851 774 930 809 piens
945 783 1007 802 esse
1029 776 1158 809 auditor,
1182 777 1269 804 oculis
1291 778 1391 812 pariter
1413 784 1496 814 atque
1522 780 1636 807 auribus

852 826 947 856 captus
962 829 1034 848 sum.
1049 821 1083 849 Et
1094 822 1155 849 licet
1173 823 1217 850 ille
1229 823 1325 850 iterum
1338 844 1346 857 ,
1376 829 1468 859 utpote
1483 824 1530 852 Dei
1545 826 1636 853 imita-

852 871 906 899 tor,
924 875 967 894 me
982 874 1094 895 cernere
1107 876 1139 894 ac
1153 868 1247 896 audire
1260 868 1369 902 fecerit;
1389 877 1439 904 ego
1455 875 1545 898 tamen
1566 872 1635 899 tanti

42 921 79 939 κε’
91 913 138 946 ἐγὼ
149 912 175 939 δὲ
189 912 290 947 ἀγαθοῦ
309 911 434 939 τοσούτου
451 911 661 947 ἀμνημονήσας,
677 910 707 936 οὐ
723 910 801 945 μόνον
817 912 839 939 Β
853 912 946 940 bene“.

731 910 801 936 ιόνον
817 912 839 939 Β
853 912 977 940 beneﬁcii
992 913 1151 945 immemor,
1167 921 1221 940 non
1236 915 1324 942 solum
1339 920 1430 950 grates
1441 916 1491 950 ipsi
1503 917 1538 943 ob
1552 917 1635 945 henc-

39 960 77 986 οὐκ
99 959 216 987 ἀπέδωκα
224 960 246 975 ⁵¹
260 959 373 995 χάριτας
386 958 460 994 αὐτῷ
473 958 523 993 τῆς
539 957 696 993 εὐεργεσίας
705 976 712 988 ,
735 955 802 991 ἀλλὰ

40 1006 204 1041 καὶτερατείαν
215 1007 229 1033 ὁ
239 1006 386 1042 μάταιοςτὸ
395 1005 487 1040 οαῦμα
495 1003 802 1040 είπὼν,τιμωρήσασθαί

39 1059 59 1076 τε
68 1051 136 1078 αὑτὸν
147 1051 369 1087 ἐπεχείρουν,ὄῆ
385 1059 430 1086 μοι
445 1049 569 1085 δύναμις,
583 1049 629 1075 καὶ
641 1050 799 1084 κατασχεῖν,

38 1097 102 1132 οἴμοι,
113 1098 155 1124 καὶ
166 1097 273 1133 δεσμοῖς
289 1096 444 1132 περιϐαλεῖν
463 1096 587 1122 ἐκέλευον
600 1096 656 1126 τοῖς
664 1095 784 1126 οίκέταις
792 1108 800 1115 -

37 1141 129 1173 ἐκείνοις
135 1142 171 1173 δὲ,
179 1142 304 1177 κατέχειν
316 1150 345 1168 τε
356 1141 436 1167 αὐτὸν
450 1140 589 1176 νομίζουσι
603 1140 651 1167 καὶ
660 1141 700 1171 είς
713 1139 802 1175 δεσμά

36 1187 127 1223 φέρειν,
147 1188 209 1221 ξύλα
227 1186 262 1223 ἦν
282 1189 310 1214 ὲν
326 1187 404 1223 χερσὶ
423 1187 501 1222 μόνον
515 1186 562 1213 καὶ
579 1186 661 1212 λίθοι.
675 1185 760 1212 Τοῦτο
773 1185 801 1211 δὲ

36 1233 145 1269 χαὶαΰτῷ
157 1243 200 1268 μοι
219 1234 318 1266 ἐδόκει,
339 1233 385 1260 καὶ
397 1230 441 1259 οἷα
455 1233 501 1259 ὑπ’
514 1232 604 1259 αὐτῶν
618 1232 800 1267 κατεχομένου

35 1279 70 1305 τοῦ
86 1281 242 1315 πατριάρχου
254 1301 260 1313 ,
274 1279 388 1311 ἀπειλὰς
404 1279 459 1313 ὲγὼ
472 1278 664 1314 χαλεπωτέρας
687 1278 799 1314 ἐπῆγον.

34 1324 72 1350 Διά
83 1324 152 1351 τοῦτο
164 1325 257 1361 δέομαι
268 1326 283 1352 ό
298 1325 342 1357 σὸς
353 1324 437 1360 ἀνὴρ,
451 1325 498 1350 καὶ
509 1323 610 1359 ταύτην
622 1323 697 1359 παρά
708 1332 802 1357 γυναι-

34 1370 72 1401 κὸς
85 1371 147 1406 ἐμῆς
159 1371 225 1398 αίτῶ
235 1372 316 1407 χάριν
327 1371 360 1403 ⁸¹,
375 1371 446 1397 ὥστε
458 1369 554 1406 πρῶτα
575 1369 624 1404 μὲν
638 1369 740 1404 εὐμενῆ
752 1377 800 1403 γε-

33 1415 108 1443 νέσθαι
117 1417 138 1433 ⁵³
149 1417 193 1445 τὸν
207 1416 275 1445 Θεὸν
284 1437 291 1450 ,
306 1417 399 1444 ἔπειτα
410 1417 439 1443 δὲ
453 1437 460 1449 ,
475 1417 521 1443 καὶ
533 1416 612 1443 αὑτὸν
627 1415 804 1450 διαλλαγῆναι

32 1460 68 1487 τὸν
80 1463 251 1499 πατριάρχην.

59 1507 149 1534 CLXII.
169 1509 278 1536 Τούτων
292 1509 432 1535 ἀκούσασα
444 1508 578 1544 Θεοδώρα,
591 1508 659 1544 πρδς
672 1507 717 1534 τὸν
728 1507 801 1534 ὅσιον

31 1551 96 1584 εὐθὺς
113 1553 280 1588 ἀρικνεῖται,
293 1554 340 1580 καὶ
359 1554 408 1580 ὅσα
421 1561 451 1579 τε
464 1553 512 1580 ⁵ἔδοι
522 1573 530 1585 ,
549 1553 596 1579 καὶ
605 1554 655 1579 ὅσα
668 1552 743 1588 παρὰ
752 1551 800 1578 τοῦ

30 1598 110 1633 ἀνδρὸς
125 1600 249 1626 ἀκούσειε
261 1620 269 1632 ,
293 1600 374 1627 πάλιν
399 1599 563 1634 ἀπαγγέλλει
583 1598 670 1625 πάντα
687 1599 728 1634 τῷ
747 1607 799 1625 πα-

29 1644 136 1681 τριάρχῃ.
155 1645 184 1672 Ὀ
194 1646 222 1672 δὲ
236 1646 275 1681 μὴ
288 1645 422 1681 μελλήσας
433 1645 526 1681 μηδὲν,
537 1644 634 1671 αὐτίκα
647 1644 718 1680 μάλα
730 1643 798 1680 πρὸς

29 1688 66 1714 τὸν
77 1690 198 1718 Σισίννιω
221 1691 420 1727 παραγίνεται·
437 1691 482 1717 καὶ
502 1691 551 1725 οὐχ
572 1691 609 1722 ὠς
626 1690 657 1716 τὸ
669 1690 798 1726 πρότερον

28 1733 89 1769 αὐτῷ
98 1736 265 1772 ἐντυγχάνει,
277 1735 346 1763 ἀλλὰ
356 1735 415 1771 μεθ’
423 1736 489 1770 ὅσης
503 1736 606 1766 ἐκεῖνος
619 1734 659 1770 τῷ
669 1734 800 1770 πατριάρ-

29 1786 57 1816 χῃ
74 1781 215 1817 προσέϐαλε
235 1782 299 1808 τότε
321 1781 373 1816 τῆς
395 1781 563 1816 ἀγριότητος,
589 1779 658 1815 μετά
679 1779 800 1811 πλείονος

29 1826 95 1853 αὐτὸν
105 1829 149 1854 νῦν
159 1829 209 1864 τῆς
223 1828 307 1863 τιμῆς
316 1827 485 1862 ὑποδέχεται.
501 1823 617 1862 Ἀθρόαν
628 1825 715 1852 τοίνυν
728 1825 799 1852 οὕτω

29 1872 67 1898 καὶ
78 1873 169 1909 πολλὴν
187 1874 238 1910 τὴν
261 1873 410 1909 μεταϐολὴν
429 1874 444 1899 ὁ
463 1873 550 1908 μέγας
567 1871 628 1899 ἰδὼν
638 1892 645 1904 ,
659 1872 753 1906 λόγους
768 1880 798 1898 τε

813 1578 834 1607 C

28 1918 135 1954 περὶτῆς
147 1919 290 1950 εὐσεϐείας
311 1918 403 1951 δεξιῶς
416 1919 487 1952 ἄγαν
503 1917 577 1953 αὐτῷ
588 1917 722 1944 ὑποτείνει
732 1937 739 1949 ,
752 1917 799 1944 καὶ

27 1962 75 1989 ὅλον
85 1964 253 1991 ὺτωποιεῖται
262 1965 308 1991 τὸν
320 1964 412 1999 ἄνδρα.
424 1964 479 1991 Καὶ
490 1964 637 1996 πιστεύσας
647 1964 701 1990 ἀπὸ
709 1963 798 1998 ψυχῆς

26 2010 38 2034 ὀ
54 2010 173 2042 ΣισίῊιος
191 2011 233 2047 τῷ
251 2010 311 2046 Θεῷ
323 2031 330 2042 ,
358 2010 445 2045 ἥψατο
465 2009 519 2036 τῶν
535 2010 675 2045 μακαρίων
688 2010 799 2036 ἐκείνων

27 2055 65 2082 τοῦ
80 2058 242 2094 πατριάρχου
263 2056 350 2083 ποδῶν
362 2054 437 2088 ,’καὶ
458 2055 569 2083 τοιαῦτα
590 2056 657 2091 μετὰ
674 2056 799 2092 δακρύων

26 2103 158 2138 ἐφθέγγετο
167 2113 174 2120 ·

54 2149 158 2177 CLXIII.
175 2149 337 2186 Εὐχαριστῶ
344 2158 383 2175 σοι
395 2148 434 2184 τῷ
442 2147 590 2184 ἀληθεῖκαὶ
601 2149 673 2184 μόνῳ
682 2148 751 2183 Θεῷ,
759 2147 799 2184 τῷ

25 2195 61 2222 διὰ
69 2197 141 2223 τοῦτό
154 2205 199 2232 μοι
209 2196 275 2226 τοὺς
291 2194 446 2229 ὀφθαλμοὺς
460 2193 634 2229 πεπηρωκὰτι
645 2193 691 2220 τοῦ
705 2192 798 2228 σώμα-

853 958 989 986 licentiam
1004 966 1057 985 non
1072 959 1206 994 persolvi,
1222 960 1269 986 sed
1284 965 1310 987 et
1324 961 1439 988 stolidus
1452 982 1459 995 ,
1472 969 1535 989 cum
1550 962 1635 990 mira-

852 1003 944 1031 culum
961 1004 1079 1032 dicerem
1095 1012 1155 1031 esse
1169 1005 1330 1041 praestigias,
1352 1014 1414 1033 eum
1431 1007 1565 1042 supplicio
1578 1008 1637 1035 stli-

852 1056 929 1082 cerc,
943 1054 1073 1084 quantum
1091 1051 1182 1085 potui,
1196 1055 1311 1078 conatus
1321 1059 1381 1078 sum
1391 1072 1398 1084 ,
1411 1051 1536 1087 jussique
1547 1053 1637 1080 famu-

853 1094 902 1127 lis,
925 1095 968 1122 hei
989 1095 1073 1122 mihi!
1094 1101 1123 1122 ut
1146 1096 1270 1123 eumdem
1294 1096 1442 1125 retinerent
1463 1105 1495 1126 ac
1519 1099 1635 1127 vinculis

853 1145 1013 1174 onerarent;
1030 1141 1084 1169 illis
1102 1149 1166 1168 vero
1181 1142 1227 1176 qui
1243 1146 1335 1169 tenere
1353 1143 1429 1170 illum
1443 1148 1470 1171 et
1486 1144 1514 1171 in
1529 1145 1635 1172 vincula

853 1187 953 1215 dueere
967 1187 1118 1222 putabant,
1134 1187 1205 1222 ligna
1217 1188 1349 1216 duntaxat
1360 1192 1387 1216 et
1401 1189 1505 1224 lapides
1517 1196 1594 1218 erant
1607 1191 1634 1218 in

853 1232 982 1259 manibus
996 1240 1004 1259 :
1019 1231 1045 1259 id
1059 1231 1132 1267 quod
1149 1232 1215 1259 mibi
1231 1233 1313 1260 etiam
1330 1233 1488 1268 videbatur;
1512 1240 1539 1262 et
1555 1236 1634 1270 quasi

853 1278 888 1305 ah
906 1278 945 1305 eis
963 1278 1118 1312 patriarcha
1143 1279 1328 1312 detineretur,
1349 1279 1438 1307 minas
1460 1280 1634 1315 gravissimas

852 1331 903 1358 ego
915 1323 1064 1358 jactabam.
1078 1323 1211 1356 Quocirca
1228 1331 1342 1358 precor,
1358 1325 1400 1351 vir
1418 1330 1492 1356 tuus.
1510 1325 1635 1361 hancque

853 1370 887 1396 ab
902 1377 988 1396 uxore
999 1377 1059 1396 mea
1076 1369 1191 1404 gratiam
1207 1373 1269 1404 peto
1280 1374 1310 1396 ut
1326 1370 1414 1404 primo
1426 1370 1534 1404 quidem
1549 1370 1634 1398 Deum

851 1415 919 1442 mihi
936 1415 1085 1450 propitium
1099 1415 1210 1447 eﬂicias,
1222 1415 1320 1443 deinde
1332 1424 1397 1443 vero
1408 1421 1435 1444 et
1449 1424 1492 1444 me
1506 1417 1636 1445 concilies

852 1460 1025 1496 patriarchae.

852 1514 854 1516 '
887 1505 989 1533 CLXII.
1002 1505 1049 1534 His
1060 1507 1171 1541 auditis,
1185 1507 1328 1535 Theodora
1342 1508 1374 1535 ad
1389 1512 1513 1535 sanctum
1527 1507 1635 1535 confes-

853 1552 899 1579 tim
914 1553 1003 1586 venit,
1019 1557 1171 1587 cuuctaque
1192 1561 1252 1587 qua:
1278 1553 1404 1583 vidisset,
1421 1557 1447 1579 et
1471 1560 1531 1587 qua-
1545 1560 1559 1579 a
1576 1552 1634 1579 viro

850 1599 990 1631 audiisset,
1001 1607 1109 1626 rursum
1124 1599 1285 1634 patriarcha:
1296 1600 1413 1626 nuntiat.
1428 1599 1474 1626 Ille
1486 1599 1553 1626 nihil
1567 1607 1636 1626 cun-

850 1649 950 1678 ctatus,
966 1645 1098 1672 citissime
1113 1645 1146 1672 ad
1160 1644 1311 1672 Sisinnium
1324 1645 1507 1680 proﬁciscitur
1521 1654 1527 1672 :
1544 1649 1571 1672 et
1580 1653 1635 1672 non

850 1696 879 1718 ut
896 1696 975 1718 antea
991 1699 1053 1718 cum
1072 1691 1175 1718 invenit
1188 1712 1195 1724 ,
1213 1691 1260 1718 sed
1272 1699 1334 1718 cum
1351 1695 1452 1726 quanta
1470 1691 1514 1718 ille
1535 1691 1635 1718 feroci-

849 1741 904 1764 tate
920 1737 1102 1772 patriarcham
1117 1742 1181 1764 tunc
1203 1738 1317 1764 adortus
1337 1737 1440 1770 fuerat,
1455 1745 1517 1764 cum
1531 1737 1635 1772 majOre

850 1785 953 1811 honore
977 1792 1049 1812 nunc
1073 1791 1135 1811 eum
1149 1785 1259 1818 excipit.
1278 1784 1353 1811 Adeo
1368 1784 1451 1819 igitur
1470 1785 1588 1812 subitam
1607 1788 1635 1811 ct

850 1838 975 1865 magnam
992 1830 1171 1857 mutationem
1195 1830 1237 1857 vir
1257 1837 1372 1865 magnus
1384 1837 1510 1864 cernens,
1527 1838 1633 1858 sermo-

850 1883 898 1903 nes
910 1875 943 1903 de
955 1875 1053 1910 pietate
1069 1875 1214 1903 admodum
1228 1877 1296 1903 scite
1310 1876 1334 1903 ei
1348 1877 1479 1912 suggerit,
1493 1882 1636 1912 totumque

850 1921 902 1950 sibi
917 1926 1058 1956 comparat
1075 1922 1224 1950 hominem.
1244 1922 1368 1957 Cumque
1387 1930 1419 1950 ex
1438 1923 1530 1950 animo
1546 1922 1636 1950 Sisin-

850 1969 912 1996 nius
927 1968 981 1995 Deo
994 1967 1172 1999 credidisset,
1192 1968 1279 2002 tetigit
1289 1968 1383 1996 beatos
1398 1968 1459 1996 illos
1471 1967 1634 2003 patriarcha:

849 2013 941 2048 pedes,
956 2013 1067 2048 haecque
1084 2021 1145 2040 cum
1165 2013 1292 2048 lacrymis
1306 2013 1463 2047 prolocutus
1474 2017 1531 2040 est:

885 2146 998 2175 CLXIII.
1023 2146 1130 2175 Gratia’s
1162 2153 1212 2180 ago
1234 2146 1283 2173 tibi
1301 2153 1365 2173 vero
1382 2153 1414 2173 ac
1429 2146 1480 2173 soli
1495 2145 1566 2177 Deo,
1585 2145 1633 2180 qui

851 2192 912 2220 ideo
923 2193 990 2220 mihi
1005 2192 1100 2220 oculos
1113 2191 1236 2226 corporis
1249 2191 1403 2223 excaecasti,
1417 2195 1448 2218 ut
1462 2198 1510 2218 eos
1520 2191 1567 2225 qui
1578 2191 1635 2217 ani-

25 2247 72 2274 τος,
85 2243 154 2274 ὅπως
173 2243 239 2274 τοὺς
249 2242 301 2276 τῆς
309 2241 399 2276 ψυχῆς
407 2240 551 2277 διανοίξῃς,
560 2240 606 2267 καὶ
612 2239 751 2274 διαϐλέψαι
767 2247 800 2274 με
816 2244 838 2271 ι)
852 2246 904 2266 mae
920 2246 929 2266 ε

729 2248 751 2266 ιι
767 2247 800 2274 με
816 2244 838 2271 ι)
852 2246 904 2266 mae
920 2243 984 2266 sunt
997 2238 1134 2272 aperires,
1148 2244 1246 2271 meque
1259 2236 1364 2264 faceres
1378 2236 1500 2270 aspicere
1515 2235 1550 2263 ad
1563 2235 1633 2262 veri-

25 2288 224 2325 παρασκευάσῃς
250 2287 318 2323 πρὸς
340 2287 389 2322 τὴν
408 2286 544 2321 ἀλήθειαν·
563 2286 607 2312 διὰ
623 2285 741 2312 τοῦτοδὲ
755 2285 802 2312 καὶ

25 2332 70 2358 τῶν
83 2333 155 2361 ὤτων
166 2335 217 2370 τὴν
241 2333 381 2368 ἐνέργειαν
392 2331 583 2362 ἀποσϐέσαντι,
598 2331 671 2362 ὃπως
681 2330 802 2366 νηφούσῃ

24 2376 130 2414 διανοίᾳ,
144 2380 191 2406 καὶ
215 2378 329 2415 μηδενὸς
342 2377 395 2403 τῶν
409 2376 507 2409 ἔξωθεν
525 2375 592 2407 ὅλως
610 2375 801 2412 αἰσθανομένῃ,

25 2422 50 2448 τὸ
60 2424 105 2459 τῆς
116 2425 259 2455 εὐσεϐείας
273 2423 444 2458 ὐποδέξωμαι
457 2423 597 2458 κήρυγμα.
610 2422 666 2448 Νῦν
677 2422 704 2448 δὲ
717 2422 802 2458 αὐτὴν

24 2469 65 2504 τὴν
73 2470 196 2506 ἀλήθειαν
207 2469 330 2506 ὲμυήΘην
340 2490 347 2502 ,
362 2469 408 2496 καὶ
424 2468 544 2504 ἀκριϐῶς
558 2468 592 2494 τά
601 2468 655 2494 τῶν
672 2467 803 2503 Ἐλλήνων

24 2515 134 2549 διέγνων,
142 2517 253 2552 ἀπάτην
269 2516 332 2542 ὄντα
354 2516 432 2551 μόνον
446 2515 492 2541 καὶ
504 2514 645 2549 τερατείαν
662 2513 800 2540 ἀπίθανον.

29 2558 82 2586 Ἐπὶ
102 2561 208 2593 τούτοις
220 2561 367 2597 φαιδρότης
386 2560 448 2595 ἔσχε
472 2560 519 2586 καὶ
542 2559 623 2595 ἡδονὴ
643 2559 688 2586 τὸν
707 2557 781 2585 οἷκον
794 2579 801 2590 ,

25 2605 65 2630 καὶ
79 2605 116 2640 τῷ
136 2605 251 2641 Χριστῷ
272 2605 372 2636 πάντες
393 2605 564 2631 ὲπίστευσαν.
587 2603 640 2630 Τοῦ
662 2604 754 2638 πάσχα
774 2603 802 2630 δὲ

24 2650 66 2686 ἥδη
86 2651 281 2687 ἐνισταμένου.
304 2651 485 2677 ἐϐαπτίσαντο
504 2649 572 2685 μετά
596 2649 644 2677 τοῦ
668 2649 801 2676 Σισιννίου

24 2698 114 2729 πάντες
130 2699 248 2734 πατέρες
260 2697 328 2734 όμοῦ
343 2698 390 2725 καὶ
406 2697 522 2733 μητέρες
535 2697 580 2723 καὶ
590 2696 693 2728 παῖδες,
710 2697 750 2727 εἰς
763 2695 802 2721 εῖ-

24 2750 76 2769 atos:
89 2744 134 2771 καὶ
146 2746 222 2780 τρεῖς
230 2744 274 2771 ἐπὶ
285 2745 341 2775 τοῖς
352 2742 536 2778 τετρακοσίοις
545 2742 629 2773 ὀντες.
642 2740 726 2767 Τοῦτο
739 2740 803 2766 πολ-

853 2289 952 2317 tatem;
971 2283 1085 2318 ideoque
1097 2284 1178 2310 etiam
1197 2283 1305 2309 aurium
1323 2282 1374 2309 vim
1389 2281 1589 2317 compressisti,
1605 2285 1635 2307 ut

852 2335 943 2358 mente
958 2329 1030 2365 vigili
1045 2329 1168 2363 nihilque
1181 2329 1289 2363 penitus
1301 2335 1396 2355 eorum
1411 2335 1472 2363 qua:
1483 2332 1557 2354 extra
1570 2332 1635 2353 sunt

853 2376 987 2404 sentiente
999 2396 1006 2408 ,
1028 2382 1097 2402 verte
1116 2374 1258 2409 religionis
1273 2374 1440 2408 susciperem
1463 2372 1634 2408 pradicatio-

853 2430 926 2449 nem.
949 2420 1026 2449 Nunc
1042 2429 1107 2448 vero
1124 2421 1261 2456 mysteriis
1275 2420 1396 2448 veritatis
1419 2420 1540 2447 initiatus
1561 2426 1632 2448 sum,

855 2472 986 2502 certoque
999 2466 1097 2502 agnovi
1112 2466 1253 2501 gentilium
1274 2473 1353 2493 sacra
1378 2465 1500 2492 fraudem
1527 2468 1634 2491 tantum

854 2521 915 2541 esse
929 2521 962 2540 ac
978 2512 1164 2540 incredibilem
1180 2512 1338 2539 vanitatem.
1359 2510 1472 2545 Propter
1488 2511 1540 2537 ista
1564 2509 1633 2536 hila-

853 2559 921 2586 ritas
935 2563 962 2585 et
977 2558 1068 2586 laetitia
1080 2557 1192 2585 domum
1209 2556 1361 2591 occupavit,
1368 2555 1634 2590 omnesqueChrislo

854 2603 1036 2631 crediderunt.
1053 2602 1184 2630 Paschate
1196 2610 1260 2629 vero
1279 2602 1336 2636 jam
1356 2601 1482 2633 ineunte,
1504 2600 1633 2634 baptizati

854 2653 918 2677 sunt
930 2657 992 2677 cum
1007 2649 1128 2676 Sisinnio
1142 2655 1247 2680 omnes,
1263 2651 1354 2681 patres
1366 2647 1447 2674 simul
1456 2651 1483 2673 et
1495 2651 1595 2673 matres
1608 2651 1636 2673 et

856 2695 945 2727 liberi,
972 2695 1005 2721 ad
1019 2698 1074 2722 tres
1092 2698 1120 2721 et
1132 2693 1227 2726 viginti
1242 2699 1323 2727 supra
1335 2692 1557 2727 quadringentos.
1578 2691 1634 2719 Hoc

856 2740 966 2768 attraxit
983 2739 1083 2766 multos
1097 2746 1130 2766 ex
1145 2737 1339 2766 illustrioribus
1351 2759 1357 2770 ,
1371 2737 1418 2772 qui
1431 2737 1537 2773 magnis
1547 2737 1636 2764 hono—

669 2829 785 2857 VARI/E
805 2827 1002 2856 LECTIONES.

54 2887 75 2901 "
96 2887 131 2915 al.
151 2887 200 2914 τοῦ
221 2888 309 2925 ζήλου.
347 2889 369 2906 ἰ
387 2889 422 2916 al.
437 2888 601 2915 ἀποδέδωκα.
641 2888 662 2904 π’
680 2887 715 2914 al.
733 2887 794 2914 add.
810 2887 858 2923 τὴν
876 2887 992 2923 ἐμαυτοῦ
1007 2887 1152 2922 σωτηρίαν.
1193 2887 1214 2903 ³³
1231 2887 1267 2914 al.
1289 2888 1371 2916 inser.
1399 2897 1457 2926 μοι.
