2290 3110
69 192 115 219 593

465 197 695 227 CLEMENTINA.
715 214 751 222 -
770 200 918 228 EPITOME
932 202 975 229 DE
994 203 1116 231 CESTIS
1135 205 1163 232 S.
1185 206 1297 235 PETRI.

1620 211 1673 239 596

64 257 108 292 τὴν
125 257 250 290 γενναίαν
276 258 346 286 οὕτω
363 259 451 296 ψυχὴν
476 260 601 287 κλέπτειν
621 263 766 298 ἐπεχείρει,
790 261 840 293 Ἐξ
853 264 876 292 Α
890 269 950 288 sum
966 273 968 288 ὲ

763 285 766 295 ,
790 261 840 293 Ἐξ
853 264 876 292 Α
890 269 950 288 sum
966 263 1085 291 animum
1101 270 1216 292 conatur
1231 265 1324 293 fallere
1337 274 1368 294 ac
1382 267 1515 295 abducere
1525 268 1539 299 ,’
1556 268 1649 296 dicens
1662 277 1667 294 2

63 302 190 335 εὐγενοῦς,
213 304 312 338 λέγων,
337 307 520 342 προελήλυθας
541 309 628 345 ῥίζης·
654 311 732 337 τοῦτο
757 313 837 344 πᾶςί5

62 349 109 374 τῶν
126 350 270 386 Ῥωμαίων
288 361 329 379 σοι
344 357 475 391 μαρτυρεῖ
482 356 575 392 δῆμος,
591 358 647 385 ἀλλ’
667 361 837 398 ἀνθρωπίνην

60 395 102 420 καὶ
113 395 190 427 αὐτὸς
207 396 311 434 πλάνην
323 399 450 436 ὑπέστης,
466 403 511 429 καὶ
521 403 564 430 διὰ
575 405 652 432 τοῦτο
660 395 724 434 οὺδὲγ
733 395 837 446 σιωπᾷν

60 439 156 473 ἡπόλις
168 441 306 476 ἀνέχεται.
328 445 396 472 Φασὶ
413 446 467 482 γὰρ
489 449 519 474 σὲ
541 451 699 487 καινοτέραν
718 439 836 489 εἰσάγειν

60 485 206 520 θρησκείαν,
216 488 265 515 καί
271 498 331 516 τινα
339 491 411 527 παρὰ
420 493 483 525 τοὺς
491 495 632 531 πατρῴους
646 485 722 531 θεοὺς
739 509 773 536 κη
778 485 836 536 ρύσ-

59 539 110 558 σειν
122 532 247 568 Χριστόν.
271 535 350 563 Ὅθεν
366 538 513 566 ἀποθέσθαι
526 549 555 567 σε
572 542 624 578 χρὴ
643 544 691 580 τὴν
707 532 835 583 περιττὴν

57 577 150 613 ταύτην
159 580 380 617 δεισιδαιμονίαν,
392 585 438 612 καὶ
451 586 547 620 μόνους
555 577 685 616 αἰδεῖσθαι
695 577 834 629 καὶιτιμέν

57 623 113 654 τοὺς
121 624 243 674 συνήθεις
249 628 284 662 τῇ
293 627 369 655 πόλει
377 628 464 662 θεούς.
477 632 530 658 Καὶ
537 633 551 659 ὀ
563 636 743 671 πατριάρχης·
753 623 834 674 Είῧχο-

59 674 101 717 μαι
115 667 162 703 τὴν
173 668 223 704 σὴν
237 672 419 708 στερρότητα,
436 674 498 711 ἐφη,
512 667 672 712 μεταδοϐναί
743 667 831 717 λὸγϐυ,

57 712 97 737 καὶ
105 717 229 749 προσχεῖν
239 725 292 750 μου
300 719 359 750 ταῖς
367 719 551 756 ἀποκρίσεσιν,
559 723 625 751 ἀλλά
635 726 671 761 μὴ
682 712 767 760 οὕτως

55 765 90 791 γῳ
97 759 185 786 στάσει
193 761 242 788 καὶ
255 763 379 797 ματαίοις
388 765 501 793 ἕπεσθαι
510 759 641 804 θορύϐοιςξ
659 759 726 799 Οὐδὲ
734 773 787 809 γὰρ
793 774 834 801 δεῖ

56 804 166 850 στάσεως
175 806 236 853 ουδὲ
246 807 380 853 θορύϐων,
390 810 457 838 ὅπου
466 815 601 849 σκοπῆσαί
608 822 636 842 τε
646 818 708 852 περὶ
715 804 764 853 τῆς
771 804 832 846 εαυ-

53 845 94 872 τοῦ
105 848 240 883 σωτηρίας
251 850 315 883 τινὶ,
331 853 450 890 καὶπερὶ
463 855 530 882 Θεοῦ
540 845 711 894 διαλεχθῆναι

53 899 100 919 ται.
113 893 140 919 '0
147 893 268 930 ἔπαρχος
275 897 364 924 τοίνυν
377 899 407 926 τὸ
419 899 465 926 τοῢ
473 901 567 937 ἀνδρὸς
580 906 700 937 γενναῖον
711 893 757 933 καί
769 908 831 935 στά-

53 945 123 972 σιμον
134 939 161 973 ἐξ
172 941 266 968 αὐτῶν
284 943 364 976 εὐθὺς
371 945 424 972 τῶν
436 948 585 983 προοιμίων
595 951 769 986 καταμαθὼν,
783 953 830 980 καὶ

51 983 128 1010 εἰπεῖν
139 993 168 1012 τε
179 987 266 1018 αὐτὸς
278 989 324 1015 καὶ
335 990 450 1018 ἀκοῦσαι
460 995 524 1028 παρ’
541 995 644 1023 ἐκείνου
659 983 739 1024 πάλιν
754 999 831 1036 ὀκνή-

890 307 1024 341 Exjnobili
1040 310 1121 344 stirpe
1135 315 1210 338 ortus
1222 319 1251 338 es
1271 320 1277 339 :
1309 312 1361 339 hoc
1373 312 1405 340 de
1419 318 1445 340 te
1459 313 1581 347 perhibet
1592 315 1670 340 testi-

890 355 1011 381 monium
1035 357 1124 383 omnis
1149 358 1263 391 populus
1279 357 1417 385 Romanus
1429 379 1437 391 ,
1466 358 1512 386 sed
1526 363 1552 386 et
1570 359 1626 393 ipse
1642 361 1669 385 iu

890 399 1039 428 humanum
1060 409 1179 430 errorem
1211 404 1365 437 IIICIIl'l'ISlI,
1395 409 1478 440 atque
1500 405 1560 432 ideo
1582 414 1669 440 neque

887 443 959 473 Urbs
976 451 1065 474 tacere
1082 452 1180 482 potest.
1199 449 1283 476 Aiunt
1297 450 1369 476 enim
1385 454 1411 477 te
1427 458 1524 477 novam
1541 451 1669 478 inducere

886 491 1054 526 religionem,
1070 497 1096 520 et
1111 498 1205 522 contra
1217 495 1283 522 deos
1297 496 1397 530 patrios
1411 497 1558 531 praedicare
1573 505 1669 531 quem-

885 536 947 563 dam
958 536 1107 565 Christum.
1118 538 1208 572 Quare
1220 545 1324 575 oportet
1336 546 1361 568 te
1372 542 1490 576 abjicere
1503 542 1667 576 superﬂuam

885 581 957 610 hanc
978 585 1197 618 superstitionem
1211 607 1218 619 ,
1235 587 1355 622 deosque
1380 592 1484 615 tantum
1508 589 1626 616 revereri
1640 593 1668 616 et

884 627 972 654 colere
985 636 1054 662 quos
1066 630 1162 657 civitas
1176 631 1252 658 solet.
1274 632 1311 659 Ad
1337 632 1394 659 hazc
1412 633 1566 666 patriarcha
1580 643 1586 661 :
1599 632 1666 666 Oro,

883 671 990 706 inquit,
1009 679 1082 701 tuam
1099 676 1256 710 gravitatem
1281 682 1307 705 et
1324 679 1522 712 constantiam,
1545 685 1574 706 ut
1597 680 1664 707 mihi

887 719 1022 746 concedas
1034 721 1115 747 verba
1135 721 1240 753 facere.
1257 731 1289 750 ac
1305 724 1373 751 meis
1386 725 1609 759 respnnsionibus
1625 730 1666 752 at-

883 763 990 796 tendas;
1007 771 1060 791 non
1077 770 1166 793 autem
1183 766 1250 794 adeo
1264 768 1370 795 ratione
1381 769 1537 797 destitutam
1552 771 1664 797 seditio-

882 816 943 836 nem
957 830 964 841 ,
981 811 1167 847 tumultusque
1185 821 1271 841 vanos
1285 816 1462 843 consecteris.
1481 815 1574 851 Neque
1590 817 1663 844 enim

883 861 953 888 opus
964 860 1005 882 est
1020 857 1151 885 seditione
1166 866 1197 886 ac
1214 860 1386 892 tumultibus,
1404 861 1450 888 ubi
1464 862 1583 896 cuipiam
1599 870 1663 897 pro—

882 901 1000 934 positum
1016 906 1058 929 est
1070 903 1103 930 de
1117 904 1204 932 salute
1222 913 1270 932 sua
1286 907 1458 934 considerare
1471 912 1553 942 atque
1563 908 1596 935 de
1608 908 1663 935 Deo

879 945 1020 975 disserere.
1044 948 1127 983 Igitur
1141 950 1282 984 praefectus
1293 973 1301 985 ,
1330 957 1467 988 comperta
1481 961 1514 980 ex
1533 954 1592 990 ipso
1607 959 1663 982 sta-

880 991 928 1018 tim
943 993 1056 1020 exordio
1071 997 1224 1023 constantia
1240 997 1290 1024 viri
1306 1002 1334 1025 et
1348 997 1520 1033 fortitudine,
1544 1001 1661 1028 veritus-

51 1037 103 1061 σας,
119 1031 166 1057 καὶ
183 1032 402 1070 ἀναϐαλλόμενος
419 1037 468 1072 τὴν
484 1038 608 1073 διάλεξιν,
623 1042 749 1079 Τραϊανῷ
765 1031 829 1081 περὶ
847 1053 866 1081 Β
880 1045 933 1071 que
947 1042 955 1065 ί

765 1031 829 1081 mp",
847 1053 866 1081 Β
880 1045 933 1071 que
947 1042 1004 1065 tum
1020 1039 1078 1074 ipse
1097 1041 1197 1074 dicere,
1223 1047 1279 1070 tum
1296 1049 1324 1071 et
1343 1045 1377 1072 ab
1396 1053 1429 1072 eo
1443 1031 1537 1073 audire
1550 1067 1557 1079 ,
1581 1051 1661 1082 atque

50 1073 121 1124 afﬁci
134 1075 172 1110 τῷ
184 1076 515 1118 αὐτοκράτοριωαφέρει.
528 1084 582 1110 Καὶ
595 1085 609 1110 ὁ
619 1073 744 1120 βασιλεὺς
754 1073 828 1124 αὺτῷ

49 1117 126 1151 οὕτως
138 1121 244 1149 ἐπιλύει
267 1123 304 1150 τὰ
318 1127 507 1161 γεγραμμένα,
525 1128 564 1161 ὡς
577 1129 593 1165 ἢ
607 1117 686 1158 θῦσαι
697 1117 743 1159 τὸν
754 1117 828 1169 Κλήζ

50 1174 124 1198 μεντα
141 1169 197 1199 τοῖς
217 1169 358 1205 πατρῴοις
369 1171 449 1204 θεοῖς.
471 1173 488 1209 ἢ
510 1175 596 1211 πέραν
611 1176 658 1203 τοῦ
674 1178 775 1205 Πόντου
789 1180 829 1211 εἰς

48 1211 138 1247 ἔρημόν
161 1223 223 1241 τινα
240 1216 320 1243 πόλιν
343 1217 398 1244 τῶν
415 1220 449 1254 τῇ
469 1220 592 1256 Χερσῶνι
611 1224 826 1259 παρακειμένων,

47 1257 94 1283 ἀπὸ
103 1259 150 1294 τῆς
166 1259 280 1297 Ῥώμης
292 1262 369 1298 ἀϊδίῳ
381 1266 452 1301 φυγῇ
463 1265 600 1302 ἐλαθῆναι.
651 1257 656 1258 ⁷
731 1257 736 1259 η
803 1263 807 1266 ⁴

75 1350 195 1380 CLXVII.
206 1353 267 1388 Τῆς
276 1354 438 1389 ἀποφάσεως
444 1354 489 1384 οὗν
500 1358 601 1392 ταύτης
613 1361 826 1399 καταλαϐούσης,

45 1396 180 1425 ἐσκέπτετο
191 1400 384 1435 Μαρμεντῖνος
399 1403 471 1435 ὅπως
485 1403 518 1431 ἃν
533 1405 570 1441 μὴ
581 1407 596 1432 ὁ
608 1407 722 1444 Κλήμης
734 1396 826 1445 ἕληται

44 1442 85 1478 τὴν
92 1444 310 1481 ὑπερορίαν,ἀλλ’
318 1447 390 1483 αὐτῷ
399 1449 496 1483 μᾶλλον
502 1451 591 1487 καὶτῷ
598 1442 826 1494 βασιλεῖ-πεισθείη

44 1488 84 1514 καὶ
98 1488 212 1518 θύσειεν.
230 1491 302 1518 Οὐδὲ
318 1492 462 1529 γὰρ·ἐφερε
472 1496 638 1533 τηλικαύτην
652 1499 748 1535 ἀνδρὸς
760 1488 826 1536 ἀρεἐ

43 1533 85 1567 τὴν
101 1534 295 1571 ζημιούμενος.
314 1538 359 1573 Τῷ
377 1539 405 1566 δὲ
420 1541 545 1568 τοσοῦτον
568 1533 738 1579 ἐμέλησεν-⁵⁷
752 1533 825 1574 ὲκεί-

43 1586 91 1610 νοις
104 1581 262 1617 πεισθῆναι,
280 1582 296 1618 ἢ
309 1583 332 1599 ⁸⁸
344 1584 503 1621 δυσχερᾶναι
517 1588 585 1623 πρὸς
600 1589 649 1624 τὴν
662 1591 818 1628 ὑπερορίαν,

42 1626 89 1660 ista
112 1628 158 1655 καὶ
179 1629 267 1656 αὐτὸν
287 1630 434 1664 ἐσπούδαζε
462 1634 529 1668 πρὸς
548 1635 596 1671 τὴν
617 1626 759 1666 εὐσέϐειαν
777 1639 824 1667 τὸν

42 1670 149 1707 ἔπαρχον
165 1674 383 1703 ἐπισπάσασθαι.
401 1678 523 1715 Τοσαύτη
540 1681 594 1716 γάρ
606 1690 647 1714 τις
660 1683 762 1711 ἄνωθεν
776 1685 822 1712 τὸν

42 1716 176 1752 Κλήμεντα
192 1720 362 1756 περιίπτατο
384 1723 473 1759 χάρις,
499 1726 546 1752 καὶ
566 1726 653 1759 οὕτως
676 1730 692 1764 ή
716 1730 820 1757 ἐκείνου
835 1736 855 1765 c

41 1763 134 1795 γλῶττα
148 1766 249 1801 κηρίου
273 1767 372 1800 παντὸς
393 1769 438 1795 καὶ
450 1770 555 1805 μέλιτος
566 1763 730 1811 γλυκύτερον
742 1776 821 1804 ἔστα-

41 1807 88 1840 ζεν,
103 1810 139 1842 ὡς
151 1811 198 1838 καὶ
215 1812 300 1839 αὑτὸν
313 1812 392 1847 ἔρωτι
405 1814 499 1850 θερμῷ
510 1817 557 1844 τοῦ
575 1819 672 1855 ἀνδρὸς
685 1807 821 1857 ληφθέντα

39 1853 78 1880 τὸν
91 1856 291 1892 Ηαρμεντῖνον,
303 1860 387 1887 πολλά
399 1869 430 1886 τε
442 1863 475 1896 τῇ
486 1853 819 1902 ἀποδημίᾳ-ἐπιστενάξαι,

39 1899 79 1947 καὶ
86 1901 186 1938 δάκρυα
197 1904 239 1938 τῷ
251 1902 407 1942 πατριάρχῃ
416 1906 563 1941 ἐπιϐαλεῖν,
572 1909 601 1936 Ὀ
610 1899 684 1943 Θεὸς,
698 1899 818 1947 εἰπόντα,

38 1941 57 1978 ᾧ
73 1948 101 1973 σὺ
116 1949 274 1985 εἰλικρινῶς
289 1941 437 1987 λατρεύεις,
453 1954 532 1986 αὑτός
552 1964 593 1982 σοι
612 1941 708 1992 βοηθος
722 1960 768 1986 ἐπὶ
785 1941 818 1996 τῇ

39 1994 155 2028 συμφορᾷ
174 1996 347 2031 παρασταίη·
369 1997 416 2024 καὶ
432 1998 530 2026 αὐτίκα
543 1999 632 2027 πλοῖον
651 1994 818 2039 εὐτρεπίσαι,

37 2036 123 2073 διαρκῆ
138 2048 168 2066 τε
184 2039 265 2075 αὐτῷ
279 2041 313 2068 τὰ
330 2042 398 2077 πρὸς
407 2044 456 2079 τὴν
467 2045 559 2079 χρείαν
571 2036 706 2081 ἐνθέσθαι,
719 2051 765 2077 καὶ
780 2036 820 2078 δεῇ

37 2081 172 2114 ξιώσασθαι
185 2087 282 2119 αὑτὸν,
299 2088 347 2114 καὶ
360 2089 523 2124 περιϐαλεῖν,
535 2093 582 2118 καὶ
597 2093 667 2120 οὕτω
682 2095 752 2129 μετά
765 2097 818 2124 τῶν

37 2131 217 2164 προσηκόντων
245 2132 396 2168 ἀσπασμῶν
416 2135 557 2163 ἀπολῦσαι.
578 2138 672 2165 Πολλοὶ
692 2140 720 2167 δὲ
744 2142 818 2178 αὐτῷ

36 2173 76 2199 καὶ
90 2174 141 2202 τῶν
156 2176 283 2204 εὺλαϐὦν
296 2177 489 2213 ἠκολούθησαν·
499 2181 546 2207 καὶ
556 2181 595 2213 εἰς
604 2182 654 2217 τὴν
670 2173 817 2220 ὑπερορίαν

36 2220 174 2256 γενόμενοι,
200 2223 456 2258 καταλαμϐάνουσιν
474 2227 503 2252 ἐν
529 2228 562 2262 τῇ
587 2228 641 2255 τῶν
665 2231 816 2266 μαρμάρων

36 2264 140 2303 inopi;
161 2269 357 2304 Χριστιανοὺς,
378 2271 440 2305 περί
453 2279 504 2298 που
516 2273 579 2304 τοὺς
590 2273 691 2308 χιλίους
699 2264 751 2312 ⁵⁸⁸νῆ
764 2264 816 2304 ’καὶ

36 2311 159 2346 πλείονας,
177 2315 267 2341 πολὺν
283 2315 327 2342 διὰ
343 2316 391 2351 τὴν
404 2317 543 2345 εὐσέϐειαν
553 2319 612 2346 ἐκεῖ
623 2320 717 2356 χρόνον
734 2331 814 2349 κατε-

36 2357 162 2392 χομένους.
195 2361 227 2387 Οἳ
253 2361 299 2386 καὶ
330 2362 392 2396 περὶ
419 2362 465 2388 τοῦ
492 2365 660 2400 πατριάρχου
683 2367 812 2403 πρότερον

34 2403 202 2439 ἀκούσαντες,
219 2406 270 2433 καὶ
291 2407 330 2433 ὅτι
350 2408 399 2443 τῆς
422 2408 524 2441 πόλεως
544 2411 702 2445 ἀπελαθεις,
726 2415 809 2450 ὑπερ-

34 2446 106 2481 όριος,
120 2450 187 2485 πρὸς
203 2451 325 2483 ἐκείνους
344 2453 391 2479 καὶ
409 2454 490 2486 αὐτὸς
504 2455 609 2489 ἄγεται,
633 2446 809 2494 παραμυθίαν

35 2493 102 2528 ἔσχον
115 2496 146 2522 οὺ
159 2496 210 2532 τὴν
221 2497 357 2532 τυχοῦσαν
372 2498 421 2534 τὴν
433 2500 536 2526 ἐκείνου
550 2493 704 2538 ἐπιδημίαν.

65 2539 269 2570 (ἉᾹἯΙΙῼΌτε
280 2543 344 2577 γοῦν
353 2545 419 2580 πρὸς
433 2546 532 2577 αὐτοὺς
542 2547 740 2584 κατελάμϐανε,
756 2551 803 2577 τοῦ

35 2584 82 2612 τῶν
95 2588 191 2623 χειρῶν
207 2588 290 2624 ἔργου
307 2589 437 2624 ἀφέμενοι
452 2591 498 2617 καὶ
512 2592 597 2627 τούτῳ
616 2595 808 2628 προσελθόντες

37 2630 97 2664 μετὰ
102 2631 237 2668 δακρύων,
245 2633 353 2660 καὶτῶν
361 2633 444 2667 ἁγίων
455 2635 557 2662 ἐκείνου
566 2638 653 2664 ποδῶν
664 2639 808 2674 ἁψάμενοι,

35 2676 76 2702 καὶ
90 2677 136 2708 τὰς
154 2678 277 2714 καθαρὰς
295 2680 523 2716 περιηνξάμενοι
542 2683 645 2719 χεῖρας,
657 2684 707 2716 τὰς
724 2694 809 2712 κατα-

35 2720 156 2755 λαϐούσας
171 2725 270 2756 αὐτοὺς
281 2724 454 2752 ἀνεκλαίοντο
469 2728 620 2763 συμφορὰς,
637 2730 685 2765 τὴν
696 2731 746 2766 τῆς
758 2740 810 2758 πα-

35 2769 114 2802 τρίδος
139 2771 284 2804 ἔκπτωσιν,
306 2771 357 2807 τὴν
376 2772 470 2806 ἄφιλον
490 2774 536 2801 ἐπὶ
558 2774 636 2811 ξένης
661 2776 807 2814 διαγωγὴνι

879 1083 1089 1113 collocutionem
1105 1087 1259 1116 detrectans
1270 1109 1277 1121 ,
1302 1090 1335 1117 ad
1351 1090 1498 1126 Trajanum
1515 1093 1662 1127 imperato-

879 1136 936 1156 rem
952 1129 986 1156 de
1011 1130 1058 1158 illo
1073 1132 1163 1159 refert.
1181 1133 1212 1159 Et
1228 1135 1374 1170 imperator
1395 1137 1428 1163 ad
1445 1137 1526 1165 istum
1548 1139 1660 1166 modum

879 1180 911 1200 ea
927 1181 987 1208 quae
1002 1176 1102 1210 scripta
1118 1183 1195 1205 erant
1214 1179 1332 1207 dirimit:
1351 1185 1381 1208 ut
1408 1181 1533 1210 Clemens
1545 1187 1592 1210 aut
1607 1185 1660 1212 diis

879 1220 974 1253 patriis
994 1221 1149 1256 sacriﬁcet,
1176 1229 1222 1251 aut
1241 1229 1316 1253 trans
1338 1226 1452 1254 Pontum
1471 1228 1497 1256 in
1520 1229 1659 1257 desertum

878 1265 987 1300 aliquod
1003 1267 1130 1302 oppidum
1156 1277 1250 1297 eorum
1274 1279 1335 1306 quae
1358 1272 1490 1301 Chersoni
1515 1275 1658 1310 adjacent,

878 1310 964 1339 Roma
981 1318 1110 1347 perpetuo
1121 1315 1217 1343 exsilio
1229 1317 1377 1353 ablegetur.

912 1368 1041 1398 CLXVII.
1061 1371 1117 1400 Hac
1137 1373 1229 1408 itaque
1244 1377 1375 1403 sententia
1390 1382 1510 1412 accepta,
1524 1379 1659 1413 cogitabat

877 1413 1054 1446 Mamertinus
1075 1426 1131 1453 quo
1147 1421 1228 1448 modo
1251 1421 1376 1450 Clemens
1387 1431 1440 1450 non
1462 1424 1571 1459 eligeret
1585 1426 1659 1452 exsi-

877 1460 943 1488 lium
954 1483 961 1495 ,
978 1463 1024 1490 sed
1038 1466 1130 1498 potius
1142 1471 1248 1501 pareret
1267 1467 1318 1502 ipsi
1333 1476 1365 1496 ac
1384 1470 1559 1504 imperatori,
1576 1477 1658 1506 atque

877 1505 1041 1536 immolaret.
1058 1509 1117 1537 Non
1143 1512 1215 1538 enim
1233 1513 1385 1541 sustinebat
1400 1515 1500 1549 privari
1518 1520 1591 1544 tanta
1605 1517 1656 1544 viri

875 1553 986 1581 virtute.
998 1554 1084 1582 Porro
1100 1556 1231 1584 Clementi
1243 1558 1312 1585 adeo
1325 1567 1398 1587 cura».
1411 1559 1656 1597 fuitobtemperare

876 1597 930 1625 illis
952 1606 999 1627 aut
1023 1600 1135 1629 moleste
1160 1601 1229 1629 terre
1244 1603 1436 1638 relegationem
1448 1625 1456 1637 ,
1483 1610 1512 1634 ut
1525 1607 1606 1634 etiam
1621 1609 1655 1636 ad

875 1644 1001 1678 pietatem
1035 1646 1192 1680 przefectum
1223 1649 1359 1677 attrahere
1392 1651 1532 1679 niteretur.
1569 1653 1656 1681 Tanta

875 1690 974 1725 quippe
999 1691 1129 1720 divinitus
1156 1693 1320 1722 Clementem
1349 1696 1435 1730 gratia
1458 1698 1653 1732 circumdabat,

875 1737 969 1772 sicque
981 1737 1054 1766 illius
1070 1738 1161 1775 lingua
1173 1740 1245 1767 omni
1259 1740 1320 1768 favo
1334 1749 1366 1768 ac
1381 1742 1460 1769 melle
1475 1744 1582 1771 dulcius
1596 1746 1655 1772 stil-

874 1783 962 1816 labat,
979 1789 1008 1810 ut
1028 1785 1085 1819 ipse
1106 1793 1214 1821 quoque
1231 1787 1282 1814 viri
1308 1789 1413 1816 fervido
1437 1797 1530 1816 amore
1557 1796 1654 1825 captus

873 1828 1058 1863 Mamertinus,
1071 1831 1217 1865 plurimum
1229 1840 1261 1859 ex
1274 1833 1334 1868 ejus
1342 1834 1464 1862 discessu
1478 1836 1651 1870 ingemuerit,

871 1873 1060 1909 lacrymasque
1087 1875 1191 1903 dederit
1213 1878 1390 1911 patriarchae,
1419 1880 1513 1907 dicens
1537 1890 1544 1907 :
1568 1881 1649 1916 Deus,

871 1926 951 1952 quem
966 1924 993 1946 tu
1010 1921 1114 1948 sincere
1133 1922 1200 1948 colis
1212 1942 1220 1955 ,
1241 1923 1299 1957 ipse
1313 1923 1363 1950 tibi
1379 1925 1523 1952 auxiliator
1535 1926 1561 1953 in
1576 1928 1650 1954 cala—

871 1965 966 1992 mitate
985 1966 1110 2000 assistat;
1128 1968 1273 2003 statimque
1286 1969 1422 2005 navigium
1436 1973 1581 2006 paraverit,
1599 1973 1651 2000 im-

870 2010 968 2044 positis
981 2011 1006 2037 ei
1017 2019 1078 2045 quae
1094 2012 1126 2039 ad
1139 2020 1217 2040 usum
1240 2014 1425 2049 sulliciebant;
1442 2016 1573 2052 illumque
1587 2019 1651 2045 dex-

871 2058 927 2081 tera
936 2056 1120 2089 prehenderit,
1136 2058 1199 2085 item
1212 2061 1369 2094 complexus
1383 2063 1428 2094 sit,
1445 2067 1526 2097 atque
1539 2063 1574 2090 ita
1587 2072 1649 2091 cum

869 2100 1077 2130 salutationibus
1100 2105 1227 2140 congruis
1251 2105 1394 2134 dimiserit.
1409 2107 1484 2135 Multi
1508 2114 1597 2136 autem
1614 2118 1649 2137 ex

868 2146 920 2180 piis
931 2147 1015 2174 secuti
1028 2153 1091 2175 sunt
1103 2158 1183 2177 eum:
1202 2155 1228 2178 et
1243 2152 1429 2186 pervenientes
1445 2154 1478 2181 ad
1495 2155 1585 2182 locum
1601 2163 1648 2183 ex-

868 2192 930 2224 sﬂii,
944 2194 1083 2228 reperiunt
1097 2195 1124 2222 in
1150 2197 1293 2225 marmoris
1307 2199 1461 2233 lapidicinis
1475 2200 1647 2229 Christianos

866 2237 975 2265 circiter
988 2239 1061 2266 mille
1073 2260 1080 2273 ,
1093 2240 1135 2267 vel
1151 2247 1178 2268 et
1199 2242 1306 2276 plures;
1323 2245 1368 2278 qui
1381 2244 1437 2278 jam
1452 2245 1497 2272 diu
1514 2246 1567 2274 illic
1582 2256 1646 2282 pro-

866 2289 925 2318 pter
941 2292 1033 2312 verttm
1049 2287 1150 2314 cultum
1161 2287 1360 2316 detinebantur.
1374 2290 1406 2317 Hi
1416 2299 1476 2318 cum
1489 2292 1522 2319 de
1536 2294 1647 2327 patriar-

865 2330 915 2357 cha
935 2330 1010 2364 prius
1028 2332 1197 2365 audiissent,
1215 2335 1286 2368 quod
1302 2339 1329 2362 et
1341 2336 1396 2370 ipse
1411 2337 1445 2364 ab
1468 2336 1538 2364 Urbe
1551 2338 1645 2373 pulsus

865 2377 941 2403 exsul
959 2377 992 2403 ad
1004 2384 1050 2404 eos
1066 2378 1221 2412 duceretur,
1238 2381 1364 2408 solatium
1377 2390 1429 2410 non
1444 2384 1554 2418 vulgare
1569 2393 1644 2420 cepe-

863 2427 927 2449 runt
937 2431 970 2450 ex
989 2423 1049 2458 ejus
1062 2424 1188 2452 adventu.

895 2554 1034 2583 CLXVIII.
1057 2556 1150 2592 Itaque
1176 2565 1238 2585 cum
1257 2560 1292 2586 ad
1318 2560 1380 2588 illos
1403 2562 1494 2595 venit,
1510 2563 1543 2590 ab
1559 2572 1641 2598 opere

861 2608 989 2628 manuum
1002 2608 1155 2637 cessarunt,
1164 2609 1191 2631 et
1204 2605 1238 2631 ad
1250 2613 1312 2632 eum
1323 2614 1386 2633 cum
1403 2607 1531 2643 lacrymis
1547 2618 1640 2639 acces-

859 2651 966 2680 serunt;
984 2648 1117 2684 taetisque
1142 2652 1244 2678 sanctis
1269 2652 1329 2686 ejus
1350 2653 1480 2687 pedibus,
1507 2664 1536 2682 et
1556 2664 1640 2690 puras

860 2699 958 2720 manus
973 2693 1122 2722 deosculati
1149 2696 1317 2725 calamitates
1333 2698 1409 2732 ipsos
1423 2701 1578 2735 complexas
1591 2703 1638 2730 de-

861 2737 970 2771 ﬂerunt,
985 2741 1078 2774 patria
1091 2741 1276 2775 amissionem,
1287 2743 1425 2772 insuavem
1440 2746 1467 2772 in
1480 2748 1568 2774 alieno
1580 2749 1639 2776 solo

862 2784 961 2817 vitam,
983 2792 1072 2812 rerum
1100 2788 1314 2816 necessariarum
1332 2791 1472 2825 penuriam
1488 2801 1495 2825 ;
1511 2794 1638 2829 quodque

675 2870 792 2898 VARIE
812 2871 1008 2901 LEC'I‘IONES.

63 2917 83 2932 "
99 2919 133 2948 alo
153 2922 311 2960 ἱμέλλησεν.
351 2926 374 2943 ⁵⁸
387 2926 421 2954 al.
442 2926 458 2963 ἢ
474 2927 531 2954 καί.
570 2927 598 2947 ⁸⁹ε
612 2927 647 2955 al.
661 2927 813 2964 δισχιλίους.
