2290 3110
554 201 605 230 595

551 263 674 286 omnium
702 256 760 281 erat
787 246 978 287 gravissimum
993 266 1000 278 ,
1020 253 1096 280 aqua:
1109 243 1195 278 ipsius
1210 241 1333 274 indigcn-
1348 241 1371 268 Λ

551 304 628 332 tiam.
644 301 673 329 Si
688 300 751 335 quis
765 298 850 327 enim,
866 296 990 326 aiebant,
1005 301 1053 327 per
1068 296 1155 319 totum
1171 289 1242 316 diem
1254 294 1335 322 opere

553 354 685 377 manuum
697 333 733 372 -οι
750 344 843 371 labore
866 345 1019 369 maceratus
1033 359 1040 372 ,
1058 345 1136 372 aqua:
1158 339 1261 371 guttam
1276 333 1335 361 exi-

552 401 634 429 guam
650 397 758 419 sumere
773 388 900 419 voluerit,
912 393 967 421 quo
979 384 1117 412 miseriam
1132 390 1165 408 ex
1180 380 1336 415 fatigatione

553 444 641 467 ortam
656 437 792 468 sublevet;
809 435 832 462 is
847 441 901 461 non
916 433 1007 459 minus
1024 437 1107 465 quam
1124 435 1210 462 usque
1228 426 1260 453 ad
1277 430 1335 452 sta-

553 485 597 512 dia
612 483 732 518 quinque
753 486 779 508 et
795 478 972 515 quadraginta
989 475 1127 511 profectus
1138 495 1146 507 ,
1161 480 1259 508 aquam
1274 479 1336 506 por-

554 516 660 559 taverit.
677 516 718 555 (ib
739 528 796 554 haec
812 524 964 561 patriarcha
980 523 1112 558 particeps
1123 527 1217 548 eorum
1233 516 1336 545 doloris

551 569 586 604 Iac
598 577 778 610 lacrymarum
791 572 889 601 factus,
905 570 966 597 dein
990 573 1017 596 et
1040 567 1096 594 Deo
1106 566 1201 602 gratiis
1216 564 1294 596 actis,
1309 567 1336 590 et

555 622 718 650 sufﬁcienter
739 620 845 646 animos
863 617 971 643 illorum
997 613 1152 641 consolatus
1169 621 1175 638 :
1196 610 1255 637 Non
1281 610 1334 641 ita,

555 667 660 702 inquit,
677 670 776 692 temere
792 667 819 690 et
831 662 890 689 sine
904 667 987 688 causa
1000 659 1053 685 huc
1067 665 1110 684 me
1129 656 1199 683 Deus
1213 655 1337 690 permisit

555 712 670 746 expelli;
686 709 731 738 sed
746 715 774 737 ut
788 713 814 736 et
825 707 917 736 socius
941 706 992 733 sim
1018 708 1169 731 vestrarum
1183 700 1337 736 perpessio-

556 766 640 790 num,
656 761 682 784 et
698 756 833 792 patientia:
857 753 974 780 maxime
1000 758 1032 777 ac
1057 748 1225 776 tolerationis
1251 746 1337 774 docu-

556 808 688 831 mentum.

593 892 707 920 CLXIX.
728 891 827 919 Postea
851 898 913 918 vero
931 889 963 916 ad
987 895 1080 923 preces
1102 885 1284 916 convertitur,
1310 888 1337 911 et

557 948 618 967 cum
633 940 672 966 eis
685 942 745 965 orat
760 937 845 964 Deum
861 958 867 970 ,
884 941 913 963 ut
937 935 995 962 suis
1018 932 1222 961 conl'essoribus
1234 930 1335 958 fontem

558 992 636 1019 aquae
649 983 751 1018 aperiat
768 991 775 1009 :
791 983 892 1016 quique
904 979 1039 1016 percussit
1050 983 1154 1014 petram
1169 977 1196 1004 in
1211 977 1338 1007 deserto,

557 1035 584 1057 et
609 1029 745 1056 fluxerunt
779 1035 856 1062 aqua:
871 1027 908 1060 °°,
945 1026 1003 1060 ipse
1029 1025 1110 1053 etiam
1132 1023 1170 1051 eis
1199 1023 1339 1058 copiosam

557 1083 656 1110 aquam
670 1074 832 1109 suppeditat.
841 1072 899 1100 Jam
909 1072 982 1100 enim
998 1071 1125 1098 omnibus
1136 1069 1284 1104 precationi
1295 1068 1339 1095 in—

557 1121 735 1154 sistentibus,
758 1119 910 1154 patriarcha
935 1118 988 1144 huc
1007 1122 1088 1152 atque
1103 1116 1167 1143 illuc
1180 1115 1338 1151 respiciens,

559 1175 658 1202 agnum
673 1166 746 1194 videt
769 1165 815 1201 qui
830 1165 954 1192 dextrum
972 1163 1065 1198 pedem
1081 1162 1229 1194 attollebat,
1253 1169 1341 1197 eoque

558 1213 638 1249 quasi
662 1211 823 1240 ostendebat
848 1210 999 1244 subjectum
1020 1209 1107 1237 solum
1125 1217 1132 1235 :
1148 1215 1163 1235 a
1177 1207 1251 1234 nullo
1267 1207 1339 1234 enim

559 1259 613 1286 alio
626 1266 714 1294 agnus
725 1258 801 1285 visus
813 1261 864 1284 est.
878 1255 947 1282 Tum
962 1255 1116 1290 patriarcha
1135 1253 1264 1288 conjectis
1279 1261 1342 1281 ocu-

559 1305 604 1336 lis,
621 1304 654 1331 ad
670 1304 759 1331 locum
777 1306 957 1330 monstratum
981 1309 1042 1328 cum
1059 1301 1092 1327 iis
1107 1300 1153 1336 qui
1167 1301 1279 1328 aderant
1294 1307 1341 1327 ac-

560 1350 642 1381 cedit,
655 1354 682 1376 et
693 1349 732 1376 ait
744 1358 750 1375 :
763 1347 790 1375 In
817 1348 927 1375 nomine
935 1347 1044 1374 Domini
1056 1348 1141 1374 nostri
1156 1346 1340 1379 JesuChristi,

560 1397 606 1424 hic
621 1395 698 1428 mihi,
712 1394 768 1427 ﬁlii,
792 1394 883 1422 fodite.
903 1393 1025 1427 Cumque
1037 1397 1093 1420 tum
1107 1394 1194 1428 ipsum
1210 1393 1299 1420 locum
1315 1392 1342 1419 in

562 1449 617 1477 quo
636 1449 723 1477 agnus
736 1441 836 1474 stabat,
851 1445 906 1468 tum
923 1439 1054 1474 quidquid
1068 1439 1171 1466 circum
1183 1444 1241 1467 erat
1255 1438 1343 1466 fodis-

562 1491 639 1519 sent,
656 1486 809 1521 patriarcha
823 1507 830 1518 ,
858 1491 968 1520 sumpto
994 1485 1104 1512 sarculo
1118 1505 1125 1517 ,
1152 1485 1241 1513 locum
1261 1492 1342 1520 quem

563 1541 650 1568 agnus
662 1532 831 1565 ostendebat,
840 1533 890 1559 levi
900 1537 926 1559 et
943 1532 976 1558 ad
989 1531 1158 1567 superﬁciem
1171 1531 1225 1558 ictu
1236 1531 1342 1566 pulsat;

563 1577 762 1613 confestimque
787 1582 858 1605 terra
883 1577 982 1605 emittit
1006 1578 1144 1612 limpidam
1160 1585 1259 1612 aquam
1271 1581 1298 1604 et
1309 1577 1343 1604 ad

564 1625 711 1652 bibendum
728 1632 851 1656 suavem,
865 1629 946 1659 atque
959 1632 990 1651 ea
1005 1632 1065 1651 cum
1081 1624 1183 1658 impetu
1197 1623 1282 1651 eﬁ'usa
1296 1623 1346 1650 ﬁu-

565 1679 627 1699 men
640 1671 810 1706 repentinum
823 1669 914 1698 efﬁcit.
929 1669 1070 1698 Universis
1082 1677 1159 1705 ergo,
1171 1677 1249 1704 aqua:
1264 1676 1347 1696 causa

565 1717 762 1752 gaudentibus,
780 1717 934 1752 patriarcha
962 1716 1031 1744 dixit
1051 1726 1058 1744 τ
1087 1715 1221 1743 Fluminis
1235 1716 1348 1750 impetus

565 1763 686 1798 (teli/ica!
700 1764 832 1791 civitatem
845 1763 894 1790 Dei
904 1763 976 1790 °’-“.

603 1875 707 1903 CLXX.
722 1875 792 1903 Hinc
807 1880 862 1903 tota
887 1875 920 1903 ad
938 1883 1000 1903 eum
1021 1875 1174 1902 conﬂuebat
1189 1874 1284 1902 civitas
1298 1894 1306 1907 ,
1323 1877 1351 1901 et

567 1923 700 1957 spiritalis
711 1923 785 1950 illius
801 1922 934 1949 doctrina:
955 1921 1099 1949 dulcedine
1113 1921 1146 1948 ad
1159 1928 1250 1948 veram
1270 1920 1350 1947 ﬁdem

568 1974 682 1997 cunctos
697 1970 867 2004 impellebat;
896 1973 924 1996 ut
940 1973 967 1996 et
989 1969 1066 1996 multi
1089 1968 1212 2003 quotidie
1229 1967 1351 2002 baptiza-

569 2021 663 2044 rentur
686 2023 871 2050 numerusque
898 2015 932 2042 ad
957 2015 1119 2049 quingentos
1140 2013 1305 2048 pervenerit,
1320 2020 1353 2040 ac

569 2071 634 2090 vera
650 2062 744 2097 religio
757 2062 784 2088 in
799 2061 857 2088 dies
878 2065 986 2095 caperet
1001 2060 1208 2087 incrementum.
1227 2057 1352 2086 Nondum

571 2109 694 2144 profecto
709 2115 798 2134 annus
818 2107 845 2134 in
868 2107 965 2134 exsilio
978 2111 1037 2134 erat
1049 2113 1178 2133 emensus
1190 2113 1221 2132 ac
1232 2105 1354 2140 prateri-

572 2160 628 2187 tus.
643 2159 671 2182 et
681 2154 848 2181 aediﬁcantur
862 2153 972 2188 quidem
983 2173 990 2184 ,
1005 2152 1039 2178 ab
1053 2151 1086 2179 iis
1110 2151 1155 2186 qui
1171 2149 1353 2182 crediderant,

571 2199 701 2227 Ecclesia:
713 2205 828 2225 numero
841 2198 962 2233 quinque
975 2202 1003 2224 et
1015 2196 1195 2231 septuaginta,
1208 2195 1356 2222 idolorum-

572 2255 628 2282 que
640 2246 702 2273 fana
714 2250 741 2272 et
752 2245 851 2279 templa
863 2248 1039 2276 evertuntur;
1054 2243 1140 2278 iisque
1152 2242 1255 2269 adsitos
1266 2241 1353 2273 lucos,

573 2292 690 2319 multum
705 2296 783 2318 terra:
792 2295 966 2325 occupantes.
981 2290 1050 2325 ignis
1061 2289 1190 2324 depascit,
1207 2293 1287 2323 atque
1300 2288 1357 2315 uni-

574 2345 653 2365 versa
667 2337 850 2372 prosternitur
861 2337 1015 2364 damonum
1032 2336 1150 2363 insania.

613 2423 729 2452 CLXXI.
749 2423 826 2452 Tunc
846 2431 911 2460 ergo
926 2423 1079 2451 invidiosus
1098 2427 1126 2450 et
1149 2422 1239 2457 gravis
1264 2429 1357 2449 rumor

576 2470 610 2498 ad
625 2470 797 2505 imperatoris
808 2478 889 2497 aures
906 2470 1040 2505 pervenit,
1057 2467 1178 2496 referens
1192 2467 1358 2495 Christiano-

576 2526 638 2544 rum
653 2521 755 2545 sectam
769 2517 797 2544 in
812 2518 944 2552 majorem
961 2515 1164 2542 multitudinem
1179 2521 1301 2541 crescere
1311 2534 1318 2547 ,
1333 2518 1360 2541 et

578 2564 694 2598 singulis
708 2563 804 2591 diebus
819 2563 923 2597 augeri.
937 2561 1024 2595 Quam
1039 2561 1074 2588 ob
1088 2567 1200 2588 causam
1212 2560 1257 2586 ille
1268 2561 1359 2587 statim

577 2610 751 2638 Auﬁdianum
775 2610 918 2645 praesidem
942 2608 1045 2641 mittit,
1068 2607 1115 2642 qui
1130 2614 1183 2634 non
1201 2607 1289 2634 solum
1305 2614 1359 2633 non

578 2657 694 2684 ulterius
709 2656 836 2692 progredi
849 2659 951 2683 sectam
966 2655 1086 2686 sineret,
1102 2661 1195 2680 verum
1208 2653 1299 2687 etjam
1315 2660 1360 2679 ca-

579 2708 640 2738 ptos
665 2703 822 2734 reduceret,
843 2705 1027 2735 avocaretque
1040 2708 1055 2726 a
1079 2699 1187 2734 pietate.
1204 2698 1252 2725 Hic
1269 2698 1361 2732 itaque

578 2753 723 2782 postquam
743 2746 910 2774 Chersouem
931 2745 1023 2776 venit,
1047 2743 1271 2778 Christianosque
1281 2750 1355 2769 com-

983 191 1012 218 S.
1035 184 1227 217 CLEMENTIS
1245 184 1254 211 l
1274 181 1356 210 ROM.
1375 178 1476 207 PONT.
1496 175 1611 204 OPERA
1627 170 1742 202 DUBIA.

2123 159 2173 187 596

1385 233 1439 260 τῶν
1453 231 1608 265 ἀναγκαίων
1621 228 1671 264 τὴν
1687 225 1813 261 ἀπορίαν,
1832 222 1888 254 καὶ,
1901 220 1916 247 ὃ
1932 219 2042 246 πάντων
2058 216 2175 252 βαρυτα-

1386 290 1431 307 τον
1444 274 1488 316 ἦν,
1502 262 1551 315 τὴν
1562 277 1643 305 αὑτοῦ
1650 262 1702 302 ’τοῦ
1715 273 1809 304 ὓδατος
1822 270 1933 297 ἔνδειαν.
1947 268 1980 294 Εἰ
1990 265 2046 315 γάρ
2062 272 2104 295 τις
2112 262 2174 314 ὃλην

1386 323 1435 359 τὴν
1445 307 1553 358 ’ἡμέραν
1568 322 1600 357 τῇ
1614 320 1669 346 τῶν
1684 317 1783 354 χειρῶν
1802 313 1927 351 ἐργασίᾳ,
1946 311 1992 338 κα)¹
2004 309 2044 345 τῷ
2059 307 2174 342 καμάτῳ

1388 353 1710 405 προστετηκὼς-ἔλεγον,
1724 363 1818 393 ὓδατος
1836 358 1964 396 βραχεῖάν
1979 364 2041 383 τινα
2059 353 2175 387 σταγόνα

1386 414 1478 441 λαϐεῖν
1495 413 1658 448 ἐθελήσειεν,
1671 410 1741 436 ὥστε
1756 408 1805 443 τὴν
1827 407 1860 432 ὲκ
1872 404 1920 431 τοῦ
1936 403 2021 430 κόπου
2039 398 2175 434 ἀναψύξαι

1385 459 1582 495 ταλαιπωρίαν,
1590 457 1640 483 οὐκ
1650 456 1757 482 ἔλαττον
1767 454 1781 479 6
1792 451 1912 482 τοιοῦτος
1922 449 1939 484 ἢ
1955 447 2079 477 σταδίους
2094 444 2175 471 πέντε

1386 505 1434 532 καὶ
1463 490 1665 539 τεσσαράκοντα
1689 496 1827 534 προελθὼν
1847 494 1890 527 ἂν,
1920 492 1992 527 ὕδωρ
2017 490 2173 525 κομίσαιτο.

1386 552 1458 588 Πρὸς
1470 533 1556 577 ταῦτα
1578 533 1747 581 συναλγήσας
1760 551 1790 569 τε
1809 542 1900 572 αὐτοῖς
1917 540 1931 566 ὁ
1944 537 2117 572 πατριάρχης
2129 533 2176 560 καὶ

1387 581 1582 632 σλνδακρύσας,
1592 591 1650 620 εἶτα
1663 591 1709 618 καὶ
1721 589 1760 625 τῷ
1769 587 1828 623 Θεῷ
1841 584 2050 621 εὐχαριστήσας,
2059 581 2108 608 καὶ
2120 581 2178 631 ὕκας

1387 644 1439 675 νῶς
1449 625 1498 674 τάξ
1509 625 1619 669 ἐκείνων
1628 637 1717 674 ψυχὰς
1729 629 2071 675 παραμυθησάμενος,
2083 625 2177 656 ἁπλῶς

1387 674 1458 718 οὕτω
1479 688 1526 716 καὶ⁴
1541 686 1655 720 ἀλόγως,
1676 681 1768 714 εἶπεν,
1787 677 1904 707 ἐνταῦθα
1924 684 1958 712 με
1975 677 1990 702 ὀ
2005 674 2072 706 Θεὸς
2098 680 2176 698 συνε-

1387 737 1511 774 χώρησεν
1535 718 1711 767 ὲκϐληθῆναι,
1737 728 1794 755 ἀλλ’
1810 726 1881 753 ὥστε
1901 724 1948 750 καὶ
1967 719 2095 774 κοινωνὸν
2115 718 2178 774 ὑμῖν

1387 762 1513 816 ίξξᾷὲὲθαι
1526 777 1580 804 τῶν
1595 762 1773 810 παθημάτων,
1787 770 1835 797 καὶ
1849 767 1989 804 ὑπομονῆς
1999 764 2119 800 μάλιστα
2130 762 2178 788 καὶ

1388 822 1534 859 καρτερίας
1548 819 1684 848 ὑπύθεσιν.

1423 851 1538 898 illim-(lx.
1552 867 1666 893 ’Ἔπειτα
1675 863 1764 899 μέντοι
1773 861 1820 888 καὶ⁸
1834 860 1874 891 εἰς
1887 857 1969 893 εὐχὴν
1979 851 2179 892 τρέπεται,καὶ

1353 915 1373 944 Β
1387 918 1470 944 δεῖται
1479 915 1526 941 σὺν
1534 913 1624 942 αὑτοῖς
1631 909 1677 936 τοῦ
1685 907 1763 938 Θεοῦ,
1771 906 1840 933 ὥστε
1847 906 1903 936 τοῖς
1910 902 1992 931 αὑτοῦ
1999 899 2180 937 ὁμοληηταῖς

1391 962 1481 998 πηγὴν
1490 960 1584 990 ὕδατος
1596 954 1735 988 διανοῖξαι·
1750 953 1797 980 καὶ
1806 953 1820 978 6
1835 949 1957 982 πατάξας
1965 947 2068 982 πέτραν
2079 945 2110 972 έν
2122 945 2181 980 ὲρέγ

1460 991 1508 1033 καὶ
1525 1003 1662 1040 ὲρρύησαν
1677 1000 1771 1030 ὕδατα,
1789 997 1870 1028 αὐτὸς
1889 994 2004 1029 ἄφθονον
2023 991 2072 1019 καὶ
2091 991 2180 1021 αὑτοῖς

1389 1036 1442 1079 «2013'
1451 1036 1547 1082 ὕδατος
1560 1036 1676 1083 παρέχει
1689 1046 1737 1081 τὴν
1753 1041 1891 1079 χορηγίαν.
1910 1039 1980 1074 Ἤδη
1997 1037 2053 1073 γὰρ
2071 1036 2179 1063 πάντων

1390 1101 1424 1134 τῇ
1440 1090 1506 1132 εὑχῇ
1527 1092 1741 1131 προσκειμένων,
1761 1089 1775 1115 ὁ
1794 1087 1965 1123 πατριάρχης
1983 1084 2048 1120 τῇδε
2065 1083 2179 1109 κάκεῖσε

1391 1128 1632 1178 περιϐλειζάμενος,
1644 1136 1728 1173 ἀμνόν
1741 1143 1801 1161 τινα
1814 1134 1866 1169 ὁρᾷ
1875 1133 1909 1164 ⁵⁸,
1921 1131 1966 1157 τὸν
1979 1128 2066 1162 δεξιον
2082 1135 2181 1163 μετεω-

1393 1187 1499 1224 ρίζοντα
1507 1185 1582 1216 πόδα,
1597 1183 1644 1210 καὶ
1659 1172 1752 1216 ὥσπερ
1762 1179 1857 1214 ἐκείνῳ
1869 1173 2063 1203 ὑποδεικνύντα
2075 1172 2107 1198 τὸ
2115 1172 2180 1197 ὑπο-

1392 1218 1515 1269 κείμενον
1538 1231 1643 1265 ἔδαφος·
1664 1227 1751 1255 οὐδενὶ
1769 1225 1823 1261 γὰρ
1835 1225 1849 1251 ὁ
1865 1220 2015 1269 ἀμνὸς
2033 1218 2122 1246 ἄλλων
2138 1226 2181 1243 τε-

1392 1263 1479 1304 θέατο.
1494 1275 1548 1302 Καὶ
1561 1263 1704 1310 συμϐαλὼν
1717 1271 1767 1306 τὴν
1777 1269 1836 1304 ὄψιν
1845 1269 1858 1294 6
1868 1265 2050 1302 πατριάρχης,
2065 1263 2107 1298 τῷ
2117 1263 2182 1289 ὑπο-

1391 1323 1522 1359 δειχθέντι
1538 1307 1613 1356 τόπερ
1632 1318 1699 1355 μετὰ
1717 1316 1771 1344 τῶν
1796 1314 1935 1351 παρόντων
1959 1311 2113 1345 ἐφίσταται,
2137 1307 2181 1334 καί

1393 1352 1483 1405 φησιν·
1494 1369 1538 1395 Ἑν
1547 1352 1658 1402 ὀνόματι
1676 1363 1723 1391 τοῦ
1735 1361 1837 1397 Κυρίου
1850 1358 1929 1395 ὴμῶν
1948 1355 2036 1392 Ἰησοῦ
2053 1352 2182 1389 Χριστοῦ,

1393 1399 1509 1443 ένταῦθὰ
1526 1422 1580 1449 μοι,
1593 1399 1685 1442 τέκνα,
1698 1408 1820 1445 ὀρύξατε.
1833 1405 1888 1432 Καὶ
1907 1402 2001 1437 ἐπειδὴ
2019 1401 2102 1427 αὐτόν
2115 1407 2145 1425 τε
2160 1399 2182 1414 ⁶¹

1393 1464 1438 1490 τὺν
1450 1445 1542 1493 τόπον,
1561 1461 1600 1491 εἱς
1620 1459 1649 1485 ὃν
1663 1459 1677 1484 ὁ
1693 1456 1777 1492 ἀμνὸς
1799 1454 1900 1483 ἵστατο,
1915 1451 1960 1478 καὶ
1977 1450 2007 1476 τὸ
2019 1447 2114 1482 κύκλῳ
2132 1445 2185 1472 πᾶν

1394 1491 1590 1544 περιέσκαῴαν,
1614 1503 1702 1531 λαϐὼν
1724 1501 1850 1534 σκαφεῖον
1871 1499 1885 1524 6
1899 1495 2080 1531 πατριάρχης,
2094 1491 2185 1527 κῳύει

1395 1537 1440 1582 τὸν
1459 1537 1540 1580 τόπον
1558 1551 1621 1579 ἔνθα
1635 1551 1649 1577 ὁ
1673 1548 1757 1584 ἀμνὸς
1779 1544 1934 1574 ὑπεδείκνυ,
1958 1541 2053 1575 κούφῳ
2066 1539 2121 1565 τινὶ
2140 1537 2186 1564 καὶ

1359 1595 1380 1625 C
1400 1599 1527 1637 μετεώρῳ
1542 1597 1581 1633 τῷ
1594 1583 1737 1632 κρούματι·
1757 1592 1805 1619 καὶ
1820 1588 1992 1626 παραχρῆμα
2006 1585 2105 1616 διειδὲς
2116 1583 2186 1618 ὕδωρ

1397 1629 1413 1683 ἦ
1430 1647 1466 1681 γῆ
1549 1629 1599 1679 ἡδὺ
1615 1629 1689 1668 πιεῖν
1705 1638 1855 1666 ἀναδίδωσι·
1872 1635 1920 1662 καὶ
1941 1632 2031 1663 τοῦτο,
2052 1631 2102 1657 σὺν
2116 1629 2187 1664 ὁρμῇ

1398 1674 1522 1727 ἐκχυθὲν,
1537 1674 1657 1723 ποταμὸν
1673 1684 1769 1720 ἁθρόον
1790 1683 1870 1709 ποιεῖ.
1887 1680 2000 1707 Πάντων
2016 1675 2064 1703 οὖν
2078 1674 2187 1710 χαιρόν-

1399 1719 1452 1765 τωῖι
1466 1719 1564 1770 ὲπὶὲτῷ
1579 1719 1672 1764 ὕδατι,
1693 1719 1716 1757 6V
1731 1728 1912 1765 πατριάρχης,
1932 1724 1988 1751 Τοῦ
2004 1720 2141 1770 arar-apo?)
2155 1719 2190 1770 ἶὰ

1399 1764 1556 1817 ὁρμήματά
1582 1777 1778 1813 εὐφραίνουσι
1807 1772 1863 1806 τὴν
1890 1770 1981 1797 πόλιν
2013 1766 2068 1794 τοῦ
2099 1764 2188 1794 θεοῦ,

1400 1830 1501 1863 ἔλεγεν.
1888 1836 1891 1840 -

1435 1860 1502 1902 dLX
1507 1873 1539 1900 Χ.
1549 1870 1686 1899 Ἐντεῦθεν
1692 1870 1709 1904 ἡ
1718 1868 1793 1899 πόλις
1798 1875 1833 1892 πε
1837 1866 1862 1901 ρ).
1869 1864 1949 1891 αὑτὸν
1955 1862 2030 1888 πᾶσα
2036 1860 2190 1895 συνέρρεον,

1401 1921 1448 1949 καὶ
1455 1921 1488 1956 τῇ
1495 1919 1545 1954 τῆς
1551 1914 1736 1952 πνευματικῆς
1742 1912 1848 1946 ἐκείνης
1859 1906 2031 1938 διδασκαλίας
2044 1904 2190 1940 ﬂuat-51m:

1403 1949 1634 2003 rrpbgﬂ'rﬁvrdan-i}
1650 1960 1741 1987 πίστιν
1758 1958 1861 1987 πάντας
1872 1955 2001 1990 ἐπήγετο,
2009 1952 2049 1983 ὡς
2063 1951 2113 1977 καὶ
2128 1949 2189 1976 πολ-

1402 1995 1468 2044 λοὺς
1476 1995 1536 2038 ὅσαι
1546 1995 1648 2045 ἡμέραι
1657 2003 1844 2042 βαπτίζεσθαι,
1853 2002 1893 2033 εἰς
1901 1998 2101 2028 πεντακοσίους
2109 2004 2139 2022 τε
2151 1995 2191 2020 τὸν

1404 2042 1519 2093 ἀριθμὸν
1543 2042 1686 2088 αναέῆναι,
1710 2051 1757 2077 καὶ
1768 2049 1817 2084 τὴν
1838 2045 1977 2073 εὑσέὸειαν
1997 2042 2060 2070 καθ’
2077 2042 2191 2074 ἑκάστην

1405 2085 1559 2130 ἐπιδιδόναι.
1572 2085 1655 2126 Οὔπω
1666 2097 1756 2124 τοίνυν
1769 2092 1891 2124 ἐνιαυτὸς
1901 2091 1949 2126 τὴν
1965 2088 2120 2123 ὑπερορίαν
2134 2085 2192 2120 ἐμὲ·

1405 2157 1475 2185 τρει,
1492 2147 1540 2174 καὶ
1565 2143 1767 2179 οἱκοδομοῦνται
1794 2140 1843 2175 μὲν
1864 2137 1916 2164 ὑπὸ
1926 2135 1980 2162 τῶν
1991 2133 2190 2161 πιστευσάντων

1406 2177 1546 2229 ἐκκλησίαι
1556 2191 1601 2218 τὸν
1613 2177 1727 2226 ἀριθμὸν
1740 2186 1820 2213 πέντε
1834 2184 1882 2211 καὶ
1892 2181 2087 2216 ἑϐδομήκοντα,
2098 2177 2190 2213 τεμένη

1405 2249 1435 2268 τε
1451 2239 1567 2267 εἰδώλων
1584 2225 1638 2264 uati
1650 2234 1711 2262 ναοὶ
1727 2230 1931 2266 καθαιροῦνται,
1950 2227 1998 2254 καὶ
2015 2225 2052 2252 τὰ
2071 2231 2192 2260 παραπε-

1375 2282 1396 2309 D
1410 2267 1513 2320 ιρυκότα
1525 2282 1630 2313 τούτοις
1644 2280 1723 2314 ἄλση,
1746 2278 1792 2304 ἐπὶ
1812 2275 1878 2302 πολὺ
1899 2273 1950 2308 γῆς
1967 2270 2154 2305 διικνούμενα,
2168 2267 2193 2292 τὸ

1411 2313 1467 2367 πῦρ
1481 2328 1676 2363 κατανέμεται,
1693 2313 1740 2352 καὶ
1752 2324 1826 2350 πᾶσα
1841 2321 1896 2347 τῶν
1910 2318 2046 2354 δαιμόνων
2062 2313 2191 2343 καταϐάλ-

1408 2378 1482 2404 λεται
1497 2377 1513 2411 ἡ
1532 2374 1622 2410 μανία.

1441 2406 1557 2449 CLXIX-1.
1565 2416 1720 2454 Τηνικαῦτα
1728 2413 1774 2442 οὖν
1782 2411 1924 2448 ἐπίφθονός
1930 2419 1958 2436 τε
1965 2409 2013 2436 καὶ
2020 2408 2117 2443 βαρεῖα
2123 2406 2157 2440 φή
2161 2412 2192 2439 μη

1410 2468 1461 2499 τὰς
1473 2467 1519 2493 τοῦ
1532 2452 1663 2501 βασιλέως
1676 2461 1758 2493 ἀκοὰς
1770 2459 1923 2495 ὑποτρέχει,
1939 2454 2078 2482 ἐπιδοῦναι
2090 2452 2124 2478 τὰ
2135 2452 2194 2486 Χρι-

1413 2498 1577 2542 στιανῶν-είς
1585 2508 1684 2545 πλῆθος
1693 2505 1808 2543 ἀριθμοῦ
1825 2506 1955 2540 κρεῖττον,
1964 2501 2011 2528 καὶ
2017 2499 2078 2526 καθ’
2085 2498 2194 2529 ἑκάστην

1414 2557 1543 2592 αὓξεσθαι
1557 2557 1606 2591 τὴν
1616 2555 1722 2591 ἡμέραν
1730 2553 1901 2579 διδάσκουσα.
1911 2544 1996 2583 Ἑφίἷ.»
2010 2546 2044 2581 δὴ
2059 2545 2106 2572 καὶ
2117 2544 2193 2576 Αὐφι-

1414 2587 1504 2631 διανὺν
1513 2587 1610 2629 αὐτίκα
1676 2587 1798 2634 ἦγεμόνα
1808 2597 1910 2626 ἐκεῖνος
1924 2593 2072 2628 ἐκπέμπει,
2084 2590 2151 2616 ὥστε
2160 2587 2191 2623 μὴ

1418 2650 1496 2685 μόνον
1511 2648 1578 2684 μηδὲ
1599 2645 1752 2681 περαιτέρω
1766 2641 1906 2678 προελθεῖν
1920 2638 1989 2666 αὐτὰ
2014 2635 2190 2672 συγχωρῆσαι.

1414 2681 1482 2722 ἀλλὰ
1493 2681 1616 2724 καὶτοὺς
1627 2691 1676 2727 ήδη
1689 2689 1867 2725 χειρωθέντας
1876 2685 2069 2719 ἐπαναγαγεῖν,
2080 2682 2125 2709 καὶ
2133 2681 2191 2707 ἀπθ-

1410 2740 1508 2774 στῆσαι
1521 2739 1572 2769 τῑπς
1584 2735 1734 2767 εὐσεϐείας.
1745 2731 1829 2765 Οὗτος
1842 2732 1940 2763 τοίνυν,
1952 2729 2001 2765 τὴν
2011 2727 2140 2764 Χερσῶνα
2152 2732 2189 2751 ιω-

1228 2819 1345 2847 VARlIE
1364 2817 1561 2846 LECTIONES.

619 2896 641 2914 ‘4'
654 2894 734 2923 Num.
751 2904 795 2929 υ,
812 2895 924 2924 6.1’sal.
947 2902 1048 2926 Lxxvn,
1070 2893 1113 2920 ‘20.
1153 2892 1173 2907 ε’
1189 2891 1224 2918 al.
1249 2890 1330 2917 inscr.
1358 2886 1472 2914 ἑστῶτα.

1517 2885 1538 2900 ⁶¹
1550 2884 1625 2912 deest
1645 2883 1670 2910 in
1696 2882 1732 2910 al.
1773 2881 1835 2903 ωλι
1851 2878 1923 2907 Psal.
1939 2885 2001 2910 xtv,
2015 2877 2043 2905 5.
