2290 3110
52 184 95 212 597

430 182 658 212 CLEMENTINA.
677 198 713 204 —
736 181 887 210 EPITOME
906 181 950 208 DE
969 180 1092 209 GESTIS
1112 180 1141 208 S.
1167 179 1278 208 PETRI.

1616 179 1666 206 598

49 240 170 272 ταλαϐὼν,
186 241 234 267 καὶ
247 241 362 274 πολλοὺς
375 241 427 268 τῶν
440 239 610 276 Χριστιανῶν
622 239 733 270 πολλαῖς
747 238 830 273 βασά-
844 242 866 268 Α
880 237 953 272 plura

763 238 830 265 ασά-
844 242 866 268 Α
880 237 973 272 plures
998 235 1141 263 tormentis
1169 235 1264 262 multis
1289 241 1321 262 ac
1344 234 1427 262 variis
1440 233 1539 265 aﬂecit,
1556 235 1666 268 quando

49 296 96 319 νοις
110 287 153 313 καὶ
163 285 299 318 ποικίλαις
307 286 460 316 ὑποϐαλὼν,
469 286 530 312 ἐπεὶ
544 285 649 316 πάντας
660 285 693 320 τῇ
702 283 829 320 προθέσει

50 334 175 369 μάρτυρας
184 332 382 368 γεγενημένους
399 331 481 367 ἐώρα,
491 331 613 366 καὶπρὸς
621 330 735 366 μυρίους
750 337 830 365 παρε-

49 379 236 415 σκευασμένους
249 379 391 411 θανάτους,
405 378 431 404 τί
443 378 529 410 ποιεῖς
551 377 694 412 Ἀπέχεται
713 376 762 411 μὲν
782 375 829 402 τοῦ

48 426 162 461 πλήθους,
171 423 299 454 δεδοικὼς
309 424 346 460 μὴ
355 424 400 451 καὶ
408 423 461 450 άπὸ
466 423 513 449 τοῦ
521 423 614 454 τέλους
623 422 677 457 (24)
689 422 829 457 μάρτυρας

48 468 159 500 πλείονας
171 469 332 504 ἐργάσηται·
349 469 394 495 τὸν
406 467 492 494 αἴτιον
507 467 536 494 δὲ
550 468 629 503 μόνον
642 466 762 498 κολάζει,
775 466 824 493 καὶ

48 515 125 541 πάντα
137 514 220 550 θυμὸν
238 515 311 541 κατὰ
332 515 382 550 τῆς
407 514 544 550 μακαρίας
565 513 673 549 ἐκείνης
689 512 737 539 τοῦ
753 512 827 547 Κλή-

49 568 133 594 μεντος
152 560 248 595 ἀφίησι
270 561 400 595 κεφαλῆς.
425 560 533 595 Ἐπειδὴ
547 560 575 586 δὲ
598 559 687 586 πάντα
704 556 738 594 ἧν
754 556 828 592 αὐτῷ

51 604 140 639 κοῦφα,
161 605 207 631 καὶ
226 607 268 637 είς
287 605 362 632 οὐδὲν
384 605 555 641 λογιζόμενα,
571 605 619 631 καὶ
636 605 682 638 ἀφ’
695 600 732 630 ὦν
748 601 829 630 αὑτὸν

49 650 139 686 ἔπασχε
161 650 261 686 μᾶλλον
285 651 395 678 πλείονα
417 652 473 683 τοῖς
500 651 590 683 ἄλλοις
610 650 754 687 παρείχετο
779 651 828 686 τὴν

49 697 193 730 ἀσφάλειαν,
214 696 346 732 σύντομον
369 697 529 733 ἀπαλλαγὴν
549 697 623 732 αὑτῷ
637 697 685 724 τοῦ
701 697 757 732 βίου
774 698 822 724 καὶ

49 743 146 777 ταχεῖαν
169 743 330 774 ἐπινοεῖται,
353 743 400 769 καὶ
416 743 456 774 εὶς
474 743 559 778 μέσην
571 743 616 769 τὸν
635 743 761 778 μάρτυρα
778 743 828 778 τὴν

50 787 171 815 θάλασσαν
185 788 313 823 ἀγαγὼν,
331 789 378 815 καὶ
392 789 515 824 ἄγκυραν
533 789 645 825 σιδηρᾶν
665 788 713 815 τοῦ
724 789 829 824 τραχή-

49 832 87 859 λου
96 833 216 869 ἐκδήσας,
232 834 344 870 καθίησι
366 834 404 870 τῷ
425 834 507 870 βυθῷ,
529 835 603 867 ὅπως
620 834 688 870 μηδέ
707 834 830 870 λείψανον

49 879 149 911 ἐκείνου,
165 880 259 915 φησὶν,
272 880 445 916 ὑπολειφθείη
458 881 640 916 Χριστιανοῖς.

77 933 196 962 CLXXII.
219 936 290 962 Ἀλλ’
299 937 313 962 ὁ
322 914 378 972 μὲν
386 914 498 972 sperni:
507 936 577 964 κατὰ
584 936 629 963 τοῦ
639 935 782 971 πελάγους·
796 938 825 964 τὸ
841 914 863 941 Β

48 980 72 1006 δὲ
76 981 296 1017 τῶνΧριστιανῶν
305 982 405 1018 πλῆθος
412 983 459 1009 ἐπὶ
465 982 512 1009 τοῦ
518 982 643 1017 αἰγιαλοῦ
651 982 826 1019 ἐστὼς,ὲθρή-

48 1033 99 1052 νουν
106 1026 471 1064 ἐλεεινῶς,ὼλοφύροντο,καὶ
478 1028 665 1064 οἰκτροτάταις
674 1030 775 1063 φωναῖς
783 1029 825 1056 άν-

47 1071 148 1100 εκὰλουν
166 1073 211 1100 τὸν
235 1074 418 1111 πατριάρχην.
430 1074 580 1110 Κορνήλιος
593 1075 622 1101 δὲ
632 1075 679 1101 καὶ
689 1075 783 1107 Φοῖϐος
799 1077 824 1102 οἱ

49 1115 154 1152 μαθηταὶ
176 1117 235 1149 οἵας
262 1118 295 1144 τὸ
318 1119 403 1150 πάθος
430 1119 528 1155 ἀπῄτει
557 1120 648 1154 φωνὰς
673 1121 720 1148 καὶ
747 1122 824 1148 αὐτοὶ

48 1160 159 1194 βοῶντες,
178 1163 226 1189 καὶ
249 1164 301 1190 οὐκ
323 1163 430 1198 ἔχοντες
450 1164 464 1190 ὅ
480 1173 506 1191 τι
520 1165 570 1200 τῆς
590 1167 732 1202 συμφορᾶς
746 1168 824 1202 ποιή-

48 1213 127 1233 trav-tat
142 1208 316 1244 παραμύθιον
326 1229 334 1241 ,
350 1209 499 1245 Εὺξώμεθα
520 1211 619 1243 πάντες
635 1212 822 1248 ὁμοθυμαδὸν,

47 1249 122 1284 εἷπον,
140 1253 209 1281 ὥστε
225 1254 279 1282 κᾶν
292 1255 480 1291 ἀναδειχθῆναι
497 1258 562 1292 ἡμῖν
576 1258 606 1284 τὸ
622 1257 669 1284 τοῦ
687 1259 824 1294 μάρτυρος

47 1298 167 1334 λείψανον.
183 1301 240 1327 Καὶ
255 1302 481 1337 προσευχομένων
496 1303 599 1333 αὐτῶν,
615 1303 637 1330 ὦ
654 1304 708 1331 τῶν
738 1305 824 1340 μεγά-

47 1343 92 1370 λων
108 1353 161 1377 σου,
175 1347 301 1373 Δέσποτα
310 1367 318 1379 ,
332 1347 481 1383 τεραστίων
489 1349 523 1381 ⁸⁵,
540 1348 784 1385 θαυματουργεῑταί
795 1359 822 1376 τι

47 1390 171 1418 κάνταῦθα
183 1392 205 1408 ⁸⁸
220 1393 289 1425 Θεὸς
299 1392 346 1419 τοῦ
365 1393 486 1425 Μωσέως
495 1395 718 1432 παραδοξοτερον.
742 1395 823 1422 Ὑπο-

46 1436 129 1470 φεύγει
137 1437 185 1472 μὲν
194 1438 249 1474 γὰρ
256 1440 273 1474 ή
288 1438 409 1466 θάλασσα
419 1440 584 1476 προσωτέρω
597 1440 720 1472 σταδίους
731 1441 822 1476 σχεδὸν

45 1482 88 1508 οὐκ
98 1483 221 1516 ἐλάττους
235 1485 292 1511 τῶν
308 1485 406 1512 είκοσι.
423 1485 620 1521 Προσελθόντες
633 1486 661 1512 δὲ
675 1486 706 1513 τὸ
721 1486 822 1522 πλῆθος

45 1528 83 1555 διὰ
95 1529 171 1565 ξηροῦ
183 1530 231 1557 τοῦ
246 1531 363 1566 ἐδάφους
372 1540 378 1546 ·
394 1532 444 1567 τῆς
456 1532 614 1567 θαυμαστῆς
623 1540 669 1558 σου
677 1532 819 1565 καὶτοῦτο,

46 1573 319 1611 Χριστὲ,δυνάμεως·
334 1576 491 1612 εὑρίσκουσι
516 1577 589 1603 λίθον
614 1578 642 1604 ὲν
665 1577 730 1604 εἴδει
756 1577 821 1604 ναοῦ
838 1587 861 1617 ι)

46 1620 112 1656 παρὰ
123 1622 171 1657 τῆς
186 1622 236 1658 σῆς
251 1622 408 1658 ἀποῤῥήτου
422 1623 516 1658 σοφίας
530 1623 723 1659 πεποιημένον,
736 1624 826 1651 καὶτὸ

48 1668 201 1702 μαρτυρικὺν
221 1668 303 1704 σῶμα
321 1668 456 1705 λαμπρῶς
470 1669 500 1696 ὲν
516 1669 591 1705 αὐτῷ
615 1670 756 1705 κείμενον,
779 1672 826 1699 καὶ

46 1712 88 1746 τῆν
100 1712 207 1748 βαρεῖαν
221 1714 333 1749 ἐκείνην
349 1714 472 1751 ἄγκυραν
482 1735 489 1747 ,
506 1715 620 1749 ἔγγιστά
635 1723 686 1742 που
695 1715 742 1742 τοῦ
750 1716 825 1743 λίθου

46 1757 86 1783 καὶ
98 1758 179 1794 αὐτὴν
195 1758 339 1794 κειμένην.

69 1812 202 1842 CLXXIII.
229 1816 300 1843 Ἀλλ’
310 1816 490 1852 ἀπεκαλύφθη
505 1817 646 1853 Κορνηλίῳ
661 1818 708 1844 καὶ
720 1817 823 1854 Φοίδῳ,

47 1858 106 1886 ὥστε
116 1860 151 1896 μὴ
157 1861 187 1888 τὸ
193 1862 321 1897 λείψανον
331 1863 435 1890 ἐκεῖθεν
447 1863 635 1899 μετακινῆσαι,
649 1863 738 1896 καλῶς
746 1864 774 1891 ἐν
785 1864 825 1899 τῷ

46 1904 109 1941 βυθῷ
120 1907 253 1942 κείμενον·
265 1908 314 1934 καὶ
323 1908 364 1935 ὅτι
375 1907 554 1944 καθ’ἑκάστην
561 1909 685 1936 ἐνιαυτοῦ
693 1917 821 1945 περιτρο-

46 1950 90 1985 πήν
116 1952 190 1988 ὲντῷ
215 1953 307 1989 καιρῷ
329 1954 378 1989 τῆς
405 1953 451 1980 τοῦ
482 1954 619 1990 μάρτυρος
638 1954 822 1988 τελειώσεως,

45 1994 205 2033 ὑποχωρήσει
217 1999 285 2034 παρ’
296 1998 360 2029 ὅλας
374 1998 443 2025 ἑπτὰ
457 1998 563 2034 ἡμέρας
571 2000 627 2031 τοῖς
637 1999 794 2034 προσιοῦσιν
805 2001 823 2036 ὴ

46 2039 164 2074 θάλασσα,
173 2043 242 2078 πεζῇ
250 2043 298 2070 καὶ
305 2043 387 2079 βάδην
395 2044 486 2076 αὐτοῖς
496 2044 576 2080 μέχρι
583 2044 629 2071 τοῦ
637 2044 764 2081 λειψάνου
772 2046 820 2081 τὴν

45 2085 148 2122 πάροδον
155 2088 351 2124 ἐπιτρέπουσα.
356 2090 443 2125 Ὅπερ
453 2090 567 2126 ἐτησίως
574 2089 604 2122 ἐξ
611 2090 715 2118 ἐκείνου
722 2091 771 2126 καῖι
783 2092 822 2123 εἰς

44 2130 113 2167 δεῦρο
122 2134 247 2167 τελεῖται,
263 2134 313 2170 τὴν
325 2135 469 2171 ἐπιδημίαν
483 2136 532 2171 τῆς
545 2137 627 2163 αὑτοῦ
642 2138 750 2173 μνήμης
765 2136 820 2173 (25)

44 2176 115 2204 οἱονεί
132 2187 192 2205 τινα
205 2180 270 2216 ὅρον
285 2179 345 2215 ἔχον
359 2181 407 2206 καὶ
424 2181 601 2216 προθεσμίαν.
624 2182 761 2209 Ἐντεῦθεν
778 2182 820 2208 aI-

46 2229 111 2255 ρεσις
123 2226 184 2260 παρ’
197 2226 290 2256 αὐτοῖς
302 2227 386 2258 πᾶσα,
401 2227 448 2253 καὶ
460 2227 619 2262 ἐλληνισμὺς
630 2228 818 2260 καταλέλυται,

44 2266 91 2293 τῶν
111 2269 140 2295 ἐν
160 2271 193 2306 τῇ
215 2270 264 2297 τοῦ
290 2271 427 2307 μάρτυρος
449 2272 543 2308 μνήμῃ
567 2273 738 2309 τελουμένων
762 2274 821 2300 ἐκεῖ

45 2313 153 2346 σημείων
172 2316 221 2341 καὶ
239 2315 294 2342 τῶν
316 2315 462 2351 θαυμάτων
487 2317 527 2348 εἰς
548 2317 693 2351 ἐπίγνωσιν
719 2318 821 2350 πάντας

44 2361 290 2394 χειραγωγούντων,
312 2362 360 2388 καὶ⁸
378 2361 505 2398 καθαρῶς
524 2363 674 2397 ἐναγόντων
690 2364 759 2399 πρὸς
772 2364 822 2399 τὴν

44 2403 169 2439 ἀλήθειαν.
184 2407 279 2434 Οὐδενὶ
295 2408 348 2444 γὰρ
359 2408 380 2423 ⁸³
401 2408 453 2434 ὑπό
474 2416 544 2440 τινος
564 2409 712 2444 ἀνηκέστου
737 2409 821 2436 κακοῦ

46 2450 212 2486 πιεζομένων,
227 2453 278 2488 τῆς
291 2453 339 2479 τοῦ
355 2453 450 2485 ὓδατος
465 2454 569 2480 ἐκείνου
586 2454 761 2490 μεταλήψεως
775 2456 822 2481 καὶ

881 289 977 310 omnes
1002 281 1142 316 proposito
1156 286 1182 307 et
1200 280 1350 307 intentione
1373 285 1508 315 martyres
1527 279 1612 306 fuisse
1627 281 1667 304 vi-

879 330 936 362 dit,
949 332 1113 364 paratosque
1126 335 1188 354 esse
1213 327 1246 354 ad
1270 327 1343 354 mille
1364 331 1484 358 mortes,
1501 325 1566 361 quid
1583 325 1667 352 facit?

879 376 1006 403 Abstinet
1021 375 1130 410 quidem
1145 382 1161 400 a
1176 373 1287 409 populo,
1305 373 1408 400 veritus
1421 380 1454 400 ne
1465 373 1547 399 etiam
1564 379 1597 398 ex
1608 371 1666 406 pri-

880 422 1003 450 maribus
1021 421 1123 449 multos
1146 419 1248 448 Iaceret
1275 424 1408 455 martyres
1422 428 1428 446 :
1444 418 1533 446 solum
1545 426 1610 445 vero
1621 425 1668 444 au-

880 472 984 495 ctorem
1005 466 1152 502 reprimit,
1169 472 1332 500 omnemque
1355 465 1475 492 furorem
1493 463 1615 491 immittit
1637 463 1666 490 in

880 513 989 540 beatum
1016 512 1081 539 illud
1113 511 1260 539 Clementis
1283 514 1374 545 caput.
1399 508 1484 536 Porro
1511 516 1573 535 cum
1601 507 1667 534 huic

879 558 970 586 omnia
984 562 1075 585 essent
1087 557 1158 585 levia
1171 561 1198 584 et.
1218 556 1320 584 nullius
1333 554 1479 585 momenti,
1494 553 1560 588 quin
1576 553 1667 588 potius

882 613 915 632 ex
922 605 962 632 eis
968 612 1029 639 quae
1041 604 1098 638 ipse
1109 603 1272 638 patiebatur,
1281 601 1386 630 caeteris
1395 600 1528 635 praeberet
1535 599 1666 633 majorem

879 649 1022 681 iiduciam,
1040 650 1149 676 brevem
1163 648 1188 676 ei
1203 653 1228 675 et
1241 647 1357 675 celarent
1368 647 1502 682 excogitat
1514 645 1666 673 discessum

879 695 960 721 evita
973 715 980 727 ,
998 699 1080 730 atque
1098 694 1218 721 adducto
1242 698 1360 728 martyre
1385 692 1413 719 in
1439 691 1558 719 medium
1579 697 1666 723 mare,

879 741 1055 775 anchoraque
1071 740 1157 767 ferrea
1181 740 1214 767 ad
1227 739 1326 767 collum
1342 739 1401 773 ejus
1417 738 1543 773 religata,
1562 736 1588 763 in
1604 743 1667 771 pro-

880 785 995 813 fundum
1007 785 1124 813 demittit
1146 794 1152 812 :
1169 783 1219 818 Ne,
1237 783 1335 819 inquit,
1349 783 1423 810 illius
1435 783 1477 810 vel
1490 782 1612 817 reliquiae
1624 789 1668 809 re-

880 836 1009 859 maneant
1022 831 1197 859 Christianis.

911 930 1039 960 CLXXII.
1053 932 1142 966 Atque
1157 930 1202 958 ille
1213 930 1324 966 quidem
1342 930 1370 957 in
1386 930 1511 965 pelagum
1529 929 1668 965 proiectus

876 982 918 1005 est
944 986 951 1004 :
973 976 1193 1004 Christianorum
1213 981 1305 1004 autem
1327 975 1490 1008 multitudo,
1521 976 1548 1002 in
1576 975 1668 1003 littore

876 1028 963 1056 stans,
979 1022 1187 1055 lamentabatur,
1204 1022 1302 1050 misere
1320 1021 1452 1056 ejulabat,
1465 1024 1492 1048 et
1504 1020 1666 1048 miserandis

876 1069 1022 1096 admodum
1035 1069 1148 1096 vocibus
1165 1067 1330 1095 inclamabat
1347 1067 1542 1102 patriarcham.
1561 1066 1666 1094 Corne-

875 1115 930 1142 lius
944 1122 1010 1142 vero
1022 1118 1049 1142 et
1058 1114 1178 1142 Phtebus
1193 1113 1330 1148 discipuli,
1342 1113 1437 1148 quales
1450 1119 1531 1139 voces
1549 1112 1575 1139 id
1593 1112 1668 1147 quod

876 1160 1064 1196 perferebatur
1075 1159 1239 1194 postulabat,
1255 1163 1282 1186 et
1293 1159 1344 1193 ipsi
1359 1166 1407 1194 per
1421 1159 1568 1186 clamorem
1583 1158 1666 1186 emit-

878 1212 950 1241 tunt,
964 1214 1015 1234 nec
1030 1207 1131 1234 habent
1144 1214 1226 1242 quam
1241 1205 1392 1233 infortunio
1409 1204 1522 1232 aﬂerant
1537 1204 1667 1232 consola-

874 1254 987 1286 tionem,
1005 1257 1087 1288 atque
1108 1252 1186 1279 aiunt
1203 1263 1209 1280 :
1227 1251 1343 1279 Oremus
1357 1252 1447 1278 cuncti
1460 1258 1516 1278 uno
1528 1250 1629 1284 animo,
1637 1254 1668 1278 ut

874 1299 954 1327 nobis
968 1299 1127 1327 ostendatur
1141 1298 1267 1333 martyris
1282 1305 1392 1332 corpus.
1410 1297 1444 1324 Et
1461 1304 1524 1325 cum
1541 1300 1663 1328 orarent.

874 1351 893 1372 ο
910 1352 1008 1380 magna
1026 1348 1072 1371 tua
1091 1343 1234 1377 miracula,
1259 1342 1388 1370 Domine!
1412 1342 1449 1370 ibi
1473 1342 1544 1369 Deus
1563 1341 1668 1376 aliquid

873 1390 979 1425 majore
996 1389 1178 1417 admiratione
1195 1389 1308 1424 dignum
1322 1388 1391 1421 edit,
1408 1395 1491 1422 quam
1511 1387 1585 1423 quod
1601 1386 1660 1414 Mo-

875 1442 919 1463 ses
934 1435 967 1463 ".
982 1435 1090 1462 Etenim
1104 1441 1180 1462 mare
1194 1434 1290 1468 procul
1305 1433 1408 1462 recedit
1419 1433 1514 1469 viginti
1537 1433 1593 1460 fere
1610 1437 1667 1460 sta-

873 1482 928 1509 dia.
942 1481 1081 1509 Accedens
1100 1485 1192 1509 autem
1208 1481 1285 1516 plebs
1299 1489 1347 1515 per
1360 1481 1463 1509 siccum
1482 1481 1571 1508 solum
1582 1500 1590 1512 ,
1614 1480 1667 1507 hoc

873 1535 983 1563 quoque
996 1527 1129 1554 mirabilis
1141 1531 1194 1554 tuae
1205 1527 1340 1562 potentiae,
1352 1525 1462 1553 Christe
1472 1526 1478 1552 l
1489 1526 1592 1553 invenit
1602 1525 1668 1560 lapi-

876 1572 949 1605 dem,
967 1573 995 1599 in
1007 1571 1095 1599 forma
1111 1571 1203 1606 templi
1218 1571 1252 1598 ab
1268 1571 1398 1598 ineﬂabili
1411 1575 1456 1598 tua
1473 1570 1606 1605 sapientia
1626 1569 1667 1597 ef-

878 1618 990 1651 fectum,
1004 1622 1031 1645 et
1042 1617 1170 1653 martyris
1190 1624 1289 1651 corpus
1303 1617 1448 1651 magniﬁce
1463 1616 1490 1643 in
1510 1623 1543 1643 eo
1558 1616 1664 1650 jacens,

877 1671 1041 1699 gravemque
1055 1663 1127 1690 illam
1139 1662 1285 1690 anchoram
1300 1662 1423 1697 proxime
1433 1669 1529 1689 saxum
1541 1666 1567 1688 et
1579 1661 1664 1695 ipsant

876 1711 1005 1745 positam.

912 1809 1050 1838 CLXXIII.
1067 1809 1120 1837 Sed
1140 1808 1268 1836 Cornelio
1284 1813 1311 1835 et
1323 1806 1425 1834 Phoebo
1447 1806 1595 1833 revelatum
1611 1810 1663 1838 est,

875 1865 909 1885 ne
928 1857 1003 1884 illinc
1021 1855 1200 1883 transferrent
1215 1861 1331 1889 corpus,
1347 1853 1418 1888 quod
1437 1852 1564 1887 praeclare
1581 1852 1664 1879 situm

874 1908 933 1931 erat
946 1904 973 1930 in
988 1902 1124 1938 profundo
1138 1911 1145 1935 ;
1159 1909 1191 1928 ac
1205 1900 1263 1928 fore
1284 1904 1313 1927 ut
1326 1907 1373 1934 per
1386 1899 1507 1934 singulos
1528 1906 1664 1926 annorum

874 1950 1015 1981 circuitus,
1034 1952 1155 1982 tempore
1169 1954 1223 1982 quo
1235 1951 1337 1981 martyr
1353 1950 1441 1972 morte
1455 1949 1664 1972 consummatus

873 1999 929 2028 est,
954 2002 1029 2022 mare
1049 1993 1206 2021 adventuris
1224 1992 1331 2020 cederet
1349 1999 1395 2026 per
1416 1995 1518 2025 septem
1543 1990 1664 2025 integros

873 2041 942 2073 dies,
962 2040 1184 2074 permitteretque
1208 2038 1261 2065 illis
1276 2037 1381 2064 aditum
1402 2036 1516 2071 pedibus
1537 2041 1564 2063 et
1590 2036 1664 2064 lento

874 2087 958 2122 gradu
973 2093 1059 2121 usque
1072 2086 1104 2113 ad
1118 2092 1227 2120 corpus.
1244 2083 1322 2117 Quod
1339 2083 1479 2111 annuatim
1493 2082 1527 2109 ab
1538 2082 1584 2109 illo
1599 2087 1664 2109 tem-

872 2141 937 2168 pore
969 2133 1058 2160 adhuc
1079 2131 1235 2167 perﬁcitur,
1259 2131 1393 2165 habetque
1415 2131 1486 2157 velut
1501 2130 1662 2165 prmﬁnitum

873 2179 1018 2205 terminum
1032 2186 1064 2206 ac
1074 2179 1254 2214 przestilutum
1269 2184 1374 2217 tempus
1383 2180 1528 2206 adventum
1541 2186 1663 2206 comme-

872 2224 1034 2252 morationis
1048 2224 1186 2260 martyris.
1197 2225 1267 2252 Hinc
1279 2227 1367 2253 omnis
1383 2227 1453 2261 apud
1473 2234 1520 2253 cos
1538 2225 1659 2258 haeresis,

873 2275 899 2298 et
913 2270 1005 2298 Grasca
1019 2271 1114 2306 religio
1125 2279 1217 2299 eversa
1231 2275 1291 2305 est;
1312 2280 1373 2299 cum
1390 2273 1466 2307 signa
1483 2276 1509 2299 et
1529 2272 1660 2299 miracula

874 2324 936 2352 qua:
948 2317 984 2343 ibi
1005 2316 1032 2343 in
1049 2318 1180 2345 memoria
1202 2319 1330 2353 martyris
1347 2318 1481 2350 eduntur,
1501 2323 1613 2346 cunctos
1626 2318 1661 2346 ad

873 2364 1055 2399 cognitionem
1074 2364 1219 2397 adducant,
1234 2370 1261 2392 et
1272 2365 1351 2400 plane
1367 2365 1401 2392 ad
1412 2365 1552 2392 veritatem
1566 2365 1658 2399 impcl.

874 2410 940 2437 lant.
954 2408 1059 2436 Nemini
1068 2410 1140 2436 enim
1152 2410 1261 2437 illorum
1274 2411 1320 2445 qui
1332 2410 1473 2438 insanabili
1486 2410 1576 2444 aliquo
1588 2411 1659 2437 malo

873 2461 1070 2490 premerentur,
1087 2455 1141 2483 alia
1157 2464 1186 2483 re
1201 2464 1283 2492 quam
1304 2464 1381 2491 aqua:
1395 2455 1466 2484 illius
1489 2456 1660 2490 perceptione

686 2520 803 2548 VARUE
823 2520 1022 2549 LECTIONES.

76 2572 96 2588 “
108 2574 142 2604 al.
159 2574 328 2610 θαυμασίων.
367 2575 388 2591 ⁶⁶
407 2575 482 2603 deest
506 2576 533 2603 in
552 2576 587 2603 al.
626 2577 647 2592 ⁸⁷
663 2576 748 2604 Exod.
768 2585 823 2604 xtv.
854 2577 876 2593 °"
888 2578 924 2605 al.
947 2578 1029 2606 inser.
1046 2579 1110 2606 τῶν.

698 2645 878 2675 VARIORUM
896 2646 1011 2674 NOT/E.

77 2710 220 2752 (24).].16
236 2714 288 2752 τοῦ
310 2713 426 2752 τέλους.
445 2713 486 2741 Ex
507 2715 677 2749 primoribus.
693 2714 740 2742 Vel
755 2723 818 2743 cum

46 2743 173 2777 Perionio.
192 2750 306 2775 laudent.
324 2748 393 2777 Cor.

79 2780 136 2820 (2_5)_
151 2782 207 2820 τῆς
217 2783 451 2820 αὺτοῦ-μνήμης.
467 2785 537 2812 Infra
548 2784 669 2820 Martyrii
685 2793 761 2812 num.
771 2785 818 2818 25,

47 2814 115 2859 ξνγτῇ
123 2814 277 2859 ἡμέρᾲπῆς
289 2814 437 2859 αθλήσξωξ
444 2820 539 2859 αὐτοὶ
550 2814 628 2852 Acta;
640 2824 669 2859 et_
677 2814 819 2859 Freculfus

47 2851 84 2892 die
109 2851 336 2892 passioftie'ejm:
354 2851 502 2892 'Gregorio
519 2851 670 2892 ’I‘_t_ironensi
686 2863 692 2881 ε
728 2857 754 2881 in
776 2856 819 2892 dig

48 2885 211 2914 sulcmnitatis
226 2885 291 2922 eius:
314 2890 398 2917 Graeci
418 2885 450 2917 εἷς]
468 2891 501 2917 Ἡ
534 2890 661 2918 Novemb.
681 2891 709 2918 ὲν
723 2892 756 2926 τῇ
771 2890 817 2917 τοῦ

872 2716 951 2749 ἁγίου
965 2716 1067 2751 μνήμῃ.
1085 2713 1152 2751 Male.
1173 2722 1238 2751 ergo
1259 2714 1329 2751 apud
1355 2713 1537 2751 Nicephorum
1550 2713 1656 2751 "his,

871 2747 925 2778 ista
950 2747 1099 2786 παράδοξον
1112 2750 1140 2776 δέ
1155 2758 1181 2775 τι
1196 2747 1245 2785 τῆς
1259 2747 1368 2810 avgur};
1388 2747 1565 2783 ἐνισταμένης
1581 2748 1658 2784 αὐτῷ

873 2785 1034 2810 ἐπιγίνεται.
1058 2789 1198 2810 verterunt
1219 2785 1276 2810 sic:
1318 2792 1330 2810 ο
1344 2792 1394 2810 auo
1409 2791 1488 2810 supra
1508 2783 1655 2810 opinionem

873 2783 1034 2819 ὲπιγίνετάι,
1058 2789 1198 2811 verterunt
1219 2783 1276 2812 Sic:
1292 2783 1330 2811 De
1344 2792 1394 2819 quo
1409 2791 1488 2816 supra
1508 2783 1655 2819 opinionem

873 2818 1008 2854 praesentis
1037 2821 1168 2847 meritoriis
1205 2820 1333 2854 quiddam
1350 2818 1486 2854 'accidit,
1508 2818 1580 2853 Lego
1605 2826 1655 2852 ego

873 2853 966 2886 αὑτοῦ,
981 2861 1008 2882 et
1020 2855 1143 2889 explico:
1159 2854 1256 2881 Editur
1273 2860 1359 2881 autent
1374 2853 1542 2886 miraculum,
1554 2855 1654 2888 quoties

873 2891 995 2917 adventat
1009 2890 1061 2917 dies
1075 2898 1125 2925 quo
1141 2890 1213 2927 illius
1229 2891 1353 2917 mcntoria
1368 2889 1523 2917 celebratur.
1539 2889 1607 2916 Cor.
