2290 3110
557 161 609 188 599
998 161 1026 188 S.
1046 156 1242 187 CLEMENTIS
1263 158 1273 185 ι
1291 156 1374 186 ΒΟΜ.

1394 156 1496 185 ΡΟΝΤ.
1516 157 1630 187 OPERA
1648 158 1762 187 DUBIA.
2142 160 2197 187 000

553 224 580 247 et
605 219 762 253 aspersione
784 226 854 255 opus
868 219 920 247 fuit
944 219 978 247 ad
995 220 1081 247 morbi
1105 227 1167 247 eum
1187 219 1346 254 occupantis
1362 220 1382 247 Δ
1395 216 1457 253 τοῦι

1293 219 1346 246 ntis
1362 220 1382 247 Δ
1395 216 1442 243 τοῦ
1455 217 1602 253 ῥαντισμοῦ
1616 218 1696 245 πλέον
1707 218 1811 255 ἐδέησε,
1826 217 1894 255 πρὸς
1905 218 1955 255 τὴν
1967 218 2015 246 τοῦ
2028 218 2195 254 κατέχοντος

553 265 752 300 depulsionem.

589 310 730 339 CLXXIV.
751 311 804 339 Sed
821 312 878 340 haec
894 312 1006 347 quidem
1022 312 1086 340 talia
1102 316 1183 345 sunt,
1197 317 1223 339 et
1238 311 1274 338 ita
1291 311 1342 338 ha-

554 357 636 384 bent:
652 357 717 385 illud
733 366 797 386 vero
813 358 894 394 longe
907 358 1006 392 majus,
1023 357 1214 393 sulﬁciensque
1231 356 1264 384 ad
1277 365 1342 385 con-

554 403 688 431 ﬁrmanda
707 404 897 440 prarcedentia.
917 403 984 431 Nam
1000 412 1074 437 cum,
1090 409 1120 431 ut
1134 404 1261 439 superior
1277 411 1341 432 ora-

555 451 594 478 tio
608 451 771 484 declaravit,
788 451 815 478 in
831 451 943 486 pelagus
961 455 1065 486 martyr
1083 450 1225 477 immissus
1239 454 1296 482 est,
1315 454 1342 477 et

553 496 582 524 in
602 496 679 524 sinus
700 504 833 532 aquarum
857 497 1013 531 projcctus,
1036 500 1118 531 atque
1135 503 1211 522 mare
1231 495 1340 530 longius

552 542 704 576 abscessit,
719 543 783 570 dum
797 543 875 578 quasi
891 543 942 570 sub
957 543 1051 578 pedem
1067 543 1113 570 dat
1126 542 1217 570 locum
1227 562 1234 574 ,
1254 545 1281 569 et
1297 542 1340 569 in-

552 590 605 618 dex
626 590 750 625 corporis
772 589 934 617 mirabiliter
950 589 1082 622 eﬂlcitur,
1105 597 1137 616 ac
1158 589 1260 617 volenti
1275 589 1341 617 facit

552 639 716 670 potestatem
733 635 873 671 gradiendi
892 644 938 671 per
953 635 1138 671 profundum;
1155 635 1251 671 ingens
1266 640 1339 662 certe

552 680 772 710 Christianorum
789 682 935 710 multitudo
953 686 1019 709 tunc
1033 681 1066 709 ad
1089 682 1214 717 corporis
1233 686 1341 717 specta-

551 728 644 756 culum
668 729 841 764 properabat.
866 727 962 755 Postea
987 735 1051 755 vero
1072 733 1098 755 et
1121 728 1259 756 maximus
1280 728 1339 756 dies

551 774 639 803 festus
656 775 819 803 miraculum
836 775 962 807 induxit;
981 779 1029 801 aut
1044 774 1135 809 potius
1151 775 1202 802 hoc
1217 774 1339 802 miracu-

551 820 607 847 lum
624 820 696 847 diem
713 819 812 847 festum
827 819 932 852 ell‘ecit;
951 819 1024 854 quod
1041 827 1105 851 non,
1117 820 1199 847 semel
1216 819 1318 847 editum
1329 842 1337 854 ,

550 867 648 894 deinde
663 867 755 898 desiit.
773 866 820 893 sed
837 873 885 901 per
903 865 1117 900 unumquodque
1133 866 1197 892 anni
1214 867 1338 894 curricu-

550 913 607 940 lum
634 912 826 948 perliciebatur
847 912 943 939 eodem
970 912 1068 945 modo,
1093 911 1207 947 piasque
1230 913 1337 940 animas

549 959 716 988 convocabat
737 958 771 986 ad
792 958 914 993 epulum.
937 956 1004 984 Cum
1020 957 1147 992 equidem
1163 958 1221 985 haec
1239 958 1275 985 ita
1293 967 1337 986 es-

549 1010 619 1038 sent,
635 1010 662 1033 et
674 1013 769 1032 omnes
781 1005 853 1032 circa
869 1004 1035 1031 Cliersonem
1050 1003 1201 1032 Christiani
1215 1005 1247 1032 ad
1260 1005 1337 1033 mirae

548 1051 587 1079 rei
609 1051 758 1079 solemnem
781 1051 853 1078 diem
881 1052 1029 1087 quotannis
1063 1057 1273 1086 concurrerent;
1297 1052 1335 1080 ibi

547 1098 629 1125 etiam
645 1097 718 1126 Deus
732 1098 912 1132 miraculum,
933 1100 1120 1127 anterioribus
1141 1099 1230 1135 magis
1247 1099 1337 1134 inopi-

547 1152 614 1172 num
631 1149 658 1172 et
671 1144 843 1178 admirabile,
859 1150 998 1180 operatur.

580 1189 709 1218 CLXXV.
730 1190 799 1218 Nam
825 1192 866 1218 vir
888 1192 1000 1226 quidam
1023 1192 1186 1228 religiosus,
1203 1199 1257 1219 una
1272 1199 1335 1219 cum

1353 899 1374 926 Β

547 1244 652 1270 uxore,
667 1242 695 1264 ct
714 1237 789 1273 prole
810 1238 932 1265 mascula
943 1259 950 1272 ,
966 1239 1100 1266 miraculo
1116 1238 1174 1273 jam
1192 1238 1284 1272 edito,
1301 1239 1336 1266 ad

546 1283 676 1319 martyris
686 1291 796 1319 corpus,
808 1284 861 1319 ipsi
872 1292 981 1320 quoque
992 1292 1055 1312 cum
1070 1285 1171 1320 populo
1182 1284 1336 1312 conﬂuente

546 1328 661 1364 profecti
683 1334 756 1356 sunt.
781 1328 867 1364 Igitur
886 1337 981 1365 aequor
997 1338 1013 1358 e
1035 1331 1152 1365 vestigio
1176 1330 1334 1365 trajiciunt,

547 1374 734 1409 templumque
745 1374 772 1401 in
787 1374 848 1401 sinu
865 1374 926 1408 ejus
942 1375 1060 1410 positum
1075 1376 1222 1411 attingunt,
1237 1384 1337 1411 paren-

546 1425 588 1447 tes
612 1427 696 1447 manu
721 1428 838 1455 puerum
861 1420 1009 1449 ducentes:
1034 1429 1152 1457 cumque
1173 1422 1245 1450 intra
1268 1427 1336 1449 tem-

546 1465 622 1500 plum
638 1465 764 1498 fuerunt,
780 1471 807 1493 et.
824 1471 949 1495 sanctum
974 1467 1050 1495 illum
1075 1468 1211 1496 tumulum
1232 1469 1336 1496 ambie-

546 1516 631 1544 runt,
647 1517 705 1539 tum
719 1512 772 1539 alia
787 1517 913 1540 sanctum
929 1514 1032 1549 precati
1045 1519 1120 1546 sunt,
1135 1518 1192 1542 tum
1208 1522 1258 1550 pro
1270 1521 1335 1543 nato

546 1563 680 1593 rogarunt
692 1566 724 1586 ea
737 1567 799 1594 qua!
813 1564 940 1595 parentes
955 1560 1077 1588 decebat.
1094 1559 1200 1588 Precati
1212 1569 1287 1597 ergo,
1303 1569 1336 1590 ac
1347 1572 1371 1603 ο

545 1604 702 1639 sepulcrum
727 1604 862 1633 ferventer
885 1607 1038 1634 exosculati
1057 1611 1084 1635 et
1106 1608 1258 1643 complexi,
1283 1609 1335 1644 ipsi

545 1650 668 1684 quidem,
679 1651 735 1686 jam
747 1657 858 1687 peracta
869 1653 1038 1686 celebritate,
1051 1654 1214 1689 cunctisque
1221 1655 1334 1683 domum

547 1696 737 1730 redeuntibus,
751 1703 824 1725 retro
838 1698 936 1726 iterum
954 1707 1016 1727 cum
1035 1700 1137 1734 populo
1151 1701 1199 1735 qui
1218 1709 1335 1729 concur-

546 1747 620 1771 rerat
632 1744 836 1772 abscesserunt.
853 1744 924 1773 Puer
937 1750 1028 1773 autem
1042 1747 1112 1774 clam
1126 1752 1266 1782 parentes,
1276 1757 1336 1777 nes-

546 1789 591 1816 cio
603 1797 658 1824 quo
674 1790 756 1818 modo
769 1790 845 1818 solus
864 1791 935 1826 apud
960 1792 1118 1827 sepulcrum
1141 1794 1254 1822 relictus
1272 1799 1333 1828 est;

545 1835 658 1863 omnino
673 1836 700 1863 id
721 1836 991 1872 incomprehensibili
1014 1837 1062 1866 Dei
1082 1840 1253 1874 providentia
1276 1841 1334 1868 dis-

544 1887 680 1916 ponente,
696 1887 725 1910 ut
741 1883 830 1918 magis
849 1883 996 1912 honoraret
1019 1892 1081 1912 eum
1104 1886 1152 1920 qui
1170 1887 1290 1914 animam
1308 1891 1334 1914 et

545 1935 647 1963 corpus
661 1936 710 1963 pro
724 1929 783 1964 ipso
799 1929 912 1957 libenter
926 1930 1050 1958 dederat.
1072 1930 1106 1958 Et.
1128 1939 1199 1967 aqua
1222 1932 1333 1968 quidem

545 1973 579 2000 ad
594 1974 703 2009 propria
716 1981 853 2006 remeans,
867 1975 1033 2010 profundum
1047 1976 1162 2011 obtexit,
1178 1978 1335 2014 iterumque

545 2019 672 2047 eil'eetum
688 2025 731 2047 est
744 2021 867 2055 pelagus.

580 2064 721 2093 CLXXVI.
739 2067 774 2093 At
787 2072 913 2102 parentes
929 2068 1040 2103 paulum
1053 2077 1067 2096 a
1078 2077 1193 2105 corpore
1205 2071 1332 2107 digressi,

546 2117 573 2138 ut
589 2112 647 2147 jam
663 2112 749 2139 ﬁlium
765 2121 858 2141 secum
874 2122 930 2142 non
945 2115 1082 2148 viderunt,
1095 2117 1129 2144 ad
1145 2118 1334 2153 investigatio-

546 2165 609 2185 nem
624 2158 685 2192 ejus
696 2163 806 2186 vertunt
821 2167 867 2186 se:
892 2167 924 2188 ac
945 2164 1018 2188 retro
1037 2163 1161 2190 conversi
1180 2168 1210 2190 ut
1228 2164 1334 2192 inveni-

545 2207 608 2230 rent
619 2210 745 2238 puerum.
764 2209 880 2231 cernunt
898 2213 974 2232 mare
993 2214 1091 2234 rursus
1109 2215 1170 2236 esse
1183 2216 1243 2236 eam
1259 2211 1331 2238 viam

544 2256 608 2284 quae
623 2249 657 2275 ad
673 2256 771 2283 corpus
786 2250 915 2286 deinceps
934 2251 1062 2280 duceret:
1084 2253 1232 2289 statimque
1252 2263 1333 2284 cons-

545 2299 699 2328 ternantur,
713 2295 868 2330 turbantur,
882 2302 1103 2332 commoventur,
1118 2300 1210 2328 acrius
1225 2301 1259 2328 ad
1276 2303 1333 2330 nati

545 2340 748 2375 indagationem
783 2347 982 2377 prorumpunt:
1009 2343 1032 2371 is
1057 2348 1147 2372 autem
1173 2346 1200 2373 in
1225 2348 1332 2376 tumulo

544 2386 659 2414 relictus
671 2386 769 2414 fuerat.
785 2387 910 2423 Cumque
924 2393 987 2423 post
997 2390 1112 2418 multum
1126 2391 1246 2420 laborem
1263 2401 1332 2429 pue-

544 2440 606 2460 rum
629 2439 684 2460 non
704 2439 882 2468 repererunt,
900 2435 947 2462 sed
963 2435 990 2462 in
1005 2438 1089 2465 maris
1103 2437 1189 2466 fundo
1205 2439 1332 2468 desertus

544 2479 632 2506 fuisse
652 2479 720 2514 ipsis
738 2480 814 2508 visus
827 2485 884 2514 est,
898 2482 937 2509 uti
959 2489 1053 2510 revera
1069 2489 1146 2517 erat,
1170 2485 1281 2521 longum
1299 2495 1332 2515 ac

544 2524 672 2552 ﬂebiliter
685 2525 916 2560 vociferabantur,
933 2527 1018 2555 ﬁlium
1043 2529 1226 2565 appellantes,
1244 2536 1271 2560 et
1286 2540 1333 2568 pe-

545 2576 623 2598 ctora
641 2571 1057 2608 feriebant,atquedeplorabant
1073 2576 1255 2605 calamitatem
1270 2586 1332 2613 qua;

545 2625 594 2645 eos
606 2618 787 2653 opprimebat.
805 2619 930 2654 Tumque
946 2620 980 2647 ad
1003 2625 1128 2649 sanctum
1148 2630 1179 2650 ea
1193 2623 1331 2658 dicebant,

545 2671 607 2698 quae
621 2663 730 2691 animus
745 2665 837 2692 dolore
854 2665 956 2694 fractus
971 2667 1198 2702 pronuntiaverit,
1213 2674 1329 2698 mortem

546 2709 599 2737 sibi
614 2717 664 2744 pro
681 2711 764 2738 rebus
776 2711 956 2745 prasentibus
972 2717 1116 2747 optantes:
1135 2714 1222 2742 donec
1238 2716 1331 2750 proxi-

546 2763 655 2784 morum
670 2757 805 2791 nonnulli,
822 2757 973 2786 incidentes
990 2759 1017 2785 in
1028 2767 1077 2787 eos
1089 2759 1331 2790 lamentationibus

1393 263 1475 290 αὐτὸν
1491 263 1594 297 πάθους
1608 264 1778 301 ἀπαλλαγήν.

1421 308 1560 337 CLXXIV.
1574 310 1653 337 Ἀλλὰ
1659 310 1744 338 ταῦτα
1754 311 1803 347 μὲν
1809 311 1840 348 δὴ
1847 311 1960 338 τοιαῦτα
1968 312 2015 338 καὶ
2022 310 2111 342 οὕτως
2120 310 2195 346 ἔχον.

1392 363 1426 382 τα
1433 363 1439 369 ·
1449 355 1537 382 ἐκεῖνο
1544 355 1572 382 δὲ
1581 357 1628 383 καὶ
1635 357 1694 384 λίαν
1702 357 1792 393 πολλῷ
1801 358 1892 394 μεῖζον
1902 378 1909 390 ,
1919 358 1966 385 καὶ
1975 358 2069 384 ἱκανὸν
2076 358 2112 384 τὰ
2120 366 2192 393 προ-

1391 400 1508 428 λαϐόντα
1523 402 1721 430 πιστώσασθαι.
1740 404 1848 440 Ἐπειδὴ
1861 404 1916 441 γὰρ
1925 425 1932 437 ,
1944 405 1983 437 ὡς
1996 405 2011 432 ό
2023 405 2103 439 λόγος
2118 405 2192 438 φθά-

1393 456 1442 479 σας
1465 448 1615 484 ἐδήλωσεν,
1642 451 1682 482 εἰς
1706 451 1823 486 πέλαγος
1841 453 1855 480 ό
1873 453 1980 488 μάρτυρ
2003 452 2114 488 ἐφίετο,
2141 453 2193 479 καὶ

1392 494 1432 525 είς
1446 494 1550 521 ὑδάτων
1566 496 1668 531 μυχοὺς
1683 497 1812 533 έρριπτο,
1834 499 1852 534 ἦ
1865 507 1895 525 τε
1917 498 2039 525 θάλασσα
2055 498 2192 525 ὑπέϐαινε

1392 541 1559 576 πορρωτέρω
1569 561 1576 574 ,
1598 542 1723 579 καθάπερ
1738 544 1790 570 ὑπὸ
1806 544 1874 571 πόδα
1891 544 2018 580 χωροῦσα
2028 565 2036 576 ,
2063 545 2193 580 μηνυτὴς

1391 586 1438 613 τοῦ
1449 586 1574 622 λειψάνου
1586 588 1744 624 παραδόξως
1753 591 1892 628 γινομένη,
1907 591 1954 618 καὶ
1968 590 2047 626 βυθὸν
2059 591 2192 623 πεζεύειν

1391 633 1430 669 τῷ
1445 633 1597 670 βουλομένῳ
1616 636 1788 671 παρέχουσα·
1804 637 1871 664 πολὺ
1888 638 1979 673 μέντοι
1994 638 2097 674 πλῆθος
2110 646 2191 673 τηνι-

1392 678 1479 705 καῦτα
1491 680 1660 715 Χριστιανῶν
1676 681 1744 716 πρὸς
1756 682 1805 718 τὴν
1821 682 1868 709 τοῦ
1883 683 2011 718 λειψάνου
2025 683 2090 710 θέαν
2103 683 2189 718 ἠπεί-

1390 733 1478 758 γοντο.
1492 725 1568 753 Μετά
1576 726 1598 742 θ’
1612 726 1640 753 δὲ
1651 727 1737 754 ταῦτα
1747 728 1818 764 καὶὴ
1834 729 1949 765 μεγίστη
1960 730 2042 766 ἑορτὴ
2051 730 2082 756 τὸ
2093 729 2190 765 θαῦμα

1390 771 1485 805 ἧγετο’
1502 771 1591 798 ἐκεῖνο
1606 771 1635 798 δὲ
1651 772 1751 808 μᾶλλον
1767 774 1853 801 ὲποίει
1867 775 1917 810 τὴν
1931 775 2038 811 ἑορτὴν,
2055 775 2085 801 οίι
2106 783 2190 810 γεγο-

1390 815 1434 847 νὸς
1446 816 1529 850 ἅπαξ,
1542 815 1600 844 εἶτα
1614 818 1798 854 παυσάμενον,
1811 819 1878 847 ἀλλὰ
1890 820 1948 847 καθ’
1959 821 2076 857 ἑκάστην
2093 821 2189 847 ἐνιαυ-

1389 861 1436 888 τοῦ
1452 863 1576 897 περίοδον
1593 863 1694 898 ὁμοίως
1709 865 1870 902 τελούμενον
1881 886 1888 899 ,
1909 868 1956 893 καὶ
1971 867 2022 899 τὰς
2040 867 2153 900 ἀσεϐεῖς
2165 868 2189 882 ⁷⁸

1387 907 1476 942 ψυχὰς
1506 909 1658 943 συγκαλοῦν
1682 911 1722 943 εἰς
1742 911 1872 939 ἑστίασιν.
1895 913 1972 940 Ἐπεὶ
1996 914 2086 939 τοίνυν
2113 913 2189 940 οὕτω

1387 952 1484 984 ταῦτα,
1498 955 1545 980 καὶ
1558 955 1582 981 οἱ
1597 955 1667 982 κατὰ
1679 956 1810 992 Χερσῶνα
1822 957 1922 989 πάντες
1936 958 2096 993 Χριστιανοὶ
2117 958 2188 993 πρὸς

1387 998 1437 1034 τὴν
1462 999 1509 1026 τοῦ
1530 1000 1668 1036 θαύματος
1691 1004 1844 1039 πανήγυριν
1867 1004 1984 1039 ὲτησίως
2004 1003 2185 1039 συνέτρεχον,

1387 1042 1590 1082 θαυματουργεί
1607 1055 1632 1074 τι
1650 1048 1786 1075 κάνταῦθα
1802 1048 1878 1081 Θεὸς,
1908 1048 1963 1075 τῶν
1980 1049 2187 1085 προγεγονότων

1388 1090 1613 1128 παραδοξότερον.

1423 1200 1550 1229 CLXXV.
1565 1203 1646 1240 Ἀνὴρ
1652 1205 1706 1240 γάρ
1712 1213 1754 1238 τις
1762 1205 1890 1242 θεοσεϐὴς
1898 1207 1956 1242 ἅμα
1963 1207 2074 1241 γυναικὶ
2083 1207 2133 1234 καὶ
2139 1207 2186 1244 ἆῤ-

1387 1246 1444 1281 ρενι
1450 1246 1546 1282 τέκνῳ,
1556 1248 1603 1275 τοῦ
1611 1249 1749 1285 θαύματος
1756 1250 1807 1286 ἢδη
1815 1251 1988 1287 τελουμένου,
1998 1252 2067 1288 πρὸς
2074 1252 2107 1278 τὸ
2115 1261 2186 1288 μαρ-

1386 1293 1496 1328 τυρικὺν
1517 1294 1606 1321 ἐκεῖνο
1620 1295 1667 1322 καὶ
1680 1296 1757 1323 αὐτοὶ
1772 1296 1852 1332 σῶμα
1868 1297 1938 1333 μετὰ
1951 1298 1999 1325 τοῦ
2019 1299 2186 1334 συρρέοντος

1386 1341 1505 1377 πλήθους
1516 1341 1646 1379 ἐχώρουν.
1658 1343 1695 1369 Τὸ
1707 1343 1824 1378 πέλαγος
1835 1342 1881 1371 οὖν
1893 1345 1926 1372 ἐκ
1938 1345 2018 1377 ποδὸς
2028 1345 2183 1377 διαϐάντες,

1386 1387 1434 1413 καὶ
1445 1387 1490 1414 τὸν
1506 1388 1535 1414 ὲν
1552 1388 1630 1424 μυχῷ
1643 1389 1739 1416 τούτου
1753 1390 1952 1423 καταλαϐόντες
1965 1391 2040 1423 ναὸν,
2058 1392 2111 1427 τῆς
2124 1401 2185 1427 χει-

1387 1430 1434 1468 ρὸς
1445 1431 1589 1467 λαϐόμενοι
1602 1433 1649 1460 τοῦ
1664 1433 1758 1466 παιδὸς
1770 1435 1795 1461 οι
1809 1435 1926 1470 πατέρες
1935 1455 1943 1468 ,
1965 1435 2027 1462 ἐπεὶ
2047 1436 2095 1462 τοῦ
2117 1436 2184 1463 ναοῦ

1386 1476 1459 1504 ἔνδον
1472 1477 1605 1511 ἐγένοντο,
1619 1479 1666 1505 m
1674 1478 1723 1514 τὴν
1732 1480 1812 1514 ἁγίαν
1820 1479 1927 1516 ἐκείνην
1943 1480 2124 1517 περιστάντες
2138 1490 2184 1508 σο-

1388 1523 1445 1558 ρὸν,
1457 1523 1492 1551 τά
1503 1533 1533 1551 τε
1546 1524 1614 1552 ἄλλα
1628 1525 1732 1552 ἐδέοντο
1745 1526 1791 1553 τοῦ
1805 1527 1894 1561 ἁγίου,
1909 1528 1955 1554 καὶ
1969 1527 2043 1564 ὑπὲρ
2053 1528 2103 1554 τοῦ
2116 1537 2183 1554 παι-

1385 1569 1430 1601 δδς
1443 1570 1589 1607 ὲλιπάρουν
1603 1571 1654 1598 ὅσα
1667 1572 1787 1608 πατέρας
1802 1573 1885 1606 εἰκός.
1901 1573 2051 1609 Εὐξάμενοι
2067 1572 2116 1601 οὖν
2135 1575 2184 1601 καὶ

1387 1616 1496 1652 θερμῶς
1516 1617 1562 1644 τὸν
1581 1618 1666 1652 τάφον
1688 1619 1930 1655 περιπτυξάμενοι,
1952 1620 2031 1647 αὐτοὶ
2055 1621 2107 1656 μὲν
2129 1620 2183 1656 ἤδη

1384 1663 1434 1698 τῆς
1459 1663 1641 1700 πανηγύρεως
1666 1664 1856 1701 τελεσθείσης,
1882 1666 1928 1693 καὶ
1954 1666 2046 1693 οἴκαδε
2069 1667 2183 1694 πάντων

1386 1708 1566 1741 ἐπανιόντων,
1582 1710 1670 1736 όπίσω
1686 1710 1768 1738 πάλιν
1784 1711 1853 1746 μετὰ
1864 1711 1911 1738 τοῦ
1927 1711 2148 1748 συνδραμοῦντος
2159 1714 2183 1729 ⁷⁸

1386 1753 1504 1788 πλήθους
1515 1754 1645 1790 ἐχώρουν.
1660 1755 1696 1782 Τὸ
1711 1756 1814 1783 παιδίον
1826 1757 1854 1783 δὲ
1866 1757 1930 1789 τοὺς
1942 1758 2073 1790 τεκόντας
2088 1759 2182 1790 λαθὸν,

1384 1800 1435 1827 οὐκ
1454 1798 1501 1828 οἶδ’
1521 1802 1612 1834 ὅπως,
1628 1802 1707 1838 μόνον
1730 1803 1804 1840 παρὰ
1827 1805 1860 1840 τῇ
1881 1804 1953 1841 σορῴ
1974 1806 2181 1839 κατελέλειπτο,

1386 1846 1493 1878 πάντως
1506 1847 1555 1882 τῆς
1568 1848 1759 1884 ἀκαταλήπτου
1773 1849 1901 1886 προνοίας
1914 1850 1962 1877 τοῦ
1975 1851 2043 1877 Θεοῦ
2058 1852 2107 1878 καὶ
2119 1852 2183 1878 τοῦ-

1384 1899 1415 1918 το
1429 1894 1692 1930 οικονομησαμένης,
1706 1894 1749 1921 ἵνα
1763 1896 1868 1932 τιμήσῃ
1879 1896 1960 1922 πλέον
1971 1896 2016 1923 τὸν
2029 1897 2079 1923 καὶ
2091 1897 2182 1933 ψυχὴν

1384 1938 1432 1964 καὶ
1453 1938 1532 1974 σῶμα
1553 1939 1585 1966 δι’
1606 1940 1687 1966 αὑτὸν
1701 1940 1786 1976 ἡδέως
1809 1941 1986 1978 προθέμενον.
2008 1943 2066 1970 Καὶ
2086 1943 2118 1970 τὸ
2131 1944 2182 1979 μὲν

1385 1983 1467 2020 ὕδωρ,
1477 1986 1680 2022 ἑπαναστρέφον
1690 1987 1730 2018 εις
1737 1986 1771 2013 τὰ
1778 1987 1874 2020 οἰκεῖα,
1885 1988 2022 2015 ἐκάλυπτε
2030 1989 2078 2016 τὸν
2089 1989 2180 2025 βυθὸν,

1385 2032 1432 2058 καὶ
1444 2031 1561 2066 πέλαγος
1573 2032 1686 2067 ἐγίνετο.

1409 2076 1549 2104 CLXXVI.
1558 2078 1589 2105 Οἱ
1596 2078 1713 2114 πατέρες
1720 2078 1749 2105 δὲ
1758 2079 1855 2115 μικρὸν
1862 2080 1916 2107 ἀπὸ
1922 2080 1969 2107 τοῦ
1978 2080 2109 2115 λειψάνου
2118 2090 2180 2117 προ-

1383 2121 1517 2154 ελθόντες,
1528 2123 1566 2154 ὡς
1574 2123 1624 2159 ήδη
1631 2123 1678 2150 τὸν
1686 2124 1768 2151 παῖδα
1776 2126 1839 2161 παρ’
1848 2125 1939 2157 αὐτοῖς
1951 2126 2001 2161 οὐχ
2012 2126 2110 2163 ἐώρων
2119 2147 2126 2159 ,
2140 2128 2179 2158 εἰς

1383 2167 1496 2202 ἔρευναν
1507 2168 1589 2195 αὐτοῦ
1598 2169 1742 2204 τρέπονται
1752 2178 1759 2185 ·
1771 2171 1818 2198 καὶ
1825 2171 1912 2198 ὀπίσω
1920 2172 2100 2208 στραφέντες,
2109 2172 2177 2199 ὥστε

1383 2213 1414 2239 τὸ
1419 2213 1523 2240 παιδίον
1530 2215 1632 2251 εὑρεῖν,
1639 2215 1756 2250 πέλαγος
1763 2216 1847 2252 όρῶσι
1853 2217 1934 2244 πάλιν
1941 2217 1989 2253 τὴν
1998 2218 2047 2244 ἐπὶ
2054 2219 2086 2244 τὸ
2091 2218 2119 2245 λε
2123 2219 2178 2253 ἐψα-

1384 2268 1429 2286 νον
1443 2259 1507 2296 ὲξῆς
1521 2260 1672 2296 φέρουσαν·
1688 2262 1735 2288 καὶ
1749 2262 1849 2289 αὐτίκα
1865 2262 2056 2299 θορυϐοῦνται,
2076 2265 2177 2300 ταράτ-

1383 2314 1485 2339 τονται,
1501 2307 1669 2340 κλονοῦνται,
1685 2307 1848 2345 Θερμότερον
1861 2309 1967 2345 ὁρμῶσι
1981 2311 2053 2346 πρὸς
2065 2311 2116 2346 τὴν
2131 2311 2176 2338 τοῦ

1384 2351 1479 2384 παιδὸς
1498 2352 1625 2388 ζήτησιν
1646 2353 1677 2380 τὸ
1694 2353 1722 2380 δὲ
1737 2353 1790 2390 ἄρα
1805 2352 1838 2390 ἦν
1855 2355 1883 2381 ὲν
1902 2356 1936 2391 τῇ
1962 2355 2036 2391 σορῷ
2059 2357 2175 2383 καταλε-

1383 2397 1538 2433 λειμμένον.
1563 2399 1639 2426 Ἐπεὶ
1653 2399 1682 2426 δὲ
1696 2400 1782 2426 πολλὰ
1795 2401 1928 2436 καμόντες
1937 2421 1944 2434 ,
1962 2402 1993 2428 τὸ
2006 2403 2116 2429 παιδίον
2128 2404 2174 2438 οὺχ

1385 2441 1474 2480 εὗρον,
1496 2444 1552 2471 ἀλλ’
1569 2446 1598 2472 ὲν
1614 2445 1654 2481 τῷ
1676 2445 1749 2481 βυθῷ
1772 2447 1980 2482 καταλελεῖφθαι
2004 2448 2099 2480 αὺτοῖς
2118 2450 2174 2475 ἑνο-

1386 2489 1479 2526 μίσθη,
1494 2490 1589 2527 ὧσπερ
1602 2491 1655 2528 ἄρα
1668 2493 1714 2519 καὶ
1725 2490 1768 2528 ἦν,
1787 2493 1890 2529 μακρόν
1905 2502 1934 2520 τε
1949 2494 1996 2521 καὶ
2009 2495 2108 2530 γοερὸν
2120 2496 2174 2521 ἀνε-

1384 2536 1453 2564 ϐόων
1470 2537 1682 2574 ἀνακαλούμενοι
1697 2539 1742 2566 τὸν
1759 2540 1830 2572 υξὺν,
1846 2541 1892 2567 καὶ
1904 2540 1939 2568 τὰ
1953 2541 2040 2577 στήθη
2062 2542 2170 2574 ἔπαιον,

1384 2583 1431 2609 καὶ
1443 2582 1493 2619 τὴν
1509 2584 1699 2619 κατασχοῦσαν
1719 2586 1818 2618 αὐτοὺς
1839 2587 2046 2622 ἀνωλοφύροντο
2068 2596 2171 2623 συμφο-

1386 2628 1445 2664 ράν.
1461 2627 1528 2656 Εἶτα
1541 2631 1587 2657 καὶ
1599 2631 1667 2666 προς
1678 2631 1724 2658 τὸν
1739 2631 1826 2666 ἅγιον,
1841 2629 1886 2659 οἷά
1901 2641 1954 2668 περ
1970 2633 2003 2660 ἂν
2016 2633 2170 2670 όδυνωμένη

1383 2674 1455 2710 ψυχὴ
1469 2675 1613 2710 φθέγξαιτο
1622 2676 1656 2708 τ’,
1673 2675 1773 2710 ἔλεγον,
1791 2677 1904 2704 θάνατον
1921 2679 2030 2710 ἑαυτοῖς
2043 2678 2104 2705 ἀντὶ
2119 2679 2169 2707 τῶν

1383 2719 1523 2755 παρόντων
1546 2721 1702 2756 εὐχόμενοι·
1729 2721 1782 2753 ἕως
1801 2722 1856 2748 τῶν
1877 2723 1990 2759 πλησίον
2005 2726 2080 2757 τινὲς
2096 2734 2167 2761 περι-

1384 2766 1512 2796 modum;
1520 2766 1542 2782 ⁷⁸
1553 2767 1654 2800 αὐτοῖς,
1667 2767 1762 2795 ὲκλελυ
1766 2768 1855 2804 μένοις
1864 2769 1916 2796 ὑπὸ
1926 2769 1981 2796 τῶν
1993 2770 2101 2807 θρήνων
2111 2772 2165 2808 ήδη,

1198 2816 1314 2846 VARIJE
1334 2817 1532 2849 LECTmNES.

593 2858 1072 2908 ﬂanimeum,“
1086 2861 1163 2896 μετά.
1202 2863 1224 2878 ⁷ο
1238 2864 1273 2891 al.
1294 2864 1424 2899 εὐσεϐεῖς,
1440 2872 1469 2895 ut
1483 2867 1497 2894 l1

1257 2864 1273 2891 l.
1294 2864 1424 2899 εὐσεϐεῖς,
1440 2872 1469 2895 ut
1483 2867 1547 2904 legit
1564 2868 1706 2905 interpres.
1747 2871 1768 2887 "
1785 2871 1821 2899 al.
1842 2870 2052 2908 συνδραμόντος.
2097 2875 2117 2890 ⁷¹
2131 2880 2161 2900 αι.

546 2893 699 2927 τ’)ίγξοιτο.
754 2894 776 2909 ’⁵
790 2894 826 2922 al.
841 2893 1039 2930 περιτυχόντες.
