2290 3110
718 162 917 191 LITURGICA.

1562 164 1613 190 ωδ

276 250 567 296 LITURGIA
609 251 656 296 S.
699 251 1036 297 CLEMENTIS
1077 250 1331 297 ROMANI.

170 348 293 377 Primum
311 350 404 377 Oratio
419 355 479 377 ante
495 350 601 377 Pacem.

40 396 103 423 Deus
115 395 158 430 qui
171 403 200 423 es
216 403 291 422 mare
308 395 442 422 ineﬂ‘abile
456 395 607 427 clmritatis,
620 399 647 423 et
660 396 777 431 abyssus

13 441 242 476 imperserutabilis
256 441 342 475 pacis,
358 440 420 467 fons
444 440 591 473 bonorum,
614 446 641 468 et
664 441 778 476 largitor

12 487 154 518 dilectionis,
169 487 216 521 qui
228 486 314 514 mittis
327 494 419 521 pacem
432 486 466 513 ad
480 487 542 514 illos
556 488 603 522 qui
615 494 675 514 eam
687 487 777 514 susci-

12 532 166 566 piuntzaperi
182 531 264 559 nobis
278 532 329 559 hoc
341 536 463 566 tempore
476 539 551 559 mare
566 532 709 559 cbaritatis
725 537 778 559 tua:

11 583 32 605 et
43 578 115 613 irriga
127 585 176 605 nos
186 577 298 605 ﬂuentis
312 578 468 612 ditissimis,
486 586 519 605 cx
536 578 658 606 ubertate
684 579 778 613 gratiae

12 630 62 657 tute,
86 628 111 651 et
132 631 164 651 ex
189 622 314 651 fontibus
331 625 503 652 suavissimis
519 624 695 658 benignitatis
713 628 775 652 tuae.

11 668 54 696 Fac
72 676 118 696 nos
131 669 201 696 ﬁlios
218 670 426 704 tranquillitatis
446 675 473 697 et
488 671 609 698 baaredes
630 671 714 705 pacis,
732 679 778 699 ac-

11 714 80 741 cende
92 714 117 740 in
144 714 225 741 nobis
239 714 329 749 ignem
354 715 498 742 charitatis
521 719 584 748 tuae,
602 720 629 742 et
642 715 775 743 fervorem

11 760 96 786 amoris
108 759 155 787 tui.
168 759 235 787 Sere
251 762 278 787 in
288 760 366 788 nobis
377 761 502 788 timorem
515 765 636 794 tuum,et
645 761 777 788 conﬁrma

11 803 175 831 inﬁrmitatem
197 810 321 832 nostram
339 805 453 832 veritate
468 809 524 833 tua.
540 805 706 841 Constringe
725 813 777 834 nos

11 853 93 882 tecum,
114 853 140 877 et
160 850 306 878 nobiscum
328 851 457 883 invicem,
479 859 545 885 una,
568 852 703 887 ﬁrmaque
727 860 777 880 nec

10 896 143 924 dissolubili
159 897 321 924 concordia.
335 896 437 924 Praesta
451 897 534 925 etiam
556 901 587 925 ut
598 898 676 926 vacui
699 898 775 931 dolo,

9 948 30 970 et
40 943 93 978 puri
103 943 135 970 ab
145 944 221 970 omni
238 943 334 976 livore,
347 943 498 971 salutemus
512 943 627 971 invicem
642 944 668 971 in
682 945 776 972 osculo

9 994 29 1015 et
35 989 145 1024 amplexu
154 989 230 1024 pacis
241 993 270 1016 et
279 989 420 1017 cltaritatis
430 997 483 1016 non
496 989 610 1023 ﬁctae,ut
622 998 685 1017 cum
694 991 776 1019 corde

9 1041 64 1068 puro
76 1038 99 1061 et
113 1035 203 1061 anima
214 1034 330 1067 munda,
344 1034 389 1062 hic
399 1035 507 1070 quidem
521 1035 701 1063 arrhabonem
715 1036 776 1064 vita:

9 1080 119 1108 membris
133 1081 238 1108 nostris
258 1080 433 1114 misceamus,
454 1085 481 1108 et
495 1081 552 1108 illic
566 1081 593 1108 in
608 1080 703 1109 futuro
725 1090 771 1110 sae-

9 1125 57 1152 cqu
69 1126 166 1153 invitati
185 1126 276 1154 simus
288 1126 321 1153 ad
337 1125 437 1154 festum
453 1126 517 1153 illud
542 1132 704 1161 perpetuum
724 1129 774 1156 de—

8 1169 113 1205 liciisque
126 1170 396 1198 abundantissimum
411 1179 417 1195 :
441 1174 469 1197 et
483 1170 683 1205 triumphaliter
701 1171 774 1198 cele-

8 1214 100 1243 breuius
112 1220 146 1248 te,
161 1222 179 1242 ο
192 1215 284 1248 beate,
303 1216 330 1242 in
346 1223 430 1250 regno
441 1219 499 1248 tuo,
514 1216 587 1249 quod
599 1215 627 1242 in
642 1221 773 1243 aeternum

8 1267 137 1294 pemtanet,
152 1266 178 1288 et
191 1261 365 1297 unigenitum
381 1260 480 1288 Filium
500 1266 588 1292 tuum,
599 1267 626 1289 et
642 1260 772 1296 Spiritum

9 1310 70 1333 tuum
88 1312 222 1334 sanctum.

35 1351 150 1387 Populus.
164 1353 266 1380 Amen.

34 1397 161 1438 Sacerdos.
173 1398 242 1426 Pax.

34 1442 149 1478 Populus.
166 1444 199 1472 Et
212 1453 277 1473 cum
291 1445 386 1480 spiritu
401 1450 459 1474 tuo.

34 1489 164 1518 Diaconus.
182 1491 233 1519 Det
250 1492 440 1528 unusquisque
455 1500 560 1528 pacem.

35 1535 148 1570 Populus.
164 1537 280 1566 Omnes.

34 1580 166 1610 Diaconus.
183 1582 262 1616 Post,
278 1588 330 1611 etc.

33 1625 150 1661 Populus.
164 1628 267 1656 Coram
275 1633 302 1656 te
313 1629 436 1657 Domine.

33 1670 148 1700 Sacerdos
172 1674 278 1701 elevans
300 1682 397 1702 vocem.
423 1675 496 1702 Deus
511 1673 668 1707 invisibilis,
684 1677 710 1700 et
731 1673 772 1700 in-
786 1685 808 1716 ο

6 1719 254 1752 comprehensibilis,
272 1720 416 1748 ineﬁabilis
428 1726 455 1748 et
467 1721 582 1753 inﬁnite,
600 1719 647 1755 qui
661 1720 687 1746 in
702 1719 772 1747 San—

6 1763 47 1790 ctis
57 1770 210 1793 sanctorum
224 1767 344 1794 excelsis
357 1767 478 1799 habitas,
494 1767 522 1793 in
547 1770 652 1793 secreto
667 1765 772 1792 habita-

5 1809 64 1843 culo,
84 1812 153 1846 quod
172 1813 304 1840 manibus
320 1811 421 1840 factum
436 1820 490 1839 non
506 1816 557 1844 est,
576 1819 659 1846 supra
685 1811 772 1838 caelos

5 1855 130 1890 etelorum,
141 1863 168 1885 et
184 1866 272 1893 supra
283 1858 415 1893 quidquid
429 1858 555 1893 superius
570 1858 625 1885 illis
648 1861 707 1891 est;
725 1857 772 1892 qui

5 1900 105 1930 destruis
117 1911 228 1931 omnem
255 1904 426 1931 altitudinem
453 1904 612 1939 passionum
639 1903 773 1931 extollen-

5 1950 48 1972 tem
59 1955 84 1975 se
103 1949 237 1977 adversus
253 1950 396 1977 scientiam
412 1954 498 1981 tuam,
514 1955 542 1977 et
556 1950 679 1984 captivas
713 1957 773 1977 om-

4 1999 54 2019 nem
69 1995 260 2029 cogitationem
276 1996 310 2023 ad
327 1995 443 2023 formam
460 1996 624 2023 humilitatis
644 2000 671 2023 et
695 1996 773 2023 adni-

5 2036 126 2068 hilationis
152 2047 215 2071 tuae.
245 2041 286 2068 Tu
313 2042 483 2074 beatissime;
504 2047 531 2069 et
545 2041 621 2069 dives
637 2042 772 2069 donorum

4 2085 154 2120 sublimium,
169 2089 267 2123 aspice
285 2095 336 2115 nos
351 2095 366 2115 e
388 2088 465 2115 caelis
489 2088 543 2115 tuis
563 2087 728 2114 sublimibus
746 2091 773 2114 et

4 2129 145 2166 splendidis,
159 2138 187 2161 et
197 2141 235 2160 ex
252 2133 420 2161 habitatione
435 2133 510 2167 regni
527 2134 566 2160 tui
585 2133 688 2160 :cterni.
698 2133 773 2160 Mitte

4 2177 70 2206 nobis
82 2179 149 2207 dona
165 2180 265 2216 gratia:
279 2185 331 2207 tua:
343 2181 453 2214 divinae,
466 2181 694 2208 inbabitationem
709 2180 773 2215 Spi»

3 2224 60 2251 ritus
75 2226 109 2253 tui
122 2227 210 2254 sancti
225 2235 233 2252 :
256 2227 320 2261 quia
335 2231 364 2254 tu
385 2227 462 2254 dives
482 2227 732 2254 misericordiarum
747 2233 773 2254 et

4 2272 147 2306 magniﬁcus
162 2273 190 2300 in
204 2273 299 2305 donis.
311 2277 338 2300 et
352 2273 527 2308 amplissimae
536 2273 696 2305 clementiae,
708 2273 773 2300 tibi-

4 2322 47 2348 que
62 2317 171 2351 gloriam
198 2323 229 2345 et.
251 2318 399 2353 gratiarum
424 2318 559 2345 actionem
576 2318 730 2350 oﬂ'erimus,
746 2321 773 2345 et

4 2360 125 2395 unigenito
136 2362 208 2390 Filio
230 2367 288 2396 tuo,
307 2367 358 2390 etc.

31 2405 149 2441 Populus.
163 2408 264 2435 Amen.

33 2451 161 2482 Sacerdos.
173 2454 292 2481 Domine
308 2453 379 2482 Deus
392 2458 500 2489 potens,
512 2454 559 2490 qui
570 2455 646 2483 vides
657 2456 774 2483 abscon-

5 2496 60 2527 dita.
73 2503 98 2525 et
122 2499 215 2526 futura
232 2499 315 2526 etiam
332 2503 470 2534 penetras,
493 2499 555 2527 fons
578 2500 640 2527 vita:
657 2505 684 2528 et
697 2502 773 2536 origo

5 2542 71 2570 beata
83 2545 294 2573 beatitudiniset
306 2546 449 2578 bonitatis;
464 2546 577 2581 largitor
594 2547 731 2581 puritatis,
745 2551 772 2574 et

6 2596 17 2614 α
36 2597 83 2624 quo
105 2592 237 2619 sanctitas
252 2591 336 2618 habet
350 2592 499 2626 originem;
520 2592 665 2619 thesaurus
679 2599 771 2619 rerum

12 2637 189 2671 pretiosarum,
204 2643 231 2665 et
244 2637 308 2665 fons
322 2638 642 2672 sapientiaezpaterluc'ts
653 2643 770 2672 aeternae,

7 2686 57 2712 qua:
70 2687 110 2708 est
132 2687 196 2710 ante
223 2683 317 2709 omnia
346 2683 445 2710 saecula
471 2683 498 2709 in
526 2687 551 2710 te
578 2683 770 2717 essentialiter,

6 2726 104 2760 aqualis
122 2728 242 2762 potentia
253 2732 281 2755 et
292 2728 388 2762 gloria.
408 2728 446 2755 Te
459 2728 639 2763 deprecamur
653 2728 770 2756 sanctis-

8 2771 67 2799 sime
89 2772 220 2807 Domine,
244 2774 383 2802 sanctilica
408 2779 514 2802 mentes
540 2778 568 2802 et
593 2774 772 2810 cogitationes

9 2817 116 2845 omnium
131 2825 264 2854 nostrum,
284 2820 385 2847 munda
403 2820 511 2847 animas
527 2826 555 2847 et
575 2827 691 2855 corpora
713 2828 773 2847 om-

12 2863 75 2891 nium
91 2871 221 2901 nostrum,
247 2866 352 2894 rcfrcna
375 2865 604 2894 inordinationem
630 2864 772 2902 cogitatio-

1 2906 5 2927 l

796 351 820 379 Α
834 357 898 376 num
923 354 1090 376 nostrarum.
1108 348 1192 375 Indue
1213 355 1264 375 nos
1283 347 1352 374 stola
1376 354 1446 373 nova
1469 351 1611 375 intertexta

829 400 928 422 ornatu
944 404 1050 423 morum
1068 396 1244 423 honestorum
1259 403 1266 420 :
1279 398 1306 420 et
1322 401 1368 427 per
1387 392 1517 427 Spiritum
1535 398 1610 421 tuum

828 446 952 469 sanctum
968 442 1150 476 perﬁcientem
1166 440 1269 472 omnia,
1282 440 1327 474 qui
1344 439 1370 466 in
1383 439 1512 466 omnibus
1536 446 1612 466 mcn-

828 487 901 515 tibus
915 488 990 522 puris
1009 488 1125 519 habitat,
1143 493 1167 514 et
1188 487 1214 513 in
1235 486 1379 513 animabus
1398 485 1506 512 mundis
1519 485 1611 512 sedem

828 533 922 566 habet,
937 533 1078 560 sanetiﬁca
1100 541 1151 560 nos
1167 540 1214 567 per
1238 531 1365 567 gratiam.
1381 531 1610 561 misericordiam,

827 585 854 607 et
869 587 989 606 amorem
1015 587 1078 614 erga
1100 579 1225 606 homines
1245 577 1376 612 unigeniti
1399 577 1460 604 Filii
1484 577 1522 604 tui
1539 585 1545 603 :
1564 585 1612 611 per

827 631 908 660 quem
921 629 946 651 et
958 632 1019 651 cum
1031 631 1086 658 quo
1098 628 1122 650 te
1132 624 1210 651 decet
1218 623 1314 658 gloria,
1328 627 1381 650 etc.

863 669 990 704 Populus.
1010 669 1106 696 Amen.

862 715 1008 742 Diaconus.
1023 715 1132 742 Stemus
1147 715 1282 742 decenter.

864 761 989 796 Populus.
1006 761 1208 788 Misericordiae.

864 806 1005 834 Sacerdos.
1017 806 1155 834 Charitas.

861 852 992 887 Populus.
1007 851 1040 878 Et
1053 859 1114 879 cum
1128 851 1224 886 spiritu
1241 855 1298 878 tuo.

862 898 1000 926 Sacerdos.
1017 897 1132 925 Sursum
1144 897 1236 925 corda.

862 943 990 978 Populus.
1006 942 1145 970 Habemus
1161 942 1195 969 ad
1210 941 1366 969 Dominum.

863 988 1002 1016 Sacerdos.
1014 986 1121 1015 Gratias
1135 995 1248 1022 agamus
1264 986 1389 1013 Domino.

861 1031 991 1067 Populus.
1005 1031 1120 1067 Dignum
1133 1036 1160 1059 et
1172 1032 1277 1066 justum
1293 1037 1345 1059 est.

862 1078 1001 1106 Sacerdos.
1022 1078 1060 1106 Te
1085 1078 1158 1106 enim
1179 1078 1257 1105 decet
1272 1077 1358 1113 gloria
1377 1081 1405 1105 et
1425 1077 1472 1105 tibi
1497 1078 1611 1105 debetur

826 1124 947 1152 laudatio
961 1132 968 1150 :
984 1129 1010 1152 te
1024 1124 1102 1152 decet
1116 1124 1234 1160 hymnus
1248 1129 1275 1152 et
1290 1124 1420 1152 exaltatio
1437 1131 1610 1159 quocumque

825 1174 957 1205 tempore,
980 1169 1099 1202 Patrem,
1124 1169 1236 1202 Filium,
1260 1175 1287 1197 et
1314 1169 1446 1204 Spiritum
1472 1174 1610 1203 sanctum,

825 1214 909 1242 Deum
921 1222 1027 1247 verum,
1041 1215 1123 1243 unius
1134 1219 1239 1242 natura:
1250 1215 1374 1248 excelsae,
1389 1215 1471 1242 unius
1483 1215 1611 1242 substan-

832 1262 886 1295 tiae,
902 1261 949 1297 qui
963 1262 990 1289 in
1012 1259 1140 1288 rersonis
1158 1259 1247 1287 tribus
1260 1258 1382 1286 adoraris
1397 1262 1424 1286 et
1445 1258 1565 1288 laudaris
1579 1261 1614 1289 ab

830 1308 968 1340 omnibus,
982 1314 1043 1341 quae
1055 1313 1104 1341 per
1119 1305 1277 1340 sapientiam
1293 1303 1391 1331 creasti
1404 1308 1430 1331 et
1443 1305 1586 1333 ordinasti.

859 1351 988 1379 Sacerdos
996 1352 1099 1378 elevans
1112 1359 1209 1378 vocem.
1226 1351 1417 1379 Benedicimus
1436 1355 1461 1378 te
1479 1350 1610 1378 factorem

825 1398 987 1425 saeculorum
997 1402 1023 1425 et
1036 1403 1187 1425 creatorem
1200 1402 1372 1431 naturarum,
1382 1397 1540 1432 largitorem
1550 1396 1611 1423 vita

823 1447 851 1470 et
865 1443 1012 1470 Dominum
1022 1448 1213 1470 creaturarum
1229 1442 1375 1470 visibilium
1385 1447 1412 1470 et
1423 1442 1610 1470 invisibilium.

823 1489 891 1517 Coeli
907 1490 1048 1522 caelorum,
1068 1495 1095 1517 et
1111 1498 1282 1525 quaecunque
1307 1490 1336 1517 in
1360 1490 1414 1517 illis
1441 1494 1516 1523 sunt,
1546 1497 1609 1517 cum

824 1535 931 1562 naturis
950 1535 1037 1571 igneis
1052 1539 1080 1562 et
1096 1536 1286 1570 spiritualibus
1306 1541 1331 1563 te
1346 1536 1510 1572 gloriticant.
1526 1535 1611 1563 Solet

825 1580 889 1607 luna
903 1580 1034 1608 cursibus
1049 1581 1108 1609 suis
1127 1586 1152 1608 te
1165 1587 1331 1609 venerantur
1346 1590 1353 1608 :
1367 1582 1451 1610 stella
1465 1582 1611 1617 splendore

824 1633 877 1653 suo
892 1631 917 1654 te
931 1627 1081 1661 praedicant
1097 1636 1103 1654 :
1124 1628 1247 1654 tonitrua
1262 1628 1338 1655 sonis
1353 1628 1411 1655 suis
1433 1632 1548 1659 terrent,
1573 1628 1608 1654 ad

825 1672 983 1699 mandatum
1007 1677 1210 1700 tuumzmotus
1235 1673 1262 1700 in
1286 1680 1350 1700 aere
1375 1673 1503 1700 virtutem
1532 1678 1608 1700 tuam

823 1717 979 1752 signiﬁcant
993 1727 999 1744 :
1017 1725 1095 1753 aquae
1117 1718 1144 1744 in
1161 1718 1279 1745 nubibus
1302 1723 1371 1745 nutu
1387 1723 1434 1746 tuo
1446 1723 1582 1754 coguntur
1599 1726 1606 1744 :

822 1768 896 1791 terra
908 1768 936 1791 et
949 1771 1119 1800 quacunque
1146 1772 1227 1799 super
1240 1771 1299 1791 eam
1315 1768 1389 1798 sunt,
1407 1772 1421 1791 a
1440 1767 1467 1792 te
1481 1765 1608 1799 pendent,

823 1813 904 1844 atque
920 1817 935 1837 a
951 1814 976 1836 te
992 1814 1182 1838 sustentantur
1201 1819 1208 1836 :
1228 1814 1332 1836 naturae
1350 1810 1508 1842 rationales,
1524 1815 1551 1837 et
1564 1818 1609 1837 ra-

823 1857 897 1884 tione
912 1860 1047 1888 carentes,
1063 1855 1116 1882 illae
1128 1863 1189 1890 quae
1203 1855 1391 1890 intelligentia,
1419 1860 1447 1882 et
1465 1863 1525 1890 qua:
1547 1855 1608 1883 solo

823 1909 905 1929 sensu
920 1900 1038 1935 praeditas
1052 1904 1126 1932 sunt,
1139 1907 1185 1934 per
1196 1903 1221 1926 te
1232 1899 1336 1933 vivunt,
1349 1903 1376 1927 et
1391 1899 1518 1935 potestati
1530 1900 1607 1935 regni

823 1947 863 1974 tui
878 1946 1019 1973 obediunt.
1044 1945 1143 1979 Habes,
1158 1945 1284 1978 Domine,
1299 1945 1327 1972 in
1344 1946 1414 1973 caelo
1435 1946 1481 1973 illo
1497 1946 1606 1973 excelso

823 1993 896 2028 quod
907 1997 948 2020 est
960 1992 1109 2020 scabellum
1124 1992 1176 2019 sub
1190 1991 1307 2027 pedibus
1318 1991 1384 2024 tuis,
1400 1991 1540 2019 ministros
1563 1991 1607 2018 in-

822 2040 1018 2073 numerabiles,
1034 2044 1060 2067 et
1074 2039 1210 2066 inﬁnitum
1228 2046 1372 2065 numerum
1386 2038 1555 2065 laudantium
1569 2043 1606 2072 te,

823 2087 869 2121 qui
886 2086 913 2113 in
928 2085 1085 2120 regionibus
1101 2086 1223 2113 materia:
1235 2084 1404 2120 expertibus,
1430 2083 1504 2110 laudi
1520 2083 1607 2118 maje-

823 2132 901 2159 statis
919 2135 982 2164 tuae,
998 2136 1025 2158 et
1040 2131 1194 2159 ministerio
1210 2136 1257 2159 tuo
1269 2130 1317 2158 toti
1333 2130 1434 2157 addicti
1455 2134 1529 2163 sunt,
1545 2137 1607 2164 per-

823 2185 907 2205 sonas
919 2178 1033 2211 scilicet,
1047 2185 1107 2212 quaa
1121 2185 1154 2204 ex
1169 2178 1231 2213 igne
1245 2182 1272 2205 et
1293 2177 1390 2212 spiritu
1404 2181 1502 2203 creatae
1518 2180 1581 2204 sunt
1597 2185 1605 2204 :

824 2231 884 2258 qua:
903 2223 1018 2251 canticis
1025 2223 1148 2250 omnium
1163 2223 1276 2250 musicae
1284 2229 1425 2257 generum,
1438 2222 1532 2249 laudes
1545 2226 1606 2248 tuas

823 2277 885 2296 cum
899 2269 1019 2296 clamore
1033 2269 1184 2302 celebrant,
1201 2268 1304 2295 milleni
1329 2272 1356 2295 et
1376 2268 1468 2295 decies
1487 2267 1605 2300 milleni,

823 2316 870 2350 qui
896 2315 931 2343 ab
953 2320 1054 2343 aeterno
1078 2310 1187 2343 'fructus
1210 2313 1376 2342 laudationis
1393 2315 1447 2342 'tibi
1469 2313 1605 2346 deferunt,

787 2357 810 2384 D
825 2361 933 2395 agmina
950 2366 976 2388 et
992 2361 1104 2389 ordines
1116 2360 1299 2396 spiritualium
1317 2360 1344 2386 in
1360 2367 1426 2387 suos
1440 2360 1550 2387 ordines
1565 2359 1607 2386 di-

824 2407 1016 2440 stributorum,
1033 2407 1080 2442 qui
1094 2407 1211 2442 hymnos
1233 2406 1371 2441 jucundos
1394 2406 1442 2433 tibi
1467 2405 1603 2432 oﬁ‘erunt:

824 2458 911 2481 ccetus
935 2453 1105 2488 angelorum,
1122 2452 1288 2487 ordinesque
1301 2451 1540 2486 archangelorum,
1557 2451 1604 2485 qui

823 2499 871 2526 tibi
884 2499 931 2526 uni
945 2498 1000 2526 Deo
1023 2498 1131 2525 laudem
1145 2505 1244 2525 novam
1266 2501 1292 2524 et
1314 2497 1513 2524 indesinentem
1535 2495 1605 2522 refe-

823 2548 886 2571 runt
900 2553 906 2570 :
923 2542 1025 2570 Tltroni
1042 2549 1069 2570 et
1082 2542 1289 2569 Dominationes
1304 2541 1331 2568 in
1342 2540 1498 2568 ﬁrmissima
1507 2544 1535 2567 et
1550 2547 1605 2566 non

823 2588 1000 2624 perturbabili
1012 2587 1158 2615 securitate
1166 2587 1319 2619 constituti,
1332 2585 1379 2620 qui
1388 2585 1494 2613 cantica
1507 2585 1605 2612 trium-

823 2635 913 2670 phalia
927 2635 1076 2662 concinunt
1087 2633 1326 2667 tibi,summopere
1338 2631 1468 2659 timendo.
1479 2631 1588 2658 Archan
1597 2644 1605 2648 -

822 2681 873 2716 geli
887 2685 914 2708 et
927 2681 1052 2712 virtutes,
1070 2679 1294 2712 Potestatumque
1309 2676 1603 2712 principes,quiglorio

822 2727 995 2754 Thronorum
1010 2728 1188 2758 exornantur,
1203 2723 1352 2757 laudesque
1366 2727 1393 2750 et
1407 2722 1529 2750 encomia
1543 2721 1605 2756 dig-

825 2773 939 2799 nissima
954 2775 1033 2806 prout
1044 2771 1121 2798 decet
1135 2771 1256 2806 dirigunt
1267 2769 1299 2796 ad
1312 2768 1421 2795 inﬁmos
1431 2768 1531 2803 gradus
1543 2767 1604 2794 solii

826 2818 876 2845 tui.
892 2817 1064 2850 Principatus
1072 2815 1227 2850 spirituales
1235 2814 1281 2850 qui
1294 2821 1386 2842 coram
1395 2818 1421 2841 te
1431 2821 1493 2840 cum
1507 2813 1603 2840 timore

826 2863 991 2896 consistunt,
1019 2862 1203 2889 indesinenter
1223 2860 1396 2889 sanctiﬁcant
1422 2859 1525 2888 tonitru
1540 2866 1604 2887 san-
