2290 3110
593 141 644 170 607

999 142 1028 171 S.
1049 142 1241 171 CLEMENTIS
1261 143 1270 170 I
1291 143 1372 171 BOM.
1390 143 1487 171 PONT.
1510 143 1623 171 OPERA
1641 144 1754 173 DUBlA.
2172 142 2216 167 003

594 201 698 229 ctitatis
712 206 776 230 tuae.
793 203 897 231 Currus
920 204 1015 240 igneus
1029 206 1188 233 animalium
1206 206 1376 241 quadruplici
1392 209 1415 236 Α
1463 206 1593 240 Populus.
1606 206 1702 233 Amen.

595 245 665 273 facie
679 248 883 283 distinctorum,
901 251 1180 287 similitudinibusque
1198 252 1314 280 diversis
1328 252 1377 280 do~

595 299 694 319 norum
713 294 806 329 gloria:
825 295 1006 329 diversorum,
1024 297 1152 325 decorem
1171 298 1246 332 regni
1270 299 1309 325 lui
1323 299 1378 325 cla-

595 343 672 366 mant
687 347 695 364 :
713 340 819 374 agmina
836 340 982 369 Cherubim
997 343 1089 370 multis
1096 343 1182 370 oculis
1191 343 1376 378 pizeditorum,

596 383 623 410 in
644 384 779 412 circulum
795 394 874 414 voces
887 387 1085 415 benedictionis
1104 389 1131 416 in
1148 389 1286 423 regionem
1302 394 1376 416 tuam

595 429 782 457 absconditam
799 432 934 459 extollunt
951 441 956 458 :
972 432 1114 468 Seraphim
1143 433 1235 460 multis
1261 433 1311 460 alis
1333 433 1377 459 in-

596 475 702 509 structi,
717 476 763 511 qui
779 476 862 504 iacies
878 485 942 505 suas
957 478 1052 505 iisdem
1066 479 1116 506 alis
1131 479 1189 506 suis
1203 484 1346 513 protegunt
1361 487 1376 506 a

596 522 739 556 splendore
763 528 819 556 tuo,
844 528 870 550 et
890 524 970 558 pedes
986 532 1051 552 suos
1068 525 1164 559 pennis
1179 532 1290 559 quoque
1316 525 1374 553 suis

595 572 698 603 tegunt,
714 574 745 596 ut
763 578 817 596 non
834 570 984 597 adurantur
1003 571 1037 597 ab
1048 571 1145 597 ardore
1159 571 1230 605 ignis
1242 571 1281 597 tui
1297 570 1375 597 inac-

596 614 743 648 cessibilis,
765 620 791 642 et
811 615 934 642 volantes
959 616 1140 650 Indequaque
1162 616 1285 648 laudant,
1303 620 1329 643 et
1342 616 1375 642 ad

596 659 755 686 alterutrum
782 660 832 687 alis
855 661 1015 695 plaudentes
1043 661 1228 694 benedicunt,
1254 667 1281 689 et
1309 662 1377 689 alter

596 705 671 732 alteri
686 705 846 733 conformati
859 706 1010 741 gloriﬁcaut
1021 716 1027 734 :
1038 712 1065 734 et
1074 715 1145 734 unus
1159 707 1193 734 ab
1205 708 1290 735 altero
1303 708 1378 743 hym-

595 757 660 776 num
683 751 873 784 suscipientes,
896 751 990 779 oribus
1014 752 1110 787 igneis,
1126 752 1281 788 linguisque
1303 752 1377 780 ﬂam-

595 796 675 828 meis,
695 803 749 822 una
773 804 837 823 voce
853 797 995 831 triplicataa
1014 797 1239 825 sanctiﬁcationis
1255 798 1375 832 laudant,

595 841 724 874 clamant,
735 841 929 875 vociferantur,
943 848 969 870 et
980 843 1087 871 dicunt.

631 885 759 921 Populus.
779 886 905 920 Sanctus,
921 893 1042 921 sanctus.
1061 895 1183 918 sanctus.

630 929 757 958 Sacerdos
769 932 919 959 inclinatus.
937 933 1054 961 Sanctus
1074 942 1103 962 es
1116 934 1187 962 Deus
1202 934 1292 966 Pater,
1311 942 1377 962 san-

595 980 655 1004 ctus
670 984 700 1004 es
718 976 790 1005 Deus
805 977 867 1011 Fili,
886 984 998 1006 sanctus
1013 987 1043 1007 es
1060 979 1178 1015 Spiritus
1195 985 1298 1012 sancte,
1317 979 1377 1006 Tri-

595 1022 667 1049 nitas
686 1027 780 1049 sancta
795 1027 821 1049 et
837 1023 964 1055 indivisa,
986 1033 1056 1052 unus
1076 1024 1146 1053 Deus
1164 1026 1240 1052 solus
1265 1030 1291 1052 et
1314 1033 1378 1052 san-

595 1073 655 1096 ctus
670 1077 710 1101 es,
727 1069 754 1095 in
767 1074 863 1096 natura
879 1078 886 1096 :
903 1070 950 1104 qui
963 1071 988 1096 in
1006 1070 1232 1098 Personistribus
1242 1071 1376 1104 adoraris,

594 1121 621 1142 et
635 1115 661 1142 in
680 1116 781 1143 unitate
796 1117 956 1144 substantia
975 1118 1145 1152 gloriﬁcaris.
1164 1117 1191 1144 In
1210 1118 1378 1152 quibuscun-

595 1169 647 1196 que
662 1162 729 1189 locis
744 1166 770 1189 et
781 1162 876 1189 mundi
902 1164 1036 1198 partibus,
1054 1172 1108 1190 non
1125 1163 1262 1191 sulliciunt
1279 1164 1310 1190 ad
1328 1171 1377 1190 ex-

595 1208 740 1235 tollendam
757 1209 882 1235 virtutem
908 1209 1057 1243 majestatis
1083 1213 1145 1236 tute.
1165 1209 1216 1242 Qui
1236 1208 1377 1243 plasmasti

595 1253 732 1281 hominem
750 1254 783 1281 ad
800 1254 945 1289 imaginem
972 1255 1123 1289 majestatis
1146 1259 1210 1287 tum,
1229 1255 1378 1282 rationem~

595 1306 648 1333 que
666 1298 857 1333 ipsiindidisti,
869 1299 1113 1334 praescripsistique
1123 1303 1252 1334 tanquam
1262 1299 1376 1326 limitem

595 1351 610 1370 a
627 1343 742 1371 Domino
753 1345 943 1375 constitutum,
961 1353 993 1371 ne
1013 1349 1177 1379 praceptum
1195 1350 1270 1371 tuum
1288 1349 1378 1370 trans,

597 1389 755 1423 grederetur
768 1399 775 1417 :
793 1391 838 1425 qui
849 1398 911 1418 eum
927 1396 1055 1424 errasset,
1068 1391 1378 1425 contempsissetquele-

596 1441 655 1468 gem
669 1435 924 1467 tuam,sententiam
936 1436 1032 1463 mortis
1042 1436 1165 1468 incurrit,
1173 1441 1199 1463 et
1210 1438 1235 1462 in
1251 1435 1377 1462 exsilium

596 1479 760 1507 inﬁrmitatis
777 1479 907 1514 depulsus
920 1486 970 1508 est.
990 1479 1031 1508 Tu
1044 1489 1107 1508 vero
1125 1486 1231 1509 creator
1243 1481 1312 1517 ejus,
1327 1481 1376 1509 bo-

595 1533 648 1552 nus
661 1531 687 1552 et
702 1526 867 1559 misericors,
883 1535 936 1554 non
951 1527 1075 1562 abjccisti
1094 1535 1186 1554 curam
1203 1528 1272 1562 ejus,
1293 1535 1375 1562 quam

596 1571 725 1605 habebas,
739 1572 785 1599 sed
802 1573 893 1600 omnia
910 1573 942 1600 ad
967 1574 1081 1601 salutem
1096 1573 1155 1608 ejus
1172 1573 1325 1605 instituisti,
1344 1581 1376 1600 eo

595 1625 681 1652 usque
694 1617 827 1645 utFilium
839 1624 914 1646 tuum
931 1623 1061 1646 aeternum
1075 1625 1102 1646 ct
1116 1620 1283 1654 unigenitum
1301 1624 1376 1647 tuum

595 1663 703 1690 miseris
718 1663 746 1690 in
762 1664 905 1697 mundum,
924 1664 970 1699 qui
987 1664 1218 1698 dispensationem
1239 1671 1316 1691 suam
1334 1671 1376 1690 sa-

594 1709 708 1736 lutarem
725 1713 835 1743 propter
849 1717 910 1736 eum
919 1709 1044 1744 explevit.

630 1752 742 1780 Elevans
757 1761 852 1781 vocem.
871 1754 939 1781 Cum
951 1762 1016 1789 ergo
1032 1759 1143 1789 paratus
1170 1759 1251 1787 esset,
1279 1761 1379 1782 secun-

594 1799 658 1826 dum
671 1799 840 1826 voluntatem
858 1808 935 1827 suam
954 1800 986 1827 ad
1007 1800 1155 1834 gustandas
1175 1801 1328 1835 passiones,
1343 1800 1377 1826 ad

594 1845 797 1873 ascendendum
815 1846 843 1872 in
859 1853 968 1873 crucem
988 1851 1015 1872 et
1026 1846 1188 1881 patibulum,
1206 1851 1377 1879 mortemque

595 1892 763 1919 subeundam
786 1899 836 1926 pro
848 1892 903 1918 vita
921 1891 1004 1918 totius
1020 1891 1125 1924 mundi,
1143 1899 1174 1919 ea
1193 1899 1306 1926 vespera
1323 1899 1376 1926 qua

594 1936 856 1963 consummationem
873 1935 1078 1972 mysteriorum,
1096 1941 1122 1963 et
1133 1936 1298 1963 mirabilium
1315 1943 1378 1970 per-

595 1983 771 2018 fecit,pauem
784 1982 921 2017 accepitin
937 1991 1035 2010 manus
1044 1991 1108 2010 suas
1123 1991 1205 2018 puras
1216 1987 1243 2010 et
1256 1987 1376 2015 sanctas,

595 2033 622 2055 et
635 2028 736 2062 gratias
751 2036 834 2063 agens
850 2028 880 2063 1-,
897 2028 1044 2059 benedixit,
1057 2028 1076 2064 ἰ-
1088 2029 1278 2057 sanctiﬁcavit,
1291 2028 1310 2064 ἰ-
1324 2028 1378 2056 fre-

596 2074 645 2109 git,
661 2074 788 2108 deditque
802 2075 917 2101 initiatis
934 2075 986 2102 hoc
1001 2075 1061 2110 ejus
1078 2076 1220 2111 mysterio,
1246 2074 1377 2110 apostolis

596 2119 699 2145 sanctis
714 2118 808 2146 dicens
824 2127 830 2144 :
851 2119 981 2154 Accipite,
999 2124 1026 2147 et
1036 2120 1198 2147 manducate
1213 2127 1244 2147 ex
1259 2128 1302 2152 eo,
1314 2119 1377 2154 quia

596 2162 654 2190 Hoc
668 2167 710 2190 est
727 2171 826 2198 corpus
845 2171 947 2196 meum,
961 2165 1034 2199 quod
1047 2172 1095 2199 pro
1110 2165 1188 2192 vobis
1205 2165 1340 2200 frangitur
1351 2169 1377 2193 et

1465 248 1604 276 Sacerdos.
1617 249 1733 282 Quando
1748 253 1840 276 autem
1859 249 1924 276 huic
1940 249 2004 284 pani
2030 247 2216 275 communica-

1427 294 1502 325 bitis,
1518 299 1545 321 et
1559 295 1673 322 calicem
1690 295 1762 322 hunc
1771 294 1833 322 vitae
1849 294 2031 329 usurpabitis,
2049 300 2214 319 commemo~

1428 341 1561 367 rationem
1574 341 1670 368 mortis
1686 348 1753 368 mea:
1762 340 1877 374 facietis,
1890 339 2112 373 memoriamque
2128 346 2213 365 resur-

1427 385 1557 412 rectionis
1577 392 1643 411 mea:
1655 384 1799 420 periieietis
1817 385 1903 412 donec
1917 384 2037 411 veniam.

1463 431 1594 466 Populus.
1617 431 1712 458 Mortis
1740 436 1803 464 tuae,
1822 430 1948 463 Domine,
1967 429 2134 457 memoriam
2160 428 2215 462 agi-

1427 485 1498 504 mus.

1464 522 1591 549 Sacerdos
1601 522 1702 550 elevans
1715 531 1813 549 vocem.
1826 521 1912 550 Oculo
1926 520 2111 549 intellectuali
2126 519 2215 547 cordis

1427 569 1607 597 describimus
1620 570 1761 604 periodum
1773 568 1986 604 dispensationis
2001 572 2057 594 tum
2071 567 2217 600 sapientis-

1428 615 1513 647 simm,
1527 615 1634 643 Christe
1645 615 1758 644 Domine
1772 619 1874 647 noster,
1888 619 1915 641 et
1925 622 1955 641 ea
1964 614 2058 640 omnia
2074 621 2138 647 qua:
2153 620 2216 645 ope-

1427 665 1503 687 ratus
1527 669 1557 689 es
1581 669 1629 696 per
1649 661 1863 688 incarnationem
1893 665 1965 687 tuam
1993 659 2148 686 salutarem
2171 666 2215 692 pro

1427 706 1514 733 salute
1528 710 1630 738 nostra,
1642 713 1889 733 commemoramus
1902 714 1907 730 :
1921 705 2129 740 generationem
2145 708 2215 730 tuam

1427 759 1459 778 ex
1482 750 1560 778 Patre
1581 751 1741 779 abscondito
1755 762 1762 778 ;
1775 751 1943 778 nativitatem
1964 754 2039 776 tuam
2056 757 2092 776 ex
2110 749 2215 784 Virgine

1427 796 1643 831 inexplicabilem
1658 806 1664 823 :
1679 801 1768 823 ortum
1797 801 1873 823 tuum
1896 795 2027 822 eximium
2053 800 2083 822 et
2104 795 2215 829 praecla-

1428 849 1487 868 rum
1505 842 1701 868 zelevationem
1715 846 1787 868 tuam
1808 842 1834 868 in
1852 849 1934 868 cruce
1955 841 2106 868 salutarem
2122 845 2151 866 et
2171 839 2215 865 ad-

1428 887 1579 914 mirandam
1594 896 1600 914 :
1618 887 1763 914 adventum
1781 892 1855 914 tuum
1869 886 1972 914 mundo
1986 886 2070 912 vitam
2085 891 2216 920 praestan-

1428 936 1493 964 tem,
1507 932 1699 959 excitationem
1715 937 1787 958 tuam
1800 931 1906 966 plenam
1921 931 2054 957 miraculo
2071 940 2078 957 :
2097 938 2215 957 resurre-

1427 977 1545 1004 ctionem
1561 982 1633 1004 tuam
1647 977 1805 1012 gloriosam,
1823 977 1985 1011 plenamque
2003 976 2082 1003 omni
2100 976 2211 1010 gaudio:

1427 1024 1604 1050 elevationem
1630 1028 1704 1050 tuam
1729 1023 1755 1049 in
1782 1023 1908 1049 sublimia
1934 1030 1940 1048 :
1969 1021 2214 1055 excellentiamque

1428 1068 1559 1095 sessionis
1574 1072 1625 1095 tua:
1638 1069 1670 1095 ad
1686 1068 1825 1095 dexteram
1848 1068 1978 1103 genitoris
2001 1068 2056 1100 tui;
2088 1072 2213 1101 praetcrea

1427 1115 1508 1142 etiam
1534 1115 1725 1142 revelationem
1749 1115 1825 1149 regni
1840 1115 1879 1141 tui
1900 1114 2022 1149 gloriosi,
2040 1121 2105 1148 quae
2129 1112 2213 1140 futura

1427 1164 1468 1187 est
1484 1161 1510 1186 in
1523 1161 1639 1188 adventu
1653 1165 1700 1187 tuo
1712 1161 1833 1187 secundo
1851 1169 1857 1188 :
1871 1160 1982 1195 quando
2002 1165 2030 1186 tu
2048 1167 2114 1186 cum
2132 1159 2212 1193 gloria

1428 1207 1556 1234 incll'abili
1569 1208 1706 1240 exoriens,
1720 1213 1746 1235 et
1758 1208 1784 1234 in
1798 1207 1886 1241 turbis
1904 1207 1991 1241 igneis
2004 1207 2210 1241 legionibusque

1427 1254 1559 1280 tlammeis
1571 1254 1807 1289 circumgestatus,
1818 1258 1946 1288 tanquam
1960 1253 2052 1288 fulgur
2062 1252 2209 1279 timendum

1427 1304 1453 1326 et
1463 1299 1595 1332 validum,
1609 1307 1642 1326 ex
1654 1300 1763 1327 sublimi
1779 1300 1871 1335 gloriae
1886 1305 1938 1326 tuae
1948 1299 2071 1334 prodibis
2086 1307 2092 1324 :
2108 1298 2211 1333 quando

1428 1349 1560 1372 statuetur
1576 1345 1674 1372 solium
1690 1346 1809 1373 terribile
1821 1346 1983 1380 majestatis,
1998 1349 2026 1372 et
2036 1345 2118 1372 sedes
2125 1344 2210 1371 electis

1429 1390 1482 1417 tuis
1497 1390 1704 1418 collocabuntur
1720 1400 1726 1417 :
1742 1392 1851 1426 quando
1863 1392 1956 1426 populi
1971 1396 1996 1418 et
2009 1391 2139 1417 nationes
2151 1399 2210 1417 con-

1427 1436 1619 1470 grcgabuntur,
1632 1441 1659 1463 et
1669 1437 1701 1464 ad
1716 1437 1805 1464 locum
1816 1436 1911 1471 judieii
1923 1437 2066 1469 sistentur,
2084 1442 2116 1463 ut
2130 1437 2211 1463 susei-

1428 1481 1484 1514 piat
1500 1482 1690 1517 unusquisque
1704 1483 1854 1509 secundum
1867 1491 1936 1517 opus
1950 1490 2031 1509 suum
2044 1492 2050 1508 :
2065 1488 2149 1517 atque
2168 1490 2207 1507 re-

1428 1527 1562 1554 tribuetur
1571 1528 1717 1563 unicuique
1727 1528 1876 1556 secundum
1889 1528 2009 1555 actiones
2018 1536 2095 1559 suas,
2107 1527 2210 1562 quando

1428 1571 1490 1598 libri
1508 1573 1676 1607 aperientur,
1693 1577 1720 1600 et
1730 1581 1824 1608 opera,
1837 1573 1930 1606 verba,
1943 1578 1970 1600 et
1985 1573 2111 1600 actiones
2126 1573 2210 1599 discu-

1428 1618 1530 1645 tientur
1545 1626 1552 1644 :
1567 1619 1677 1653 quando
1689 1619 1877 1646 reeitabuntur
1890 1619 2016 1651 erimina,
2036 1623 2064 1645 et
2085 1624 2209 1653 tanquam

1429 1664 1469 1692 sol
1480 1665 1648 1700 splendidus,
1661 1665 1749 1700 palam
1764 1665 1829 1693 ﬁent
1844 1664 2013 1696 abscondita,
2038 1664 2206 1691 clarissime:

1428 1709 1538 1744 quando
1556 1718 1630 1737 mare
1642 1710 1711 1746 ignis
1728 1710 1897 1743 exundabit,
1913 1709 2096 1744 .estuabitque
2123 1708 2209 1735 fumus

1429 1756 1613 1789 flammarum,
1625 1756 1824 1790 descendetque
1836 1756 1933 1783 iluvius
1949 1755 2017 1790 ignis
2028 1755 2161 1787 ardentis,
2179 1755 2209 1781 ad

1429 1802 1628 1835 probationem,
1643 1806 1670 1829 et
1683 1810 1796 1828 examen
1816 1801 1906 1829 omnis
1920 1801 2030 1833 carnis;
2043 1801 2154 1836 quando
2167 1808 2209 1826 an-

1429 1847 1708 1882 gustiatamarissimae
1719 1851 1799 1874 erunt
1808 1847 1923 1881 iniquis:
1938 1850 1965 1873 et
1976 1850 2130 1880 praeparata
2137 1850 2210 1872 erunt

1429 1891 1499 1918 bona
1507 1891 1726 1926 etdeliciaejustis
1735 1900 1741 1917 ε
1750 1891 1859 1926 quando
1869 1889 2058 1917 misericordia
2066 1889 2208 1921 auferetur,

1429 1942 1455 1965 et
1463 1938 1538 1972 impii
1551 1937 1691 1964 tradentur
1700 1938 1839 1973 gehennae,
1848 1943 1928 1972 atque
1937 1937 1972 1971 pii
1981 1936 2066 1963 vitam
2077 1944 2173 1963 novam
2184 1935 2207 1961 in

1429 1987 1559 2010 aeternum
1576 1983 1784 2010 basreditabunt.
1797 1981 1911 2014 Quando
1924 1989 1975 2008 vox
1988 1981 2079 2008 valida
2090 1981 2208 2007 audietur

1428 2037 1489 2065 quae
1503 2034 1604 2063 partem
1619 2036 1698 2055 unam
1714 2029 1748 2055 ab
1762 2029 1844 2055 altera
1855 2027 2001 2062 separabit,
2013 2026 2208 2060 transferetque

1429 2082 1513 2110 agnos
1528 2075 1561 2102 ad
1575 2075 1724 2107 dexteram,
1738 2079 1765 2101 et
1780 2074 1872 2101 haedos
1891 2073 1925 2100 ad
1944 2073 2099 2100 sinistram.
2118 2071 2155 2099 Te
2168 2072 2207 2098 de-

1428 2128 1571 2155 precamur
1592 2121 1701 2155 plenum
1725 2120 1924 2152 misericordia,
1951 2118 2078 2151 Domine,
2096 2119 2123 2145 in
2147 2119 2206 2144 hora

1428 2167 1474 2193 illa
1497 2167 1658 2199 deeretoria,
1686 2167 1837 2201 multiplica
1858 2166 2031 2193 clementiam
2060 2170 2135 2191 tuam
2151 2172 2206 2199 erga

595 2209 688 2241 datur,
707 2209 741 2235 ad
763 2208 869 2235 veniam
898 2209 1020 2236 omnium
1048 2210 1167 2237 ﬁdelium
1197 2211 1374 2246 plurimorum
1392 2221 1413 2248 ι)
1428 2213 1585 2239 adoratores
1599 2218 1668 2244 tuos,
1686 2212 1713 2238 in
1725 2216 1844 2246 tempore
1857 2212 1902 2239 illo
1917 2212 2040 2243 terribili,
2052 2217 2079 2238 et
2094 2211 2204 2238 tristitiae

596 2259 646 2286 pro
656 2251 756 2286 quibus
771 2252 940 2286 immolatur,
958 2257 985 2280 et
1001 2254 1142 2286 dividitur,
1161 2256 1193 2282 ad
1211 2257 1378 2291 propitiatio-

596 2305 658 2324 nem
672 2297 847 2331 delictorum,
862 2299 1051 2327 remissionem
1065 2306 1238 2335 peccatorum
1256 2307 1283 2330 et
1295 2304 1377 2331 vitam

595 2348 735 2371 mternam.

633 2388 759 2424 Populus.
774 2391 870 2417 Amen.

631 2435 771 2463 Sacerdos.
788 2435 854 2463 Post
868 2444 974 2464 ctenam
991 2438 1065 2465 illam
1085 2439 1238 2474 mysticam,
1266 2441 1377 2468 miscuit

595 2483 708 2510 calicem
725 2483 787 2510 vitae
796 2490 829 2510 ex
840 2483 903 2510 vino
911 2488 939 2511 et
955 2492 1024 2519 aqua
1041 2493 1047 2510 :
1066 2490 1093 2512 et
1104 2486 1136 2513 ad
1149 2490 1186 2520 te,
1201 2486 1272 2514 Deus
1285 2487 1377 2520 Pater,

596 2529 691 2556 oculos
709 2530 827 2562 elevans,
844 2530 945 2565 gratias
963 2531 1028 2566 egit,
1046 2531 1066 2567 -ξ-
1078 2532 1224 2564 benedixit.
1241 2533 1260 2569 -ια
1275 2534 1377 2561 sancti-

596 2575 697 2608 ticavit,
709 2575 729 2611 'j-
747 2580 774 2603 et
786 2576 858 2604 dedit
876 2577 960 2605 turba:
980 2578 1175 2613 discipulorum
1193 2588 1303 2607 suorum
1321 2580 1376 2607 ele-

596 2625 714 2655 ctorum,
729 2623 969 2658 apostolorumque
985 2629 1143 2652 sanctorum
1159 2631 1186 2652 et
1197 2625 1265 2652 dixit
1280 2634 1286 2651 :
1302 2626 1379 2653 Acci-

597 2665 662 2699 pite,
678 2666 762 2694 bibite
770 2675 803 2694 ex
817 2675 849 2694 eo
863 2675 911 2695 vos
921 2676 1016 2695 omnes
1030 2678 1036 2695 :
1051 2668 1101 2695 llic
1113 2674 1154 2697 est
1167 2670 1279 2705 sanguis
1291 2679 1376 2704 meus,

597 2711 643 2745 qui
666 2712 810 2739 conﬁrmat
826 2718 1018 2740 testamentqu
1043 2715 1140 2742 mortis
1158 2723 1225 2743 mea:
1243 2726 1248 2742 :
1264 2717 1310 2751 qui
1329 2725 1377 2751 pro

599 2755 676 2782 vobis
688 2755 834 2784 eﬂ'unditur
848 2762 875 2785 et
888 2766 938 2793 pro
966 2760 1059 2787 multis
1082 2759 1173 2792 datur,
1195 2765 1222 2787 et
1248 2761 1378 2789 dividitur

600 2800 634 2827 ad
650 2802 872 2836 propitiationem
888 2804 1059 2840 delictorum,
1075 2807 1262 2834 remissionem
1281 2815 1378 2842 pecca-

602 2852 738 2881 torum,et
753 2850 833 2877 vitam
845 2857 982 2878 aeternam.

1429 2257 1517 2291 pleno.
1544 2256 1680 2291 Propitius
1701 2261 1760 2284 esto
1783 2264 1846 2292 erga
1865 2257 1970 2283 animas
1986 2264 2132 2284 servorum
2155 2260 2206 2282 tuo—

1429 2311 1507 2336 rum;
1529 2304 1556 2330 in
1582 2303 1648 2330 hora
1663 2303 1708 2330 illa
1729 2303 1853 2334 terroris,
1871 2302 1979 2330 elIunde
1993 2302 2204 2330 misericordiam

1428 2354 1502 2376 tuam
1515 2357 1597 2384 super
1610 2357 1668 2381 eos,
1687 2349 1732 2384 qui
1753 2357 1800 2383 per
1814 2356 1922 2376 erucem
1939 2354 2011 2376 tuam
2029 2350 2127 2376 salvati
2140 2355 2203 2376 sunt.

1428 2395 1456 2422 lu
1469 2401 1590 2431 tempore
1601 2395 1646 2422 illo
1663 2395 1780 2429 timoris,
1794 2395 1923 2422 miserere
1935 2395 2045 2422 illorum
2058 2396 2107 2430 qui
2127 2396 2203 2423 conti-

1429 2447 1519 2470 tentur
1534 2442 1675 2477 passiones
1693 2447 1754 2470 tuas
1770 2450 1776 2468 :
1791 2447 1883 2478 tangat
1905 2447 1930 2469 te
1949 2450 2015 2469 cura
2032 2442 2152 2475 illorum,
2164 2443 2202 2478 qui

1429 2488 1554 2515 fiduciam
1568 2488 1757 2522 habentsuper
1772 2495 1891 2514 amorem
1908 2491 1986 2514 tuum
1999 2495 2065 2522 erga
2076 2488 2201 2518 homines,

1428 2538 1455 2561 et
1469 2542 1549 2569 parce
1563 2535 1680 2569 peccatis
1695 2541 1808 2565 eorum;
1828 2538 2035 2560 commoveatur
2058 2534 2201 2568 benignitas

1429 2585 1484 2613 tua,
1497 2588 1560 2615 erga
1574 2580 1633 2606 illos
1645 2580 1690 2614 qui
1705 2579 1834 2606 invocant
1847 2586 1944 2606 nomen
1958 2583 2034 2605 tuum
2048 2583 2167 2606 sanctum
2180 2585 2201 2604 et

1428 2625 1535 2652 remitte
1548 2625 1645 2652 delicta
1659 2625 1778 2652 illorum.
1794 2624 1833 2652 Ne
1848 2624 2007 2652 auferantur
2020 2626 2200 2653 miserationes

1429 2678 1481 2701 tua;
1494 2681 1541 2708 per
1555 2675 1623 2701 iram
1641 2678 1725 2706 tuam,
1738 2682 1825 2709 neque
1840 2675 1946 2702 deﬁciat
1958 2675 2039 2703 nobis
2052 2678 2138 2712 gratia
2154 2682 2199 2705 tua.

1428 2725 1539 2756 propter
1557 2721 1758 2748 multitudinem
1777 2722 1888 2750 malitiae
1909 2727 2020 2750 nostrae.
2033 2722 2074 2751 Ne
2085 2724 2198 2751 excludas

1428 2768 1598 2795 clementiam
1614 2772 1699 2799 tuam,
1714 2773 1825 2803 propter
1836 2769 2006 2804 iniquitatem
2018 2774 2139 2798 nostram
2152 2779 2157 2796 :
2171 2778 2197 2796 ne

1427 2819 1550 2842 mutetur
1562 2820 1656 2841 natura
1669 2819 1726 2847 tua,
1738 2819 1847 2850 propter
1858 2815 2074 2850 magnitudinem
2087 2817 2196 2851 insipieir

1427 2860 1525 2887 tiarum
1539 2865 1703 2888 nostrarum.
1718 2860 1775 2888 Non
1787 2861 1886 2896 eligant
1897 2869 1946 2889 nos
1957 2863 2047 2897 angeli
2062 2863 2100 2890 tui
2113 2862 2193 2892 sancti.
