  <div class='ocr_page' id='page_1' title='image "/cluster/home/n/w/nwhite01/storage/ocr_20150623/2/njp.32101077772349/436.png"; bbox 0 0 2290 3110; ppageno 0'>
   <div class='ocr_carea' id='block_1_1' title="bbox 0 100 914 130">
    <p class='ocr_par' dir='ltr' id='par_1_1' title="bbox 0 100 914 130">
     <span class='ocr_line' id='line_1_1' title="bbox 0 100 914 130; baseline 0 -1"><span class='ocrx_word' id='word_1_1' title='bbox 0 105 38 130; x_wconf 70' lang='lat'><strong>509</strong></span> <span class='ocrx_word' id='word_1_2' title='bbox 717 100 914 130; x_wconf 80' lang='lat' dir='ltr'><strong>LITURGICA.</strong></span> 
     </span>
    </p>
   </div>
   <div class='ocr_carea' id='block_1_2' title="bbox 1569 101 1620 129">
    <p class='ocr_par' dir='ltr' id='par_1_2' title="bbox 1569 101 1620 129">
     <span class='ocr_line' id='line_1_2' title="bbox 1569 101 1620 129; baseline 0 0"><span class='ocrx_word' id='word_1_3' title='bbox 1569 101 1620 129; x_wconf 71' lang='lat'><strong>610</strong></span> 
     </span>
    </p>
   </div>
   <div class='ocr_carea' id='block_1_3' title="bbox 0 159 1620 200">
    <p class='ocr_par' dir='ltr' id='par_1_3' title="bbox 0 159 1620 200">
     <span class='ocr_line' id='line_1_3' title="bbox 0 159 1620 200; baseline -0.001 -10"><span class='ocrx_word' id='word_1_4' title='bbox 0 170 18 190; x_wconf 71' lang='lat' dir='ltr'><strong>et</strong></span> <span class='ocrx_word' id='word_1_5' title='bbox 39 169 168 199; x_wconf 78' lang='lat' dir='ltr'><strong>umquam</strong></span> <span class='ocrx_word' id='word_1_6' title='bbox 196 164 344 193; x_wconf 80' lang='lat' dir='ltr'><strong>fasciculos</strong></span> <span class='ocrx_word' id='word_1_7' title='bbox 370 167 549 199; x_wconf 81' lang='lat' dir='ltr'><strong>zizaniorum,</strong></span> <span class='ocrx_word' id='word_1_8' title='bbox 565 165 593 193; x_wconf 94' lang='lat' dir='ltr'><strong>in</strong></span> <span class='ocrx_word' id='word_1_9' title='bbox 616 166 705 200; x_wconf 75' lang='lat' dir='ltr'><strong>ignem</strong></span> <span class='ocrx_word' id='word_1_10' title='bbox 726 171 777 191; x_wconf 89' lang='lat' dir='ltr'><strong>nos</strong></span> <span class='ocrx_word' id='word_1_11' title='bbox 791 165 816 194; x_wconf 76' lang='grc' dir='ltr'><strong>Α</strong></span> <span class='ocrx_word' id='word_1_12' title='bbox 829 164 966 198; x_wconf 76' lang='lat' dir='ltr'><strong>nostra,-|-</strong></span> <span class='ocrx_word' id='word_1_13' title='bbox 979 166 1080 197; x_wconf 75' lang='lat' dir='ltr'><strong>corpus</strong></span> <span class='ocrx_word' id='word_1_14' title='bbox 1106 162 1192 197; x_wconf 85' lang='lat' dir='ltr'><strong>ipsius</strong></span> <span class='ocrx_word' id='word_1_15' title='bbox 1207 161 1315 189; x_wconf 88' lang='lat' dir='ltr'><strong>Domini</strong></span> <span class='ocrx_word' id='word_1_16' title='bbox 1342 161 1389 189; x_wconf 88' lang='lat' dir='ltr'><strong>Dei</strong></span> <span class='ocrx_word' id='word_1_17' title='bbox 1412 165 1439 188; x_wconf 88' lang='lat' dir='ltr'><strong>et</strong></span> <span class='ocrx_word' id='word_1_18' title='bbox 1467 159 1620 189; x_wconf 80' lang='lat' dir='ltr'><strong>Salvatoris</strong></span> 
     </span>
    </p>
   </div>
   <div class='ocr_carea' id='block_1_4' title="bbox 0 209 778 248">
    <p class='ocr_par' dir='ltr' id='par_1_4' title="bbox 0 209 778 248">
     <span class='ocr_line' id='line_1_4' title="bbox 0 209 778 248; baseline 0.003 -12"><span class='ocrx_word' id='word_1_19' title='bbox 0 211 141 245; x_wconf 83' lang='lat' dir='ltr'><strong>projicittnt.</strong></span> <span class='ocrx_word' id='word_1_20' title='bbox 154 209 219 238; x_wconf 87' lang='lat' dir='ltr'><strong>Non</strong></span> <span class='ocrx_word' id='word_1_21' title='bbox 232 211 354 247; x_wconf 88' lang='lat' dir='ltr'><strong>increpes</strong></span> <span class='ocrx_word' id='word_1_22' title='bbox 370 213 512 241; x_wconf 90' lang='lat' dir='ltr'><strong>ministros</strong></span> <span class='ocrx_word' id='word_1_23' title='bbox 529 212 605 248; x_wconf 70' lang='lat' dir='ltr'><strong>regni</strong></span> <span class='ocrx_word' id='word_1_24' title='bbox 617 212 655 239; x_wconf 92' lang='lat' dir='ltr'><strong>tui</strong></span> <span class='ocrx_word' id='word_1_25' title='bbox 669 216 778 246; x_wconf 84' lang='lat' dir='ltr'><strong>propter</strong></span> 
     </span>
    </p>
   </div>
   <div class='ocr_carea' id='block_1_5' title="bbox 0 255 778 292">
    <p class='ocr_par' dir='ltr' id='par_1_5' title="bbox 0 255 778 292">
     <span class='ocr_line' id='line_1_5' title="bbox 0 255 778 292; baseline -0.003 -9"><span class='ocrx_word' id='word_1_26' title='bbox 0 256 81 284; x_wconf 84' lang='lat' dir='ltr'><strong>sordes</strong></span> <span class='ocrx_word' id='word_1_27' title='bbox 90 255 334 290; x_wconf 73' lang='lat' dir='ltr'><strong>vestimentorum,</strong></span> <span class='ocrx_word' id='word_1_28' title='bbox 343 264 430 292; x_wconf 83' lang='lat' dir='ltr'><strong>neque</strong></span> <span class='ocrx_word' id='word_1_29' title='bbox 438 261 567 292; x_wconf 90' lang='lat' dir='ltr'><strong>tanquam</strong></span> <span class='ocrx_word' id='word_1_30' title='bbox 577 259 778 289; x_wconf 89' lang='lat' dir='ltr'><strong>contemptores</strong></span> 
     </span>
    </p>
   </div>
   <div class='ocr_carea' id='block_1_6' title="bbox 0 301 775 336">
    <p class='ocr_par' dir='ltr' id='par_1_6' title="bbox 0 301 775 336">
     <span class='ocr_line' id='line_1_6' title="bbox 0 301 775 336; baseline -0.003 -7"><span class='ocrx_word' id='word_1_31' title='bbox 0 303 135 336; x_wconf 85' lang='lat' dir='ltr'><strong>majestatis</strong></span> <span class='ocrx_word' id='word_1_32' title='bbox 153 309 212 330; x_wconf 74' lang='lat' dir='ltr'><strong>tua:</strong></span> <span class='ocrx_word' id='word_1_33' title='bbox 236 310 287 330; x_wconf 91' lang='lat' dir='ltr'><strong>nos</strong></span> <span class='ocrx_word' id='word_1_34' title='bbox 302 303 330 330; x_wconf 90' lang='lat' dir='ltr'><strong>in</strong></span> <span class='ocrx_word' id='word_1_35' title='bbox 344 303 470 330; x_wconf 84' lang='lat' dir='ltr'><strong>tenebras</strong></span> <span class='ocrx_word' id='word_1_36' title='bbox 485 302 634 330; x_wconf 81' lang='lat' dir='ltr'><strong>exteriores</strong></span> <span class='ocrx_word' id='word_1_37' title='bbox 654 301 775 336; x_wconf 85' lang='lat' dir='ltr'><strong>ejiciant.</strong></span> 
     </span>
    </p>
   </div>
   <div class='ocr_carea' id='block_1_7' title="bbox 0 347 778 383">
    <p class='ocr_par' dir='ltr' id='par_1_7' title="bbox 0 347 778 383">
     <span class='ocr_line' id='line_1_7' title="bbox 0 347 778 383; baseline -0.004 -8"><span class='ocrx_word' id='word_1_38' title='bbox 0 347 28 376; x_wconf 75' lang='lat' dir='ltr'><strong>Ne</strong></span> <span class='ocrx_word' id='word_1_39' title='bbox 40 348 232 383; x_wconf 79' lang='lat' dir='ltr'><strong>exstinguatur</strong></span> <span class='ocrx_word' id='word_1_40' title='bbox 243 348 334 375; x_wconf 88' lang='lat' dir='ltr'><strong>lumen</strong></span> <span class='ocrx_word' id='word_1_41' title='bbox 350 348 507 381; x_wconf 88' lang='lat' dir='ltr'><strong>lampadum</strong></span> <span class='ocrx_word' id='word_1_42' title='bbox 521 347 732 379; x_wconf 87' lang='lat' dir='ltr'><strong>nostrarum,ita</strong></span> <span class='ocrx_word' id='word_1_43' title='bbox 748 350 778 373; x_wconf 92' lang='lat' dir='ltr'><strong>ut</strong></span> 
     </span>
    </p>
   </div>
   <div class='ocr_carea' id='block_1_8' title="bbox 0 391 777 428">
    <p class='ocr_par' dir='ltr' id='par_1_8' title="bbox 0 391 777 428">
     <span class='ocr_line' id='line_1_8' title="bbox 0 391 777 428; baseline -0.004 -6"><span class='ocrx_word' id='word_1_44' title='bbox 0 400 60 423; x_wconf 76' lang='lat' dir='ltr'><strong>extra</strong></span> <span class='ocrx_word' id='word_1_45' title='bbox 80 394 155 422; x_wconf 80' lang='lat' dir='ltr'><strong>fores</strong></span> <span class='ocrx_word' id='word_1_46' title='bbox 177 394 292 421; x_wconf 88' lang='lat' dir='ltr'><strong>thalami</strong></span> <span class='ocrx_word' id='word_1_47' title='bbox 305 394 435 428; x_wconf 78' lang='lat' dir='ltr'><strong>nuptialis</strong></span> <span class='ocrx_word' id='word_1_48' title='bbox 450 394 489 421; x_wconf 93' lang='lat' dir='ltr'><strong>tui</strong></span> <span class='ocrx_word' id='word_1_49' title='bbox 513 401 713 422; x_wconf 80' lang='lat' dir='ltr'><strong>remaneamus.</strong></span> <span class='ocrx_word' id='word_1_50' title='bbox 737 391 777 419; x_wconf 87' lang='lat' dir='ltr'><strong>Ne</strong></span> 
     </span>
    </p>
   </div>
   <div class='ocr_carea' id='block_1_9' title="bbox 0 439 775 476">
    <p class='ocr_par' dir='ltr' id='par_1_9' title="bbox 0 439 775 476">
     <span class='ocr_line' id='line_1_9' title="bbox 0 439 775 476; baseline -0.001 -9"><span class='ocrx_word' id='word_1_51' title='bbox 0 440 87 476; x_wconf 79' lang='lat' dir='ltr'><strong>iustitia</strong></span> <span class='ocrx_word' id='word_1_52' title='bbox 99 444 144 467; x_wconf 90' lang='lat' dir='ltr'><strong>tua</strong></span> <span class='ocrx_word' id='word_1_53' title='bbox 158 440 242 466; x_wconf 91' lang='lat' dir='ltr'><strong>nobis</strong></span> <span class='ocrx_word' id='word_1_54' title='bbox 255 439 426 473; x_wconf 85' lang='lat' dir='ltr'><strong>adversetur,</strong></span> <span class='ocrx_word' id='word_1_55' title='bbox 442 447 530 474; x_wconf 88' lang='lat' dir='ltr'><strong>neque</strong></span> <span class='ocrx_word' id='word_1_56' title='bbox 542 440 568 466; x_wconf 92' lang='lat' dir='ltr'><strong>in</strong></span> <span class='ocrx_word' id='word_1_57' title='bbox 584 439 710 466; x_wconf 82' lang='lat' dir='ltr'><strong>tenebras</strong></span> <span class='ocrx_word' id='word_1_58' title='bbox 726 447 775 466; x_wconf 81' lang='lat' dir='ltr'><strong>ex-</strong></span> 
     </span>
    </p>
   </div>
   <div class='ocr_carea' id='block_1_10' title="bbox 0 484 774 519">
    <p class='ocr_par' dir='ltr' id='par_1_10' title="bbox 0 484 774 519">
     <span class='ocr_line' id='line_1_10' title="bbox 0 484 774 519; baseline -0.001 -7"><span class='ocrx_word' id='word_1_59' title='bbox 0 486 102 512; x_wconf 82' lang='lat' dir='ltr'><strong>teriores</strong></span> <span class='ocrx_word' id='word_1_60' title='bbox 122 489 149 512; x_wconf 88' lang='lat' dir='ltr'><strong>et</strong></span> <span class='ocrx_word' id='word_1_61' title='bbox 173 485 321 512; x_wconf 88' lang='lat' dir='ltr'><strong>stridorem</strong></span> <span class='ocrx_word' id='word_1_62' title='bbox 338 485 460 512; x_wconf 90' lang='lat' dir='ltr'><strong>dentium</strong></span> <span class='ocrx_word' id='word_1_63' title='bbox 482 484 595 519; x_wconf 88' lang='lat' dir='ltr'><strong>projecti</strong></span> <span class='ocrx_word' id='word_1_64' title='bbox 610 484 774 511; x_wconf 85' lang='lat' dir='ltr'><strong>cruciemur.</strong></span> 
     </span>
    </p>
   </div>
   <div class='ocr_carea' id='block_1_11' title="bbox 0 530 773 566">
    <p class='ocr_par' dir='ltr' id='par_1_11' title="bbox 0 530 773 566">
     <span class='ocr_line' id='line_1_11' title="bbox 0 530 773 566; baseline -0.003 -8"><span class='ocrx_word' id='word_1_65' title='bbox 0 531 230 558; x_wconf 75' lang='lat' dir='ltr'><strong>Exhibeauxilium</strong></span> <span class='ocrx_word' id='word_1_66' title='bbox 241 531 333 565; x_wconf 72' lang='lat' dir='ltr'><strong>gratiae</strong></span> <span class='ocrx_word' id='word_1_67' title='bbox 346 535 398 558; x_wconf 58' lang='lat' dir='ltr'><strong>tua:</strong></span> <span class='ocrx_word' id='word_1_68' title='bbox 410 538 473 566; x_wconf 75' lang='lat' dir='ltr'><strong>erga</strong></span> <span class='ocrx_word' id='word_1_69' title='bbox 486 530 618 557; x_wconf 86' lang='lat' dir='ltr'><strong>malitiam</strong></span> <span class='ocrx_word' id='word_1_70' title='bbox 632 535 753 557; x_wconf 82' lang='lat' dir='ltr'><strong>nostrain</strong></span> <span class='ocrx_word' id='word_1_71' title='bbox 765 537 773 556; x_wconf 88' lang='lat'><strong>:</strong></span> 
     </span>
    </p>
   </div>
   <div class='ocr_carea' id='block_1_12' title="bbox 1 577 773 612">
    <p class='ocr_par' dir='ltr' id='par_1_12' title="bbox 1 577 773 612">
     <span class='ocr_line' id='line_1_12' title="bbox 1 577 773 612; baseline -0.003 -8"><span class='ocrx_word' id='word_1_72' title='bbox 1 577 92 605; x_wconf 84' lang='lat' dir='ltr'><strong>eﬂ‘unde</strong></span> <span class='ocrx_word' id='word_1_73' title='bbox 112 577 230 612; x_wconf 77' lang='lat' dir='ltr'><strong>pelagus</strong></span> <span class='ocrx_word' id='word_1_74' title='bbox 243 577 430 604; x_wconf 85' lang='lat' dir='ltr'><strong>miserationis</strong></span> <span class='ocrx_word' id='word_1_75' title='bbox 455 581 508 604; x_wconf 74' lang='lat' dir='ltr'><strong>tuae</strong></span> <span class='ocrx_word' id='word_1_76' title='bbox 529 584 611 611; x_wconf 86' lang='lat' dir='ltr'><strong>super</strong></span> <span class='ocrx_word' id='word_1_77' title='bbox 624 577 773 609; x_wconf 73' lang='lat' dir='ltr'><strong>nequitiam</strong></span> 
     </span>
    </p>
   </div>
   <div class='ocr_carea' id='block_1_13' title="bbox 1 621 775 654">
    <p class='ocr_par' dir='ltr' id='par_1_13' title="bbox 1 621 775 654">
     <span class='ocr_line' id='line_1_13' title="bbox 1 621 775 654; baseline 0 -6"><span class='ocrx_word' id='word_1_78' title='bbox 1 626 116 654; x_wconf 88' lang='lat' dir='ltr'><strong>nostram,</strong></span> <span class='ocrx_word' id='word_1_79' title='bbox 133 625 161 649; x_wconf 89' lang='lat' dir='ltr'><strong>et</strong></span> <span class='ocrx_word' id='word_1_80' title='bbox 172 621 255 648; x_wconf 84' lang='lat' dir='ltr'><strong>ablue</strong></span> <span class='ocrx_word' id='word_1_81' title='bbox 271 625 364 648; x_wconf 88' lang='lat' dir='ltr'><strong>nostra</strong></span> <span class='ocrx_word' id='word_1_82' title='bbox 382 621 508 648; x_wconf 88' lang='lat' dir='ltr'><strong>crimina.</strong></span> <span class='ocrx_word' id='word_1_83' title='bbox 524 621 622 648; x_wconf 88' lang='lat' dir='ltr'><strong>Emitte</strong></span> <span class='ocrx_word' id='word_1_84' title='bbox 633 622 775 649; x_wconf 87' lang='lat' dir='ltr'><strong>abundan-</strong></span> 
     </span>
    </p>
   </div>
   <div class='ocr_carea' id='block_1_14' title="bbox 1 667 774 702">
    <p class='ocr_par' dir='ltr' id='par_1_14' title="bbox 1 667 774 702">
     <span class='ocr_line' id='line_1_14' title="bbox 1 667 774 702; baseline 0.001 -9"><span class='ocrx_word' id='word_1_85' title='bbox 1 667 53 693; x_wconf 78' lang='lat' dir='ltr'><strong>tiam</strong></span> <span class='ocrx_word' id='word_1_86' title='bbox 66 667 216 694; x_wconf 68' lang='lat' dir='ltr'><strong>clementiae</strong></span> <span class='ocrx_word' id='word_1_87' title='bbox 232 671 285 694; x_wconf 75' lang='lat' dir='ltr'><strong>tuae</strong></span> <span class='ocrx_word' id='word_1_88' title='bbox 298 671 324 694; x_wconf 85' lang='lat' dir='ltr'><strong>et</strong></span> <span class='ocrx_word' id='word_1_89' title='bbox 345 667 449 694; x_wconf 87' lang='lat' dir='ltr'><strong>amoris</strong></span> <span class='ocrx_word' id='word_1_90' title='bbox 463 667 500 694; x_wconf 93' lang='lat' dir='ltr'><strong>tui</strong></span> <span class='ocrx_word' id='word_1_91' title='bbox 516 675 580 702; x_wconf 76' lang='lat' dir='ltr'><strong>erga</strong></span> <span class='ocrx_word' id='word_1_92' title='bbox 598 667 734 700; x_wconf 85' lang='lat' dir='ltr'><strong>homines,</strong></span> <span class='ocrx_word' id='word_1_93' title='bbox 747 671 774 694; x_wconf 91' lang='lat' dir='ltr'><strong>et</strong></span> 
     </span>
    </p>
   </div>
   <div class='ocr_carea' id='block_1_15' title="bbox 0 712 772 748">
    <p class='ocr_par' dir='ltr' id='par_1_15' title="bbox 0 712 772 748">
     <span class='ocr_line' id='line_1_15' title="bbox 0 712 772 748; baseline 0 -8"><span class='ocrx_word' id='word_1_94' title='bbox 0 713 46 740; x_wconf 79' lang='lat' dir='ltr'><strong>delc.</strong></span> <span class='ocrx_word' id='word_1_95' title='bbox 58 721 113 748; x_wconf 65' lang='lat' dir='ltr'><strong>qum</strong></span> <span class='ocrx_word' id='word_1_96' title='bbox 120 714 146 740; x_wconf 90' lang='lat' dir='ltr'><strong>in</strong></span> <span class='ocrx_word' id='word_1_97' title='bbox 156 713 239 740; x_wconf 92' lang='lat' dir='ltr'><strong>nobis</strong></span> <span class='ocrx_word' id='word_1_98' title='bbox 250 712 315 739; x_wconf 94' lang='lat' dir='ltr'><strong>odio</strong></span> <span class='ocrx_word' id='word_1_99' title='bbox 327 713 409 747; x_wconf 79' lang='lat' dir='ltr'><strong>digna</strong></span> <span class='ocrx_word' id='word_1_100' title='bbox 424 716 488 740; x_wconf 81' lang='lat' dir='ltr'><strong>sunt</strong></span> <span class='ocrx_word' id='word_1_101' title='bbox 501 721 506 738; x_wconf 95' lang='lat'><strong>:</strong></span> <span class='ocrx_word' id='word_1_102' title='bbox 521 713 639 745; x_wconf 87' lang='lat' dir='ltr'><strong>contine,</strong></span> <span class='ocrx_word' id='word_1_103' title='bbox 648 712 772 745; x_wconf 89' lang='lat' dir='ltr'><strong>Domine,</strong></span> 
     </span>
    </p>
   </div>
   <div class='ocr_carea' id='block_1_16' title="bbox 0 759 774 794">
    <p class='ocr_par' dir='ltr' id='par_1_16' title="bbox 0 759 774 794">
     <span class='ocr_line' id='line_1_16' title="bbox 0 759 774 794; baseline 0 -8"><span class='ocrx_word' id='word_1_104' title='bbox 0 759 169 786; x_wconf 78' lang='lat' dir='ltr'><strong>fortitudinem</strong></span> <span class='ocrx_word' id='word_1_105' title='bbox 185 763 273 791; x_wconf 86' lang='lat' dir='ltr'><strong>tuam,</strong></span> <span class='ocrx_word' id='word_1_106' title='bbox 288 763 315 786; x_wconf 90' lang='lat' dir='ltr'><strong>et</strong></span> <span class='ocrx_word' id='word_1_107' title='bbox 325 759 425 786; x_wconf 89' lang='lat' dir='ltr'><strong>blando</strong></span> <span class='ocrx_word' id='word_1_108' title='bbox 445 766 508 794; x_wconf 79' lang='lat' dir='ltr'><strong>erga</strong></span> <span class='ocrx_word' id='word_1_109' title='bbox 523 767 573 786; x_wconf 91' lang='lat' dir='ltr'><strong>nos</strong></span> <span class='ocrx_word' id='word_1_110' title='bbox 584 764 696 793; x_wconf 82' lang='lat' dir='ltr'><strong>aspectu</strong></span> <span class='ocrx_word' id='word_1_111' title='bbox 711 767 774 786; x_wconf 91' lang='lat' dir='ltr'><strong>mu-</strong></span> 
     </span>
    </p>
   </div>
   <div class='ocr_carea' id='block_1_17' title="bbox 0 804 772 840">
    <p class='ocr_par' dir='ltr' id='par_1_17' title="bbox 0 804 772 840">
     <span class='ocr_line' id='line_1_17' title="bbox 0 804 772 840; baseline 0 -9"><span class='ocrx_word' id='word_1_112' title='bbox 0 809 58 832; x_wconf 80' lang='lat' dir='ltr'><strong>tetur</strong></span> <span class='ocrx_word' id='word_1_113' title='bbox 71 805 222 840; x_wconf 77' lang='lat' dir='ltr'><strong>indignatio</strong></span> <span class='ocrx_word' id='word_1_114' title='bbox 235 810 293 836; x_wconf 87' lang='lat' dir='ltr'><strong>tua,</strong></span> <span class='ocrx_word' id='word_1_115' title='bbox 314 805 461 840; x_wconf 85' lang='lat' dir='ltr'><strong>vultusque</strong></span> <span class='ocrx_word' id='word_1_116' title='bbox 475 804 515 832; x_wconf 88' lang='lat' dir='ltr'><strong>tui</strong></span> <span class='ocrx_word' id='word_1_117' title='bbox 528 805 703 832; x_wconf 83' lang='lat' dir='ltr'><strong>serenitatem</strong></span> <span class='ocrx_word' id='word_1_118' title='bbox 723 805 772 832; x_wconf 88' lang='lat' dir='ltr'><strong>de-</strong></span> 
     </span>
    </p>
   </div>
   <div class='ocr_carea' id='block_1_18' title="bbox 0 850 770 885">
    <p class='ocr_par' dir='ltr' id='par_1_18' title="bbox 0 850 770 885">
     <span class='ocr_line' id='line_1_18' title="bbox 0 850 770 885; baseline 0.001 -9"><span class='ocrx_word' id='word_1_119' title='bbox 0 854 102 877; x_wconf 86' lang='lat' dir='ltr'><strong>monstra</strong></span> <span class='ocrx_word' id='word_1_120' title='bbox 126 850 219 883; x_wconf 88' lang='lat' dir='ltr'><strong>nobis,</strong></span> <span class='ocrx_word' id='word_1_121' title='bbox 242 853 274 877; x_wconf 89' lang='lat' dir='ltr'><strong>ut</strong></span> <span class='ocrx_word' id='word_1_122' title='bbox 297 850 416 878; x_wconf 88' lang='lat' dir='ltr'><strong>victores</strong></span> <span class='ocrx_word' id='word_1_123' title='bbox 438 850 465 877; x_wconf 95' lang='lat' dir='ltr'><strong>in</strong></span> <span class='ocrx_word' id='word_1_124' title='bbox 490 858 573 878; x_wconf 90' lang='lat' dir='ltr'><strong>causa</strong></span> <span class='ocrx_word' id='word_1_125' title='bbox 596 854 770 885; x_wconf 80' lang='lat' dir='ltr'><strong>peccatorum</strong></span> 
     </span>
    </p>
   </div>
   <div class='ocr_carea' id='block_1_19' title="bbox 0 897 770 932">
    <p class='ocr_par' dir='ltr' id='par_1_19' title="bbox 0 897 770 932">
     <span class='ocr_line' id='line_1_19' title="bbox 0 897 770 932; baseline 0.001 -9"><span class='ocrx_word' id='word_1_126' title='bbox 0 901 135 924; x_wconf 82' lang='lat' dir='ltr'><strong>nostrorum</strong></span> <span class='ocrx_word' id='word_1_127' title='bbox 147 904 245 924; x_wconf 91' lang='lat' dir='ltr'><strong>coram</strong></span> <span class='ocrx_word' id='word_1_128' title='bbox 262 897 326 924; x_wconf 90' lang='lat' dir='ltr'><strong>sede</strong></span> <span class='ocrx_word' id='word_1_129' title='bbox 340 897 493 931; x_wconf 87' lang='lat' dir='ltr'><strong>majestatis</strong></span> <span class='ocrx_word' id='word_1_130' title='bbox 507 901 560 924; x_wconf 75' lang='lat' dir='ltr'><strong>tuae</strong></span> <span class='ocrx_word' id='word_1_131' title='bbox 575 904 770 932; x_wconf 87' lang='lat' dir='ltr'><strong>appareamus:</strong></span> 
     </span>
    </p>
   </div>
   <div class='ocr_carea' id='block_1_20' title="bbox 1 942 770 978">
    <p class='ocr_par' dir='ltr' id='par_1_20' title="bbox 1 942 770 978">
     <span class='ocr_line' id='line_1_20' title="bbox 1 942 770 978; baseline 0.003 -10"><span class='ocrx_word' id='word_1_132' title='bbox 1 950 156 969; x_wconf 87' lang='lat' dir='ltr'><strong>numeremur</strong></span> <span class='ocrx_word' id='word_1_133' title='bbox 171 942 256 970; x_wconf 88' lang='lat' dir='ltr'><strong>etiam</strong></span> <span class='ocrx_word' id='word_1_134' title='bbox 276 942 348 970; x_wconf 90' lang='lat' dir='ltr'><strong>inter</strong></span> <span class='ocrx_word' id='word_1_135' title='bbox 363 947 475 970; x_wconf 90' lang='lat' dir='ltr'><strong>vocatos</strong></span> <span class='ocrx_word' id='word_1_136' title='bbox 490 943 523 970; x_wconf 88' lang='lat' dir='ltr'><strong>ad</strong></span> <span class='ocrx_word' id='word_1_137' title='bbox 544 951 657 978; x_wconf 77' lang='lat' dir='ltr'><strong>regnum</strong></span> <span class='ocrx_word' id='word_1_138' title='bbox 681 949 770 977; x_wconf 90' lang='lat' dir='ltr'><strong>tuum,</strong></span> 
     </span>
    </p>
   </div>
   <div class='ocr_carea' id='block_1_21' title="bbox 0 988 771 1023">
    <p class='ocr_par' dir='ltr' id='par_1_21' title="bbox 0 988 771 1023">
     <span class='ocr_line' id='line_1_21' title="bbox 0 988 771 1023; baseline 0.003 -9"><span class='ocrx_word' id='word_1_139' title='bbox 0 993 19 1014; x_wconf 78' lang='lat' dir='ltr'><strong>et</strong></span> <span class='ocrx_word' id='word_1_140' title='bbox 35 989 97 1015; x_wconf 90' lang='lat' dir='ltr'><strong>inter</strong></span> <span class='ocrx_word' id='word_1_141' title='bbox 108 988 239 1016; x_wconf 84' lang='lat' dir='ltr'><strong>invitatos</strong></span> <span class='ocrx_word' id='word_1_142' title='bbox 253 988 459 1016; x_wconf 89' lang='lat' dir='ltr'><strong>discumbentes</strong></span> <span class='ocrx_word' id='word_1_143' title='bbox 471 989 541 1023; x_wconf 88' lang='lat' dir='ltr'><strong>apud</strong></span> <span class='ocrx_word' id='word_1_144' title='bbox 553 993 579 1017; x_wconf 85' lang='lat' dir='ltr'><strong>te</strong></span> <span class='ocrx_word' id='word_1_145' title='bbox 590 989 771 1023; x_wconf 85' lang='lat' dir='ltr'><strong>collocemur,</strong></span> 
     </span>
    </p>
   </div>
   <div class='ocr_carea' id='block_1_22' title="bbox 0 1035 770 1071">
    <p class='ocr_par' dir='ltr' id='par_1_22' title="bbox 0 1035 770 1071">
     <span class='ocr_line' id='line_1_22' title="bbox 0 1035 770 1071; baseline 0.004 -10"><span class='ocrx_word' id='word_1_146' title='bbox 0 1039 20 1061; x_wconf 81' lang='lat' dir='ltr'><strong>et</strong></span> <span class='ocrx_word' id='word_1_147' title='bbox 31 1035 163 1068; x_wconf 82' lang='lat' dir='ltr'><strong>splendore</strong></span> <span class='ocrx_word' id='word_1_148' title='bbox 181 1036 254 1063; x_wconf 88' lang='lat' dir='ltr'><strong>lucis</strong></span> <span class='ocrx_word' id='word_1_149' title='bbox 277 1039 332 1063; x_wconf 85' lang='lat' dir='ltr'><strong>tuae</strong></span> <span class='ocrx_word' id='word_1_150' title='bbox 350 1035 458 1063; x_wconf 57' lang='lat' dir='ltr'><strong>eximiae</strong></span> <span class='ocrx_word' id='word_1_151' title='bbox 476 1044 539 1063; x_wconf 88' lang='lat' dir='ltr'><strong>cum</strong></span> <span class='ocrx_word' id='word_1_152' title='bbox 553 1037 692 1071; x_wconf 81' lang='lat' dir='ltr'><strong>voluptate</strong></span> <span class='ocrx_word' id='word_1_153' title='bbox 707 1044 770 1071; x_wconf 67' lang='lat' dir='ltr'><strong>per~</strong></span> 
     </span>
    </p>
   </div>
   <div class='ocr_carea' id='block_1_23' title="bbox 0 1080 771 1118">
    <p class='ocr_par' dir='ltr' id='par_1_23' title="bbox 0 1080 771 1118">
     <span class='ocr_line' id='line_1_23' title="bbox 0 1080 771 1118; baseline 0.005 -12"><span class='ocrx_word' id='word_1_154' title='bbox 0 1080 111 1108; x_wconf 81' lang='lat' dir='ltr'><strong>fruamur.</strong></span> <span class='ocrx_word' id='word_1_155' title='bbox 127 1081 279 1117; x_wconf 81' lang='lat' dir='ltr'><strong>Propterea</strong></span> <span class='ocrx_word' id='word_1_156' title='bbox 292 1081 412 1109; x_wconf 86' lang='lat' dir='ltr'><strong>Ecclesia</strong></span> <span class='ocrx_word' id='word_1_157' title='bbox 431 1086 477 1109; x_wconf 93' lang='lat' dir='ltr'><strong>tua</strong></span> <span class='ocrx_word' id='word_1_158' title='bbox 499 1088 568 1115; x_wconf 85' lang='lat' dir='ltr'><strong>orat,</strong></span> <span class='ocrx_word' id='word_1_159' title='bbox 585 1087 611 1110; x_wconf 91' lang='lat' dir='ltr'><strong>et</strong></span> <span class='ocrx_word' id='word_1_160' title='bbox 625 1090 689 1118; x_wconf 77' lang='lat' dir='ltr'><strong>grex</strong></span> <span class='ocrx_word' id='word_1_161' title='bbox 706 1087 771 1111; x_wconf 87' lang='lat' dir='ltr'><strong>tuus</strong></span> 
     </span>
    </p>
   </div>
   <div class='ocr_carea' id='block_1_24' title="bbox 0 1125 768 1162">
    <p class='ocr_par' dir='ltr' id='par_1_24' title="bbox 0 1125 768 1162">
     <span class='ocr_line' id='line_1_24' title="bbox 0 1125 768 1162; baseline 0.007 -12"><span class='ocrx_word' id='word_1_162' title='bbox 0 1125 149 1160; x_wconf 72' lang='lat' dir='ltr'><strong>deprecatur,</strong></span> <span class='ocrx_word' id='word_1_163' title='bbox 162 1132 189 1153; x_wconf 90' lang='lat' dir='ltr'><strong>et</strong></span> <span class='ocrx_word' id='word_1_164' title='bbox 203 1127 320 1155; x_wconf 84' lang='lat' dir='ltr'><strong>vocibus</strong></span> <span class='ocrx_word' id='word_1_165' title='bbox 332 1127 547 1161; x_wconf 89' lang='lat' dir='ltr'><strong>triumphalibus</strong></span> <span class='ocrx_word' id='word_1_166' title='bbox 564 1131 589 1154; x_wconf 90' lang='lat' dir='ltr'><strong>te</strong></span> <span class='ocrx_word' id='word_1_167' title='bbox 602 1127 768 1162; x_wconf 87' lang='lat' dir='ltr'><strong>interpellat,</strong></span> 
     </span>
    </p>
   </div>
   <div class='ocr_carea' id='block_1_25' title="bbox 1 1172 771 1209">
    <p class='ocr_par' dir='ltr' id='par_1_25' title="bbox 1 1172 771 1209">
     <span class='ocr_line' id='line_1_25' title="bbox 1 1172 771 1209; baseline 0.004 -12"><span class='ocrx_word' id='word_1_168' title='bbox 1 1172 265 1208; x_wconf 81' lang='lat' dir='ltr'><strong>misericordiamque,</strong></span> <span class='ocrx_word' id='word_1_169' title='bbox 292 1177 319 1200; x_wconf 91' lang='lat' dir='ltr'><strong>et</strong></span> <span class='ocrx_word' id='word_1_170' title='bbox 341 1173 515 1200; x_wconf 87' lang='lat' dir='ltr'><strong>clementiam</strong></span> <span class='ocrx_word' id='word_1_171' title='bbox 539 1181 555 1200; x_wconf 89' lang='lat' dir='ltr'><strong>a</strong></span> <span class='ocrx_word' id='word_1_172' title='bbox 571 1173 724 1209; x_wconf 78' lang='lat' dir='ltr'><strong>tellagitat,</strong></span> <span class='ocrx_word' id='word_1_173' title='bbox 743 1177 771 1201; x_wconf 89' lang='lat' dir='ltr'><strong>et</strong></span> 
     </span>
    </p>
   </div>
   <div class='ocr_carea' id='block_1_26' title="bbox 2 1219 260 1247">
    <p class='ocr_par' dir='ltr' id='par_1_26' title="bbox 2 1219 260 1247">
     <span class='ocr_line' id='line_1_26' title="bbox 2 1219 260 1247; baseline 0.012 -3"><span class='ocrx_word' id='word_1_174' title='bbox 2 1219 104 1246; x_wconf 85' lang='lat' dir='ltr'><strong>obsecrat</strong></span> <span class='ocrx_word' id='word_1_175' title='bbox 116 1225 141 1247; x_wconf 92' lang='lat' dir='ltr'><strong>te</strong></span> <span class='ocrx_word' id='word_1_176' title='bbox 152 1220 260 1247; x_wconf 82' lang='lat' dir='ltr'><strong>dicens.</strong></span> 
     </span>
    </p>
   </div>
   <div class='ocr_carea' id='block_1_27' title="bbox 27 1263 301 1298">
    <p class='ocr_par' dir='ltr' id='par_1_27' title="bbox 27 1263 301 1298">
     <span class='ocr_line' id='line_1_27' title="bbox 27 1263 301 1298; baseline 0.011 -9"><span class='ocrx_word' id='word_1_177' title='bbox 27 1263 140 1298; x_wconf 70' lang='lat' dir='ltr'><strong>Populus.</strong></span> <span class='ocrx_word' id='word_1_178' title='bbox 156 1265 301 1293; x_wconf 81' lang='lat' dir='ltr'><strong>Miserere.</strong></span> 
     </span>
    </p>
   </div>
   <div class='ocr_carea' id='block_1_28' title="bbox 27 1308 608 1343">
    <p class='ocr_par' dir='ltr' id='par_1_28' title="bbox 27 1308 608 1343">
     <span class='ocr_line' id='line_1_28' title="bbox 27 1308 608 1343; baseline 0.005 -8"><span class='ocrx_word' id='word_1_179' title='bbox 27 1308 154 1337; x_wconf 74' lang='lat' dir='ltr'><strong>Diacanus.</strong></span> <span class='ocrx_word' id='word_1_180' title='bbox 171 1310 261 1343; x_wconf 84' lang='lat' dir='ltr'><strong>Quam</strong></span> <span class='ocrx_word' id='word_1_181' title='bbox 275 1309 393 1337; x_wconf 89' lang='lat' dir='ltr'><strong>timenda</strong></span> <span class='ocrx_word' id='word_1_182' title='bbox 403 1313 445 1337; x_wconf 87' lang='lat' dir='ltr'><strong>est</strong></span> <span class='ocrx_word' id='word_1_183' title='bbox 456 1309 513 1337; x_wconf 70' lang='lat' dir='ltr'><strong>haec</strong></span> <span class='ocrx_word' id='word_1_184' title='bbox 532 1310 608 1338; x_wconf 91' lang='lat' dir='ltr'><strong>hora.</strong></span> 
     </span>
    </p>
   </div>
   <div class='ocr_carea' id='block_1_29' title="bbox 26 1353 350 1390">
    <p class='ocr_par' dir='ltr' id='par_1_29' title="bbox 26 1353 350 1390">
     <span class='ocr_line' id='line_1_29' title="bbox 26 1353 350 1390; baseline 0.009 -10"><span class='ocrx_word' id='word_1_185' title='bbox 26 1353 148 1382; x_wconf 77' lang='lat' dir='ltr'><strong>Sacerdos.</strong></span> <span class='ocrx_word' id='word_1_186' title='bbox 161 1355 218 1383; x_wconf 84' lang='lat' dir='ltr'><strong>Nos</strong></span> <span class='ocrx_word' id='word_1_187' title='bbox 228 1363 350 1390; x_wconf 89' lang='lat' dir='ltr'><strong>quoque.</strong></span> 
     </span>
    </p>
   </div>
   <div class='ocr_carea' id='block_1_30' title="bbox 25 1399 767 1430">
    <p class='ocr_par' dir='ltr' id='par_1_30' title="bbox 25 1399 767 1430">
     <span class='ocr_line' id='line_1_30' title="bbox 25 1399 767 1430; baseline 0.004 -3"><span class='ocrx_word' id='word_1_188' title='bbox 25 1399 137 1428; x_wconf 76' lang='lat' dir='ltr'><strong>Sacerdos</strong></span> <span class='ocrx_word' id='word_1_189' title='bbox 161 1402 311 1429; x_wconf 78' lang='lat' dir='ltr'><strong>inclinatus</strong></span> <span class='ocrx_word' id='word_1_190' title='bbox 331 1402 398 1429; x_wconf 74' lang='lat' dir='ltr'><strong>dicit</strong></span> <span class='ocrx_word' id='word_1_191' title='bbox 418 1403 567 1430; x_wconf 78' lang='lat' dir='ltr'><strong>orationem</strong></span> <span class='ocrx_word' id='word_1_192' title='bbox 588 1402 767 1430; x_wconf 78' lang='lat' dir='ltr'><strong>Invocaliottis</strong></span> 
     </span>
    </p>
   </div>
   <div class='ocr_carea' id='block_1_31' title="bbox 1 1443 205 1479">
    <p class='ocr_par' dir='ltr' id='par_1_31' title="bbox 1 1443 205 1479">
     <span class='ocr_line' id='line_1_31' title="bbox 1 1443 205 1479; baseline 0.015 -8"><span class='ocrx_word' id='word_1_193' title='bbox 1 1443 97 1479; x_wconf 72' lang='lat' dir='ltr'><strong>Spiritu:</strong></span> <span class='ocrx_word' id='word_1_194' title='bbox 111 1448 205 1474; x_wconf 74' lang='lat' dir='ltr'><strong>sancti.</strong></span> 
     </span>
    </p>
   </div>
   <div class='ocr_carea' id='block_1_32' title="bbox 829 206 1616 243">
    <p class='ocr_par' dir='ltr' id='par_1_32' title="bbox 829 206 1616 243">
     <span class='ocr_line' id='line_1_32' title="bbox 829 206 1616 243; baseline -0.003 -7"><span class='ocrx_word' id='word_1_195' title='bbox 829 209 917 236; x_wconf 87' lang='lat' dir='ltr'><strong>nostri</strong></span> <span class='ocrx_word' id='word_1_196' title='bbox 932 207 998 236; x_wconf 82' lang='lat' dir='ltr'><strong>Jesu</strong></span> <span class='ocrx_word' id='word_1_197' title='bbox 1016 208 1130 241; x_wconf 81' lang='lat' dir='ltr'><strong>Christi,</strong></span> <span class='ocrx_word' id='word_1_198' title='bbox 1142 208 1176 235; x_wconf 89' lang='lat' dir='ltr'><strong>ad</strong></span> <span class='ocrx_word' id='word_1_199' title='bbox 1199 207 1421 243; x_wconf 78' lang='lat' dir='ltr'><strong>propitiationcm</strong></span> <span class='ocrx_word' id='word_1_200' title='bbox 1440 206 1616 241; x_wconf 83' lang='lat' dir='ltr'><strong>delictorum,</strong></span> 
     </span>
    </p>
   </div>
   <div class='ocr_carea' id='block_1_33' title="bbox 829 252 1618 289">
    <p class='ocr_par' dir='ltr' id='par_1_33' title="bbox 829 252 1618 289">
     <span class='ocr_line' id='line_1_33' title="bbox 829 252 1618 289; baseline -0.004 -8"><span class='ocrx_word' id='word_1_201' title='bbox 829 254 1021 282; x_wconf 87' lang='lat' dir='ltr'><strong>remissionem</strong></span> <span class='ocrx_word' id='word_1_202' title='bbox 1033 258 1220 289; x_wconf 83' lang='lat' dir='ltr'><strong>peccatorum,</strong></span> <span class='ocrx_word' id='word_1_203' title='bbox 1238 257 1265 280; x_wconf 92' lang='lat' dir='ltr'><strong>et</strong></span> <span class='ocrx_word' id='word_1_204' title='bbox 1284 253 1368 279; x_wconf 87' lang='lat' dir='ltr'><strong>vitam</strong></span> <span class='ocrx_word' id='word_1_205' title='bbox 1385 255 1514 279; x_wconf 58' lang='lat' dir='ltr'><strong>alternam</strong></span> <span class='ocrx_word' id='word_1_206' title='bbox 1527 252 1618 279; x_wconf 92' lang='lat' dir='ltr'><strong>susci-</strong></span> 
     </span>
    </p>
   </div>
   <div class='ocr_carea' id='block_1_34' title="bbox 828 299 971 334">
    <p class='ocr_par' dir='ltr' id='par_1_34' title="bbox 828 299 971 334">
     <span class='ocr_line' id='line_1_34' title="bbox 828 299 971 334; baseline -0.007 -7"><span class='ocrx_word' id='word_1_207' title='bbox 828 299 971 334; x_wconf 89' lang='lat' dir='ltr'><strong>pientium.</strong></span> 
     </span>
    </p>
   </div>
   <div class='ocr_carea' id='block_1_35' title="bbox 863 345 1105 379">
    <p class='ocr_par' dir='ltr' id='par_1_35' title="bbox 863 345 1105 379">
     <span class='ocr_line' id='line_1_35' title="bbox 863 345 1105 379; baseline 0 -7"><span class='ocrx_word' id='word_1_208' title='bbox 863 345 993 379; x_wconf 83' lang='lat' dir='ltr'><strong>Populus.</strong></span> <span class='ocrx_word' id='word_1_209' title='bbox 1007 345 1105 372; x_wconf 81' lang='lat' dir='ltr'><strong>Amen.</strong></span> 
     </span>
    </p>
   </div>
   <div class='ocr_carea' id='block_1_36' title="bbox 863 389 1617 425">
    <p class='ocr_par' dir='ltr' id='par_1_36' title="bbox 863 389 1617 425">
     <span class='ocr_line' id='line_1_36' title="bbox 863 389 1617 425; baseline -0.001 -6"><span class='ocrx_word' id='word_1_210' title='bbox 863 391 992 419; x_wconf 76' lang='lat' dir='ltr'><strong>Sacerdos</strong></span> <span class='ocrx_word' id='word_1_211' title='bbox 1008 392 1111 419; x_wconf 76' lang='lat' dir='ltr'><strong>elevans</strong></span> <span class='ocrx_word' id='word_1_212' title='bbox 1123 399 1221 418; x_wconf 81' lang='lat' dir='ltr'><strong>uocem.</strong></span> <span class='ocrx_word' id='word_1_213' title='bbox 1235 390 1367 418; x_wconf 90' lang='lat' dir='ltr'><strong>Similiter</strong></span> <span class='ocrx_word' id='word_1_214' title='bbox 1378 394 1405 418; x_wconf 87' lang='lat' dir='ltr'><strong>et</strong></span> <span class='ocrx_word' id='word_1_215' title='bbox 1421 389 1531 417; x_wconf 88' lang='lat' dir='ltr'><strong>mistum</strong></span> <span class='ocrx_word' id='word_1_216' title='bbox 1544 391 1617 425; x_wconf 89' lang='lat' dir='ltr'><strong>quod</strong></span> 
     </span>
    </p>
   </div>
   <div class='ocr_carea' id='block_1_37' title="bbox 828 435 1616 472">
    <p class='ocr_par' dir='ltr' id='par_1_37' title="bbox 828 435 1616 472">
     <span class='ocr_line' id='line_1_37' title="bbox 828 435 1616 472; baseline -0.003 -9"><span class='ocrx_word' id='word_1_217' title='bbox 828 436 855 463; x_wconf 92' lang='lat' dir='ltr'><strong>in</strong></span> <span class='ocrx_word' id='word_1_218' title='bbox 872 436 924 464; x_wconf 90' lang='lat' dir='ltr'><strong>hoc</strong></span> <span class='ocrx_word' id='word_1_219' title='bbox 938 437 1023 464; x_wconf 84' lang='lat' dir='ltr'><strong>calice</strong></span> <span class='ocrx_word' id='word_1_220' title='bbox 1040 443 1091 470; x_wconf 86' lang='lat' dir='ltr'><strong>est,</strong></span> <span class='ocrx_word' id='word_1_221' title='bbox 1104 437 1201 464; x_wconf 78' lang='lat' dir='ltr'><strong>cﬂiciat</strong></span> <span class='ocrx_word' id='word_1_222' title='bbox 1212 436 1233 472; x_wconf 75' lang='grc' dir='ltr'><strong>-ι-</strong></span> <span class='ocrx_word' id='word_1_223' title='bbox 1253 436 1412 471; x_wconf 78' lang='lat' dir='ltr'><strong>sanguinem</strong></span> <span class='ocrx_word' id='word_1_224' title='bbox 1427 435 1616 470; x_wconf 83' lang='lat' dir='ltr'><strong>puriﬁcantem</strong></span> 
     </span>
    </p>
   </div>
   <div class='ocr_carea' id='block_1_38' title="bbox 826 481 1618 517">
    <p class='ocr_par' dir='ltr' id='par_1_38' title="bbox 826 481 1618 517">
     <span class='ocr_line' id='line_1_38' title="bbox 826 481 1618 517; baseline -0.001 -8"><span class='ocrx_word' id='word_1_225' title='bbox 826 485 853 509; x_wconf 83' lang='lat' dir='ltr'><strong>et</strong></span> <span class='ocrx_word' id='word_1_226' title='bbox 866 483 1093 515; x_wconf 81' lang='lat' dir='ltr'><strong>sanctilicantetn,</strong></span> <span class='ocrx_word' id='word_1_227' title='bbox 1104 482 1124 517; x_wconf 69' lang='lat'><strong>1-</strong></span> <span class='ocrx_word' id='word_1_228' title='bbox 1137 483 1298 517; x_wconf 77' lang='lat' dir='ltr'><strong>sanguinem</strong></span> <span class='ocrx_word' id='word_1_229' title='bbox 1322 481 1461 508; x_wconf 88' lang='lat' dir='ltr'><strong>vivilicum</strong></span> <span class='ocrx_word' id='word_1_230' title='bbox 1475 487 1501 509; x_wconf 90' lang='lat' dir='ltr'><strong>et</strong></span> <span class='ocrx_word' id='word_1_231' title='bbox 1513 481 1618 509; x_wconf 90' lang='lat' dir='ltr'><strong>saluta-</strong></span> 
     </span>
    </p>
   </div>
   <div class='ocr_carea' id='block_1_39' title="bbox 826 529 1615 565">
    <p class='ocr_par' dir='ltr' id='par_1_39' title="bbox 826 529 1615 565">
     <span class='ocr_line' id='line_1_39' title="bbox 826 529 1615 565; baseline -0.003 -9"><span class='ocrx_word' id='word_1_232' title='bbox 826 537 895 562; x_wconf 86' lang='lat' dir='ltr'><strong>rem,</strong></span> <span class='ocrx_word' id='word_1_233' title='bbox 915 529 940 564; x_wconf 72' lang='grc' dir='ltr'><em>Ἠ</em></span> <span class='ocrx_word' id='word_1_234' title='bbox 955 530 1117 565; x_wconf 80' lang='lat' dir='ltr'><strong>sanguinem</strong></span> <span class='ocrx_word' id='word_1_235' title='bbox 1142 530 1293 557; x_wconf 85' lang='lat' dir='ltr'><strong>salvantem</strong></span> <span class='ocrx_word' id='word_1_236' title='bbox 1321 529 1429 556; x_wconf 90' lang='lat' dir='ltr'><strong>animas</strong></span> <span class='ocrx_word' id='word_1_237' title='bbox 1449 533 1475 554; x_wconf 92' lang='lat' dir='ltr'><strong>et</strong></span> <span class='ocrx_word' id='word_1_238' title='bbox 1499 535 1615 562; x_wconf 89' lang='lat' dir='ltr'><strong>corpora</strong></span> 
     </span>
    </p>
   </div>
   <div class='ocr_carea' id='block_1_40' title="bbox 826 574 1616 610">
    <p class='ocr_par' dir='ltr' id='par_1_40' title="bbox 826 574 1616 610">
     <span class='ocr_line' id='line_1_40' title="bbox 826 574 1616 610; baseline -0.001 -7"><span class='ocrx_word' id='word_1_239' title='bbox 826 581 932 608; x_wconf 89' lang='lat' dir='ltr'><strong>nostra,</strong></span> <span class='ocrx_word' id='word_1_240' title='bbox 951 576 1112 610; x_wconf 71' lang='lat' dir='ltr'><strong>sanguinem</strong></span> <span class='ocrx_word' id='word_1_241' title='bbox 1128 576 1215 610; x_wconf 87' lang='lat' dir='ltr'><strong>ipsius</strong></span> <span class='ocrx_word' id='word_1_242' title='bbox 1235 575 1282 602; x_wconf 86' lang='lat' dir='ltr'><strong>Dei</strong></span> <span class='ocrx_word' id='word_1_243' title='bbox 1308 575 1399 610; x_wconf 82' lang='lat' dir='ltr'><strong>magni</strong></span> <span class='ocrx_word' id='word_1_244' title='bbox 1421 580 1448 602; x_wconf 89' lang='lat' dir='ltr'><strong>et</strong></span> <span class='ocrx_word' id='word_1_245' title='bbox 1466 574 1616 602; x_wconf 84' lang='lat' dir='ltr'><strong>Salvatoris</strong></span> 
     </span>
    </p>
   </div>
   <div class='ocr_carea' id='block_1_41' title="bbox 825 621 1615 657">
    <p class='ocr_par' dir='ltr' id='par_1_41' title="bbox 825 621 1615 657">
     <span class='ocr_line' id='line_1_41' title="bbox 825 621 1615 657; baseline -0.003 -8"><span class='ocrx_word' id='word_1_246' title='bbox 825 622 912 650; x_wconf 88' lang='lat' dir='ltr'><strong>nostri</strong></span> <span class='ocrx_word' id='word_1_247' title='bbox 933 622 999 650; x_wconf 86' lang='lat' dir='ltr'><strong>Jesu</strong></span> <span class='ocrx_word' id='word_1_248' title='bbox 1022 622 1136 655; x_wconf 87' lang='lat' dir='ltr'><strong>Christi,</strong></span> <span class='ocrx_word' id='word_1_249' title='bbox 1150 623 1183 649; x_wconf 89' lang='lat' dir='ltr'><strong>ad</strong></span> <span class='ocrx_word' id='word_1_250' title='bbox 1198 621 1420 657; x_wconf 89' lang='lat' dir='ltr'><strong>propitiationcm</strong></span> <span class='ocrx_word' id='word_1_251' title='bbox 1440 621 1615 654; x_wconf 87' lang='lat' dir='ltr'><strong>delictorum,</strong></span> 
     </span>
    </p>
   </div>
   <div class='ocr_carea' id='block_1_42' title="bbox 825 667 1614 703">
    <p class='ocr_par' dir='ltr' id='par_1_42' title="bbox 825 667 1614 703">
     <span class='ocr_line' id='line_1_42' title="bbox 825 667 1614 703; baseline -0.001 -8"><span class='ocrx_word' id='word_1_252' title='bbox 825 668 1013 695; x_wconf 82' lang='lat' dir='ltr'><strong>remissionem</strong></span> <span class='ocrx_word' id='word_1_253' title='bbox 1036 673 1221 703; x_wconf 89' lang='lat' dir='ltr'><strong>peccatorum,</strong></span> <span class='ocrx_word' id='word_1_254' title='bbox 1236 672 1264 695; x_wconf 87' lang='lat' dir='ltr'><strong>et</strong></span> <span class='ocrx_word' id='word_1_255' title='bbox 1279 668 1363 694; x_wconf 86' lang='lat' dir='ltr'><strong>vitam</strong></span> <span class='ocrx_word' id='word_1_256' title='bbox 1383 672 1513 695; x_wconf 63' lang='lat' dir='ltr'><strong>wternam</strong></span> <span class='ocrx_word' id='word_1_257' title='bbox 1537 667 1614 694; x_wconf 90' lang='lat' dir='ltr'><strong>illum</strong></span> 
     </span>
    </p>
   </div>
   <div class='ocr_carea' id='block_1_43' title="bbox 825 715 1047 750">
    <p class='ocr_par' dir='ltr' id='par_1_43' title="bbox 825 715 1047 750">
     <span class='ocr_line' id='line_1_43' title="bbox 825 715 1047 750; baseline 0 -8"><span class='ocrx_word' id='word_1_258' title='bbox 825 715 1047 750; x_wconf 87' lang='lat' dir='ltr'><strong>suscipientium.</strong></span> 
     </span>
    </p>
   </div>
   <div class='ocr_carea' id='block_1_44' title="bbox 859 761 1103 796">
    <p class='ocr_par' dir='ltr' id='par_1_44' title="bbox 859 761 1103 796">
     <span class='ocr_line' id='line_1_44' title="bbox 859 761 1103 796; baseline 0 -8"><span class='ocrx_word' id='word_1_259' title='bbox 859 761 991 796; x_wconf 76' lang='grc' dir='ltr'><strong>Ρσριιιιω.</strong></span> <span class='ocrx_word' id='word_1_260' title='bbox 1004 761 1103 788; x_wconf 83' lang='lat' dir='ltr'><strong>Amen.</strong></span> 
     </span>
    </p>
   </div>
   <div class='ocr_carea' id='block_1_45' title="bbox 859 805 1612 841">
    <p class='ocr_par' dir='ltr' id='par_1_45' title="bbox 859 805 1612 841">
     <span class='ocr_line' id='line_1_45' title="bbox 859 805 1612 841; baseline 0 -8"><span class='ocrx_word' id='word_1_261' title='bbox 859 806 990 834; x_wconf 73' lang='lat' dir='ltr'><strong>Sacerdos</strong></span> <span class='ocrx_word' id='word_1_262' title='bbox 1015 806 1119 834; x_wconf 76' lang='lat' dir='ltr'><strong>elevans</strong></span> <span class='ocrx_word' id='word_1_263' title='bbox 1144 815 1242 834; x_wconf 83' lang='lat' dir='ltr'><strong>uocem.</strong></span> <span class='ocrx_word' id='word_1_264' title='bbox 1268 805 1303 834; x_wconf 91' lang='lat' dir='ltr'><strong>Ut</strong></span> <span class='ocrx_word' id='word_1_265' title='bbox 1325 814 1372 841; x_wconf 89' lang='lat' dir='ltr'><strong>per</strong></span> <span class='ocrx_word' id='word_1_266' title='bbox 1390 806 1612 834; x_wconf 89' lang='lat' dir='ltr'><strong>communionem</strong></span> 
     </span>
    </p>
   </div>
   <div class='ocr_carea' id='block_1_46' title="bbox 824 851 1615 885">
    <p class='ocr_par' dir='ltr' id='par_1_46' title="bbox 824 851 1615 885">
     <span class='ocr_line' id='line_1_46' title="bbox 824 851 1615 885; baseline -0.001 -5"><span class='ocrx_word' id='word_1_267' title='bbox 824 853 922 881; x_wconf 91' lang='lat' dir='ltr'><strong>horum</strong></span> <span class='ocrx_word' id='word_1_268' title='bbox 946 857 1183 880; x_wconf 85' lang='lat' dir='ltr'><strong>sacramentorum</strong></span> <span class='ocrx_word' id='word_1_269' title='bbox 1214 852 1421 885; x_wconf 82' lang='lat' dir='ltr'><strong>viviﬁcantium,</strong></span> <span class='ocrx_word' id='word_1_270' title='bbox 1443 852 1476 879; x_wconf 91' lang='lat' dir='ltr'><strong>ad</strong></span> <span class='ocrx_word' id='word_1_271' title='bbox 1500 851 1615 879; x_wconf 85' lang='lat' dir='ltr'><strong>delicias</strong></span> 
     </span>
    </p>
   </div>
   <div class='ocr_carea' id='block_1_47' title="bbox 823 898 1614 933">
    <p class='ocr_par' dir='ltr' id='par_1_47' title="bbox 823 898 1614 933">
     <span class='ocr_line' id='line_1_47' title="bbox 823 898 1614 933; baseline -0.003 -7"><span class='ocrx_word' id='word_1_272' title='bbox 823 899 886 926; x_wconf 79' lang='lat' dir='ltr'><strong>vitae</strong></span> <span class='ocrx_word' id='word_1_273' title='bbox 899 899 1018 926; x_wconf 69' lang='lat' dir='ltr'><strong>cmlcstis</strong></span> <span class='ocrx_word' id='word_1_274' title='bbox 1029 898 1131 925; x_wconf 89' lang='lat' dir='ltr'><strong>aditum</strong></span> <span class='ocrx_word' id='word_1_275' title='bbox 1148 898 1309 931; x_wconf 83' lang='lat' dir='ltr'><strong>habeamus,</strong></span> <span class='ocrx_word' id='word_1_276' title='bbox 1324 906 1533 933; x_wconf 88' lang='lat' dir='ltr'><strong>mereamurque</strong></span> <span class='ocrx_word' id='word_1_277' title='bbox 1549 905 1614 925; x_wconf 86' lang='lat' dir='ltr'><strong>eva-</strong></span> 
     </span>
    </p>
   </div>
   <div class='ocr_carea' id='block_1_48' title="bbox 823 943 1613 978">
    <p class='ocr_par' dir='ltr' id='par_1_48' title="bbox 823 943 1613 978">
     <span class='ocr_line' id='line_1_48' title="bbox 823 943 1613 978; baseline -0.001 -7"><span class='ocrx_word' id='word_1_278' title='bbox 823 944 888 971; x_wconf 90' lang='lat' dir='ltr'><strong>dere</strong></span> <span class='ocrx_word' id='word_1_279' title='bbox 899 949 1016 971; x_wconf 90' lang='lat' dir='ltr'><strong>mortcm</strong></span> <span class='ocrx_word' id='word_1_280' title='bbox 1034 944 1205 971; x_wconf 85' lang='lat' dir='ltr'><strong>secundam:</strong></span> <span class='ocrx_word' id='word_1_281' title='bbox 1222 952 1310 978; x_wconf 82' lang='lat' dir='ltr'><strong>neque</strong></span> <span class='ocrx_word' id='word_1_282' title='bbox 1322 948 1454 978; x_wconf 85' lang='lat' dir='ltr'><strong>tanquam</strong></span> <span class='ocrx_word' id='word_1_283' title='bbox 1468 944 1506 971; x_wconf 93' lang='lat' dir='ltr'><strong>rei</strong></span> <span class='ocrx_word' id='word_1_284' title='bbox 1522 943 1555 970; x_wconf 91' lang='lat' dir='ltr'><strong>ad</strong></span> <span class='ocrx_word' id='word_1_285' title='bbox 1567 943 1613 978; x_wconf 90' lang='lat' dir='ltr'><strong>ju-</strong></span> 
     </span>
    </p>
   </div>
   <div class='ocr_carea' id='block_1_49' title="bbox 823 989 1611 1025">
    <p class='ocr_par' dir='ltr' id='par_1_49' title="bbox 823 989 1611 1025">
     <span class='ocr_line' id='line_1_49' title="bbox 823 989 1611 1025; baseline -0.001 -8"><span class='ocrx_word' id='word_1_286' title='bbox 823 989 924 1017; x_wconf 86' lang='lat' dir='ltr'><strong>dioium</strong></span> <span class='ocrx_word' id='word_1_287' title='bbox 939 990 1112 1017; x_wconf 86' lang='lat' dir='ltr'><strong>subeundum</strong></span> <span class='ocrx_word' id='word_1_288' title='bbox 1130 997 1316 1025; x_wconf 56' lang='lat' dir='ltr'><strong>praeparentur</strong></span> <span class='ocrx_word' id='word_1_289' title='bbox 1330 997 1424 1017; x_wconf 85' lang='lat' dir='ltr'><strong>coram</strong></span> <span class='ocrx_word' id='word_1_290' title='bbox 1439 990 1539 1017; x_wconf 88' lang='lat' dir='ltr'><strong>throno</strong></span> <span class='ocrx_word' id='word_1_291' title='bbox 1551 989 1611 1024; x_wconf 82' lang='lat' dir='ltr'><strong>glo-</strong></span> 
     </span>
    </p>
   </div>
   <div class='ocr_carea' id='block_1_50' title="bbox 822 1035 1613 1072">
    <p class='ocr_par' dir='ltr' id='par_1_50' title="bbox 822 1035 1613 1072">
     <span class='ocr_line' id='line_1_50' title="bbox 822 1035 1613 1072; baseline 0.003 -10"><span class='ocrx_word' id='word_1_292' title='bbox 822 1035 871 1063; x_wconf 76' lang='lat' dir='ltr'><strong>riae</strong></span> <span class='ocrx_word' id='word_1_293' title='bbox 887 1041 960 1064; x_wconf 75' lang='lat' dir='ltr'><strong>tuae:</strong></span> <span class='ocrx_word' id='word_1_294' title='bbox 977 1041 1003 1064; x_wconf 90' lang='lat' dir='ltr'><strong>et</strong></span> <span class='ocrx_word' id='word_1_295' title='bbox 1019 1036 1214 1069; x_wconf 83' lang='lat' dir='ltr'><strong>beatitudinem</strong></span> <span class='ocrx_word' id='word_1_296' title='bbox 1226 1037 1299 1064; x_wconf 86' lang='lat' dir='ltr'><strong>illam</strong></span> <span class='ocrx_word' id='word_1_297' title='bbox 1321 1037 1356 1064; x_wconf 84' lang='lat' dir='ltr'><strong>ab</strong></span> <span class='ocrx_word' id='word_1_298' title='bbox 1377 1037 1481 1072; x_wconf 75' lang='lat' dir='ltr'><strong>angelis</strong></span> <span class='ocrx_word' id='word_1_299' title='bbox 1503 1045 1613 1064; x_wconf 84' lang='lat' dir='ltr'><strong>annun-</strong></span> 
     </span>
    </p>
   </div>
   <div class='ocr_carea' id='block_1_51' title="bbox 823 1083 1609 1118">
    <p class='ocr_par' dir='ltr' id='par_1_51' title="bbox 823 1083 1609 1118">
     <span class='ocr_line' id='line_1_51' title="bbox 823 1083 1609 1118; baseline 0.001 -9"><span class='ocrx_word' id='word_1_300' title='bbox 823 1083 918 1109; x_wconf 90' lang='lat' dir='ltr'><strong>tiatam</strong></span> <span class='ocrx_word' id='word_1_301' title='bbox 948 1084 1119 1117; x_wconf 86' lang='lat' dir='ltr'><strong>pastoribus,</strong></span> <span class='ocrx_word' id='word_1_302' title='bbox 1137 1083 1307 1118; x_wconf 90' lang='lat' dir='ltr'><strong>spiritualem</strong></span> <span class='ocrx_word' id='word_1_303' title='bbox 1335 1083 1456 1116; x_wconf 87' lang='lat' dir='ltr'><strong>scilicet,</strong></span> <span class='ocrx_word' id='word_1_304' title='bbox 1484 1083 1512 1110; x_wconf 93' lang='lat' dir='ltr'><strong>in</strong></span> <span class='ocrx_word' id='word_1_305' title='bbox 1538 1087 1609 1110; x_wconf 90' lang='lat' dir='ltr'><strong>terra</strong></span> 
     </span>
    </p>
   </div>
   <div class='ocr_carea' id='block_1_52' title="bbox 822 1128 1611 1164">
    <p class='ocr_par' dir='ltr' id='par_1_52' title="bbox 822 1128 1611 1164">
     <span class='ocr_line' id='line_1_52' title="bbox 822 1128 1611 1164; baseline 0.001 -9"><span class='ocrx_word' id='word_1_306' title='bbox 822 1129 926 1155; x_wconf 73' lang='lat' dir='ltr'><strong>cmlesti</strong></span> <span class='ocrx_word' id='word_1_307' title='bbox 945 1128 1140 1163; x_wconf 86' lang='lat' dir='ltr'><strong>suscipiamus,</strong></span> <span class='ocrx_word' id='word_1_308' title='bbox 1152 1137 1183 1156; x_wconf 88' lang='lat' dir='ltr'><strong>ea</strong></span> <span class='ocrx_word' id='word_1_309' title='bbox 1196 1129 1223 1156; x_wconf 93' lang='lat' dir='ltr'><strong>in</strong></span> <span class='ocrx_word' id='word_1_310' title='bbox 1240 1129 1351 1164; x_wconf 79' lang='lat' dir='ltr'><strong>regione</strong></span> <span class='ocrx_word' id='word_1_311' title='bbox 1366 1129 1411 1156; x_wconf 92' lang='lat' dir='ltr'><strong>ubi</strong></span> <span class='ocrx_word' id='word_1_312' title='bbox 1435 1130 1611 1156; x_wconf 86' lang='lat' dir='ltr'><strong>tabernacula</strong></span> 
     </span>
    </p>
   </div>
   <div class='ocr_carea' id='block_1_53' title="bbox 822 1173 1609 1210">
    <p class='ocr_par' dir='ltr' id='par_1_53' title="bbox 822 1173 1609 1210">
     <span class='ocr_line' id='line_1_53' title="bbox 822 1173 1609 1210; baseline 0.001 -10"><span class='ocrx_word' id='word_1_313' title='bbox 822 1173 892 1201; x_wconf 87' lang='lat' dir='ltr'><strong>lucis</strong></span> <span class='ocrx_word' id='word_1_314' title='bbox 912 1175 965 1201; x_wconf 82' lang='lat' dir='ltr'><strong>lixa</strong></span> <span class='ocrx_word' id='word_1_315' title='bbox 986 1179 1072 1202; x_wconf 85' lang='lat' dir='ltr'><strong>sunt:</strong></span> <span class='ocrx_word' id='word_1_316' title='bbox 1093 1175 1119 1202; x_wconf 94' lang='lat' dir='ltr'><strong>in</strong></span> <span class='ocrx_word' id='word_1_317' title='bbox 1134 1175 1216 1202; x_wconf 92' lang='lat' dir='ltr'><strong>domo</strong></span> <span class='ocrx_word' id='word_1_318' title='bbox 1231 1175 1345 1210; x_wconf 88' lang='lat' dir='ltr'><strong>nuptiali</strong></span> <span class='ocrx_word' id='word_1_319' title='bbox 1367 1180 1517 1208; x_wconf 82' lang='lat' dir='ltr'><strong>exornata,</strong></span> <span class='ocrx_word' id='word_1_320' title='bbox 1537 1180 1565 1202; x_wconf 88' lang='lat' dir='ltr'><strong>et</strong></span> <span class='ocrx_word' id='word_1_321' title='bbox 1582 1176 1609 1202; x_wconf 87' lang='lat' dir='ltr'><strong>in</strong></span> 
     </span>
    </p>
   </div>
   <div class='ocr_carea' id='block_1_54' title="bbox 821 1221 1610 1258">
    <p class='ocr_par' dir='ltr' id='par_1_54' title="bbox 821 1221 1610 1258">
     <span class='ocr_line' id='line_1_54' title="bbox 821 1221 1610 1258; baseline 0.001 -10"><span class='ocrx_word' id='word_1_322' title='bbox 821 1221 947 1248; x_wconf 88' lang='lat' dir='ltr'><strong>convivio</strong></span> <span class='ocrx_word' id='word_1_323' title='bbox 968 1222 1030 1248; x_wconf 78' lang='lat' dir='ltr'><strong>vita:</strong></span> <span class='ocrx_word' id='word_1_324' title='bbox 1045 1221 1208 1256; x_wconf 83' lang='lat' dir='ltr'><strong>spiritualis,</strong></span> <span class='ocrx_word' id='word_1_325' title='bbox 1231 1230 1293 1249; x_wconf 86' lang='lat' dir='ltr'><strong>cum</strong></span> <span class='ocrx_word' id='word_1_326' title='bbox 1316 1223 1371 1249; x_wconf 90' lang='lat' dir='ltr'><strong>illis</strong></span> <span class='ocrx_word' id='word_1_327' title='bbox 1385 1222 1545 1256; x_wconf 79' lang='lat' dir='ltr'><strong>victoribus,</strong></span> <span class='ocrx_word' id='word_1_328' title='bbox 1561 1222 1610 1258; x_wconf 86' lang='lat' dir='ltr'><strong>qui</strong></span> 
     </span>
    </p>
   </div>
   <div class='ocr_carea' id='block_1_55' title="bbox 820 1265 1611 1302">
    <p class='ocr_par' dir='ltr' id='par_1_55' title="bbox 820 1265 1611 1302">
     <span class='ocr_line' id='line_1_55' title="bbox 820 1265 1611 1302; baseline 0.003 -9"><span class='ocrx_word' id='word_1_329' title='bbox 820 1265 920 1293; x_wconf 81' lang='lat' dir='ltr'><strong>festum</strong></span> <span class='ocrx_word' id='word_1_330' title='bbox 942 1267 996 1294; x_wconf 91' lang='lat' dir='ltr'><strong>illic</strong></span> <span class='ocrx_word' id='word_1_331' title='bbox 1020 1271 1163 1302; x_wconf 74' lang='lat' dir='ltr'><strong>peragunt,</strong></span> <span class='ocrx_word' id='word_1_332' title='bbox 1187 1267 1302 1296; x_wconf 85' lang='lat' dir='ltr'><strong>feliciter</strong></span> <span class='ocrx_word' id='word_1_333' title='bbox 1326 1268 1497 1296; x_wconf 88' lang='lat' dir='ltr'><strong>celebremus</strong></span> <span class='ocrx_word' id='word_1_334' title='bbox 1521 1273 1558 1300; x_wconf 86' lang='lat' dir='ltr'><strong>te,</strong></span> <span class='ocrx_word' id='word_1_335' title='bbox 1583 1273 1611 1296; x_wconf 86' lang='lat' dir='ltr'><strong>et</strong></span> 
     </span>
    </p>
   </div>
   <div class='ocr_carea' id='block_1_56' title="bbox 820 1312 1611 1349">
    <p class='ocr_par' dir='ltr' id='par_1_56' title="bbox 820 1312 1611 1349">
     <span class='ocr_line' id='line_1_56' title="bbox 820 1312 1611 1349; baseline 0.004 -10"><span class='ocrx_word' id='word_1_336' title='bbox 820 1312 892 1340; x_wconf 85' lang='lat' dir='ltr'><strong>inter</strong></span> <span class='ocrx_word' id='word_1_337' title='bbox 905 1313 1015 1348; x_wconf 81' lang='lat' dir='ltr'><strong>agmina</strong></span> <span class='ocrx_word' id='word_1_338' title='bbox 1032 1321 1140 1347; x_wconf 86' lang='lat' dir='ltr'><strong>eorum,</strong></span> <span class='ocrx_word' id='word_1_339' title='bbox 1157 1321 1289 1342; x_wconf 85' lang='lat' dir='ltr'><strong>canamus</strong></span> <span class='ocrx_word' id='word_1_340' title='bbox 1311 1314 1358 1342; x_wconf 91' lang='lat' dir='ltr'><strong>tibi</strong></span> <span class='ocrx_word' id='word_1_341' title='bbox 1377 1314 1492 1349; x_wconf 82' lang='lat' dir='ltr'><strong>gloriam</strong></span> <span class='ocrx_word' id='word_1_342' title='bbox 1509 1319 1536 1342; x_wconf 87' lang='lat' dir='ltr'><strong>et</strong></span> <span class='ocrx_word' id='word_1_343' title='bbox 1550 1314 1611 1341; x_wconf 79' lang='lat' dir='ltr'><strong>lau-</strong></span> 
     </span>
    </p>
   </div>
   <div class='ocr_carea' id='block_1_57' title="bbox 820 1358 893 1386">
    <p class='ocr_par' dir='ltr' id='par_1_57' title="bbox 820 1358 893 1386">
     <span class='ocr_line' id='line_1_57' title="bbox 820 1358 893 1386; baseline -0.014 0"><span class='ocrx_word' id='word_1_344' title='bbox 820 1358 893 1386; x_wconf 88' lang='lat' dir='ltr'><strong>dem.</strong></span> 
     </span>
    </p>
   </div>
   <div class='ocr_carea' id='block_1_58' title="bbox 856 1404 1099 1439">
    <p class='ocr_par' dir='ltr' id='par_1_58' title="bbox 856 1404 1099 1439">
     <span class='ocr_line' id='line_1_58' title="bbox 856 1404 1099 1439; baseline 0.004 -8"><span class='ocrx_word' id='word_1_345' title='bbox 856 1404 987 1439; x_wconf 75' lang='lat' dir='ltr'><strong>Populus.</strong></span> <span class='ocrx_word' id='word_1_346' title='bbox 1002 1405 1099 1433; x_wconf 87' lang='lat' dir='ltr'><strong>Amen.</strong></span> 
     </span>
    </p>
   </div>
   <div class='ocr_carea' id='block_1_59' title="bbox 857 1449 1609 1487">
    <p class='ocr_par' dir='ltr' id='par_1_59' title="bbox 857 1449 1609 1487">
     <span class='ocr_line' id='line_1_59' title="bbox 857 1449 1609 1487; baseline 0.003 -10"><span class='ocrx_word' id='word_1_347' title='bbox 857 1449 986 1478; x_wconf 74' lang='lat' dir='ltr'><strong>Sacerdos</strong></span> <span class='ocrx_word' id='word_1_348' title='bbox 1010 1451 1166 1479; x_wconf 75' lang='lat' dir='ltr'><strong>inclinatus.</strong></span> <span class='ocrx_word' id='word_1_349' title='bbox 1190 1451 1334 1486; x_wconf 77' lang='lat' dir='ltr'><strong>Memento,</strong></span> <span class='ocrx_word' id='word_1_350' title='bbox 1346 1453 1471 1487; x_wconf 89' lang='lat' dir='ltr'><strong>Domine,</strong></span> <span class='ocrx_word' id='word_1_351' title='bbox 1480 1451 1609 1480; x_wconf 78' lang='lat' dir='ltr'><strong>Ecclesia:</strong></span> 
     </span>
    </p>
   </div>
   <div class='ocr_carea' id='block_1_60' title="bbox 28 1492 1608 1540">
    <p class='ocr_par' dir='ltr' id='par_1_60' title="bbox 28 1492 1608 1540">
     <span class='ocr_line' id='line_1_60' title="bbox 28 1492 1608 1540; baseline 0.004 -21"><span class='ocrx_word' id='word_1_352' title='bbox 28 1492 194 1522; x_wconf 78' lang='lat' dir='ltr'><strong>Obsecramus</strong></span> <span class='ocrx_word' id='word_1_353' title='bbox 212 1498 250 1526; x_wconf 87' lang='lat' dir='ltr'><strong>te,</strong></span> <span class='ocrx_word' id='word_1_354' title='bbox 265 1494 438 1522; x_wconf 90' lang='lat' dir='ltr'><strong>sanctissime</strong></span> <span class='ocrx_word' id='word_1_355' title='bbox 445 1495 610 1528; x_wconf 85' lang='lat' dir='ltr'><strong>Deus,mitte</strong></span> <span class='ocrx_word' id='word_1_356' title='bbox 623 1495 656 1523; x_wconf 87' lang='lat' dir='ltr'><strong>ad</strong></span> <span class='ocrx_word' id='word_1_357' title='bbox 671 1504 722 1523; x_wconf 85' lang='lat' dir='ltr'><strong>nos</strong></span> <span class='ocrx_word' id='word_1_358' title='bbox 733 1504 766 1523; x_wconf 79' lang='lat' dir='ltr'><strong>ex</strong></span> <span class='ocrx_word' id='word_1_359' title='bbox 781 1509 803 1540; x_wconf 70' lang='grc' dir='ltr'><strong>ο</strong></span> <span class='ocrx_word' id='word_1_360' title='bbox 820 1501 873 1524; x_wconf 72' lang='lat' dir='ltr'><strong>tua:</strong></span> <span class='ocrx_word' id='word_1_361' title='bbox 885 1503 996 1530; x_wconf 65' lang='lat' dir='ltr'><strong>sanctae,</strong></span> <span class='ocrx_word' id='word_1_362' title='bbox 1012 1497 1143 1525; x_wconf 83' lang='lat' dir='ltr'><strong>conﬁrma</strong></span> <span class='ocrx_word' id='word_1_363' title='bbox 1156 1497 1334 1525; x_wconf 78' lang='lat' dir='ltr'><strong>fundamenta</strong></span> <span class='ocrx_word' id='word_1_364' title='bbox 1345 1498 1405 1533; x_wconf 84' lang='lat' dir='ltr'><strong>ejus</strong></span> <span class='ocrx_word' id='word_1_365' title='bbox 1417 1499 1444 1525; x_wconf 93' lang='lat' dir='ltr'><strong>in</strong></span> <span class='ocrx_word' id='word_1_366' title='bbox 1458 1498 1510 1526; x_wconf 82' lang='lat' dir='ltr'><strong>[ide</strong></span> <span class='ocrx_word' id='word_1_367' title='bbox 1523 1503 1608 1532; x_wconf 80' lang='lat' dir='ltr'><strong>recta,</strong></span> 
     </span>
    </p>
   </div>
   <div class='ocr_carea' id='block_1_61' title="bbox 3 1537 767 1578">
    <p class='ocr_par' dir='ltr' id='par_1_61' title="bbox 3 1537 767 1578">
     <span class='ocr_line' id='line_1_61' title="bbox 3 1537 767 1578; baseline 0.009 -15"><span class='ocrx_word' id='word_1_368' title='bbox 3 1537 134 1567; x_wconf 78' lang='lat' dir='ltr'><strong>habitacula</strong></span> <span class='ocrx_word' id='word_1_369' title='bbox 148 1542 223 1576; x_wconf 81' lang='lat' dir='ltr'><strong>regni</strong></span> <span class='ocrx_word' id='word_1_370' title='bbox 241 1540 280 1567; x_wconf 91' lang='lat' dir='ltr'><strong>tui</strong></span> <span class='ocrx_word' id='word_1_371' title='bbox 294 1541 402 1574; x_wconf 60' lang='lat' dir='ltr'><strong>aeterni,</strong></span> <span class='ocrx_word' id='word_1_372' title='bbox 419 1546 446 1568; x_wconf 85' lang='lat' dir='ltr'><strong>et</strong></span> <span class='ocrx_word' id='word_1_373' title='bbox 462 1549 496 1568; x_wconf 79' lang='lat' dir='ltr'><strong>ex</strong></span> <span class='ocrx_word' id='word_1_374' title='bbox 513 1542 625 1576; x_wconf 70' lang='lat' dir='ltr'><strong>regione</strong></span> <span class='ocrx_word' id='word_1_375' title='bbox 645 1551 767 1578; x_wconf 71' lang='lat' dir='ltr'><strong>praesen-</strong></span> 
     </span>
    </p>
   </div>
   <div class='ocr_carea' id='block_1_62' title="bbox 3 1584 768 1622">
    <p class='ocr_par' dir='ltr' id='par_1_62' title="bbox 3 1584 768 1622">
     <span class='ocr_line' id='line_1_62' title="bbox 3 1584 768 1622; baseline 0.007 -12"><span class='ocrx_word' id='word_1_376' title='bbox 3 1584 90 1612; x_wconf 67' lang='lat' dir='ltr'><strong>tietuae</strong></span> <span class='ocrx_word' id='word_1_377' title='bbox 108 1587 229 1618; x_wconf 69' lang='lat' dir='ltr'><strong>excelsae.</strong></span> <span class='ocrx_word' id='word_1_378' title='bbox 249 1586 382 1622; x_wconf 89' lang='lat' dir='ltr'><strong>Spiritum</strong></span> <span class='ocrx_word' id='word_1_379' title='bbox 404 1592 481 1615; x_wconf 91' lang='lat' dir='ltr'><strong>tuum</strong></span> <span class='ocrx_word' id='word_1_380' title='bbox 495 1592 632 1621; x_wconf 86' lang='lat' dir='ltr'><strong>sanctum,</strong></span> <span class='ocrx_word' id='word_1_381' title='bbox 647 1589 768 1616; x_wconf 88' lang='lat' dir='ltr'><strong>consub-</strong></span> 
     </span>
    </p>
   </div>
   <div class='ocr_carea' id='block_1_63' title="bbox 3 1631 768 1670">
    <p class='ocr_par' dir='ltr' id='par_1_63' title="bbox 3 1631 768 1670">
     <span class='ocr_line' id='line_1_63' title="bbox 3 1631 768 1670; baseline 0.008 -14"><span class='ocrx_word' id='word_1_382' title='bbox 3 1631 131 1659; x_wconf 74' lang='lat' dir='ltr'><strong>stantialem</strong></span> <span class='ocrx_word' id='word_1_383' title='bbox 146 1633 205 1666; x_wconf 84' lang='lat' dir='ltr'><strong>tibi,</strong></span> <span class='ocrx_word' id='word_1_384' title='bbox 216 1638 246 1660; x_wconf 88' lang='lat' dir='ltr'><strong>et</strong></span> <span class='ocrx_word' id='word_1_385' title='bbox 256 1634 415 1668; x_wconf 87' lang='lat' dir='ltr'><strong>operatione</strong></span> <span class='ocrx_word' id='word_1_386' title='bbox 428 1635 560 1669; x_wconf 67' lang='lat' dir='ltr'><strong>aequalem</strong></span> <span class='ocrx_word' id='word_1_387' title='bbox 574 1634 642 1670; x_wconf 76' lang='grc'><strong>(27),</strong></span> <span class='ocrx_word' id='word_1_388' title='bbox 655 1635 700 1670; x_wconf 86' lang='lat' dir='ltr'><strong>qui</strong></span> <span class='ocrx_word' id='word_1_389' title='bbox 715 1644 730 1662; x_wconf 88' lang='lat' dir='ltr'><strong>a</strong></span> <span class='ocrx_word' id='word_1_390' title='bbox 743 1640 768 1663; x_wconf 92' lang='lat' dir='ltr'><strong>te</strong></span> 
     </span>
    </p>
   </div>
   <div class='ocr_carea' id='block_1_64' title="bbox 4 1675 767 1716">
    <p class='ocr_par' dir='ltr' id='par_1_64' title="bbox 4 1675 767 1716">
     <span class='ocr_line' id='line_1_64' title="bbox 4 1675 767 1716; baseline 0.008 -14"><span class='ocrx_word' id='word_1_391' title='bbox 4 1675 85 1711; x_wconf 81' lang='lat' dir='ltr'><strong>absque</strong></span> <span class='ocrx_word' id='word_1_392' title='bbox 94 1678 167 1706; x_wconf 83' lang='lat' dir='ltr'><strong>initio</strong></span> <span class='ocrx_word' id='word_1_393' title='bbox 181 1680 315 1714; x_wconf 86' lang='lat' dir='ltr'><strong>procedit,</strong></span> <span class='ocrx_word' id='word_1_394' title='bbox 323 1688 371 1715; x_wconf 88' lang='lat' dir='ltr'><strong>per</strong></span> <span class='ocrx_word' id='word_1_395' title='bbox 384 1681 553 1716; x_wconf 81' lang='lat' dir='ltr'><strong>unigenitum</strong></span> <span class='ocrx_word' id='word_1_396' title='bbox 566 1681 665 1708; x_wconf 89' lang='lat' dir='ltr'><strong>Filium</strong></span> <span class='ocrx_word' id='word_1_397' title='bbox 676 1686 767 1713; x_wconf 82' lang='lat' dir='ltr'><strong>tuum,</strong></span> 
     </span>
    </p>
   </div>
   <div class='ocr_carea' id='block_1_65' title="bbox 3 1724 767 1762">
    <p class='ocr_par' dir='ltr' id='par_1_65' title="bbox 3 1724 767 1762">
     <span class='ocr_line' id='line_1_65' title="bbox 3 1724 767 1762; baseline 0.009 -14"><span class='ocrx_word' id='word_1_398' title='bbox 3 1726 22 1747; x_wconf 81' lang='lat' dir='ltr'><strong>et</strong></span> <span class='ocrx_word' id='word_1_399' title='bbox 34 1724 71 1756; x_wconf 87' lang='lat' dir='ltr'><strong>qui</strong></span> <span class='ocrx_word' id='word_1_400' title='bbox 84 1732 243 1761; x_wconf 89' lang='lat' dir='ltr'><strong>quocunque</strong></span> <span class='ocrx_word' id='word_1_401' title='bbox 256 1731 379 1761; x_wconf 86' lang='lat' dir='ltr'><strong>tempore</strong></span> <span class='ocrx_word' id='word_1_402' title='bbox 391 1727 471 1754; x_wconf 86' lang='lat' dir='ltr'><strong>datur</strong></span> <span class='ocrx_word' id='word_1_403' title='bbox 495 1727 530 1754; x_wconf 89' lang='lat' dir='ltr'><strong>iis</strong></span> <span class='ocrx_word' id='word_1_404' title='bbox 543 1728 589 1762; x_wconf 92' lang='lat' dir='ltr'><strong>qui</strong></span> <span class='ocrx_word' id='word_1_405' title='bbox 603 1728 650 1754; x_wconf 90' lang='lat' dir='ltr'><strong>tibi</strong></span> <span class='ocrx_word' id='word_1_406' title='bbox 663 1728 767 1762; x_wconf 84' lang='lat' dir='ltr'><strong>accepti</strong></span> 
     </span>
    </p>
   </div>
   <div class='ocr_carea' id='block_1_66' title="bbox 4 1772 768 1808">
    <p class='ocr_par' dir='ltr' id='par_1_66' title="bbox 4 1772 768 1808">
     <span class='ocr_line' id='line_1_66' title="bbox 4 1772 768 1808; baseline 0.009 -14"><span class='ocrx_word' id='word_1_407' title='bbox 4 1773 62 1799; x_wconf 76' lang='lat' dir='ltr'><strong>sunt,</strong></span> <span class='ocrx_word' id='word_1_408' title='bbox 73 1777 168 1805; x_wconf 86' lang='lat' dir='ltr'><strong>eosque</strong></span> <span class='ocrx_word' id='word_1_409' title='bbox 182 1772 230 1806; x_wconf 92' lang='lat' dir='ltr'><strong>qui</strong></span> <span class='ocrx_word' id='word_1_410' title='bbox 247 1777 274 1799; x_wconf 88' lang='lat' dir='ltr'><strong>te</strong></span> <span class='ocrx_word' id='word_1_411' title='bbox 290 1773 382 1799; x_wconf 86' lang='lat' dir='ltr'><strong>vident</strong></span> <span class='ocrx_word' id='word_1_412' title='bbox 400 1777 428 1800; x_wconf 86' lang='lat' dir='ltr'><strong>et</strong></span> <span class='ocrx_word' id='word_1_413' title='bbox 450 1773 606 1808; x_wconf 79' lang='lat' dir='ltr'><strong>intelligunt</strong></span> <span class='ocrx_word' id='word_1_414' title='bbox 620 1774 727 1808; x_wconf 89' lang='lat' dir='ltr'><strong>perlicit</strong></span> <span class='ocrx_word' id='word_1_415' title='bbox 741 1779 768 1802; x_wconf 84' lang='lat' dir='ltr'><strong>et</strong></span> 
     </span>
    </p>
   </div>
   <div class='ocr_carea' id='block_1_67' title="bbox 5 1818 768 1854">
    <p class='ocr_par' dir='ltr' id='par_1_67' title="bbox 5 1818 768 1854">
     <span class='ocr_line' id='line_1_67' title="bbox 5 1818 768 1854; baseline 0.012 -15"><span class='ocrx_word' id='word_1_416' title='bbox 5 1819 149 1844; x_wconf 83' lang='lat' dir='ltr'><strong>consummat</strong></span> <span class='ocrx_word' id='word_1_417' title='bbox 173 1827 180 1844; x_wconf 89' lang='lat'>:</span> <span class='ocrx_word' id='word_1_418' title='bbox 202 1823 233 1845; x_wconf 94' lang='lat' dir='ltr'><strong>ut</strong></span> <span class='ocrx_word' id='word_1_419' title='bbox 256 1818 383 1852; x_wconf 88' lang='lat' dir='ltr'><strong>illabeus,</strong></span> <span class='ocrx_word' id='word_1_420' title='bbox 400 1819 641 1854; x_wconf 84' lang='lat' dir='ltr'><strong>requieseeusque,</strong></span> <span class='ocrx_word' id='word_1_421' title='bbox 664 1820 768 1848; x_wconf 82' lang='lat' dir='ltr'><strong>habitet</strong></span> 
     </span>
    </p>
   </div>
   <div class='ocr_carea' id='block_1_68' title="bbox 6 1862 767 1900">
    <p class='ocr_par' dir='ltr' id='par_1_68' title="bbox 6 1862 767 1900">
     <span class='ocr_line' id='line_1_68' title="bbox 6 1862 767 1900; baseline 0.009 -14"><span class='ocrx_word' id='word_1_422' title='bbox 6 1865 70 1893; x_wconf 85' lang='lat' dir='ltr'><strong>super</strong></span> <span class='ocrx_word' id='word_1_423' title='bbox 81 1862 228 1891; x_wconf 87' lang='lat' dir='ltr'><strong>oblationes</strong></span> <span class='ocrx_word' id='word_1_424' title='bbox 242 1864 310 1891; x_wconf 83' lang='lat' dir='ltr'><strong>istas</strong></span> <span class='ocrx_word' id='word_1_425' title='bbox 323 1871 330 1889; x_wconf 84' lang='lat'><strong>:</strong></span> <span class='ocrx_word' id='word_1_426' title='bbox 347 1865 448 1898; x_wconf 89' lang='lat' dir='ltr'><strong>quibus</strong></span> <span class='ocrx_word' id='word_1_427' title='bbox 459 1865 637 1893; x_wconf 78' lang='lat' dir='ltr'><strong>sanctiﬁcatis</strong></span> <span class='ocrx_word' id='word_1_428' title='bbox 652 1873 700 1900; x_wconf 86' lang='lat' dir='ltr'><strong>per</strong></span> <span class='ocrx_word' id='word_1_429' title='bbox 712 1867 767 1893; x_wconf 92' lang='lat' dir='ltr'><strong>vir-</strong></span> 
     </span>
    </p>
   </div>
   <div class='ocr_carea' id='block_1_69' title="bbox 6 1910 766 1946">
    <p class='ocr_par' dir='ltr' id='par_1_69' title="bbox 6 1910 766 1946">
     <span class='ocr_line' id='line_1_69' title="bbox 6 1910 766 1946; baseline 0.009 -14"><span class='ocrx_word' id='word_1_430' title='bbox 6 1911 71 1933; x_wconf 70' lang='lat' dir='ltr'><strong>tutem</strong></span> <span class='ocrx_word' id='word_1_431' title='bbox 87 1910 175 1943; x_wconf 55' lang='lat' dir='ltr'><strong>gratiae</strong></span> <span class='ocrx_word' id='word_1_432' title='bbox 187 1914 241 1938; x_wconf 70' lang='lat' dir='ltr'><strong>tuae</strong></span> <span class='ocrx_word' id='word_1_433' title='bbox 254 1910 380 1945; x_wconf 79' lang='lat' dir='ltr'><strong>perﬁciat</strong></span> <span class='ocrx_word' id='word_1_434' title='bbox 396 1910 454 1937; x_wconf 64' lang='lat' dir='ltr'><strong>hac</strong></span> <span class='ocrx_word' id='word_1_435' title='bbox 465 1911 606 1946; x_wconf 84' lang='lat' dir='ltr'><strong>mysteria,</strong></span> <span class='ocrx_word' id='word_1_436' title='bbox 623 1916 706 1946; x_wconf 88' lang='lat' dir='ltr'><strong>atque</strong></span> <span class='ocrx_word' id='word_1_437' title='bbox 721 1912 766 1940; x_wconf 92' lang='lat' dir='ltr'><strong>illa</strong></span> 
     </span>
    </p>
   </div>
   <div class='ocr_carea' id='block_1_70' title="bbox 5 1958 165 1988">
    <p class='ocr_par' dir='ltr' id='par_1_70' title="bbox 5 1958 165 1988">
     <span class='ocr_line' id='line_1_70' title="bbox 5 1958 165 1988; baseline 0.031 -10"><span class='ocrx_word' id='word_1_438' title='bbox 5 1958 165 1988; x_wconf 83' lang='lat' dir='ltr'><strong>suscepturos.</strong></span> 
     </span>
    </p>
   </div>
   <div class='ocr_carea' id='block_1_71' title="bbox 33 1998 488 2034">
    <p class='ocr_par' dir='ltr' id='par_1_71' title="bbox 33 1998 488 2034">
     <span class='ocr_line' id='line_1_71' title="bbox 33 1998 488 2034; baseline 0.009 -10"><span class='ocrx_word' id='word_1_439' title='bbox 33 1998 154 2027; x_wconf 74' lang='lat' dir='ltr'><strong>Sacerdos.</strong></span> <span class='ocrx_word' id='word_1_440' title='bbox 170 2000 278 2028; x_wconf 74' lang='lat' dir='ltr'><strong>Exaudi</strong></span> <span class='ocrx_word' id='word_1_441' title='bbox 292 2009 345 2034; x_wconf 89' lang='lat' dir='ltr'><strong>me,</strong></span> <span class='ocrx_word' id='word_1_442' title='bbox 363 2001 488 2029; x_wconf 89' lang='lat' dir='ltr'><strong>Domine.</strong></span> 
     </span>
    </p>
   </div>
   <div class='ocr_carea' id='block_1_72' title="bbox 33 2044 766 2085">
    <p class='ocr_par' dir='ltr' id='par_1_72' title="bbox 33 2044 766 2085">
     <span class='ocr_line' id='line_1_72' title="bbox 33 2044 766 2085; baseline 0.008 -14"><span class='ocrx_word' id='word_1_443' title='bbox 33 2044 144 2079; x_wconf 70' lang='lat' dir='ltr'><strong>Populus.</strong></span> <span class='ocrx_word' id='word_1_444' title='bbox 170 2047 253 2083; x_wconf 75' lang='lat' dir='ltr'><strong>Kyrie</strong></span> <span class='ocrx_word' id='word_1_445' title='bbox 282 2048 403 2082; x_wconf 89' lang='lat' dir='ltr'><strong>eleison,</strong></span> <span class='ocrx_word' id='word_1_446' title='bbox 431 2047 513 2084; x_wconf 84' lang='lat' dir='ltr'><strong>Kyric</strong></span> <span class='ocrx_word' id='word_1_447' title='bbox 539 2048 654 2082; x_wconf 81' lang='lat' dir='ltr'><strong>eleison,</strong></span> <span class='ocrx_word' id='word_1_448' title='bbox 684 2049 766 2085; x_wconf 83' lang='lat' dir='ltr'><strong>Kyrie</strong></span> 
     </span>
    </p>
   </div>
   <div class='ocr_carea' id='block_1_73' title="bbox 6 2090 94 2119">
    <p class='ocr_par' dir='ltr' id='par_1_73' title="bbox 6 2090 94 2119">
     <span class='ocr_line' id='line_1_73' title="bbox 6 2090 94 2119; baseline 0.045 -4"><span class='ocrx_word' id='word_1_449' title='bbox 6 2090 94 2119; x_wconf 82' lang='lat' dir='ltr'><strong>eleison.</strong></span> 
     </span>
    </p>
   </div>
   <div class='ocr_carea' id='block_1_74' title="bbox 33 2135 764 2176">
    <p class='ocr_par' dir='ltr' id='par_1_74' title="bbox 33 2135 764 2176">
     <span class='ocr_line' id='line_1_74' title="bbox 33 2135 764 2176; baseline 0.007 -12"><span class='ocrx_word' id='word_1_450' title='bbox 33 2135 141 2166; x_wconf 72' lang='lat' dir='ltr'><strong>Sacerdos</strong></span> <span class='ocrx_word' id='word_1_451' title='bbox 153 2140 255 2168; x_wconf 75' lang='lat' dir='ltr'><strong>elevans</strong></span> <span class='ocrx_word' id='word_1_452' title='bbox 275 2149 373 2168; x_wconf 80' lang='lat' dir='ltr'><strong>vocem.</strong></span> <span class='ocrx_word' id='word_1_453' title='bbox 388 2141 421 2168; x_wconf 86' lang='lat' dir='ltr'><strong>Et</strong></span> <span class='ocrx_word' id='word_1_454' title='bbox 433 2148 530 2175; x_wconf 86' lang='lat' dir='ltr'><strong>panem</strong></span> <span class='ocrx_word' id='word_1_455' title='bbox 543 2142 653 2176; x_wconf 83' lang='lat' dir='ltr'><strong>quidem</strong></span> <span class='ocrx_word' id='word_1_456' title='bbox 669 2142 764 2176; x_wconf 89' lang='lat' dir='ltr'><strong>istum,</strong></span> 
     </span>
    </p>
   </div>
   <div class='ocr_carea' id='block_1_75' title="bbox 820 1544 1607 1579">
    <p class='ocr_par' dir='ltr' id='par_1_75' title="bbox 820 1544 1607 1579">
     <span class='ocr_line' id='line_1_75' title="bbox 820 1544 1607 1579; baseline 0.001 -9"><span class='ocrx_word' id='word_1_457' title='bbox 820 1548 847 1571; x_wconf 88' lang='lat' dir='ltr'><strong>et</strong></span> <span class='ocrx_word' id='word_1_458' title='bbox 867 1551 999 1571; x_wconf 86' lang='lat' dir='ltr'><strong>conserva</strong></span> <span class='ocrx_word' id='word_1_459' title='bbox 1022 1551 1083 1571; x_wconf 85' lang='lat' dir='ltr'><strong>eam</strong></span> <span class='ocrx_word' id='word_1_460' title='bbox 1106 1544 1133 1571; x_wconf 94' lang='lat' dir='ltr'><strong>in</strong></span> <span class='ocrx_word' id='word_1_461' title='bbox 1153 1544 1350 1579; x_wconf 86' lang='lat' dir='ltr'><strong>tranquillitate</strong></span> <span class='ocrx_word' id='word_1_462' title='bbox 1373 1549 1514 1579; x_wconf 89' lang='lat' dir='ltr'><strong>perpetua,</strong></span> <span class='ocrx_word' id='word_1_463' title='bbox 1538 1549 1565 1571; x_wconf 87' lang='lat' dir='ltr'><strong>et</strong></span> <span class='ocrx_word' id='word_1_464' title='bbox 1579 1544 1607 1571; x_wconf 92' lang='lat' dir='ltr'><strong>iu</strong></span> 
     </span>
    </p>
   </div>
   <div class='ocr_carea' id='block_1_76' title="bbox 821 1589 1607 1624">
    <p class='ocr_par' dir='ltr' id='par_1_76' title="bbox 821 1589 1607 1624">
     <span class='ocr_line' id='line_1_76' title="bbox 821 1589 1607 1624; baseline 0.003 -8"><span class='ocrx_word' id='word_1_465' title='bbox 821 1597 886 1624; x_wconf 84' lang='lat' dir='ltr'><strong>pace</strong></span> <span class='ocrx_word' id='word_1_466' title='bbox 909 1589 1072 1617; x_wconf 89' lang='lat' dir='ltr'><strong>abundanti.</strong></span> <span class='ocrx_word' id='word_1_467' title='bbox 1089 1589 1217 1617; x_wconf 84' lang='lat' dir='ltr'><strong>Pastores</strong></span> <span class='ocrx_word' id='word_1_468' title='bbox 1240 1594 1267 1617; x_wconf 83' lang='lat' dir='ltr'><strong>et</strong></span> <span class='ocrx_word' id='word_1_469' title='bbox 1282 1590 1411 1617; x_wconf 86' lang='lat' dir='ltr'><strong>doctores</strong></span> <span class='ocrx_word' id='word_1_470' title='bbox 1425 1590 1607 1623; x_wconf 80' lang='lat' dir='ltr'><strong>orthodoxos,</strong></span> 
     </span>
    </p>
   </div>
   <div class='ocr_carea' id='block_1_77' title="bbox 818 1635 1608 1671">
    <p class='ocr_par' dir='ltr' id='par_1_77' title="bbox 818 1635 1608 1671">
     <span class='ocr_line' id='line_1_77' title="bbox 818 1635 1608 1671; baseline 0.001 -9"><span class='ocrx_word' id='word_1_471' title='bbox 818 1635 865 1670; x_wconf 91' lang='lat' dir='ltr'><strong>qui</strong></span> <span class='ocrx_word' id='word_1_472' title='bbox 881 1640 1011 1670; x_wconf 76' lang='lat' dir='ltr'><strong>praesunt,</strong></span> <span class='ocrx_word' id='word_1_473' title='bbox 1026 1635 1053 1662; x_wconf 95' lang='lat' dir='ltr'><strong>in</strong></span> <span class='ocrx_word' id='word_1_474' title='bbox 1062 1643 1104 1668; x_wconf 88' lang='lat' dir='ltr'><strong>ea,</strong></span> <span class='ocrx_word' id='word_1_475' title='bbox 1118 1636 1279 1663; x_wconf 88' lang='lat' dir='ltr'><strong>castimonia</strong></span> <span class='ocrx_word' id='word_1_476' title='bbox 1292 1643 1399 1663; x_wconf 90' lang='lat' dir='ltr'><strong>morum</strong></span> <span class='ocrx_word' id='word_1_477' title='bbox 1408 1643 1526 1663; x_wconf 83' lang='lat' dir='ltr'><strong>exorna:</strong></span> <span class='ocrx_word' id='word_1_478' title='bbox 1540 1644 1608 1671; x_wconf 80' lang='lat' dir='ltr'><strong>pra:-</strong></span> 
     </span>
    </p>
   </div>
   <div class='ocr_carea' id='block_1_78' title="bbox 819 1680 1606 1716">
    <p class='ocr_par' dir='ltr' id='par_1_78' title="bbox 819 1680 1606 1716">
     <span class='ocr_line' id='line_1_78' title="bbox 819 1680 1606 1716; baseline 0 -8"><span class='ocrx_word' id='word_1_479' title='bbox 819 1680 898 1715; x_wconf 88' lang='lat' dir='ltr'><strong>cipue</strong></span> <span class='ocrx_word' id='word_1_480' title='bbox 912 1688 977 1708; x_wconf 88' lang='lat' dir='ltr'><strong>vero</strong></span> <span class='ocrx_word' id='word_1_481' title='bbox 992 1681 1134 1708; x_wconf 91' lang='lat' dir='ltr'><strong>dominum</strong></span> <span class='ocrx_word' id='word_1_482' title='bbox 1150 1680 1182 1707; x_wconf 90' lang='lat' dir='ltr'><strong>N.</strong></span> <span class='ocrx_word' id='word_1_483' title='bbox 1198 1681 1382 1716; x_wconf 84' lang='lat' dir='ltr'><strong>patriarcham</strong></span> <span class='ocrx_word' id='word_1_484' title='bbox 1401 1689 1407 1706; x_wconf 92' lang='lat'>:</span> <span class='ocrx_word' id='word_1_485' title='bbox 1425 1685 1452 1708; x_wconf 90' lang='lat' dir='ltr'><strong>et</strong></span> <span class='ocrx_word' id='word_1_486' title='bbox 1464 1681 1606 1709; x_wconf 90' lang='lat' dir='ltr'><strong>dominum</strong></span> 
     </span>
    </p>
   </div>
   <div class='ocr_carea' id='block_1_79' title="bbox 819 1726 1607 1762">
    <p class='ocr_par' dir='ltr' id='par_1_79' title="bbox 819 1726 1607 1762">
     <span class='ocr_line' id='line_1_79' title="bbox 819 1726 1607 1762; baseline 0.003 -9"><span class='ocrx_word' id='word_1_487' title='bbox 819 1726 854 1754; x_wconf 84' lang='lat' dir='ltr'><strong>N.</strong></span> <span class='ocrx_word' id='word_1_488' title='bbox 870 1727 1031 1762; x_wconf 89' lang='lat' dir='ltr'><strong>episcopum</strong></span> <span class='ocrx_word' id='word_1_489' title='bbox 1048 1732 1185 1759; x_wconf 90' lang='lat' dir='ltr'><strong>nostrum,</strong></span> <span class='ocrx_word' id='word_1_490' title='bbox 1210 1732 1237 1754; x_wconf 87' lang='lat' dir='ltr'><strong>et</strong></span> <span class='ocrx_word' id='word_1_491' title='bbox 1252 1727 1286 1754; x_wconf 92' lang='lat' dir='ltr'><strong>da</strong></span> <span class='ocrx_word' id='word_1_492' title='bbox 1305 1727 1358 1754; x_wconf 85' lang='lat' dir='ltr'><strong>illis</strong></span> <span class='ocrx_word' id='word_1_493' title='bbox 1374 1731 1403 1754; x_wconf 94' lang='lat' dir='ltr'><strong>ut</strong></span> <span class='ocrx_word' id='word_1_494' title='bbox 1421 1735 1483 1754; x_wconf 92' lang='lat' dir='ltr'><strong>cum</strong></span> <span class='ocrx_word' id='word_1_495' title='bbox 1508 1728 1607 1755; x_wconf 83' lang='lat' dir='ltr'><strong>decore</strong></span> 
     </span>
    </p>
   </div>
   <div class='ocr_carea' id='block_1_80' title="bbox 818 1771 1605 1807">
    <p class='ocr_par' dir='ltr' id='par_1_80' title="bbox 818 1771 1605 1807">
     <span class='ocr_line' id='line_1_80' title="bbox 818 1771 1605 1807; baseline 0.001 -8"><span class='ocrx_word' id='word_1_496' title='bbox 818 1777 932 1807; x_wconf 86' lang='lat' dir='ltr'><strong>pascant</strong></span> <span class='ocrx_word' id='word_1_497' title='bbox 951 1780 1023 1800; x_wconf 90' lang='lat' dir='ltr'><strong>eam.</strong></span> <span class='ocrx_word' id='word_1_498' title='bbox 1038 1771 1173 1799; x_wconf 85' lang='lat' dir='ltr'><strong>Memento</strong></span> <span class='ocrx_word' id='word_1_499' title='bbox 1184 1772 1266 1799; x_wconf 88' lang='lat' dir='ltr'><strong>etiam</strong></span> <span class='ocrx_word' id='word_1_500' title='bbox 1277 1793 1284 1805; x_wconf 90' lang='lat'><strong>,</strong></span> <span class='ocrx_word' id='word_1_501' title='bbox 1298 1771 1422 1804; x_wconf 89' lang='lat' dir='ltr'><strong>Domine,</strong></span> <span class='ocrx_word' id='word_1_502' title='bbox 1434 1773 1605 1801; x_wconf 85' lang='lat' dir='ltr'><strong>sacerdotum</strong></span> 
     </span>
    </p>
   </div>
   <div class='ocr_carea' id='block_1_81' title="bbox 818 1818 1604 1852">
    <p class='ocr_par' dir='ltr' id='par_1_81' title="bbox 818 1818 1604 1852">
     <span class='ocr_line' id='line_1_81' title="bbox 818 1818 1604 1852; baseline 0 -6"><span class='ocrx_word' id='word_1_503' title='bbox 818 1818 948 1846; x_wconf 79' lang='lat' dir='ltr'><strong>Ecclesiae</strong></span> <span class='ocrx_word' id='word_1_504' title='bbox 963 1823 1026 1851; x_wconf 71' lang='lat' dir='ltr'><strong>tuae,</strong></span> <span class='ocrx_word' id='word_1_505' title='bbox 1039 1822 1065 1844; x_wconf 91' lang='lat' dir='ltr'><strong>et</strong></span> <span class='ocrx_word' id='word_1_506' title='bbox 1076 1818 1256 1845; x_wconf 91' lang='lat' dir='ltr'><strong>diaconorum</strong></span> <span class='ocrx_word' id='word_1_507' title='bbox 1273 1818 1365 1852; x_wconf 88' lang='lat' dir='ltr'><strong>templi</strong></span> <span class='ocrx_word' id='word_1_508' title='bbox 1381 1819 1430 1850; x_wconf 90' lang='lat' dir='ltr'><strong>tui,</strong></span> <span class='ocrx_word' id='word_1_509' title='bbox 1444 1823 1471 1845; x_wconf 88' lang='lat' dir='ltr'><strong>et</strong></span> <span class='ocrx_word' id='word_1_510' title='bbox 1481 1820 1604 1846; x_wconf 88' lang='lat' dir='ltr'><strong>omnium</strong></span> 
     </span>
    </p>
   </div>
   <div class='ocr_carea' id='block_1_82' title="bbox 818 1863 1603 1899">
    <p class='ocr_par' dir='ltr' id='par_1_82' title="bbox 818 1863 1603 1899">
     <span class='ocr_line' id='line_1_82' title="bbox 818 1863 1603 1899; baseline 0.001 -8"><span class='ocrx_word' id='word_1_511' title='bbox 818 1864 956 1897; x_wconf 86' lang='lat' dir='ltr'><strong>ordinum,</strong></span> <span class='ocrx_word' id='word_1_512' title='bbox 972 1863 1018 1898; x_wconf 92' lang='lat' dir='ltr'><strong>qui</strong></span> <span class='ocrx_word' id='word_1_513' title='bbox 1033 1864 1066 1890; x_wconf 85' lang='lat' dir='ltr'><strong>ad</strong></span> <span class='ocrx_word' id='word_1_514' title='bbox 1087 1863 1269 1891; x_wconf 81' lang='lat' dir='ltr'><strong>ministerium</strong></span> <span class='ocrx_word' id='word_1_515' title='bbox 1290 1868 1365 1890; x_wconf 91' lang='lat' dir='ltr'><strong>tuum</strong></span> <span class='ocrx_word' id='word_1_516' title='bbox 1377 1865 1509 1899; x_wconf 78' lang='lat' dir='ltr'><strong>segregati</strong></span> <span class='ocrx_word' id='word_1_517' title='bbox 1529 1870 1603 1893; x_wconf 90' lang='lat' dir='ltr'><strong>sunt.</strong></span> 
     </span>
    </p>
   </div>
   <div class='ocr_carea' id='block_1_83' title="bbox 816 1909 1605 1945">
    <p class='ocr_par' dir='ltr' id='par_1_83' title="bbox 816 1909 1605 1945">
     <span class='ocr_line' id='line_1_83' title="bbox 816 1909 1605 1945; baseline 0.001 -8"><span class='ocrx_word' id='word_1_518' title='bbox 816 1911 953 1938; x_wconf 78' lang='lat' dir='ltr'><strong>Memento</strong></span> <span class='ocrx_word' id='word_1_519' title='bbox 967 1910 1060 1941; x_wconf 87' lang='lat' dir='ltr'><strong>etiam,</strong></span> <span class='ocrx_word' id='word_1_520' title='bbox 1071 1909 1195 1942; x_wconf 85' lang='lat' dir='ltr'><strong>Domine,</strong></span> <span class='ocrx_word' id='word_1_521' title='bbox 1210 1910 1262 1936; x_wconf 87' lang='lat' dir='ltr'><strong>mei</strong></span> <span class='ocrx_word' id='word_1_522' title='bbox 1278 1910 1428 1944; x_wconf 80' lang='lat' dir='ltr'><strong>peccatoris</strong></span> <span class='ocrx_word' id='word_1_523' title='bbox 1439 1910 1605 1945; x_wconf 85' lang='lat' dir='ltr'><strong>insipientis,</strong></span> 
     </span>
    </p>
   </div>
   <div class='ocr_carea' id='block_1_84' title="bbox 815 1955 1604 1991">
    <p class='ocr_par' dir='ltr' id='par_1_84' title="bbox 815 1955 1604 1991">
     <span class='ocr_line' id='line_1_84' title="bbox 815 1955 1604 1991; baseline 0 -7"><span class='ocrx_word' id='word_1_524' title='bbox 815 1961 844 1984; x_wconf 84' lang='lat' dir='ltr'><strong>et</strong></span> <span class='ocrx_word' id='word_1_525' title='bbox 858 1956 986 1991; x_wconf 88' lang='lat' dir='ltr'><strong>pauperis</strong></span> <span class='ocrx_word' id='word_1_526' title='bbox 1005 1956 1076 1983; x_wconf 86' lang='lat' dir='ltr'><strong>servi</strong></span> <span class='ocrx_word' id='word_1_527' title='bbox 1098 1955 1148 1988; x_wconf 89' lang='lat' dir='ltr'><strong>tui,</strong></span> <span class='ocrx_word' id='word_1_528' title='bbox 1165 1956 1219 1982; x_wconf 90' lang='lat' dir='ltr'><strong>mei</strong></span> <span class='ocrx_word' id='word_1_529' title='bbox 1235 1956 1345 1991; x_wconf 90' lang='lat' dir='ltr'><strong>inquam</strong></span> <span class='ocrx_word' id='word_1_530' title='bbox 1364 1956 1516 1990; x_wconf 87' lang='lat' dir='ltr'><strong>peccatoris</strong></span> <span class='ocrx_word' id='word_1_531' title='bbox 1532 1957 1604 1984; x_wconf 81' lang='lat' dir='ltr'><strong>servi</strong></span> 
     </span>
    </p>
   </div>
   <div class='ocr_carea' id='block_1_85' title="bbox 817 2001 1602 2038">
    <p class='ocr_par' dir='ltr' id='par_1_85' title="bbox 817 2001 1602 2038">
     <span class='ocr_line' id='line_1_85' title="bbox 817 2001 1602 2038; baseline 0 -8"><span class='ocrx_word' id='word_1_532' title='bbox 817 2004 867 2035; x_wconf 91' lang='lat' dir='ltr'><strong>tui,</strong></span> <span class='ocrx_word' id='word_1_533' title='bbox 891 2010 973 2038; x_wconf 89' lang='lat' dir='ltr'><strong>quem</strong></span> <span class='ocrx_word' id='word_1_534' title='bbox 992 2001 1079 2029; x_wconf 89' lang='lat' dir='ltr'><strong>nubes</strong></span> <span class='ocrx_word' id='word_1_535' title='bbox 1094 2002 1219 2029; x_wconf 76' lang='lat' dir='ltr'><strong>obscurae</strong></span> <span class='ocrx_word' id='word_1_536' title='bbox 1241 2002 1402 2029; x_wconf 78' lang='lat' dir='ltr'><strong>delictorum</strong></span> <span class='ocrx_word' id='word_1_537' title='bbox 1421 2002 1602 2031; x_wconf 89' lang='lat' dir='ltr'><strong>circumdant.</strong></span> 
     </span>
    </p>
   </div>
   <div class='ocr_carea' id='block_1_86' title="bbox 815 2048 1602 2084">
    <p class='ocr_par' dir='ltr' id='par_1_86' title="bbox 815 2048 1602 2084">
     <span class='ocr_line' id='line_1_86' title="bbox 815 2048 1602 2084; baseline -0.001 -8"><span class='ocrx_word' id='word_1_538' title='bbox 815 2049 867 2076; x_wconf 90' lang='lat' dir='ltr'><strong>Per</strong></span> <span class='ocrx_word' id='word_1_539' title='bbox 878 2049 1066 2084; x_wconf 87' lang='lat' dir='ltr'><strong>aspersionem</strong></span> <span class='ocrx_word' id='word_1_540' title='bbox 1077 2048 1187 2083; x_wconf 78' lang='lat' dir='ltr'><strong>hyssopi</strong></span> <span class='ocrx_word' id='word_1_541' title='bbox 1202 2048 1240 2075; x_wconf 94' lang='lat' dir='ltr'><strong>tui</strong></span> <span class='ocrx_word' id='word_1_542' title='bbox 1253 2048 1354 2076; x_wconf 90' lang='lat' dir='ltr'><strong>munda</strong></span> <span class='ocrx_word' id='word_1_543' title='bbox 1368 2056 1421 2081; x_wconf 86' lang='lat' dir='ltr'><strong>me,</strong></span> <span class='ocrx_word' id='word_1_544' title='bbox 1437 2053 1462 2076; x_wconf 79' lang='lat' dir='ltr'><strong>et</strong></span> <span class='ocrx_word' id='word_1_545' title='bbox 1473 2052 1602 2084; x_wconf 80' lang='lat' dir='ltr'><strong>tanquam</strong></span> 
     </span>
    </p>
   </div>
   <div class='ocr_carea' id='block_1_87' title="bbox 815 2094 1604 2129">
    <p class='ocr_par' dir='ltr' id='par_1_87' title="bbox 815 2094 1604 2129">
     <span class='ocr_line' id='line_1_87' title="bbox 815 2094 1604 2129; baseline 0.001 -7"><span class='ocrx_word' id='word_1_546' title='bbox 815 2096 905 2123; x_wconf 88' lang='lat' dir='ltr'><strong>nivem</strong></span> <span class='ocrx_word' id='word_1_547' title='bbox 928 2094 1023 2122; x_wconf 89' lang='lat' dir='ltr'><strong>dealba</strong></span> <span class='ocrx_word' id='word_1_548' title='bbox 1045 2101 1100 2126; x_wconf 86' lang='lat' dir='ltr'><strong>me,</strong></span> <span class='ocrx_word' id='word_1_549' title='bbox 1120 2099 1264 2129; x_wconf 76' lang='lat' dir='ltr'><strong>purgatum</strong></span> <span class='ocrx_word' id='word_1_550' title='bbox 1291 2101 1306 2121; x_wconf 89' lang='lat' dir='ltr'><strong>a</strong></span> <span class='ocrx_word' id='word_1_551' title='bbox 1329 2094 1444 2122; x_wconf 81' lang='lat' dir='ltr'><strong>maculis</strong></span> <span class='ocrx_word' id='word_1_552' title='bbox 1472 2099 1499 2122; x_wconf 89' lang='lat' dir='ltr'><strong>ct</strong></span> <span class='ocrx_word' id='word_1_553' title='bbox 1520 2095 1604 2123; x_wconf 61' lang='lat' dir='ltr'><strong>navis</strong></span> 
     </span>
    </p>
   </div>
   <div class='ocr_carea' id='block_1_88' title="bbox 816 2139 1604 2177">
    <p class='ocr_par' dir='ltr' id='par_1_88' title="bbox 816 2139 1604 2177">
     <span class='ocr_line' id='line_1_88' title="bbox 816 2139 1604 2177; baseline 0.001 -9"><span class='ocrx_word' id='word_1_554' title='bbox 816 2141 928 2177; x_wconf 83' lang='lat' dir='ltr'><strong>peccati.</strong></span> <span class='ocrx_word' id='word_1_555' title='bbox 945 2140 1090 2172; x_wconf 82' lang='lat' dir='ltr'><strong>Memento,</strong></span> <span class='ocrx_word' id='word_1_556' title='bbox 1103 2139 1329 2172; x_wconf 85' lang='lat' dir='ltr'><strong>etiam.Domine,</strong></span> <span class='ocrx_word' id='word_1_557' title='bbox 1344 2140 1466 2168; x_wconf 89' lang='lat' dir='ltr'><strong>omnium</strong></span> <span class='ocrx_word' id='word_1_558' title='bbox 1483 2141 1604 2170; x_wconf 84' lang='lat' dir='ltr'><strong>ﬁdelium</strong></span> 
     </span>
    </p>
   </div>
   <div class='ocr_carea' id='block_1_89' title="bbox 6 2182 1604 2223">
    <p class='ocr_par' dir='ltr' id='par_1_89' title="bbox 6 2182 1604 2223">
     <span class='ocr_line' id='line_1_89' title="bbox 6 2182 1604 2223; baseline 0.004 -14"><span class='ocrx_word' id='word_1_559' title='bbox 6 2182 90 2215; x_wconf 65' lang='lat' dir='ltr'><strong>«alliciat,</strong></span> <span class='ocrx_word' id='word_1_560' title='bbox 103 2193 197 2220; x_wconf 89' lang='lat' dir='ltr'><strong>corpus</strong></span> <span class='ocrx_word' id='word_1_561' title='bbox 214 2187 364 2219; x_wconf 80' lang='lat' dir='ltr'><strong>viviﬁcum,</strong></span> <span class='ocrx_word' id='word_1_562' title='bbox 381 2187 401 2222; x_wconf 77' lang='lat'><strong>1-</strong></span> <span class='ocrx_word' id='word_1_563' title='bbox 416 2194 517 2221; x_wconf 87' lang='lat' dir='ltr'><strong>corpus</strong></span> <span class='ocrx_word' id='word_1_564' title='bbox 528 2188 639 2215; x_wconf 76' lang='lat' dir='ltr'><strong>cmlcste</strong></span> <span class='ocrx_word' id='word_1_565' title='bbox 654 2193 681 2215; x_wconf 84' lang='lat' dir='ltr'><strong>et</strong></span> <span class='ocrx_word' id='word_1_566' title='bbox 691 2189 765 2215; x_wconf 85' lang='lat' dir='ltr'><strong>salu-</strong></span> <span class='ocrx_word' id='word_1_567' title='bbox 780 2182 803 2211; x_wconf 77' lang='grc' dir='ltr'><strong><em>Β</em></strong></span> <span class='ocrx_word' id='word_1_568' title='bbox 817 2188 863 2223; x_wconf 89' lang='lat' dir='ltr'><strong>qui</strong></span> <span class='ocrx_word' id='word_1_569' title='bbox 876 2187 902 2213; x_wconf 92' lang='lat' dir='ltr'><strong>in</strong></span> <span class='ocrx_word' id='word_1_570' title='bbox 912 2186 1016 2214; x_wconf 85' lang='lat' dir='ltr'><strong>exsiliis</strong></span> <span class='ocrx_word' id='word_1_571' title='bbox 1028 2192 1102 2219; x_wconf 88' lang='lat' dir='ltr'><strong>sunt,</strong></span> <span class='ocrx_word' id='word_1_572' title='bbox 1115 2191 1244 2214; x_wconf 84' lang='lat' dir='ltr'><strong>eteorum</strong></span> <span class='ocrx_word' id='word_1_573' title='bbox 1259 2187 1305 2221; x_wconf 92' lang='lat' dir='ltr'><strong>qui</strong></span> <span class='ocrx_word' id='word_1_574' title='bbox 1321 2194 1370 2221; x_wconf 87' lang='lat' dir='ltr'><strong>pro</strong></span> <span class='ocrx_word' id='word_1_575' title='bbox 1385 2186 1437 2214; x_wconf 82' lang='lat' dir='ltr'><strong>ﬁde</strong></span> <span class='ocrx_word' id='word_1_576' title='bbox 1450 2187 1604 2216; x_wconf 82' lang='lat' dir='ltr'><strong>orthodoxa</strong></span> 
     </span>
    </p>
   </div>
   <div class='ocr_carea' id='block_1_90' title="bbox 7 2229 762 2268">
    <p class='ocr_par' dir='ltr' id='par_1_90' title="bbox 7 2229 762 2268">
     <span class='ocr_line' id='line_1_90' title="bbox 7 2229 762 2268; baseline 0.011 -16"><span class='ocrx_word' id='word_1_577' title='bbox 7 2231 59 2259; x_wconf 82' lang='lat' dir='ltr'><strong>tare,</strong></span> <span class='ocrx_word' id='word_1_578' title='bbox 69 2229 85 2264; x_wconf 57' lang='lat'><strong>4,-</strong></span> <span class='ocrx_word' id='word_1_579' title='bbox 97 2238 191 2266; x_wconf 87' lang='lat' dir='ltr'><strong>corpus</strong></span> <span class='ocrx_word' id='word_1_580' title='bbox 205 2233 319 2260; x_wconf 83' lang='lat' dir='ltr'><strong>salvans</strong></span> <span class='ocrx_word' id='word_1_581' title='bbox 334 2234 443 2260; x_wconf 89' lang='lat' dir='ltr'><strong>animas</strong></span> <span class='ocrx_word' id='word_1_582' title='bbox 467 2238 588 2265; x_wconf 86' lang='lat' dir='ltr'><strong>nostras,</strong></span> <span class='ocrx_word' id='word_1_583' title='bbox 604 2239 630 2260; x_wconf 90' lang='lat' dir='ltr'><strong>et</strong></span> <span class='ocrx_word' id='word_1_584' title='bbox 645 2241 762 2268; x_wconf 91' lang='lat' dir='ltr'><strong>corpora</strong></span> 
     </span>
    </p>
   </div>
   <div class='ocr_carea' id='block_1_91' title="bbox 33 2296 757 2335">
    <p class='ocr_par' dir='ltr' id='par_1_91' title="bbox 33 2296 757 2335">
     <span class='ocr_line' id='line_1_91' title="bbox 33 2296 757 2335; baseline 0.006 -11"><span class='ocrx_word' id='word_1_585' title='bbox 33 2296 79 2335; x_wconf 41' lang='lat'><strong>$27)</strong></span> <span class='ocrx_word' id='word_1_586' title='bbox 97 2297 227 2335; x_wconf 74' lang='lat' dir='ltr'><strong>Invocatio</strong></span> <span class='ocrx_word' id='word_1_587' title='bbox 241 2300 365 2335; x_wconf 85' lang='lat' dir='ltr'><strong>ejusdem</strong></span> <span class='ocrx_word' id='word_1_588' title='bbox 384 2301 525 2328; x_wconf 68' lang='lat' dir='ltr'><strong>sententiae</strong></span> <span class='ocrx_word' id='word_1_589' title='bbox 544 2305 595 2332; x_wconf 87' lang='lat' dir='ltr'><strong>est,</strong></span> <span class='ocrx_word' id='word_1_590' title='bbox 614 2308 646 2327; x_wconf 89' lang='lat' dir='ltr'><strong>ac</strong></span> <span class='ocrx_word' id='word_1_591' title='bbox 661 2308 757 2329; x_wconf 86' lang='lat' dir='ltr'><strong>omnes</strong></span> 
     </span>
    </p>
   </div>
   <div class='ocr_carea' id='block_1_92' title="bbox 7 2330 751 2370">
    <p class='ocr_par' dir='ltr' id='par_1_92' title="bbox 7 2330 751 2370">
     <span class='ocr_line' id='line_1_92' title="bbox 7 2330 751 2370; baseline 0.001 -9"><span class='ocrx_word' id='word_1_592' title='bbox 7 2330 94 2365; x_wconf 69' lang='grc' dir='ltr'><strong>Γνὶῑίιιυε</strong></span> <span class='ocrx_word' id='word_1_593' title='bbox 107 2332 186 2369; x_wconf 68' lang='lat' dir='ltr'><strong>Sync,</strong></span> <span class='ocrx_word' id='word_1_594' title='bbox 203 2330 322 2370; x_wconf 71' lang='lat' dir='ltr'><strong>quai-um</strong></span> <span class='ocrx_word' id='word_1_595' title='bbox 340 2336 414 2363; x_wconf 91' lang='lat' dir='ltr'><strong>nulla</strong></span> <span class='ocrx_word' id='word_1_596' title='bbox 425 2344 485 2362; x_wconf 88' lang='lat' dir='ltr'><strong>eam</strong></span> <span class='ocrx_word' id='word_1_597' title='bbox 498 2330 641 2363; x_wconf 85' lang='lat' dir='ltr'><strong>lectionem</strong></span> <span class='ocrx_word' id='word_1_598' title='bbox 658 2344 751 2370; x_wconf 79' lang='lat' dir='ltr'><strong>reprae-</strong></span> 
     </span>
    </p>
   </div>
   <div class='ocr_carea' id='block_1_93' title="bbox 8 2370 757 2407">
    <p class='ocr_par' dir='ltr' id='par_1_93' title="bbox 8 2370 757 2407">
     <span class='ocr_line' id='line_1_93' title="bbox 8 2370 757 2407; baseline 0.007 -14"><span class='ocrx_word' id='word_1_599' title='bbox 8 2371 83 2407; x_wconf 54' lang='lat' dir='ltr'><strong>sentat,</strong></span> <span class='ocrx_word' id='word_1_600' title='bbox 97 2376 172 2402; x_wconf 87' lang='lat' dir='ltr'><strong>quam</strong></span> <span class='ocrx_word' id='word_1_601' title='bbox 187 2371 307 2407; x_wconf 87' lang='lat' dir='ltr'><strong>editores</strong></span> <span class='ocrx_word' id='word_1_602' title='bbox 315 2370 438 2407; x_wconf 18' lang='lat' dir='ltr'><strong>rlllissalis</strong></span> <span class='ocrx_word' id='word_1_603' title='bbox 452 2370 592 2398; x_wconf 87' lang='lat' dir='ltr'><strong>Chaldaici</strong></span> <span class='ocrx_word' id='word_1_604' title='bbox 601 2371 757 2405; x_wconf 79' lang='lat' dir='ltr'><strong>elegerunt:</strong></span> 
     </span>
    </p>
   </div>
   <div class='ocr_carea' id='block_1_94' title="bbox 8 2402 758 2440">
    <p class='ocr_par' dir='ltr' id='par_1_94' title="bbox 8 2402 758 2440">
     <span class='ocr_line' id='line_1_94' title="bbox 8 2402 758 2440; baseline 0.011 -15"><span class='ocrx_word' id='word_1_605' title='bbox 8 2402 44 2440; x_wconf 68' lang='lat' dir='ltr'><strong>t‘lsi</strong></span> <span class='ocrx_word' id='word_1_606' title='bbox 53 2402 146 2437; x_wconf 80' lang='lat' dir='ltr'><strong>aliquos</strong></span> <span class='ocrx_word' id='word_1_607' title='bbox 157 2406 265 2434; x_wconf 89' lang='lat' dir='ltr'><strong>codices</strong></span> <span class='ocrx_word' id='word_1_608' title='bbox 278 2406 407 2438; x_wconf 84' lang='lat' dir='ltr'><strong>vidimus,</strong></span> <span class='ocrx_word' id='word_1_609' title='bbox 427 2414 496 2440; x_wconf 88' lang='lat' dir='ltr'><strong>quos</strong></span> <span class='ocrx_word' id='word_1_610' title='bbox 510 2414 543 2433; x_wconf 76' lang='lat' dir='ltr'><strong>ex</strong></span> <span class='ocrx_word' id='word_1_611' title='bbox 558 2402 758 2433; x_wconf 66' lang='lat' dir='ltr'><strong>comnfcmm&#39;a-</strong></span> 
     </span>
    </p>
   </div>
   <div class='ocr_carea' id='block_1_95' title="bbox 9 2438 758 2473">
    <p class='ocr_par' dir='ltr' id='par_1_95' title="bbox 9 2438 758 2473">
     <span class='ocr_line' id='line_1_95' title="bbox 9 2438 758 2473; baseline 0.004 -9"><span class='ocrx_word' id='word_1_612' title='bbox 9 2438 64 2473; x_wconf 69' lang='lat' dir='ltr'><strong>Hune</strong></span> <span class='ocrx_word' id='word_1_613' title='bbox 79 2440 154 2466; x_wconf 85' lang='lat' dir='ltr'><strong>sancti</strong></span> <span class='ocrx_word' id='word_1_614' title='bbox 170 2440 290 2467; x_wconf 83' lang='lat' dir='ltr'><strong>Maronis</strong></span> <span class='ocrx_word' id='word_1_615' title='bbox 307 2447 334 2468; x_wconf 91' lang='lat' dir='ltr'><strong>et</strong></span> <span class='ocrx_word' id='word_1_616' title='bbox 349 2441 410 2468; x_wconf 87' lang='lat' dir='ltr'><strong>aliis</strong></span> <span class='ocrx_word' id='word_1_617' title='bbox 425 2438 544 2473; x_wconf 76' lang='lat' dir='ltr'><strong>iudiciis,</strong></span> <span class='ocrx_word' id='word_1_618' title='bbox 560 2440 758 2468; x_wconf 85' lang='lat' dir='ltr'><strong>Maronitarum</strong></span> 
     </span>
    </p>
   </div>
   <div class='ocr_carea' id='block_1_96' title="bbox 9 2471 760 2510">
    <p class='ocr_par' dir='ltr' id='par_1_96' title="bbox 9 2471 760 2510">
     <span class='ocr_line' id='line_1_96' title="bbox 9 2471 760 2510; baseline 0.008 -14"><span class='ocrx_word' id='word_1_619' title='bbox 9 2471 188 2502; x_wconf 75' lang='lat' dir='ltr'><strong>orthodoxorum</strong></span> <span class='ocrx_word' id='word_1_620' title='bbox 202 2484 264 2503; x_wconf 82' lang='lat' dir='ltr'><strong>esse</strong></span> <span class='ocrx_word' id='word_1_621' title='bbox 279 2476 431 2506; x_wconf 80' lang='lat' dir='ltr'><strong>constabat.</strong></span> <span class='ocrx_word' id='word_1_622' title='bbox 448 2476 494 2510; x_wconf 92' lang='lat' dir='ltr'><strong>qui</strong></span> <span class='ocrx_word' id='word_1_623' title='bbox 512 2471 629 2503; x_wconf 79' lang='lat' dir='ltr'><strong>veterem</strong></span> <span class='ocrx_word' id='word_1_624' title='bbox 645 2481 672 2503; x_wconf 90' lang='lat' dir='ltr'><strong>et</strong></span> <span class='ocrx_word' id='word_1_625' title='bbox 683 2484 760 2502; x_wconf 87' lang='lat' dir='ltr'><strong>com-</strong></span> 
     </span>
    </p>
   </div>
   <div class='ocr_carea' id='block_1_97' title="bbox 9 2510 761 2546">
    <p class='ocr_par' dir='ltr' id='par_1_97' title="bbox 9 2510 761 2546">
     <span class='ocr_line' id='line_1_97' title="bbox 9 2510 761 2546; baseline 0.009 -16"><span class='ocrx_word' id='word_1_626' title='bbox 9 2510 95 2546; x_wconf 70' lang='lat' dir='ltr'><strong>tnunem</strong></span> <span class='ocrx_word' id='word_1_627' title='bbox 105 2511 224 2546; x_wconf 46' lang='lat' dir='ltr'><strong>clunibus</strong></span> <span class='ocrx_word' id='word_1_628' title='bbox 240 2511 371 2546; x_wconf 78' lang='lat' dir='ltr'><strong>Liturgiis</strong></span> <span class='ocrx_word' id='word_1_629' title='bbox 384 2511 500 2538; x_wconf 84' lang='lat' dir='ltr'><strong>formam</strong></span> <span class='ocrx_word' id='word_1_630' title='bbox 515 2512 702 2538; x_wconf 87' lang='lat' dir='ltr'><strong>continebant.</strong></span> <span class='ocrx_word' id='word_1_631' title='bbox 716 2511 761 2537; x_wconf 86' lang='lat' dir='ltr'><strong>lu-</strong></span> 
     </span>
    </p>
   </div>
   <div class='ocr_carea' id='block_1_98' title="bbox 10 2543 760 2581">
    <p class='ocr_par' dir='ltr' id='par_1_98' title="bbox 10 2543 760 2581">
     <span class='ocr_line' id='line_1_98' title="bbox 10 2543 760 2581; baseline 0.004 -11"><span class='ocrx_word' id='word_1_632' title='bbox 10 2545 98 2581; x_wconf 56' lang='grc' dir='ltr'><strong>ξθωμιιι·</strong></span> <span class='ocrx_word' id='word_1_633' title='bbox 115 2543 226 2578; x_wconf 85' lang='lat' dir='ltr'><strong>Spiritus</strong></span> <span class='ocrx_word' id='word_1_634' title='bbox 248 2543 360 2574; x_wconf 64' lang='lat' dir='ltr'><strong>sanctius</strong></span> <span class='ocrx_word' id='word_1_635' title='bbox 378 2551 408 2573; x_wconf 92' lang='lat' dir='ltr'><strong>ut</strong></span> <span class='ocrx_word' id='word_1_636' title='bbox 431 2546 558 2574; x_wconf 84' lang='lat' dir='ltr'><strong>illabatur</strong></span> <span class='ocrx_word' id='word_1_637' title='bbox 576 2547 685 2574; x_wconf 71' lang='lat' dir='ltr'><strong>caelitus</strong></span> <span class='ocrx_word' id='word_1_638' title='bbox 704 2555 710 2572; x_wconf 89' lang='lat'>:</span> <span class='ocrx_word' id='word_1_639' title='bbox 731 2550 760 2573; x_wconf 87' lang='lat' dir='ltr'><strong>ut</strong></span> 
     </span>
    </p>
   </div>
   <div class='ocr_carea' id='block_1_99' title="bbox 9 2580 767 2618">
    <p class='ocr_par' dir='ltr' id='par_1_99' title="bbox 9 2580 767 2618">
     <span class='ocr_line' id='line_1_99' title="bbox 9 2580 767 2618; baseline 0.005 -15"><span class='ocrx_word' id='word_1_640' title='bbox 9 2580 297 2618; x_wconf 26' lang='lat' dir='ltr'><strong>{ﬁgiescatuutliabitet</strong></span> <span class='ocrx_word' id='word_1_641' title='bbox 316 2590 397 2616; x_wconf 87' lang='lat' dir='ltr'><strong>super</strong></span> <span class='ocrx_word' id='word_1_642' title='bbox 408 2581 478 2608; x_wconf 84' lang='lat' dir='ltr'><strong>dona</strong></span> <span class='ocrx_word' id='word_1_643' title='bbox 492 2582 642 2618; x_wconf 76' lang='lat' dir='ltr'><strong>proposita,</strong></span> <span class='ocrx_word' id='word_1_644' title='bbox 659 2587 685 2609; x_wconf 88' lang='lat' dir='ltr'><strong>et</strong></span> <span class='ocrx_word' id='word_1_645' title='bbox 706 2582 767 2614; x_wconf 23' lang='lat' dir='ltr'><strong>illis,</strong></span> 
     </span>
    </p>
   </div>
   <div class='ocr_carea' id='block_1_100' title="bbox 10 2611 767 2652">
    <p class='ocr_par' dir='ltr' id='par_1_100' title="bbox 10 2611 767 2652">
     <span class='ocr_line' id='line_1_100' title="bbox 10 2611 767 2652; baseline 0.009 -16"><span class='ocrx_word' id='word_1_646' title='bbox 10 2611 79 2652; x_wconf 52' lang='lat' dir='ltr'><strong>ferbis</strong></span> <span class='ocrx_word' id='word_1_647' title='bbox 90 2615 240 2652; x_wconf 78' lang='lat' dir='ltr'><strong>exprimitur</strong></span> <span class='ocrx_word' id='word_1_648' title='bbox 253 2611 358 2650; x_wconf 64' lang='lat' dir='ltr'><strong>oratio;</strong></span> <span class='ocrx_word' id='word_1_649' title='bbox 366 2624 482 2651; x_wconf 88' lang='lat' dir='ltr'><strong>quorum</strong></span> <span class='ocrx_word' id='word_1_650' title='bbox 492 2611 551 2652; x_wconf 47' lang='grc' dir='ltr'><strong>ίνίΠί</strong></span> <span class='ocrx_word' id='word_1_651' title='bbox 561 2617 617 2651; x_wconf 83' lang='lat' dir='ltr'><strong>jam</strong></span> <span class='ocrx_word' id='word_1_652' title='bbox 632 2611 767 2651; x_wconf 55' lang='lat' dir='ltr'><strong>superius“</strong></span> 
     </span>
    </p>
   </div>
   <div class='ocr_carea' id='block_1_101' title="bbox 9 2650 760 2686">
    <p class='ocr_par' dir='ltr' id='par_1_101' title="bbox 9 2650 760 2686">
     <span class='ocr_line' id='line_1_101' title="bbox 9 2650 760 2686; baseline 0.001 -9"><span class='ocrx_word' id='word_1_653' title='bbox 9 2650 167 2686; x_wconf 35' lang='lat' dir='ltr'><strong>{’ll’Os‘uimus,</strong></span> <span class='ocrx_word' id='word_1_654' title='bbox 191 2659 252 2679; x_wconf 88' lang='lat' dir='ltr'><strong>cum</strong></span> <span class='ocrx_word' id='word_1_655' title='bbox 281 2652 315 2679; x_wconf 87' lang='lat' dir='ltr'><strong>ad</strong></span> <span class='ocrx_word' id='word_1_656' title='bbox 342 2650 707 2686; x_wconf 68' lang='lat' dir='ltr'><strong>signiﬁcaudunrillapsqu</strong></span> <span class='ocrx_word' id='word_1_657' title='bbox 733 2656 760 2678; x_wconf 89' lang='lat' dir='ltr'><strong>et</strong></span> 
     </span>
    </p>
   </div>
   <div class='ocr_carea' id='block_1_102' title="bbox 10 2679 760 2721">
    <p class='ocr_par' dir='ltr' id='par_1_102' title="bbox 10 2679 760 2721">
     <span class='ocr_line' id='line_1_102' title="bbox 10 2679 760 2721; baseline 0.009 -16"><span class='ocrx_word' id='word_1_658' title='bbox 10 2679 210 2721; x_wconf 54' lang='lat' dir='ltr'><strong>cluliubratioiiem</strong></span> <span class='ocrx_word' id='word_1_659' title='bbox 223 2686 341 2721; x_wconf 88' lang='lat' dir='ltr'><strong>Spiritus</strong></span> <span class='ocrx_word' id='word_1_660' title='bbox 353 2679 439 2714; x_wconf 64' lang='lat' dir='ltr'><strong>sancti</strong></span> <span class='ocrx_word' id='word_1_661' title='bbox 453 2687 479 2713; x_wconf 91' lang='lat' dir='ltr'><strong>in</strong></span> <span class='ocrx_word' id='word_1_662' title='bbox 495 2686 578 2714; x_wconf 84' lang='lat' dir='ltr'><strong>Maria</strong></span> <span class='ocrx_word' id='word_1_663' title='bbox 591 2679 702 2721; x_wconf 65' lang='lat' dir='ltr'><strong>Virgine</strong></span> <span class='ocrx_word' id='word_1_664' title='bbox 712 2687 760 2713; x_wconf 88' lang='lat' dir='ltr'><strong>ad-</strong></span> 
     </span>
    </p>
   </div>
   <div class='ocr_carea' id='block_1_103' title="bbox 12 2713 759 2757">
    <p class='ocr_par' dir='ltr' id='par_1_103' title="bbox 12 2713 759 2757">
     <span class='ocr_line' id='line_1_103' title="bbox 12 2713 759 2757; baseline 0.008 -15"><span class='ocrx_word' id='word_1_665' title='bbox 12 2713 272 2757; x_wconf 24' lang='lat' dir='ltr'><strong>l‘lilicuIIturzEﬂ&#39;ectuin</strong></span> <span class='ocrx_word' id='word_1_666' title='bbox 284 2713 413 2757; x_wconf 74' lang='lat' dir='ltr'><strong>exprimit</strong></span> <span class='ocrx_word' id='word_1_667' title='bbox 423 2713 545 2756; x_wconf 77' lang='lat' dir='ltr'><strong>Liturgia</strong></span> <span class='ocrx_word' id='word_1_668' title='bbox 554 2730 601 2756; x_wconf 90' lang='lat' dir='ltr'><strong>per</strong></span> <span class='ocrx_word' id='word_1_669' title='bbox 609 2713 695 2748; x_wconf 17' lang='lat' dir='ltr'><strong>vcil&#39;bar</strong></span> <span class='ocrx_word' id='word_1_670' title='bbox 704 2723 759 2748; x_wconf 88' lang='lat' dir='ltr'><strong>duo</strong></span> 
     </span>
    </p>
   </div>
   <div class='ocr_carea' id='block_1_104' title="bbox 11 2752 759 2791">
    <p class='ocr_par' dir='ltr' id='par_1_104' title="bbox 11 2752 759 2791">
     <span class='ocr_line' id='line_1_104' title="bbox 11 2752 759 2791; baseline 0 -8"><span class='ocrx_word' id='word_1_671' title='bbox 92 2755 202 2791; x_wconf 59' lang='lat' dir='ltr'><strong>perficiat</strong></span> <span class='ocrx_word' id='word_1_672' title='bbox 219 2765 228 2784; x_wconf 89' lang='lat'><em>:</em></span> <span class='ocrx_word' id='word_1_673' title='bbox 253 2762 280 2784; x_wconf 88' lang='lat' dir='ltr'><strong>et</strong></span> <span class='ocrx_word' id='word_1_674' title='bbox 296 2752 364 2789; x_wconf 61' lang='grc' dir='ltr'><strong>τέω</strong></span> <span class='ocrx_word' id='word_1_675' title='bbox 379 2758 462 2791; x_wconf 79' lang='lat' dir='ltr'><strong>faciat</strong></span> <span class='ocrx_word' id='word_1_676' title='bbox 479 2766 488 2784; x_wconf 88' lang='lat'><em>:</em></span> <span class='ocrx_word' id='word_1_677' title='bbox 502 2752 566 2791; x_wconf 68' lang='lat' dir='ltr'><strong>quae</strong></span> <span class='ocrx_word' id='word_1_678' title='bbox 595 2757 759 2790; x_wconf 82' lang='lat' dir='ltr'><strong>respondent</strong></span> 
     </span>
    </p>
   </div>
   <div class='ocr_carea' id='block_1_105' title="bbox 10 2782 757 2829">
    <p class='ocr_par' dir='ltr' id='par_1_105' title="bbox 10 2782 757 2829">
     <span class='ocr_line' id='line_1_105' title="bbox 10 2782 757 2829; baseline 0.009 -18"><span class='ocrx_word' id='word_1_679' title='bbox 10 2782 460 2829; x_wconf 28' lang='grc' dir='ltr'><strong>Ἦξίερίέτεὶίειώῃ-ειῖτοῖἧὲᾖίίίίιῇέι-</strong></span> <span class='ocrx_word' id='word_1_680' title='bbox 466 2782 757 2829; x_wconf 25' lang='lat' dir='ltr'><strong>tnagis‘obserrvationc</strong></span> 
     </span>
    </p>
   </div>
   <div class='ocr_carea' id='block_1_106' title="bbox 13 2818 752 2862">
    <p class='ocr_par' dir='ltr' id='par_1_106' title="bbox 13 2818 752 2862">
     <span class='ocr_line' id='line_1_106' title="bbox 13 2818 752 2862; baseline 0.004 -12"><span class='ocrx_word' id='word_1_681' title='bbox 13 2818 109 2854; x_wconf 62' lang='grc' dir='ltr'><strong>θίὶςιιυιη,</strong></span> <span class='ocrx_word' id='word_1_682' title='bbox 123 2827 190 2857; x_wconf 87' lang='lat' dir='ltr'><strong>quod</strong></span> <span class='ocrx_word' id='word_1_683' title='bbox 204 2818 376 2862; x_wconf 33' lang='lat' dir='ltr'><strong>iii&#39;uisib’séi</strong></span> <span class='ocrx_word' id='word_1_684' title='bbox 392 2818 626 2855; x_wconf 23' lang='lat' dir='ltr'><strong>invocatigueﬁde</strong></span> <span class='ocrx_word' id='word_1_685' title='bbox 649 2827 752 2861; x_wconf 76' lang='lat' dir='ltr'><strong>Spiritu</strong></span> 
     </span>
    </p>
   </div>
   <div class='ocr_carea' id='block_1_107' title="bbox 818 2233 1097 2269">
    <p class='ocr_par' dir='ltr' id='par_1_107' title="bbox 818 2233 1097 2269">
     <span class='ocr_line' id='line_1_107' title="bbox 818 2233 1097 2269; baseline -0.007 -9"><span class='ocrx_word' id='word_1_686' title='bbox 818 2241 932 2269; x_wconf 74' lang='lat' dir='ltr'><strong>agonem</strong></span> <span class='ocrx_word' id='word_1_687' title='bbox 951 2233 1097 2260; x_wconf 90' lang='lat' dir='ltr'><strong>sustinent.</strong></span> 
     </span>
    </p>
   </div>
   <div class='ocr_carea' id='block_1_108' title="bbox 810 2299 1603 2334">
    <p class='ocr_par' dir='ltr' id='par_1_108' title="bbox 810 2299 1603 2334">
     <span class='ocr_line' id='line_1_108' title="bbox 810 2299 1603 2334; baseline -0.001 -6"><span class='ocrx_word' id='word_1_688' title='bbox 810 2305 906 2328; x_wconf 80' lang='lat' dir='ltr'><strong>sancto</strong></span> <span class='ocrx_word' id='word_1_689' title='bbox 928 2299 1029 2326; x_wconf 89' lang='lat' dir='ltr'><strong>dicitur</strong></span> <span class='ocrx_word' id='word_1_690' title='bbox 1049 2299 1094 2334; x_wconf 80' lang='lat' dir='ltr'><strong>qui</strong></span> <span class='ocrx_word' id='word_1_691' title='bbox 1115 2307 1131 2325; x_wconf 89' lang='lat' dir='ltr'><strong>a</strong></span> <span class='ocrx_word' id='word_1_692' title='bbox 1151 2303 1174 2324; x_wconf 83' lang='lat' dir='ltr'><strong>te</strong></span> <span class='ocrx_word' id='word_1_693' title='bbox 1193 2299 1290 2334; x_wconf 81' lang='lat' dir='ltr'><strong>absque</strong></span> <span class='ocrx_word' id='word_1_694' title='bbox 1315 2299 1393 2326; x_wconf 78' lang='lat' dir='ltr'><strong>initio</strong></span> <span class='ocrx_word' id='word_1_695' title='bbox 1415 2299 1533 2334; x_wconf 80' lang='lat' dir='ltr'><strong>procedit</strong></span> <span class='ocrx_word' id='word_1_696' title='bbox 1557 2307 1603 2334; x_wconf 88' lang='lat' dir='ltr'><strong>per</strong></span> 
     </span>
    </p>
   </div>
   <div class='ocr_carea' id='block_1_109' title="bbox 810 2334 1603 2370">
    <p class='ocr_par' dir='ltr' id='par_1_109' title="bbox 810 2334 1603 2370">
     <span class='ocr_line' id='line_1_109' title="bbox 810 2334 1603 2370; baseline -0.001 -7"><span class='ocrx_word' id='word_1_697' title='bbox 810 2335 973 2370; x_wconf 79' lang='lat' dir='ltr'><strong>unigenitum</strong></span> <span class='ocrx_word' id='word_1_698' title='bbox 989 2334 1090 2360; x_wconf 79' lang='lat' dir='ltr'><strong>Filium</strong></span> <span class='ocrx_word' id='word_1_699' title='bbox 1103 2339 1178 2360; x_wconf 84' lang='lat' dir='ltr'><strong>tuum</strong></span> <span class='ocrx_word' id='word_1_700' title='bbox 1191 2341 1206 2370; x_wconf 17' lang='lat'><em>7:7</em></span> <span class='ocrx_word' id='word_1_701' title='bbox 1217 2334 1289 2368; x_wconf 83' lang='lat' dir='ltr'><strong>quod</strong></span> <span class='ocrx_word' id='word_1_702' title='bbox 1308 2342 1362 2361; x_wconf 90' lang='lat' dir='ltr'><strong>non</strong></span> <span class='ocrx_word' id='word_1_703' title='bbox 1382 2334 1408 2360; x_wconf 92' lang='lat' dir='ltr'><strong>in</strong></span> <span class='ocrx_word' id='word_1_704' title='bbox 1425 2335 1486 2362; x_wconf 86' lang='lat' dir='ltr'><strong>aliis</strong></span> <span class='ocrx_word' id='word_1_705' title='bbox 1510 2334 1603 2362; x_wconf 87' lang='lat' dir='ltr'><strong>Litur-</strong></span> 
     </span>
    </p>
   </div>
   <div class='ocr_carea' id='block_1_110' title="bbox 810 2369 1601 2406">
    <p class='ocr_par' dir='ltr' id='par_1_110' title="bbox 810 2369 1601 2406">
     <span class='ocr_line' id='line_1_110' title="bbox 810 2369 1601 2406; baseline -0.001 -9"><span class='ocrx_word' id='word_1_706' title='bbox 810 2369 873 2406; x_wconf 73' lang='lat' dir='ltr'><strong>giis,</strong></span> <span class='ocrx_word' id='word_1_707' title='bbox 893 2371 948 2406; x_wconf 89' lang='lat' dir='ltr'><strong>im_o</strong></span> <span class='ocrx_word' id='word_1_708' title='bbox 968 2377 1020 2406; x_wconf 81' lang='lat' dir='ltr'><strong>nec</strong></span> <span class='ocrx_word' id='word_1_709' title='bbox 1040 2370 1168 2406; x_wconf 73' lang='lat' dir='ltr'><strong>precibus</strong></span> <span class='ocrx_word' id='word_1_710' title='bbox 1181 2369 1288 2406; x_wconf 85' lang='lat' dir='ltr'><strong>diversi</strong></span> <span class='ocrx_word' id='word_1_711' title='bbox 1296 2369 1414 2404; x_wconf 77' lang='lat' dir='ltr'><strong>generis,</strong></span> <span class='ocrx_word' id='word_1_712' title='bbox 1430 2370 1601 2406; x_wconf 73' lang='lat' dir='ltr'><strong>facilerepe-</strong></span> 
     </span>
    </p>
   </div>
   <div class='ocr_carea' id='block_1_111' title="bbox 811 2404 1601 2439">
    <p class='ocr_par' dir='ltr' id='par_1_111' title="bbox 811 2404 1601 2439">
     <span class='ocr_line' id='line_1_111' title="bbox 811 2404 1601 2439; baseline 0.001 -7"><span class='ocrx_word' id='word_1_713' title='bbox 811 2404 909 2432; x_wconf 76' lang='lat' dir='ltr'><strong>riatur.</strong></span> <span class='ocrx_word' id='word_1_714' title='bbox 928 2404 956 2431; x_wconf 92' lang='lat' dir='ltr'><strong>ln</strong></span> <span class='ocrx_word' id='word_1_715' title='bbox 970 2404 1065 2432; x_wconf 85' lang='lat' dir='ltr'><strong>Jacobi</strong></span> <span class='ocrx_word' id='word_1_716' title='bbox 1079 2405 1147 2439; x_wconf 87' lang='lat' dir='ltr'><strong>Syra</strong></span> <span class='ocrx_word' id='word_1_717' title='bbox 1162 2405 1227 2432; x_wconf 86' lang='lat' dir='ltr'><strong>etin</strong></span> <span class='ocrx_word' id='word_1_718' title='bbox 1243 2405 1408 2438; x_wconf 88' lang='lat' dir='ltr'><strong>quibusdam</strong></span> <span class='ocrx_word' id='word_1_719' title='bbox 1423 2405 1484 2432; x_wconf 89' lang='lat' dir='ltr'><strong>aliis</strong></span> <span class='ocrx_word' id='word_1_720' title='bbox 1500 2405 1601 2433; x_wconf 88' lang='lat' dir='ltr'><strong>dicitur</strong></span> 
     </span>
    </p>
   </div>
   <div class='ocr_carea' id='block_1_112' title="bbox 811 2439 1600 2477">
    <p class='ocr_par' dir='ltr' id='par_1_112' title="bbox 811 2439 1600 2477">
     <span class='ocr_line' id='line_1_112' title="bbox 811 2439 1600 2477; baseline 0.001 -11"><span class='ocrx_word' id='word_1_721' title='bbox 811 2441 856 2477; x_wconf 80' lang='lat' dir='ltr'><strong>qui</strong></span> <span class='ocrx_word' id='word_1_722' title='bbox 872 2449 886 2466; x_wconf 88' lang='lat' dir='ltr'><strong>a</strong></span> <span class='ocrx_word' id='word_1_723' title='bbox 903 2445 926 2466; x_wconf 85' lang='lat' dir='ltr'><strong>te</strong></span> <span class='ocrx_word' id='word_1_724' title='bbox 936 2440 1064 2477; x_wconf 73' lang='lat' dir='ltr'><strong>procedit,</strong></span> <span class='ocrx_word' id='word_1_725' title='bbox 1075 2441 1182 2477; x_wconf 64' lang='lat' dir='ltr'><strong>etquiq</strong></span> <span class='ocrx_word' id='word_1_726' title='bbox 1196 2439 1337 2477; x_wconf 58' lang='lat' dir='ltr'><strong>Filiotuo,</strong></span> <span class='ocrx_word' id='word_1_727' title='bbox 1350 2447 1408 2474; x_wconf 79' lang='lat' dir='ltr'><strong>qua:</strong></span> <span class='ocrx_word' id='word_1_728' title='bbox 1417 2442 1451 2466; x_wconf 82' lang='lat' dir='ltr'><strong>ad</strong></span> <span class='ocrx_word' id='word_1_729' title='bbox 1459 2440 1600 2467; x_wconf 76' lang='lat' dir='ltr'><strong>essentiam</strong></span> 
     </span>
    </p>
   </div>
   <div class='ocr_carea' id='block_1_113' title="bbox 812 2473 1601 2510">
    <p class='ocr_par' dir='ltr' id='par_1_113' title="bbox 812 2473 1601 2510">
     <span class='ocr_line' id='line_1_113' title="bbox 812 2473 1601 2510; baseline 0 -8"><span class='ocrx_word' id='word_1_730' title='bbox 812 2473 941 2510; x_wconf 63' lang='lat' dir='ltr'><strong>spectant,</strong></span> <span class='ocrx_word' id='word_1_731' title='bbox 965 2480 1011 2501; x_wconf 84' lang='lat' dir='ltr'><strong>aut</strong></span> <span class='ocrx_word' id='word_1_732' title='bbox 1027 2474 1062 2500; x_wconf 79' lang='grc' dir='ltr'><strong>τὰ</strong></span> <span class='ocrx_word' id='word_1_733' title='bbox 1083 2473 1201 2510; x_wconf 61' lang='grc' dir='ltr'><strong>οὑξῃώδη</strong></span> <span class='ocrx_word' id='word_1_734' title='bbox 1222 2475 1319 2509; x_wconf 78' lang='lat' dir='ltr'><strong>accipit</strong></span> <span class='ocrx_word' id='word_1_735' title='bbox 1337 2473 1426 2508; x_wconf 46' lang='lat' dir='ltr'><strong>aqua:</strong></span> <span class='ocrx_word' id='word_1_736' title='bbox 1450 2479 1552 2501; x_wconf 83' lang='lat' dir='ltr'><strong>rectam</strong></span> <span class='ocrx_word' id='word_1_737' title='bbox 1567 2477 1601 2502; x_wconf 83' lang='lat' dir='ltr'><strong>de</strong></span> 
     </span>
    </p>
   </div>
   <div class='ocr_carea' id='block_1_114' title="bbox 813 2509 1600 2545">
    <p class='ocr_par' dir='ltr' id='par_1_114' title="bbox 813 2509 1600 2545">
     <span class='ocr_line' id='line_1_114' title="bbox 813 2509 1600 2545; baseline -0.001 -8"><span class='ocrx_word' id='word_1_738' title='bbox 813 2509 991 2545; x_wconf 70' lang='lat' dir='ltr'><strong>processuone</strong></span> <span class='ocrx_word' id='word_1_739' title='bbox 1016 2511 1104 2545; x_wconf 85' lang='lat' dir='ltr'><strong>sancti</strong></span> <span class='ocrx_word' id='word_1_740' title='bbox 1133 2509 1251 2544; x_wconf 88' lang='lat' dir='ltr'><strong>Spiritus</strong></span> <span class='ocrx_word' id='word_1_741' title='bbox 1270 2509 1421 2545; x_wconf 83' lang='lat' dir='ltr'><strong>doctrinam</strong></span> <span class='ocrx_word' id='word_1_742' title='bbox 1448 2510 1482 2536; x_wconf 90' lang='lat' dir='ltr'><strong>ita</strong></span> <span class='ocrx_word' id='word_1_743' title='bbox 1507 2511 1600 2545; x_wconf 78' lang='lat' dir='ltr'><strong>expri-</strong></span> 
     </span>
    </p>
   </div>
   <div class='ocr_carea' id='block_1_115' title="bbox 813 2544 1600 2578">
    <p class='ocr_par' dir='ltr' id='par_1_115' title="bbox 813 2544 1600 2578">
     <span class='ocr_line' id='line_1_115' title="bbox 813 2544 1600 2578; baseline 0 -6"><span class='ocrx_word' id='word_1_744' title='bbox 813 2544 900 2577; x_wconf 85' lang='lat' dir='ltr'><strong>munt,</strong></span> <span class='ocrx_word' id='word_1_745' title='bbox 923 2550 951 2572; x_wconf 93' lang='lat' dir='ltr'><strong>ut</strong></span> <span class='ocrx_word' id='word_1_746' title='bbox 970 2553 985 2572; x_wconf 88' lang='lat' dir='ltr'><strong>a</strong></span> <span class='ocrx_word' id='word_1_747' title='bbox 1008 2544 1111 2572; x_wconf 67' lang='lat' dir='ltr'><strong>Gratcis</strong></span> <span class='ocrx_word' id='word_1_748' title='bbox 1137 2544 1320 2572; x_wconf 85' lang='lat' dir='ltr'><strong>schisrnaticis</strong></span> <span class='ocrx_word' id='word_1_749' title='bbox 1344 2544 1513 2578; x_wconf 78' lang='lat' dir='ltr'><strong>rejiciantur.</strong></span> <span class='ocrx_word' id='word_1_750' title='bbox 1539 2544 1600 2572; x_wconf 87' lang='lat' dir='ltr'><strong>Non</strong></span> 
     </span>
    </p>
   </div>
   <div class='ocr_carea' id='block_1_116' title="bbox 812 2579 1601 2616">
    <p class='ocr_par' dir='ltr' id='par_1_116' title="bbox 812 2579 1601 2616">
     <span class='ocr_line' id='line_1_116' title="bbox 812 2579 1601 2616; baseline -0.003 -8"><span class='ocrx_word' id='word_1_751' title='bbox 812 2581 995 2616; x_wconf 84' lang='lat' dir='ltr'><strong>spernendum</strong></span> <span class='ocrx_word' id='word_1_752' title='bbox 1009 2588 1075 2616; x_wconf 79' lang='lat' dir='ltr'><strong>sane</strong></span> <span class='ocrx_word' id='word_1_753' title='bbox 1085 2580 1270 2616; x_wconf 72' lang='lat' dir='ltr'><strong>testimonium</strong></span> <span class='ocrx_word' id='word_1_754' title='bbox 1284 2579 1355 2606; x_wconf 83' lang='lat' dir='ltr'><strong>istud</strong></span> <span class='ocrx_word' id='word_1_755' title='bbox 1367 2583 1422 2616; x_wconf 76' lang='lat' dir='ltr'><strong>est,</strong></span> <span class='ocrx_word' id='word_1_756' title='bbox 1440 2579 1601 2616; x_wconf 85' lang='lat' dir='ltr'><strong>qualiscun-</strong></span> 
     </span>
    </p>
   </div>
   <div class='ocr_carea' id='block_1_117' title="bbox 811 2614 1599 2650">
    <p class='ocr_par' dir='ltr' id='par_1_117' title="bbox 811 2614 1599 2650">
     <span class='ocr_line' id='line_1_117' title="bbox 811 2614 1599 2650; baseline -0.004 -7"><span class='ocrx_word' id='word_1_757' title='bbox 811 2614 866 2650; x_wconf 86' lang='lat' dir='ltr'><strong>que</strong></span> <span class='ocrx_word' id='word_1_758' title='bbox 886 2616 993 2643; x_wconf 83' lang='lat' dir='ltr'><strong>tandem</strong></span> <span class='ocrx_word' id='word_1_759' title='bbox 1010 2615 1046 2642; x_wconf 88' lang='lat' dir='ltr'><strong>sit</strong></span> <span class='ocrx_word' id='word_1_760' title='bbox 1062 2615 1113 2642; x_wconf 84' lang='lat' dir='ltr'><strong>ista</strong></span> <span class='ocrx_word' id='word_1_761' title='bbox 1130 2615 1255 2648; x_wconf 78' lang='lat' dir='ltr'><strong>Liturgia</strong></span> <span class='ocrx_word' id='word_1_762' title='bbox 1270 2621 1276 2640; x_wconf 92' lang='lat'><strong>:</strong></span> <span class='ocrx_word' id='word_1_763' title='bbox 1292 2621 1354 2640; x_wconf 83' lang='lat' dir='ltr'><strong>naut</strong></span> <span class='ocrx_word' id='word_1_764' title='bbox 1367 2614 1401 2641; x_wconf 85' lang='lat' dir='ltr'><strong>ab</strong></span> <span class='ocrx_word' id='word_1_765' title='bbox 1417 2615 1599 2649; x_wconf 87' lang='lat' dir='ltr'><strong>interpolato-</strong></span> 
     </span>
    </p>
   </div>
   <div class='ocr_carea' id='block_1_118' title="bbox 812 2649 1600 2684">
    <p class='ocr_par' dir='ltr' id='par_1_118' title="bbox 812 2649 1600 2684">
     <span class='ocr_line' id='line_1_118' title="bbox 812 2649 1600 2684; baseline -0.001 -6"><span class='ocrx_word' id='word_1_766' title='bbox 812 2649 888 2678; x_wconf 80' lang='lat' dir='ltr'><strong>ribus</strong></span> <span class='ocrx_word' id='word_1_767' title='bbox 901 2651 967 2678; x_wconf 93' lang='lat' dir='ltr'><strong>nihil</strong></span> <span class='ocrx_word' id='word_1_768' title='bbox 980 2658 1088 2684; x_wconf 84' lang='lat' dir='ltr'><strong>passam</strong></span> <span class='ocrx_word' id='word_1_769' title='bbox 1097 2651 1170 2676; x_wconf 77' lang='lat' dir='ltr'><strong>illam</strong></span> <span class='ocrx_word' id='word_1_770' title='bbox 1180 2657 1241 2676; x_wconf 72' lang='lat' dir='ltr'><strong>esse</strong></span> <span class='ocrx_word' id='word_1_771' title='bbox 1254 2649 1437 2676; x_wconf 85' lang='lat' dir='ltr'><strong>certissimum</strong></span> <span class='ocrx_word' id='word_1_772' title='bbox 1447 2654 1499 2676; x_wconf 88' lang='lat' dir='ltr'><strong>est.</strong></span> <span class='ocrx_word' id='word_1_773' title='bbox 1510 2649 1600 2684; x_wconf 84' lang='lat' dir='ltr'><strong>Atque</strong></span> 
     </span>
    </p>
   </div>
   <div class='ocr_carea' id='block_1_119' title="bbox 812 2685 1600 2719">
    <p class='ocr_par' dir='ltr' id='par_1_119' title="bbox 812 2685 1600 2719">
     <span class='ocr_line' id='line_1_119' title="bbox 812 2685 1600 2719; baseline -0.001 -6"><span class='ocrx_word' id='word_1_774' title='bbox 812 2687 848 2713; x_wconf 89' lang='lat' dir='ltr'><strong>ita</strong></span> <span class='ocrx_word' id='word_1_775' title='bbox 864 2691 971 2713; x_wconf 85' lang='lat' dir='ltr'><strong>constat</strong></span> <span class='ocrx_word' id='word_1_776' title='bbox 983 2694 1036 2712; x_wconf 88' lang='lat' dir='ltr'><strong>non</strong></span> <span class='ocrx_word' id='word_1_777' title='bbox 1050 2686 1120 2719; x_wconf 82' lang='lat' dir='ltr'><strong>apud</strong></span> <span class='ocrx_word' id='word_1_778' title='bbox 1132 2685 1243 2711; x_wconf 82' lang='lat' dir='ltr'><strong>Latinos</strong></span> <span class='ocrx_word' id='word_1_779' title='bbox 1263 2689 1352 2719; x_wconf 74' lang='lat' dir='ltr'><strong>natam</strong></span> <span class='ocrx_word' id='word_1_780' title='bbox 1366 2685 1523 2718; x_wconf 88' lang='lat' dir='ltr'><strong>opinionem</strong></span> <span class='ocrx_word' id='word_1_781' title='bbox 1538 2692 1600 2712; x_wconf 81' lang='lat' dir='ltr'><strong>esse</strong></span> 
     </span>
    </p>
   </div>
   <div class='ocr_carea' id='block_1_120' title="bbox 812 2718 1598 2755">
    <p class='ocr_par' dir='ltr' id='par_1_120' title="bbox 812 2718 1598 2755">
     <span class='ocr_line' id='line_1_120' title="bbox 812 2718 1598 2755; baseline -0.003 -7"><span class='ocrx_word' id='word_1_782' title='bbox 812 2721 845 2748; x_wconf 88' lang='lat' dir='ltr'><strong>de</strong></span> <span class='ocrx_word' id='word_1_783' title='bbox 861 2721 1037 2755; x_wconf 77' lang='lat' dir='ltr'><strong>proccssione</strong></span> <span class='ocrx_word' id='word_1_784' title='bbox 1050 2718 1169 2754; x_wconf 73' lang='lat' dir='ltr'><strong>Spiritus</strong></span> <span class='ocrx_word' id='word_1_785' title='bbox 1182 2719 1268 2755; x_wconf 78' lang='lat' dir='ltr'><strong>sancti</strong></span> <span class='ocrx_word' id='word_1_786' title='bbox 1288 2727 1303 2745; x_wconf 88' lang='lat' dir='ltr'><strong>a</strong></span> <span class='ocrx_word' id='word_1_787' title='bbox 1316 2718 1396 2755; x_wconf 75' lang='lat' dir='ltr'><strong>Patre</strong></span> <span class='ocrx_word' id='word_1_788' title='bbox 1411 2724 1438 2746; x_wconf 85' lang='lat' dir='ltr'><strong>et</strong></span> <span class='ocrx_word' id='word_1_789' title='bbox 1452 2719 1529 2752; x_wconf 81' lang='lat' dir='ltr'><strong>Filio,</strong></span> <span class='ocrx_word' id='word_1_790' title='bbox 1549 2727 1598 2746; x_wconf 84' lang='lat' dir='ltr'><strong>seu</strong></span> 
     </span>
    </p>
   </div>
   <div class='ocr_carea' id='block_1_121' title="bbox 812 2753 1598 2791">
    <p class='ocr_par' dir='ltr' id='par_1_121' title="bbox 812 2753 1598 2791">
     <span class='ocr_line' id='line_1_121' title="bbox 812 2753 1598 2791; baseline -0.003 -9"><span class='ocrx_word' id='word_1_791' title='bbox 812 2753 983 2791; x_wconf 47' lang='lat' dir='ltr'><strong>per-Filium,</strong></span> <span class='ocrx_word' id='word_1_792' title='bbox 999 2753 1075 2789; x_wconf 82' lang='lat' dir='ltr'><strong>quod</strong></span> <span class='ocrx_word' id='word_1_793' title='bbox 1085 2755 1156 2781; x_wconf 86' lang='lat' dir='ltr'><strong>idem</strong></span> <span class='ocrx_word' id='word_1_794' title='bbox 1173 2763 1234 2781; x_wconf 87' lang='lat' dir='ltr'><strong>esse</strong></span> <span class='ocrx_word' id='word_1_795' title='bbox 1248 2753 1337 2791; x_wconf 14' lang='lat' dir='ltr'><strong>‘Graaci</strong></span> <span class='ocrx_word' id='word_1_796' title='bbox 1354 2759 1518 2791; x_wconf 67' lang='lat' dir='ltr'><strong>agnoscunt,</strong></span> <span class='ocrx_word' id='word_1_797' title='bbox 1535 2762 1598 2781; x_wconf 86' lang='lat' dir='ltr'><strong>cum</strong></span> 
     </span>
    </p>
   </div>
   <div class='ocr_carea' id='block_1_122' title="bbox 811 2789 1599 2825">
    <p class='ocr_par' dir='ltr' id='par_1_122' title="bbox 811 2789 1599 2825">
     <span class='ocr_line' id='line_1_122' title="bbox 811 2789 1599 2825; baseline 0 -8"><span class='ocrx_word' id='word_1_798' title='bbox 811 2789 839 2817; x_wconf 88' lang='lat' dir='ltr'><strong>in</strong></span> <span class='ocrx_word' id='word_1_799' title='bbox 855 2791 944 2818; x_wconf 78' lang='lat' dir='ltr'><strong>media</strong></span> <span class='ocrx_word' id='word_1_800' title='bbox 960 2790 1050 2825; x_wconf 81' lang='lat' dir='ltr'><strong>Syria,</strong></span> <span class='ocrx_word' id='word_1_801' title='bbox 1067 2791 1138 2816; x_wconf 78' lang='lat' dir='ltr'><strong>initer</strong></span> <span class='ocrx_word' id='word_1_802' title='bbox 1149 2797 1198 2816; x_wconf 86' lang='lat' dir='ltr'><strong>eos</strong></span> <span class='ocrx_word' id='word_1_803' title='bbox 1208 2789 1254 2824; x_wconf 88' lang='lat' dir='ltr'><strong>qui</strong></span> <span class='ocrx_word' id='word_1_804' title='bbox 1268 2789 1348 2816; x_wconf 84' lang='lat' dir='ltr'><strong>alicui</strong></span> <span class='ocrx_word' id='word_1_805' title='bbox 1361 2794 1426 2816; x_wconf 86' lang='lat' dir='ltr'><strong>sunt</strong></span> <span class='ocrx_word' id='word_1_806' title='bbox 1441 2798 1455 2817; x_wconf 92' lang='lat' dir='ltr'><strong>a</strong></span> <span class='ocrx_word' id='word_1_807' title='bbox 1469 2789 1599 2817; x_wconf 73' lang='lat' dir='ltr'><strong>Romam:</strong></span> 
     </span>
    </p>
   </div>
   <div class='ocr_carea' id='block_1_123' title="bbox 808 2825 1538 2859">
    <p class='ocr_par' dir='ltr' id='par_1_123' title="bbox 808 2825 1538 2859">
     <span class='ocr_line' id='line_1_123' title="bbox 808 2825 1538 2859; baseline 0 -6"><span class='ocrx_word' id='word_1_808' title='bbox 808 2825 935 2853; x_wconf 71' lang='lat' dir='ltr'><strong>Ecclesiae</strong></span> <span class='ocrx_word' id='word_1_809' title='bbox 947 2825 1149 2856; x_wconf 82' lang='lat' dir='ltr'><strong>communione,</strong></span> <span class='ocrx_word' id='word_1_810' title='bbox 1167 2830 1250 2852; x_wconf 84' lang='lat' dir='ltr'><strong>testes</strong></span> <span class='ocrx_word' id='word_1_811' title='bbox 1261 2825 1334 2852; x_wconf 50' lang='lat' dir='ltr'><strong>illrus</strong></span> <span class='ocrx_word' id='word_1_812' title='bbox 1351 2826 1538 2859; x_wconf 78' lang='lat' dir='ltr'><strong>reperiantur.</strong></span> 
     </span>
    </p>
   </div>
  </div>
