2290 3110
600 146 648 173 (ill

1009 142 1037 170 S.
1057 141 1250 170 CLEMENTIS
1269 142 1279 168 l
1299 141 1381 169 ROM.
1402 139 1501 167 PONT.
1521 140 1634 168 OPEllA
1652 139 1764 168 DUBlA.

2181 141 2224 169 612

637 200 766 228 Sacerdos
779 199 881 226 elevans
901 205 997 225 uocem.
1012 196 1045 222 Et
1061 195 1210 223 Ecclesium
1229 200 1315 227 luam,
1330 194 1384 221 Do-
1403 194 1425 222 Α
1438 193 1564 228 disperge
1578 200 1604 221 et
1619 194 1721 229 dissipa
1735 203 1741 221 :
1760 201 1841 228 regna
1858 193 1980 229 profana,
1996 199 2023 223 et
2037 196 2164 224 haeresas
2182 206 2224 224 uu-

601 247 685 280 mine,
701 254 782 282 quam
804 244 950 280 possedisti
967 243 1000 270 ab
1021 243 1109 275 initio,
1130 247 1157 268 et
1177 241 1316 268 redemisti
1340 247 1388 275 per

603 293 763 328 sanguinem
780 290 912 326 unigeniti
928 289 988 316 Filii
1004 289 1042 316 tui
1061 287 1187 320 benedic,
1200 291 1226 314 et
1238 286 1343 321 depelle
1354 286 1389 313 ab

603 345 635 364 ea
652 336 868 364 conﬂictationes
885 336 1024 362 haereseon
1041 333 1269 368 perniciosarum,
1292 340 1353 367 quae
1373 340 1388 359 a

605 383 748 418 spiritibus
764 382 867 416 peccati
880 381 1058 412 suscitantur,
1072 385 1097 405 et
1110 380 1143 406 ad
1160 387 1219 406 eam
1231 379 1389 413 demergen—

605 427 667 454 dam
684 427 710 453 in
723 428 851 462 abyssum
867 426 1025 460 impietatis,
1039 426 1203 452 excitantur.
1211 423 1344 459 Propulsa
1355 424 1389 451 ab

607 473 662 505 illa,
678 472 804 502 Domine,
817 471 956 502 scandala,
969 474 996 497 et
1011 470 1096 502 rixas,
1108 474 1135 496 et
1154 477 1287 504 prazserva
1299 476 1357 495 eam
1373 475 1388 494 a

605 519 698 554 virgis,
711 518 877 553 ﬂagellisque
889 518 955 550 tuis,
975 521 1057 552 atque
1072 524 1086 543 a
1104 515 1313 546 tentationibus,
1325 514 1388 549 qui-

604 565 656 592 bus
667 573 714 600 per
730 563 912 591 inlirmitatem
927 563 1096 591 succumbat.
1109 562 1205 589 Libera
1219 570 1279 589 eam
1291 570 1305 588 a
1318 561 1390 588 fame

605 619 707 643 amara,
723 619 738 638 a
754 611 922 645 captivitate,
945 615 973 637 et
985 609 1162 636 mortalitate.
1187 608 1225 635 Da
1240 608 1322 635 etiam
1349 608 1389 635 illi

604 664 726 693 tempora
756 657 913 692 tranquilla,
936 661 963 684 et
977 655 1154 687 abundantia,
1176 654 1390 689 praeclaramque

603 704 676 732 aeris
687 704 855 738 temperiem,
873 708 994 738 segetum
1009 701 1202 736 fructuumque
1214 705 1388 735 proventum,

603 758 666 777 cum
688 748 907 776 accumulatione
929 748 1051 774 omnium
1087 746 1239 779 bonorum;
1267 745 1333 780 quia
1361 751 1389 772 tu

602 795 693 822 bonus
707 802 747 828 es,
763 799 790 821 et
805 801 886 829 super
897 800 992 820 omnes
1002 792 1111 827 largiter
1118 791 1260 819 eﬁ‘undens
1275 799 1389 818 munera

602 847 660 874 tua,
677 841 846 876 gratiamque
866 844 941 865 tuam
957 838 1132 872 dispensans,
1153 837 1258 872 tibique
1273 837 1387 872 gloriam

603 894 630 917 et
645 889 794 924 gratiarum
811 885 946 913 actionem
961 884 1114 912 otl'erimus.

638 933 767 968 Populus.
780 931 878 958 Amen.

637 979 765 1007 Sacerdos
794 977 948 1005 inclinatus.
975 975 1122 1008 Memento,
1142 974 1268 1007 Domine,
1291 982 1387 1002 eorum

602 1026 684 1061 quiin
706 1024 859 1059 virginitate
878 1030 946 1057 pure
956 1022 1062 1054 vivunt,
1076 1021 1285 1056 conjugatorum
1298 1025 1391 1048 casto-

602 1079 674 1104 rum,
687 1071 869 1105 orphanorum
883 1073 909 1095 et
918 1067 1073 1099 viduarum,
1086 1074 1235 1101 pauperum
1248 1071 1275 1093 et
1287 1074 1389 1101 egeno-

602 1125 674 1149 rum,
691 1120 718 1143 ct
736 1123 831 1142 eorum
847 1113 893 1148 qui
908 1113 1039 1148 adjuvant
1053 1111 1202 1139 Ecclesium
1223 1117 1308 1138 tuam.
1325 1111 1389 1139 illo-

602 1171 662 1190 rum
678 1162 760 1189 etiam
776 1160 822 1195 qui
847 1159 947 1186 addicti
969 1162 1032 1186 sunt
1050 1158 1202 1185 ministerio
1219 1162 1389 1191 sanctorum,

602 1212 630 1236 ct
655 1208 784 1242 adjuvant
804 1205 993 1233 necessitatem
1018 1205 1175 1238 patientes:
1199 1204 1246 1239 qui
1273 1204 1390 1231 otTerunt

602 1255 765 1286 oblationes,
779 1258 805 1280 et
820 1252 950 1287 praeclare
961 1255 1119 1285 operantur.

637 1299 767 1335 Populus.
784 1298 866 1334 Kyrie
877 1298 991 1325 eleison.

639 1347 768 1375 Sacerdos
782 1345 885 1372 elevans
907 1352 1005 1371 vocem.
1019 1343 1052 1371 Et
1071 1343 1169 1378 adjuva
1186 1351 1234 1378 per
1249 1343 1389 1370 dexteram

604 1398 678 1421 tuam
692 1395 841 1427 potentem,
855 1390 1041 1424 conﬁrmaque
1055 1389 1168 1415 brachio
1180 1394 1226 1416 tuo
1241 1387 1316 1421 forti,
1329 1396 1389 1415 om—

603 1446 653 1466 nes
672 1438 718 1472 qui
735 1438 762 1464 in
782 1436 903 1463 Ecclesia
930 1440 976 1462 tua
1001 1439 1095 1462 sancta
1111 1435 1242 1462 catholica
1259 1440 1390 1469 perpetuo

604 1484 756 1512 oblationes
769 1482 898 1509 otl‘erunt.
909 1486 936 1508 et
949 1482 1088 1508 memoria:
1105 1485 1262 1508 sanctorum
1280 1486 1388 1508 tuorum

603 1530 822 1561 communicant;
839 1529 885 1563 qui
897 1528 1130 1563 eleemosynarum
1146 1527 1279 1556 fructibus
1290 1535 1390 1563 egenos
1403 1539 1425 1568 ε

605 1575 776 1603 abundanter
791 1578 955 1607 sustentant,
972 1578 999 1600 et
1014 1573 1190 1612 indigentiam
1202 1574 1310 1608 explent
1323 1581 1390 1608 pau-

604 1629 711 1656 perum.
731 1619 769 1646 Da
788 1620 841 1647 illis
855 1619 1049 1646 abundantiam
1064 1619 1210 1652 bonorum,
1232 1627 1281 1654 pro
1296 1619 1390 1654 dispo-

604 1668 704 1696 sitione
715 1667 837 1694 cordium
850 1673 943 1693 eorum
958 1674 965 1692 :
981 1669 1007 1692 et
1024 1673 1072 1700 pro
1083 1665 1163 1692 donis
1180 1665 1388 1699 temporalibus,

605 1713 639 1740 da
652 1712 704 1740 illis
717 1712 881 1739 atlluentiam
904 1711 1125 1738 benedictiouum
1145 1711 1343 1738 ditissimarum
1362 1716 1390 1738 et

605 1757 829 1786 inamissibilium
843 1765 850 1784 :
868 1761 895 1783 et
916 1764 965 1791 pro
977 1756 1201 1790 possessionibus
1213 1764 1267 1783 non
1283 1764 1391 1790 perma-

604 1804 743 1837 nentibus,
756 1810 879 1838 prmpara
895 1802 948 1829 illis
964 1802 1076 1829 delicias
1087 1802 1190 1835 beatas,
1202 1806 1228 1829 ct
1237 1803 1389 1830 mercedem

605 1849 886 1884 inconsumptibilem,
899 1852 926 1875 et
941 1856 1053 1875 munera
1067 1848 1169 1875 amoris
1189 1855 1253 1883 erga
1266 1848 1390 1876 homines

606 1896 656 1928 tui,
677 1896 803 1930 bonaque
819 1894 957 1921 uberrima
977 1893 1143 1920 haereditatis
1167 1898 1220 1920 tuae
1242 1903 1248 1921 :
1274 1895 1339 1929 quia
1361 1899 1390 1921 tu

605 1941 692 1969 bonus
701 1949 741 1974 es,
750 1945 776 1968 et
789 1941 864 1968 dives
873 1941 899 1967 in
909 1940 1078 1971 muneribus,
1095 1940 1242 1975 largusque
1253 1940 1389 1968 donorum

606 1991 715 2014 tuorum
733 1997 739 2014 :
756 1991 783 2014 et
801 1987 848 2014 tibi
862 1986 975 2021 gloriam
989 1990 1016 2013 et
1027 1986 1175 2021 gratiarum
1190 1986 1323 2013 actionem
1348 1986 1391 2014 of-

605 2032 730 2060 ferimus.

642 2078 771 2113 Populus.
786 2077 882 2104 Amen.

642 2123 770 2151 Sacerdos
789 2123 944 2150 inclinatus.
970 2122 1115 2156 Memento,
1142 2123 1273 2157 Domine,
1295 2132 1389 2159 regum

607 2169 824 2197 orthodoxorum
841 2169 910 2204 (28),
934 2168 969 2195 da
990 2168 1043 2195 illis
1055 2169 1196 2195 victoriam
1212 2169 1246 2196 de
1271 2170 1389 2196 inimicis

1440 239 1498 274 pias
1513 240 1661 274 comprime
1674 239 1783 267 dextera
1797 245 1842 267 tua
1856 241 1976 275 potenti:
1994 241 2098 269 hebeta
2112 242 2223 277 gladium

1440 289 1563 318 acutum,
1590 292 1624 312 ne
1642 285 1783 311 immineat
1798 286 1949 314 cervicibus
1963 287 2054 322 gregis
2075 287 2141 315 tui:
2157 296 2224 316 com-

1439 337 1519 364 pesce
1532 330 1714 364 captivitates,
1728 330 1825 363 caedes,
1845 336 1872 358 et
1893 331 1962 359 bella
1978 340 1993 359 a
2008 333 2126 368 populis
2139 338 2167 360 et
2178 334 2225 361 haz-

1440 373 1555 400 reditate
1569 378 1614 401 tua
1633 382 1639 400 :
1655 381 1743 408 neque
1754 375 1872 409 aspicias
1889 376 2058 411 iniquitatem
2072 385 2174 405 eorum
2185 382 2224 413 qui

1440 420 1608 454 unigenitum
1624 420 1722 447 Filium
1740 425 1816 447 tuum
1832 422 1956 449 dividunt
1970 430 1977 448 :
1995 424 2043 450 sed
2057 424 2224 459 reliquorum

1440 470 1586 499 memento,
1598 467 1645 501 qui
1665 467 1782 494 retinent
1794 467 1872 494 ﬁdem
1884 469 2078 502 orthodoxam,
2094 475 2123 498 et
2137 471 2170 498 da
2180 471 2226 498 illis

1439 516 1521 546 atque
1533 512 1611 540 nobis
1624 513 1751 540 virtutem
1766 514 2022 548 insuperabilem,et
2034 516 2120 543 nobis
2129 522 2156 543 et
2167 517 2226 551 ipsis

1440 557 1559 584 concede
1573 562 1695 592 tempora
1710 559 1819 593 quietis,
1839 564 1866 587 et
1877 561 2109 595 tranquillitatem
2124 563 2225 595 salutis,

1439 610 1487 638 per
1501 603 1615 638 gratiam
1627 607 1653 630 et
1665 604 1880 633 misericordiam
1897 611 1922 633 et
1932 614 2054 634 amorem
2064 615 2133 642 erga
2147 608 2226 635 Immi-

1440 657 1489 676 nes
1504 650 1634 684 unigeniti
1648 650 1708 678 Filii
1725 652 1917 687 tui,perquem
1928 657 2026 681 etcum
2041 661 2102 689 quo
2119 659 2145 682 te
2157 655 2227 682 decet

1440 695 1525 730 gloria
1539 700 1566 722 et
1579 696 1677 729 honor,
1691 702 1743 724 etc.

1476 741 1606 777 Populus.
1622 743 1719 770 Amen.

1476 788 1606 815 Sacerdos
1632 789 1786 816 inclinatus.
1808 789 1909 817 Eorum
1931 789 2012 817 etiam
2043 791 2171 818 omnium
2186 793 2225 826 qui

1441 834 1574 869 agonibus
1588 834 1645 861 suis
1660 834 1706 861 tibi
1720 834 1890 869 placuerunt,
1907 839 1934 862 et
1954 843 2096 863 summam
2110 838 2226 864 moribus

1442 879 1499 908 suis
1508 879 1623 914 gloriam
1635 881 1775 907 consecuti
1792 880 1918 911 sunt.fac
1933 881 2034 909 bonam
2051 884 2225 914 memoriam,

1441 925 1566 959 Domine,
1581 926 1633 953 hoc
1643 930 1764 960 tempore
1781 936 1786 953 :
1804 932 1910 961 patrum
1923 927 2227 964 patriarcharum,pro-

1440 972 1594 1007 phetarum,
1607 972 1803 1007 apostolorum,
1814 973 2036 1007 praedicatorum,
2055 975 2227 1002 annuntiato-

1440 1026 1513 1050 rum,
1543 1017 1784 1052 evangelistarum,
1803 1017 1915 1046 Joannis
1929 1018 2071 1054 Baptistae,
2100 1020 2224 1055 Stephani

1440 1064 1558 1097 diaconi,
1586 1069 1612 1092 et
1633 1063 1779 1092 Genitricis
1807 1064 1855 1092 Dei
1879 1064 1981 1098 Mariae,
2010 1073 2075 1093 cum
2103 1066 2226 1094 omnibus

1441 1111 1554 1138 sanctis.

1477 1156 1588 1183 Elevans
1596 1164 1691 1183 uocem.
1704 1155 1805 1183 Eorum
1817 1155 1864 1191 qui
1876 1156 2026 1184 certamine
2037 1157 2171 1184 athletico
2183 1164 2226 1184 suo

1440 1201 1564 1236 perfecti,
1591 1206 1617 1228 et
1633 1209 1720 1236 agone
1731 1201 1845 1236 justitia:
1862 1202 2049 1229 consummati
2073 1208 2152 1230 sunt.
2175 1202 2225 1229 Me-

1440 1251 1533 1274 mento
1546 1247 1639 1281 etiam,
1655 1246 1894 1280 Domine,e0rum,
1908 1247 1954 1282 qui
1969 1248 1997 1274 in
2009 1247 2131 1284 singulis
2143 1248 2225 1283 regio-

1441 1293 1523 1320 nibus
1538 1298 1564 1320 et
1577 1293 1734 1320 civitatibus
1748 1293 1910 1328 placuerunt
1923 1293 2038 1329 tibi,qui
2050 1294 2158 1321 exitum
2172 1294 2225 1320 vitae

1441 1339 1607 1374 inculpatum
1625 1339 1756 1367 habentes
1771 1347 1804 1366 ex
1821 1339 1873 1366 hoc
1888 1339 1992 1367 mundo
2009 1339 2145 1374 profecti,
2158 1339 2190 1367 ad
2204 1345 2226 1366 te

1440 1391 1633 1420 pervenerunt,
1642 1390 1669 1413 et
1678 1385 1712 1413 ad
1724 1386 1849 1413 caelestes
1865 1385 1962 1412 domos
1971 1385 2070 1412 elevati
2082 1391 2152 1413 sunt
2165 1397 2171 1413 ;
2181 1385 2226 1412 Pa-

1440 1437 1512 1459 trum
1525 1432 1700 1466 antiquorum
1718 1436 1745 1459 et
1768 1431 1997 1466 patriarcharum,
2016 1431 2177 1466 principum
2193 1431 2228 1459 fa-

1440 1478 1590 1510 miliarum,
1607 1478 1655 1513 qui
1666 1478 1793 1514 mysteria
1811 1478 1938 1505 viderunt
1953 1482 1980 1505 et
1992 1477 2177 1505 revelationes
2188 1485 2224 1512 pe-

1441 1528 1628 1555 netraverunt,
1641 1531 1847 1551 oeconomorum
1861 1523 2056 1558 spiritualium,
2067 1524 2228 1558 praedicato-

1441 1578 1502 1597 rum
1521 1570 1715 1605 gloriosorum,
1732 1574 1759 1597 et
1774 1570 1935 1597 dilectorum
1951 1569 2002 1597 tibi
2020 1570 2226 1604 deprecantium

1442 1620 1477 1648 te,
1507 1616 1610 1650 tibique
1634 1620 1806 1650 acceptorum
1833 1619 1861 1643 et
1883 1615 2110 1650 d-ispeusatorum
2134 1615 2226 1642 domus

1441 1667 1504 1690 tuae.
1518 1661 1655 1697 Propitius
1676 1666 1745 1694 esto,
1767 1661 1892 1694 Domine,
1912 1662 2106 1696 iniquitatibus
2120 1663 2226 1693 nostris,

1440 1716 1489 1744 per
1503 1708 1642 1736 orationes
1659 1715 1766 1735 eorum.
1783 1707 1822 1735 Da
1838 1709 1917 1736 nobis
1938 1713 1969 1736 ut
1982 1715 2045 1735 cum
2065 1707 2128 1735 ﬁde
2145 1707 2227 1734 ortho-

1441 1754 1522 1787 doxa,
1536 1754 1685 1782 secundum
1701 1757 1824 1781 exactam
1835 1754 1987 1782 doctrinam
2007 1761 2122 1786 eorum,
2137 1760 2224 1787 sequa-

1441 1809 1503 1828 mur
1516 1801 1625 1828 illorum
1638 1801 1763 1836 vestigia,
1779 1801 1920 1836 simusque
1930 1800 2052 1828 haeredes
2067 1799 2227 1834 promissio-

1441 1854 1507 1874 num
1522 1855 1583 1882 qua:
1595 1847 1629 1874 ad
1641 1855 1688 1874 eos
1703 1846 1781 1874 factae
1791 1852 1864 1877 sunt.
1878 1846 2084 1881 partieipesque
2097 1845 2227 1873 mercedis

1441 1900 1551 1926 eorum;
1569 1897 1668 1919 etcum
1683 1893 1722 1920 eis
1738 1893 1871 1925 laetemur,
1888 1892 1980 1927 adepti
2004 1898 2128 1919 coronas
2149 1891 2229 1918 victo-

1441 1938 1498 1971 riae,
1515 1943 1597 1973 atque
1605 1938 1674 1966 inter
1684 1939 1791 1973 agmina
1800 1946 1894 1965 eorum
1903 1946 2035 1966 canamus
2049 1937 2104 1965 tibi
2118 1937 2228 1973 gloriam

1439 1989 1468 2012 et
1486 1984 1593 2011 laudem
1605 1989 1632 2011 et
1646 1984 1786 2019 unigenito
1796 1983 1865 2011 Filio
1875 1988 1933 2011 tuo.

1476 2030 1604 2066 Populus.
1619 2031 1716 2058 Amen.

1477 2077 1606 2104 Sacerdos
1628 2077 1784 2104 inclinatus.
1802 2076 2058 2105 Commemoramus
2080 2086 2182 2106 coram
2205 2084 2226 2105 ιι

1442 2123 1495 2150 hoc
1522 2128 1654 2158 tempore,
1680 2122 1805 2154 Domine,
1825 2128 1949 2157 pastores
1964 2131 2044 2151 veros
2059 2130 2089 2151 et
2103 2124 2228 2152 doctores

1443 2170 1566 2196 sinceros
1582 2189 1589 2201 ,
1616 2176 1711 2196 omnes
1730 2167 1825 2195 Patres
1839 2168 1940 2195 electos
1951 2173 1978 2196 et
1987 2169 2096 2203 beatos,
2112 2171 2226 2197 maxime

607 2215 675 2249 suis,
688 2220 716 2242 et
728 2215 826 2242 virtute
834 2214 1014 2249 omnipotenti
1027 2220 1072 2241 tua
1083 2215 1182 2241 robora
1194 2215 1263 2245 illos,
1276 2220 1302 2242 et
1315 2224 1390 2243 arma
1406 2214 1430 2243 Ι)
1443 2223 1508 2242 vero
1519 2213 1838 2250 lgnatium,Dionysium,
1848 2222 1910 2242 cum
1918 2215 2032 2249 reliquis
2039 2215 2155 2244 dilectis
2167 2217 2224 2243 tuis.

606 2260 679 2288 illos.

643 2305 755 2332 Elevans
771 2313 866 2332 vocem.
880 2304 994 2332 Ordines
1007 2305 1088 2332 etiam
1103 2304 1216 2338 militia),
1232 2306 1323 2340 copias
1335 2307 1389 2333 bel-

605 2351 684 2383 licas,
700 2351 826 2385 viresque
842 2358 1000 2385 regnorum,
1017 2358 1078 2385 quae
1097 2350 1224 2386 subjugo
1251 2352 1390 2380 servitutis

605 2396 697 2424 crucis
711 2401 764 2422 tua;
777 2396 899 2423 victricis
915 2396 1089 2429 inclinantur,
1102 2400 1128 2423 et
1139 2396 1246 2431 signum
1258 2398 1390 2433 unigeniti

605 2442 667 2470 Filii
689 2443 727 2469 tui
747 2447 849 2475 tenent,
865 2447 994 2476 tanquam
1017 2450 1092 2469 arma
1116 2443 1224 2475 salutis,
1249 2444 1346 2479 adjuva
1361 2450 1389 2472 ct

605 2486 691 2517 salva,
706 2485 828 2513 Domine.
841 2485 1051 2520 Conjurationes
1066 2487 1187 2522 gentium
1213 2488 1387 2517 inimicarum

641 2543 696 2580 (‘28)
717 2543 858 2577 Memento,
879 2543 998 2580 Domine,
1024 2553 1112 2580 regum
1125 2546 1340 2576 orthodoxorum.
1356 2549 1385 2577 In

605 2579 666 2606 aliis
678 2579 759 2614 hujus
775 2580 881 2615 generis
897 2579 1033 2613 formulis,
1055 2579 1149 2615 quales
1167 2588 1317 2609 occurrunt
1332 2592 1386 2611 non

606 2614 855 2651 paucaa,_quasdam
870 2619 972 2642 tractas
985 2623 1018 2642 ex
1034 2614 1117 2651 veteri
1139 2616 1283 2651 diseiplina
1300 2618 1386 2646 fuisse

605 2649 734 2688 credibile
753 2654 814 2688 est_:
830 2650 910 2676 istam
927 2658 980 2688 non
997 2651 1070 2677 item.
1082 2650 1148 2688 13am
1163 2649 1271 2688 planam
1283 2657 1309 2679 et
1326 2662 1387 2688 per-

605 2683 727 2723 spicuam
734 2685 885 2723 orationem
896 2685 1015 2723 continet
1027 2693 1075 2719 pro
1082 2683 1247 2723 Christianis
1255 2683 1385 2723 principim

605 2717 667 2750 bus,
681 2719 838 2756 utinimicis
851 2717 1080 2756 ﬁdeisnperiores
1091 2721 1156 2747 tiaut
1167 2717 1262 2748 divino
1270 2717 1383 2756 auxilio,

605 2757 635 2789 et
648 2760 697 2789 pro
718 2754 865 2780 iutidelium
885 2755 1076 2787 debellatioue,
1101 2756 1175 2789 quod
1198 2764 1252 2789 qua
1279 2754 1384 2786 ratione

605 2787 767 2824 Christianis
791 2789 924 2820 moribus,
941 2790 1045 2824 legibus
1064 2787 1190 2824 ipsorum
1202 2787 1384 2821 Orientalium

606 2821 809 2863 eculesiasticis,
829 2828 856 2850 et
869 2821 999 2863 exemplis
1017 2821 1162 2852 convenire
1176 2826 1275 2863 possit,
1299 2829 1385 2863 expli-

607 2863 670 2883 care
682 2856 759 2885 facile
771 2866 826 2885 non
841 2864 891 2886 est.
909 2856 975 2886 Nam
999 2866 1077 2887 orare
1091 2867 1140 2894 pro
1155 2856 1324 2896 principibus
1335 2856 1383 2890 iu-

1477 2263 1589 2290 Elevans
1605 2270 1702 2289 vocem.
1717 2261 1771 2289 Eos
1791 2263 1837 2297 qui
1856 2270 1939 2297 super
1953 2267 2057 2298 petram
2081 2264 2227 2292 inconcus-

1441 2317 1499 2336 sam
1518 2307 1698 2335 confessionis
1714 2308 1881 2342 apostolicae,
1897 2308 2114 2342 mdiﬁcaterunt,
2133 2314 2162 2337 et
2178 2314 2227 2336 sta-

1441 2355 1588 2382 biliverunt
1614 2354 1707 2387 ﬁderit,
1729 2353 1966 2388 extenderuntque
1990 2358 2018 2380 et
2042 2354 2226 2382 dilataverunt

1443 2401 1590 2428 tentorium
1612 2399 1741 2427 Ecclesia:
1764 2404 1827 2433 tuae,
1847 2407 1863 2426 a
1883 2400 1983 2426 ﬁnibus
1996 2408 2087 2435 usque
2100 2401 2139 2427 ad
2165 2401 2226 2428 fines

1443 2451 1541 2474 terrae:
1561 2446 1607 2482 qui
1625 2446 1828 2474 mdiﬁcaverunt
1842 2447 1914 2473 ovile
1956 2452 2032 2474 tuum
2050 2447 2078 2474 in
2098 2448 2225 2476 universa

1443 2497 1516 2520 terra
1542 2491 1685 2519 habitabili
1709 2501 1715 2517 :
1743 2492 1836 2526 quiin
1863 2491 1949 2527 pratis
1969 2492 2177 2527 spiritualibus,
2204 2498 2226 2519 et

1440 2549 1565 2577 ﬁdelibus
1589 2547 1667 2582 jubet
1690 2547 1846 2575 Christiana
1872 2548 1989 2582 religio,
2014 2553 2042 2575 et
2070 2550 2224 2576 testimonia

1441 2585 1526 2612 multa
1538 2588 1672 2615 veterum,
1686 2588 1715 2610 ut
1727 2583 1918 2610 Alexandrina:
1934 2583 2058 2611 Historiae
2080 2585 2173 2618 palam
2189 2584 2224 2611 fa-

1440 2621 1517 2647 ciunt
1530 2639 1538 2650 ,
1554 2623 1581 2645 et
1596 2618 1762 2654 [Egyptiacm
1778 2626 1886 2653 quoque
1898 2618 2037 2653 Liturgim,
2050 2620 2084 2646 ad
2102 2628 2175 2653 quas
2190 2622 2224 2646 ri-

1441 2655 1527 2681 denda
1544 2661 1604 2688 quae
1618 2654 1782 2680 notavimus.
1800 2654 1892 2688 Neque
1907 2654 1953 2680 ulli
1971 2662 2004 2681 ex
2014 2662 2069 2688 quo
2085 2654 2223 2682 Muhame-

1441 2690 1504 2717 (lani
1527 2697 1619 2715 rerum
1641 2689 1667 2715 in
1686 2688 1796 2716 Oriente
1812 2688 1889 2723 potiti
1905 2695 1978 2720 sunt,
2001 2688 2147 2722 Jacobitm,
2162 2691 2222 2716 taits

1435 2724 1571 2759 principes
1585 2724 1749 2756 habuerunt,
1765 2724 1861 2758 quales
1875 2723 1926 2751 hac
1941 2725 2066 2751 oratione
2078 2726 2221 2757 designan-

1436 2765 1490 2791 tur,
1511 2759 1583 2793 quod
1598 2759 1699 2785 notavit
1712 2760 1739 2785 in
1762 2759 1967 2786 Commentario
1980 2760 2014 2786 ad
2034 2760 2109 2787 hunc
2135 2761 2220 2787 locum

1434 2794 1579 2824 Barsalibi,
1596 2794 1643 2828 qui
1665 2795 1746 2830 etiam
1771 2795 1926 2821 abbreviari
1952 2795 2092 2830 diptycha,
2120 2797 2173 2822 hac
2189 2797 2217 2820 de

1435 2837 1517 2866 causa
1531 2834 1655 2866 testatur.
1670 2828 1733 2866 liter
1744 2830 1825 2864 igitur
1842 2829 1961 2866 formula
1974 2828 2045 2857 inter
2065 2831 2218 2866 singulares

1433 2869 1459 2890 et
1474 2864 1617 2891 inusitatas
1632 2864 1740 2891 videtur
1753 2864 1919 2900 reponenda.
