2290 3110
10 123 42 150 613

10 180 130 215 rvaxigelicis
143 179 310 208 fortitudinis
322 184 386 213 tuae,
400 184 536 215 paverunt
547 185 612 206 oves
625 183 686 204 tuas
699 184 742 203 ra—
756 178 781 207 Α

10 227 98 258 Lionales,
117 231 140 253 et
154 234 234 260 super
252 234 336 260 aquas
347 226 448 260 quietis
462 226 633 253 deduxerunt
658 230 743 258 agnos

10 273 71 307 gregis
83 272 114 299 tui
127 279 133 297 :
149 272 194 307 qui
212 279 304 299 coram
316 272 428 307 regibus
437 276 464 299 et
476 271 599 306 tyrannis
614 269 745 304 praedica-

10 322 76 344 verunt
86 316 245 350 Evangelium
255 322 342 348 tuum,
351 321 378 344 et
391 324 482 343 coram
495 315 634 351 judicibus
646 314 746 350 iniquis

10 364 193 390 conﬁrmaverunt
216 362 374 398 religionem
400 368 475 389 tuam
494 371 499 388 :
522 361 568 396 qui
598 365 692 396 gentes
718 360 745 387 in

10 409 93 436 tenebris
101 408 254 436 constitutas
269 408 428 435 direxerunt
437 413 518 443 atque
530 407 745 434 illustraverunt.

10 454 168 488 docueruntque
179 453 239 481 illas
248 453 323 488 quod
337 453 365 480 in
380 453 476 480 umbra
491 453 594 480 erroris
609 452 746 485 sederent,

10 500 85 534 illisque
98 500 347 527 demonstraverunt
361 499 453 526 lumen
476 499 597 526 scientiae
615 502 677 525 tuae.
693 497 746 530 Qui

10 546 81 573 semina
89 546 148 572 bona
162 545 222 572 ﬁdei
234 545 439 572 seminaverunt
451 546 477 572 in
488 545 568 572 terris
580 544 746 576 animarum,

10 597 21 619 ξι
32 597 188 626 purgaverunt
202 599 282 626 agros
294 592 370 627 sylva
381 591 521 626 spinarum
537 594 564 618 et
578 590 746 617 zizaniorum

10 638 79 664 κραιιὶ
93 637 148 672 :qui
166 637 282 672 propriis
297 637 470 672 passiouibus
486 636 747 670 reduxeruntcapti-

10 683 86 710 ntalem
101 684 185 718 populi
208 684 247 710 tui
262 691 277 711 a
290 688 425 718 potestate
447 682 508 710 duri
527 688 554 710 et
577 682 702 717 maligni,
721 685 748 708 et

10 728 105 762 sanguine
123 728 256 755 cervicum
283 736 394 755 suarum
419 728 604 755 liberaverunt
628 735 688 755 eam
713 727 748 754 ab

10 775 144 810 >ppressione
158 775 266 802 rebellis
291 775 364 803 illius
381 784 389 802 :
408 774 442 802 Ut
467 782 515 809 per
541 774 747 809 dcprecationes

10 828 71 848 om
84 821 285 857 propitiatorias,
307 826 335 849 et
358 829 406 856 per
429 821 637 848 obsecrationes
651 828 745 848 eorum

10 868 145 902 icceptabiles
166 875 258 895 coram
276 872 314 900 te,
336 868 473 895 concedas
487 867 568 894 nobis
585 874 677 895 mores
696 875 745 896 ca-

12 917 49 946 tos,
61 918 83 940 et
96 913 277 948 inculpabiles,
290 913 371 940 ﬁdem
384 917 498 946 rectam,
513 913 747 947 ctiucorruptam,

10 958 60 985 itam
73 963 175 992 castam,
189 967 278 994 neque
292 959 491 994 perturbationi
506 959 664 992 obnoxiam,
678 959 749 986 dona

11 1004 97 1031 ublimia
117 1010 141 1031 et
167 1009 272 1038 sancta,
297 1005 487 1032 liberationem
512 1012 527 1031 a
551 1004 748 1032 tentationihus

12 1050 77 1084 speris
88 1058 94 1076 :
107 1051 191 1078 exitus
206 1055 316 1085 paratos
331 1056 358 1078 et
373 1049 582 1084 insuperabiles,
606 1050 686 1077 ﬁnem
698 1049 741 1076 bo-

13 1103 45 1121 um
67 1100 89 1123 et
110 1096 316 1128 immutabilem,
347 1096 418 1123 bona
449 1095 617 1130 amplissima
637 1100 663 1122 et
686 1103 749 1130 pro-

10 1139 74 1173 missa,
102 1139 209 1168 delicias
233 1144 444 1176 permanentes,
472 1139 657 1166 haereditatem
685 1146 748 1165 cum

10 1185 89 1218 unctis,
103 1185 226 1213 ﬁduciam
243 1185 334 1212 standi
355 1192 449 1211 coram
464 1184 533 1211 solio
555 1187 603 1211 tuo
618 1183 747 1215 terribili,

11 1229 43 1256 uia
54 1234 76 1256 tu
90 1231 242 1258 misericors
253 1238 294 1263 es,
311 1233 339 1257 et
353 1230 445 1264 largus
460 1229 487 1256 in
502 1229 673 1262 muneribus,
687 1229 749 1256 tibi-

10 1282 34 1301 ue
43 1274 144 1309 gloriam
160 1280 187 1302 et
201 1275 309 1302 laudem
321 1273 482 1306 referemus,
493 1277 545 1300 etc.

20 1319 129 1353 Populus.
145 1319 243 1347 Amen.

20 1365 129 1392 Sacerdos
144 1365 300 1392 inclinatus.
317 1363 350 1390 Et
363 1364 395 1391 ad
412 1363 497 1390 altare
511 1367 589 1390 tuum
607 1362 750 1398 spirituale

10 1416 142 1442 Lsanctum,
155 1411 280 1442 Domine,
306 1414 404 1445 praesta
432 1410 561 1444 quietem,
590 1409 750 1435 memoriam

10 1464 69 1483 mam
83 1463 108 1484 et
116 1456 274 1487 felicitatem
285 1456 413 1483 omnibus
428 1455 581 1487 animabus,
590 1455 752 1489 corporibus

10 1502 159 1536 ,spiritibus,
183 1507 304 1537 patrum,
319 1500 435 1529 fratrum
451 1505 478 1528 et
494 1501 686 1536 magistrorum
702 1509 752 1527 uo-

11 1554 87 1574 rorum
99 1548 232 1579 omnium,
246 1547 430 1582 corporalium
444 1552 491 1573 aut
503 1546 750 1580 spiritualium,qui

10 1594 160 1627 iregionibus
172 1594 396 1629 quibuscunque,
421 1592 588 1625 civitatibus,
610 1596 655 1618 aut
667 1591 751 1626 parti-

11 1646 29 1665 l5
40 1638 149 1666 defuncti
165 1644 241 1670 sunt,
254 1643 302 1666 aut
315 1638 439 1666 suﬁ'ocati
457 1637 483 1664 in
498 1638 580 1670 mari,
601 1637 643 1664 vel
660 1636 752 1664 ﬁumi-

13 1685 61 1716 bus,
76 1690 121 1712 aut
135 1686 161 1712 in
186 1685 286 1712 itinere
297 1684 434 1716 obierunt,
445 1688 473 1710 et
487 1691 605 1718 quorum
621 1682 751 1710 memoria

10 1735 43 1757 cta
55 1739 103 1758 non
121 1736 163 1759 est
175 1731 205 1758 in
224 1730 355 1758 Eeclesiis
369 1737 451 1764 super
465 1733 564 1756 terram
581 1729 750 1756 constitutis.

10 1782 32 1805 ιι,
49 1775 173 1810 Domine,
195 1780 298 1811 praesta
319 1775 374 1802 illis
389 1775 549 1802 memoriam
566 1774 664 1801 bonam
676 1794 683 1806 ,
705 1775 752 1809 qui

10 1820 85 1849 :l'uncti
103 1826 168 1850 sunt
184 1827 211 1850 et
232 1822 267 1848 ad
283 1826 309 1848 te
330 1821 527 1856 migraverunt,
548 1821 575 1847 in
590 1821 642 1848 ﬁde
657 1821 752 1848 ortho-

10 1873 53 1899 ιη,
67 1867 146 1894 simul
157 1875 222 1895 cum
238 1866 302 1899 illis,
320 1873 439 1900 quorum
457 1865 570 1892 nomina
582 1865 610 1891 in
623 1865 693 1891 libro
705 1869 752 1891 tuo

10 1916 35 1939 tae
45 1913 199 1948 consignata
215 1917 292 1940 sunt.

15 1956 113 1986 Eleuatus
135 1967 236 1986 vocem.
253 1958 309 1985 Illis
332 1957 461 1985 omnibus
485 1956 531 1992 qui
554 1956 674 1984 stadium
691 1957 753 1983 vitae

10 2010 159 2039 currentes,
177 2005 295 2040 perfecti
319 2008 345 2032 et
372 2003 494 2038 praclari
509 2011 603 2031 coram
624 2007 650 2030 te
671 2011 753 2037 appa-

10 2056 83 2078 rerunt
99 2056 124 2079 et
139 2059 174 2079 ex
190 2051 356 2079 delictorum
371 2050 466 2085 pelago
479 2050 587 2077 liberati
604 2050 638 2077 ad
652 2054 677 2076 te
691 2057 752 2084 per-

10 2102 108 2131 ‘nerunt,
124 2098 254 2133 patribus
277 2101 305 2124 et
321 2095 453 2123 fratribus
475 2095 578 2122 nostris
601 2096 752 2122 secundum

12 2149 78 2169 mem
102 2148 129 2170 et
144 2143 278 2178 spiritum
294 2150 300 2167 :
321 2141 451 2169 fratribus
466 2141 577 2176 inquam
590 2142 691 2169 nostris
708 2150 752 2169 se-

12 2187 85 2215 ndum
110 2196 214 2223 corpus
238 2193 267 2215 et
294 2187 444 2214 secundum
472 2187 609 2220 animam,
635 2187 752 2222 quietem
771 2182 792 2210 Ι)

10 2239 73 2266 insta,
86 2234 213 2268 Domine,
227 2235 257 2261 in
272 2234 334 2261 sinu
350 2233 395 2260 illo
411 2233 543 2268 spirituali
555 2238 581 2260 et
594 2241 702 2268 magno.
717 2233 754 2261 Da

10 2279 26 2306 is
36 2280 159 2314 spiritum
175 2280 271 2315 gaudii
288 2280 315 2306 in
332 2279 496 2306 habitaculis
514 2279 584 2307 lucis
604 2285 630 2306 et
645 2280 753 2311 laetitiae,

18 2326 198 2353 tabernaculis
221 2325 327 2352 umbrae
339 2330 365 2352 et
380 2325 490 2359 quietis,
504 2330 531 2352 et
551 2325 686 2352 thesauris
708 2333 755 2351 νο-

10 2374 110 2405 nlatum,
133 2373 211 2400 unde
234 2371 316 2406 longe
333 2372 411 2399 abest
435 2371 525 2397 omnis
548 2371 690 2402 mmstitia,
708 2371 754 2398 ubi

765 1516 787 1544 C

10 2428 58 2463 (illi)
86 2429 136 2457 Ubi
145 2431 256 2464 piorum
267 2429 364 2456 anima:
376 2429 508 2463 primitias
521 2429 582 2455 cita:
601 2429 697 2463 absque
712 2428 753 2456 la-

10 2471 29 2489 re
36 2463 196 2500 exspectant.
208 2465 300 2491 Locus
307 2464 367 2495 iste,
377 2468 469 2498 etquae
477 2469 629 2500 sequuntur
636 2463 669 2500 ad
678 2471 754 2500 com-

10 2498 81 2526 mem'
96 2500 261 2528 Graecorum
285 2500 439 2533 opinionem
462 2499 587 2525 videntur
601 2498 754 2532 referenda,

13 2535 18 2559 i
37 2535 141 2562 animas
161 2536 277 2569 piorum
297 2532 440 2569 usquead
463 2533 552 2569 ultimi
566 2532 662 2567 judicii
683 2533 754 2569 diem

10 2569 68 2597 desii
82 2568 256 2598 beatitudine
271 2577 326 2595 non
341 2568 442 2603 perfrui
458 2568 633 2600 existimant;
654 2576 706 2602 qua
722 2568 756 2595 de

10 2625 16 2635 ,
33 2605 150 2632 maxima
171 2604 310 2631 Ferrariae
327 2602 353 2631 ei
368 2603 512 2631 Florentia:
532 2602 670 2630 contentio
686 2603 755 2637 fuit,

14 2640 44 2666 de
57 2639 226 2676 Purgatorio
236 2647 243 2664 :
254 2639 401 2676 quiauduae
416 2639 468 2665 illze
479 2639 652 2676 quaestiones
669 2638 756 2664 maxi-

10 2684 38 2702 Im
49 2673 121 2703 inter
131 2684 162 2703 se
175 2675 282 2702 habent
294 2673 462 2701 affinitatem.
479 2673 517 2700 De
528 2674 579 2700 hoc
595 2677 756 2707 argumento

10 2718 26 2736 με
46 2711 152 2738 dictum
173 2715 219 2737 est
245 2709 308 2736 alibi
333 2715 356 2735 ι.
386 2709 457 2736 Sane
472 2708 627 2735 Graecorum
648 2708 680 2734 de
697 2707 756 2734 ani-

10 2754 71 2772 .rum
87 2751 151 2785 post
172 2751 293 2772 mortem
313 2744 485 2774 conditione,
504 2744 639 2771 absurdos
659 2743 755 2777 opina-

10 2820 15 2833 ι
37 2814 111 2840 Pero.
127 2819 146 2841 t.
166 2812 199 2846 V,
212 2813 233 2839 ι.
252 2820 309 2843 vui,
323 2819 347 2838 c.
362 2812 389 2839 9.

680 118 878 148 LITURGlCA.

1529 118 1583 146 GM

794 176 901 210 piorum
917 181 1015 201 animae
1038 173 1175 208 primitias
1192 174 1254 201 vitae
1267 173 1371 208 absque
1381 171 1578 208 laboreexspe-

795 220 951 256 ctant(29),
972 225 999 247 et
1020 220 1131 255 spin’tus
1144 220 1280 255 iustorum
1298 219 1331 246 ad
1347 218 1428 245 ﬁnem
1439 220 1582 253 promissa:

798 265 932 292 mercedis
946 264 1048 299 pariter
1062 264 1208 291 attendunt
1225 272 1230 290 :
1251 263 1278 290 in
1296 271 1327 290 ea
1340 263 1449 297 regione
1463 263 1508 290 ubi
1518 271 1583 297 ope-

796 311 862 338 rarii
877 316 904 338 et
918 310 1024 346 fatigati
1052 311 1211 345 paradisum
1228 310 1374 345 aspiciunt,
1390 314 1417 336 et
1430 309 1535 337 invitati
1549 310 1583 337 ad

796 357 906 391 nuptias
919 363 1050 390 sponsum
1067 356 1204 383 caelestem
1229 355 1385 382 desiderant
1402 363 1408 380 :
1426 356 1472 382 ubi
1493 356 1583 383 vocati

796 401 829 428 ad
855 401 1022 434 convivium,
1050 405 1080 428 ut
1104 401 1254 428 ascendant
1278 399 1482 435 praestolamur,
1502 402 1530 428 et
1555 405 1585 428 ut

796 447 896 474 stolam
910 447 984 474 illam
999 454 1097 474 novam
1113 446 1206 482 gloria:
1215 446 1362 480 accipiant,
1381 447 1507 474 ardenter
1517 455 1584 474 con-

796 493 941 527 cupiscunt
957 500 964 518 :
981 493 1052 519 unde
1068 492 1168 520 absunt
1181 492 1396 525 moestitudines,
1421 497 1447 519 et
1458 493 1503 520 ubi
1517 501 1584 528 gau-

797 538 842 565 dia
858 538 1032 572 reperiuntur
1046 546 1052 564 :
1070 545 1141 564 unus
1154 537 1227 564 enim
1241 537 1354 564 omnino
1368 542 1394 564 et
1415 538 1492 564 solus
1507 537 1584 564 visus

797 588 839 611 est
853 592 907 610 non
921 583 1042 610 irretitus
1054 583 1229 618 passionibus
1241 583 1354 617 peccati,
1367 590 1400 610 ex
1410 583 1463 610 illis
1475 583 1521 617 qui
1534 583 1585 610 hu-

798 637 880 656 mano
891 637 1006 664 corpore
1021 629 1107 656 induti
1120 628 1355 661 fuerunt,scilicet
1365 628 1445 656 Jesus
1458 628 1586 656 Christus

799 675 931 703 Dominus
946 679 1038 703 noster
1060 675 1218 711 uuigenitus
1232 674 1318 702 Filius
1343 679 1418 707 tuus,
1434 683 1482 710 per
1502 683 1585 710 quem

799 729 850 748 nos
865 721 946 748 etiam
959 728 1102 755 speramus
1117 721 1334 748 misericordiam
1347 721 1488 756 consequi,
1501 725 1555 748 etc.

834 766 964 801 Populus.
981 766 1105 800 Quietem
1119 772 1228 802 praesta.

834 811 963 839 Sacerdos
1000 811 1103 838 elevans
1146 819 1242 838 vocem.
1270 810 1369 844 Aufer,
1402 811 1526 846 ignosce,
1560 815 1586 839 et

762 849 784 876 Β
800 858 860 886 dele
888 862 998 893 peccata
1024 863 1132 890 nostra,
1145 857 1228 891 Deus,
1253 865 1316 892 qua:
1335 857 1525 884 commisimus
1539 865 1586 893 per

801 905 931 932 remissas
952 904 1132 939 cogitationes
1146 924 1153 937 ,
1172 907 1199 931 et
1222 912 1283 939 quae
1304 912 1318 931 a
1348 904 1465 938 pueritia
1495 910 1586 932 nostra

800 952 834 978 ad
859 955 1025 978 senectutem
1051 958 1148 986 usque,
1177 955 1269 986 aperta
1296 955 1323 978 et
1341 956 1404 978 nota
1418 955 1491 984 sunt,
1516 951 1588 980 Deus

801 1001 916 1024 noster:
943 997 1096 1024 voluntaria
1133 997 1190 1024 sive
1225 997 1424 1030 involuutaria,
1455 1005 1486 1023 ea
1518 1005 1588 1031 prae-

800 1043 896 1070 sertim
917 1043 1018 1078 quibus
1040 1043 1068 1070 in
1093 1043 1193 1070 saeculo
1216 1044 1276 1070 sine
1297 1043 1366 1074 line,
1393 1043 1585 1070 condemnatio

800 1093 952 1124 praeparata
969 1093 1020 1116 est.
1043 1089 1079 1115 Da
1095 1089 1174 1115 nobis
1192 1093 1220 1116 ut
1235 1089 1345 1123 quando
1360 1088 1424 1123 justi
1442 1088 1468 1115 in
1489 1088 1586 1116 horrea

801 1136 883 1163 tritici
897 1134 1100 1167 deferentur,et
1114 1135 1275 1169 impiiquasi
1286 1135 1362 1169 palea
1377 1135 1586 1169 comburuntur,

800 1186 830 1208 ut
847 1181 917 1208 inter
934 1181 1043 1216 agmina
1072 1185 1230 1208 sanctorum
1254 1185 1363 1208 tuorum
1384 1181 1526 1208 laudemus
1546 1186 1587 1215 te,

799 1231 902 1254 etcum
920 1226 1023 1262 angelis
1047 1227 1101 1253 tuis
1117 1233 1250 1253 canamus
1264 1225 1385 1254 dicentes
1400 1235 1406 1253 :
1425 1226 1587 1255 Benedictus

799 1273 844 1300 illc
858 1273 903 1308 qui
917 1272 991 1299 venit
1006 1272 1038 1299 ad
1054 1273 1168 1300 salutem
1181 1277 1314 1305 nostram,
1328 1277 1355 1299 et
1370 1280 1444 1299 nunc
1466 1273 1540 1299 venit
1554 1273 1587 1300 ad

800 1319 1004 1346 inuovationem
1019 1323 1153 1350 nostram,
1168 1322 1199 1344 ut
1214 1317 1240 1344 in
1257 1318 1308 1344 hoc
1321 1317 1392 1345 sicut
1405 1323 1432 1345 et
1451 1317 1477 1345 in
1495 1318 1586 1345 omni-

800 1365 861 1398 bus,
874 1365 908 1392 ah
918 1365 1045 1392 oumibus
1055 1365 1219 1400 gloriﬁcetur
1227 1368 1254 1390 et
1265 1364 1392 1391 laudetur
1400 1372 1498 1391 nomen
1511 1369 1586 1392 tuum

802 1411 990 1438 honorandum
1005 1415 1033 1437 et
1046 1410 1230 1443 benedictum,
1247 1415 1274 1436 et
1286 1409 1368 1436 simul
1382 1409 1490 1437 Domini
1502 1410 1589 1438 nostri

803 1458 865 1486 Jesu
879 1459 991 1491 Christi,
1008 1463 1034 1486 et
1050 1458 1168 1493 Spiritus
1182 1458 1221 1485 tui
1237 1457 1335 1491 sancti,
1349 1465 1433 1492 nunc,
1446 1462 1500 1486 etc.

841 1501 969 1536 Populus.
985 1501 1072 1529 Sicut.

839 1546 977 1574 Sacerdos.
990 1547 1057 1574 Pax.

838 1593 967 1629 Populus.
981 1593 1014 1620 Et
1028 1601 1090 1620 cum
1109 1592 1206 1628 spiritu
1219 1597 1277 1621 tuo.

838 1639 977 1668 Sacerdos.
991 1639 1184 1666 Misericordiae
1194 1638 1240 1665 Dei
1256 1639 1320 1672 sint,
1333 1643 1386 1667 etc.

837 1686 966 1721 Populus.
980 1685 1012 1712 Et
1024 1693 1086 1713 cum
1099 1685 1194 1719 spiritu
1214 1689 1272 1711 tuo.

838 1733 985 1760 Diacouus.
1000 1732 1131 1767 Angelus,
1146 1736 1199 1758 etc.

840 1779 968 1807 Sacerdos
984 1778 1084 1813 frangit
1104 1777 1231 1804 oblatam.
1250 1777 1382 1805 Diaconos
1398 1778 1464 1805 dicit
1489 1779 1588 1807 Catho-

803 1826 894 1853 licam.
1501 1847 1505 1851 .

839 1871 966 1899 Sacerdos
978 1870 1043 1896 dicit
1059 1870 1211 1897 Orationem
1224 1874 1285 1897 ante
1299 1869 1380 1896 Pater
1397 1875 1498 1898 noster.

839 1917 911 1945 Deus
919 1917 966 1951 qui
979 1924 1026 1951 per
1036 1916 1160 1951 spiritum
1174 1921 1250 1943 tuum
1266 1916 1372 1943 locutus
1385 1925 1415 1944 es
1429 1917 1456 1943 in
1470 1917 1588 1951 prophe-

804 1963 849 1996 tis,
863 1967 889 1990 et
902 1961 1055 1997 praedicasti
1068 1969 1116 1996 per
1131 1961 1271 1996 apostolos
1286 1961 1437 1988 doctrinam
1451 1961 1588 1988 suﬁicien-

804 2015 858 2037 tcm
882 2009 915 2035 ad
943 2007 1133 2042 inspirandam
1146 2007 1284 2034 mentibus
1297 2006 1398 2034 nostris
1413 2007 1587 2042 sapientiam,

804 2059 831 2082 et
842 2061 890 2089 per
906 2061 952 2080 eos
965 2052 1164 2080 commendasti
1176 2052 1243 2079 illud
1258 2051 1331 2086 quod
1350 2060 1447 2079 sensus
1461 2052 1589 2086 spiritua-

804 2099 842 2126 les
856 2099 954 2125 animo:
966 2102 1104 2133 purgaret,
1118 2097 1223 2132 etquod
1233 2097 1302 2124 ostia
1315 2101 1406 2132 aperta
1421 2097 1516 2132 capitis
1528 2105 1590 2125 cor-

804 2146 879 2180 poris
893 2144 980 2171 nostri
996 2145 1140 2171 mundaret
1153 2153 1160 2171 :
1175 2144 1353 2171 obsecramus
1369 2147 1397 2170 et
1410 2144 1590 2178 deprecamur

805 2198 926 2218 amorem
943 2198 1007 2225 erga
1032 2190 1157 2216 homines
1177 2193 1266 2222 tuum,
1286 2193 1312 2216 et
1333 2189 1494 2216 cllaritatcm
1513 2193 1588 2217 tuam

805 2236 946 2268 eximiam,
961 2240 990 2262 ut
1007 2235 1113 2269 aperias
1128 2242 1209 2262 aures
1230 2235 1354 2261 cordium
1380 2239 1538 2261 nostrorum
1555 2235 1588 2262 ad

806 2281 968 2308 audiendam
990 2279 1147 2307 Orationem
1172 2279 1355 2312 Dominicam,
1380 2287 1442 2314 quae
1463 2280 1521 2314 ipsa
1547 2283 1590 2307 est

807 2335 891 2362 quam
915 2325 1049 2353 Dominus
1070 2329 1097 2352 et
1114 2324 1186 2352 Deus
1213 2329 1307 2352 noster
1327 2325 1483 2359 unigenitus
1503 2323 1589 2352 Filius

807 2378 882 2405 tuus,
908 2372 1021 2399 initiatis
1043 2371 1171 2407 mysterio
1191 2379 1241 2398 suo
1270 2375 1298 2398 et
1325 2370 1506 2398 familiaribus
1530 2371 1588 2398 suis

806 2440 904 2471 tiones,
920 2438 1104 2466 Orientalibus
1124 2438 1232 2473 ignotas
1244 2446 1305 2465 esse
1317 2437 1499 2473 certissimum
1511 2437 1587 2473 vide-

807 2479 860 2503 tur.
878 2473 956 2506 Quod
974 2481 1039 2500 vero
1052 2472 1193 2500 beatorum
1211 2474 1309 2500 animae
1324 2473 1461 2500 caelestem
1473 2472 1586 2507 gloriam

807 2509 914 2544 plenam
935 2513 1016 2543 atque
1034 2508 1182 2544 perfectam
1201 2508 1237 2544 ad
1259 2507 1383 2544 ultimum
1408 2514 1494 2544 usque
1514 2507 1588 2544 j_udi-

807 2541 878 2571 ciuln
897 2541 1065 2576 exspectent,
1087 2542 1197 2576 scripsit
1214 2542 1303 2569 Moses
1318 2541 1456 2575 Barcepha
1471 2542 1497 2568 in
1518 2541 1588 2568 Tra-

807 2583 881 2606 ctatu
898 2579 929 2605 de
942 2577 1090 2609 Paradiso,
1109 2582 1191 2611 atque
1212 2577 1248 2604 ita
1266 2577 1321 2602 ﬁeri
1335 2577 1433 2610 potuit,
1451 2581 1479 2603 ut
1492 2581 1589 2603 auctor

808 2614 891 2651 hujus
899 2613 1027 2651 Liturgiaa
1036 2621 1062 2638 In
1072 2613 1165 2651 eadem
1177 2611 1308 2651 sententia
1322 2611 1480 2651 fuerit,cum
1490 2618 1588 2651 magna

806 2645 936 2676 sit'Mosis
951 2645 1024 2675 illius
1032 2647 1102 2682 apud
1115 2646 1253 2673 Jacobitas
1269 2653 1334 2673 suos
1346 2646 1506 2682 auctoritas.
1517 2645 1589 2682 nihil

806 2689 896 2711 tamen
920 2685 1012 2710 obstat
1033 2683 1099 2717 quin
1120 2681 1236 2715 ﬁgurata
1259 2681 1316 2717 hac
1337 2681 1491 2717 oratioyde
1506 2681 1589 2716 plena

805 2715 1050 2753 consummataqué
1063 2716 1231 2744 beatitudine
1242 2716 1329 2751 possit
1344 2715 1470 2751 intelligi.
