2290 3110
592 139 644 167 615

592 195 720 228 tradidit,
734 194 762 222 in
777 200 831 228 qua
842 191 1001 226 consignata
1015 192 1079 216 sunt
1090 190 1222 222 pmcepla
1242 189 1269 211 et
1285 190 1380 210 norma
1395 185 1418 213 Α

592 241 741 278 dirigendae
757 240 820 267 vitae
839 242 958 268 nostrae:
977 240 1005 263 et
1024 241 1087 262 eum
1107 232 1216 264 ﬁducia,
1232 230 1322 265 qualis
1338 229 1380 256 di-

593 277 678 317 lectos
690 287 761 314 ﬁlios
775 286 864 316 decet,
878 284 1038 310 invocemus
1053 284 1079 307 te
1092 279 1177 305 Deum
1197 277 1305 304 Patrem
1325 282 1382 302 cm-

594 336 701 368 lestem,
713 340 825 361 oremus
839 335 867 358 et
877 330 1002 357 dicamus
1018 336 1025 354 :
1041 325 1124 354 Pater
1134 323 1289 358 noster,qui
1304 329 1334 349 es
1354 321 1382 348 in

594 382 682 411 caelis.

632 438 762 474 Populus.
777 434 978 465 Sanctiticetur,
994 435 1046 458 etc.

633 485 761 514 Sacerdos
773 482 876 510 elevans
887 487 984 507 vocem.
1000 476 1082 504 Pater
1097 474 1202 510 gratiae.
1219 480 1234 499 a
1250 478 1305 506 quo
1321 477 1384 505 pro-

597 532 670 560 cedit
685 535 712 558 et
735 529 824 557 oritur
847 526 979 554 sanctitas
995 522 1109 554 sanctis,
1126 519 1253 547 adveniat
1271 523 1384 552 regnum

597 583 687 609 tuum,
701 576 774 611 quod
795 575 907 608 superat
927 570 1020 608 omnia
1039 574 1134 602 regna,
1156 565 1190 592 ad
1206 562 1384 591 salvationem

598 629 721 653 nostram
741 630 748 648 :
765 626 840 648 etne
854 619 968 646 inducas
981 607 1031 643 nos
1045 615 1072 642 in
1087 611 1276 642 tentationem,
1296 612 1343 635 aut
1358 607 1386 633 in

599 670 788 699 confusionem
813 670 840 694 et
860 663 1033 692 atllictionem
1051 668 1058 686 :
1073 659 1119 688 sed
1141 657 1225 684 libera
1240 662 1290 682 nos
1302 661 1318 681 a
1330 652 1388 679 vio—

599 716 683 744 lentia
696 713 796 741 diaboli
807 716 835 739 et
854 709 1001 745 spirituum
1022 705 1217 739 malignorum,
1228 705 1256 728 et
1269 697 1389 734 potentia

600 760 754 795 deceptoris
770 767 777 784 :
794 756 858 791 quia
871 760 950 782 tuum
964 757 1007 780 est
1019 749 1176 784 imperium,
1189 745 1278 782 gloria
1292 748 1319 772 et
1335 750 1387 778 po-

602 789 734 837 testas,et
745 789 878 838 unigeniti
892 799 955 827 Filii
971 797 1024 830 tui,
1038 801 1065 824 et
1077 794 1199 830 Spiritus
1215 791 1255 819 tui
1271 789 1371 818 sancti.

637 851 766 887 Populus.
783 850 880 876 Amen.

639 897 779 925 Sacerdos.
793 894 861 920 Pax.

639 942 767 978 Populus.
777 939 811 966 Et
829 945 890 965 cum
900 935 998 971 spiritu
1014 939 1072 960 tuo.

641 989 785 1016 Diaconus.
804 984 885 1016 Ante,
904 987 956 1010 etc.

640 1034 769 1070 Populus.
783 1032 883 1059 Coram
897 1033 933 1059 te,
947 1027 1071 1054 Domine.

642 1065 780 1110 Sacerdos.
794 1078 854 1106 Tibi
873 1077 922 1105 soli
939 1075 1108 1103 inclinantur
1132 1069 1201 1097 colla
1218 1067 1340 1095 omnium
1363 1065 1390 1092 in

605 1128 705 1165 quibus
721 1125 812 1153 anima
827 1123 890 1150 vitae
905 1125 957 1153 est,
974 1125 1000 1147 et
1015 1127 1030 1146 a
1054 1122 1080 1144 te
1094 1115 1234 1151 postulant
1247 1110 1390 1140 remissio-

606 1183 668 1203 nem
684 1172 807 1200 omnium
831 1165 1100 1205 praevaricationum,
1117 1169 1178 1197 quae
1192 1168 1239 1195 per
1252 1158 1391 1194 negligen-

607 1224 672 1248 tiam
695 1217 850 1246 commissa:
873 1218 947 1242 sunt.
969 1212 1010 1239 Tu
1034 1215 1125 1238 autem
1148 1215 1196 1242 per
1219 1207 1391 1233 constantem

607 1264 824 1296 misericordiam
840 1267 914 1289 tuam
927 1260 986 1286 dele
998 1262 1024 1285 et
1037 1256 1114 1284 aufer
1129 1261 1224 1282 omnes
1237 1251 1394 1286 iniquitates

611 1318 731 1342 nostras.
743 1314 771 1337 et
786 1316 867 1345 parce
881 1305 960 1334 nobis
975 1312 1023 1340 per
1037 1308 1158 1330 amorem
1172 1304 1248 1326 tuum
1265 1304 1328 1332 erga
1344 1296 1392 1322 ho-

611 1360 708 1387 mines.
726 1356 814 1383 Etiam
827 1357 927 1389 przesla
943 1350 1033 1382 nobis,
1058 1352 1088 1375 ut
1112 1353 1174 1374 cum
1201 1344 1298 1371 animae
1315 1344 1395 1368 cauta

610 1403 820 1441 praeparatione,
832 1404 859 1428 et
875 1398 966 1427 cordis
981 1394 1125 1425 munditie,
1142 1391 1245 1420 sanctis
1256 1389 1311 1416 tuis
1324 1395 1397 1415 com-

612 1433 794 1480 mudicemus,
813 1433 841 1474 et
855 1446 909 1473 sint
931 1443 1011 1471 nobis
1033 1442 1060 1469 in
1082 1440 1181 1475 pignus
1197 1434 1344 1471 voluptatis
1368 1433 1396 1460 in

613 1503 745 1526 :eternum
762 1498 961 1530 permansurae,
990 1496 1038 1524 per
1056 1485 1172 1522 gratiam
1195 1487 1222 1510 et
1241 1480 1399 1509 misericor-

613 1545 686 1572 diam
698 1547 726 1570 et
749 1525 870 1568 amorem
885 1544 950 1572 erga
967 1533 1092 1562 homines
1111 1529 1246 1566 unigeniti
1267 1527 1328 1555 Filii
1347 1525 1397 1558 tui,
1412 1533 1434 1562 ο

614 1598 661 1626 per
672 1595 763 1624 quem,
780 1591 832 1613 etc.

651 1634 781 1670 Populus.
795 1632 895 1658 Amen.

653 1681 794 1708 Sacerdos.
807 1678 873 1704 Pax.

654 1726 783 1761 Populus.
801 1724 905 1751 Etcum
921 1721 1019 1757 spiritu
1032 1723 1090 1746 tuo.

654 1772 794 1801 Sacerdos.
812 1770 863 1797 Sit.

654 1820 798 1859 Diaconus.
810 1816 878 1844 Cum
894 1816 1003 1846 timore,
1018 1816 1071 1839 etc.

654 1864 792 1894 Sacerdos.
811 1862 911 1890 Sancta
925 1859 1037 1888 sanctis.

654 1911 783 1947 Populus.
798 1908 876 1936 Unus
891 1907 970 1934 Pater
983 1908 1105 1933 sanctus.

656 1957 800 1984 Diacottua.
815 1953 924 1981 Stemus
940 1952 1078 1979 decenter.

657 2002 787 2038 Populus.
802 2000 909 2028 Gratias
919 1998 1037 2033 agimus.

657 2036 796 2077 Sacerdos.
813 2046 902 2076 Nunc,
915 2044 1039 2074 Domine,
1055 2040 1166 2077 quando
1182 2039 1294 2075 quidem
1307 2036 1406 2064 invita—

624 2100 667 2124 tos
678 2094 712 2122 ad
731 2100 844 2128 regnum
856 2095 933 2118 tuum
954 2088 1043 2116 fecisti
1057 2094 1121 2118 nos,
1139 2092 1188 2120 per
1205 2082 1406 2117 susceptionem

625 2145 857 2170 sacramentorum
867 2141 977 2164 tuorum
991 2136 1149 2162 sanctorum
1160 2135 1187 2158 et
1197 2128 1405 2158 vivificantium,

626 2186 726 2222 quibus
738 2186 834 2221 dignos
846 2180 994 2218 praestitisti
1003 2186 1065 2213 nos,
1078 2178 1114 2205 ita
1126 2183 1156 2205 ut
1167 2180 1270 2212 partem
1283 2173 1407 2210 corporis

875 134 903 161 S.
921 130 1113 161 CLEMENTIS
1128 129 1136 157 I
1155 128 1239 156 ROM.
1259 125 1359 154 PONT.
1379 125 1494 154 OPERA
1512 125 1626 154 DUBIA.
1644 140 1676 145 —
1688 121 1886 151 LITURGICA.

2178 118 2229 144 616

1431 188 1459 210 et
1476 181 1618 217 sanguinis
1640 179 1727 208 sancti
1754 185 1816 213 quae
1834 179 1861 205 in
1887 178 1928 205 eis
1940 182 2025 210 sunt,
2052 182 2231 203 mereremur

1432 229 1570 263 accipere,
1592 232 1674 262 atque
1696 226 1899 254 communicare
1928 223 2018 258 ipsis:
2038 222 2193 258 fecistique
2204 227 2232 248 ut

1431 282 1555 303 essemus
1577 273 1697 300 haeredes
1717 276 1873 300 sanctorum
1889 275 2009 302 tuorum,
2023 276 2156 300 oramus,
2183 269 2232 294 ot»-

1432 330 1573 351 secramus
1584 326 1612 348 et
1623 320 1801 355 deprecamur
1821 325 1858 352 te,
1881 326 1899 346 o
1911 318 2045 349 clemens,
2062 321 2094 344 ut
2109 324 2171 343 non
2187 323 2233 342 ex-

1433 368 1526 403 quiras
1540 375 1555 394 a
1568 366 1646 393 nobis
1654 370 1777 393 exactam
1790 365 1863 392 illam
1875 363 2098 391 observationem
2108 367 2137 389 et
2149 362 2235 389 casti-

1433 413 1565 446 moniam,
1577 413 1650 440 circa
1665 412 1710 439 illa
1729 411 1869 446 mysteria,
1885 417 1919 437 ne
1932 409 2160 436 condemnemur
2171 415 2234 434 cum

1434 462 1468 489 iis
1476 462 1557 496 quite
1570 469 1624 489 non
1638 465 1783 491 n0verunt,
1801 459 1833 486 ad
1851 458 1990 486 cruciatus
2002 456 2075 491 ignis
2092 455 2235 482 inexstin-

1435 507 1545 542 guihilis
1560 516 1567 534 :
1586 507 1632 534 sed
1648 513 1696 542 per
1715 506 1829 540 gratiam
1847 508 1934 535 tuam.
1950 511 2011 530 cum
2029 502 2096 528 [iliis
2120 501 2235 535 nuptia-

1435 562 1496 581 rum
1513 557 1620 580 tuarum
1633 552 1773 587 quiescere
1787 558 1838 578 nos
1849 550 1924 585 jube,
1937 554 1963 576 et
1978 556 2041 576 cum
2056 547 2139 581 agnis
2154 555 2237 573 mun-

1437 601 1479 628 dis
1492 600 1519 626 in
1532 598 1659 634 paradiso
1682 598 1724 624 fac
1740 605 1791 624 nos
1804 595 1988 626 discumbere,
2004 598 2035 620 ut
2049 601 2116 620 cum
2136 592 2197 619 illis
2211 595 2237 618 et

1438 648 1510 675 inter
1523 654 1571 675 eos
1584 646 1732 674 on‘oramus
1746 645 1794 672 tibi
1808 643 1921 679 gloriam
1934 646 1962 669 et
1973 641 2130 677 gratiarum
2147 639 2237 666 actio-

1438 702 1511 722 nem.

1477 749 1605 786 Populus.
1620 749 1718 776 Amen.

1476 795 1615 823 Sacerdos.
1631 794 1697 822 Pax.

1477 842 1606 878 Populus.
1623 841 1729 868 Etcum
1743 838 1839 875 spiritu
1854 843 1909 866 tuo.

1476 889 1622 916 Diaconus.
1639 887 1713 914 Post.

1478 934 1607 969 Populus.
1622 933 1721 960 Coram
1736 936 1772 963 te,
1790 931 1912 959 Domine.

1479 992 1618 1020 Sacerdos.
1638 991 1737 1017 Coram
1752 993 1789 1022 te,
1801 987 1915 1015 Domine
1930 986 2004 1014 Deus
2019 990 2131 1018 noster,
2159 984 2237 1012 incli-

1443 1047 1542 1067 namus
1549 1038 1616 1066 colla
1628 1037 1782 1064 animarum
1789 1039 1816 1062 et
1825 1041 1971 1069 corporum
1982 1037 2162 1062 nostrorum.
2176 1031 2237 1065 quia

1445 1094 1499 1113 non
1525 1092 1622 1112 sumus
1638 1082 1813 1114 sufﬁcientes,
1835 1080 1868 1107 ad
1889 1078 2063 1107 referendam
2083 1077 2237 1113 gratiarum

1445 1133 1580 1160 actionem
1599 1130 1732 1166 majestati
1752 1133 1814 1161 tuae,
1842 1127 1938 1163 quales
1962 1126 2135 1154 deberemus
2159 1123 2231 1150 retri-

1442 1180 1526 1207 buere
1543 1179 1576 1206 ad
1592 1182 1682 1214 grates
1693 1176 1813 1211 agendas
1831 1174 1892 1206 tibi,
1907 1173 1953 1200 sed
1966 1173 2016 1200 has
2029 1170 2236 1199 tantummodo,

1444 1226 1507 1261 quia
1522 1226 1614 1253 omnia
1626 1224 1696 1252 dona
1712 1228 1882 1258 quarcunque
1897 1220 2042 1251 habemus,
2058 1225 2098 1245 ex
2122 1222 2152 1244 te.
2167 1220 2236 1243 sunt.

1445 1272 1483 1299 Da
1502 1272 1591 1304 nobis,
1607 1270 1732 1303 Domine,
1757 1276 1837 1296 voces
1861 1266 1996 1295 sermonis
2021 1264 2165 1299 dignitate
2181 1262 2238 1289 aui-

1445 1323 1543 1349 matas,
1561 1321 1591 1344 ut
1603 1315 1738 1344 sulliciant
1752 1313 1785 1340 ad
1797 1313 1958 1347 condignam
1971 1310 2239 1342 convenientemque

1448 1364 1486 1391 tui
1502 1362 1696 1390 laudationem.
1722 1359 1745 1387 0
1760 1359 1881 1386 clemens
1896 1357 1943 1392 qui
1958 1356 2040 1383 nobis
2060 1355 2134 1382 licet
2162 1355 2239 1381 etiam

1448 1415 1519 1438 terra
1535 1408 1639 1444 indigni
1662 1408 1760 1439 simus,
1778 1405 1869 1432 claves
1892 1403 2013 1430 thesauri
2040 1403 2083 1428 tui
2101 1408 2242 1429 commen-

1448 1456 1528 1488 dasti.
1552 1459 1579 1482 et
1601 1461 1683 1489 super
1696 1459 1809 1488 regnum
1825 1456 1902 1478 tuum
1918 1457 1969 1476 nos
1989 1456 2051 1476 cum
2077 1447 2244 1475 auctoritate

1449 1500 1634 1537 praeposuisti.
1658 1502 1757 1534 praesta
1773 1497 1853 1523 nobis
1878 1499 1909 1522 ut
1924 1495 1951 1522 in
1963 1497 2020 1520 toto
2037 1492 2169 1520 decursu
2188 1492 2245 1516 vita

1452 1550 1561 1578 nostrae,
1584 1544 1644 1580 puri
1658 1551 1753 1571 coram
1772 1547 1797 1568 te
1813 1547 2004 1576 appareamus,
2028 1542 2055 1565 et
2083 1546 2102 1565 ι
2129 1537 2245 1564 vanitate

1451 1591 1600 1623 mundana,
1616 1598 1630 1617 a
1643 1587 1853 1624 cogitationibus
1869 1584 1994 1617 terrenis,
2007 1591 2023 1610 a
2038 1583 2173 1610 motibus
2187 1589 2245 1616 pas-

1451 1639 1570 1670 sionum,
1583 1641 1610 1664 et
1623 1635 1746 1663 remissis
1769 1631 1989 1668 cogitationibus,
2005 1637 2114 1657 sensus
2139 1633 2245 1655 nostros

1452 1684 1574 1711 occultos
1584 1686 1612 1709 et
1628 1680 1790 1708 manifestos
1804 1685 1914 1706 remove
1927 1686 1934 1703 :
1946 1680 2027 1710 atque
2040 1681 2095 1709 per
2110 1673 2245 1701 fortitudi-

1452 1738 1514 1758 nem
1531 1728 1657 1764 potentiae
1666 1731 1719 1754 tua:
1730 1725 1845 1753 extende
1857 1730 1938 1758 super
1951 1729 2000 1749 nos
2010 1721 2166 1749 dexteram
2178 1725 2245 1746 tuam

1453 1776 1544 1804 omnia
1555 1774 1789 1809 complectentem,
1807 1769 1978 1804 benedicque
1995 1767 2087 1795 servis
2107 1773 2140 1795 et
2156 1767 2245 1794 adora-

1454 1823 1560 1850 toribus
1580 1822 1645 1853 tuis,
1659 1819 1707 1855 qui
1731 1818 1848 1846 salutem
1876 1815 1965 1850 adepti
1987 1819 2052 1842 sunt
2077 1821 2132 1847 per
2154 1819 2245 1839 nomen

1454 1873 1531 1896 tuum
1551 1872 1688 1898 sanctum,
1710 1869 1738 1892 et
1750 1863 1793 1891 fac
1805 1870 1856 1890 nes
1867 1861 1966 1895 templa
1984 1859 2179 1887 habitationis
2190 1863 2245 1888 tua,

1454 1919 1481 1942 et
1491 1914 1582 1941 locum
1592 1910 1767 1939 habitationis
1779 1908 1871 1944 gloriae
1883 1913 1936 1934 tua:
1953 1915 1959 1932 :
1976 1910 2006 1932 ut
2019 1905 2047 1931 in
2057 1905 2107 1931 die
2119 1904 2173 1931 illo
2185 1909 2245 1930 novo

1457 1965 1485 1987 et
1503 1964 1622 1990 aeterno,
1644 1957 1670 1984 in
1695 1962 1780 1990 regno
1795 1959 1842 1981 tuo
1860 1954 1994 1982 lmtemur,
2007 1955 2037 1977 et
2049 1957 2102 1984 per
2118 1954 2149 1977 te
2166 1949 2245 1976 salve—

1457 2015 1528 2039 mur,
1541 2010 1569 2033 et
1584 2004 1735 2032 referamus
1752 2001 1801 2029 tihi
1815 2000 1929 2035 gloriam
1940 2003 1967 2026 et
1983 1998 2147 2033 gratiarum
2167 1995 2245 2023 actio-

1457 2060 1530 2084 nem.
1543 2055 1570 2078 et
1584 2050 1658 2078 Patri
1671 2054 1719 2076 tuo
1734 2053 1761 2076 et
1770 2046 1884 2082 Spiritui
1898 2048 2007 2077 sancto,
2020 2050 2110 2075 nunc,
2121 2047 2184 2070 etc.

1493 2109 1623 2144 Populus.
1642 2107 1740 2135 Amen.

1494 2167 1639 2194 Diaconut.
1654 2163 1783 2196 Benedic,
1797 2159 1923 2192 Domine,
1937 2163 1990 2186 etc.
