2290 3110
574 125 626 153 619

1123 117 1291 146 ᾹΡΡΕΝΒΙΧ
1311 117 1357 144 AD
1378 117 1405 145 S.
1425 113 1644 144 CLEMENTEM.

2144 109 2197 137 6‘20

573 198 645 235 quod
658 197 692 224 ad
707 195 835 224 Davidem
844 194 929 222 dixit.
944 193 982 221 De
993 194 1082 228 {ructu
1096 192 1194 219 uentris
1207 191 1246 219 tui
1262 199 1357 226 ponam
1372 199 1393 227 Λ
1416 190 1467 216 Ἐκ

1297 199 1357 218 nam
1372 199 1393 227 Λ
1416 190 1467 216 Ἐκ
1480 187 1597 222 καρποῦ
1622 185 1677 223 τῆς
1705 184 1826 217 κοιλίας
1842 191 1899 211 σου
1923 181 2052 217 θήσομαι
2075 181 2128 208 ἐπὶ
2147 181 2198 207 τοῦ

572 253 650 281 super
667 244 754 271 sedem
767 247 840 269 tuam
853 247 878 268 α.
892 240 1048 274 iterumque
1066 246 1115 274 per
1124 238 1224 266 Isaiam
1239 237 1355 272 prophe-

574 298 640 325 tam,
656 290 729 326 quod
748 288 829 324 Virgo
841 288 868 314 in
877 292 952 314 utero
961 286 1099 320 concipiet,
1119 289 1144 312 et
1156 285 1244 320 pariet
1258 284 1356 319 ﬁlium,

572 343 597 365 et
613 335 749 364 vocabitur
761 341 855 361 nomen
869 332 926 367 ejus
939 330 1098 358 Emmanuel
1111 330 1136 358 δ.

610 383 654 410 Ill.
670 381 693 408 Α
707 379 872 408 Christianis
883 385 949 405 vero
964 377 1024 405 ideo
1040 381 1066 404 et
1081 375 1168 411 magis
1183 375 1356 410 diligebatur,

575 431 639 465 quia
670 426 841 461 singularum
869 423 1013 458 regionum
1037 429 1171 457 pauperes
1194 420 1357 448 nominatim

575 475 696 504 habebat
710 472 843 507 scriptos;
857 473 883 497 ct
899 477 945 497 eos
956 476 1027 504 quos
1052 466 1227 502 baptismatis
1254 465 1357 494 sancti-

575 521 667 549 monia
682 519 875 548 illustraverat,
891 522 946 542 non
966 513 1074 541 sinebat
1096 512 1233 547 publicam
1254 510 1360 538 mendi-

576 565 814 596 sitatem'subire.
849 561 1014 595 Quotidiano
1043 565 1133 587 autem
1167 557 1360 594 praedicatione

576 613 729 641 mediocres
740 618 773 638 ac
785 609 883 638 divites
905 606 1070 635 admonebat
1082 613 1116 632 ne
1139 608 1297 640 paterentur
1312 603 1360 630 ba-

577 656 855 695 ptismoilluminatos
869 660 1014 689 pauperes,
1029 660 1045 679 a
1068 651 1169 678 ludatis
1189 653 1238 677 aut
1252 648 1360 684 gentili-

577 707 630 733 bus
652 703 775 740 publieos
797 700 873 729 cibos
888 699 1026 733 accipere,
1041 702 1069 725 et
1081 697 1164 724 vitam
1190 697 1361 732 baptismatis

578 748 784 779 consecratione
810 745 986 776 mundatam,
1008 742 1088 770 donis
1106 742 1248 778 gentilium
1268 741 1360 777 inqui-

578 796 650 824 nari.

613 841 658 869 Ν.
687 839 746 873 His,
770 843 919 871 eorumque
942 834 1067 870 pluribus
1091 833 1221 861 virtutum
1248 832 1362 861 ﬂoribus

1407 234 1516 268 θρόνου
1527 241 1596 260 σου.
1613 231 1666 258 Καὶ
1681 228 1759 262 αὖθις
1771 229 1816 256 διὰ
1837 229 1948 256 Ἡσαΐου
1964 228 2012 254 τοῦ
2034 227 2178 263 προφήτου
2190 235 2196 241 ·

1408 279 1469 305 Ὅτι
1485 279 1505 312 ὴ
1528 276 1676 311 παρθένος
1685 276 1719 303 ἐν
1739 274 1846 310 γαστρὶ
1863 273 2003 308 λήψεται,
2018 272 2067 300 καὶ
2082 271 2199 304 τέξεται

1406 325 1487 358 υἱὸν,
1499 323 1548 350 καὶ
1555 322 1738 356 κληθήσεται
1748 321 1780 348 τὸ
1790 320 1883 354 ὄνομα
1892 318 1985 346 αὑτοῦ
1997 317 2197 353 Ἐμμανουήλ.

1442 370 1489 396 IIl.
1504 368 1583 404 Παρὰ
1597 367 1626 393 δὲ
1643 366 1822 404 ῨΧριστιανοῖς
1832 384 1840 396 ,
1856 364 1900 391 διὰ
1920 363 1999 391 τοῦτο
2024 363 2072 390 καὶ
2099 362 2200 398 μᾶλλον

1406 415 1542 451 ἠγαπᾶτο,
1551 403 1649 448 ἐπειδῆ
1659 412 1722 443 τοὺς
1739 410 1924 445 καθ’ἑκάστην
1942 409 2005 429 "-“
2012 408 2136 445 ρεγεῶνα
2152 408 2201 435 πέ-

1408 471 1491 498 νητας
1502 461 1566 488 κατ’
1579 461 1664 496 όνομα
1681 457 1738 495 εἷχε
1750 457 1959 495 γεγραμμένους
1967 465 1974 472 ·
1985 456 2032 483 καὶ
2042 455 2089 487 οὓς
2099 454 2140 490 τῷ
2153 454 2200 481 τοῦ

1409 507 1596 542 βαπτίσματος
1612 504 1740 540 ἁγιασμῷ
1752 504 1893 539 ἐφώτιζεν,
1909 503 1939 530 οὑ
1953 500 2100 537 συνεχώρει
2113 501 2199 535 δημο-

1409 552 1468 579 σίαν
1481 551 1627 587 ἀπαίτησιν
1640 550 1776 578 ὑπελθεῖν.
1792 550 1838 585 Τῷ
1850 549 1879 576 δὲ
1895 548 1956 576 καθ’
1967 547 2075 583 ἡμέραν
2092 546 2200 582 κηρύγ-

1410 607 1476 633 ματι
1487 597 1551 629 τούς
1572 605 1604 624 τε
1627 595 1755 633 μετρίους
1779 596 1827 622 καὶ
1837 594 1981 626 πλουσίους
2003 592 2139 620 ἐνουθέτει
2153 591 2201 618 τοῦ

1411 645 1448 680 μὴ
1457 643 1600 679 ἀνέχεσθαι
1610 643 1674 675 τοὺς
1684 642 1907 677 πεφωτισμένους
1916 641 2034 675 πένητας
2045 639 2123 675 παρὰ
2138 639 2202 665 Ἰου-

1409 689 1489 716 δαίων
1505 689 1521 724 ἦ
1548 688 1680 724 Ἑλλήνων
1702 686 1820 724 δημόσια
1832 687 1885 722 bal/at
1901 685 2060 722 λαμϐάνειν,
2081 686 2130 712 καὶ
2145 684 2201 720 βίον

1409 736 1443 770 τῇ
1470 734 1517 761 τοῦ
1546 734 1731 770 βαπτίσματος
1755 730 1919 769 καθιερῶσει
1941 731 2148 766 κεκαθαρμένον
2168 730 2200 761 ¹⁸¹,

1410 781 1578 817 χαρίσμασιν
1600 780 1734 816 Ἐλλήνων
1750 778 1918 815 χραίνεσθαι.

1448 836 1494 866 ιν.
1513 837 1636 869 Τούτοις,
1653 837 1700 864 καὶ
1711 836 1812 863 τούτων
1821 835 1941 863 πλείοσιν
1955 833 2142 870 ἀνδραγαθίας
2153 834 2200 860 ἄν-

579 896 642 917 cum
658 887 724 920 Deo,
745 889 804 912 tum
823 882 930 911 cunctis
953 885 1043 909 mente
1063 880 1184 916 praeditis
1204 879 1362 907 hominibus
1377 876 1398 904 Β
1413 882 1471 910 θεσι

1301 880 1362 907 ibus
1377 876 1398 904 Β
1413 882 1471 910 θεσι
1484 881 1524 918 τῷ
1540 890 1570 908 τε
1584 881 1644 917 Θεῷ
1657 882 1703 908 καὶ
1722 882 1805 908 πᾶσιν
1827 879 1980 916 ἀνθρώποις
1996 879 2142 915 ὲχέφροσιν
2159 879 2202 905 εὺέ

579 935 704 971 placebat
721 942 727 960 :
743 939 806 959 nam
822 933 913 958 mente
923 928 1079 956 carentibus
1092 927 1198 962 placere
1209 934 1263 955 non
1276 931 1364 961 potest

580 981 607 1010 id
621 979 694 1016 quod
710 979 765 1006 Deo
779 977 886 1012 placere
896 974 1037 1010 probatur.
1049 973 1137 1009 Atque
1150 973 1211 1001 ideo
1222 972 1363 1000 hominum

581 1025 694 1054 rationis
715 1022 868 1059 expertium
892 1020 1074 1049 contumelias
1090 1018 1168 1047 veriti
1183 1025 1239 1046 non
1255 1022 1319 1045 sunt
1332 1017 1363 1050 ii,

581 1072 682 1108 quibus
705 1071 798 1098 animo
819 1069 901 1101 sedit,
923 1073 1095 1102 nequaquam
1115 1065 1211 1092 timere
1235 1064 1296 1091 illos
1317 1063 1364 1099 qui

581 1118 718 1153 plerisque
734 1116 889 1150 displicent.
905 1113 965 1148 Quo
977 1112 1078 1140 factum
1095 1115 1146 1142 est.
1169 1115 1198 1137 ut
1214 1109 1363 1138 Sisinnium

582 1163 755 1199 imperatoris
765 1161 858 1189 Nervae
867 1161 985 1188 amicum
998 1166 1052 1186 non
1061 1157 1182 1186 timuerit
1192 1156 1366 1184 beatissimus

582 1211 709 1238 Clemens
719 1208 792 1237 sedis
806 1207 937 1235 Romana:
944 1205 1099 1241 episcopus.

619 1296 652 1323 ν.
673 1295 766 1330 Itaque
777 1301 838 1322 cum
855 1300 902 1328 per
920 1291 1006 1327 ipsius
1019 1290 1170 1318 doctrinam
1187 1296 1317 1317 conversa
1333 1288 1367 1316 ad

584 1343 670 1370 Deum
687 1348 758 1369 uxor
774 1339 889 1367 Sisinnii
901 1337 1058 1370 Theodore,
1079 1335 1203 1364 sedulum
1222 1334 1278 1362 Deo
1290 1335 1368 1362 exhi-

585 1390 661 1417 beret
675 1386 867 1418 ministerium,
879 1392 939 1413 eam
955 1383 1085 1419 zelotypia
1097 1382 1195 1410 ductus
1206 1381 1319 1409 maritus
1329 1380 1369 1408 1a-

585 1435 663 1470 queis
671 1433 808 1461 involvere
816 1432 963 1462 nitebatur,
971 1433 1159 1465 properantem
1170 1428 1203 1456 ad
1213 1427 1354 1456 ecclesiam
1360 1447 1366 1454 .

586 1480 620 1507 Et
633 1479 743 1515 quidem
758 1478 802 1506 illa
815 1477 990 1512 ingrediente,
1006 1476 1062 1511 ipse
1076 1482 1123 1510 per
1133 1475 1217 1502 alium
1228 1474 1368 1502 introitum

587 1525 744 1557 adveniens,
763 1524 848 1559 coepit
870 1523 976 1551 curiase
999 1521 1132 1556 inspicere
1156 1529 1164 1548 :
1185 1524 1212 1548 et
1222 1519 1330 1555 quando
1353 1527 1368 1546 a

587 1575 680 1600 sancto
691 1571 831 1598 Clemente
847 1568 916 1596 facta
928 1567 979 1595 fuit
989 1567 1086 1600 oratio,
1101 1566 1223 1601 dixitque
1236 1565 1367 1600 populus:

587 1619 688 1650 Amen;
701 1624 733 1644 eo
743 1621 863 1651 tempore
874 1614 1010 1642 Sisinnius
1017 1620 1104 1641 cazcus
1112 1617 1139 1640 et
1148 1612 1248 1640 surdus
1259 1611 1371 1640 effectus

587 1667 639 1696 est,
656 1666 686 1690 ut
696 1668 783 1696 neque
791 1661 882 1688 videre
896 1666 984 1694 neque
995 1658 1090 1686 audire
1103 1662 1204 1693 posset.
1219 1657 1296 1685 Tunc
1307 1664 1372 1692 ergo

588 1707 656 1735 dixit
667 1707 753 1735 servis
764 1705 841 1733 suis:
858 1703 1019 1731 Prehendite
1038 1710 1080 1729 me
1098 1702 1125 1729 in
1146 1709 1243 1729 manus
1256 1706 1371 1733 vestras,

588 1759 616 1782 et
625 1759 701 1781 extra
714 1752 830 1785 educite,
842 1750 973 1786 quoniam
992 1748 1063 1777 oculi
1076 1748 1128 1775 mei
1144 1747 1208 1776 caeci
1220 1747 1283 1775 facti
1296 1751 1371 1778 sunt,

588 1803 616 1827 et
630 1806 711 1826 aures
723 1805 789 1825 meae
804 1797 831 1824 in
851 1800 956 1824 tantum
967 1795 1180 1827 obsurduerunt,
1199 1797 1230 1821 ut
1241 1793 1307 1821 nihil
1326 1800 1374 1828 pe-

589 1845 662 1873 nitus
672 1843 766 1872 audire
781 1842 896 1870 valeam.

625 1924 668 1952 Vl.
687 1923 764 1952 Tunc
774 1922 845 1951 servi
860 1922 919 1958 ejus
931 1921 1083 1950 circuibant
1097 1927 1159 1949 cum
1172 1919 1220 1948 illo
1229 1927 1278 1955 per
1291 1923 1374 1947 totam

589 1970 743 2003 ecclesiam,
756 1969 783 1997 in
798 1968 887 1997 medio
902 1967 1006 1996 orantis
1022 1966 1125 2002 populi,
1141 1966 1261 1994 virorum
1275 1965 1376 2000 pariter

589 2020 617 2044 et
629 2015 785 2048 mulierum,
796 2021 848 2042 nec
861 2017 954 2048 portas
967 2020 1037 2048 quas
1047 2012 1162 2048 ingressi
1177 2011 1286 2039 fuerant
1298 2015 1376 2046 pote-

590 2066 653 2090 rant
663 2061 830 2096 contingere.
843 2059 922 2087 Unde
933 2058 998 2086 dum
1010 2057 1061 2093 ipsi
1076 2057 1228 2093 vagabundi
1236 2057 1375 2090 oberrant,

591 2107 746 2142 iterumque
768 2113 848 2141 gyros
871 2108 964 2140 agunt,
991 2104 1025 2131 ad
1045 2102 1215 2130 Theodoram
1236 2102 1375 2130 dominam

592 2160 682 2184 suam,
698 2151 745 2179 ubi
763 2151 818 2178 Deo
840 2157 934 2186 preces
956 2148 1095 2182 fundebat,
1115 2152 1295 2183 pervenerunt
1313 2155 1375 2176 cum

592 2198 704 2226 domino
718 2203 780 2224 suo.
791 2196 857 2229 Quae
868 2202 930 2224 eum
941 2194 1053 2222 vidisset
1067 2201 1160 2221 servos
1170 2201 1236 2221 suos
1246 2201 1300 2221 una
1313 2201 1375 2221 cum

593 2242 705 2271 domino
721 2247 816 2268 eorum
831 2243 965 2268 excecato
977 2239 1201 2274 circumagentes,
1217 2239 1306 2273 primo
1316 2239 1377 2274 qui-

592 2290 655 2318 dem
671 2287 817 2316 deelinavit
830 2290 969 2322 aspectum
979 2292 1086 2319 eorum,
1100 2290 1198 2320 putans
1211 2285 1283 2320 quod
1298 2292 1376 2319 aper.

594 2335 629 2363 tis
642 2333 729 2363 oculis
740 2333 827 2368 ipsam
838 2333 980 2368 aspiceret.
996 2330 1062 2358 Dein
1078 2330 1153 2359 misit
1164 2338 1249 2358 unum
1263 2338 1279 2359 e
1290 2331 1376 2359 servis

594 2380 662 2413 suis,
675 2384 705 2407 ut
713 2379 795 2407 sciret
805 2377 871 2414 quid
883 2377 935 2405 sibi
946 2377 1055 2409 vellent,
1065 2384 1127 2404 cum
1137 2376 1248 2404 domino
1258 2376 1378 2404 circum-

593 2429 700 2452 euntes.
717 2423 757 2450 llli
769 2422 917 2451 dixerunt:
934 2420 1065 2449 Dominus
1077 2425 1178 2454 noster,
1191 2421 1255 2449 dum
1266 2421 1324 2449 vult
1334 2421 1377 2448 vi-

594 2471 659 2499 dere
670 2469 743 2506 quod
757 2469 783 2498 ei
796 2469 899 2497 licitum
912 2474 966 2495 non
981 2471 1032 2500 est,
1045 2471 1072 2494 et
1089 2466 1206 2494 alienum
1217 2467 1377 2503 mysterium

594 2516 700 2550 audire,
710 2519 863 2543 excaecatus
874 2517 926 2546 est,
937 2516 964 2541 et
977 2513 1076 2541 surdus
1091 2512 1219 2546 effectus;
1233 2513 1312 2542 nobis
1328 2521 1378 2541 au-

596 2567 649 2590 tem
664 2560 817 2597 imperavit,
832 2564 863 2588 ut
879 2559 954 2587 illum
967 2558 1030 2586 hinc
1048 2558 1293 2594 quomodocunque
1312 2559 1379 2587 edu-

630 2624 643 2637 ει
654 2616 729 2644 Psal.
743 2624 835 2648 cum,
851 2616 894 2643 Η.
924 2617 938 2637 δ
955 2617 1008 2645 lsa.
1022 2625 1070 2650 vu,
1087 2617 1131 2644 M.

1413 929 1533 965 ηρέστει.
1549 928 1612 959 Τοῖς
1622 927 1677 963 γὰρ
1687 927 1838 961 ἀλογίστοις
1846 926 1973 962 ἀρέσκειν
1981 925 2127 956 ἀδύνατον,
2134 925 2203 958 ὅπερ

1412 973 1453 1009 τῷ
1475 972 1534 1008 Θεῷ
1554 972 1699 1007 εὐάρεστον
1718 971 1918 998 ἀποδείκνυται.
1934 969 2035 996 Τούτου
2051 967 2100 996 οὖν
2112 969 2203 995 ἕνεκεν

1413 1018 1463 1045 οὐκ
1478 1017 1613 1053 έφόὁησαν
1625 1017 1648 1033 ³⁸
1662 1017 1711 1048 τὰς
1737 1015 1830 1052 ὕϐρεις
1851 1015 1906 1042 τῶν
1928 1014 2077 1049 ἀλογίστων
2100 1013 2203 1049 ἀνθρὼ-

1414 1072 1473 1091 πων
1488 1064 1596 1095 ἐκεῖνοι,
1618 1059 1659 1094 οἷς
1676 1063 1693 1097 ὴ
1705 1061 1800 1097 γνώμη
1812 1061 1944 1096 ἐτύγχανε
1957 1060 2020 1092 τοὺς
2031 1059 2203 1095 ἀπαρέσκου-

1414 1118 1465 1142 τας
1482 1109 1504 1126 ⁸⁷
1526 1108 1660 1140 πλείστοις
1670 1108 1693 1124 ⁸⁸
1712 1107 1749 1143 μὴ
1769 1107 1880 1142 δειλιᾷν.
1897 1107 1977 1132 Ὀτου
2003 1106 2084 1141 χάριν
2109 1106 2204 1140 πριῆν

1414 1153 1454 1190 τῷ
1468 1152 1672 1190 μακαριωτάτῳ
1683 1152 1823 1188 Κλήμεντι
1835 1151 1875 1186 τῷ
1888 1150 1934 1178 τοῦ
1947 1150 2040 1186 θρόνου
2062 1150 2204 1185 Ῥωμαίων

1416 1198 1557 1234 ὲπισκόπῳ
1584 1198 1630 1225 τὸν
1652 1196 1728 1231 φίλον
1748 1196 1796 1223 τοῦ
1816 1196 1947 1232 βασιλέως
1966 1195 2076 1232 Νερούα
2102 1195 2142 1231 μὴ
2161 1204 2205 1230 φο-

1417 1243 1535 1272 δεῖσθαι.

1454 1289 1486 1317 ν.
1511 1289 1620 1324 Ἐπειδὴ
1629 1288 1718 1316 τοίνυν
1729 1290 1762 1326 τῇ
1776 1288 1858 1316 αὑτοῦ
1873 1289 2032 1325 διδασκαλίᾳ
2048 1290 2065 1325 ἡ
2076 1290 2147 1325 γυνὴ
2162 1288 2206 1315 τοῦ

1417 1334 1548 1363 Σισιννίου
1559 1333 1695 1370 Θεοδώρα,
1707 1334 1907 1370 ἑπιστραφεῖσα
1916 1333 1938 1349 ⁸⁹
1954 1333 2022 1369 πρὸς
2033 1334 2111 1365 Θεὸν,
2128 1342 2208 1359 σπου-

1417 1381 1495 1408 δαίαν
1511 1380 1597 1407 ἐτέλει
1615 1380 1666 1416 τὴν
1682 1380 1868 1416 λειτουργίαν,
1891 1379 1993 1415 ταύτην
2008 1380 2022 1406 ὁ
2040 1379 2113 1415 ἀνὴρ
2133 1379 2209 1415 ζηλο-

1418 1427 1552 1462 τυπήσας,
1564 1425 1726 1460 παγιδεῦσαι
1741 1425 1952 1462 κατηγωνίζετο,
1965 1425 2032 1461 πρὸς
2045 1426 2095 1461 τὴν
2110 1426 2208 1461 ἐκκλη-

1420 1472 1480 1499 σίαν
1494 1472 1661 1499 σπεύδουσαν
1673 1472 1706 1498 ’°.
1727 1472 1782 1498 Καὶ
1798 1471 1831 1507 δὴ
1852 1472 2046 1507 είσερχομένης
2055 1471 2089 1503 ⁹¹,
2108 1472 2211 1503 ἐκεῖνος

1419 1517 1453 1544 δι’
1466 1516 1561 1553 ἑτέρας
1575 1516 1677 1543 εἰσόδου
1696 1516 1883 1551 καταφθάσας,
1900 1516 2000 1552 ἤρξατο
2014 1516 2211 1553 πολυπραγμο-

1420 1563 1475 1589 νεῖν
1486 1570 1492 1577 ·
1514 1562 1560 1588 καὶ
1574 1561 1655 1597 ἡνίκα
1674 1561 1750 1597 παρὰ
1762 1561 1809 1588 τοῦ
1820 1561 1897 1596 ἁγίου
1913 1561 2068 1597 Κλήμεντος
2082 1561 2152 1596 εὐχὴ
2166 1562 2211 1596 γέ-

1421 1616 1494 1643 γονε,
1511 1607 1559 1634 τοῦ
1576 1606 1641 1633 λαοῦ
1662 1607 1802 1643 εἰρηκότος
1821 1607 1852 1632 τὸ
1879 1607 1974 1642 ’Δμήν,
1995 1607 2009 1633 ὁ
2028 1607 2162 1639 Σισίννιος
2185 1608 2212 1633 ἐν

1421 1653 1509 1689 τούτῳ
1529 1652 1627 1688 τυφλός
1644 1661 1674 1679 τε
1695 1653 1743 1679 καί
1761 1652 1851 1687 κωφὸς
1868 1652 2045 1687 ἀπετελέσθη,
2069 1651 2119 1679 τοῦ
2145 1654 2214 1688 μήτε

1422 1698 1500 1735 ὀρᾷν,
1527 1699 1595 1734 μήτε
1616 1698 1725 1725 ἀκούειν
1748 1697 1887 1724 δύνασθαι.
1915 1697 1981 1724 Τότε
2005 1695 2051 1723 οὗν
2069 1697 2146 1731 λέγει
2159 1699 2214 1728 τῶς

1422 1745 1526 1777 δούλοις
1540 1744 1632 1772 αὑτοῦ·
1649 1743 1752 1771 Δάὸετέ
1772 1753 1805 1779 με
1819 1745 1859 1776 είς
1870 1743 1919 1775 τὰς
1933 1745 2026 1779 χεῖρας
2049 1743 2128 1779 ὑμῶν
2140 1763 2148 1775 ,
2169 1744 2214 1770 καὶ

1423 1790 1570 1825 ὲξαγάγετε
1583 1789 1646 1823 ἔξω,
1658 1790 1699 1816 ὅτι
1711 1790 1736 1815 oi.
1752 1788 1885 1824 ὀφθαλμοί
1897 1797 1948 1824 μου
1962 1788 2058 1823 τυφλοὶ
2072 1789 2213 1823 γεγόνασι,

1423 1836 1470 1863 καὶ
1484 1836 1512 1862 αἱ
1523 1835 1603 1862 ἀκοαί
1614 1844 1665 1870 μου
1679 1836 1719 1867 είς
1733 1834 1858 1861 τοσοῦτον
1872 1833 2069 1870 ὲκωφώθησαν,
2083 1835 2128 1860 ὅτι
2138 1835 2215 1861 οὐδὲν

1423 1881 1455 1909 τὸ
1471 1881 1578 1908 σύνολον
1590 1880 1699 1908 ἀκούειν
1708 1880 1834 1916 δύναμαι.

1460 1926 1506 1955 Vl.
1526 1927 1593 1954 Τότε
1606 1928 1630 1954 οἱ
1639 1927 1733 1959 παῖδες
1744 1926 1826 1953 αὑτοῦ
1842 1926 1973 1962 περιῆγον
1984 1926 2137 1962 μετάὺτοῦ
2153 1927 2215 1953 δι”“

1424 1972 1487 2008 ὅλης
1499 1973 1549 2009 τῆς
1563 1972 1711 2008 ἐκκλησίας
1721 1973 1749 2000 ἐν
1766 1972 1841 2009 μέσῳ
1849 1973 1896 2000 τοῦ
1911 1973 2058 2008 εὐχομένου
2071 1973 2151 2005 λαοῦ,
2171 1974 2216 1999 ἁν-

1424 2018 1496 2054 δρῶν
1513 2027 1543 2045 τε
1556 2018 1762 2053 καὶγυναικῶν,
1775 2017 1883 2050 καὶτὰς
1896 2019 1980 2054 θύρας
1995 2018 2056 2045 ὄθεν
2069 2019 2216 2055 εἰσέϐησαν

1425 2063 1587 2090 καταλαὸεῖν
1598 2063 1620 2079 ⁹³
1633 2063 1683 2090 οὐκ
1696 2063 1830 2090 ἐδύναντο.
1841 2062 1921 2090 Ὅθεν
1933 2063 1961 2090 ὲν
1971 2062 2010 2098 τῷ
2022 2063 2216 2099 περιέρχεσθαι

1426 2109 1525 2141 αὐτοὺς
1548 2109 1741 2145 πλανηθέντας,
1763 2109 1810 2136 καὶ¹
1832 2109 1912 2135 πάλιν
1936 2109 2079 2136 κυκλεύειν
2092 2111 2127 2141 ⁸⁵,
2150 2110 2217 2145 πρὸς

1426 2154 1568 2191 Θεοδώραν
1588 2154 1637 2190 τὴν
1657 2154 1753 2190 κυρίαν
1769 2154 1868 2187 αὐτῶν,
1884 2155 1947 2182 ἔνθα
1959 2155 1998 2190 τῷ
2012 2155 2072 2191 Θεῷ
2093 2157 2217 2192 προσηύ-

1391 2217 1413 2245 D
1428 2209 1500 2236 χετο,
1521 2201 1569 2228 σὺν
1580 2200 1620 2236 τῷ
1634 2200 1751 2237 δεσπότῃ
1765 2201 1853 2228 αὐτῶν
1865 2201 2054 2237 παρεγένοντο.
2074 2202 2159 2233 Ἤτις
2169 2203 2217 2228 ἑω-

1428 2249 1528 2284 ρακυῖα
1552 2249 1616 2280 τοὺς
1634 2248 1735 2283 ἑαυτῆς
1755 2248 1853 2279 παῖδας
1873 2246 1941 2283 μετὰ
1953 2247 2000 2273 τοῦ
2015 2246 2111 2282 κυρίου
2128 2247 2218 2273 αὐτῶν

1426 2293 1611 2328 τυφλωθέντος
1626 2293 1650 2309 ’⁸
1673 2293 1862 2329 περιάγοντας,
1888 2292 1995 2328 πρῶτον
2020 2292 2070 2328 μὲν
2097 2292 2217 2326 ἐξέκλινε

1426 2339 1475 2374 τὴν
1488 2339 1552 2366 θέαν
1566 2338 1656 2366 αὐτῶν
1669 2339 1703 2372 ’⁸,
1728 2338 1875 2374 νομίζουσα
1897 2339 1938 2365 ὅτι
1959 2346 2013 2374 περ
2032 2339 2217 2374 ὴνεῳγμέπις

1426 2385 1547 2420 ὄμμασιν
1571 2385 1699 2420 θεάσηται
1721 2385 1815 2420 αὐτήν.
1836 2384 1890 2411 Καὶ
1911 2384 2057 2420 πεμψάσης
2067 2384 2090 2400 ’⁷
2106 2385 2155 2411 ἕνα
2166 2384 2218 2410 τῶν

1427 2430 1530 2457 παίδων
1543 2431 1627 2466 αὐτῆς
1639 2430 1707 2467 πρὸς
1716 2429 1746 2457 τὸ
1760 2430 1859 2465 γνῶναι
1874 2429 1899 2456 τί
1910 2430 1963 2466 ἄρα
1977 2429 2078 2456 θέλοιεν
2088 2429 2161 2464 μετὰ
2173 2429 2217 2455 τοῦ

1431 2475 1527 2511 κυρίου
1548 2475 1635 2502 αὐτῶν
1662 2476 1878 2511 περιερχόμενοι,
1899 2473 1974 2501 εἷπον
1994 2474 2032 2491 ⁸⁸·
2064 2475 2094 2501 Ὁ
2123 2475 2218 2511 κύριος

1429 2518 1518 2555 ἡμῶν,
1526 2519 1610 2546 θέλων
1619 2519 1685 2555 όρᾷν
1695 2519 1763 2555 ὅπερ
1773 2519 1853 2546 αὐτὸν
1866 2519 1916 2545 οὐκ
1927 2517 1989 2553 ἐξῆν
2000 2517 2035 2549 ’³,
2050 2517 2098 2544 καὶ
2107 2518 2216 2544 ἀκούειν

1430 2564 1570 2600 ἀλλοτρίου
1601 2564 1760 2601 μυστηρίου,
1791 2563 2024 2598 ἀποτετύφλωται,
2053 2562 2102 2590 καὶ
2127 2563 2217 2599 κωφὸς

1247 2651 1365 2679 VARUE
1385 2652 1586 2681 LECTIONES.

632 2697 693 2717 "J‘
712 2697 747 2724 al.
781 2698 840 2725 καθ’
868 2697 991 2725 ἕκαστον.

595 2730 684 2763 ὂντας.

734 2698 757 2748 ξι
781 2698 854 2738 καθ’¹
868 2697 999 2738 ἕκαστον..
1043 2697 1133 2739 "‘al.
1154 2696 1375 2738 κεκαθαρμένων.
1407 2699 1431 2715 ⁸⁸
1450 2699 1485 2726 al.
1506 2699 1518 2724 ὲ
1541 2698 1685 2735 οδήθησαν.
1723 2699 1746 2715 ⁸⁷
1765 2699 1800 2726 al.
1821 2699 2062 2736 ἀπαρεσκομένους
2074 2700 2214 2732 πλείστους

771 2732 938 2760 Concmmor
964 2733 1031 2760 mihi
1060 2733 1167 2760 videtur
1190 2733 1269 2759 lectio
1294 2732 1419 2763 duorum‘.
1433 2741 1501 2762 mss.
1518 2708 1587 2763 νὶῖοὺς
1602 2734 1841 2763 ἀπαρεσκομένους
1869 2735 2013 2763 πλείστους
2026 2736 2130 2763 ὂντας.
2158 2737 2214 2762 illm

1541 2734 1587 2770 οὺς
1602 2734 1852 2770 ἀπαρεᾳκομένουςΑ
1869 2734 2013 2768 πλείστους
2026 2736 2110 2768 ὂντας
2122 2755 2130 2767 ,
2158 2737 2214 2762 illm

596 2767 642 2807 «ﬂii
664 2767 877 2807 _a:gre_ferunl,_
893 2772 1004 2807 suntque
1017 2775 1137 2807 _nume_r9
1163 2767 1260 2807 pigre}.
1282 2766 1369 2807 (ξοῙτ-
1387 2768 1410 2784 ⁸⁸
1427 2769 1462 2796 al.
1485 2766 1667 2795 πιστεύσασαί
1681 2768 1704 2785 °°
1717 2766 1752 2796 al:
1773 2768 1914 2797 ἀπιοῦσαν.
1935 2771 1956 2786 ⁹¹
1974 2766 2011 2797 al.
2032 2766 2204 2805 εἰσελθούσης

600 2802 622 2816 ³³
647 2802 682 2828 al.
702 2802 827 2833 λαϐόντες
848 2803 872 2828 αι

600 2836 771 2870 τυφλωθέντα
784 2837 872 2865 αὐτόν.

736 2802 827 2833 δόντες
848 2802 928 2829 αὐτὸν
953 2802 1084 2838 περιῆγον
1098 2802 1141 2828 δι’.
1177 2802 1200 2818 ⁹³
1219 2802 1254 2828 al.
1281 2802 1402 2838 εἰσῆλθον
1427 2804 1525 2855 εὑρεῖν.

736 2845 769 2855 οη
784 2837 864 2855 "rm-Im
911 2837 963 2855 "ml
995 2836 1076 2855 mam:
1107 2837 1162 2855 om
1184 2837 1415 2855 "cM-"nasum...
1447 2840 1456 2855 ς
1488 2839 1511 2855 ,ιι

911 2837 975 2866 "al.
995 2837 1085 2865 αὑτοῦ.
1107 2838 1128 2854 ⁰⁷
1137 2837 1172 2865 al.
1183 2837 1426 2875 μεταπεμψαμένη.
1447 2837 1470 2855 ⁹⁸
1487 2848 1492 2866 ι

1572 2804 1596 2820 ’⁸
1620 2804 1655 2831 al.
1678 2803 1868 2839 πλανωμένους
1895 2805 1941 2832 καὶ

1487 2839 1522 2867 al.
1544 2837 1628 2867 εἶπεν.
1649 2840 1672 2856 ⁹⁹
1691 2839 1727 2867 al.
1747 2837 1818 2875 ειπερ
1830 2839 1903 2876 αύτῷ
1913 2841 1962 2868 οὐκ
1976 2840 2076 2874 ἔξεστι.
