2290 3110
45 170 85 198 631
597 161 806 190 MARTYRIUM
827 160 856 188 S.
870 158 1073 188 CLEMENTIS.

1589 155 1642 182 62?.

43 225 196 262 ἀπιργὰσθη·
211 224 274 261 ἡμῖν
281 231 309 250 τε
321 221 472 253 ἐκέλευσεν,
481 219 627 248 ῖνατοῠτον
635 219 760 247 ἐντεῦθεν
769 219 804 234 ¹θ⁰
819 221 839 246 Δ
854 226 942 246 cerem

738 219 804 246 :v‘“
819 221 839 246 Δ
854 226 996 251 cercmus;
1019 217 1066 245 sed
1088 224 1142 244 non
1155 217 1230 245 licuit
1246 217 1324 245 nobis
1333 224 1395 245 eum
1409 217 1473 245 hinc
1492 217 1548 247 ullo
1562 224 1642 255 pacto

43 273 142 302 ὁπωσοῦν
152 270 323 306 ὲξαγάγωμεν
332 277 339 284 ·
354 269 402 296 καὶ
412 269 442 295 οὐ
459 266 668 303 συγκεχώρηται
678 267 743 302 ήμῖν
753 265 802 292 αὐ-

42 319 78 346 τὸν
89 317 198 344 ἐντεῦθεν
211 315 334 342 ὁπωσοῦν
353 314 481 350 ἐκφέρειν
499 315 518 340 ¹.

71 364 115 391 Vll.
138 362 226 390 Ἠνίκα
238 362 266 389 δὲ
275 361 354 388 τοῦτο
369 361 380 376 ¹
391 361 423 387 τὸ
437 360 559 396 διήγημα
575 360 592 396 ἡ
605 359 732 395 Θεοδὼρα
742 358 804 385 ὑπε-

42 410 134 442 δέξατο¹
146 408 215 444 παρὰ
228 407 273 434 τοῦ
292 407 399 438 παιδὸς,
415 405 606 441 κατέστρωσεν
623 405 632 421 ⁸
652 404 752 439 ἑαυτὴν
764 403 804 434 εἱς

43 456 169 492 tam),va
191 453 257 490 μετὰ
269 453 393 489 δακρύων
410 453 421 468 ⁵
449 451 526 488 παρὰ
549 451 599 478 τοῦ
621 450 688 477 Θεοῦ
715 450 804 476 ἐδέετο

43 503 75 530 ἵνα
89 502 172 537 ὀάνὴρ
187 500 268 535 αὐτῆς
281 499 384 526 ἐκεῖθεν
399 498 499 535 δυνηθῇ
516 497 644 531 ἐξελθεῖν.
656 497 712 524 Καὶ
722 505 804 532 στρα-

42 549 105 582 φεῖσα
122 546 183 582 πρὸς
196 546 259 577 τοὺς
271 546 370 576 παῖδας
384 545 448 576 τοὺς
467 544 595 576 συνόντας
613 542 698 578 αὐτῷ,
713 541 801 569 εἶπεν·

47 593 175 624 Ἀπέλοετε,
193 592 239 619 καὶ
261 591 518 627 χειραγωγήσαντες
535 590 581 616 τὸν
600 589 695 625 κύριον
716 587 803 623 ὑμῶν,

41 639 171 672 ἀπαγάγετε
186 638 225 669 εἰς
234 637 280 664 τὸν
294 635 382 663 οἶκον·
397 635 452 670 ἐγὼ
465 635 520 672 γὰρ
537 635 586 671 τὴν
600 635 693 670 εὐχὴν,
710 635 743 669 ἣν
753 635 804 670 ἡρ-

40 685 120 720 ξάμην,
129 684 156 710 οὐ
169 683 204 719 μὴ
218 682 386 714 καταλείπω,
401 681 469 709 ἀλλὰ
483 681 632 718 προσφέρω
645 680 695 717 τὴν
709 679 804 708 ουσίαν

41 730 121 766 μουτῷ
133 730 230 765 Κυρίῳ,
240 730 286 757 καὶ
300 728 495 765 πληρουμένων
508 727 563 755 τῶν
578 726 744 763 μυστηρίων,
752 734 804 752 χα-

40 777 146 812 ταψθάνω
155 777 232 812 ὑμᾶς.
246 776 314 803 Τότε
329 775 418 802 τοίνυν
426 774 547 810 ἀπῆλθον
558 774 582 800 οἰ
600 773 696 805 παῖδες
709 781 804 808 χειρα-

40 823 167 857 γωγοῦντες
187 823 268 850 αὑτὸν
286 823 307 856 ⁸,
328 823 375 849 καὶ
393 822 577 858 ἐξερχόμενοι,
599 821 743 855 ἀπήγαγον
765 820 806 850 εἰς

39 869 74 894 τὸν
86 868 165 896 οἷκοψ
186 870 232 897 καὶ
249 869 469 905 ὑποστρέψαντες
490 868 559 904 πρὸς
571 868 622 902 τὴν
635 865 734 901 κυρίαν
753 865 804 892 αὺ-

38 913 88 945 τῶν,
98 915 186 950 τυφλὸν
201 915 373 952 ἀπήγγειλαν
386 914 434 941 καὶ
450 913 541 949 κωφὸν
555 913 636 940 αὐτὸν
647 912 732 938 εἰσέτι
744 912 804 937 δια-

39 962 111 995 μεῖναι
124 961 143 987 ⁷.
163 962 193 988 Ἡ
206 961 234 988 δὲ
248 960 376 996 Θεοδώρα
393 961 440 987 επὶ
460 959 552 986 πλεῖον
573 959 612 994 τῷ
627 958 687 993 Θεῷ
699 958 805 993 δεήσεις

38 1007 73 1033 καὶ
82 1007 175 1043 δάκρυα
186 1008 302 1043 ἐξέχεεν,
316 1007 390 1039 ὅπως
405 1006 452 1033 τοῦ
467 1006 563 1042 ἀνδρὸς
579 1005 663 1040 αὐτῆς
677 1004 708 1031 τὸ
722 1003 804 1031 αὑτοῦ

38 1052 94 1084 ἔλεος
109 1053 290 1089 ἀντιλήψηται.
304 1053 359 1080 Καὶ
377 1053 410 1088 δὴ
425 1052 476 1088 τῆς
492 1051 649 1083 ἀπολύσεως
662 1050 805 1085 γεγονυίας

38 1099 165 1134 προσέπεσε
177 1099 216 1135 τῷ
237 1099 363 1136 μακαρίῳ
375 1098 513 1134 Κλήμεντι
528 1098 545 1133 ὴ
558 1096 694 1132 Θεοδώρα,
710 1095 805 1130 λέγου-

38 1153 63 1170 σα
74 1146 82 1160 ’⁸
91 1164 98 1176 ,
109 1145 151 1171 τὸν
163 1145 246 1181 ἄνδρα
260 1145 345 1180 αὐτῆς
356 1143 605 1179 περιεργαζόμενον
619 1142 654 1169 τὰ
660 1141 806 1178 ἀπόρρητα

35 1191 76 1216 τῶν
89 1191 234 1227 μυστηρίων
247 1191 295 1218 τοῦ
307 1190 442 1217 Δεσπότου
460 1189 546 1226 Ἰησοῦ
563 1188 692 1225 Χριστοῦ,
704 1187 807 1222 τυφλώ-

37 1245 69 1262 cst
82 1239 228 1273 περιπεσεῖν
254 1237 309 1264 τῶν
333 1236 495 1272 ἀμφοτέρων
515 1235 674 1270 ὀφθαλμῶν,
699 1234 753 1260 τῶν
775 1241 805 1259 τε

35 1285 152 1320 ἑκατέρων
165 1285 240 1311 ὤτων
255 1284 288 1311 τὸ
302 1283 462 1310 ἀκουστικὸν
475 1282 602 1318 παραυτὰ
610 1281 752 1308 ἀπολέσαι.

63 1331 120 1359 νιιι.
137 1331 292 1367 Τηνικαῦτα
309 1328 355 1357 οὖν
371 1330 385 1356 ὁ
403 1329 537 1366 μακάριος
549 1329 676 1365 Κλήμης,
687 1328 807 1364 προχέαις

34 1376 129 1412 δάκρυα,
143 1377 308 1413 προτρέπειν
320 1375 422 1413 ἤρξατο
436 1376 446 1392 ³
459 1376 526 1407 τοὺς
541 1374 745 1410 συμπαρόντας,
763 1374 807 1400 ἵνα

34 1423 180 1459 ὁμοθυμαδὸν
203 1423 281 1460 παρὰ
301 1422 349 1450 τοῦ
364 1422 467 1459 Κυρίου
483 1422 660 1457 αἰτήσωνται,
675 1421 749 1453 ὅπως
767 1420 807 1456 τῷ

33 1470 96 1505 ἀνδρὶ
107 1471 186 1506 αὐτῆς
198 1471 250 1506 τήν
263 1478 295 1496 τε
309 1469 393 1505 ἀκοὴν
405 1468 551 1504 χαρίσηται
566 1467 613 1494 καὶ
626 1467 676 1503 τὴν
693 1467 787 1502 ὅρασιν
796 1474 806 1483 β

34 1514 168 1550 Θαρςαλέως
183 1516 275 1542 τοίνυν
294 1515 309 1542 ό
324 1514 459 1551 μακάριος
474 1513 591 1549 Κλήμης
611 1512 679 1548 μετὰ
695 1513 745 1548 τὴν
759 1513 806 1539 εὑ-

855 265 988 293 emittere.

891 357 947 385 νη.
981 358 1129 394 Postquam
1144 364 1235 388 autem
1256 361 1327 389 hanc
1348 363 1534 390 narrationem
1557 361 1645 389 Theo-

854 405 922 432 dora
941 413 957 432 a
977 413 1062 440 puero
1080 407 1211 442 suscepit,
1225 408 1372 442 prostravit
1389 416 1418 436 se
1437 409 1462 436 in
1482 409 1643 441 orationem.

855 455 880 479 et
895 459 957 478 cum
974 451 1101 487 lacrymis
1123 460 1138 480 a
1160 452 1216 481 Deo
1239 454 1364 489 rogabat,
1382 458 1413 482 ut
1431 455 1494 482 inde
1518 455 1561 482 vir
1585 454 1645 489 ejus

855 501 947 532 posset
961 497 1046 525 exire.
1062 498 1255 534 Conversaque
1278 499 1312 527 ad
1339 508 1445 534 servos,
1471 501 1518 536 qui
1539 508 1601 528 curn
1613 508 1646 527 eo

854 548 932 570 erant
946 553 954 571 :
967 543 1057 576 Abite,
1074 544 1172 580 inquit,
1193 553 1275 573 manu
1298 546 1429 574 ducentes
1444 546 1585 574 dominum
1600 554 1645 574 ve-

855 594 953 622 strum.
967 590 1079 618 domum
1099 591 1220 618 reducile
1236 601 1242 619 :
1257 599 1307 627 ego
1321 592 1394 620 enim
1413 600 1508 627 preces
1523 600 1593 628 quas
1604 592 1643 620 in-

855 636 951 663 choavi
963 644 1017 664 non
1030 637 1194 672 relinquam,
1215 638 1261 666 sed
1277 638 1390 666 oderam
1409 638 1524 666 Domino
1542 638 1648 666 sacriﬁ-

855 682 927 709 cium
939 689 1041 716 meum,
1056 682 1198 718 completis
1209 690 1273 710 vero
1285 683 1434 719 mysteriis,
1443 691 1492 711 vos
1503 691 1644 719 assequar.

856 727 933 755 Tunc
951 727 1034 763 igitur
1053 728 1240 757 discesserunt
1265 728 1360 756 famuli
1382 737 1466 757 manu
1481 729 1647 758 deducentes

855 781 929 806 eum,
942 778 969 802 et
980 775 1083 810 egressi
1095 775 1262 802 reduxerunt
1274 775 1386 803 domum
1411 785 1418 803 :
1439 776 1596 812 reversique
1613 778 1648 804 ad

856 821 994 848 dominam
1009 828 1099 854 suam,
1123 821 1200 848 illum
1212 822 1408 849 nuntiaverunt
1419 830 1520 859 meum
1538 826 1566 850 et
1586 831 1648 851 sur-

855 867 920 894 dum
936 867 1026 894 adhuc
1039 868 1234 902 permansisse.
1247 868 1282 895 At
1293 867 1435 897 Theodora
1450 869 1537 905 magis
1547 869 1648 904 magis-

855 921 909 948 que
928 912 983 940 Deo
997 913 1203 948 deprccationes
1222 918 1250 941 et
1263 914 1398 950 laerymas
1417 914 1524 948 eﬂudit,
1540 920 1571 942 ut
1596 923 1648 943 suo

856 959 915 986 viro
923 959 1111 987 misericordia
1122 959 1181 995 ejus
1193 959 1359 988 subveniret.
1374 961 1461 995 Atque
1472 960 1541 989 facta
1553 961 1648 988 dimis-

856 1005 944 1038 sione,
971 1006 1070 1034 accidit
1097 1006 1177 1034 beato
1202 1005 1336 1034 Clementi
1363 1006 1517 1039 Tlieodora.
1541 1007 1646 1040 dicens,

855 1051 986 1079 maritum
994 1059 1075 1079 suum
1086 1052 1151 1079 dum
1163 1053 1324 1080 abscondita
1336 1042 1528 1088 mysteriorum
1538 1053 1647 1081 Domini

855 1097 918 1124 Jesu
934 1097 1035 1125 Christi
1049 1103 1245 1132 perscrutatur,
1255 1097 1386 1126 incidisse
1397 1098 1423 1125 in
1433 1099 1575 1126 orbitatem
1588 1106 1647 1126 am-

857 1144 954 1171 borum
970 1144 1126 1177 oculorum,
1154 1144 1301 1180 statimque
1325 1145 1469 1180 utriusque
1491 1145 1567 1173 auris
1591 1145 1645 1172 vitr-

857 1190 984 1218 audiendi
997 1190 1132 1218 amisisse.

894 1335 960 1364 Vlll.
981 1335 1058 1363 Tunc
1069 1336 1151 1371 igitur
1161 1335 1258 1363 beatus
1269 1334 1394 1362 Clemens
1404 1334 1498 1363 cll‘usis
1507 1335 1647 1371 laerymis,

857 1382 961 1411 hortari
973 1382 1057 1417 coepit
1071 1389 1118 1409 eos
1134 1381 1180 1416 qui
1193 1380 1318 1414 aderant,
1331 1385 1361 1407 ut
1380 1388 1396 1408 a
1416 1379 1531 1408 Domino
1549 1382 1648 1408 unani-

858 1428 939 1456 miter
952 1428 1132 1463 postularent,
1146 1427 1205 1454 viro
1217 1427 1277 1461 ejus
1290 1426 1412 1454 auditum
1425 1426 1550 1454 redderet
1564 1435 1596 1454 ac
1607 1427 1649 1454 vi-

858 1483 930 1503 sum.
947 1474 1085 1502 Audacter
1107 1475 1198 1509 itaque
1223 1473 1254 1501 Β.
1270 1474 1396 1501 Clemens
1418 1478 1479 1508 post
1494 1474 1646 1502 orationem

857 1521 977 1557 perrexit
994 1520 1178 1548 cummuliere
1189 1520 1223 1547 ad
1235 1520 1323 1547 virum
1340 1520 1416 1555 ejus;
1431 1524 1458 1547 et
1472 1519 1574 1547 invenit
1584 1528 1646 1547 eum

32 1562 73 1597 χὴν
81 1562 256 1598 συνεπορεύθη
273 1563 308 1598 τῇ
324 1562 435 1596 γυναικὶ
449 1561 517 1597 πρὸς
530 1560 576 1586 τὸν
591 1559 697 1595 ἐκείνης
710 1559 804 1595 ἄνδρα,
819 1562 840 1591 C
858 1571 934 1602 ape”

741 1559 804 1595 δρα,
819 1562 840 1591 C
858 1567 959 1602 apertis
974 1567 1062 1594 oculis
1077 1566 1145 1593 nihil
1162 1566 1265 1599 videre,
1285 1573 1375 1601 neque
1393 1567 1475 1594 etiam
1492 1574 1645 1594 sermonem

33 1610 71 1635 καὶ
81 1607 151 1645 εὗρεν
164 1610 246 1636 αὐτὸν
257 1629 264 1641 ,
286 1608 467 1644 ἀνεῳγμένων
484 1607 538 1634 τῶν
554 1607 576 1622 ¹⁰
594 1606 725 1642 ὀμμάτων
736 1625 743 1637 ,
760 1606 807 1635 οὺ-

32 1655 68 1681 ὂὲν
81 1657 98 1672 ¹¹
107 1656 221 1692 ὁρῶντα,
235 1655 300 1682 οὔτε
313 1655 361 1691 μὲν
371 1655 451 1689 λόγου
463 1654 494 1680 τὸ
506 1653 648 1689 παράπαν,
664 1651 725 1679 οὔτε
735 1652 808 1684 τινὸς

33 1700 88 1735 {una
113 1702 253 1729 ἀκούοντα·
283 1700 348 1728 ἔνθα
372 1700 420 1727 καὶ
442 1700 590 1735 συμμιγεῖς
613 1698 775 1734 ὀλοφυρμῶν
787 1698 808 1714 η

33 1746 133 1780 ἅπαντες
147 1749 310 1785 περιήχουν,
324 1747 354 1774 οὕ
367 1755 440 1778 τινος
455 1747 470 1773 ό
485 1745 616 1776 Σισίννιος
636 1743 808 1771 παντάπασιν

32 1792 71 1819 οὐκ
80 1794 202 1829 ἠκροᾶτο.

60 1837 98 1865 IX.
116 1838 180 1866 Τότε
193 1837 252 1871 οὗν,
269 1839 364 1871 κλίνας
388 1837 424 1865 τὰ
448 1837 550 1872 γόνατα
570 1836 638 1872 πρὸς
660 1836 705 1863 τὸν
731 1835 807 1867 Θεὸν,

32 1883 73 1918 ἔφη
86 1885 99 1910 ὁ
115 1885 247 1922 μακάριος
258 1885 390 1921 Κλήμης·
405 1883 491 1919 Κύριε
506 1882 592 1919 Ἰησοῦ
608 1882 719 1918 Χριστὲ,
729 1882 743 1908 ὁ
759 1881 809 1914 τὰς

32 1930 92 1963 κλεῖς
103 1931 150 1967 τῆς
165 1931 308 1967 βασιλείας
321 1931 376 1958 τῶν
394 1929 516 1967 οὐρανῶν
537 1928 661 1961 δεδωκὼς
685 1928 724 1964 τῷ
740 1929 808 1956 ἀπο-

32 1976 103 2012 στόλῳ
120 1986 175 2010 σου,
196 1977 353 2012 διδασκάλῳ
377 1977 406 2004 δὲ
426 1976 487 2012 ἐμῷ
509 1976 616 2012 Πέτρῳ,
639 1976 687 2003 καὶ
712 1975 807 2002 εἰπών·

33 2022 112 2058 Ἀπερ
121 2023 158 2052 ἂν
167 2025 307 2059 ἀνοίξῃς,
314 2022 472 2058 ἠνέφκται,
482 2023 531 2050 καὶ
539 2022 614 2057 ἅπερ
622 2021 810 2056 adaugme-

32 2072 160 2104 κλεισται,
173 2072 206 2099 σὺ
216 2071 373 2107 πρόσταξον
386 2070 430 2097 ἴνα
438 2069 611 2105 διανοιχθῶσι
620 2069 660 2104 τῷ
674 2068 721 2095 ἀνθ
727 2068 809 2105 ρώπῳ

30 2116 158 2152 nimim“
165 2119 193 2145 αἱ
200 2117 374 2149 ἀκοαὶ,καὶοί
381 2116 525 2152 ὀφθαλμοὶ,
534 2117 575 2143 ὅτι
585 2116 616 2143 σὺ
624 2113 712 2147 εἴπας·
718 2115 810 2148 Ἄπερ

32 2163 63 2188 ἂν
68 2164 203 2199 αἰτήσητε
214 2165 422 2197 πιστεύοντες,
431 2163 579 2198 λήψεσθε.
590 2162 647 2190 Καὶ
657 2162 727 2198 αὕτη
739 2170 784 2188 σου
793 2162 809 2197 ή

31 2208 164 2244 ἐπαγγελία
175 2211 303 2246 διαμένει
312 2210 352 2241 εἰς
366 2208 452 2235 αἰῶνα
464 2208 570 2235 αἰώνων
579 2208 611 2228 "-
619 2208 714 2234 “'.Ka't
728 2207 809 2243 ἡνίκα

31 2254 118 2288 πάντες
143 2256 324 2293 ἀπεκρίνοντο
347 2255 380 2287 ⁸⁷,
408 2254 511 2290 Ἀμήν,
535 2253 723 2290 διηνοίχθησαν
745 2253 767 2269 ¹⁸
785 2253 811 2279 οἱ

30 2301 150 2339 ὀφθαλμοὶ
164 2303 301 2331 Σισιννίου
317 2303 364 2330 καὶ
379 2303 406 2330 al
422 2302 512 2330 ἀκοαί.
530 2302 585 2328 Καὶ
597 2299 659 2328 ἰδὼν
676 2300 720 2326 τὸν
735 2299 812 2334 ἅγιον

32 2349 162 2385 Κλήμεντα
186 2351 236 2377 σὺν
256 2351 290 2385 τῇ
309 2348 405 2376 ἑαυτοῦ
420 2348 562 2384 ἱστάμενον
577 2346 697 2380 γυναικὶ,
717 2345 812 2381 ἐξέστη

30 2396 57 2430 τῇ
70 2395 179 2433 διανοίᾳ,
202 2395 379 2432 λογιζόμενος
402 2395 430 2422 τί
451 2396 506 2430 ἄρα
526 2393 570 2429 εἴη
584 2393 674 2425 τοῦτο,
689 2393 735 2420 καὶ
745 2393 813 2419 ὑπο-

35 2442 88 2468 δοιῶν
100 2443 178 2469 τοῦτο
191 2442 261 2469 αὐτὸ
276 2443 416 2478 γοητικαῖς
430 2441 539 2476 τέχναις
550 2439 747 2476 ὲμπεπαῖχθαι,
761 2440 813 2475 ήρ-

31 2486 86 2520 ξατο
111 2489 226 2525 κράζειν
248 2489 270 2505 ¹⁹
293 2490 349 2520 τοῖς
365 2488 468 2520 δούλοις
488 2487 571 2515 αὐτοῦ
586 2488 624 2503 ’θ’
649 2487 814 2523 Κρατήσατε

31 2532 166 2568 Κλήμεντα
194 2534 244 2561 τὸν
272 2533 434 2561 ἐπίσκοπον·
464 2532 508 2560 διὰ
531 2532 586 2569 γὰρ
610 2532 657 2559 τοῦ
684 2533 814 2560 εἰσελθεῖν

31 2580 90 2614 πρὸς
106 2581 154 2617 τὴν
169 2581 292 2616 γυναῖκά
308 2590 369 2617 μου,
384 2581 417 2617 τῇ
442 2581 549 2617 μαγικῇ
573 2579 655 2607 αὐτοῦ
669 2581 751 2616 τέχνῃ
764 2580 814 2616 τὴν

31 2626 143 2660 πήρωσίν
162 2636 209 2662 μοι
222 2627 377 2663 ἐπήγαγεν.

60 2689 72 2704 ιτ
84 2683 178 2713 Matth.
196 2691 256 2716 xvt,
271 2683 315 2712 l9.
354 2684 369 2704 ιδ
381 2682 464 2711 Marc.
480 2689 540 2715 xxi,
553 2681 598 2709 2‘2.

859 1614 1005 1646 ullatenus,
1018 1618 1065 1640 aut
1081 1613 1166 1640 ullum
1182 1620 1280 1640 sonum
1297 1612 1393 1640 audire
1406 1621 1412 1638 :
1426 1612 1472 1639 ubi
1487 1616 1515 1639 et
1525 1613 1648 1647 permisti

859 1667 955 1687 omnes
968 1659 1114 1693 ejulatibus
1130 1658 1353 1694 perstrepebant;
1375 1666 1426 1686 nec
1440 1657 1578 1686 Sisinnius
1591 1658 1648 1686 ullo

859 1706 941 1734 modo
951 1705 1089 1733 audiebat.

895 1841 941 1868 IX.
959 1840 1038 1867 Tunc
1062 1838 1145 1874 igitur
1170 1837 1285 1873 genibus
1311 1836 1390 1864 flexis
1409 1837 1441 1865 ad
1459 1837 1555 1872 Deum,
1580 1838 1650 1866 dixit

860 1889 955 1916 beatus
969 1887 1096 1914 Clemens
1112 1895 1118 1913 :
1136 1885 1249 1912 Domine
1264 1883 1328 1911 Jesu
1348 1884 1465 1917 Christe,
1493 1885 1539 1919 qui
1559 1884 1649 1912 claves

860 1933 937 1969 regni
954 1933 1086 1961 caelorum
1098 1932 1196 1960 dedisti
1211 1932 1334 1967 apostolo
1346 1935 1403 1964 tuo,
1415 1931 1547 1966 magistro
1558 1936 1649 1958 autem

861 1987 922 2007 meo
937 1978 1028 2012 Petro,
1041 1982 1069 2006 et
1082 1978 1175 2006 dixisti
1188 1987 1195 2006 :
1207 1978 1377 2013 Quaecunque
1387 1978 1522 2012 aperueris
1532 1997 1539 2009 ,
1558 1983 1650 2012 aperta

860 2031 938 2058 sunt,
967 2031 992 2053 et
1024 2033 1186 2061 quacunque
1207 2025 1334 2052 clauaeris
1360 2024 1454 2051 clausa
1479 2028 1586 2058 δαημς
1620 2028 1650 2052 tu

860 2073 977 2109 prwcipe
1004 2076 1036 2098 ut
1061 2071 1220 2106 aperiantur
1245 2070 1309 2097 huic
1335 2070 1440 2097 homini
1462 2077 1542 2097 aures
1568 2074 1652 2104 atque

860 2118 950 2152 oculi;
965 2117 1095 2152 quoniam
1108 2122 1136 2144 tu
1148 2115 1241 2144 dixisti
1259 2124 1265 2142 :
1278 2115 1448 2150 Quwcunque
1457 2115 1583 2150 petieritis
1596 2122 1652 2141 cre-

861 2165 961 2198 dentes,
973 2162 1108 2197 accipietis
1121 2161 1147 2188 ὶι.
1166 2161 1199 2189 Ει
1210 2161 1268 2188 btet:
1284 2164 1329 2187 tua
1341 2160 1488 2195 promissio
1510 2163 1652 2194 permanet

862 2211 890 2239 in
907 2210 1036 2239 saeculum
1057 2207 1160 2236 saeculi.
1181 2207 1305 2241 Cumque
1320 2214 1417 2234 omnes
1435 2206 1650 2241 responderunt:

862 2257 961 2288 Amen,
982 2254 1068 2290 aperti
1085 2257 1151 2282 sunt
1168 2252 1240 2281 oculi
1262 2252 1388 2283 Sisinnii,
1416 2252 1536 2287 itemque
1558 2259 1650 2279 aures.

863 2303 896 2330 Et
908 2303 1003 2330 videns
1018 2305 1142 2329 sanctum
1155 2299 1322 2328 Clementem
1335 2303 1452 2327 stantem
1464 2307 1527 2326 cum
1536 2299 1653 2334 conjuge

863 2357 924 2382 sua,
939 2352 1030 2376 mente
1040 2346 1151 2379 excidit,
1166 2350 1296 2380 reputans
1308 2345 1440 2380 quidnam
1453 2345 1506 2372 hoc
1519 2349 1607 2378 esset;
1620 2353 1654 2372 ac

863 2394 1024 2422 existimans
1044 2392 1071 2420 id
1087 2392 1176 2426 ipsum
1196 2390 1374 2425 praestigiosis
1385 2390 1493 2418 artibus
1507 2394 1534 2418 et
1548 2389 1653 2417 illusio-

864 2441 944 2467 nibus
965 2439 1091 2466 effectum
1112 2437 1208 2469 fuisse,
1229 2436 1311 2471 cmpit
1332 2436 1451 2464 clamare
1470 2435 1556 2463 servis
1572 2436 1652 2463 suis:

865 2486 966 2514 Tenete
976 2485 1143 2512 Clementem
1152 2483 1311 2519 episcupum
1326 2490 1333 2508 :
1347 2490 1409 2509 nam
1422 2486 1452 2508 ut
1465 2481 1653 2516 ingrederetur

865 2533 898 2561 ad
913 2540 1027 2560 uxorem
1041 2539 1142 2565 meam,
1162 2531 1267 2566 magica
1280 2537 1330 2558 sua
1344 2532 1401 2557 arte
1419 2529 1487 2557 mihi
1502 2529 1651 2558 caecitatem

865 2579 982 2608 induxit.

677 2714 796 2744 VARIA‘S
816 2712 1017 2741 LECTIONES.

62 2778 95 2795 ’θ’
113 2779 191 2807 deest
207 2780 250 2812 .in
276 2779 312 2808 al.

31 2814 39 2827 '
62 2814 135 2842 deest
167 2816 195 2842 in
233 2815 272 2842 al.
324 2816 334 2831 "
355 2815 390 2842 al.
420 2815 568 2850 διαμένειν.

364 2779 373 2795 ¹
395 2780 431 2807 al.
453 2778 588 2806 ἐκϐαλεῖν.
629 2778 640 2793 ¹
659 2777 735 2804 deest
756 2776 784 2803 in
811 2775 845 2803 al.

618 2813 629 2829 θ
648 2812 684 2839 al.
718 2811 834 2846 λέγουσα
863 2811 951 2838 πάντα
979 2819 998 2846 ντ

901 2775 911 2790 ¹
930 2775 966 2802 al.
996 2774 1121 2806 ἤκουσεν.
1177 2773 1187 2789 ⁸
1207 2773 1243 2800 al.
1279 2771 1401 2806 ἔστησεν.
1441 2769 1544 2806 “deest
1566 2768 1593 2796 in
1614 2768 1651 2806 al.

1015 2782 1121 2801 κουσεν.
1177 2782 1187 2789 '
1207 2782 1243 2800 al.
1279 2782 1401 2806 ἔστησεν.
1441 2782 1451 2786 ⁷
1471 2782 1544 2797 υυυδι
1566 2782 1593 2796 Ill
1614 2782 1651 2797 at.

1015 2819 1018 2836 ε
1044 2809 1186 2844 συμϐάντα
1220 2808 1259 2843 τῷ
1290 2806 1369 2844 ἀνδρὶ
1395 2805 1501 2844 αὐτῆς,
1531 2805 1654 2844 καὶῃότι

30 2840 196 2886 wages};
306 2840 454 2886 ὀφθαλμοῖς
468 2840 527 2877 ῐκαὶν
550 2848 651 2886 κωςξὸς⁸
661 2848 718 2879 τοῖς
734 2840 793 2886 ὠσί,
809 2845 902 2886 Ταῇτα
918 2845 1036 2886 ἀρκούσας
1048 2845 1069 2886 ὁλ
1080 2840 1230 2886 μακάριος..
1245 2840 1250 2843 ’
1265 2845 1276 2860 ⁸
1296 2840 1549 2886 θίίρξρηετρέέψατο.
1578 2840 1604 2886 ἔξ

30 2885 106 2919 αυτῷ.
141 2886 160 2901 ¹¹
180 2886 217 2912 a1.

243 2875 375 2920 ῥτῑδέὶοὲιῗ
392 2875 467 2921 ﬁgi.
488 2875 613 2921 συμμιγῇ
630 2875 793 2921 δλοφιξρμόν.
807 2881 889 2921 __”_“
908 2881 944 2921 a_l.
964 2880 1011 2921 τοῦ
1021 2875 1167 2921 ἀνθρψπου
1186 2879 1292 2908 τούτου.
1315 2875 1419 2905 "-“al.
1431 2875 1538 2909 αἰῶνος.
1578 2875 1599 2892 ¹⁷
1616 2875 1653 2902 al.

31 2915 100 2946 εἷποζ,
114 2920 154 2947 τό,
197 2921 221 2936 ιε
242 2915 280 2949 "al;
292 2921 375 2950 inscr,
387 2920 499 2953 εὐθέως.
524 2915 562 2936 "'9
580 2915 614 2948 al.
637 2915 766 2946 κελεύειν.
805 2917 877 2956 κομι.
896 2916 995 2950 αὑτοῦ,
1011 2915 1056 2943 καὶ
1072 2915 1171 2958 λέγειν,
