2290 3110
52 121 96 148 625
603 118 696 146 MART
702 117 809 144 YRlUM
827 117 855 143 S.

875 116 1077 143 CLEMENTIS.
1604 111 1655 138 6‘26

51 178 91 204 καὶ
105 177 179 204 τοῦτο
193 178 243 212 μὲν
269 177 396 212 ἐνόμιζον
415 176 512 212 ψευδὲς
532 175 676 210 ὑπάρχειν,
706 174 773 207 ὅπερ
788 170 822 207 ἧν
836 173 859 201 Α
873 171 954 206 putab

752 181 773 207 ρ
788 170 822 207 ἧν
836 173 859 201 Α
873 171 999 206 putabam
1013 171 1110 198 falsum
1123 179 1193 204 esse,
1216 172 1288 206 quod
1313 180 1406 199 verum
1430 176 1503 204 erat;
1517 170 1656 199 existima-

49 226 144 261 ἀληθὲς,
169 225 279 252 ἐδόκουν
299 225 328 251 δὲ
354 225 385 251 τὸ
409 224 527 260 ἔμπαλιν
553 223 662 258 ἀληθὲς,
689 221 703 248 ὃ
728 220 825 255 ψευδὲς

50 272 182 306 ἐτύγχανε·
217 270 249 297 τὸ
280 270 375 302 σκότος
402 270 526 305 ἐνόμιζον
548 269 616 304 φῶς,
644 267 691 294 καὶ
713 267 743 292 τὺ
767 265 824 301 φῶς

51 318 133 349 σκότος
146 316 350 351 ὑπελάμϐανον.
382 316 453 342 Ἀλλ’
472 314 638 350 ἐκαθαρίσθη
661 315 675 340 ὁ
695 312 756 344 νοῦς
774 319 824 346 μου

50 365 75 390 ὲκ
93 362 136 389 τοῦ
155 361 296 397 μολυσμοῦ
324 362 374 397 τῆς
394 361 596 396 είδωλομανίας.
630 358 748 394 Ἀληθῶς
771 357 825 393 γὰρ

50 409 122 443 ἔγνων
144 409 166 423 ⁵³
194 408 260 439 τοὺς
289 408 419 443 δαίμονας
458 407 682 442 ἐξαπατήσαντας
708 404 731 419 ⁸³
761 404 825 434 τοὺς

50 453 211 488 ἀνθρώπους·
232 453 310 484 ὅπως
329 453 383 479 τῶν
397 453 434 487 μὴ
458 452 638 478 πιστευόντων
649 450 694 476 τὸν
710 447 825 483 Χριστὸν

50 498 108 525 εἶναι
124 500 188 526 Θεὸν
206 499 378 535 κυριεύωσι
393 498 491 533 πέτραι
509 497 557 524 καὶ
580 495 756 530 λίθοι,κωφο⁸ι
777 493 825 521 καὶ

50 545 139 576 ἇλαλοι,
158 544 253 579 ὥσπερ
267 543 358 578 κάμοῦ
370 543 559 578 ἐπεκράτησαν
585 541 665 576 μέχρι
678 540 726 575 τῆς
735 538 823 574 δεῦρο.

50 590 128 617 Ταῦτα
143 590 190 616 καὶ
212 589 249 616 τὰ
269 589 449 624 παραπλήσια
463 588 487 604 ⁸⁵
503 587 550 614 τοῦ
565 585 696 612 Σισιννίου
709 584 826 618 φάσκον-

48 644 96 666 τος,
123 634 192 670 χαρὰ
216 634 326 669 μεγάλη
351 634 471 668 γέγονεν.
514 632 671 660 Ἑπίστευσε
698 629 752 665 γὰρ
777 628 825 654 σὺν

51 681 113 716 πάσῃ
128 681 159 715 τῇ
179 679 263 706 αὐτοῦ
302 679 391 714 οἰκίᾳ·
418 679 465 705 καὶ
488 675 659 707 ἐπιδεδωκὼς
674 674 704 702 τδ
727 674 825 701 οἰκεῖον

50 727 132 761 ονομα,
147 724 376 762 προσεγγίζοντος
390 725 414 741 ⁸⁵
427 724 474 751 τοῦ
499 724 604 758 Πάσχα,
620 720 768 756 ἐϐαπτίσθη
784 720 823 735 “-

49 772 224 807 ὴριθμήθησαν
249 771 278 798 δὲ
301 772 325 797 οἱ
339 770 531 806 βαπτισθέντες
546 770 578 796 ἐκ
591 767 638 795 τοῦ
655 768 729 794 οἴκου
743 765 824 792 αὑτοῦ

51 819 99 853 ἅμα
114 818 209 849 πάντες
227 816 326 852 ἄνδρες
337 826 366 843 τε
381 817 428 843 καὶ
444 818 571 850 γυναῖκες
586 815 634 841 σὺν
647 815 703 844 τοῖς
719 812 825 847 νηπίοις

49 864 207 899 τετρακόσιοι
229 863 320 890 εἴκοσι
333 864 416 898 τρεῖς.
429 863 478 889 Διὰ
489 861 582 888 τοῦτον
598 861 626 886 δὲ
640 860 685 886 τὸν
697 859 826 885 Σισίννιον

51 911 129 937 πολλοὶ
144 910 197 937 τῶν
217 910 380 946 περιφανῶν
404 910 451 936 καὶ
474 909 558 944 φίλων
585 906 692 942 Νερούα
716 905 762 932 τοῦ
777 904 825 940 βα-

51 956 134 987 σιλέως
149 956 216 991 πρὸς
233 956 255 971 ⁸⁷
276 956 322 982 τὸν
336 955 400 982 Θεὸν
412 954 633 989 ἐπεστράφησαν.

77 1001 129 1028 XV.
149 1001 217 1029 Κατ’
229 1001 338 1028 ἐκείνου
354 1001 382 1027 δὲ
401 1000 448 1026 τοῦ
462 998 558 1035 καιροῦ
572 997 594 1013 ⁵⁸
609 998 623 1024 ό
639 997 727 1032 κόμης
741 995 795 1023 τῶν
804 996 826 1011 δ’

50 1046 117 1073 θείων
139 1046 274 1081 ὀφφικίων
296 1045 425 1076 Ποὺϐλιος
454 1042 671 1079 Ταρκουτιανὸς,
698 1040 827 1076 ἑωρακὼς

51 1092 220 1128 ἀναρίθμητον
257 1091 364 1126 πληθὺν
397 1090 436 1125 τῷ
469 1088 579 1124 Χριστῷ
622 1087 825 1117 πιστεύσασαν.

51 1138 256 1173 προσεκαλέσατο
269 1138 333 1168 τοὺς
349 1136 502 1172 προστάτας
528 1134 582 1161 τῶν
606 1133 754 1170 ρεγεώνων,
769 1132 828 1158 ὲπι-

50 1182 159 1215 δεδωκὼς
183 1184 206 1198 “
220 1183 315 1213 αὐτοῖς
335 1182 472 1217 χρήματα,
504 1179 665 1215 παρέσεισεν
679 1178 700 1194 ³¹
730 1177 828 1208 αὐτοὺς

52 1230 87 1256 ἵνα
114 1230 243 1265 κινήσωσι
274 1228 393 1264 τάραχον
422 1226 462 1262 τῷ
487 1224 642 1262 Χριστιανῷ
654 1224 676 1240 ⁵¹
705 1223 826 1258 ὀνόματι.

80 1273 142 1300 XVI.
159 1273 331 1304 Διοικοῦντος
342 1272 430 1299 τοίνυν
452 1271 627 1307 Μαμερτίνου
643 1268 689 1296 τοῦ
708 1269 827 1303 ἐπάρχου

51 1318 90 1344 τοῦ
102 1318 237 1344 πολιτικοῦ
260 1317 356 1353 θρόνου
383 1316 422 1348 ³⁸,
448 1316 541 1347 στάσις
564 1315 658 1349 γέγονε
681 1313 728 1340 τοῦ
764 1313 829 1339 Ῥω-

54 1364 128 1399 μαίων
146 1364 232 1400 δήμου
259 1364 303 1390 ἐπ’
318 1363 428 1398 ὀνόματι
447 1361 495 1388 τοῦ
512 1362 684 1397 Κλήμεντος·
701 1357 828 1394 καὶπρὸς

52 1410 169 1446 ἀλλήλους
185 1409 377 1445 συγχυθέντες,
396 1409 470 1436 ἄλλοι
491 1408 514 1424 ⁸⁸
537 1408 585 1442 μὲν
603 1406 710 1440 ἔλεγον·
726 1404 758 1430 Τί
775 1403 828 1439 γὰρ

52 1457 125 1483 κακον
138 1456 266 1492 ἔπραξεν,
294 1455 310 1490 ἦ
340 1455 367 1481 τί
390 1454 444 1480 τῶν
467 1453 557 1480 καλῶν
577 1452 608 1478 οὐ
631 1449 827 1485 κατώρθωσεν;

52 1503 116 1534 ὅστις
139 1502 192 1538 γὰρ
217 1502 361 1538 ἄρρωστος
378 1502 442 1537 παρ’
454 1499 536 1526 αὑτοῦ
551 1497 715 1533 ὲπεσκέφθη,
733 1497 829 1526 ἰάσεως

53 1550 152 1586 ἔτυχεν
176 1549 251 1581 ὅστις
270 1549 338 1584 πρὸς
361 1547 441 1574 αὐτὸν
458 1545 643 1580 λελυπημένος
669 1544 692 1559 ⁸⁵
712 1541 826 1576 ἀπῆλθε,

54 1596 143 1631 χαίρων
166 1596 358 1631 ἀνεχώρησεν·
385 1592 480 1620 οὐδένα
500 1590 565 1617 ποτὲ
590 1589 699 1623 ἔϐλαψε,
726 1588 828 1618 πάντας

53 1640 77 1666 δὲ
95 1641 239 1676 ὠφέλησεν,
258 1640 351 1667 Ἀλλοι
378 1638 406 1665 δὲ
415 1637 549 1672 πνεύματι
564 1634 709 1669 διαὸολικῷ
734 1634 830 1659 ἐκκαυ-

54 1685 149 1718 θέντες,
165 1686 298 1722 ἔκραζον·
319 1684 463 1719 Γοητικαίς
484 1681 593 1716 τέχναις
621 1679 707 1706 ταῦτα
733 1677 827 1709 ποιῶν,

54 1731 100 1757 τῶν
114 1731 179 1758 θεῶν
193 1731 276 1768 ἡμῶν
300 1728 353 1765 τὴν
384 1728 511 1764 λατρείαν
532 1725 693 1761 ἀνατρέπει·
718 1723 763 1750 τὸν
781 1722 830 1750 Δία

55 1776 119 1811 λέγει
147 1773 206 1804 θέδν
236 1776 275 1812 μὴ
298 1773 379 1802 εἶναι.
411 1772 547 1809 Ἡρακλέα
568 1771 597 1797 δὲ
625 1770 670 1796 τὸν
697 1769 830 1805 ἡμέτερον

56 1823 160 1856 φύλακα,
179 1822 335 1858 ἀκάθαρτον
345 1818 414 1847 εἶναι
438 1818 512 1852 λέγει
526 1816 648 1851 πνεῦμα·
672 1815 829 1850 Ἀφροδίτην

56 1869 98 1903 τὴν
118 1870 191 1896 ὁσίαν
214 1869 237 1884 ⁵⁸
259 1867 335 1901 θεὰν,
363 1867 464 1901 πόρνην
492 1864 631 1899 γεγονέναι
656 1861 829 1888 ὑποτίθεται·

62 1914 158 1941 Ἑστίαν
170 1915 200 1941 δὲ
218 1914 270 1949 τὴν
290 1911 409 1948 μεγάλην
434 1909 498 1936 θεὰν
528 1908 594 1943 πυρὶ
625 1905 831 1940 κατηναλῶσθαι

59 1959 209 1996 βλασφημεῖ.
242 1958 379 1989 Ὡσαύτως
405 1956 433 1986 δὲ
446 1956 493 1982 καὶ
522 1955 572 1989 τὴν
602 1951 785 1986 εὐαγεστάτην
807 1951 830 1966 ⁸⁷

59 2005 113 2032 Θεὰν
132 2006 256 2041 Ἀθηνᾶν,
274 2003 406 2039 ’Ἄρτεμίν
431 2011 462 2028 τε
476 2002 523 2028 καὶ
541 2000 653 2035 Ἑρμῆν,
674 1999 732 2034 ἅμα
745 2007 776 2024 τε
786 1998 832 2024 xci.

58 2051 97 2078 τὸν
118 2052 226 2088 Κρόνον,
248 2051 296 2078 καὶ
327 2050 372 2076 τὸν
394 2050 479 2083 Ἀρεα
510 2046 657 2073 διαϐάλλει.
692 2045 784 2071 Πάντα
802 2052 832 2070 τε

59 2097 88 2123 τὰ
107 2097 222 2133 ὀνόματα
250 2096 306 2123 τῶν
332 2095 473 2130 ἡμετέρων
503 2093 581 2124 θεῶν,
606 2092 733 2122 καὶτοὺς
753 2091 833 2122 ναοὺς

60 2143 215 2180 καθυϐρίζει.
252 2143 288 2169 Ἦ
312 2141 387 2168 θύσει
405 2142 462 2172 τοῖς
492 2140 563 2171 θεοῖς
592 2138 680 2173 ἡμῶν,
707 2137 724 2172 ἢ
752 2137 833 2168 αὐτὸς

60 2187 216 2225 ἐξαλειφθείη
221 2210 227 2216 .

89 2235 163 2263 XVII.
191 2236 260 2262 Τότε
273 2235 446 2270 Μαμερτῖνος
468 2233 482 2259 ό
505 2231 555 2266 τῆς
579 2230 681 2261 πόλεως
704 2228 831 2264 ἔπαρχος,

62 2282 93 2316 μὴ
115 2282 201 2317 φέρων
221 2282 271 2308 τοῦ
290 2281 376 2316 δήμου
401 2279 450 2314 τὴν
481 2277 586 2308 στάσιν,
612 2275 736 2302 ἐκέλευσε
765 2273 833 2310 πρὸς

61 2327 145 2354 ἑαυτὸν
166 2327 318 2363 ἀναχθῆναι
330 2326 353 2342 ⁵⁸
382 2325 427 2351 τὺιι
449 2321 655 2360 μακαριώτατον
671 2320 831 2356 Κλήμεντα·

61 2372 134 2408 ὅνπερ
153 2373 330 2408 θεασάμενος,
363 2370 463 2406 ἤρξατο
497 2368 602 2402 λέγειν·
643 2366 687 2399 Ἐξ
708 2365 834 2400 εὐγενοῦς

63 2418 106 2453 μὲν
117 2419 189 2456 ῥίζης
206 2417 393 2455 προελήλυθας
403 2425 409 2431 “
421 2417 495 2450 -ὅπερ
511 2415 576 2449 ἡμῖν
591 2413 608 2448 ἡ
622 2412 676 2439 τῶν
693 2411 833 2446 Ῥωμαίων

63 2463 155 2500 πληθὺς
178 2464 384 2501 προσμαρτυρεῖ
407 2462 446 2478 "'
478 2459 546 2487 ἀλλὰ
571 2459 675 2493 πλάνην
698 2457 833 2491 ὑπέστης·

63 2511 104 2536 καὶ
123 2511 164 2538 διὰ
183 2512 263 2538 τοῦτο
292 2511 322 2536 οὺ
351 2509 480 2544 φέρουσιν
505 2507 544 2521 ⁵⁸⁸
576 2504 670 2539 ἐπειδὴ
703 2504 753 2530 οὐκ
776 2501 835 2529 οἶδα

63 2556 116 2583 τίνα
126 2558 239 2593 Χριστὸν
256 2557 332 2593 σέϐῃ,
347 2555 393 2582 καὶ
417 2553 524 2580 ἐναντία
546 2551 600 2578 τῶν
614 2551 635 2566 ⁶¹
648 2551 677 2577 ὲν
694 2551 749 2581 τοῖς
761 2550 833 2579 ναοῖς

841 1527 862 1556 C

848 2199 872 2225 D

875 217 937 244 bam
962 222 1052 244 autem
1068 225 1164 244 rursus
1185 225 1291 250 verum,
1308 218 1381 252 quod
1410 217 1508 244 falsqu
1525 221 1599 244 erat:
1615 221 1656 243 te-

874 263 974 289 nebras
987 263 1113 296 putabant
1130 263 1229 294 luccm,
1244 267 1271 289 et
1291 263 1379 290 lucem
1405 264 1530 290 tenebras
1543 263 1658 289 arbitra-

874 310 933 338 bar.
951 310 1003 337 Sed
1017 315 1148 345 purgatus
1163 314 1204 337 est
1219 311 1327 337 animus
1341 318 1418 337 meus
1432 319 1448 338 a
1475 311 1601 338 sordibus
1615 310 1658 336 in-

875 357 936 384 sani
948 357 1081 383 idolorum
1099 356 1198 383 cultus.
1215 356 1282 383 Vere
1297 357 1430 391 siquidem
1456 356 1554 391 agnori
1569 355 1657 390 decipi

875 410 890 429 a
903 401 1074 429 daemonibus
1089 402 1231 435 homines;
1247 406 1276 428 ιιι
1292 402 1317 428 in
1332 410 1378 429 eos
1403 402 1449 437 qui
1474 410 1527 430 non
1545 402 1659 428 credunt.

875 448 1016 475 Christum
1032 456 1094 475 esse
1110 447 1204 479 Deum,
1219 448 1395 476 dominentur
1407 453 1490 482 petrae
1510 456 1542 474 ac
1555 447 1658 482 lapides

875 493 969 520 auditu
985 497 1110 519 carentes
1136 497 1162 519 ct
1189 500 1266 525 voce,
1279 493 1508 527 quemadmodum
1539 497 1566 519 et
1590 492 1658 519 mihi

875 539 1045 573 imperarunt
1075 545 1161 572 usque
1188 538 1215 564 iu
1241 538 1314 565 hunc
1337 538 1418 565 diem.
1438 537 1490 565 lsta
1504 538 1660 573 similiaque

877 584 998 611 Sisinnio
1015 584 1180 618 proferente,
1204 584 1333 619 gaudium
1354 592 1483 619 magnum
1502 589 1590 611 mtutu
1606 589 1657 612 est.

875 629 997 657 Credidit
1007 630 1080 656 enim
1093 637 1155 656 cum
1169 629 1244 656 omni
1256 629 1337 656 domo
1351 637 1418 662 sua;
1445 630 1597 665 traditoque
1608 638 1660 658 suo

876 676 998 707 nomine,
1017 675 1251 712 appropinquante
1276 674 1407 702 Paschate
1433 675 1585 710 baptizatus
1607 681 1658 703 est.

875 719 1016 747 Numerati
1031 725 1122 746 autem
1138 725 1201 746 sunt
1214 721 1259 755 qui
1271 720 1398 754 baptizati
1413 720 1521 748 fuerunt
1533 722 1565 749 de
1577 722 1660 749 domo

876 767 946 802 ejus,
962 775 1057 794 omnes
1072 767 1152 793 simul
1168 767 1217 793 \iri
1230 772 1257 794 ct
1273 767 1400 794 tnuliercs
1413 775 1476 794 cum
1496 768 1658 800 infantibus,

877 815 1070 850 quadringenti
1084 814 1179 848 viginti
1199 819 1262 841 tres.
1287 815 1420 842 Cmtcrum
1449 820 1558 849 propter
1587 815 1661 843 hunc

842 854 864 881 Β
879 859 1030 886 Sisinninm
1057 859 1133 887 multi
1164 860 1323 890 illustrium,
1347 864 1373 886 et
1398 861 1551 887 amicorum
1565 859 1660 887 Nerva}

878 906 1048 941 imperatoris
1064 907 1096 933 ad
1110 905 1195 933 Deum
1210 907 1333 933 conversi
1347 911 1420 934 sunt.

912 984 971 1012 XV.
986 984 1014 1012 ln
1030 984 1076 1012 illo
1089 989 1178 1012 autem
1192 990 1314 1019 tempore
1330 991 1422 1012 comes
1449 993 1588 1013 sacrorum
1602 987 1661 1014 olli-

877 1031 982 1058 ciorum
993 1030 1106 1057 Publius
1128 1029 1321 1064 Tarquitianus
1336 1036 1397 1056 cum
1410 1029 1581 1056 innumeram
1591 1030 1661 1057 ntul-

877 1076 1020 1103 titudinem
1036 1076 1147 1103 Christo
1160 1075 1263 1102 videret
1276 1075 1434 1107 credidisse,
1444 1076 1661 1110 arcessivitpraa—

878 1121 962 1149 fectos
975 1121 1127 1156 regionum,
1140 1125 1165 1148 et
1191 1119 1253 1147 data
1277 1120 1316 1147 eis
1335 1121 1450 1154 pecunia
1482 1122 1616 1153 persuasit
1631 1127 1662 1149 ut

879 1167 1025 1194 tumultum
1050 1169 1254 1193 commovereut
1286 1166 1416 1194 adversus
1450 1174 1548 1193 nomen
1582 1167 1663 1194 Chri-

878 1213 1008 1239 stianum.
1120 1239 1123 1242 ,

913 1257 984 1285 XVI.
1011 1257 1228 1284 Administrante
1257 1256 1339 1290 igitur
1366 1254 1447 1283 Urbis
1473 1256 1662 1291 praefecturam

879 1303 1051 1336 Matnertino,
1065 1303 1162 1329 seditio
1176 1301 1248 1328 facta
1268 1305 1310 1328 est
1326 1301 1418 1336 populi
1435 1301 1551 1329 Romani
1564 1303 1597 1330 de
1611 1311 1662 1329 no-

878 1354 952 1380 mine
963 1353 1128 1384 Clementis;
1141 1355 1222 1386 atque
1236 1351 1306 1378 inter
1317 1358 1347 1378 se
1359 1350 1478 1384 confusi,
1494 1351 1540 1378 alii
1552 1353 1660 1386 quidem

879 1399 1006 1426 dicebant
1018 1407 1024 1425 :
1039 1398 1110 1430 Quid
1128 1397 1200 1424 enim
1216 1395 1281 1422 mali
1294 1395 1368 1428 fecit,
1381 1401 1428 1423 aut
1439 1397 1504 1431 quid
1518 1404 1571 1423 non
1585 1398 1663 1424 bona

879 1445 917 1471 rei
934 1444 1037 1479 gessit?
1048 1443 1210 1477 Quicunque
1229 1442 1303 1469 enim
1331 1447 1449 1476 aegrotus
1471 1443 1506 1470 ab
1521 1450 1554 1470 eo
1567 1443 1661 1470 visita—

879 1493 924 1518 tus
936 1494 987 1522 est,
1001 1490 1145 1516 sanitatem
1164 1492 1206 1515 est
1234 1492 1420 1514 consecutus:
1446 1488 1603 1523 quicunque
1629 1489 1662 1514 ad

879 1542 941 1562 eum
956 1534 1065 1561 tristitia
1080 1534 1192 1562 affectus
1210 1533 1286 1563 abiit.
1308 1534 1429 1569 gaudens
1455 1541 1579 1560 reversus
1602 1537 1661 1560 est:

879 1580 983 1607 nullum
999 1587 1120 1614 unquam
1147 1580 1234 1612 hesit;
1251 1581 1306 1606 imo
1333 1579 1436 1614 profuit
1448 1578 1584 1607 omnibus.
1608 1578 1662 1605 Alii

879 1631 968 1653 autem
980 1626 1114 1653 diabolico
1126 1626 1232 1653 accensi
1243 1626 1351 1660 spiritu.
1365 1625 1538 1652 clamabant:
1551 1624 1663 1658 Magicis

880 1671 985 1698 artibus
1008 1672 1060 1698 ista
1086 1670 1207 1703 faciens,
1243 1671 1357 1697 deorutn
1378 1674 1533 1697 nostrorum
1558 1669 1661 1696 cultum

879 1718 991 1750 evertit;
1007 1716 1101 1744 Jovem
1116 1721 1196 1750 negat
1206 1724 1266 1743 esse
1290 1716 1370 1743 deum
1396 1724 1403 1743 :
1426 1715 1570 1743 Herculem
1598 1722 1664 1741 vero

880 1763 1019 1790 custodem
1041 1768 1184 1796 nostrum,
1209 1763 1276 1790 dicit
1296 1770 1356 1790 esse
1389 1762 1558 1789 immundum
1583 1761 1664 1795 spiri-

882 1814 958 1836 tum:
977 1809 1110 1835 Vencrem
1125 1809 1203 1835 deam
1227 1813 1360 1840 sanctam,
1385 1807 1553 1834 meretricem
1578 1806 1664 1833 fuisse

880 1854 980 1881 docet:
997 1853 1104 1880 Vestam
1118 1858 1208 1880 autem
1233 1860 1359 1887 magnam
1373 1852 1462 1884 deam,
1490 1851 1551 1885 igne
1578 1849 1663 1877 fuisse

881 1903 1070 1932 consumptam
1105 1898 1296 1925 calumniatur.
1323 1896 1411 1924 Simili
1439 1903 1548 1931 quoque
1582 1896 1664 1923 modo

881 1945 1082 1972 sanctissimam
1102 1944 1180 1971 deam
1194 1943 1355 1974 Minervam,
1369 1943 1432 1969 item
1457 1942 1581 1975 Dianam,
1594 1941 1664 1968 Mer-

882 1991 1005 2022 curium,
1021 1991 1156 2024 simulque
1180 1988 1328 2016 Saturnum
1354 1993 1381 2016 et
1406 1987 1518 2016 Martem
1540 1987 1663 2014 infamat.

882 2037 970 2071 Atque
983 2037 1075 2064 omnia
1090 2036 1202 2063 deorum
1215 2040 1371 2063 nostrorum
1389 2035 1512 2067 nomina,
1526 2038 1553 2061 et
1565 2035 1664 2069 templa

883 2082 1055 2109 contumeliis
1077 2081 1167 2108 allicit.
1196 2081 1250 2108 Aut.
1276 2081 1441 2108 sacrilicabit
1469 2080 1523 2107 diis
1544 2080 1663 2113 nostris,

883 2133 930 2156 aut
945 2130 1000 2163 ipse
1013 2128 1144 2155 deleatur.

920 2223 1002 2250 XV'll.
1024 2222 1102 2250 Tunc
1125 2221 1302 2248 Mamertinus
1325 2219 1407 2246 Urbis
1433 2218 1588 2254 prazfectus,
1611 2225 1666 2244 nou

886 2269 977 2297 ferens
995 2270 1085 2304 populi
1100 2268 1272 2298 seditionem,
1285 2267 1369 2301 jussit
1382 2265 1416 2293 ad
1433 2273 1462 2293 se
1488 2265 1586 2293 adduci
1599 2266 1666 2292 bea-

887 2315 1022 2342 tissimum
1036 2314 1219 2341 Clementem:
1232 2319 1313 2347 quem
1327 2311 1453 2344 intuitus,
1466 2310 1549 2345 coepit
1557 2310 1665 2337 dicere':

886 2360 908 2387 E
920 2360 1004 2387 nobili
1019 2359 1128 2394 quidem
1144 2358 1236 2384 radice
1259 2357 1382 2392 prodiisti
1396 2365 1402 2388 ;
1419 2356 1492 2391 quod
1509 2355 1587 2383 nobis
1612 2354 1668 2382 Ro-

888 2413 969 2433 mana
984 2405 1060 2440 plebs
1084 2407 1251 2430 attestatur:
1279 2401 1326 2429 sed
1352 2408 1471 2428 errorem
1496 2399 1621 2427 subiisti:
1641 2404 1668 2426 et

886 2453 947 2480 ideo
961 2459 1015 2478 non
1031 2450 1123 2477 ferunt
1135 2458 1143 2482 ;
1158 2449 1222 2483 quia
1235 2448 1328 2475 nescio
1340 2455 1420 2482 quem
1435 2446 1573 2473 Christum
1587 2445 1666 2478 colis,

887 2502 983 2526 contra
997 2497 1063 2524 deos
1085 2495 1132 2530 qui
1157 2495 1183 2521 in
1207 2494 1316 2529 templis
1338 2493 1509 2520 honorantur
1539 2491 1666 2526 suscipis.

886 2544 1021 2578 Quocirca
1034 2546 1142 2577 oportet
1166 2545 1196 2568 ut
1223 2541 1343 2574 deponas
1367 2545 1476 2566 omnem
1502 2536 1666 2572 superfluam

703 2617 818 2646 νΑῐὶῐιίΕ
836 2613 1036 2644 LECTIONES.

97 2671 117 2686 “
133 2673 168 2699 al.
188 2673 319 2707 ἐπέγνων.
363 2673 387 2689 ⁵³
400 2673 436 2699 al.
456 2670 656 2707 ἐξαπατῷντας.

66 2705 104 2743 Eli;
117 2708 159 2743 καὶ
175 2700 273 2740 πάντες
285 2709 309 2734 οἱ
326 2709 353 2734 ὲν
363 2708 402 2743 τῷ
417 2700 485 2742 oiqu
500 2705 653 2743 τιίδτοῖμὴὴρἶ
663 2703 686 2730 δ.
704 2702 826 2743 efﬁat.
838 2700 941 2743 ᾷνᾷρεςι

366 2731 714 2779 Vapud'Su'rium,
733 2731 894 2779 Novembr-is
909 2741 988 2779 astu.
1003 2731 1095 2779 Cori.
1248 2731 1282 2779 ll:
1290 2731 1388 2779 a‘l‘uu"
1408 2731 1433 2779 at

67 2765 87 2789 ’ί
633 2765 825 2821 Χριστιανικιῖο.
865 2770 888 2785 ⁸³
904 2768 1027 2808 ὑπάρχου
1050 2766 1095 2792 τὸν
1112 2765 1248 2805 πολιτικὸν
1268 2765 1372 2801 θρόνον.

68 2811 118 2836 κατ’
135 2813 212 2836 αὑτοῦ
230 2813 331 2836 ἕλενοψ
346 2813 416 2836 τινὲς
427 2813 455 2836 δὲ
472 2810 612 2836 ἀντέλεγον
624 2817 630 2823 ⁸
653 2807 685 2833 Τί
701 2807 764 2836 γάρ.
817 2806 826 2821 ¹
847 2805 880 2831 al.
897 2804 1074 2836 λυπουμενοςο
1111 2801 1133 2816 ’θ
1144 2801 1220 2828 deest
1236 2808 1266 2827 tn
1285 2801 1320 2828 al.
1359 2800 1369 2815 ⁵

875 2824 880 2830 .
899 2811 1074 2830 Αυπουμενος.

67 2739 90 2780 ξξ
100 2742 141 2780 τοῦ
158 2743 265 2780 καιροῦ.

68 2811 118 2836 κατ’
135 2813 212 2839 αὑτοῦ
230 2813 331 2846 ἕλεγοψ
346 2807 416 2843 τινὲς
427 2813 455 2838 δὲ
472 2810 612 2846 ἀντέλεγον
624 2817 630 2823 ⁸
653 2807 685 2833 Τί
701 2807 764 2842 γάρ.

708 2667 771 2694 ⁵ὀ1.
780 2668 862 2693 inser.
874 2663 989 2696 τούτοις.
1027 2662 1050 2677 ⁵⁸
1058 2661 1092 2689 al.
1102 2660 1341 2696 προσεγγίσαντος.
1368 2656 1399 2696 ,⁸⁸
1415 2652 1668 2696 δι’..ὲξαπτίσθηάιὶο

980 2687 1003 2712 λτ
1020 2687 1235 2723 οΙῘὲνπίσ-τευσαν
1246 2695 1304 2726 ,καὶ
1322 2687 1399 2728 πρός.
1425 2691 1460 2728 7⁸⁸
1479 2689 1546 2728 Kac:
1563 2687 1666 2728 ἐκείνου

1111 2730 1132 2745 ⁵⁹
1152 2731 1228 2760 deest
1246 2722 1274 2756 in
1290 2730 1327 2756 al.
1346 2722 1352 2728 ’
1366 2722 1388 2744 ’δ
1408 2727 1443 2754 al.
1463 2726 1510 2752 καὶ
1529 2722 1666 2760 sesego;

1458 2761 1492 2788 al.
1511 2759 1588 2789 ἄλλος
1604 2756 1667 2784 ἄλλο

1111 2801 1133 2816 ιθ
1144 2801 1220 2828 deest
1236 2801 1266 2827 in
1285 2792 1320 2828 in.
1359 2799 1380 2815 ιτ
1393 2798 1467 2826 deest
1481 2797 1508 2823 in
1519 2795 1554 2821 al.
1592 2792 1663 2819 "al.

68 2836 457 2884 ἀχοῆεῖοῐιζ“⁸ῖέίῖψῇέᾷῥεῖ
474 2836 516 2862 -ἷογ
527 2836 832 2880 ιιι.”φέρουσιν”σῖωπᾷν.
871 2840 891 2856 ⁶¹
909 2839 1007 2866 desunt
1023 2837 1048 2863 in
1062 2836 1099 2863 al.
