2290 3110
591 140 641 168 627

1139 143 1309 170 ΛΡΡΕΝΒΙΧ
1328 144 1373 171 AI)
1393 145 1420 172 S.
1441 144 1660 173 CLEMENTEM.

1290 143 1309 170 Χ
1328 144 1373 171 AI)
1393 145 1420 172 S.
1441 144 1660 173 CLEMENTEM.
2154 148 2194 176 628

588 203 821 237 superstitionem,
830 204 958 238 colasque
972 202 1038 230 deos
1049 202 1175 230 eximios.
1187 202 1264 230 Tunc
1278 203 1373 231 beatus
1387 207 1410 236 Α
1423 203 1478 230 τῶν

1289 208 1373 231 teatus
1387 207 1410 236 Α
1423 203 1478 230 τῶν
1501 203 1571 230 θεῶν
1587 204 1717 240 ἀποδέχῃ.
1735 203 1781 230 Διὸ
1794 203 1942 231 ἀποθέσθαι
1954 211 1983 230 σε
1997 202 2038 229 δεῖ
2058 203 2144 230 πᾶσαν
2155 205 2193 239 τὴν

586 249 713 277 Clemens
728 257 736 275 ε
750 248 890 284 Optarem,
912 249 1010 284 inquit,
1039 253 1092 276 tuae
1112 249 1279 276 excellentiae
1304 257 1369 284 pru-

585 296 705 323 dentiam
720 295 754 323 ad
770 303 858 323 meam
881 295 1068 323 defensionem
1095 295 1247 328 attendere,
1272 298 1299 322 et
1314 302 1368 321 non

584 345 696 376 propter
710 340 899 375 imperitorum
912 340 1085 372 seditionem,
1100 340 1146 368 sed
1158 344 1268 375 propter
1278 347 1366 367 meam

583 386 737 414 doctrinam
754 393 900 414 accusasse
922 393 975 413 me.
1001 385 1068 413 Nam
1083 386 1107 413 si
1121 393 1204 413 canes
1219 385 1298 413 multi
1324 385 1367 412 al-

581 425 745 460 latraverint
768 440 820 460 nos
833 440 867 460 ac
881 432 1051 465 disciderint,
1074 439 1128 459 non
1156 435 1270 466 possunt
1282 431 1364 458 etiam

582 478 693 506 auferre
706 478 779 513 quod
794 478 920 506 [nomines
943 478 1091 505 rationales
1121 485 1234 507 sumus:
1259 476 1367 512 ipsique

582 529 726 552 remanent
740 531 823 551 canes
850 524 910 551 sine
933 523 1039 551 ratione
1057 523 1234 551 oblatrantes.
1259 522 1365 549 Etenim

580 571 680 599 seditio
710 578 818 606 semper
834 570 868 597 ab
891 570 1024 605 imperitis
1044 569 1181 605 prolicisci
1201 568 1366 601 Ostenditur,

580 617 649 644 adeo
665 622 696 645 ut
723 617 791 644 nihil
806 616 904 644 habeat
926 621 1025 648 tutum,
1039 623 1091 643 nec
1103 615 1184 643 etiam
1202 622 1296 641 verum
1322 621 1366 641 re-

579 668 719 698 ctumque.
738 662 921 696 Quamobrem
936 666 1076 697 quaeratur
1087 660 1189 689 silentii
1203 659 1324 692 occasio,
1336 659 1364 687 in

578 717 633 745 quo
644 717 693 744 pro
705 709 793 736 salute
806 701 856 736 sua
867 708 950 735 homo
962 707 1076 735 rationis
1091 706 1226 742 particeps
1242 704 1313 740 apud
1334 712 1364 732 se

578 755 736 783 consultare
755 762 788 783 ac
799 755 934 782 disserere
954 754 1077 788 incipiat,
1102 760 1157 787 quo
1169 759 1264 779 verum
1277 750 1362 778 Deum

578 801 708 834 inveniat,
732 801 775 829 cui
791 801 870 828 tidem
886 807 963 828 suam
976 800 1056 834 digne
1068 797 1249 826 commendet.

1422 250 1553 285 περιττὴν
1583 249 1805 285 δεισιδαιμονίαν,
1831 249 1878 276 καὶ
1899 250 1956 281 τοῖς
1987 249 2116 282 ἐξαισίοις
2137 249 2194 281 θεοῖς

1421 294 1562 330 λατρεύειν
1578 296 1610 322 θ’.
1637 296 1704 322 Τότε
1727 297 1741 323 ὁ
1760 296 1893 331 μακάριος
1914 295 2029 331 Κλήμης
2057 297 2125 330 ἔφη·
2149 296 2194 322 Ηύ-

1420 341 1507 376 χόμην
1529 341 1579 377 τὴν
1596 342 1647 377 τῆς
1662 342 1712 377 σῆς
1735 341 1873 377 ὑπεροχῆς
1882 342 2013 377 φρόνησιν
2031 342 2195 378 προσανέχειν

1421 395 1474 422 μου
1487 388 1521 422 τῇ
1545 387 1689 424 ἀπολογίᾳ,
1713 389 1761 415 καὶ
1781 387 1818 424 μὴ
1832 387 1876 415 διὰ
1895 388 1989 415 στάσιν
2006 387 2063 414 τῶν
2080 388 2195 414 ἀπαιδεύο

1418 441 1483 464 των,
1507 433 1575 460 ἀλλὰ
1587 433 1632 460 διὰ
1652 433 1698 460 τὸν
1714 433 1779 469 ἐμὸν
1791 434 1869 468 λόγον
1882 433 2039 469 γράψασθαί
2054 441 2099 468 με.
2119 433 2194 464 Ἐπεὶ,

1414 477 1462 504 ἐὰν
1473 478 1554 510 κύνες
1564 480 1639 515 ἡμᾶς
1651 479 1742 506 πολλοὶ
1757 479 1941 515 περιυλάξωσι
1951 479 1999 506 καὶ
2010 479 2194 515 κατασχίσωσι,

1415 522 1452 558 μὴ
1466 523 1593 551 δύνανται
1606 524 1755 559 ἀφελέσθαι
1773 526 1820 552 καὶ
1842 525 1873 551 τὸ
1888 523 1958 551 εἶναι
1981 525 2057 560 ἡμᾶς
2072 525 2122 560 μὲν
2135 525 2196 559 λογιρ

1413 568 1480 600 xei):
1499 569 1678 605 ἀνθρώπους,
1707 570 1830 603 ἐκείνους
1853 570 1882 598 δὲ
1906 571 1991 602 κύνας
2015 571 2039 587 ⁸³
2056 570 2195 605 ἀλογίστως

1414 614 1664 648 καθυλακτοῦντας.
1682 617 1739 644 Καὶ
1751 617 1806 653 γὰρ
1822 617 1838 652 ἡ
1854 617 1950 649 στάσις
1973 616 2018 644 ἀεὶ
2033 616 2110 652 παρὰ
2123 617 2194 644 ἁπαι-

1414 659 1515 687 δεύτων
1550 662 1740 698 προερχομένη
1776 662 1978 695 διαδείκνυται,
2011 661 2082 689 ὥστε
2121 662 2194 697 μηδὲν

1414 705 1536 741 ἀσφαλὲς
1560 707 1583 723 ⁵⁵
1605 707 1688 743 ἐχειν,
1716 708 1786 743 μήτε
1816 708 1869 743 μὴν
1886 707 1994 743 ἀληθές.
2021 707 2104 735 Ὅθεν
2125 707 2194 741 σιγῆς

1413 750 1549 786 ζητείσθω
1569 753 1716 789 πρόφασις,
1744 754 1773 780 ὲν
1834 753 1906 789 ὑπὲρ
1921 754 1972 790 τῆς
2000 753 2098 781 ἑαυτοῦ
2118 762 2193 788 σωτη-

1414 797 1473 831 ρίας
1487 799 1500 825 ὁ
1515 798 1622 833 λογικὸς
1633 799 1785 836 ἄνθρωπος,
1799 800 1845 827 καὶ
1854 800 1915 827 καθ’
1925 799 2021 827 ἑαυτὸν
2029 799 2193 835 βουλεύεσθαι

577 849 624 875 καὶ
664 846 834 881 διαλέγεσθαι
864 845 1039 881 ἀπάρξηται,
1064 845 1109 871 ἴνα
1140 844 1185 871 τὸν
1210 842 1297 879 ἀληθῆ
1322 841 1388 868 Θεὸν
1417 842 1510 879 εὖροι,
1535 841 1558 879 ᾦ
1591 845 1642 881 τὴν
1667 845 1761 873 ἑαυτοῦ
1796 846 1887 873 πίστιν
1921 846 2118 882 σεμνοπρεπῶς
2149 854 2192 872 παι

577 895 664 930 ράθοι.

611 949 703 978 XVIII.
721 949 798 977 Tunc
818 948 933 977 Publius
959 948 1165 984 Tarquitianus,
1188 948 1272 975 missa
1290 947 1359 974 rela-

575 996 649 1024 tione
670 996 703 1024 ad
715 996 864 1031 Trajanum
883 995 1087 1029 imperatorem,
1102 994 1136 1022 de
1161 994 1273 1021 nomine
1287 993 1359 1021 beati

574 1043 722 1071 Clementis
735 1043 841 1075 detulit,
864 1042 957 1070 dicens
975 1051 981 1068 :
1005 1041 1084 1069 Hunc
1108 1041 1275 1069 Clementem
1291 1041 1360 1069 sedi-

575 1091 653 1119 tiosis
667 1089 836 1118 clamoribus
850 1089 967 1124 populus
990 1095 1044 1115 non
1064 1092 1154 1116 cessat
1177 1095 1316 1123 quaerere;
1333 1093 1360 1116 ct

575 1138 628 1165 ﬁde
642 1137 724 1172 digna
744 1135 870 1171 probatio
894 1134 1026 1162 adversus
1051 1134 1126 1162 illius
1147 1139 1222 1169 gesta
1242 1134 1358 1162 inveniri

574 1193 628 1212 non
642 1188 740 1219 potest.
767 1182 845 1210 Tunc
873 1176 1009 1216 'I‘rajanus
1040 1181 1187 1216 imperator
1205 1182 1357 1216 rescripsit,

573 1235 699 1266 oportere
715 1237 778 1256 eum
792 1229 833 1256 vel
846 1228 1003 1256 consentire
1016 1227 1207 1263 sacriﬁcando,
1222 1233 1270 1258 aut
1286 1229 1358 1258 ultra

573 1285 649 1306 mare
673 1282 701 1306 et
723 1275 842 1305 Pontum
863 1277 890 1304 in
913 1277 1050 1304 desertum
1079 1275 1211 1304 Chersoni
1230 1277 1357 1313 adjacens

572 1324 702 1360 oppidum
715 1323 840 1359 relegari.

607 1402 680 1430 XIX.
706 1403 830 1437 Cumque
848 1409 881 1429 cx
907 1402 1017 1437 Traiani
1037 1402 1116 1438 jussu
1135 1409 1180 1430 res
1195 1403 1356 1430 conﬁrmata

573 1449 636 1482 fuit,
651 1449 789 1484 cogitabat
808 1448 879 1483 apud
893 1456 922 1476 se
935 1447 1126 1481 Mamertinus,
1140 1455 1259 1483 quonam
1274 1449 1357 1476 modo

571 1495 699 1523 Clemens
713 1494 897 1522 voluntarium
912 1502 967 1521 non
983 1498 1085 1529 peteret
1096 1495 1234 1528 exsilium,
1248 1495 1295 1523 sed
1308 1503 1356 1530 po-

572 1542 627 1570 tius
640 1541 693 1570 diis
722 1540 851 1567 libamina
875 1540 1024 1567 exhiberet.
1052 1540 1154 1568 Verum
1180 1539 1277 1567 beatus
1295 1540 1356 1568 Clco

571 1597 649 1617 mens
661 1587 841 1616 contendebat
854 1591 883 1614 ut
905 1587 991 1621 ipsius
1005 1594 1116 1622 quoque
1126 1587 1223 1622 iudicis
1230 1587 1351 1614 animum
1365 1593 1389 1624 (ζ

570 1635 604 1662 ad
618 1633 698 1661 Iidem
710 1632 811 1660 Christi
833 1632 988 1662 adduceret.
1016 1632 1128 1667 ipseque
1141 1632 1308 1666 ostenderet,
1323 1640 1353 1661 se

569 1681 671 1716 eligere
688 1679 814 1707 exsilium
828 1679 925 1714 magis,
939 1686 1022 1714 quam
1050 1679 1156 1707 timere.
1170 1678 1286 1706 Tantam
1301 1679 1352 1706 ita-

569 1734 623 1762 que
636 1726 752 1762 gratiam
778 1725 910 1752 Dominus
933 1724 1066 1752 Clementi
1094 1725 1219 1760 praabuit,
1243 1730 1274 1753 ut
1296 1724 1353 1752 Ma—

569 1773 704 1800 mertinus
717 1770 861 1807 praefectus
875 1771 990 1806 lugeret,
1000 1779 1032 1799 ac
1052 1771 1155 1799 diceret
1169 1780 1176 1798 :
1190 1770 1262 1799 Deus
1271 1778 1350 1806 quem

569 1824 596 1846 tu
611 1818 718 1846 sincere
730 1817 808 1851 colis,
831 1817 889 1852 ipsc
908 1817 956 1844 tibi
971 1825 1049 1852 opem
1066 1816 1135 1844 feret
1148 1816 1175 1843 in
1186 1816 1239 1844 hoc
1260 1817 1350 1844 exsilii

566 1865 670 1900 judicio
685 1874 691 1892 :
703 1868 730 1892 et
739 1863 882 1892 constituit
893 1870 999 1897 navem,
1012 1864 1174 1898 cunctisque
1187 1863 1351 1891 necessariis

568 1912 712 1947 impositis,
724 1910 838 1938 dimisit.
861 1909 978 1937 Onerata
996 1914 1087 1937 autem
1103 1915 1145 1938 est
1165 1910 1253 1937 navis.
1265 1909 1351 1943 Quin-

567 1960 648 1986 etiam
665 1966 680 1986 e
699 1958 801 1993 populo
830 1957 956 1986 homines
976 1957 1097 1993 religiosi
1107 1961 1134 1985 et
1146 1957 1256 1992 quidem
1271 1956 1350 1984 multi

567 2004 652 2032 sccuti
667 2008 732 2032 sunt
745 2011 817 2032 eum.

601 2122 662 2150 XX.
679 2121 729 2150 Ubi
742 2126 832 2150 autem
847 2127 1025 2158 pervenerunt
1042 2124 1075 2151 ad
1100 2123 1188 2151 exsilii
1201 2124 1303 2156 locum,
1321 2125 1347 2152 in

566 2177 649 2208 opere
670 2169 790 2197 caedendi
814 2171 971 2203 marmoris,
998 2171 1068 2198 ultra
1099 2171 1153 2199 duo
1168 2171 1252 2199 millia
1267 2171 1347 2199 Chri-

566 2216 719 2243 stianorum
736 2215 791 2242 illic
820 2215 1005 2251 invenit,jam
1024 2216 1070 2244 diu
1092 2217 1187 2251 judicil
1215 2218 1346 2245 sententia

1377 927 1396 953 Β
1445 941 1538 970 XVIII.
1553 943 1631 978 '-,T61:s
1658 943 1789 975 Πούϐλιος
1812 944 1826 970 ό
1849 943 2051 979 Ταρκουτιανδς
2076 943 2110 975 ⁸⁸,
2131 943 2191 970 ἀπο-

1412 987 1518 1020 στείλας
1541 988 1681 1024 ἀναφορὰν
1702 988 1829 1024 Τραϊανῷ
1850 988 1890 1024 τῷ
1916 988 2107 1024 αὐτοκράτορι,
2131 989 2190 1023 ἀνή-

1410 1040 1478 1066 γαγε
1494 1033 1557 1069 περὶ
1570 1034 1617 1060 τοῦ
1639 1034 1771 1070 ὀνόματος
1792 1034 1840 1061 τοῦ
1866 1034 2001 1072 μακαρίου
2027 1034 2190 1072 Κλήμεντοςτ

1410 1079 1538 1113 φάσκων·
1563 1078 1664 1106 Τοῦτον
1688 1080 1734 1107 τὸν
1759 1080 1906 1118 Κλήμεντα
1931 1082 2093 1110 στασιώδεσι
2113 1092 2191 1118 κραυ-

1408 1125 1471 1157 γαῖς
1495 1124 1585 1160 ζητῶν
1612 1125 1630 1153 ὁ
1646 1125 1737 1163 δῆμος
1760 1128 1791 1154 οὐ
1814 1127 1946 1155 παύεται”
1972 1129 2019 1155 καὶ
2044 1128 2193 1161 ἀξιόπιστος

1408 1169 1546 1204 ἀπόδειξις
1560 1171 1600 1204 είς
1623 1173 1657 1200 τὰ
1681 1173 1741 1200 κατ’
1765 1173 1846 1200 αὐτὸν
1867 1173 2012 1209 εὑρεθῆναι
2031 1175 2063 1201 οὐ
2077 1175 2190 1202 δύναται.

1408 1216 1564 1252 Τηνικαῦτα
1579 1218 1714 1254 Τραϊανὸς
1734 1219 1749 1245 ὁ
1762 1219 1938 1255 αὐτοκράτωρ
1962 1220 2128 1256 ἀντέγραψε,
2141 1221 2192 1247 δέον

1409 1263 1490 1289 αὐτὸν
1513 1263 1529 1298 ἢ
1552 1265 1687 1291 συναινεῖν
1714 1263 1821 1297 θύοντα,
1849 1264 1865 1300 ἦ
1892 1264 1979 1300 πέραν
1990 1265 2041 1300 τῆς
2060 1265 2192 1301 θαλάσσης

1408 1309 1455 1335 καὶ
1467 1308 1515 1336 τοῦ
1539 1309 1641 1336 Πόντου
1655 1310 1683 1336 ὲν
1696 1310 1792 1346 ἐρήμῳ
1815 1311 2007 1346 παρακειμένῃ
2026 1312 2061 1347 τῇ
2073 1311 2190 1347 Χερσῶνι

1408 1355 1430 1369 ⁸⁸
1443 1355 1519 1381 πόλει
1533 1354 1705 1391 ἐξορισθῆναι
1717 1357 1751 1383 ⁵⁷.

1441 1399 1513 1427 XIX.
1540 1401 1594 1427 Καὶ
1621 1401 1702 1427 ὁπότε
1726 1401 1766 1437 τῷ
1793 1401 1840 1428 τοῦ
1864 1401 1998 1438 Τραϊανοῦ
2032 1402 2190 1438 κελεύσματι

1407 1445 1580 1482 ὲπεκυρώθη,
1597 1447 1795 1474 συνεσκέπτετο
1821 1448 1836 1473 ό
1856 1448 2030 1483 Μαμερτῖνος
2042 1449 2076 1480 ⁸⁵,
2090 1449 2162 1480 61am;
2177 1450 2189 1475 6

1407 1491 1522 1526 Κλήμης
1549 1492 1673 1520 ἑκούσιον
1697 1492 1846 1528 ὑπερορίαν
1870 1494 1906 1529 μὴ
1935 1494 2101 1529 αἰτήσηται,
2129 1495 2191 1521 ἀλλὰ

1407 1536 1506 1571 μᾶλλον
1520 1538 1576 1569 τοῖς
1587 1537 1658 1570 θεοῖς
1670 1539 1787 1571 σπονδὰς
1808 1539 1952 1576 ἑμπαρέξῃ
1972 1540 2004 1566 ".
2031 1540 2103 1566 Ἀλλ’
2117 1542 2131 1567 ὁ
2145 1550 2190 1576 μα-

1406 1582 1501 1618 κάριος
1525 1583 1641 1619 Κλήμης
1661 1583 1809 1619 ἠγωνίζετο
1832 1584 1879 1611 καὶ
1904 1584 1986 1611 αὐτοῦ
2003 1585 2052 1612 τοῦ
2066 1585 2189 1613 δικαστοῦ

1403 1627 1448 1654 τὸν
1460 1627 1588 1664 λογισμὸν
1614 1629 1654 1661 είς
1673 1630 1722 1665 τὴν
1740 1630 1831 1657 πίστιν
1861 1630 1908 1657 τοῦ
1926 1630 2046 1666 Χριστοῦ
2073 1639 2190 1666 μεταγα-

1403 1675 1471 1708 γεῖν,
1484 1674 1531 1700 καὶ
1544 1674 1639 1700 ἑαυτὸν
1651 1674 1790 1707 ἀποδεῖξαι
1812 1675 2002 1711 προαιρεῖσθαι
2017 1675 2120 1711 μᾶλλον
2144 1677 2190 1712 τὴν

1403 1718 1563 1753 ὑπερορίαν,
1579 1718 1595 1754 ἢ
1619 1718 1795 1746 δεδίττεσθαι.
1809 1720 1950 1755 Τοσαύτην
1961 1720 2050 1747 τοίνυν
2064 1721 2079 1747 ό
2091 1721 2190 1755 Κύριος

1402 1763 1482 1799 χάριν
1494 1764 1532 1799 τῷ
1552 1763 1690 1799 Κλήμεντι
1714 1765 1876 1800 παρέσχετο,
1900 1765 1971 1792 ὥστε
1995 1766 2189 1802 κατοδύρεσθαι

1402 1810 1574 1845 Μαμερτῖνον
1586 1810 1632 1836 τὸν
1655 1809 1774 1845 ἔπαρχον
1798 1810 1832 1843 ⁷⁸,
1859 1811 1906 1837 καὶ
1926 1810 2031 1845 λέγειν·
2051 1812 2082 1838 'U
2093 1809 2189 1846 Θεὸςῷ

1403 1855 1435 1880 σὺ
1463 1855 1618 1890 εἰλικρινῶς
1644 1855 1796 1891 λατρεύεις,
1821 1856 1902 1889 αὐτὸς
1933 1865 1975 1883 σοι
2006 1857 2136 1894 βοηθήσει
2163 1859 2189 1884 ὲν

1401 1899 1487 1935 ταύτῃ
1499 1901 1590 1936 γραφῇ
1609 1900 1659 1935 τῆς
1687 1901 1849 1936 ὑπερορίας⁶
1875 1901 1923 1928 καὶ
1948 1901 2090 1937 ὴφώρισεν
2112 1902 2186 1934 ναῦν,

1402 1946 1448 1973 καὶ
1461 1945 1550 1972 πάντα
1570 1945 1605 1972 τὰ
1625 1946 1760 1981 ἀναγκαῖα
1785 1947 1807 1962 ⁷¹
1828 1946 1975 1980 ἐπιϐαλὼν,
2005 1947 2143 1975 ἀπέλυσεν
2156 1949 2186 1975 ’⁸.

1408 1990 1563 2026 Ἑφορτώθη
1587 1991 1649 2027 δὲὴ
1673 1992 1748 2024 ναῦς.
1775 1992 1813 2019 οὐ
1838 1993 1890 2028 μὴν
1917 1992 1986 2020 ἀλλὰ
2008 1993 2057 2020 καὶ
2087 1995 2120 2021 ὲκ
2143 1995 2187 2021 τοῦ

1401 2037 1465 2064 λαοῦ
1491 2037 1613 2069 εὐλαϐεῖς
1633 2037 1728 2073 ἄνδρες
1752 2038 1785 2070 ⁷³,
1812 2039 1859 2065 καὶ
1880 2039 1971 2065 πολλοὶ
2002 2039 2187 2076 ἠκολούθησαν

1400 2092 1483 2110 αυτω.

1433 2129 1494 2156 XX.
1516 2129 1611 2156 Ἦνίκα
1624 2129 1652 2156 δὲ
1665 2129 1814 2156 κατέλαϐον
1826 2130 1849 2146 ⁷⁸
1871 2130 1917 2157 τὸν
1932 2130 2015 2157 τόπον
2027 2132 2079 2167 τῆς
2089 2133 2186 2168 ὑπερο-

1400 2175 1470 2210 ρίας,
1483 2175 1512 2202 ἐν
1525 2176 1558 2211 τῇ
1581 2175 1697 2210 ἐργασίᾳ
1716 2175 1768 2210 τῆς
1790 2174 1844 2202 τῶν
1869 2176 2023 2212 μαρμάρων
2044 2177 2185 2214 λατομίας,

1400 2223 1556 2259 περαιτέρω
1566 2223 1613 2250 δύο
1628 2223 1753 2258 χιλιάδων
1771 2223 1949 2259 Χριστιανοὺς
1975 2224 2071 2251 αὐτόθι
2089 2225 2112 2240 ’³
2127 2233 2186 2251 κατ-

565 2261 821 2288 condemnatorum.
836 2260 888 2294 Qui
905 2267 1030 2289 sanctum
1046 2267 1073 2289 et
1094 2262 1228 2290 celebrem
1240 2263 1346 2298 episco—
1363 2265 1384 2292 D
1399 2268 1469 2295 έλαϐι

1279 2263 1346 2290 isco-
1363 2265 1384 2292 D
1399 2268 1495 2301 έλαϐε,
1533 2268 1722 2305 μακροχρονίῳ
1747 2270 1839 2304 γραφῇ
1876 2268 2126 2302 καταδικασθέντας
2152 2270 2183 2295 ".

564 2315 629 2343 pum
652 2307 819 2335 Clementem
846 2307 947 2341 intuiti,
968 2315 1063 2336 omnes
1083 2310 1256 2337 concorditer
1271 2318 1344 2337 -cum

564 2351 666 2386 gemitu
678 2358 711 2378 ac
723 2350 785 2378 ﬂetu
799 2351 970 2384 accedentes,
995 2352 1125 2380 dixerunt
1138 2363 1145 2380 :
1161 2353 1215 2384 Ora
1233 2363 1283 2391 pro
1295 2363 1343 2384 no-

563 2398 616 2430 bis,
632 2402 726 2425 sancte
743 2397 864 2432 pontifex
875 2419 883 2431 ,
900 2403 929 2425 ut
954 2399 1028 2434 digni
1053 2395 1201 2428 eliiciamur
1225 2405 1344 2437 promis-

1396 2315 1510 2346 Οἴτινες,
1536 2315 1688 2350 ἑωρακότες
1699 2313 1745 2340 τὸν
1757 2314 1833 2348 ἅγιον
1847 2315 1893 2340 καὶ
1905 2314 2025 2350 ἀοίδιμον
2038 2315 2186 2351 Κλήμεντα

1396 2360 1418 2377 ⁷⁷
1432 2360 1589 2392 ἐπίσκοπον,
1605 2360 1723 2392 ἅπαντες
1734 2360 1904 2396 ὁμοθυμαδὸν
1918 2361 1957 2392 εἰς
1975 2363 2130 2398 στεναγμὸν
2141 2363 2185 2389 καὶ

1396 2404 1513 2440 όδυρμὸν
1524 2404 1548 2420 ⁷⁸
1560 2405 1754 2440 προσελθόντες
1774 2405 1865 2439 ελεγον
1877 2414 1883 2421 ’
1902 2403 1986 2438 Εὗξαι
2012 2406 2085 2442 ὑπὲρ
2096 2407 2183 2442 ἡμῶν,

1210 2472 1326 2501 VARI/I3
1345 2475 1544 2504 LECTIONES.

596 2530 618 2544 “'
643 2530 678 2557 al.
704 2529 734 2562 ἐξ
745 2529 821 2560 ἔθους
839 2530 915 2565 ἡμῖν.
967 2530 989 2545 ⁵³
1006 2531 1081 2557 deest
1106 2530 1132 2556 in
1149 2531 1185 2557 al.
1234 2531 1257 2547 5‘
1277 2532 1323 2558 Ἀσ

561 2563 614 2590 ἐπα
618 2573 690 2605 ρχος.

744 2533 821 2580 Etim;
839 2533 915 2565 ἡμῖν.
967 2533 989 2545 ⁵³
1006 2533 1081 2571 deest
1106 2533 1132 2556 in
1149 2533 1185 2557 al.
1234 2533 1257 2547 ⁵³
1277 2533 1416 2564 Ἀσναλές.
1444 2542 1496 2561 ms.
1527 2534 1594 2561 2421
1624 2534 1732 2569 ἀφελές.
1752 2534 1822 2563 (ἷοτ.
1873 2537 1894 2552 ⁶¹
1911 2537 1948 2563 al.
1979 2537 2183 2574 Μαμερτῖνοςό

745 2564 950 2608 "ideestdnial.
995 2566 1016 2608 :7
1038 2565 1148 2608 Ibidem,
1164 2566 1310 2608 συνελθεῖν,
1326 2548 1435 2608 θύοντα,
1447 2570 1608 2608 θῑεηὲρῄμῳ
1624 2570 1700 2596 πόλει
1717 2571 1906 2608 παρακειμένῃ
1918 2573 1951 2607 τῇ
1970 2573 2106 2608 Χερσῶνι.
2131 2574 2183 2600 Ita-

1873 2537 1894 2552 "
1911 2537 1948 2563 al.
1970 2537 2156 2574 iMapepﬁvo;
2170 2539 2183 2564 ὁ

561 2607 614 2633 que
644 2599 670 2626 ill
703 2599 779 2639 ictis
799 2599 913 2639 _I.atinis
942 2599 1108 2639 praeferenda
1133 2605 1176 2639 est
1195 2601 1285 2633 lrctio,
1313 2603 1385 2639 ultra
1404 2612 1476 2630 mare
1491 2610 1515 2630 ιιι
1530 2599 1661 2636 Ῥὶὶιιὶιιηι,
1674 2599 1866 2638 communioni,
1882 2599 1954 2633 ιὶίινῆ
1968 2599 2042 2635 mare
2055 2599 2181 2639 Pontum,

560 2641 611 2677 pro
628 2641 690 2677 quo
710 2634 977 2677 Erecullus,nt_'rglz\s_
989 2643 1062 2661 mare
1077 2634 1217 2677 Ponticum
1231 2656 1239 2669 ,
1253 2638 1378 2677 quamvis
1403 2639 1480 2677 aliter
1494 2639 1617 2677 videatur
1640 2634 1769 2677 Baronio.
1785 2634 1884 2677 vocent
1901 2647 1992 2669 autem
2021 2642 2098 2670 πόλει
2110 2634 2182 2677 (qnze

560 2669 637 2695 abest
653 2669 687 2710 ab
704 2670 791 2709 altero
803 2677 854 2710 ms.
873 2669 955 2710 εξιιη
968 2670 1087 2710 jungunt
1108 2678 1169 2698 cum
1185 2678 1252 2698 voce
1262 2669 1364 2707 ’ἐρήμῳ
1374 2673 1482 2710 “etiam
1494 2673 1698 2710 Metaphrastcs,
1724 2674 1901 2710 Nicephorius,
1922 2682 1949 2704 et
1964 2677 2066 2704 Mena-a
2088 2687 2094 2705 :
2112 2669 2179 2704 ‘e'um

560 2711 627 2740 loco
658 2703 781 2740 Χερσῷνι
805 2705 871 2730 Acta
898 2703 1004 2735 Latina,
1020 2703 1122 2739 quique
1142 2713 1174 2732 ea
1196 2703 1355 2740 sequuiit'ur'
1374 2707 1453 2739 Beda,
1470 2708 1539 2740 Atio,

560 2737 855 2776 Ίξραῖανοίίκέλευσμαν
869 2737 1042 2776 ἐπεκυριῖ›οη’,
1062 2737 1209 2766 ἐσκέπτετο
1232 2737 1411 2776 Μαμερτῖνος.

927 2775 949 2789 ⁷³
982 2776 1081 2802 desunt
1096 2776 1121 2801 in
1135 2776 1170 2802 nl.
1209 2775 1231 2791 τε
1244 2774 1358 2803 ἀοίεείὶιι
1376 2777 1409 2803 a1.
1449 2778 1471 2793 ⁷⁸
1490 2778 1525 2805 al.
1545 2774 1686 2806 κατέλαϐὲῖ

559 2773 610 2806 τὴν
634 2773 726 2807 χρείαν
745 2775 888 2807 ἀναγκαῖα.

1583 2709 1711 2737 Γροιιιίιιε.
1728 2709 1793 2736 lem.

1782 2745 1817 2782 al.
1839 2745 1971 2782 ῥπαρχον.

1738 2780 1760 2796 ⁷⁸
1776 2781 1811 2807 al.
1828 2779 1906 2816 εὗρεν
1915 2779 2027 2809 αὐτόθι.

1848 2712 1870 2748 εδ
1886 2712 1922 2738 nl.
1942 2711 1974 2739 τὸ
1986 2711 2035 2739 τοῦ
2051 2713 2180 2748 βασιλέως

2011 2749 2035 2764 τι
2055 2749 2091 2775 al.
2112 2747 2178 2782 πρὸς

1464 2744 1485 2759 ⁸³
1505 2744 1540 2770 al.
1569 2744 1701 2782 προσάξῃ.
1740 2745 1762 2760 ⁷⁸
1782 2745 1817 2772 al.
1839 2745 1971 2782 ὕπαρχον.
2011 2749 2035 2764 τί
2051 2744 2091 2775 ἰιΙ.
2112 2747 2177 2782 πρὸς

1464 2778 1471 2793 ⁵
1490 2778 1525 2805 al.
1545 2779 1686 2806 κατέλαϐε.
1738 2780 1760 2796 ⁷⁸
1776 2781 1811 2807 al.
1828 2779 1906 2809 εὗρεν
1922 2782 2027 2809 αὐτόθι.
2080 2783 2101 2798 ⁷⁸
2121 2783 2172 2809 Mm

2150 2790 2172 2807 α.

561 2808 822 2856 -γραφῇ
846 2809 1106 2856 καιταδβιασθέντας,¹
1125 2810 1191 2837 Qui
1200 2811 1404 2856 ’,μακροχρόνιοι
1418 2811 1538 2856 σχςὺντας
1549 2814 1610 2848 (sic)
1623 2815 1780 2856 dnspyplav,
1794 2821 1825 2856 ct
1835 2808 1916 2856 paulo
1929 2808 2168 2854 ροδιίπαραγενέ.

562 2842 624 2868 σθαι
635 2842 750 2875 ἠξίωσεν
777 2842 826 2878 pro

852 2844 1081 2880 ἀπεκατέστησεν.
1098 2844 1163 2874 lum.
1200 2846 1221 2862 ⁷⁷
1245 2844 1322 2875 deest
1340 2847 1368 2875 in
1380 2847 1415 2876 τε.
1435 2844 1459 2864 τ’
1477 2844 1719 2885 μετὰστέναγιίὼν
1735 2844 1780 2877 καί
1797 2844 1930 2887 όόὑρμὼν.
