2290 3110
33 175 77 203 629

582 162 787 192 MARTYRIUM
807 161 835 189 S.
848 158 1048 189 CLEMENTIS.

1578 153 1629 181 650

31 233 80 259 δσιε
92 230 209 265 ἱεράρχα,
231 229 274 256 ἵνα
286 229 355 262 ἄξιοι
376 226 580 263 ἀωδειχθῶμεν
598 225 648 260 τῆς
665 223 741 260 παρὰ
750 222 797 250 τοῦ
813 225 834 253 Λ
851 222 930 249 sione

726 222 797 250 ὰτοῦ
813 225 834 253 Α
851 222 930 249 sione
940 220 1052 248 Christi.
1065 219 1139 252 Quos
1157 225 1219 246 cum
1249 216 1422 250 cognovisset
1449 213 1478 242 S.
1503 214 1630 242 Clemens

29 275 138 314 ’Χριστοῦ
151 276 326 310 ἐπαγγελίας.
355 275 409 307 οὓς
424 273 551 309 ἐγνωκὼς
562 273 585 289 "’
606 273 621 299 ό
637 272 713 306 ἅγιος
726 270 799 306 Κλή-

34 334 77 360 μης
94 323 135 350 διὰ
165 322 213 349 τοῦ
237 321 304 349 Θεοῦ
337 321 360 337 ⁵⁵
384 318 621 356 ὑπερορισθέντας,
646 317 715 352 ἔφη·
742 315 799 343 οὐκ

30 369 193 405 ἁπροσφόρως
216 369 231 396 ό
256 366 358 402 Κύριός
373 374 406 402 με
425 365 543 392 ἐνταῦθα
566 362 797 397 ἀπεκατέστησεν,

33 416 68 442 ἵνα
79 415 100 431 ⁸⁸
113 423 143 441 συ
147 414 282 450 μμέτοχος
304 412 448 447 γενόμενος
460 409 514 437 τῶν
527 407 697 444 παθημάτων
710 407 725 434 ὑ
729 406 797 442 μῶν,

32 461 64 487 ἑτι
89 458 254 496 παρηγορίας
279 457 452 485 ὑποτύπωσιν
476 455 523 483 καὶ
541 453 679 489 ὑπομονῆς
693 453 798 488 ἐμπαρ-

32 507 83 538 ἐξω.

59 550 122 578 XXI.
137 550 242 586 Ἐμαθε
259 549 289 576 δὲ
309 549 374 585 παρ’
387 547 491 580 αὐτῶν,
514 547 555 574 δτι
580 545 635 573 άπδ
658 545 687 578 ἒξ
703 543 797 580 μιλίων

30 596 55 622 τὸ
66 595 128 630 ὕδωρ
139 595 184 622 ἐπὶ
200 595 256 622 τῶν
277 594 348 621 ἰδίων
366 593 448 630 ῶμων
468 591 605 628 ἐκόμιζον.
623 590 727 618 Λύτίκα
750 587 797 616 οὖν

31 643 42 668 ό
57 641 124 675 ἆγιος
148 640 265 676 Κλήμης
278 638 463 675 προετρέψατο
473 637 580 669 αὐτοὺς,
591 636 677 670 λέγων
686 643 693 651 ·
708 633 798 667 E656-

33 686 88 720 μεθα
98 685 140 712 τὸν
150 685 172 701 ⁸²
192 685 296 721 Κύριον
317 684 397 719 ἡμῶν
416 682 519 719 Ἰησοῦν
538 681 665 718 Χριστὸν,
679 681 723 707 ἵνα
742 680 799 711 τοῖς

31 730 188 764 όμολογηταῖς
221 730 272 765 τῆς
307 728 389 755 αὑτοῦ
423 727 541 758 πίστεως
581 726 666 761 νομὴν
703 724 799 756 ὓδατος

31 776 140 812 διανοίξῃ·
154 777 200 803 καὶ
214 776 229 802 ὁ
242 775 365 808 πατάξας
375 774 423 811 τὴν
435 774 536 809 πέτραν
555 772 584 799 ἐν
603 773 639 807 τῇ
660 770 683 787 ⁸³
703 770 797 805 ἐρήμῳ

31 820 68 846 τοῦ
86 821 154 853 Σινᾶ,
172 821 220 848 καὶ
241 820 379 857 ἐρρύησαν
403 819 486 845 ὕδατα
507 818 546 849 είς
567 815 733 852 πλησμονήν,
747 814 796 841 αὑ-

32 866 67 897 τὸς
78 867 135 901 ἡμῖν
147 867 176 893 τὺ
199 866 316 901 ἄφθονον
338 867 412 901 νᾶμα
423 864 571 900 παράσχοι,
583 863 658 893 ὅπως
670 862 703 896 τῇ
714 859 796 887 αὑτοῦ

853 271 963 303 propter
978 266 1063 292 Deum
1081 265 1167 292 fuisse
1193 263 1363 298 deportatos,
1389 261 1446 288 ait:
1464 260 1522 287 Non
1536 261 1585 288 abs
1600 268 1629 288 re.

850 313 982 340 Dominus
996 319 1039 339 me
1050 311 1104 338 huc
1118 309 1261 345 perduxit;
1277 313 1306 335 ut
1321 307 1457 343 particeps
1472 305 1562 334 factus
1572 313 1630 340 per-

848 359 1008 395 pessionum
1032 361 1198 387 vestrarum,
1225 355 1306 382 etiam
1324 352 1522 381 consolationis
1539 356 1566 380 et
1583 359 1630 386 pa-

849 405 950 433 tientia:
963 403 1120 438 exemplum
1137 401 1296 437 praeberem.

882 534 954 563 XXI.
966 534 1065 562 Didicit
1076 537 1166 562 autem
1179 533 1213 560 ab
1223 532 1275 566 eis,
1285 532 1356 568 quod
1368 531 1401 559 de
1413 536 1489 559 sexto
1503 530 1630 558 milliario

849 589 947 617 aquam
964 581 1023 609 suis
1038 580 1159 608 humeris
1177 579 1363 613 deportarent.
1392 577 1544 605 Confestim
1565 583 1630 611 ergo

847 630 958 652 sanctus
973 624 1099 651 Clemens
1114 624 1274 651 cohortatus
1285 627 1328 650 est
1342 622 1414 654 illos,
1431 621 1544 649 dicens:
1560 620 1630 648 Ore-

848 677 911 698 mus
920 669 1067 698 Dominum
1085 673 1210 696 nostrum
1237 667 1330 696 Jcsum
1358 667 1510 700 Christum,
1523 671 1554 694 ut
1568 666 1631 693 ﬁdei

848 723 905 744 suae
922 715 1128 743 confessoribus
1152 722 1249 742 venam
1274 721 1353 749 aqua:
1377 713 1498 748 aperiat;
1527 716 1555 740 et
1582 712 1631 746 qui

846 763 981 798 percussit
996 766 1101 797 petram
1115 761 1143 788 in
1155 761 1261 789 deserto
1274 759 1356 794 Sinze,
1369 764 1395 787 et
1405 759 1541 787 ﬂuxerunt
1553 766 1631 793 aqua:

846 808 874 836 in
904 808 1096 836 abundantiam
1114 814 1139 841 ι,
1162 807 1220 842 ipse
1249 806 1328 833 nobis
1354 805 1495 840 copiosum
1522 804 1630 832 laticem

846 853 984 888 praebeat,
1009 861 1064 888 quo
1085 853 1172 888 ipsius
1196 851 1415 887 suppeditatione
1435 851 1568 878 laetemur.
1596 850 1631 877 Et

30 896 128 947 χορηγίᾳ
144 896 349 947 εὐφρανθῶμεν.
375 896 432 938 Καὶ
444 896 477 945 δή
498 896 547 944 τῆς
571 907 676 939 ἱκεσίας
687 907 794 942 πληρω-
809 904 831 934 Β
844 907 908 927 vero
932 913 934 921 ε

722 914 794 942 πηρω-
809 904 908 934 Bvero
932 899 1064 934 completa
1088 898 1295 934 supplicatione,
1319 897 1383 924 hinc
1410 897 1539 932 illincque
1569 896 1626 924 cir-

31 957 115 992 θείσης,
134 957 206 984 ἔνθεν
228 957 356 995 κάκεῖθεν
376 954 586 992 περιεϐλέψατο·
618 952 665 980 καὶ
691 950 796 979 εἷδεν⁶⁸

30 1003 98 1038 ἀμνὸν
111 1003 252 1038 ἱστάμενον
272 1003 307 1035 ⁸⁸,
329 1002 359 1034 ὃς
380 1002 427 1028 τὸν
443 1000 529 1034 δεξιὸν
545 999 614 1027 πόδα
639 999 793 1033 ἐκούφισεν,

30 1046 64 1075 οἷα
72 1049 112 1075 τὸν
123 1049 202 1076 τόπον
215 1049 255 1085 τῷ
276 1049 346 1084 ἁγίῳ
366 1047 504 1083 Κλήμεντι
521 1045 690 1076 ὖποδεικνύς.
703 1044 769 1071 Τότε
780 1045 795 1071 ὸ

31 1093 92 1126 ἅγιος
106 1094 226 1129 Κλήμης,
254 1093 400 1128 συννοήσας
425 1091 449 1108 ⁸⁸
468 1091 513 1118 τὸν
537 1090 639 1126 Κύριον
655 1087 742 1121 εἶναι,
764 1088 794 1115 ὃν

31 1140 95 1174 μόνος
107 1140 182 1171 αὐτὸς
198 1139 311 1166 τεθέατο
327 1138 350 1155 ⁸⁷
374 1138 422 1165 καὶ
439 1137 531 1173 ἔτερος
546 1135 684 1168 παντελῶς
696 1135 794 1167 οὐδεὶς,

30 1184 143 1220 ἐπορεύθη
167 1185 237 1220 πρὸς
261 1184 308 1211 τὸν
327 1183 420 1215 τόπον,
441 1182 488 1209 καὶ
502 1179 594 1208 εἶπεν·
628 1180 672 1207 Ἐν
684 1179 795 1215 ὀνόματι

29 1229 66 1256 τοῦ
76 1229 171 1266 Πατρδς
190 1230 239 1257 καὶ
257 1229 306 1257 τοῦ
325 1228 389 1256 Υἰοῦ
402 1228 448 1256 καῖ
469 1225 516 1254 τοῦ
538 1225 620 1262 ἁγίου
634 1223 795 1261 Πνεύματος

31 1276 142 1310 κρούσατε
167 1277 195 1303 ἐν
206 1276 247 1311 τῷ
258 1275 334 1311 τόπῳ
354 1274 450 1310 τούτῳ.
466 1273 522 1300 Καὶ
543 1271 637 1307 ἐπειδὴ
651 1271 751 1302 πάντες
765 1267 799 1296 ὲν

30 1321 105 1357 κύκλῳ
113 1323 166 1354 τοῖς
184 1321 344 1352 σκαπανίοις
358 1319 489 1354 ἑσκαψαν,
514 1318 562 1345 καὶ
583 1317 634 1344 οὐκ
657 1315 736 1343 αὐτὸν
749 1315 795 1343 τὸν

29 1368 94 1394 τόπον
106 1369 132 1395 ὲν
145 1365 166 1402 ᾧ
178 1369 192 1394 ό
210 1367 298 1403 ἀμνὸς
321 1366 396 1402 ἔστη,
423 1363 514 1392 λαῦὼν
540 1363 636 1400 μικρὸν
661 1362 795 1390 σκαλίδιον

29 1414 122 1448 ὸΞγιος,
145 1413 255 1450 ἐλαφρῷ
275 1412 430 1448 κρούσματι
440 1411 464 1428 ⁸⁸
475 1411 521 1438 τὸν
534 1410 617 1437 τόπον
629 1409 675 1436 τὸν
686 1408 738 1435 ὑπὸ
749 1407 795 1435 τὸν

30 1459 83 1485 πόδα
97 1460 139 1486 τοῦ
153 1459 249 1495 ἀμνοῦ,
275 1458 371 1493 ἔτυψεν
386 1458 410 1474 ⁸⁸
421 1466 428 1473 ⁸
453 1457 514 1484 ὅθεν
528 1455 699 1492 παραχρῆμα
718 1455 797 1490 πηγὴ

30 1502 219 1538 ὑπερὸλυούσαις
228 1504 252 1520 ⁸⁸
260 1504 321 1534 ταῖς
334 1502 429 1540 φλεψὶν
441 1500 649 1537 εὐπρεπεστάτη
662 1500 792 1534 ἀνεφάνη*

30 1550 86 1583 ἥτις,
113 1551 158 1578 σὺν
192 1552 266 1587 ὁρμῇ
292 1550 454 1586 ἐκχυθεῖσα,
488 1548 609 1584 ποταμὸν
633 1546 789 1574 ἀπετέλεσε.

847 945 1016 981 cumspexit;
1033 949 1060 973 et
1071 945 1136 973 vidit
1147 952 1247 980 agnum
1274 948 1404 976 stantem,
1419 943 1466 977 qui
1486 943 1631 970 dexterum

847 991 943 1027 pedem
967 991 1076 1025 levavit,
1103 996 1233 1026 tanquam
1252 994 1348 1017 sancto
1378 988 1512 1016 Clementi
1538 988 1629 1015 locum

847 1037 1003 1066 ostendens.
1023 1036 1100 1065 Tunc
1123 1036 1152 1064 S.
1180 1036 1307 1064 Clemens
1331 1039 1461 1069 reputans
1481 1033 1628 1060 Dominum

846 1092 924 1117 esse,
940 1092 1021 1120 quem
1035 1084 1112 1112 solus
1123 1084 1182 1119 ipse
1194 1082 1347 1117 conspexit,
1362 1085 1389 1109 et
1404 1081 1497 1108 nullus
1513 1080 1628 1107 omnino

845 1131 933 1164 alius;
959 1131 992 1158 ad
1007 1131 1097 1157 locum
1111 1129 1250 1165 profectus
1263 1132 1314 1162 est,
1330 1136 1363 1156 ac
1377 1128 1461 1155 dixit:
1477 1127 1506 1154 In
1517 1127 1629 1154 nomine

845 1175 933 1204 Patris
945 1180 972 1204 et
993 1176 1055 1203 Filii
1069 1180 1097 1203 et
1120 1175 1240 1210 Spiritus
1262 1173 1361 1207 sancti,
1388 1174 1496 1209 pulsate
1522 1170 1551 1201 in
1575 1169 1630 1200 hoc

844 1221 916 1251 loco.
931 1222 1057 1259 Cumque
1070 1229 1165 1250 omnes
1177 1221 1314 1256 ligonibus
1331 1220 1359 1247 in
1374 1220 1467 1248 orbem
1484 1219 1628 1252 I'odissent,

845 1277 900 1297 non
928 1275 1019 1297 autem
1044 1270 1136 1297 locum
1161 1267 1251 1304 ipsum
1267 1267 1295 1294 in
1316 1275 1371 1301 quo
1390 1273 1476 1302 agnus
1501 1269 1627 1299 steterat;

845 1320 956 1345 sanctus
982 1321 1095 1352 accepto
1110 1323 1194 1351 parvo
1207 1313 1327 1349 sarculo,
1342 1313 1435 1341 locum
1444 1313 1491 1348 qui
1504 1317 1562 1341 erat
1576 1313 1628 1340 sub

844 1363 913 1396 pede
927 1363 991 1398 agni
1010 1362 1146 1398 percussit
1164 1361 1218 1389 Ievi
1236 1353 1311 1388 ictu:
1336 1359 1408 1387 unde
1433 1362 1544 1393 repente
1567 1357 1629 1386 fons

841 1407 921 1438 ,venis
931 1407 1147 1435 redundantibus
1156 1405 1356 1441 pulcherrimus
1364 1403 1476 1431 emersit
1486 1412 1494 1436 ;
1506 1402 1554 1438 qui
1565 1410 1628 1430 cum

843 1455 947 1489 impetu
962 1453 1064 1482 cﬂ‘usus
1078 1452 1169 1480 elfecit
1183 1451 1305 1478 ﬂuvium.
1320 1449 1398 1477 Tunc
1417 1453 1532 1476 sanctus
1560 1456 1629 1475 cun.

844 1499 896 1527 ctis
911 1498 1123 1530 exsultantibus,
1158 1496 1368 1530 responsorium
1390 1495 1478 1523 dixit:
1493 1493 1627 1521 Fluminis

804 1537 826 1570 ο
842 1546 954 1581 impetus
965 1544 1103 1579 lwtiﬁcant
1116 1543 1251 1572 civitatem
1263 1541 1311 1568 Dei
1323 1541 1350 1567 ιι.

30 1596 163 1631 Τηνικαῦτα
196 1586 214 1624 ό
229 1586 316 1632 γᾰγιος
341 1596 450 1624 πάντων
474 1595 694 1630 ἀγαλλιωμένων,
725 1594 749 1611 ⁹¹
773 1592 972 1621 ὑπακουστικὸν
994 1590 1071 1619 εἶπεν
1099 1590 1152 1618 Τοῦ
1181 1587 1371 1623 ποταμοῦητὰ
1402 1586 1554 1622 ὀρμήματα
1579 1587 1629 1614 eb-

29 1643 166 1676 φραὶνουσι
177 1643 233 1679 τὴν
246 1644 338 1671 πόλιν
356 1642 408 1670 τοῦ
422 1643 506 1670 Θεοῦ.

56 1699 128 1728 XXII.
163 1701 212 1729 Διὰ
232 1701 336 1736 ταύτην
355 1697 401 1728 οὖν
421 1700 471 1736 τὴν
491 1700 604 1735 φήμην,
621 1698 793 1735 προσέδραμε

31 1745 90 1771 πᾶσα
109 1746 124 1781 ὴ
143 1746 277 1782 ἐπαρχία·
296 1745 344 1772 καὶ
362 1745 387 1771 οι
406 1743 566 1780 ἐληλυθότες
582 1743 701 1775 ἅπαντες
725 1742 794 1778 πρὸς

30 1788 176 1826 τὴνίδιδαχήν
194 1789 242 1817 τοῦ
252 1790 333 1824 ἁγίου
347 1789 505 1824 Κλήμεντος
520 1788 728 1824 ἐπιστρέφοντες
735 1787 794 1807 ”-"

31 1833 84 1867 πρὸς
98 1834 137 1860 τὸν
147 1834 246 1871 Κύριον
256 1843 263 1850 ·
279 1833 349 1861 ὥστε
363 1833 424 1861 καθ’
440 1833 547 1869 ἡμέραν
561 1833 733 1860 πεντακόσιοι
747 1832 794 1859 καὶ

31 1879 161 1916 περαιτέρω
177 1880 370 1916 βαπτιζόμενοι
386 1879 549 1916 ἀνεχώρουν.
569 1879 660 1911 Ἐντὸς
682 1879 712 1905 δὲ
735 1879 794 1911 ἐνὸς

31 1922 100 1956 ἔτῢυς,
111 1926 246 1960 γεγόνασιν
259 1926 350 1953 ὲκεῐσε
363 1926 438 1961 παρά
450 1925 505 1953 τῶν
519 1925 622 1952 πιστῶν
635 1925 795 1960 ὲόδομηκον-

31 1969 125 1997 ταπέντε
144 1971 285 2008 ἐκκλησίαι
296 1992 303 2004 ,
321 1973 368 1999 καὶ
385 1972 473 1999 πάντα
489 1971 524 1998 τὰ
546 1971 643 1998 εἴδωλα
660 1970 793 2006 κατεθρύ-

32 2013 117 2048 ϐησαν,
129 2016 225 2049 πάντες
241 2018 267 2044 οἱ
280 2017 339 2044 ναοὶ
351 2017 402 2052 τῆς
426 2015 580 2052 περιχώρου
593 2016 793 2052 καθῃρέθησαν,

33 2059 104 2087 πάντα
114 2061 146 2088 τά
159 2062 225 2098 ἄλση
242 2063 292 2089 ἐπὶ
307 2062 450 2097 τριακόσια
464 2062 542 2098 μίλια
557 2062 644 2089 διόλου
657 2062 685 2089 ὲν
703 2061 794 2097 κύκλῳ

33 2106 200 2142 κατεκόπησαν
211 2108 260 2134 καὶ
273 2107 513 2144 κατεστρώθησαν.

60 2160 140 2189 XXIII.
159 2163 317 2199 Τηνικαῦτα
328 2163 352 2180 ³⁵
367 2163 511 2199 ἐπίφθονον
531 2164 651 2200 διήγημα
667 2164 794 2199 διέδραμε

32 2206 86 2240 πρὸς
95 2208 134 2234 τὸν
145 2208 253 2243 βασιλέα
262 2209 404 2244 Τραϊανὸν.
416 2209 454 2241 ὡς
462 2209 554 2236 αὐτόθι
567 2209 634 2245 πρὸς
644 2209 795 2245 ἀναρίθμη-

879 1693 963 1722 XXII.
993 1693 1035 1722 οι)
1068 1693 1140 1721 hanc
1163 1691 1248 1727 igitur
1269 1688 1386 1723 famam,
1409 1689 1548 1717 concurrit
1571 1692 1628 1716 tota

843 1740 998 1776 provincia;
1021 1741 1124 1775 quique
1137 1737 1285 1767 veniebant
1305 1737 1339 1764 ad
1364 1736 1393 1764 S.
1414 1736 1560 1763 Clementis
1578 1736 1628 1763 do-

843 1785 959 1813 ctrinam
972 1792 1068 1813 omnes
1081 1783 1311 1813 convertebantur
1322 1782 1356 1808 ad
1371 1781 1515 1808 Dominum
1529 1789 1537 1814 ;
1558 1780 1627 1807 adeo

844 1837 873 1859 ut.
891 1831 1014 1867 quotidie
1028 1831 1168 1866 quingenti
1187 1836 1215 1858 et
1231 1827 1349 1862 amplius
1364 1826 1521 1854 recederent
1535 1825 1627 1860 bapti-

844 1878 908 1905 zati.
925 1878 998 1905 Intra
1018 1885 1103 1905 unum
1119 1881 1209 1904 autem
1223 1881 1327 1903 annum
1340 1893 1348 1904 .
1367 1872 1446 1900 facta:
1464 1875 1529 1899 sunt
1542 1871 1597 1898 illlc
1611 1879 1627 1898 a

844 1923 968 1950 ﬁdelibus
982 1921 1152 1957 septuaginta
1176 1922 1299 1957 quinque
1323 1917 1464 1950 ecclesiae,
1485 1921 1512 1944 ct
1534 1916 1626 1943 omnia

844 1969 915 1996 idola
929 1967 1068 1996 confracta
1083 1972 1166 2001 sunt,
1186 1967 1278 1994 omnia
1293 1964 1391 2000 templa
1407 1962 1627 1998 circumjacentis

844 2013 963 2050 regionis
975 2013 1065 2041 diruta
1079 2017 1153 2046 sunt,
1171 2020 1267 2040 omnes
1283 2009 1338 2040 luci
1359 2017 1445 2043 usque
1459 2008 1491 2035 ad
1505 2013 1627 2036 trecenta

844 2059 970 2087 milliaria
982 2059 1010 2086 in
1029 2058 1145 2087 circuitu
1159 2058 1261 2086 concisi
1277 2061 1341 2086 sunt
1353 2060 1382 2085 et
1393 2054 1451 2085 solo
1463 2055 1573 2090 aequati.

878 2157 973 2186 XXIII.
995 2157 1073 2186 Tunc
1097 2158 1230 2185 invidiosa
1250 2158 1370 2185 narratio
1388 2157 1511 2193 pervenit
1525 2154 1559 2185 ad
1574 2154 1630 2186 im-

844 2209 996 2240 peratorem
1011 2203 1159 2240 Trajanum
1173 2224 1181 2237 ,
1198 2203 1272 2238 quod
1284 2203 1338 2231 illic
1351 2203 1385 2230 ad
1399 2203 1626 2231 innumerabilem

33 2258 68 2276 τον
84 2253 176 2288 πλῆθος
192 2254 206 2280 ό
222 2254 278 2281 τῶν
297 2254 465 2289 Χριστιανῶν
483 2253 623 2289 ὲπηυξήθη
645 2253 724 2285 λαός·
746 2254 793 2281 καὶ
810 2287 821 2289 _
844 2250 934 2278 multit

721 2262 724 2268 ·
746 2254 793 2281 καὶ
810 2287 821 2289 _
844 2250 1045 2278 multitudinem
1070 2250 1204 2277 adauctus
1225 2253 1297 2277 esset
1315 2249 1432 2284 populus
1455 2249 1625 2276 Christiano-

34 2287 149 2335 ἀπεστάλη
157 2300 178 2315 ’⁵
189 2287 352 2335 Δὺφιδιανός
367 2301 381 2326 ό
399 2298 509 2335 ἡγεμών
519 2287 631 2331 (ὅστις,
650 2299 793 2332 πλείστους
809 2287 830 2314 D
846 2305 916 2324 rum.
930 2296 938 2323 I

720 2308 793 2332 ηους
809 2287 830 2314 D
846 2305 916 2324 rum.
930 2296 964 2323 Et
981 2296 1085 2324 missus
1098 2299 1140 2323 est
1155 2295 1315 2323 Auﬁdianus
1329 2302 1428 2329 praeses
1441 2302 1447 2320 :
1463 2294 1510 2329 qui
1525 2294 1624 2322 multos

33 2342 75 2368 τῶν
90 2344 247 2380 Χριστιανῶν
264 2345 403 2380 διαφόροις
423 2344 549 2380 βασάνοις
564 2343 667 2371 ἀνελὼν
679 2345 712 2378 ³⁸,
722 2345 792 2381 ὁρῶν

33 2388 80 2412 τε¹⁷
95 2389 150 2421 τοὺς
160 2391 263 2422 πάντας
275 2389 315 2426 τῷ
333 2390 474 2426 μαρτυρίῳ
492 2390 561 2425 μετὰ
576 2391 663 2426 χαρᾶς
675 2399 793 2426 προσερ-

35 2433 141 2467 κομένους
151 2454 158 2466 ,
170 2435 366 2472 παρεχώρησεν
376 2435 416 2471 τῷ
427 2435 522 2471 πλήθει
533 2455 541 2468 ,
561 2436 640 2471 μόνον
657 2435 703 2462 τὸν
715 2436 793 2470 ἅγιον

35 2478 158 2514 Κλήμεντά
176 2483 221 2509 ὲπὶ
238 2482 271 2509 τὸ
290 2481 364 2508 θύειν
375 2483 398 2498 ’³
416 2482 585 2518 βιαζόμενος.
611 2483 665 2510 Καὶ
685 2483 793 2518 βλέπων

35 2522 102 2555 οὓτως
114 2525 246 2561 ἱδρυμένον
264 2528 293 2554 ὲν
308 2527 419 2563 Κυρίῳ,
434 2530 480 2555 καὶ
490 2529 512 2545 ³³
531 2529 561 2555 τὺ
581 2528 695 2556 καθόλου
713 2537 795 2564 μετα-

35 2568 124 2603 τεθῆναι
135 2572 183 2608 οὐχ
191 2571 245 2600 οἶόν
257 2581 287 2599 τε
295 2574 340 2605 ¹⁰⁰,
349 2573 423 2607 λέγει
434 2575 442 2590 ¹
453 2575 509 2607 τοῖς
522 2575 598 2607 ἰδίοις
608 2583 616 2591 ’
632 2575 796 2611 ’Δπαχθήτω

63 2631 74 2646 ι
84 2626 160 2656 Exod.
174 2637 240 2657 xvu.
277 2630 292 2650 ιι
308 2629 381 2658 Psal.
392 2638 453 2663 XLV,
486 2631 514 2658 5.

844 2343 1017 2370 Christianos
1030 2342 1145 2370 diversis
1162 2341 1301 2376 suppliciis
1317 2348 1379 2368 cum
1401 2340 1565 2373 occidisset,
1582 2340 1624 2366 vi-

843 2388 974 2424 deretque
994 2395 1090 2416 omnes
1109 2387 1143 2414 ad
1166 2386 1327 2423 martyrium
1350 2394 1412 2413 cum
1434 2386 1533 2421 gaudio
1547 2392 1625 2412 acce-

843 2435 908 2463 dere
919 2455 926 2467 ,
946 2434 1029 2462 cessit
1048 2432 1233 2465 multitudini,
1250 2432 1338 2461 solum
1356 2435 1482 2460 sanctum
1498 2431 1625 2458 Clemenu

843 2486 898 2510 tem
926 2488 1027 2516 cogens
1054 2479 1088 2507 ad
1117 2478 1337 2507 sacriﬁcandum.
1370 2477 1404 2504 Et
1431 2477 1525 2504 videns
1556 2476 1624 2504 adeo

843 2527 968 2556 stabilem
987 2527 1014 2554 in
1031 2526 1158 2558 Domino,
1173 2532 1224 2552 nec
1239 2524 1352 2551 omnino
1366 2530 1446 2558 posse
1460 2530 1476 2550 a
1490 2523 1623 2550 sententia

843 2573 996 2606 dimoveri,
1010 2572 1080 2600 dixit
1101 2572 1134 2599 ad
1157 2578 1223 2599 suos
1242 2577 1249 2595 :
1269 2568 1427 2597 Abducatur
1452 2569 1481 2595 in
1505 2567 1624 2596 medium

660 2683 778 2712 VARIIE
793 2681 992 2712 LECTIONES.

69 2749 89 2766 τ’
105 2752 138 2779 al.
167 2753 302 2786 ἑωρακώς.
339 2755 362 2771 ⁸ο
383 2755 419 2783 aI.
436 2754 482 2781 τὸν
501 2753 576 2781 Θεόν.
610 2753 631 2768 ⁸¹
649 2752 685 2779 aI.
712 2750 768 2777 ἀλλ’
799 2750 852 2776 ἵνα.

204 2763 302 2790 ρακως.
339 2763 362 2771 “¹’
383 2763 419 2783 al.
436 2763 482 2781 τον
501 2763 576 2781 σεον.
610 2763 631 2768 “’¹
649 2763 685 2779 al.
712 2763 760 2777 αΛΛ
800 2763 852 2776 ινυι.
909 2763 925 2764 νά
940 2763 974 2775 ill.
1009 2763 1075 2783 -ιιμυι,
1113 2763 1168 2774 'hvv.

204 2799 224 2816 ι.
278 2791 302 2806 ⁸⁸
318 2790 354 2817 aI.
374 2791 510 2818 ἐννοήσας.
558 2788 580 2804 ⁸⁷
601 2787 636 2814 al.
657 2786 796 2813 ἐθεάσατο.
831 2785 854 2800 ⁸⁸
873 2784 954 2815 idem,
973 2785 1116 2818 κρούματι.
1136 2783 1204 2810 Cor.

36 2782 54 2825 ξ’
72 2782 224 2825 anteﬁxa.
278 2782 302 2806 δε
318 2790 354 2817 aI.
374 2782 510 2825 ἐννοήσας.

1449 2747 1472 2762 ⁸⁸
1492 2746 1527 2773 aI.
1560 2745 1622 2772 ἴδεν.

1449 2790 1488 2806 εν.
1544 2781 1566 2797 ’⁸
1586 2781 1621 2806 aI.

1586 2789 1621 2807 ill.

1221 2747 1244 2762 ⁸³
1269 2747 1303 2774 aI.

903 2750 925 2764 ’δ’
940 2749 974 2775 aI.
1009 2748 1076 2783 πρὸς
1113 2747 1168 2774 τόν.
1221 2747 1244 2762 ⁸³
1269 2747 1303 2774 aI.
1339 2748 1385 2782 γῇ.
1449 2747 1472 2762 ⁵⁸

903 2792 954 2815 em,
973 2785 1116 2817 κρούματι.
1136 2783 1204 2810 Cor.
1251 2782 1273 2798 ⁸⁹
1293 2783 1328 2810 aI.
1349 2783 1488 2817 ἔκρουσενἶ

37 2818 251 2857 ’ζιπερδλυζούσαις⁸
291 2816 407 2852 “deest
421 2816 449 2852 in.
463 2816 499 2851 ηιξ
518 2825 541 2840 θ’
553 2823 577 2840 ⁸³
591 2822 627 2850 al.
647 2821 822 2856 ἐπέστρεφον.
953 2816 1112 2857 ἰιιᾷοςζοῦν.
1150 2818 1172 2833 ’⁵⁵
1190 2817 1323 2857 ιιιηίιιίδοικ
1338 2817 1399 2852 παρ’
1413 2816 1503 2843 αὐτοῦ.
1541 2816 1563 2832 νθ
1586 2817 1621 2842 al.

38 2844 151 2883 ἁιιεῐλεν.’
167 2859 188 2876 ’⁷
206 2844 295 2888 εἶδέ,
330 2844 409 2888 ἵῖἷιῖ
422 2844 558 2887 ἐ’πῖθύειν,
591 2844 620 2874 ’δ’
642 2858 716 2885 deest
734 2844 811 2885 iuIal.
852 2855 886 2872 “'°
905 2844 940 2882 ζιι.
954 2844 1184 2889 βουλόμενον.
1226 2853 1232 2869 ¹
1254 2852 1317 2881 Vide
1334 2861 1361 2881 ιι.
1378 2844 1406 2886 ὃ,
1419 2853 1540 2888 proxime
1564 2859 1621 2885 seq.
