2290 3110
538 163 539 166 ‘
582 157 636 185 635

1131 155 1305 184 APPENDIX
1322 156 1367 184 AD
1387 156 1416 184 S.
1444 156 1666 186 CLEMENTEM.

2156 161 2198 189 (36

579 217 644 245 sede
664 222 812 244 successor
822 215 930 244 ﬁdelis:
948 215 1097 244 Clementis
1109 216 1184 245 illius
1201 216 1281 251 cujus
1300 216 1369 243 huc-
1385 219 1406 247 Α
1422 225 1483 243 σωτι

1300 216 1369 243 huc-
1385 219 1406 247 Α
1422 216 1609 253 σωτηριώδεις
1622 216 1733 253 διδαχὼς
1748 217 1795 245 καὶ
1810 217 1914 253 σιγῶσα
1997 219 2126 254 γεγονθια
2139 220 2189 240 ¹²-¹⁹

579 269 667 298 usque
695 261 841 290 universus
862 261 938 289 orbis
959 262 1093 289 salutares
1116 260 1204 290 fuisse
1227 261 1368 289 doctrinas

576 309 620 336 vel
632 312 726 336 tacens
737 308 838 335 clamat
852 317 858 335 :
871 308 1029 341 Clementis,
1040 307 1088 343 qui
1100 307 1163 336 vitis
1174 307 1276 335 Christi
1287 315 1368 336 verus

576 354 682 382 exstitit
697 354 812 389 palmes,
831 362 879 390 per
892 362 974 390 quem
989 354 1069 382 nobis
1084 354 1217 382 doctrinae
1235 362 1287 382 uva
1305 362 1366 382 ma-

578 406 738 434 turesccns,
761 401 872 437 pietatis
900 405 928 428 et
953 400 1051 429 salutis
1077 405 1200 429 mustum
1227 401 1364 428 stillavit:

575 447 736 481 Clementis,
755 455 827 475 vera:
838 447 931 481 scalae,
947 455 1010 483 quae
1022 455 1076 475 non
1096 447 1131 475 ad
1154 447 1232 475 collis
1246 447 1366 482 alicujus

575 493 749 522 altitudinem
761 502 812 522 nos
823 494 924 528 evehit,
937 494 984 522 sed
995 494 1128 521 virtutum
1142 494 1364 527 ascensionibus,

576 544 707 575 tanquam
732 539 861 575 gradibus
885 539 1068 575 quibusdam,
1087 539 1121 567 ad
1136 540 1237 568 caelum
1261 544 1288 567 et
1308 547 1365 568 coe-

575 585 654 612 lestia
676 593 727 613 nos
742 584 864 612 traducit
880 593 887 611 :
903 585 994 619 scalae,
1011 592 1073 620 qua:
1093 584 1139 611 illa
1153 592 1168 611 a
1188 583 1291 612 Iacobo
1306 584 1364 612 visa

575 638 749 666 nequaquam
764 629 879 658 inferior
899 635 942 658 est
958 637 990 664 ις
1013 638 1062 658 nec
1076 630 1197 658 ostendit
1212 630 1292 658 nobis
1312 638 1364 658 an-

573 676 649 712 gelos
661 685 708 712 per
719 684 779 704 eam
793 676 974 705 ascendentes
982 684 1015 705 ac
1025 677 1223 704 descendentes
1231 697 1239 710 ,
1252 676 1300 704 sed
1314 676 1363 704 ho—

575 723 678 749 minum
688 722 796 750 animas
805 722 905 749 divinis
916 720 1364 753 maximeadmonitionibus,velut

572 777 587 796 e
602 769 732 803 gradibus
749 769 776 796 in
788 769 890 804 gradus
901 776 950 803 per
965 768 1081 795 virtutes
1096 767 1131 794 ad
1146 766 1231 794 Deum
1244 766 1360 794 inducit.

608 813 650 841 ΙΙΙ.
672 813 757 848 Cujus
772 813 883 849 quidem
899 813 1066 841 miraculum
1083 821 1147 840 cum
1162 820 1218 840 non
1233 812 1362 840 didiceri-

573 858 617 891 tis,
632 866 649 885 o
671 858 857 894 pulcherrime
881 863 908 886 et
929 858 1089 886 ﬁdelissime
1103 862 1202 891 castus,
1226 858 1308 893 quale
1325 858 1362 886 sit

1420 261 1580 296 Κλήμεντος
1604 262 1652 289 τοῦ
1684 262 1802 298 ἀληθοῦς
1835 263 1972 299 κλήματος
2005 264 2056 300 τῆς
2090 265 2199 300 ἀμπέλου

1418 301 1600 342 Χριστοῦίδι*
1617 305 1648 335 οὗ
1661 309 1729 344 ἡμῖν
1745 310 1759 336 ό
1772 309 1822 345 τῆς
1841 308 2017 341 διδασκαλίας
2031 309 2128 345 βότρυς
2141 319 2198 346 περ-

1418 353 1516 386 κάσας,
1531 353 1646 388 γλεῦκος
1667 354 1808 386 εὐσεϐείας
1821 355 1869 382 καὶ
1890 355 2028 392 σωτηρίας
2048 355 2197 390 ἐστάλαξεν·

1417 399 1586 435 Κλήμεντος,
1601 400 1652 436 τῆς
1663 400 1781 437 ἀληθοῦς
1795 400 1939 437 κλίμακος,
1953 401 2003 437 τῆς
2015 401 2048 428 οὐ
2061 402 2128 439 πρὸς
2139 401 2199 437 fui»

1416 445 1498 480 λοφόν
1517 454 1545 472 τι
1559 445 1626 480 ὕψος
1648 446 1877 482 ὲπαναγαγούσης
1899 447 1982 482 ἡμᾶς,
1998 446 2066 473 ἀλλά
2084 448 2141 479 ταῖς
2152 447 2199 474 τῶν

1416 491 1522 527 ἀρετῶν
1537 491 1715 525 ἀνασάσεσιν,
1730 492 1825 529 ὥσπερ
1839 492 1894 519 τισὶ
1907 491 2030 528 βαθμίσι,
2045 493 2114 529 πρὸς
2127 493 2199 529 οὐρα-

1415 537 1460 565 νόν
1470 546 1500 564 τε
1511 539 1558 565 καὶ
1568 537 1603 564 τά
1614 538 1730 574 οὐράνια
1739 539 1812 574 ἡμᾶς
1824 538 2035 574 διασιϐαξούσης
2044 547 2052 554 ⁸
2065 539 2198 575 κλίμακος,

1416 583 1465 610 καὶ
1487 584 1538 619 τῆς
1565 583 1663 610 Ἰακὼϐ
1686 584 1832 621 ὁραθείσης
1857 584 1936 611 οὐδὲν
1958 583 2134 620 ἀποδεούσης,
2155 585 2198 610 οὐκ

1413 629 1548 664 ἀγγέλους
1563 629 1595 656 δι’
1607 629 1694 665 αὐτῆς
1708 630 1834 661 ἀνιόντας
1848 630 1895 657 καὶ
1910 629 2055 661 κατιόντας
2071 630 2136 665 ἡμῖν
2151 629 2199 656 δει-

1414 675 1561 711 κνυούσης,
1586 674 1656 702 ἀλλά
1680 675 1834 711 ἀνθρώπων
1856 674 1946 711 ψυχὰς
1969 676 2031 707 ταῖς
2056 675 2198 708 θειοτάταις

1414 720 1618 755 παραινέσεσιν,
1635 720 1673 752 ὼς
1688 721 1720 747 ὲκ
1736 719 1848 756 βαθμῶν
1864 720 1904 752 είς
1917 719 2039 757 βαθμοὺς
2053 720 2087 747 δι’
2100 720 2198 756 ἀρετῶν

1411 765 1451 802 τῷ
1466 765 1527 802 Θεῷ
1540 765 1779 802 συνεισφερούσης.

1448 813 1494 839 ΙΙΙ.
1507 812 1618 844 υὺτινος
1630 812 1662 848 δὴ
1676 812 1706 839 τὸ
1717 811 1811 848 θαῦμα
1824 811 1863 848 μὴ
1877 811 2017 848 μαθόντες,
2030 809 2053 839 ὦ
2064 812 2197 840 κάλλιστον

1411 858 1460 885 καὶ
1483 858 1643 885 πιστότατον
1669 857 1821 894 ἄθροισμα,
1843 858 1893 886 καὶ
1914 855 1969 885 οἷόν
1992 858 2053 884 ἐστι
2073 859 2121 885 καὶ
2143 859 2198 885 ὅσον

570 909 598 931 et
611 909 744 940 quantum
755 905 862 939 audire,
877 909 1008 940 tanquam
1023 904 1131 940 pietatis
1145 909 1280 938 amantes,
1291 912 1357 932 con-
1375 894 1397 922 Β
1411 904 1474 940 ἀκηπ

1293 912 1357 932 con-
1375 894 1397 922 Β
1411 903 1570 940 ἀκηκοέναι,
1581 904 1620 935 ὡς
1631 903 1809 939 φιλευσεϐεῖς,
1822 902 1999 939 ἀγωνίζεσθε,
2012 903 2061 931 καὶ
2072 911 2197 939 προσκιςν

571 952 683 986 tendite,
699 956 726 979 et
747 952 780 979 ad
796 959 950 979 sermonem
970 951 1115 984 exsultate,
1131 959 1163 979 ac
1180 959 1263 979 aures
1281 951 1361 978 incli-

570 1002 644 1030 nate,
659 1001 740 1033 atque
758 1001 879 1025 nostram
904 1002 1034 1025 accusate
1053 997 1210 1025 tarditatem
1229 1006 1236 1025 :
1258 997 1359 1025 etenim

569 1045 602 1072 de
624 1045 676 1072 hoc
699 1044 804 1080 gaudeo
830 1051 837 1068 :
865 1048 982 1077 tantum,
1008 1051 1096 1078 usque
1119 1043 1153 1070 ad
1173 1042 1254 1070 ﬁnem
1279 1043 1358 1077 mih'i,

568 1095 673 1123 qumso,
699 1089 741 1116 sic
760 1093 895 1116 attentum
917 1093 1024 1116 servate
1048 1088 1183 1121 animum,
1198 1095 1249 1116 nec
1261 1089 1359 1117 sinatis

568 1136 689 1170 aliquam
721 1135 805 1170 hujus
835 1134 899 1162 vitae
923 1142 1016 1162 rerum
1044 1134 1239 1170 cogitationem
1265 1135 1359 1162 subire

568 1186 687 1208 mentem
709 1185 840 1214 vestram,
862 1186 889 1209 et
906 1181 1075 1208 alacritatem
1099 1181 1222 1208 emollire
1238 1188 1246 1207 :
1261 1189 1356 1208 verum

567 1226 690 1262 vigilanti
707 1226 845 1254 intellectu
860 1233 893 1254 ac
908 1233 992 1254 sensu
1007 1233 1064 1253 rem
1081 1226 1198 1254 ﬁdeliter
1215 1226 1355 1262 suscipite.

567 1272 606 1300 Ita
617 1278 708 1300 autem
720 1273 811 1300 habet.

603 1318 648 1347 IV.
666 1319 816 1354 Postquam
833 1319 982 1354 praeclarus
1000 1324 1027 1348 et
1039 1320 1216 1349 beatissimus
1229 1319 1356 1350 Clemens

567 1365 700 1393 doctrina:
713 1371 796 1400 atque
811 1366 983 1401 apostolatus
1001 1374 1114 1395 cursum
1132 1367 1302 1403 perfecisset,
1323 1377 1356 1397 ac

566 1422 582 1441 e
595 1413 677 1442 rebus
688 1412 817 1440 humanis
831 1421 878 1448 per
891 1413 1015 1450 martyrii
1027 1415 1294 1443 consummationem
1307 1423 1356 1444 ex-

566 1459 713 1492 cessisset;
726 1459 797 1486 sicut
810 1463 838 1486 ct
853 1459 922 1486 liber
935 1459 1046 1494 gloriosi
1059 1460 1118 1495 ejus
1132 1462 1255 1497 martyrii
1264 1462 1356 1490 decla-

566 1507 619 1535 rat,
635 1509 717 1538 quem
732 1510 748 1530 a
760 1501 840 1529 vobis
859 1510 913 1530 non
930 1503 1051 1539 ignorari
1065 1512 1228 1539 persuasum
1245 1507 1353 1542 habeo;

1410 951 1474 977 τᾶτε
1492 950 1540 977 τοῦ
1557 949 1648 986 λόγου,
1664 951 1712 977 καὶ
1726 950 1777 987 τὴν
1800 950 1885 986 ἀκοὴν
1900 950 2071 983 ὑποκλίνετε,
2095 951 2142 977 καὶ
2154 950 2198 986 τῆς

1411 996 1577 1033 βραδυτῆτος
1592 997 1670 1034 ἡμῶν
1683 996 1913 1033 καταμέμφεσθε·
1929 997 2018 1033 χαίρω
2039 996 2062 1023 δ’
2084 994 2131 1023 οὖν
2142 997 2198 1023 τοῦ·

1409 1049 1457 1067 του
1481 1040 1578 1068 ἕνεκα·
1606 1041 1696 1077 μόνον,
1722 1041 1803 1077 μέχρι
1827 1041 1922 1074 τέλους
1947 1050 2012 1077 μοι,
2038 1041 2197 1078 παρακαλῶ,

1409 1087 1496 1119 οὕτως
1513 1087 1714 1123 σνντεταμένην
1729 1088 1868 1124 τηρήσατε
1885 1088 1935 1124 τὴν
1950 1087 2084 1120 διάνοιαν,
2099 1088 2146 1115 καὶ
2163 1089 2197 1124 μή

1408 1141 1469 1160 τινα
1496 1132 1622 1168 βιωτικὸν
1638 1133 1768 1169 λογισμὸν
1790 1133 1830 1170 τῷ
1851 1133 1890 1170 νῴ
1917 1133 1995 1170 ὑμῶν
2019 1134 2196 1165 ὑπεισελθεῖν,

1409 1180 1456 1207 καὶ
1476 1180 1507 1206 τὸ
1520 1180 1660 1216 πρόθυμον
1674 1180 1813 1216 χαυνῶσαι
1828 1180 1944 1216 ἐάσητε·
1961 1179 2021 1207 ἀλλ’
2039 1180 2196 1216 ἐγρηγορότι

1407 1226 1530 1262 λογισμῷ
1554 1226 1602 1253 καὶ
1624 1227 1778 1262 φρονήματι
1794 1225 1875 1253 τοῦτο
1895 1227 2000 1258 πιστῶς
2022 1226 2194 1260 ὑποδέξασθε.

1408 1274 1502 1301 Ἔστιν
1520 1274 1549 1300 δὲ
1563 1273 1659 1306 οὕτως.

1441 1320 1487 1349 IV.
1512 1320 1566 1348 Τοῦ
1587 1320 1710 1356 ἀοιδίμου
1735 1319 1782 1347 κα¹ι
1805 1320 2015 1356 μακαριωτάτου
2041 1319 2195 1356 Κλήμεντος

1405 1368 1451 1395 τὸν
1462 1368 1510 1404 τῆς
1521 1368 1694 1399 διδασκαλίας
1707 1368 1754 1394 καὶ
1769 1367 1919 1402 ἀποστολῆς
1932 1366 2031 1402 δρόμον
2043 1367 2195 1394 ἐκτελέσαν-

1405 1423 1460 1447 τος,
1474 1415 1522 1442 καὶ
1534 1415 1588 1442 τῶν
1601 1415 1665 1450 τῇδε
1677 1413 1722 1441 διὰ
1732 1413 1782 1449 τῆς
1800 1413 1849 1440 τοῦ
1870 1413 2021 1449 μαρτυρίου
2035 1413 2196 1445 τελειώσεως

1408 1461 1679 1498 μετακεχωρηκότος·
1700 1460 1738 1492 ὡς
1749 1460 1797 1487 καὶ
1808 1460 1826 1495 ἡ
1839 1458 1886 1486 τοῦ
1909 1459 2015 1492 ἐνδόξου
2030 1459 2115 1486 αὑτοῦ
2131 1468 2196 1495 μαρ-

1405 1509 1498 1545 τυρίου
1519 1508 1610 1544 βίϐλος
1633 1507 1794 1543 δεδήλωκεν,
1818 1507 1851 1542 ἢν
1867 1506 1905 1542 μὴ
1923 1506 2030 1540 ἀγνοεῖν
2055 1506 2130 1541 ὑμᾶς
2152 1506 2196 1532 πέ-

565 1556 741 1584 nequaquam
765 1549 872 1584 justum
892 1557 953 1577 esse
972 1550 1104 1586 judicavit
1130 1552 1280 1587 Dominus,
1306 1554 1352 1589 qui
1368 1565 1388 1594 ε
1406 1563 1469 1583 πεισ

1306 1554 1352 1589 qui
1368 1565 1388 1594 ε
1406 1563 1534 1591 πεισμαι·
1548 1554 1578 1581 οὺ
1589 1553 1693 1580 δίκαιον
1706 1553 1836 1589 κέκρικεν
1849 1554 1862 1579 ὁ
1874 1552 1992 1584 δοξάζων
2004 1552 2068 1584 τοὺς
2080 1551 2196 1584 δοξάζον-

565 1594 750 1630 gloriﬁcantes
763 1595 852 1630 ipsum
866 1595 1001 1630 gloriﬁcat
1014 1596 1040 1630 δ,
1063 1605 1120 1625 non
1135 1598 1257 1626 vicissim
1272 1600 1355 1634 glori—

565 1639 648 1667 ﬁcare
661 1639 737 1667 illum
748 1659 756 1672 ,
772 1639 820 1674 qui
835 1648 885 1674 pro
901 1648 996 1668 amore
1017 1649 1082 1678 erga
1100 1650 1163 1670 eum
1177 1643 1217 1671 sic
1230 1645 1354 1672 decerta-

563 1690 658 1719 verat;
675 1685 730 1712 imo
747 1685 893 1713 admodum
907 1685 1060 1721 gloriﬁcare
1070 1693 1097 1715 et
1109 1696 1238 1724 magnum
1253 1689 1353 1725 facere,

563 1737 682 1764 eumque
704 1734 734 1757 ut
756 1730 783 1757 in
805 1730 875 1758 ccelo
890 1731 1006 1766 angelis,
1025 1732 1063 1760 ita
1076 1733 1122 1761 hic
1137 1742 1248 1769 quoque
1263 1735 1353 1763 homi-

564 1775 646 1804 nibus
668 1775 853 1804 clarissimum
873 1778 998 1812 reddere,
1016 1787 1065 1814 per
1083 1780 1280 1809 miraculorum
1302 1783 1353 1810 de-

563 1823 807 1856 monstrationem,
834 1827 862 1850 et
880 1824 999 1852 maxime
1014 1827 1198 1855 venerandum
1212 1829 1351 1857 :miracu-

563 1867 664 1901 lorum,
678 1875 796 1903 quorum
818 1868 929 1903 quidem
945 1877 1024 1898 mens
1044 1871 1262 1906 magnitudinem
1275 1881 1352 1900 com-

562 1913 731 1949 prehendere
758 1922 813 1941 non
837 1914 927 1948 valet,
952 1923 1004 1943 nec
1031 1918 1121 1944 oratio
1145 1918 1349 1947 multitudinem

561 1961 662 1994 dicere,
684 1968 734 1988 nec
748 1969 847 1990 manus
861 1969 975 1990 exarare
990 1963 1166 1992 inﬁnitatem.
1185 1963 1220 1992 Ut
1235 1973 1301 2000 ergo
1316 1974 1349 1993 ex

561 2007 667 2034 ﬁmbria
681 2016 812 2042 pannum,
824 2008 904 2042 juxta
917 2010 1103 2043 proverbium,
1118 2011 1189 2038 intra
1204 2019 1252 2039 vos
1267 2020 1349 2047 repu-

561 2057 634 2090 tetis,
650 2056 676 2083 id
689 2056 761 2091 quod
773 2056 886 2091 promisi
900 2056 1028 2084 narrabo.

597 2103 630 2130 ν.
643 2103 713 2130 Cum
724 2103 898 2130 veneratione
916 2103 1107 2139 dignissimum
1120 2112 1220 2139 corpus
1231 2106 1349 2133 sanctis-

561 2149 623 2176 simi
641 2149 770 2184 martyris
792 2148 942 2177 Clementis
966 2149 993 2176 in
1018 2150 1186 2184 profundum
1209 2151 1294 2179 maris
1312 2151 1348 2179 ab

560 2195 652 2230 impiis
673 2195 727 2223 illis
748 2194 903 2222 idololatris
916 2195 1068 2230 projectum
1091 2195 1200 2231 fuisset,
1221 2198 1344 2234 illudque

1404 1610 1453 1633 τας
1464 1600 1544 1628 αὑτὸν
1558 1599 1670 1636 Κύριος,
1696 1598 1734 1635 μὴ
1758 1597 1931 1631 ἀντιδοξάσαι
1953 1598 1998 1625 τὸν
2020 1598 2108 1630 οὔτως
2129 1599 2197 1633 ὑπὲρ

1403 1648 1453 1684 τῆς
1465 1648 1505 1679 εἰς
1519 1647 1600 1674 αὐτὸν
1613 1647 1724 1681 ἀγάπης
1736 1645 1940 1681 ἀγωνισάμενον
1950 1653 1956 1660 ·
1974 1644 2042 1671 ἀλλά
2054 1644 2103 1672 καὶ
2115 1645 2196 1680 ὑπερ-

1403 1693 1513 1726 δοξάσαι
1526 1693 1573 1720 καὶ
1591 1691 1751 1728 μεγαλῦναι,
1769 1693 1815 1719 καὶ¹
1829 1692 1867 1723 ὡς
1879 1692 1908 1718 ὲν
1920 1691 2029 1727 οὐρανῷ
2042 1692 2100 1722 τοῖς
2113 1690 2196 1724 ἀγγέ-

1402 1741 1469 1772 λοις,
1491 1739 1562 1767 οὑτω
1586 1739 1725 1766 κάνταῦθα
1744 1740 1802 1771 τοῖς
1825 1737 1982 1774 ἀνθρώποις
2005 1736 2196 1773 λαμπρότατοί

1403 1787 1484 1815 αὑτὸν
1495 1786 1675 1822 καταστῆσαι,
1690 1785 1735 1813 διά
1750 1786 1801 1821 τῆς
1814 1785 1869 1812 τῶν
1892 1783 2122 1821 θαυματουργιῶν
2137 1784 2195 1810 ἑπι-

1402 1833 1528 1867 δείξεως,
1554 1833 1602 1860 καὶ
1625 1831 1857 1867 αῐδεσιμώτατον·
1885 1829 2136 1866 θαυματουργιῶν,
2161 1826 2196 1855 ὧν

1401 1880 1464 1912 νοῦς
1479 1880 1528 1916 μὲν
1548 1879 1578 1906 τὸ
1601 1878 1717 1915 μέγεθος
1739 1877 1865 1913 ἐννοῆσαι
1886 1877 1987 1908 ἀτονεῖ,
2013 1875 2093 1910 λόγος
2115 1875 2145 1902 δὲ
2169 1875 2196 1901 τὸ

1401 1926 1502 1962 πλῆθος
1513 1926 1610 1958 εἰπεῖν,
1634 1925 1682 1952 καὶ
1699 1925 1761 1960 χεὶρ
1772 1922 1936 1959 διαχαράξαι
1951 1921 1983 1949 τὸ
2003 1922 2120 1958 ἄπειρον
2131 1930 2138 1936 ·
2153 1922 2196 1948 ἴνα

1400 1970 1446 2000 οὖν
1462 1973 1494 1999 ὲκ
1506 1971 1554 1998 τοῦ
1568 1970 1723 2007 κρασπέδου
1736 1969 1767 1996 τὸ
1780 1968 1893 2004 ὕφασμα
1911 1968 1935 1984 ¹⁰
1951 1966 2022 2003 μετά
2033 1967 2084 2003 τὴν
2098 1975 2195 2002 παίοι-

1402 2019 1466 2055 μίαν
1482 2017 1590 2054 γνοίητε
1605 2018 1634 2044 ὲν
1647 2017 1724 2051 ὑμῖν,
1739 2014 1754 2041 ὃ
1768 2015 1815 2041 καὶ
1827 2014 1986 2050 ὑπεσχόμην
2000 2013 2178 2049 διηγήσομαι.

1437 2107 1468 2135 ν,
1481 2106 1535 2133 Τοῦ
1549 2105 1703 2134 πανσέπτου
1715 2102 1842 2138 λειψάνου
1855 2092 1902 2129 τοῦ
1918 2100 2048 2128 πανοσίου
2063 2101 2194 2137 ἱερομάρ-

1398 2165 1480 2192 τυρος
1493 2155 1652 2190 Κλήμεντος
1672 2154 1701 2180 ὲν
1714 2152 1753 2188 τῷ
1765 2151 1815 2186 τῆς
1834 2150 1971 2185 θαλάσσης
1991 2149 2195 2186 ἀποῤῥιφέντος

1400 2203 1473 2240 βυθῷ
1484 2202 1560 2238 παρά
1570 2201 1625 2228 τῶν
1636 2200 1724 2227 ἀθέων
1735 2198 1847 2226 ἐκείνων
1857 2196 2071 2232 είδωλολατρῶν,
2085 2197 2136 2223 καὶ
2147 2195 2194 2222 τοῦ

557 2241 711 2276 excepisset
728 2241 860 2276 templum
872 2240 900 2268 in
913 2241 1049 2276 profundo
1065 2250 1080 2270 a
1099 2242 1153 2270 Deo
1167 2244 1344 2279 aediﬁcatum,
1361 2244 1384 2272 D
1398 2251 1427 2277 ὲν
1441 2250 1461 2285 ei

1290 2253 1344 2279 um,
1361 2244 1384 2272 D
1398 2251 1427 2277 ὲν
1441 2248 1516 2285 βυθῷ
1530 2247 1678 2283 θεοδμήτου
1699 2244 1765 2272 ναοῦ
1786 2244 1866 2271 τοῦτο
1889 2243 2103 2279 ὑποδεξαμένου,
2129 2244 2194 2270 θαυ-

559 2287 604 2315 hic
614 2294 724 2322 quoque
744 2286 894 2314 maximum
909 2286 965 2314 edit
982 2287 1147 2315 miraculum
1167 2289 1239 2317 Deus
1257 2290 1346 2318 admi-

556 2333 697 2361 rabilium.
717 2332 775 2360 lloc
789 2332 862 2360 enim
879 2332 962 2367 facto,
977 2341 1041 2360 cum
1066 2334 1193 2369 discipuli
1215 2337 1275 2371 ejus
1291 2345 1346 2364 una

556 2387 620 2408 cum
637 2378 762 2406 ﬁdelibus
781 2378 829 2413 qui
845 2379 901 2406 illic
920 2383 1001 2406 erant
1021 2380 1249 2416 lamentarentur,
1265 2387 1293 2410 et
1316 2389 1347 2411 ut

555 2426 745 2455 sanctissimas
758 2425 951 2462 gloriosissimi
975 2426 1125 2455 Clementis
1147 2427 1280 2463 reliquias
1304 2430 1345 2458 eis

554 2473 724 2505 ostenderet,
749 2472 822 2507 quod
844 2476 872 2500 et
894 2471 996 2500 factum
1018 2477 1075 2505 est,
1095 2473 1179 2501 Deum
1203 2476 1341 2511 supplices

554 2523 700 2555 rogarent:
724 2517 850 2552 protinus
871 2518 1036 2546 immensum
1053 2519 1119 2547 illud
1136 2521 1251 2556 pelagus
1268 2522 1342 2550 desi-

553 2570 628 2593 stens
641 2572 673 2592 ac
687 2564 871 2596 retrocedens,
886 2565 975 2592 eﬁ'ecit
988 2569 1018 2592 ut
1031 2566 1120 2600 ipsum
1133 2567 1214 2595 etiam
1228 2569 1343 2603 profun-

552 2612 618 2639 dum
639 2619 655 2638 a
674 2611 727 2646 piis
747 2611 817 2639 adiri
838 2615 930 2646 posset
950 2619 1039 2646 usque
1059 2612 1093 2640 ad
1114 2613 1167 2641 tria
1197 2614 1339 2645 milliaria.

553 2657 647 2693 Itaque
662 2658 789 2693 ingressi,
811 2657 974 2685 invenerunt
987 2658 1101 2686 domum
1121 2659 1149 2687 in
1164 2661 1251 2696 ﬁgura
1267 2667 1337 2690 tem-

588 2719 602 2734 ι
614 2713 682 2741 Gen.
698 2721 794 2747 sum,
811 2713 853 2741 l2.
882 2713 917 2741 l>1
930 2713 998 2749 Reg.
1011 2721 1041 2747 ll,
1055 2713 1100 2741 50.

1399 2296 1549 2333 ματουργεῖ
1564 2303 1590 2321 τι
1607 2293 1734 2330 μέγιστον
1756 2290 1894 2318 κάνταῦθα
1916 2290 1931 2316 ὁ
1952 2289 2007 2316 τῶν
2031 2290 2196 2325 θαυμασίων

1397 2343 1473 2375 Θεός.
1488 2341 1588 2369 Τούτου
1602 2340 1656 2376 γὰρ
1671 2337 1823 2374 γεγονότος.
1836 2337 1883 2364 mi.
1895 2337 1949 2363 τῶν
1964 2337 2094 2372 μαθητῶν
2108 2336 2194 2364 αὐτοῦ

1398 2391 1446 2418 σὺν
1459 2389 1513 2417 τῶν
1526 2389 1616 2415 ἐκεῖσε
1630 2385 1732 2413 πιστῶν
1747 2385 1768 2400 ¹¹
1786 2383 1967 2419 ὀδυρομένων,
1986 2382 2073 2415 δεῖξαί
2085 2391 2118 2409 τε
2131 2382 2195 2409 τού-

1395 2444 1452 2467 τοις
1463 2435 1493 2462 τὸ
1507 2433 1634 2468 πανίερον
1645 2430 1770 2466 λείψανον
1782 2428 1829 2455 τοῦ
1844 2427 2006 2460 πανενδόξου
2018 2427 2194 2462 Κλήμεντος,

1396 2480 1411 2506 ὅ
1422 2488 1448 2506 τι
1463 2479 1509 2505 καὶ
1522 2477 1629 2512 γέγονε,
1644 2475 1712 2511 πρὸς
1734 2473 1801 2500 Θεὸν
1818 2472 2005 2503 ἱκετευόντων,
2021 2471 2150 2507 παρευθὺ
2165 2470 2194 2497 τὸ

1395 2524 1508 2559 ἄπειρον
1520 2523 1609 2550 ὲκεῑνο
1622 2521 1739 2555 πέλαγος
1758 2518 1933 2553 ὑπολοφῆσαν
1949 2518 1997 2544 καὶ
2010 2518 2051 2550 εις
2065 2517 2194 2544 τούπίσω

1394 2571 1569 2601 ἀναποδίσαν,
1590 2567 1724 2603 είσιτητὺν
1742 2566 1790 2594 καὶ
1813 2565 1894 2592 αὑτὸν
1912 2564 1958 2591 τὸν
1972 2564 2054 2600 βυθὸν
2069 2566 2129 2596 τοῖς
2148 2564 2193 2590 εὖ·

1394 2618 1486 2645 σεὸἐσι
1499 2616 1657 2651 πεποίηκεν,
1672 2614 1735 2650 ἀχρι
1752 2611 1847 2649 μιλίων
1858 2611 1952 2648 τριῶν.
1965 2612 2023 2638 Καὶ
2045 2611 2079 2647 δὴ
2098 2610 2191 2638 εἰσελ-

1394 2663 1486 2695 θόντες
1506 2660 1585 2698 εὗρον
1599 2663 1628 2688 ὲν
1650 2661 1769 2696 σχήματι
1791 2656 1857 2684 ναοῦ
1873 2657 2047 2693 μαρμαρίνου
2071 2657 2189 2692 οἴκημα,

1192 2751 1310 2778 VARl/E
1331 2752 1535 2782 LECTIONES.

589 2795 651 2815 ”-"
667 2795 692 2834 ᾗ
707 2795 848 2834 γεγονέναι
859 2796 901 2834 vel
914 2795 1065 2834 γεγονυίας.
1086 2796 1258 2834 "UOratione
1279 2800 1312 2826 (lc
1330 2799 1460 2834 Gregorio
1477 2799 1682 2834 Thaumalurgo
1698 2798 1847 2830 Gregorius
1871 2797 2020 2834 rNyssrnusr
2037 2796 2114 2825 circa
2130 2804 2186 2834 me-

552 2831 627 2871 είῖιιεη
642 2839 648 2856 ε
667 2831 711 2862 Ὧς
727 2831 770 2871 (ἓν,
786 2831 856 2859 κατὰ
872 2832 920 2867 τὴν
937 2832 1095 2868 παροιμίαν,
1109 2832 1168 2860 ὅλον
1183 2834 1248 2870 ἡμῖν
1262 2835 1371 2871 γένηται
1385 2831 1537 2870 καταφανὲς
1553 2835 1585 2862 ὲκ
1596 2835 1642 2863 τοῦ
1650 2831 1809 2871 ’κρασπέδου
1817 2834 1847 2861 τὺ
1863 2831 1986 2869 ὕφασμα.
2000 2833 2071 2862 Cor.
2091 2835 2114 2849 "
2130 2832 2186 2864 τοῖς

553 2866 641 2892 ἔκλεε
656 2868 768 2898 πιστοῖς.
