  <div class='ocr_page' id='page_1' title='image "/cluster/home/n/w/nwhite01/storage/ocr_20150623/2/njp.32101077772349/450.png"; bbox 0 0 2290 3110; ppageno 0'>
   <div class='ocr_carea' id='block_1_1' title="bbox 39 148 1357 183">
    <p class='ocr_par' dir='ltr' id='par_1_1' title="bbox 39 148 1357 183">
     <span class='ocr_line' id='line_1_1' title="bbox 39 148 1357 183; baseline 0.005 -8"><span class='ocrx_word' id='word_1_1' title='bbox 39 148 79 176; x_wconf 79' lang='lat'><strong>657</strong></span> <span class='ocrx_word' id='word_1_2' title='bbox 278 149 430 178; x_wconf 76' lang='lat' dir='ltr'><strong>EPllRAlM</strong></span> <span class='ocrx_word' id='word_1_3' title='bbox 450 148 648 179; x_wconf 77' lang='lat' dir='ltr'><strong>CHERSONIS</strong></span> <span class='ocrx_word' id='word_1_4' title='bbox 663 149 828 178; x_wconf 75' lang='lat' dir='ltr'><strong>ARCHIEP.</strong></span> <span class='ocrx_word' id='word_1_5' title='bbox 850 150 892 179; x_wconf 83' lang='lat' dir='ltr'><strong>DF</strong></span> <span class='ocrx_word' id='word_1_6' title='bbox 905 149 1092 180; x_wconf 76' lang='lat' dir='ltr'><strong>&#39;MIRACULO</strong></span> <span class='ocrx_word' id='word_1_7' title='bbox 1105 153 1134 181; x_wconf 88' lang='lat' dir='ltr'><strong>S.</strong></span> <span class='ocrx_word' id='word_1_8' title='bbox 1154 152 1357 183; x_wconf 74' lang='lat' dir='ltr'><strong>CLEMENTIS.</strong></span> 
     </span>
    </p>
   </div>
   <div class='ocr_carea' id='block_1_2' title="bbox 1583 157 1636 186">
    <p class='ocr_par' dir='ltr' id='par_1_2' title="bbox 1583 157 1636 186">
     <span class='ocr_line' id='line_1_2' title="bbox 1583 157 1636 186; baseline 0 0"><span class='ocrx_word' id='word_1_9' title='bbox 1583 157 1636 186; x_wconf 62' lang='lat'><strong>(58</strong></span> 
     </span>
    </p>
   </div>
   <div class='ocr_carea' id='block_1_3' title="bbox 39 209 943 249">
    <p class='ocr_par' dir='ltr' id='par_1_3' title="bbox 39 209 943 249">
     <span class='ocr_line' id='line_1_3' title="bbox 39 209 943 249; baseline 0.003 -13"><span class='ocrx_word' id='word_1_10' title='bbox 39 211 77 236; x_wconf 75' lang='grc' dir='ltr'><strong>καὶ</strong></span> <span class='ocrx_word' id='word_1_11' title='bbox 92 209 175 237; x_wconf 73' lang='grc' dir='ltr'>αὐτόθι</span> <span class='ocrx_word' id='word_1_12' title='bbox 190 210 223 249; x_wconf 71' lang='grc' dir='ltr'><strong>έν</strong></span> <span class='ocrx_word' id='word_1_13' title='bbox 236 209 306 246; x_wconf 85' lang='grc' dir='ltr'>σορῷ</span> <span class='ocrx_word' id='word_1_14' title='bbox 319 209 406 247; x_wconf 79' lang='grc' dir='ltr'><strong>λιθίνῃ</strong></span> <span class='ocrx_word' id='word_1_15' title='bbox 424 210 454 238; x_wconf 80' lang='grc' dir='ltr'>τὸ</span> <span class='ocrx_word' id='word_1_16' title='bbox 475 211 609 246; x_wconf 76' lang='grc' dir='ltr'>πανάγιον</span> <span class='ocrx_word' id='word_1_17' title='bbox 630 212 678 239; x_wconf 77' lang='grc' dir='ltr'><strong>καὶ</strong></span> <span class='ocrx_word' id='word_1_18' title='bbox 691 210 796 244; x_wconf 75' lang='grc' dir='ltr'>ἔνδοξον</span> <span class='ocrx_word' id='word_1_19' title='bbox 811 215 835 244; x_wconf 80' lang='grc' dir='ltr'><strong>Α</strong></span> <span class='ocrx_word' id='word_1_20' title='bbox 849 212 886 247; x_wconf 89' lang='lat' dir='ltr'><strong>pli</strong></span> <span class='ocrx_word' id='word_1_21' title='bbox 903 220 943 240; x_wconf 92' lang='lat' dir='ltr'><strong>ma</strong></span> 
     </span>
    </p>
   </div>
   <div class='ocr_carea' id='block_1_4' title="bbox 729 209 1633 249">
    <p class='ocr_par' dir='ltr' id='par_1_4' title="bbox 729 210 1633 249">
     <span class='ocr_line' id='line_1_4' title="bbox 729 210 1633 249; baseline 0.002 -11"><span class='ocrx_word' id='word_1_22' title='bbox 729 210 796 244; x_wconf 76' lang='grc' dir='ltr'>ῖοξον</span> <span class='ocrx_word' id='word_1_23' title='bbox 811 215 835 244; x_wconf 80' lang='grc' dir='ltr'><strong>Α</strong></span> <span class='ocrx_word' id='word_1_24' title='bbox 849 212 886 247; x_wconf 89' lang='lat' dir='ltr'><strong>pli</strong></span> <span class='ocrx_word' id='word_1_25' title='bbox 903 213 1068 246; x_wconf 79' lang='lat' dir='ltr'><strong>marmorei,</strong></span> <span class='ocrx_word' id='word_1_26' title='bbox 1090 217 1118 241; x_wconf 91' lang='lat' dir='ltr'><strong>et</strong></span> <span class='ocrx_word' id='word_1_27' title='bbox 1130 213 1189 240; x_wconf 88' lang='lat' dir='ltr'><strong>illic</strong></span> <span class='ocrx_word' id='word_1_28' title='bbox 1210 213 1238 241; x_wconf 91' lang='lat' dir='ltr'><strong>in</strong></span> <span class='ocrx_word' id='word_1_29' title='bbox 1254 220 1337 249; x_wconf 86' lang='lat' dir='ltr'><strong>capsa</strong></span> <span class='ocrx_word' id='word_1_30' title='bbox 1354 212 1461 249; x_wconf 87' lang='lat' dir='ltr'><strong>lapidea</strong></span> <span class='ocrx_word' id='word_1_31' title='bbox 1483 213 1633 248; x_wconf 86' lang='lat' dir='ltr'><strong>repositum</strong></span> 
     </span>
    </p>
   </div>
   <div class='ocr_carea' id='block_1_5' title="bbox 39 246 798 292">
    <p class='ocr_par' dir='ltr' id='par_1_5' title="bbox 39 246 798 292">
     <span class='ocr_line' id='line_1_5' title="bbox 39 246 798 292; baseline 0.003 -11"><span class='ocrx_word' id='word_1_32' title='bbox 39 246 223 290; x_wconf 53' lang='grc' dir='ltr'>ἀποτεθειμένον</span> <span class='ocrx_word' id='word_1_33' title='bbox 236 254 282 282; x_wconf 81' lang='grc' dir='ltr'><strong>τοῦ</strong></span> <span class='ocrx_word' id='word_1_34' title='bbox 297 246 434 292; x_wconf 79' lang='grc' dir='ltr'>μάρτυρος</span> <span class='ocrx_word' id='word_1_35' title='bbox 449 255 584 290; x_wconf 73' lang='grc' dir='ltr'>λείψανονῖ</span> <span class='ocrx_word' id='word_1_36' title='bbox 598 253 646 288; x_wconf 77' lang='grc' dir='ltr'><strong>Οἷς</strong></span> <span class='ocrx_word' id='word_1_37' title='bbox 659 254 724 291; x_wconf 80' lang='grc' dir='ltr'>ἆραι</span> <span class='ocrx_word' id='word_1_38' title='bbox 737 255 798 291; x_wconf 85' lang='grc' dir='ltr'><strong>βου-</strong></span> 
     </span>
    </p>
   </div>
   <div class='ocr_carea' id='block_1_6' title="bbox 39 300 800 338">
    <p class='ocr_par' dir='ltr' id='par_1_6' title="bbox 39 300 800 338">
     <span class='ocr_line' id='line_1_6' title="bbox 39 300 800 338; baseline 0.003 -12"><span class='ocrx_word' id='word_1_39' title='bbox 39 300 141 335; x_wconf 78' lang='grc' dir='ltr'>λομένοις</span> <span class='ocrx_word' id='word_1_40' title='bbox 150 300 179 327; x_wconf 72' lang='grc' dir='ltr'>τὸ</span> <span class='ocrx_word' id='word_1_41' title='bbox 191 301 323 335; x_wconf 82' lang='grc' dir='ltr'>πανάγιον</span> <span class='ocrx_word' id='word_1_42' title='bbox 337 303 369 328; x_wconf 81' lang='grc' dir='ltr'><strong>ὲκ</strong></span> <span class='ocrx_word' id='word_1_43' title='bbox 379 301 426 328; x_wconf 82' lang='grc' dir='ltr'>τοῦ</span> <span class='ocrx_word' id='word_1_44' title='bbox 439 301 522 337; x_wconf 82' lang='grc' dir='ltr'>βυθοῦ</span> <span class='ocrx_word' id='word_1_45' title='bbox 540 301 674 337; x_wconf 78' lang='grc' dir='ltr'>λείψανον,</span> <span class='ocrx_word' id='word_1_46' title='bbox 692 302 800 338; x_wconf 85' lang='grc' dir='ltr'>νύκτωρ</span> 
     </span>
    </p>
   </div>
   <div class='ocr_carea' id='block_1_7' title="bbox 39 346 800 383">
    <p class='ocr_par' dir='ltr' id='par_1_7' title="bbox 39 346 800 383">
     <span class='ocr_line' id='line_1_7' title="bbox 39 346 800 383; baseline 0.003 -11"><span class='ocrx_word' id='word_1_47' title='bbox 39 346 134 378; x_wconf 70' lang='grc' dir='ltr'>ἐπιστὰς</span> <span class='ocrx_word' id='word_1_48' title='bbox 144 347 246 379; x_wconf 83' lang='grc' dir='ltr'><strong>τούτοις</strong></span> <span class='ocrx_word' id='word_1_49' title='bbox 255 348 270 373; x_wconf 83' lang='grc' dir='ltr'><strong>ό</strong></span> <span class='ocrx_word' id='word_1_50' title='bbox 283 348 369 382; x_wconf 72' lang='grc' dir='ltr'>ἅγιος,</span> <span class='ocrx_word' id='word_1_51' title='bbox 389 347 488 374; x_wconf 64' lang='grc' dir='ltr'><strong>οὑτωσὶ¹</strong></span> <span class='ocrx_word' id='word_1_52' title='bbox 499 347 668 383; x_wconf 75' lang='grc' dir='ltr'>διηγόρευσε²</span> <span class='ocrx_word' id='word_1_53' title='bbox 691 347 728 374; x_wconf 85' lang='grc' dir='ltr'>Τδ</span> <span class='ocrx_word' id='word_1_54' title='bbox 751 347 800 382; x_wconf 81' lang='grc' dir='ltr'>μὲν</span> 
     </span>
    </p>
   </div>
   <div class='ocr_carea' id='block_1_8' title="bbox 39 390 801 430">
    <p class='ocr_par' dir='ltr' id='par_1_8' title="bbox 39 390 801 430">
     <span class='ocr_line' id='line_1_8' title="bbox 39 390 801 430; baseline 0.001 -11"><span class='ocrx_word' id='word_1_55' title='bbox 39 392 143 427; x_wconf 76' lang='grc' dir='ltr'>λείψανον</span> <span class='ocrx_word' id='word_1_56' title='bbox 160 390 223 429; x_wconf 82' lang='grc' dir='ltr'>ἆραι</span> <span class='ocrx_word' id='word_1_57' title='bbox 236 394 273 429; x_wconf 85' lang='grc' dir='ltr'>μὴ</span> <span class='ocrx_word' id='word_1_58' title='bbox 284 393 377 430; x_wconf 77' lang='grc' dir='ltr'>δόξητε</span> <span class='ocrx_word' id='word_1_59' title='bbox 389 401 397 408; x_wconf 92' lang='grc'>·</span> <span class='ocrx_word' id='word_1_60' title='bbox 410 393 558 430; x_wconf 76' lang='grc' dir='ltr'><strong>χαρίζομαι</strong></span> <span class='ocrx_word' id='word_1_61' title='bbox 570 394 599 420; x_wconf 79' lang='grc' dir='ltr'>δὲ</span> <span class='ocrx_word' id='word_1_62' title='bbox 620 394 685 429; x_wconf 87' lang='grc' dir='ltr'>ὑμῖν</span> <span class='ocrx_word' id='word_1_63' title='bbox 698 393 801 430; x_wconf 83' lang='grc' dir='ltr'>ταύτην</span> 
     </span>
    </p>
   </div>
   <div class='ocr_carea' id='block_1_9' title="bbox 39 439 801 477">
    <p class='ocr_par' dir='ltr' id='par_1_9' title="bbox 39 439 801 477">
     <span class='ocr_line' id='line_1_9' title="bbox 39 439 801 477; baseline 0.003 -12"><span class='ocrx_word' id='word_1_64' title='bbox 39 440 78 474; x_wconf 74' lang='grc' dir='ltr'><strong>τὴν</strong></span> <span class='ocrx_word' id='word_1_65' title='bbox 87 439 166 475; x_wconf 80' lang='grc' dir='ltr'>χάριν,</span> <span class='ocrx_word' id='word_1_66' title='bbox 178 441 209 467; x_wconf 78' lang='grc' dir='ltr'><strong>ἶν’</strong></span> <span class='ocrx_word' id='word_1_67' title='bbox 222 441 327 476; x_wconf 77' lang='grc' dir='ltr'>ἑκάστῳ</span> <span class='ocrx_word' id='word_1_68' title='bbox 336 440 423 476; x_wconf 81' lang='grc' dir='ltr'>χρόνῳ</span> <span class='ocrx_word' id='word_1_69' title='bbox 435 441 463 467; x_wconf 84' lang='grc' dir='ltr'><strong>έν</strong></span> <span class='ocrx_word' id='word_1_70' title='bbox 474 442 507 477; x_wconf 81' lang='grc' dir='ltr'>τῇ</span> <span class='ocrx_word' id='word_1_71' title='bbox 519 441 569 477; x_wconf 85' lang='grc' dir='ltr'><strong>τῆς</strong></span> <span class='ocrx_word' id='word_1_72' title='bbox 580 440 650 476; x_wconf 82' lang='grc' dir='ltr'>ὲμῆς</span> <span class='ocrx_word' id='word_1_73' title='bbox 660 440 801 476; x_wconf 79' lang='grc' dir='ltr'><strong>ἀθλήσεως</strong></span> 
     </span>
    </p>
   </div>
   <div class='ocr_carea' id='block_1_10' title="bbox 40 485 800 523">
    <p class='ocr_par' dir='ltr' id='par_1_10' title="bbox 40 485 800 523">
     <span class='ocr_line' id='line_1_10' title="bbox 40 485 800 523; baseline 0.001 -12"><span class='ocrx_word' id='word_1_74' title='bbox 40 485 113 521; x_wconf 70' lang='grc' dir='ltr'>ἡμέρᾳ</span> <span class='ocrx_word' id='word_1_75' title='bbox 124 486 166 512; x_wconf 81' lang='grc' dir='ltr'><strong>ἐπὶ</strong></span> <span class='ocrx_word' id='word_1_76' title='bbox 177 485 245 512; x_wconf 76' lang='grc' dir='ltr'>ἑπτὰ</span> <span class='ocrx_word' id='word_1_77' title='bbox 256 486 360 522; x_wconf 74' lang='grc' dir='ltr'>ἡμέρας</span> <span class='ocrx_word' id='word_1_78' title='bbox 372 487 522 523; x_wconf 82' lang='grc' dir='ltr'><strong>ὑποχωρῶν</strong></span> <span class='ocrx_word' id='word_1_79' title='bbox 533 487 548 512; x_wconf 82' lang='grc' dir='ltr'>ὁ</span> <span class='ocrx_word' id='word_1_80' title='bbox 561 486 650 522; x_wconf 79' lang='grc' dir='ltr'>βυθὸς,</span> <span class='ocrx_word' id='word_1_81' title='bbox 660 486 704 513; x_wconf 82' lang='grc' dir='ltr'><strong>διὰ</strong></span> <span class='ocrx_word' id='word_1_82' title='bbox 715 486 800 522; x_wconf 81' lang='grc' dir='ltr'>ξηρᾶς</span> 
     </span>
    </p>
   </div>
   <div class='ocr_carea' id='block_1_11' title="bbox 40 530 801 569">
    <p class='ocr_par' dir='ltr' id='par_1_11' title="bbox 40 530 801 569">
     <span class='ocr_line' id='line_1_11' title="bbox 40 530 801 569; baseline 0.003 -11"><span class='ocrx_word' id='word_1_83' title='bbox 40 532 162 564; x_wconf 77' lang='grc' dir='ltr'><strong>πεζεύειν,</strong></span> <span class='ocrx_word' id='word_1_84' title='bbox 188 533 282 568; x_wconf 80' lang='grc' dir='ltr'><strong>μέχρις</strong></span> <span class='ocrx_word' id='word_1_85' title='bbox 306 530 358 560; x_wconf 85' lang='grc' dir='ltr'>ὧδε</span> <span class='ocrx_word' id='word_1_86' title='bbox 384 532 687 569; x_wconf 82' lang='grc' dir='ltr'>παρασκευασθήσεται.</span> <span class='ocrx_word' id='word_1_87' title='bbox 703 532 758 559; x_wconf 74' lang='grc' dir='ltr'><strong>Καὶ</strong></span> <span class='ocrx_word' id='word_1_88' title='bbox 786 533 801 560; x_wconf 83' lang='grc' dir='ltr'><strong>ὀ</strong></span> 
     </span>
    </p>
   </div>
   <div class='ocr_carea' id='block_1_12' title="bbox 40 577 801 614">
    <p class='ocr_par' dir='ltr' id='par_1_12' title="bbox 40 577 801 614">
     <span class='ocr_line' id='line_1_12' title="bbox 40 577 801 614; baseline 0 -10"><span class='ocrx_word' id='word_1_89' title='bbox 40 577 102 612; x_wconf 68' lang='grc' dir='ltr'>λόγος</span> <span class='ocrx_word' id='word_1_90' title='bbox 111 578 184 614; x_wconf 80' lang='grc' dir='ltr'>ἔργον</span> <span class='ocrx_word' id='word_1_91' title='bbox 196 579 311 614; x_wconf 75' lang='grc' dir='ltr'>ἐγένετο.</span> <span class='ocrx_word' id='word_1_92' title='bbox 329 579 441 606; x_wconf 82' lang='grc' dir='ltr'>Ἐκτοτε</span> <span class='ocrx_word' id='word_1_93' title='bbox 455 578 509 614; x_wconf 77' lang='grc' dir='ltr'><strong>γὰρ</strong></span> <span class='ocrx_word' id='word_1_94' title='bbox 523 579 604 614; x_wconf 84' lang='grc' dir='ltr'>μέχρι</span> <span class='ocrx_word' id='word_1_95' title='bbox 616 578 666 613; x_wconf 84' lang='grc' dir='ltr'>τῆς</span> <span class='ocrx_word' id='word_1_96' title='bbox 682 579 801 614; x_wconf 84' lang='grc' dir='ltr'><strong>σήμερον</strong></span> 
     </span>
    </p>
   </div>
   <div class='ocr_carea' id='block_1_13' title="bbox 40 623 802 660">
    <p class='ocr_par' dir='ltr' id='par_1_13' title="bbox 40 623 802 660">
     <span class='ocr_line' id='line_1_13' title="bbox 40 623 802 660; baseline 0 -10"><span class='ocrx_word' id='word_1_97' title='bbox 40 624 128 659; x_wconf 68' lang='grc' dir='ltr'>ἑκάστῳ</span> <span class='ocrx_word' id='word_1_98' title='bbox 140 624 224 659; x_wconf 83' lang='grc' dir='ltr'>χρόνῳ</span> <span class='ocrx_word' id='word_1_99' title='bbox 246 624 277 651; x_wconf 79' lang='grc' dir='ltr'><strong>τδ</strong></span> <span class='ocrx_word' id='word_1_100' title='bbox 297 624 451 660; x_wconf 85' lang='grc' dir='ltr'>θαυμαστὸν</span> <span class='ocrx_word' id='word_1_101' title='bbox 469 623 548 651; x_wconf 83' lang='grc' dir='ltr'>τοῦτο</span> <span class='ocrx_word' id='word_1_102' title='bbox 567 623 685 650; x_wconf 80' lang='grc' dir='ltr'>τελεῖται</span> <span class='ocrx_word' id='word_1_103' title='bbox 706 623 802 659; x_wconf 84' lang='grc' dir='ltr'>Θεουρ-</span> 
     </span>
    </p>
   </div>
   <div class='ocr_carea' id='block_1_14' title="bbox 39 670 337 707">
    <p class='ocr_par' dir='ltr' id='par_1_14' title="bbox 39 670 337 707">
     <span class='ocr_line' id='line_1_14' title="bbox 39 670 337 707; baseline 0 -1"><span class='ocrx_word' id='word_1_104' title='bbox 39 670 108 704; x_wconf 77' lang='grc' dir='ltr'>τικῶς</span> <span class='ocrx_word' id='word_1_105' title='bbox 121 670 286 707; x_wconf 73' lang='grc' dir='ltr'>μεγαλούργη</span> <span class='ocrx_word' id='word_1_106' title='bbox 292 680 337 706; x_wconf 84' lang='grc' dir='ltr'><strong>μα-</strong></span> 
     </span>
    </p>
   </div>
   <div class='ocr_carea' id='block_1_15' title="bbox 58 714 800 755">
    <p class='ocr_par' dir='ltr' id='par_1_15' title="bbox 58 714 800 755">
     <span class='ocr_line' id='line_1_15' title="bbox 58 714 800 755; baseline 0 -14"><span class='ocrx_word' id='word_1_107' title='bbox 58 714 104 755; x_wconf 71' lang='lat' dir='ltr'><strong>_\’l.</strong></span> <span class='ocrx_word' id='word_1_108' title='bbox 121 716 149 741; x_wconf 87' lang='grc' dir='ltr'>Τί</span> <span class='ocrx_word' id='word_1_109' title='bbox 163 715 239 742; x_wconf 79' lang='grc' dir='ltr'>τοῦτο</span> <span class='ocrx_word' id='word_1_110' title='bbox 259 715 308 742; x_wconf 77' lang='grc' dir='ltr'>τοῦ</span> <span class='ocrx_word' id='word_1_111' title='bbox 322 714 444 746; x_wconf 81' lang='grc' dir='ltr'><strong>Μωσέως</strong></span> <span class='ocrx_word' id='word_1_112' title='bbox 466 714 606 751; x_wconf 84' lang='grc' dir='ltr'>Θαύματος</span> <span class='ocrx_word' id='word_1_113' title='bbox 619 714 800 750; x_wconf 84' lang='grc' dir='ltr'>ἁτιμότερον;</span> 
     </span>
    </p>
   </div>
   <div class='ocr_carea' id='block_1_16' title="bbox 38 760 800 796">
    <p class='ocr_par' dir='ltr' id='par_1_16' title="bbox 38 760 800 796">
     <span class='ocr_line' id='line_1_16' title="bbox 38 760 800 796; baseline -0.001 -9"><span class='ocrx_word' id='word_1_114' title='bbox 38 760 63 786; x_wconf 77' lang='lat' dir='ltr'><strong>Ti</strong></span> <span class='ocrx_word' id='word_1_115' title='bbox 72 760 94 787; x_wconf 77' lang='grc' dir='ltr'>δὲ</span> <span class='ocrx_word' id='word_1_116' title='bbox 103 760 146 787; x_wconf 78' lang='grc' dir='ltr'>τοῦ</span> <span class='ocrx_word' id='word_1_117' title='bbox 164 760 312 787; x_wconf 81' lang='grc' dir='ltr'><strong>Ἐλισσαίου</strong></span> <span class='ocrx_word' id='word_1_118' title='bbox 323 760 480 795; x_wconf 77' lang='grc' dir='ltr'>ἁδοξότερόν</span> <span class='ocrx_word' id='word_1_119' title='bbox 491 769 520 787; x_wconf 89' lang='grc' dir='ltr'><strong>τε</strong></span> <span class='ocrx_word' id='word_1_120' title='bbox 533 760 579 787; x_wconf 72' lang='grc' dir='ltr'><strong>καὶ</strong></span> <span class='ocrx_word' id='word_1_121' title='bbox 590 760 781 796; x_wconf 83' lang='grc' dir='ltr'><strong>ταπεινότερον</strong></span> <span class='ocrx_word' id='word_1_122' title='bbox 792 767 800 792; x_wconf 78' lang='grc' dir='ltr'><strong>ς</strong></span> 
     </span>
    </p>
   </div>
   <div class='ocr_carea' id='block_1_17' title="bbox 38 803 801 841">
    <p class='ocr_par' dir='ltr' id='par_1_17' title="bbox 38 803 801 841">
     <span class='ocr_line' id='line_1_17' title="bbox 38 803 801 841; baseline 0.003 -11"><span class='ocrx_word' id='word_1_123' title='bbox 38 805 91 831; x_wconf 73' lang='grc' dir='ltr'>πολὺ</span> <span class='ocrx_word' id='word_1_124' title='bbox 105 805 148 840; x_wconf 79' lang='grc' dir='ltr'>μὲν</span> <span class='ocrx_word' id='word_1_125' title='bbox 159 803 203 832; x_wconf 79' lang='grc' dir='ltr'>οὗν</span> <span class='ocrx_word' id='word_1_126' title='bbox 224 814 256 840; x_wconf 90' lang='grc' dir='ltr'><strong>γε</strong></span> <span class='ocrx_word' id='word_1_127' title='bbox 271 805 438 841; x_wconf 78' lang='grc' dir='ltr'>ἐνδοξότερόν</span> <span class='ocrx_word' id='word_1_128' title='bbox 456 814 486 832; x_wconf 89' lang='grc' dir='ltr'><strong>τε</strong></span> <span class='ocrx_word' id='word_1_129' title='bbox 509 806 556 832; x_wconf 68' lang='grc' dir='ltr'>καὶ</span> <span class='ocrx_word' id='word_1_130' title='bbox 576 805 751 841; x_wconf 75' lang='grc' dir='ltr'><strong>ὑψηλότερον.</strong></span> <span class='ocrx_word' id='word_1_131' title='bbox 773 805 801 832; x_wconf 87' lang='grc' dir='ltr'>ὀ</span> 
     </span>
    </p>
   </div>
   <div class='ocr_carea' id='block_1_18' title="bbox 39 850 800 888">
    <p class='ocr_par' dir='ltr' id='par_1_18' title="bbox 39 850 800 888">
     <span class='ocr_line' id='line_1_18' title="bbox 39 850 800 888; baseline 0 -10"><span class='ocrx_word' id='word_1_132' title='bbox 39 853 77 888; x_wconf 74' lang='grc' dir='ltr'>μὶν</span> <span class='ocrx_word' id='word_1_133' title='bbox 87 852 135 888; x_wconf 74' lang='grc' dir='ltr'><strong>γὰρ</strong></span> <span class='ocrx_word' id='word_1_134' title='bbox 147 852 234 888; x_wconf 69' lang='grc' dir='ltr'>ῥάϐδῳ</span> <span class='ocrx_word' id='word_1_135' title='bbox 248 851 296 878; x_wconf 75' lang='grc' dir='ltr'>καὶ</span> <span class='ocrx_word' id='word_1_136' title='bbox 309 851 361 883; x_wconf 77' lang='grc' dir='ltr'><strong>ζῶν</strong></span> <span class='ocrx_word' id='word_1_137' title='bbox 376 852 422 878; x_wconf 75' lang='grc' dir='ltr'><strong>καὶ</strong></span> <span class='ocrx_word' id='word_1_138' title='bbox 434 850 506 884; x_wconf 77' lang='grc' dir='ltr'><strong>ἅπαξ</strong></span> <span class='ocrx_word' id='word_1_139' title='bbox 518 851 568 887; x_wconf 87' lang='grc' dir='ltr'>τὴν</span> <span class='ocrx_word' id='word_1_140' title='bbox 586 851 723 878; x_wconf 81' lang='grc' dir='ltr'>θάλασσαν</span> <span class='ocrx_word' id='word_1_141' title='bbox 741 851 800 878; x_wconf 88' lang='grc' dir='ltr'>δια-</span> 
     </span>
    </p>
   </div>
   <div class='ocr_carea' id='block_1_19' title="bbox 852 258 1636 294">
    <p class='ocr_par' dir='ltr' id='par_1_19' title="bbox 852 258 1636 294">
     <span class='ocr_line' id='line_1_19' title="bbox 852 258 1636 294; baseline 0.001 -9"><span class='ocrx_word' id='word_1_142' title='bbox 852 258 981 293; x_wconf 76' lang='lat' dir='ltr'><strong>martyris</strong></span> <span class='ocrx_word' id='word_1_143' title='bbox 994 266 1094 294; x_wconf 84' lang='lat' dir='ltr'><strong>corpus</strong></span> <span class='ocrx_word' id='word_1_144' title='bbox 1113 259 1321 287; x_wconf 87' lang='lat' dir='ltr'><strong>sanctissimum</strong></span> <span class='ocrx_word' id='word_1_145' title='bbox 1337 263 1364 286; x_wconf 89' lang='lat' dir='ltr'><strong>et</strong></span> <span class='ocrx_word' id='word_1_146' title='bbox 1378 258 1539 294; x_wconf 87' lang='lat' dir='ltr'><strong>gloriosum.</strong></span> <span class='ocrx_word' id='word_1_147' title='bbox 1557 258 1636 292; x_wconf 85' lang='lat' dir='ltr'><strong>Quod</strong></span> 
     </span>
    </p>
   </div>
   <div class='ocr_carea' id='block_1_20' title="bbox 851 303 1637 339">
    <p class='ocr_par' dir='ltr' id='par_1_20' title="bbox 851 303 1637 339">
     <span class='ocr_line' id='line_1_20' title="bbox 851 303 1637 339; baseline 0.001 -8"><span class='ocrx_word' id='word_1_148' title='bbox 851 311 915 331; x_wconf 92' lang='lat' dir='ltr'><strong>cum</strong></span> <span class='ocrx_word' id='word_1_149' title='bbox 928 311 944 331; x_wconf 92' lang='lat' dir='ltr'><strong>e</strong></span> <span class='ocrx_word' id='word_1_150' title='bbox 955 303 1091 339; x_wconf 78' lang='lat' dir='ltr'><strong>profundo</strong></span> <span class='ocrx_word' id='word_1_151' title='bbox 1103 305 1204 332; x_wconf 89' lang='lat' dir='ltr'><strong>vellent</strong></span> <span class='ocrx_word' id='word_1_152' title='bbox 1214 304 1318 337; x_wconf 86' lang='lat' dir='ltr'><strong>tollere,</strong></span> <span class='ocrx_word' id='word_1_153' title='bbox 1332 308 1414 332; x_wconf 86' lang='lat' dir='ltr'><strong>noctu</strong></span> <span class='ocrx_word' id='word_1_154' title='bbox 1427 303 1483 331; x_wconf 81' lang='lat' dir='ltr'><strong>illic</strong></span> <span class='ocrx_word' id='word_1_155' title='bbox 1494 311 1524 331; x_wconf 85' lang='lat' dir='ltr'><strong>se</strong></span> <span class='ocrx_word' id='word_1_156' title='bbox 1534 305 1637 332; x_wconf 85' lang='lat' dir='ltr'><strong>sistens</strong></span> 
     </span>
    </p>
   </div>
   <div class='ocr_carea' id='block_1_21' title="bbox 852 350 1634 386">
    <p class='ocr_par' dir='ltr' id='par_1_21' title="bbox 852 350 1634 386">
     <span class='ocr_line' id='line_1_21' title="bbox 852 350 1634 386; baseline 0 -8"><span class='ocrx_word' id='word_1_157' title='bbox 852 355 980 383; x_wconf 85' lang='lat' dir='ltr'><strong>sanctus,</strong></span> <span class='ocrx_word' id='word_1_158' title='bbox 996 350 1033 378; x_wconf 90' lang='lat' dir='ltr'><strong>ita</strong></span> <span class='ocrx_word' id='word_1_159' title='bbox 1051 351 1151 379; x_wconf 79' lang='lat' dir='ltr'><strong>edixit:</strong></span> <span class='ocrx_word' id='word_1_160' title='bbox 1168 351 1276 386; x_wconf 82' lang='lat' dir='ltr'><strong>Corpus</strong></span> <span class='ocrx_word' id='word_1_161' title='bbox 1291 350 1402 386; x_wconf 80' lang='lat' dir='ltr'><strong>quidem</strong></span> <span class='ocrx_word' id='word_1_162' title='bbox 1419 351 1504 379; x_wconf 91' lang='lat' dir='ltr'><strong>nolite</strong></span> <span class='ocrx_word' id='word_1_163' title='bbox 1518 351 1612 378; x_wconf 81' lang='lat' dir='ltr'><strong>tollere</strong></span> <span class='ocrx_word' id='word_1_164' title='bbox 1627 361 1634 378; x_wconf 92' lang='lat'>:</span> 
     </span>
    </p>
   </div>
   <div class='ocr_carea' id='block_1_22' title="bbox 851 393 1637 430">
    <p class='ocr_par' dir='ltr' id='par_1_22' title="bbox 851 393 1637 430">
     <span class='ocr_line' id='line_1_22' title="bbox 851 393 1637 430; baseline -0.003 -8"><span class='ocrx_word' id='word_1_165' title='bbox 851 395 923 423; x_wconf 86' lang='lat' dir='ltr'><strong>hanc</strong></span> <span class='ocrx_word' id='word_1_166' title='bbox 946 399 1037 422; x_wconf 88' lang='lat' dir='ltr'><strong>autem</strong></span> <span class='ocrx_word' id='word_1_167' title='bbox 1060 395 1139 423; x_wconf 83' lang='lat' dir='ltr'><strong>vobis</strong></span> <span class='ocrx_word' id='word_1_168' title='bbox 1159 395 1280 423; x_wconf 86' lang='lat' dir='ltr'><strong>concedo</strong></span> <span class='ocrx_word' id='word_1_169' title='bbox 1305 394 1441 430; x_wconf 75' lang='lat' dir='ltr'><strong>gratiam,</strong></span> <span class='ocrx_word' id='word_1_170' title='bbox 1466 398 1497 421; x_wconf 90' lang='lat' dir='ltr'><strong>ut</strong></span> <span class='ocrx_word' id='word_1_171' title='bbox 1521 393 1637 428; x_wconf 75' lang='lat' dir='ltr'><strong>singulis</strong></span> 
     </span>
    </p>
   </div>
   <div class='ocr_carea' id='block_1_23' title="bbox 853 439 1637 475">
    <p class='ocr_par' dir='ltr' id='par_1_23' title="bbox 853 439 1637 475">
     <span class='ocr_line' id='line_1_23' title="bbox 853 439 1637 475; baseline -0.003 -7"><span class='ocrx_word' id='word_1_172' title='bbox 853 440 932 468; x_wconf 86' lang='lat' dir='ltr'><strong>annis</strong></span> <span class='ocrx_word' id='word_1_173' title='bbox 951 441 995 468; x_wconf 86' lang='lat' dir='ltr'><strong>die</strong></span> <span class='ocrx_word' id='word_1_174' title='bbox 1009 440 1170 468; x_wconf 83' lang='lat' dir='ltr'><strong>certaminis</strong></span> <span class='ocrx_word' id='word_1_175' title='bbox 1184 441 1237 468; x_wconf 91' lang='lat' dir='ltr'><strong>mei</strong></span> <span class='ocrx_word' id='word_1_176' title='bbox 1252 447 1301 475; x_wconf 87' lang='lat' dir='ltr'><strong>per</strong></span> <span class='ocrx_word' id='word_1_177' title='bbox 1315 444 1419 475; x_wconf 83' lang='lat' dir='ltr'><strong>septem</strong></span> <span class='ocrx_word' id='word_1_178' title='bbox 1434 439 1494 467; x_wconf 87' lang='lat' dir='ltr'><strong>dies</strong></span> <span class='ocrx_word' id='word_1_179' title='bbox 1507 439 1637 467; x_wconf 82' lang='lat' dir='ltr'><strong>recedens</strong></span> 
     </span>
    </p>
   </div>
   <div class='ocr_carea' id='block_1_24' title="bbox 851 485 1638 521">
    <p class='ocr_par' dir='ltr' id='par_1_24' title="bbox 851 485 1638 521">
     <span class='ocr_line' id='line_1_24' title="bbox 851 485 1638 521; baseline -0.004 -7"><span class='ocrx_word' id='word_1_180' title='bbox 851 494 938 519; x_wconf 90' lang='lat' dir='ltr'><strong>mare,</strong></span> <span class='ocrx_word' id='word_1_181' title='bbox 954 486 1079 521; x_wconf 88' lang='lat' dir='ltr'><strong>pedestre</strong></span> <span class='ocrx_word' id='word_1_182' title='bbox 1094 486 1145 513; x_wconf 85' lang='lat' dir='ltr'><strong>iter</strong></span> <span class='ocrx_word' id='word_1_183' title='bbox 1168 493 1216 521; x_wconf 89' lang='lat' dir='ltr'><strong>per</strong></span> <span class='ocrx_word' id='word_1_184' title='bbox 1228 485 1334 513; x_wconf 77' lang='lat' dir='ltr'><strong>aridam</strong></span> <span class='ocrx_word' id='word_1_185' title='bbox 1350 485 1384 513; x_wconf 87' lang='lat' dir='ltr'><strong>ad</strong></span> <span class='ocrx_word' id='word_1_186' title='bbox 1401 485 1475 512; x_wconf 89' lang='lat' dir='ltr'><strong>hunc</strong></span> <span class='ocrx_word' id='word_1_187' title='bbox 1492 493 1579 520; x_wconf 89' lang='lat' dir='ltr'><strong>usque</strong></span> <span class='ocrx_word' id='word_1_188' title='bbox 1594 485 1638 511; x_wconf 84' lang='lat' dir='ltr'><strong>lo-</strong></span> 
     </span>
    </p>
   </div>
   <div class='ocr_carea' id='block_1_25' title="bbox 849 530 1638 567">
    <p class='ocr_par' dir='ltr' id='par_1_25' title="bbox 849 530 1638 567">
     <span class='ocr_line' id='line_1_25' title="bbox 849 530 1638 567; baseline -0.003 -7"><span class='ocrx_word' id='word_1_189' title='bbox 849 540 914 561; x_wconf 84' lang='lat' dir='ltr'><strong>cum</strong></span> <span class='ocrx_word' id='word_1_190' title='bbox 933 535 1077 567; x_wconf 62' lang='lat' dir='ltr'><strong>praeparet.</strong></span> <span class='ocrx_word' id='word_1_191' title='bbox 1093 531 1128 559; x_wconf 88' lang='lat' dir='ltr'><strong>Et</strong></span> <span class='ocrx_word' id='word_1_192' title='bbox 1147 539 1237 559; x_wconf 84' lang='lat' dir='ltr'><strong>sermo</strong></span> <span class='ocrx_word' id='word_1_193' title='bbox 1251 538 1332 566; x_wconf 88' lang='lat' dir='ltr'><strong>opere</strong></span> <span class='ocrx_word' id='word_1_194' title='bbox 1345 531 1496 566; x_wconf 84' lang='lat' dir='ltr'><strong>completus</strong></span> <span class='ocrx_word' id='word_1_195' title='bbox 1513 531 1574 557; x_wconf 85' lang='lat' dir='ltr'><strong>I&#39;uit.</strong></span> <span class='ocrx_word' id='word_1_196' title='bbox 1597 530 1638 558; x_wconf 78' lang='lat' dir='ltr'><strong>Ab</strong></span> 
     </span>
    </p>
   </div>
   <div class='ocr_carea' id='block_1_26' title="bbox 850 576 1636 613">
    <p class='ocr_par' dir='ltr' id='par_1_26' title="bbox 850 576 1636 613">
     <span class='ocr_line' id='line_1_26' title="bbox 850 576 1636 613; baseline -0.004 -7"><span class='ocrx_word' id='word_1_197' title='bbox 850 587 885 606; x_wconf 89' lang='lat' dir='ltr'><strong>eo</strong></span> <span class='ocrx_word' id='word_1_198' title='bbox 904 578 1039 613; x_wconf 86' lang='lat' dir='ltr'><strong>siquidem</strong></span> <span class='ocrx_word' id='word_1_199' title='bbox 1059 583 1193 613; x_wconf 86' lang='lat' dir='ltr'><strong>tempore,</strong></span> <span class='ocrx_word' id='word_1_200' title='bbox 1218 585 1306 612; x_wconf 91' lang='lat' dir='ltr'><strong>usque</strong></span> <span class='ocrx_word' id='word_1_201' title='bbox 1320 577 1348 604; x_wconf 89' lang='lat' dir='ltr'><strong>in</strong></span> <span class='ocrx_word' id='word_1_202' title='bbox 1371 577 1534 604; x_wconf 83' lang='lat' dir='ltr'><strong>hodiernum</strong></span> <span class='ocrx_word' id='word_1_203' title='bbox 1552 576 1636 610; x_wconf 89' lang='lat' dir='ltr'><strong>diem,</strong></span> 
     </span>
    </p>
   </div>
   <div class='ocr_carea' id='block_1_27' title="bbox 852 621 1638 659">
    <p class='ocr_par' dir='ltr' id='par_1_27' title="bbox 852 621 1638 659">
     <span class='ocr_line' id='line_1_27' title="bbox 852 621 1638 659; baseline -0.003 -8"><span class='ocrx_word' id='word_1_204' title='bbox 852 623 967 659; x_wconf 74' lang='lat' dir='ltr'><strong>singulis</strong></span> <span class='ocrx_word' id='word_1_205' title='bbox 986 624 1066 651; x_wconf 87' lang='lat' dir='ltr'><strong>annis</strong></span> <span class='ocrx_word' id='word_1_206' title='bbox 1087 630 1217 659; x_wconf 87' lang='lat' dir='ltr'><strong>magnum</strong></span> <span class='ocrx_word' id='word_1_207' title='bbox 1238 623 1292 650; x_wconf 85' lang='lat' dir='ltr'><strong>hoc</strong></span> <span class='ocrx_word' id='word_1_208' title='bbox 1313 621 1476 650; x_wconf 80' lang='lat' dir='ltr'><strong>miraculum</strong></span> <span class='ocrx_word' id='word_1_209' title='bbox 1496 621 1552 650; x_wconf 87' lang='lat' dir='ltr'><strong>Deo</strong></span> <span class='ocrx_word' id='word_1_210' title='bbox 1573 629 1638 657; x_wconf 90' lang='lat' dir='ltr'><strong>ope-</strong></span> 
     </span>
    </p>
   </div>
   <div class='ocr_carea' id='block_1_28' title="bbox 851 669 1091 705">
    <p class='ocr_par' dir='ltr' id='par_1_28' title="bbox 851 669 1091 705">
     <span class='ocr_line' id='line_1_28' title="bbox 851 669 1091 705; baseline 0 -8"><span class='ocrx_word' id='word_1_211' title='bbox 851 676 929 697; x_wconf 83' lang='lat' dir='ltr'><strong>rante</strong></span> <span class='ocrx_word' id='word_1_212' title='bbox 942 669 1091 705; x_wconf 83' lang='lat' dir='ltr'><strong>perﬁcitur.</strong></span> 
     </span>
    </p>
   </div>
   <div class='ocr_carea' id='block_1_29' title="bbox 886 714 1639 749">
    <p class='ocr_par' dir='ltr' id='par_1_29' title="bbox 886 714 1639 749">
     <span class='ocr_line' id='line_1_29' title="bbox 886 714 1639 749; baseline 0.001 -7"><span class='ocrx_word' id='word_1_213' title='bbox 886 714 931 743; x_wconf 79' lang='lat' dir='ltr'><strong>Vl.</strong></span> <span class='ocrx_word' id='word_1_214' title='bbox 960 715 1032 749; x_wconf 84' lang='lat' dir='ltr'><strong>Quid</strong></span> <span class='ocrx_word' id='word_1_215' title='bbox 1066 715 1139 743; x_wconf 89' lang='lat' dir='ltr'><strong>istud</strong></span> <span class='ocrx_word' id='word_1_216' title='bbox 1166 716 1300 743; x_wconf 85' lang='lat' dir='ltr'><strong>miraculo</strong></span> <span class='ocrx_word' id='word_1_217' title='bbox 1329 714 1414 743; x_wconf 83' lang='lat' dir='ltr'><strong>Mosis</strong></span> <span class='ocrx_word' id='word_1_218' title='bbox 1445 714 1639 743; x_wconf 88' lang='lat' dir='ltr'><strong>inbonoratius</strong></span> 
     </span>
    </p>
   </div>
   <div class='ocr_carea' id='block_1_30' title="bbox 851 760 1639 796">
    <p class='ocr_par' dir='ltr' id='par_1_30' title="bbox 851 760 1639 796">
     <span class='ocr_line' id='line_1_30' title="bbox 851 760 1639 796; baseline -0.004 -7"><span class='ocrx_word' id='word_1_219' title='bbox 851 762 909 789; x_wconf 87' lang='lat' dir='ltr'><strong>est?</strong></span> <span class='ocrx_word' id='word_1_220' title='bbox 922 761 993 794; x_wconf 88' lang='lat' dir='ltr'><strong>Quid</strong></span> <span class='ocrx_word' id='word_1_221' title='bbox 1014 769 1079 790; x_wconf 76' lang='lat' dir='ltr'><strong>vero</strong></span> <span class='ocrx_word' id='word_1_222' title='bbox 1091 760 1174 788; x_wconf 81' lang='lat' dir='ltr'><strong>Elisei</strong></span> <span class='ocrx_word' id='word_1_223' title='bbox 1190 761 1338 796; x_wconf 79' lang='lat' dir='ltr'><strong>ignobilius</strong></span> <span class='ocrx_word' id='word_1_224' title='bbox 1353 766 1380 789; x_wconf 84' lang='lat' dir='ltr'><strong>et</strong></span> <span class='ocrx_word' id='word_1_225' title='bbox 1393 761 1543 788; x_wconf 76' lang='lat' dir='ltr'><strong>humilius?</strong></span> <span class='ocrx_word' id='word_1_226' title='bbox 1557 760 1639 794; x_wconf 80' lang='lat' dir='ltr'><strong>quiil—</strong></span> 
     </span>
    </p>
   </div>
   <div class='ocr_carea' id='block_1_31' title="bbox 852 807 1638 843">
    <p class='ocr_par' dir='ltr' id='par_1_31' title="bbox 852 807 1638 843">
     <span class='ocr_line' id='line_1_31' title="bbox 852 807 1638 843; baseline -0.001 -9"><span class='ocrx_word' id='word_1_227' title='bbox 852 807 908 835; x_wconf 85' lang='lat' dir='ltr'><strong>imo</strong></span> <span class='ocrx_word' id='word_1_228' title='bbox 922 807 1043 835; x_wconf 83' lang='lat' dir='ltr'><strong>nobilius</strong></span> <span class='ocrx_word' id='word_1_229' title='bbox 1054 812 1082 835; x_wconf 87' lang='lat' dir='ltr'><strong>et</strong></span> <span class='ocrx_word' id='word_1_230' title='bbox 1097 807 1190 835; x_wconf 86' lang='lat' dir='ltr'><strong>altius.</strong></span> <span class='ocrx_word' id='word_1_231' title='bbox 1205 807 1251 835; x_wconf 83' lang='lat' dir='ltr'><strong>Ille</strong></span> <span class='ocrx_word' id='word_1_232' title='bbox 1264 808 1400 843; x_wconf 86' lang='lat' dir='ltr'><strong>siquidem</strong></span> <span class='ocrx_word' id='word_1_233' title='bbox 1409 808 1497 842; x_wconf 82' lang='lat' dir='ltr'><strong>virga,</strong></span> <span class='ocrx_word' id='word_1_234' title='bbox 1510 811 1536 834; x_wconf 88' lang='lat' dir='ltr'><strong>et</strong></span> <span class='ocrx_word' id='word_1_235' title='bbox 1549 807 1638 839; x_wconf 86' lang='lat' dir='ltr'><strong>vivus,</strong></span> 
     </span>
    </p>
   </div>
   <div class='ocr_carea' id='block_1_32' title="bbox 853 852 1640 889">
    <p class='ocr_par' dir='ltr' id='par_1_32' title="bbox 853 852 1640 889">
     <span class='ocr_line' id='line_1_32' title="bbox 853 852 1640 889; baseline -0.001 -9"><span class='ocrx_word' id='word_1_236' title='bbox 853 858 880 880; x_wconf 87' lang='lat' dir='ltr'><strong>et</strong></span> <span class='ocrx_word' id='word_1_237' title='bbox 891 852 986 885; x_wconf 86' lang='lat' dir='ltr'><strong>semel,</strong></span> <span class='ocrx_word' id='word_1_238' title='bbox 1001 852 1071 880; x_wconf 88' lang='lat' dir='ltr'><strong>mari</strong></span> <span class='ocrx_word' id='word_1_239' title='bbox 1084 853 1182 885; x_wconf 88' lang='lat' dir='ltr'><strong>scisso,</strong></span> <span class='ocrx_word' id='word_1_240' title='bbox 1197 854 1331 889; x_wconf 80' lang='lat' dir='ltr'><strong>gurgitem</strong></span> <span class='ocrx_word' id='word_1_241' title='bbox 1345 853 1397 880; x_wconf 88' lang='lat' dir='ltr'><strong>iter</strong></span> <span class='ocrx_word' id='word_1_242' title='bbox 1409 852 1499 880; x_wconf 82' lang='lat' dir='ltr'><strong>eﬂ&#39;ecit</strong></span> <span class='ocrx_word' id='word_1_243' title='bbox 1511 858 1523 873; x_wconf 72' lang='grc' dir='ltr'>ι</span> <span class='ocrx_word' id='word_1_244' title='bbox 1538 862 1545 879; x_wconf 92' lang='lat'><strong>:</strong></span> <span class='ocrx_word' id='word_1_245' title='bbox 1570 852 1640 879; x_wconf 85' lang='lat' dir='ltr'><strong>alter</strong></span> 
     </span>
    </p>
   </div>
   <div class='ocr_carea' id='block_1_33' title="bbox 38 897 942 934">
    <p class='ocr_par' dir='ltr' id='par_1_33' title="bbox 38 897 942 934">
     <span class='ocr_line' id='line_1_33' title="bbox 38 897 942 934; baseline 0.003 -10"><span class='ocrx_word' id='word_1_246' title='bbox 38 899 123 934; x_wconf 73' lang='grc' dir='ltr'>σχίσας,</span> <span class='ocrx_word' id='word_1_247' title='bbox 136 898 223 933; x_wconf 88' lang='grc' dir='ltr'>τρίϐον</span> <span class='ocrx_word' id='word_1_248' title='bbox 237 898 283 925; x_wconf 89' lang='grc' dir='ltr'><strong>τὺν</strong></span> <span class='ocrx_word' id='word_1_249' title='bbox 298 898 377 933; x_wconf 79' lang='grc' dir='ltr'>βυθὸν</span> <span class='ocrx_word' id='word_1_250' title='bbox 390 898 577 933; x_wconf 78' lang='grc' dir='ltr'>ἀπειργάσατο</span> <span class='ocrx_word' id='word_1_251' title='bbox 587 905 594 913; x_wconf 87' lang='grc'><strong>·</strong></span> <span class='ocrx_word' id='word_1_252' title='bbox 605 899 619 924; x_wconf 87' lang='grc' dir='ltr'><strong>ό</strong></span> <span class='ocrx_word' id='word_1_253' title='bbox 629 898 657 924; x_wconf 80' lang='grc' dir='ltr'>δὲ</span> <span class='ocrx_word' id='word_1_254' title='bbox 671 897 802 929; x_wconf 81' lang='grc' dir='ltr'><strong>ὡσαύτως</strong></span> <span class='ocrx_word' id='word_1_255' title='bbox 818 897 838 911; x_wconf 85' lang='lat'>”</span> <span class='ocrx_word' id='word_1_256' title='bbox 854 907 917 926; x_wconf 81' lang='lat' dir='ltr'><strong>vero</strong></span> <span class='ocrx_word' id='word_1_257' title='bbox 930 907 942 927; x_wconf 82' lang='grc' dir='ltr'><strong>ε</strong></span> 
     </span>
    </p>
   </div>
   <div class='ocr_carea' id='block_1_34' title="bbox 735 897 1639 934">
    <p class='ocr_par' dir='ltr' id='par_1_34' title="bbox 735 897 1639 933">
     <span class='ocr_line' id='line_1_34' title="bbox 735 897 1639 933; baseline 0.002 -10"><span class='ocrx_word' id='word_1_258' title='bbox 735 897 802 929; x_wconf 72' lang='grc' dir='ltr'>ὗτως</span> <span class='ocrx_word' id='word_1_259' title='bbox 818 897 838 911; x_wconf 86' lang='lat'>”</span> <span class='ocrx_word' id='word_1_260' title='bbox 854 907 917 926; x_wconf 81' lang='lat' dir='ltr'><strong>vero</strong></span> <span class='ocrx_word' id='word_1_261' title='bbox 930 899 1058 927; x_wconf 86' lang='lat' dir='ltr'><strong>similiter</strong></span> <span class='ocrx_word' id='word_1_262' title='bbox 1070 899 1171 927; x_wconf 84' lang='lat' dir='ltr'><strong>melote</strong></span> <span class='ocrx_word' id='word_1_263' title='bbox 1183 898 1331 926; x_wconf 67' lang='lat' dir='ltr'><strong>Iordanem</strong></span> <span class='ocrx_word' id='word_1_264' title='bbox 1347 907 1456 931; x_wconf 84' lang='lat' dir='ltr'><strong>secans,</strong></span> <span class='ocrx_word' id='word_1_265' title='bbox 1471 899 1555 926; x_wconf 86' lang='lat' dir='ltr'><strong>semel</strong></span> <span class='ocrx_word' id='word_1_266' title='bbox 1571 906 1639 933; x_wconf 86' lang='lat' dir='ltr'><strong>quo-</strong></span> 
     </span>
    </p>
   </div>
   <div class='ocr_carea' id='block_1_35' title="bbox 36 940 802 980">
    <p class='ocr_par' dir='ltr' id='par_1_35' title="bbox 36 940 802 980">
     <span class='ocr_line' id='line_1_35' title="bbox 36 940 802 980; baseline -0.003 -10"><span class='ocrx_word' id='word_1_267' title='bbox 36 945 60 979; x_wconf 77' lang='grc' dir='ltr'>τῇ</span> <span class='ocrx_word' id='word_1_268' title='bbox 80 944 180 980; x_wconf 79' lang='grc' dir='ltr'>μηλωτῇ</span> <span class='ocrx_word' id='word_1_269' title='bbox 201 944 247 970; x_wconf 83' lang='grc' dir='ltr'>τὸν</span> <span class='ocrx_word' id='word_1_270' title='bbox 274 943 408 979; x_wconf 81' lang='grc' dir='ltr'>Ἰορδάνην</span> <span class='ocrx_word' id='word_1_271' title='bbox 432 942 534 978; x_wconf 83' lang='grc' dir='ltr'>τεμὼν,</span> <span class='ocrx_word' id='word_1_272' title='bbox 558 942 631 975; x_wconf 74' lang='grc' dir='ltr'>ἅπαξ</span> <span class='ocrx_word' id='word_1_273' title='bbox 654 943 702 969; x_wconf 75' lang='grc' dir='ltr'><strong>καὶ</strong></span> <span class='ocrx_word' id='word_1_274' title='bbox 725 940 802 974; x_wconf 71' lang='grc' dir='ltr'>οὗτος</span> 
     </span>
    </p>
   </div>
   <div class='ocr_carea' id='block_1_36' title="bbox 35 988 801 1024">
    <p class='ocr_par' dir='ltr' id='par_1_36' title="bbox 35 988 801 1024">
     <span class='ocr_line' id='line_1_36' title="bbox 35 988 801 1024; baseline 0.003 -10"><span class='ocrx_word' id='word_1_275' title='bbox 35 989 97 1015; x_wconf 71' lang='grc' dir='ltr'>τοῦτο</span> <span class='ocrx_word' id='word_1_276' title='bbox 115 989 404 1024; x_wconf 77' lang='grc' dir='ltr'>τεθαυματούργηκεν·</span> <span class='ocrx_word' id='word_1_277' title='bbox 419 988 460 1020; x_wconf 80' lang='grc' dir='ltr'><strong>είς</strong></span> <span class='ocrx_word' id='word_1_278' title='bbox 480 988 530 1024; x_wconf 83' lang='grc' dir='ltr'>τὴν</span> <span class='ocrx_word' id='word_1_279' title='bbox 552 988 689 1024; x_wconf 84' lang='grc' dir='ltr'>προτέραν</span> <span class='ocrx_word' id='word_1_280' title='bbox 710 989 801 1024; x_wconf 81' lang='grc' dir='ltr'>ἀμφο-</span> 
     </span>
    </p>
   </div>
   <div class='ocr_carea' id='block_1_37' title="bbox 36 1034 801 1071">
    <p class='ocr_par' dir='ltr' id='par_1_37' title="bbox 36 1034 801 1071">
     <span class='ocr_line' id='line_1_37' title="bbox 36 1034 801 1071; baseline 0.003 -11"><span class='ocrx_word' id='word_1_281' title='bbox 36 1034 104 1069; x_wconf 79' lang='grc' dir='ltr'>τέρων</span> <span class='ocrx_word' id='word_1_282' title='bbox 121 1035 170 1062; x_wconf 83' lang='grc' dir='ltr'>τῶν</span> <span class='ocrx_word' id='word_1_283' title='bbox 190 1035 305 1066; x_wconf 80' lang='grc' dir='ltr'>ὑδάτων,</span> <span class='ocrx_word' id='word_1_284' title='bbox 325 1034 394 1071; x_wconf 78' lang='grc' dir='ltr'>μετὰ</span> <span class='ocrx_word' id='word_1_285' title='bbox 406 1034 454 1070; x_wconf 83' lang='grc' dir='ltr'>τὴν</span> <span class='ocrx_word' id='word_1_286' title='bbox 465 1034 599 1066; x_wconf 82' lang='grc' dir='ltr'>διάϐασιν,</span> <span class='ocrx_word' id='word_1_287' title='bbox 614 1035 694 1069; x_wconf 83' lang='grc' dir='ltr'>φύσιν</span> <span class='ocrx_word' id='word_1_288' title='bbox 717 1044 801 1062; x_wconf 81' lang='grc' dir='ltr'>κατα-</span> 
     </span>
    </p>
   </div>
   <div class='ocr_carea' id='block_1_38' title="bbox 37 1077 800 1116">
    <p class='ocr_par' dir='ltr' id='par_1_38' title="bbox 37 1077 800 1116">
     <span class='ocr_line' id='line_1_38' title="bbox 37 1077 800 1116; baseline -0.003 -9"><span class='ocrx_word' id='word_1_289' title='bbox 37 1081 144 1113; x_wconf 68' lang='grc' dir='ltr'>στάντων,</span> <span class='ocrx_word' id='word_1_290' title='bbox 157 1081 203 1107; x_wconf 82' lang='grc' dir='ltr'>καὶ</span> <span class='ocrx_word' id='word_1_291' title='bbox 216 1080 316 1116; x_wconf 83' lang='grc' dir='ltr'>μηκέτι</span> <span class='ocrx_word' id='word_1_292' title='bbox 330 1079 408 1107; x_wconf 82' lang='grc' dir='ltr'>τοῦτο</span> <span class='ocrx_word' id='word_1_293' title='bbox 420 1080 598 1115; x_wconf 73' lang='grc' dir='ltr'>πεπραχότων</span> <span class='ocrx_word' id='word_1_294' title='bbox 607 1088 613 1094; x_wconf 94' lang='grc'><strong>·</strong></span> <span class='ocrx_word' id='word_1_295' title='bbox 626 1077 703 1112; x_wconf 71' lang='grc' dir='ltr'>οὗτος</span> <span class='ocrx_word' id='word_1_296' title='bbox 713 1079 740 1106; x_wconf 86' lang='grc' dir='ltr'>δὲ</span> <span class='ocrx_word' id='word_1_297' title='bbox 753 1079 779 1106; x_wconf 91' lang='grc' dir='ltr'><strong>τί</strong></span> <span class='ocrx_word' id='word_1_298' title='bbox 793 1087 800 1112; x_wconf 87' lang='grc'>;</span> 
     </span>
    </p>
   </div>
   <div class='ocr_carea' id='block_1_39' title="bbox 37 1125 801 1162">
    <p class='ocr_par' dir='ltr' id='par_1_39' title="bbox 37 1125 801 1162">
     <span class='ocr_line' id='line_1_39' title="bbox 37 1125 801 1162; baseline 0.013 -10"><span class='ocrx_word' id='word_1_299' title='bbox 37 1126 91 1161; x_wconf 76' lang='grc' dir='ltr'>μετὰ</span> <span class='ocrx_word' id='word_1_300' title='bbox 104 1127 219 1159; x_wconf 78' lang='grc' dir='ltr'>θάνατον,</span> <span class='ocrx_word' id='word_1_301' title='bbox 233 1127 282 1154; x_wconf 76' lang='grc' dir='ltr'>καὶ</span> <span class='ocrx_word' id='word_1_302' title='bbox 302 1127 351 1162; x_wconf 80' lang='grc' dir='ltr'><strong>οὐχ</strong></span> <span class='ocrx_word' id='word_1_303' title='bbox 369 1125 453 1159; x_wconf 76' lang='grc' dir='ltr'>ἅπαξ,</span> <span class='ocrx_word' id='word_1_304' title='bbox 468 1126 526 1153; x_wconf 72' lang='grc' dir='ltr'>ἀλλ’</span> <span class='ocrx_word' id='word_1_305' title='bbox 541 1126 635 1153; x_wconf 69' lang='grc' dir='ltr'>ἔκτοτε</span> <span class='ocrx_word' id='word_1_306' title='bbox 649 1126 731 1162; x_wconf 81' lang='grc' dir='ltr'>μέχρι</span> <span class='ocrx_word' id='word_1_307' title='bbox 752 1125 801 1161; x_wconf 74' lang='grc' dir='ltr'><strong>σή·</strong></span> 
     </span>
    </p>
   </div>
   <div class='ocr_carea' id='block_1_40' title="bbox 37 1169 799 1208">
    <p class='ocr_par' dir='ltr' id='par_1_40' title="bbox 37 1169 799 1208">
     <span class='ocr_line' id='line_1_40' title="bbox 37 1169 799 1208; baseline -0.001 -11"><span class='ocrx_word' id='word_1_308' title='bbox 37 1181 111 1206; x_wconf 82' lang='grc' dir='ltr'>μερον.</span> <span class='ocrx_word' id='word_1_309' title='bbox 124 1173 153 1199; x_wconf 87' lang='grc' dir='ltr'>Ὠ</span> <span class='ocrx_word' id='word_1_310' title='bbox 165 1172 211 1198; x_wconf 84' lang='grc' dir='ltr'><strong>τοῦ</strong></span> <span class='ocrx_word' id='word_1_311' title='bbox 224 1172 362 1208; x_wconf 83' lang='grc' dir='ltr'><strong>θαύματος</strong></span> <span class='ocrx_word' id='word_1_312' title='bbox 374 1171 421 1198; x_wconf 79' lang='grc' dir='ltr'><strong>καὶ</strong></span> <span class='ocrx_word' id='word_1_313' title='bbox 433 1171 482 1207; x_wconf 87' lang='grc' dir='ltr'>τῆς</span> <span class='ocrx_word' id='word_1_314' title='bbox 494 1170 572 1205; x_wconf 73' lang='grc' dir='ltr'>δόξης</span> <span class='ocrx_word' id='word_1_315' title='bbox 585 1169 632 1197; x_wconf 82' lang='grc' dir='ltr'><strong>τοῦ</strong></span> <span class='ocrx_word' id='word_1_316' title='bbox 646 1170 799 1206; x_wconf 76' lang='grc' dir='ltr'>μάρτυρος]</span> 
     </span>
    </p>
   </div>
   <div class='ocr_carea' id='block_1_41' title="bbox 34 1214 801 1254">
    <p class='ocr_par' dir='ltr' id='par_1_41' title="bbox 34 1214 801 1254">
     <span class='ocr_line' id='line_1_41' title="bbox 34 1214 801 1254; baseline 0 -11"><span class='ocrx_word' id='word_1_317' title='bbox 34 1218 81 1248; x_wconf 71' lang='lat' dir='ltr'><strong>oh;</strong></span> <span class='ocrx_word' id='word_1_318' title='bbox 100 1218 200 1254; x_wconf 71' lang='grc' dir='ltr'>εἴληχεν</span> <span class='ocrx_word' id='word_1_319' title='bbox 220 1218 329 1253; x_wconf 77' lang='grc' dir='ltr'><strong>ἑκάστῳ</strong></span> <span class='ocrx_word' id='word_1_320' title='bbox 341 1217 428 1253; x_wconf 86' lang='grc' dir='ltr'>χρόνῳ</span> <span class='ocrx_word' id='word_1_321' title='bbox 447 1217 476 1244; x_wconf 78' lang='grc' dir='ltr'>ὲν</span> <span class='ocrx_word' id='word_1_322' title='bbox 489 1217 522 1252; x_wconf 80' lang='grc' dir='ltr'><strong>τῇ</strong></span> <span class='ocrx_word' id='word_1_323' title='bbox 537 1217 587 1252; x_wconf 85' lang='grc' dir='ltr'>τῆς</span> <span class='ocrx_word' id='word_1_324' title='bbox 600 1214 707 1248; x_wconf 75' lang='grc' dir='ltr'>ἐνδόξου</span> <span class='ocrx_word' id='word_1_325' title='bbox 719 1215 801 1243; x_wconf 76' lang='grc' dir='ltr'>αὑτοῦ</span> 
     </span>
    </p>
   </div>
   <div class='ocr_carea' id='block_1_42' title="bbox 36 1254 800 1299">
    <p class='ocr_par' dir='ltr' id='par_1_42' title="bbox 36 1254 800 1299">
     <span class='ocr_line' id='line_1_42' title="bbox 36 1254 800 1299; baseline -0.001 -11"><span class='ocrx_word' id='word_1_326' title='bbox 36 1262 153 1298; x_wconf 74' lang='grc' dir='ltr'><strong>ἀθλήσεως</strong></span> <span class='ocrx_word' id='word_1_327' title='bbox 173 1263 285 1299; x_wconf 68' lang='grc' dir='ltr'>ἡμέραι</span> <span class='ocrx_word' id='word_1_328' title='bbox 314 1254 375 1289; x_wconf 62' lang='grc' dir='ltr'><strong>Ἐπεὶ</strong></span> <span class='ocrx_word' id='word_1_329' title='bbox 396 1261 466 1288; x_wconf 79' lang='grc' dir='ltr'>ἑπτὰ</span> <span class='ocrx_word' id='word_1_330' title='bbox 484 1265 549 1297; x_wconf 72' lang='grc' dir='ltr'>γὰρ,</span> <span class='ocrx_word' id='word_1_331' title='bbox 569 1261 607 1293; x_wconf 88' lang='grc' dir='ltr'><strong>ὡς</strong></span> <span class='ocrx_word' id='word_1_332' title='bbox 624 1261 800 1296; x_wconf 83' lang='grc' dir='ltr'>προέφημεν,</span> 
     </span>
    </p>
   </div>
   <div class='ocr_carea' id='block_1_43' title="bbox 35 1307 802 1346">
    <p class='ocr_par' dir='ltr' id='par_1_43' title="bbox 35 1307 802 1346">
     <span class='ocr_line' id='line_1_43' title="bbox 35 1307 802 1346; baseline -0.003 -10"><span class='ocrx_word' id='word_1_333' title='bbox 35 1310 134 1344; x_wconf 78' lang='grc' dir='ltr'>ἡμέραις</span> <span class='ocrx_word' id='word_1_334' title='bbox 151 1309 310 1346; x_wconf 85' lang='grc' dir='ltr'>ὑποχωροῦν</span> <span class='ocrx_word' id='word_1_335' title='bbox 326 1309 356 1336; x_wconf 82' lang='grc' dir='ltr'>τὸ</span> <span class='ocrx_word' id='word_1_336' title='bbox 374 1309 487 1345; x_wconf 78' lang='grc' dir='ltr'>ἄπειρον</span> <span class='ocrx_word' id='word_1_337' title='bbox 510 1309 597 1335; x_wconf 80' lang='grc' dir='ltr'>έκεῖνο</span> <span class='ocrx_word' id='word_1_338' title='bbox 610 1307 737 1342; x_wconf 84' lang='grc' dir='ltr'>πέλαγος,</span> <span class='ocrx_word' id='word_1_339' title='bbox 752 1316 802 1334; x_wconf 90' lang='grc' dir='ltr'><strong>πο-</strong></span> 
     </span>
    </p>
   </div>
   <div class='ocr_carea' id='block_1_44' title="bbox 37 1353 642 1390">
    <p class='ocr_par' dir='ltr' id='par_1_44' title="bbox 37 1353 642 1390">
     <span class='ocr_line' id='line_1_44' title="bbox 37 1353 642 1390; baseline -0.003 -8"><span class='ocrx_word' id='word_1_340' title='bbox 37 1356 97 1390; x_wconf 79' lang='grc' dir='ltr'>ρείαν</span> <span class='ocrx_word' id='word_1_341' title='bbox 108 1355 262 1382; x_wconf 79' lang='grc' dir='ltr'>εὐεπίϐατον</span> <span class='ocrx_word' id='word_1_342' title='bbox 276 1356 334 1387; x_wconf 87' lang='grc' dir='ltr'>τοῖς</span> <span class='ocrx_word' id='word_1_343' title='bbox 346 1354 468 1381; x_wconf 81' lang='grc' dir='ltr'>εὐσεϐέσι</span> <span class='ocrx_word' id='word_1_344' title='bbox 482 1353 642 1390; x_wconf 84' lang='grc' dir='ltr'>παρέχεται.</span> 
     </span>
    </p>
   </div>
   <div class='ocr_carea' id='block_1_45' title="bbox 64 1399 803 1436">
    <p class='ocr_par' dir='ltr' id='par_1_45' title="bbox 64 1399 803 1436">
     <span class='ocr_line' id='line_1_45' title="bbox 64 1399 803 1436; baseline -0.003 -9"><span class='ocrx_word' id='word_1_345' title='bbox 64 1401 110 1428; x_wconf 82' lang='lat' dir='ltr'><strong>Vll.</strong></span> <span class='ocrx_word' id='word_1_346' title='bbox 122 1402 220 1428; x_wconf 83' lang='grc' dir='ltr'><strong>Τούτου</strong></span> <span class='ocrx_word' id='word_1_347' title='bbox 241 1399 290 1428; x_wconf 73' lang='grc' dir='ltr'><strong>οὖν</strong></span> <span class='ocrx_word' id='word_1_348' title='bbox 308 1400 395 1432; x_wconf 80' lang='grc' dir='ltr'>οὕτως</span> <span class='ocrx_word' id='word_1_349' title='bbox 414 1399 568 1436; x_wconf 80' lang='grc' dir='ltr'>γινομένου,</span> <span class='ocrx_word' id='word_1_350' title='bbox 593 1400 692 1431; x_wconf 85' lang='grc' dir='ltr'>πάντες</span> <span class='ocrx_word' id='word_1_351' title='bbox 705 1399 759 1426; x_wconf 85' lang='grc' dir='ltr'><strong>τῶν</strong></span> <span class='ocrx_word' id='word_1_352' title='bbox 774 1399 803 1426; x_wconf 78' lang='grc' dir='ltr'>ἐν</span> 
     </span>
    </p>
   </div>
   <div class='ocr_carea' id='block_1_46' title="bbox 35 1445 802 1482">
    <p class='ocr_par' dir='ltr' id='par_1_46' title="bbox 35 1445 802 1482">
     <span class='ocr_line' id='line_1_46' title="bbox 35 1445 802 1482; baseline -0.003 -9"><span class='ocrx_word' id='word_1_353' title='bbox 35 1447 87 1482; x_wconf 75' lang='grc' dir='ltr'>ἡμῖν</span> <span class='ocrx_word' id='word_1_354' title='bbox 99 1447 259 1482; x_wconf 76' lang='grc' dir='ltr'>φιλευσεϐὦν</span> <span class='ocrx_word' id='word_1_355' title='bbox 272 1445 412 1482; x_wconf 75' lang='grc' dir='ltr'><strong>ἐγχωρίων</strong></span> <span class='ocrx_word' id='word_1_356' title='bbox 430 1445 478 1472; x_wconf 77' lang='grc' dir='ltr'>καὶ</span> <span class='ocrx_word' id='word_1_357' title='bbox 493 1445 609 1472; x_wconf 83' lang='grc' dir='ltr'>πολιτῶν</span> <span class='ocrx_word' id='word_1_358' title='bbox 626 1445 676 1480; x_wconf 82' lang='grc' dir='ltr'>τῆς</span> <span class='ocrx_word' id='word_1_359' title='bbox 690 1445 802 1481; x_wconf 81' lang='grc' dir='ltr'>Χερσῶ-</span> 
     </span>
    </p>
   </div>
   <div class='ocr_carea' id='block_1_47' title="bbox 35 1491 803 1534">
    <p class='ocr_par' dir='ltr' id='par_1_47' title="bbox 35 1491 803 1534">
     <span class='ocr_line' id='line_1_47' title="bbox 35 1491 803 1534; baseline 0.001 -16"><span class='ocrx_word' id='word_1_360' title='bbox 35 1502 78 1525; x_wconf 77' lang='grc' dir='ltr'>νος,</span> <span class='ocrx_word' id='word_1_361' title='bbox 89 1494 161 1521; x_wconf 82' lang='grc' dir='ltr'>τοῦτο</span> <span class='ocrx_word' id='word_1_362' title='bbox 180 1493 341 1534; x_wconf 46' lang='grc' dir='ltr'>ἀκηκοότες,</span> <span class='ocrx_word' id='word_1_363' title='bbox 356 1492 425 1528; x_wconf 77' lang='grc' dir='ltr'>πρὸς</span> <span class='ocrx_word' id='word_1_364' title='bbox 440 1492 490 1528; x_wconf 84' lang='grc' dir='ltr'>τὴν</span> <span class='ocrx_word' id='word_1_365' title='bbox 509 1491 556 1519; x_wconf 84' lang='grc' dir='ltr'><strong>τοῦ</strong></span> <span class='ocrx_word' id='word_1_366' title='bbox 578 1491 717 1527; x_wconf 81' lang='grc' dir='ltr'>θαύματος</span> <span class='ocrx_word' id='word_1_367' title='bbox 738 1491 803 1519; x_wconf 89' lang='grc' dir='ltr'>θέαν</span> 
     </span>
    </p>
   </div>
   <div class='ocr_carea' id='block_1_48' title="bbox 851 944 1640 980">
    <p class='ocr_par' dir='ltr' id='par_1_48' title="bbox 851 944 1640 980">
     <span class='ocr_line' id='line_1_48' title="bbox 851 944 1640 980; baseline 0 -8"><span class='ocrx_word' id='word_1_368' title='bbox 851 953 905 980; x_wconf 85' lang='lat' dir='ltr'><strong>que</strong></span> <span class='ocrx_word' id='word_1_369' title='bbox 914 945 971 980; x_wconf 89' lang='lat' dir='ltr'><strong>ipse</strong></span> <span class='ocrx_word' id='word_1_370' title='bbox 979 945 1029 972; x_wconf 88' lang='lat' dir='ltr'><strong>hoc</strong></span> <span class='ocrx_word' id='word_1_371' title='bbox 1040 944 1104 973; x_wconf 79' lang='lat' dir='ltr'><strong>fecit</strong></span> <span class='ocrx_word' id='word_1_372' title='bbox 1116 945 1279 972; x_wconf 86' lang='lat' dir='ltr'><strong>miraculum</strong></span> <span class='ocrx_word' id='word_1_373' title='bbox 1292 946 1324 971; x_wconf 62' lang='grc' dir='ltr'>ιιι</span> <span class='ocrx_word' id='word_1_374' title='bbox 1345 945 1478 973; x_wconf 85' lang='lat' dir='ltr'><strong>ambabus</strong></span> <span class='ocrx_word' id='word_1_375' title='bbox 1487 945 1565 980; x_wconf 86' lang='lat' dir='ltr'><strong>aquis</strong></span> <span class='ocrx_word' id='word_1_376' title='bbox 1578 950 1640 980; x_wconf 89' lang='lat' dir='ltr'><strong>post</strong></span> 
     </span>
    </p>
   </div>
   <div class='ocr_carea' id='block_1_49' title="bbox 851 990 1638 1026">
    <p class='ocr_par' dir='ltr' id='par_1_49' title="bbox 851 990 1638 1026">
     <span class='ocr_line' id='line_1_49' title="bbox 851 990 1638 1026; baseline 0 -8"><span class='ocrx_word' id='word_1_377' title='bbox 851 990 998 1018; x_wconf 84' lang='lat' dir='ltr'><strong>transitum</strong></span> <span class='ocrx_word' id='word_1_378' title='bbox 1022 990 1138 1018; x_wconf 82' lang='lat' dir='ltr'><strong>redactis</strong></span> <span class='ocrx_word' id='word_1_379' title='bbox 1153 990 1187 1018; x_wconf 87' lang='lat' dir='ltr'><strong>ad</strong></span> <span class='ocrx_word' id='word_1_380' title='bbox 1201 999 1280 1018; x_wconf 89' lang='lat' dir='ltr'><strong>suam</strong></span> <span class='ocrx_word' id='word_1_381' title='bbox 1294 996 1420 1018; x_wconf 85' lang='lat' dir='ltr'><strong>naturam</strong></span> <span class='ocrx_word' id='word_1_382' title='bbox 1432 1011 1440 1024; x_wconf 93' lang='lat'><strong>,</strong></span> <span class='ocrx_word' id='word_1_383' title='bbox 1463 999 1514 1018; x_wconf 91' lang='lat' dir='ltr'><strong>nec</strong></span> <span class='ocrx_word' id='word_1_384' title='bbox 1541 996 1638 1026; x_wconf 85' lang='lat' dir='ltr'><strong>postea</strong></span> 
     </span>
    </p>
   </div>
   <div class='ocr_carea' id='block_1_50' title="bbox 852 1036 1637 1072">
    <p class='ocr_par' dir='ltr' id='par_1_50' title="bbox 852 1036 1637 1072">
     <span class='ocr_line' id='line_1_50' title="bbox 852 1036 1637 1072; baseline 0.001 -9"><span class='ocrx_word' id='word_1_385' title='bbox 852 1037 922 1064; x_wconf 81' lang='lat' dir='ltr'><strong>idem</strong></span> <span class='ocrx_word' id='word_1_386' title='bbox 949 1037 1078 1072; x_wconf 86' lang='lat' dir='ltr'><strong>operatis.</strong></span> <span class='ocrx_word' id='word_1_387' title='bbox 1112 1036 1163 1064; x_wconf 87' lang='lat' dir='ltr'><strong>Hic</strong></span> <span class='ocrx_word' id='word_1_388' title='bbox 1189 1041 1280 1064; x_wconf 86' lang='lat' dir='ltr'><strong>autem</strong></span> <span class='ocrx_word' id='word_1_389' title='bbox 1306 1037 1389 1072; x_wconf 85' lang='lat' dir='ltr'><strong>quid?</strong></span> <span class='ocrx_word' id='word_1_390' title='bbox 1414 1036 1480 1064; x_wconf 89' lang='lat' dir='ltr'><strong>Post</strong></span> <span class='ocrx_word' id='word_1_391' title='bbox 1505 1042 1637 1070; x_wconf 82' lang='lat' dir='ltr'><strong>mortem;</strong></span> 
     </span>
    </p>
   </div>
   <div class='ocr_carea' id='block_1_51' title="bbox 851 1082 1640 1118">
    <p class='ocr_par' dir='ltr' id='par_1_51' title="bbox 851 1082 1640 1118">
     <span class='ocr_line' id='line_1_51' title="bbox 851 1082 1640 1118; baseline -0.001 -9"><span class='ocrx_word' id='word_1_392' title='bbox 851 1086 879 1110; x_wconf 88' lang='lat' dir='ltr'><strong>et</strong></span> <span class='ocrx_word' id='word_1_393' title='bbox 900 1090 953 1109; x_wconf 89' lang='lat' dir='ltr'><strong>non</strong></span> <span class='ocrx_word' id='word_1_394' title='bbox 976 1083 1080 1116; x_wconf 84' lang='lat' dir='ltr'><strong>semel,</strong></span> <span class='ocrx_word' id='word_1_395' title='bbox 1097 1082 1145 1110; x_wconf 88' lang='lat' dir='ltr'><strong>sed</strong></span> <span class='ocrx_word' id='word_1_396' title='bbox 1166 1082 1201 1110; x_wconf 87' lang='lat' dir='ltr'><strong>ab</strong></span> <span class='ocrx_word' id='word_1_397' title='bbox 1223 1090 1257 1110; x_wconf 91' lang='lat' dir='ltr'><strong>eo</strong></span> <span class='ocrx_word' id='word_1_398' title='bbox 1274 1088 1396 1118; x_wconf 87' lang='lat' dir='ltr'><strong>tempore</strong></span> <span class='ocrx_word' id='word_1_399' title='bbox 1418 1090 1505 1117; x_wconf 89' lang='lat' dir='ltr'><strong>usque</strong></span> <span class='ocrx_word' id='word_1_400' title='bbox 1519 1082 1546 1109; x_wconf 94' lang='lat' dir='ltr'><strong>in</strong></span> <span class='ocrx_word' id='word_1_401' title='bbox 1565 1082 1640 1109; x_wconf 90' lang='lat' dir='ltr'><strong>hunc</strong></span> 
     </span>
    </p>
   </div>
   <div class='ocr_carea' id='block_1_52' title="bbox 851 1127 1638 1164">
    <p class='ocr_par' dir='ltr' id='par_1_52' title="bbox 851 1127 1638 1164">
     <span class='ocr_line' id='line_1_52' title="bbox 851 1127 1638 1164; baseline -0.001 -8"><span class='ocrx_word' id='word_1_402' title='bbox 851 1128 933 1156; x_wconf 89' lang='lat' dir='ltr'><strong>diem.</strong></span> <span class='ocrx_word' id='word_1_403' title='bbox 949 1128 972 1156; x_wconf 92' lang='grc' dir='ltr'>Ο</span> <span class='ocrx_word' id='word_1_404' title='bbox 988 1128 1151 1156; x_wconf 88' lang='lat' dir='ltr'><strong>miraculum</strong></span> <span class='ocrx_word' id='word_1_405' title='bbox 1166 1132 1194 1155; x_wconf 91' lang='lat' dir='ltr'><strong>et</strong></span> <span class='ocrx_word' id='word_1_406' title='bbox 1205 1128 1320 1164; x_wconf 75' lang='lat' dir='ltr'><strong>gloriam</strong></span> <span class='ocrx_word' id='word_1_407' title='bbox 1339 1128 1485 1164; x_wconf 84' lang='lat' dir='ltr'><strong>martyris!</strong></span> <span class='ocrx_word' id='word_1_408' title='bbox 1502 1127 1638 1161; x_wconf 85' lang='lat' dir='ltr'><strong>Quantam</strong></span> 
     </span>
    </p>
   </div>
   <div class='ocr_carea' id='block_1_53' title="bbox 852 1175 1638 1211">
    <p class='ocr_par' dir='ltr' id='par_1_53' title="bbox 852 1175 1638 1211">
     <span class='ocr_line' id='line_1_53' title="bbox 852 1175 1638 1211; baseline -0.003 -8"><span class='ocrx_word' id='word_1_409' title='bbox 852 1180 1017 1204; x_wconf 88' lang='lat' dir='ltr'><strong>consecutus</strong></span> <span class='ocrx_word' id='word_1_410' title='bbox 1029 1180 1071 1203; x_wconf 86' lang='lat' dir='ltr'><strong>est</strong></span> <span class='ocrx_word' id='word_1_411' title='bbox 1086 1175 1203 1211; x_wconf 87' lang='lat' dir='ltr'><strong>singulis</strong></span> <span class='ocrx_word' id='word_1_412' title='bbox 1213 1175 1293 1203; x_wconf 91' lang='lat' dir='ltr'><strong>annis</strong></span> <span class='ocrx_word' id='word_1_413' title='bbox 1305 1175 1349 1202; x_wconf 90' lang='lat' dir='ltr'><strong>die</strong></span> <span class='ocrx_word' id='word_1_414' title='bbox 1361 1175 1473 1210; x_wconf 79' lang='lat' dir='ltr'><strong>gloriosi</strong></span> <span class='ocrx_word' id='word_1_415' title='bbox 1489 1175 1532 1202; x_wconf 89' lang='lat' dir='ltr'><strong>sui</strong></span> <span class='ocrx_word' id='word_1_416' title='bbox 1548 1179 1638 1202; x_wconf 89' lang='lat' dir='ltr'><strong>certa-</strong></span> 
     </span>
    </p>
   </div>
   <div class='ocr_carea' id='block_1_54' title="bbox 852 1221 1637 1256">
    <p class='ocr_par' dir='ltr' id='par_1_54' title="bbox 852 1221 1637 1256">
     <span class='ocr_line' id='line_1_54' title="bbox 852 1221 1637 1256; baseline -0.001 -7"><span class='ocrx_word' id='word_1_417' title='bbox 852 1222 952 1250; x_wconf 86' lang='lat' dir='ltr'><strong>minis!</strong></span> <span class='ocrx_word' id='word_1_418' title='bbox 978 1221 1087 1256; x_wconf 84' lang='lat' dir='ltr'><strong>Septem</strong></span> <span class='ocrx_word' id='word_1_419' title='bbox 1112 1223 1186 1249; x_wconf 86' lang='lat' dir='ltr'><strong>enim</strong></span> <span class='ocrx_word' id='word_1_420' title='bbox 1210 1221 1280 1255; x_wconf 86' lang='lat' dir='ltr'><strong>dies,</strong></span> <span class='ocrx_word' id='word_1_421' title='bbox 1306 1221 1379 1253; x_wconf 83' lang='lat' dir='ltr'><strong>sicut</strong></span> <span class='ocrx_word' id='word_1_422' title='bbox 1404 1226 1484 1248; x_wconf 85' lang='lat' dir='ltr'><strong>antea</strong></span> <span class='ocrx_word' id='word_1_423' title='bbox 1507 1221 1637 1253; x_wconf 78' lang='lat' dir='ltr'><strong>diximus.</strong></span> 
     </span>
    </p>
   </div>
   <div class='ocr_carea' id='block_1_55' title="bbox 851 1267 1638 1305">
    <p class='ocr_par' dir='ltr' id='par_1_55' title="bbox 851 1267 1638 1305">
     <span class='ocr_line' id='line_1_55' title="bbox 851 1267 1638 1305; baseline -0.001 -9"><span class='ocrx_word' id='word_1_424' title='bbox 851 1268 982 1296; x_wconf 73' lang='lat' dir='ltr'><strong>secedens</strong></span> <span class='ocrx_word' id='word_1_425' title='bbox 998 1269 1134 1297; x_wconf 87' lang='lat' dir='ltr'><strong>inﬁnitum</strong></span> <span class='ocrx_word' id='word_1_426' title='bbox 1149 1267 1217 1296; x_wconf 91' lang='lat' dir='ltr'><strong>illud</strong></span> <span class='ocrx_word' id='word_1_427' title='bbox 1236 1268 1349 1305; x_wconf 88' lang='lat' dir='ltr'><strong>pelagus</strong></span> <span class='ocrx_word' id='word_1_428' title='bbox 1363 1289 1371 1302; x_wconf 97' lang='lat'><strong>,</strong></span> <span class='ocrx_word' id='word_1_429' title='bbox 1390 1268 1443 1304; x_wconf 82' lang='lat' dir='ltr'><strong>piis</strong></span> <span class='ocrx_word' id='word_1_430' title='bbox 1465 1268 1568 1304; x_wconf 56' lang='lat' dir='ltr'><strong>prabet</strong></span> <span class='ocrx_word' id='word_1_431' title='bbox 1587 1268 1638 1295; x_wconf 86' lang='lat' dir='ltr'><strong>iter</strong></span> 
     </span>
    </p>
   </div>
   <div class='ocr_carea' id='block_1_56' title="bbox 851 1314 1072 1342">
    <p class='ocr_par' dir='ltr' id='par_1_56' title="bbox 851 1314 1072 1342">
     <span class='ocr_line' id='line_1_56' title="bbox 851 1314 1072 1342; baseline 0.005 -1"><span class='ocrx_word' id='word_1_432' title='bbox 851 1315 968 1342; x_wconf 85' lang='lat' dir='ltr'><strong>transitu</strong></span> <span class='ocrx_word' id='word_1_433' title='bbox 982 1314 1072 1342; x_wconf 81' lang='lat' dir='ltr'><strong>facile.</strong></span> 
     </span>
    </p>
   </div>
   <div class='ocr_carea' id='block_1_57' title="bbox 888 1399 1639 1437">
    <p class='ocr_par' dir='ltr' id='par_1_57' title="bbox 888 1399 1639 1437">
     <span class='ocr_line' id='line_1_57' title="bbox 888 1399 1639 1437; baseline 0 -9"><span class='ocrx_word' id='word_1_434' title='bbox 888 1399 944 1428; x_wconf 71' lang='lat' dir='ltr'><strong>VII.</strong></span> <span class='ocrx_word' id='word_1_435' title='bbox 963 1399 1020 1429; x_wconf 79' lang='lat' dir='ltr'><strong>Hoc</strong></span> <span class='ocrx_word' id='word_1_436' title='bbox 1041 1401 1126 1437; x_wconf 89' lang='lat' dir='ltr'><strong>igitur</strong></span> <span class='ocrx_word' id='word_1_437' title='bbox 1140 1401 1178 1429; x_wconf 87' lang='lat' dir='ltr'><strong>ita</strong></span> <span class='ocrx_word' id='word_1_438' title='bbox 1193 1401 1278 1436; x_wconf 78' lang='lat' dir='ltr'><strong>facta,</strong></span> <span class='ocrx_word' id='word_1_439' title='bbox 1294 1401 1386 1429; x_wconf 85' lang='lat' dir='ltr'><strong>cuncti</strong></span> <span class='ocrx_word' id='word_1_440' title='bbox 1407 1401 1480 1436; x_wconf 87' lang='lat' dir='ltr'><strong>apud</strong></span> <span class='ocrx_word' id='word_1_441' title='bbox 1501 1409 1551 1429; x_wconf 92' lang='lat' dir='ltr'><strong>nos</strong></span> <span class='ocrx_word' id='word_1_442' title='bbox 1573 1401 1639 1428; x_wconf 91' lang='lat' dir='ltr'><strong>reli-</strong></span> 
     </span>
    </p>
   </div>
   <div class='ocr_carea' id='block_1_58' title="bbox 853 1447 1638 1483">
    <p class='ocr_par' dir='ltr' id='par_1_58' title="bbox 853 1447 1638 1483">
     <span class='ocr_line' id='line_1_58' title="bbox 853 1447 1638 1483; baseline 0 -9"><span class='ocrx_word' id='word_1_443' title='bbox 853 1447 921 1482; x_wconf 87' lang='lat' dir='ltr'><strong>giosi</strong></span> <span class='ocrx_word' id='word_1_444' title='bbox 939 1447 1035 1475; x_wconf 72' lang='lat' dir='ltr'><strong>incola:</strong></span> <span class='ocrx_word' id='word_1_445' title='bbox 1051 1449 1172 1483; x_wconf 83' lang='lat' dir='ltr'><strong>regionis</strong></span> <span class='ocrx_word' id='word_1_446' title='bbox 1187 1453 1214 1476; x_wconf 89' lang='lat' dir='ltr'><strong>et</strong></span> <span class='ocrx_word' id='word_1_447' title='bbox 1229 1449 1303 1477; x_wconf 85' lang='lat' dir='ltr'><strong>cives</strong></span> <span class='ocrx_word' id='word_1_448' title='bbox 1315 1448 1476 1480; x_wconf 76' lang='lat' dir='ltr'><strong>Cliersonis,</strong></span> <span class='ocrx_word' id='word_1_449' title='bbox 1490 1448 1582 1475; x_wconf 87' lang='lat' dir='ltr'><strong>audita</strong></span> <span class='ocrx_word' id='word_1_450' title='bbox 1598 1455 1638 1480; x_wconf 87' lang='lat' dir='ltr'><strong>re,</strong></span> 
     </span>
    </p>
   </div>
   <div class='ocr_carea' id='block_1_59' title="bbox 853 1491 1639 1528">
    <p class='ocr_par' dir='ltr' id='par_1_59' title="bbox 853 1491 1639 1528">
     <span class='ocr_line' id='line_1_59' title="bbox 853 1491 1639 1528; baseline -0.001 -9"><span class='ocrx_word' id='word_1_451' title='bbox 853 1492 888 1520; x_wconf 84' lang='lat' dir='ltr'><strong>ad</strong></span> <span class='ocrx_word' id='word_1_452' title='bbox 904 1492 1050 1520; x_wconf 76' lang='lat' dir='ltr'><strong>videndum</strong></span> <span class='ocrx_word' id='word_1_453' title='bbox 1068 1493 1231 1520; x_wconf 85' lang='lat' dir='ltr'><strong>miraculum</strong></span> <span class='ocrx_word' id='word_1_454' title='bbox 1247 1496 1438 1528; x_wconf 82' lang='lat' dir='ltr'><strong>properarunt.</strong></span> <span class='ocrx_word' id='word_1_455' title='bbox 1454 1492 1523 1518; x_wconf 88' lang='lat' dir='ltr'><strong>Cum</strong></span> <span class='ocrx_word' id='word_1_456' title='bbox 1538 1491 1639 1526; x_wconf 84' lang='lat' dir='ltr'><strong>quibus</strong></span> 
     </span>
    </p>
   </div>
   <div class='ocr_carea' id='block_1_60' title="bbox 34 1536 938 1579">
    <p class='ocr_par' dir='ltr' id='par_1_60' title="bbox 34 1536 936 1579">
     <span class='ocr_line' id='line_1_60' title="bbox 34 1536 936 1579; baseline 0.002 -15"><span class='ocrx_word' id='word_1_457' title='bbox 34 1539 168 1574; x_wconf 73' lang='grc' dir='ltr'>ἠπείγοντο.</span> <span class='ocrx_word' id='word_1_458' title='bbox 184 1540 253 1567; x_wconf 79' lang='grc' dir='ltr'>Μεθ’</span> <span class='ocrx_word' id='word_1_459' title='bbox 266 1536 304 1566; x_wconf 82' lang='grc' dir='ltr'><strong>ὧν</strong></span> <span class='ocrx_word' id='word_1_460' title='bbox 316 1539 362 1565; x_wconf 83' lang='grc' dir='ltr'><strong>καί</strong></span> <span class='ocrx_word' id='word_1_461' title='bbox 378 1548 419 1571; x_wconf 91' lang='grc' dir='ltr'><strong>τις</strong></span> <span class='ocrx_word' id='word_1_462' title='bbox 432 1538 501 1574; x_wconf 81' lang='grc' dir='ltr'>ἀνὴρ</span> <span class='ocrx_word' id='word_1_463' title='bbox 513 1538 626 1574; x_wconf 80' lang='grc' dir='ltr'>εὐσεϐὴς</span> <span class='ocrx_word' id='word_1_464' title='bbox 639 1539 686 1564; x_wconf 74' lang='grc' dir='ltr'>σὺν</span> <span class='ocrx_word' id='word_1_465' title='bbox 698 1538 804 1565; x_wconf 74' lang='grc' dir='ltr'>εὐσεϐεῖ</span> <span class='ocrx_word' id='word_1_466' title='bbox 816 1550 838 1579; x_wconf 72' lang='lat' dir='ltr'><strong>c</strong></span> <span class='ocrx_word' id='word_1_467' title='bbox 854 1539 936 1574; x_wconf 85' lang='lat' dir='ltr'><strong>qtlida</strong></span> 
     </span>
    </p>
   </div>
   <div class='ocr_carea' id='block_1_61' title="bbox 736 1536 1640 1579">
    <p class='ocr_par' dir='ltr' id='par_1_61' title="bbox 736 1537 1640 1579">
     <span class='ocr_line' id='line_1_61' title="bbox 736 1537 1640 1579; baseline 0 -15"><span class='ocrx_word' id='word_1_468' title='bbox 736 1538 838 1579; x_wconf 69' lang='grc' dir='ltr'>τεϐεϊα</span> <span class='ocrx_word' id='word_1_469' title='bbox 854 1539 965 1574; x_wconf 87' lang='lat' dir='ltr'><strong>quidam</strong></span> <span class='ocrx_word' id='word_1_470' title='bbox 989 1546 1098 1573; x_wconf 82' lang='lat' dir='ltr'><strong>quoque</strong></span> <span class='ocrx_word' id='word_1_471' title='bbox 1120 1539 1164 1565; x_wconf 88' lang='lat' dir='ltr'><strong>vir</strong></span> <span class='ocrx_word' id='word_1_472' title='bbox 1183 1538 1244 1573; x_wconf 89' lang='lat' dir='ltr'><strong>pius</strong></span> <span class='ocrx_word' id='word_1_473' title='bbox 1271 1545 1324 1565; x_wconf 90' lang='lat' dir='ltr'><strong>una</strong></span> <span class='ocrx_word' id='word_1_474' title='bbox 1349 1544 1411 1564; x_wconf 88' lang='lat' dir='ltr'><strong>cum</strong></span> <span class='ocrx_word' id='word_1_475' title='bbox 1437 1537 1481 1572; x_wconf 91' lang='lat' dir='ltr'><strong>pia</strong></span> <span class='ocrx_word' id='word_1_476' title='bbox 1505 1544 1590 1563; x_wconf 78' lang='lat' dir='ltr'><strong>uxore</strong></span> <span class='ocrx_word' id='word_1_477' title='bbox 1613 1541 1640 1564; x_wconf 88' lang='lat' dir='ltr'><strong>et</strong></span> 
     </span>
    </p>
   </div>
   <div class='ocr_carea' id='block_1_62' title="bbox 34 1583 803 1620">
    <p class='ocr_par' dir='ltr' id='par_1_62' title="bbox 34 1583 803 1620">
     <span class='ocr_line' id='line_1_62' title="bbox 34 1583 803 1620; baseline 0 -10"><span class='ocrx_word' id='word_1_478' title='bbox 34 1586 126 1617; x_wconf 75' lang='grc' dir='ltr'>γυναικὶ</span> <span class='ocrx_word' id='word_1_479' title='bbox 147 1586 192 1612; x_wconf 73' lang='grc' dir='ltr'>καὶ</span> <span class='ocrx_word' id='word_1_480' title='bbox 214 1585 303 1620; x_wconf 84' lang='grc' dir='ltr'>τέκνῳ</span> <span class='ocrx_word' id='word_1_481' title='bbox 324 1584 418 1620; x_wconf 71' lang='grc' dir='ltr'>ἄρρενι</span> <span class='ocrx_word' id='word_1_482' title='bbox 438 1584 487 1620; x_wconf 83' lang='grc' dir='ltr'><strong>τὴν</strong></span> <span class='ocrx_word' id='word_1_483' title='bbox 502 1583 549 1610; x_wconf 75' lang='grc' dir='ltr'><strong>ἐπὶ</strong></span> <span class='ocrx_word' id='word_1_484' title='bbox 567 1583 612 1610; x_wconf 78' lang='grc' dir='ltr'>τὸν</span> <span class='ocrx_word' id='word_1_485' title='bbox 627 1583 706 1618; x_wconf 84' lang='grc' dir='ltr'>ἁγίου</span> <span class='ocrx_word' id='word_1_486' title='bbox 730 1584 803 1619; x_wconf 85' lang='grc' dir='ltr'>ίερο-</span> 
     </span>
    </p>
   </div>
   <div class='ocr_carea' id='block_1_63' title="bbox 37 1627 805 1666">
    <p class='ocr_par' dir='ltr' id='par_1_63' title="bbox 37 1627 805 1666">
     <span class='ocr_line' id='line_1_63' title="bbox 37 1627 805 1666; baseline -0.004 -9"><span class='ocrx_word' id='word_1_487' title='bbox 37 1630 155 1666; x_wconf 68' lang='grc' dir='ltr'>μάρτυρος</span> <span class='ocrx_word' id='word_1_488' title='bbox 181 1630 249 1665; x_wconf 45' lang='grc' dir='ltr'>ναὸν,</span> <span class='ocrx_word' id='word_1_489' title='bbox 273 1630 379 1666; x_wconf 79' lang='grc' dir='ltr'>διήνυον</span> <span class='ocrx_word' id='word_1_490' title='bbox 400 1628 459 1660; x_wconf 74' lang='grc' dir='ltr'>ὁδὸν</span> <span class='ocrx_word' id='word_1_491' title='bbox 480 1627 683 1664; x_wconf 71' lang='grc' dir='ltr'>προθυμότατα,</span> <span class='ocrx_word' id='word_1_492' title='bbox 704 1628 759 1655; x_wconf 74' lang='grc' dir='ltr'><strong>Καὶ</strong></span> <span class='ocrx_word' id='word_1_493' title='bbox 772 1627 805 1664; x_wconf 79' lang='grc' dir='ltr'>δὴ</span> 
     </span>
    </p>
   </div>
   <div class='ocr_carea' id='block_1_64' title="bbox 34 1673 806 1710">
    <p class='ocr_par' dir='ltr' id='par_1_64' title="bbox 34 1673 806 1710">
     <span class='ocr_line' id='line_1_64' title="bbox 34 1673 806 1710; baseline 0 -10"><span class='ocrx_word' id='word_1_494' title='bbox 34 1675 71 1701; x_wconf 65' lang='grc' dir='ltr'>τὸν</span> <span class='ocrx_word' id='word_1_495' title='bbox 80 1676 154 1703; x_wconf 81' lang='grc' dir='ltr'>τόπον</span> <span class='ocrx_word' id='word_1_496' title='bbox 171 1675 382 1708; x_wconf 83' lang='grc' dir='ltr'>καταλαϐόντες,</span> <span class='ocrx_word' id='word_1_497' title='bbox 397 1675 443 1702; x_wconf 74' lang='grc' dir='ltr'>καὶ</span> <span class='ocrx_word' id='word_1_498' title='bbox 463 1674 493 1702; x_wconf 82' lang='grc' dir='ltr'>τὸ</span> <span class='ocrx_word' id='word_1_499' title='bbox 513 1673 605 1710; x_wconf 82' lang='grc' dir='ltr'>θαῦμα</span> <span class='ocrx_word' id='word_1_500' title='bbox 618 1673 700 1700; x_wconf 78' lang='grc' dir='ltr'>εἰσέτι</span> <span class='ocrx_word' id='word_1_501' title='bbox 713 1673 806 1700; x_wconf 90' lang='grc' dir='ltr'>τελού-</span> 
     </span>
    </p>
   </div>
   <div class='ocr_carea' id='block_1_65' title="bbox 36 1717 805 1757">
    <p class='ocr_par' dir='ltr' id='par_1_65' title="bbox 36 1717 805 1757">
     <span class='ocr_line' id='line_1_65' title="bbox 36 1717 805 1757; baseline -0.005 -10"><span class='ocrx_word' id='word_1_502' title='bbox 36 1729 101 1754; x_wconf 83' lang='grc' dir='ltr'>μενον</span> <span class='ocrx_word' id='word_1_503' title='bbox 113 1721 286 1757; x_wconf 82' lang='grc' dir='ltr'>θεασάμενοι,</span> <span class='ocrx_word' id='word_1_504' title='bbox 299 1722 332 1757; x_wconf 84' lang='grc' dir='ltr'>τῇ</span> <span class='ocrx_word' id='word_1_505' title='bbox 346 1720 419 1756; x_wconf 70' lang='grc' dir='ltr'>χειρὶ</span> <span class='ocrx_word' id='word_1_506' title='bbox 438 1719 484 1746; x_wconf 81' lang='grc' dir='ltr'>τὸν</span> <span class='ocrx_word' id='word_1_507' title='bbox 498 1718 580 1745; x_wconf 87' lang='grc' dir='ltr'>παῖδα</span> <span class='ocrx_word' id='word_1_508' title='bbox 594 1718 748 1753; x_wconf 82' lang='grc' dir='ltr'>λαϐόμενοι,</span> <span class='ocrx_word' id='word_1_509' title='bbox 764 1717 805 1749; x_wconf 78' lang='grc' dir='ltr'>εἰς</span> 
     </span>
    </p>
   </div>
   <div class='ocr_carea' id='block_1_66' title="bbox 33 1763 804 1804">
    <p class='ocr_par' dir='ltr' id='par_1_66' title="bbox 33 1763 804 1804">
     <span class='ocr_line' id='line_1_66' title="bbox 33 1763 804 1804; baseline -0.003 -12"><span class='ocrx_word' id='word_1_510' title='bbox 33 1767 70 1792; x_wconf 69' lang='grc' dir='ltr'>τὸν</span> <span class='ocrx_word' id='word_1_511' title='bbox 84 1767 110 1794; x_wconf 72' lang='grc' dir='ltr'>ἐν</span> <span class='ocrx_word' id='word_1_512' title='bbox 128 1768 165 1804; x_wconf 83' lang='grc' dir='ltr'>τῷ</span> <span class='ocrx_word' id='word_1_513' title='bbox 188 1767 262 1803; x_wconf 83' lang='grc' dir='ltr'><strong>βυθῷ</strong></span> <span class='ocrx_word' id='word_1_514' title='bbox 287 1767 432 1802; x_wconf 83' lang='grc' dir='ltr'>θεόδμητον</span> <span class='ocrx_word' id='word_1_515' title='bbox 451 1766 553 1792; x_wconf 73' lang='grc' dir='ltr'>ἐκεῖνον</span> <span class='ocrx_word' id='word_1_516' title='bbox 567 1763 630 1791; x_wconf 85' lang='grc' dir='ltr'>ναδν</span> <span class='ocrx_word' id='word_1_517' title='bbox 657 1764 784 1800; x_wconf 75' lang='grc' dir='ltr'>εἰσῄεσαν</span> <span class='ocrx_word' id='word_1_518' title='bbox 795 1771 804 1780; x_wconf 77' lang='grc' dir='ltr'><strong>ο</strong></span> 
     </span>
    </p>
   </div>
   <div class='ocr_carea' id='block_1_67' title="bbox 35 1809 806 1850">
    <p class='ocr_par' dir='ltr' id='par_1_67' title="bbox 35 1809 806 1850">
     <span class='ocr_line' id='line_1_67' title="bbox 35 1809 806 1850; baseline -0.004 -11"><span class='ocrx_word' id='word_1_519' title='bbox 35 1814 72 1840; x_wconf 78' lang='grc' dir='ltr'><strong>καὶ</strong></span> <span class='ocrx_word' id='word_1_520' title='bbox 83 1815 112 1850; x_wconf 78' lang='grc' dir='ltr'>τῇ</span> <span class='ocrx_word' id='word_1_521' title='bbox 133 1814 201 1850; x_wconf 84' lang='grc' dir='ltr'>σορῷ</span> <span class='ocrx_word' id='word_1_522' title='bbox 223 1813 425 1850; x_wconf 78' lang='grc' dir='ltr'>παραστάντες,</span> <span class='ocrx_word' id='word_1_523' title='bbox 447 1811 578 1843; x_wconf 84' lang='grc' dir='ltr'>ἱκετικῶς</span> <span class='ocrx_word' id='word_1_524' title='bbox 590 1809 642 1837; x_wconf 75' lang='grc' dir='ltr'><strong>τὸν</strong></span> <span class='ocrx_word' id='word_1_525' title='bbox 659 1810 736 1845; x_wconf 74' lang='grc' dir='ltr'>ἅγιον</span> <span class='ocrx_word' id='word_1_526' title='bbox 751 1810 806 1837; x_wconf 78' lang='grc' dir='ltr'>ἑλι-</span> 
     </span>
    </p>
   </div>
   <div class='ocr_carea' id='block_1_68' title="bbox 34 1855 806 1896">
    <p class='ocr_par' dir='ltr' id='par_1_68' title="bbox 34 1855 806 1896">
     <span class='ocr_line' id='line_1_68' title="bbox 34 1855 806 1896; baseline -0.003 -13"><span class='ocrx_word' id='word_1_527' title='bbox 34 1859 137 1891; x_wconf 76' lang='grc' dir='ltr'>τάνευον,</span> <span class='ocrx_word' id='word_1_528' title='bbox 155 1859 364 1896; x_wconf 79' lang='grc' dir='ltr'>ἁμαρτημάτων</span> <span class='ocrx_word' id='word_1_529' title='bbox 379 1857 551 1893; x_wconf 84' lang='grc' dir='ltr'>συγχώρησιν</span> <span class='ocrx_word' id='word_1_530' title='bbox 563 1856 596 1883; x_wconf 86' lang='grc' dir='ltr'><strong>δι’</strong></span> <span class='ocrx_word' id='word_1_531' title='bbox 614 1855 696 1883; x_wconf 79' lang='grc' dir='ltr'>αὑτοῦ</span> <span class='ocrx_word' id='word_1_532' title='bbox 713 1855 806 1882; x_wconf 77' lang='grc' dir='ltr'>λαϐεῖν</span> 
     </span>
    </p>
   </div>
   <div class='ocr_carea' id='block_1_69' title="bbox 33 1901 806 1942">
    <p class='ocr_par' dir='ltr' id='par_1_69' title="bbox 33 1901 806 1942">
     <span class='ocr_line' id='line_1_69' title="bbox 33 1901 806 1942; baseline -0.004 -12"><span class='ocrx_word' id='word_1_533' title='bbox 33 1904 210 1942; x_wconf 77' lang='grc' dir='ltr'>ἐξαιτούμενοι,</span> <span class='ocrx_word' id='word_1_534' title='bbox 233 1905 285 1933; x_wconf 70' lang='grc' dir='ltr'><strong>καὶ</strong></span> <span class='ocrx_word' id='word_1_535' title='bbox 304 1904 345 1940; x_wconf 87' lang='grc' dir='ltr'>τῷ</span> <span class='ocrx_word' id='word_1_536' title='bbox 357 1904 432 1931; x_wconf 75' lang='grc' dir='ltr'>παιδὶ</span> <span class='ocrx_word' id='word_1_537' title='bbox 455 1903 566 1938; x_wconf 84' lang='grc' dir='ltr'>δοθῆναι</span> <span class='ocrx_word' id='word_1_538' title='bbox 589 1902 710 1937; x_wconf 86' lang='grc' dir='ltr'>δεόμενοι</span> <span class='ocrx_word' id='word_1_539' title='bbox 733 1901 806 1937; x_wconf 81' lang='grc' dir='ltr'>ζωὴν</span> 
     </span>
    </p>
   </div>
   <div class='ocr_carea' id='block_1_70' title="bbox 36 1946 807 1987">
    <p class='ocr_par' dir='ltr' id='par_1_70' title="bbox 36 1946 807 1987">
     <span class='ocr_line' id='line_1_70' title="bbox 36 1946 807 1987; baseline -0.003 -10"><span class='ocrx_word' id='word_1_540' title='bbox 36 1952 127 1987; x_wconf 75' lang='grc' dir='ltr'>μακρὰν</span> <span class='ocrx_word' id='word_1_541' title='bbox 139 1952 185 1979; x_wconf 77' lang='grc' dir='ltr'><strong>καὶ</strong></span> <span class='ocrx_word' id='word_1_542' title='bbox 193 1952 333 1987; x_wconf 83' lang='grc' dir='ltr'>ἀπήμονα,</span> <span class='ocrx_word' id='word_1_543' title='bbox 344 1950 400 1986; x_wconf 85' lang='grc' dir='ltr'>βίου</span> <span class='ocrx_word' id='word_1_544' title='bbox 412 1959 442 1977; x_wconf 87' lang='grc' dir='ltr'><strong>τε</strong></span> <span class='ocrx_word' id='word_1_545' title='bbox 453 1949 611 1986; x_wconf 81' lang='grc' dir='ltr'>εὐμάρειαν,</span> <span class='ocrx_word' id='word_1_546' title='bbox 624 1949 671 1976; x_wconf 70' lang='grc' dir='ltr'><strong>καὶ</strong></span> <span class='ocrx_word' id='word_1_547' title='bbox 681 1946 724 1976; x_wconf 78' lang='grc' dir='ltr'><strong>οἶα</strong></span> <span class='ocrx_word' id='word_1_548' title='bbox 734 1948 807 1980; x_wconf 78' lang='grc' dir='ltr'>εἰκὸς</span> 
     </span>
    </p>
   </div>
   <div class='ocr_carea' id='block_1_71' title="bbox 34 1996 577 2034">
    <p class='ocr_par' dir='ltr' id='par_1_71' title="bbox 34 1996 577 2034">
     <span class='ocr_line' id='line_1_71' title="bbox 34 1996 577 2034; baseline -0.002 -10"><span class='ocrx_word' id='word_1_549' title='bbox 34 1999 108 2030; x_wconf 82' lang='grc' dir='ltr'>γονεῖς</span> <span class='ocrx_word' id='word_1_550' title='bbox 120 1998 165 2024; x_wconf 76' lang='grc' dir='ltr'><strong>ἐπὶ</strong></span> <span class='ocrx_word' id='word_1_551' title='bbox 178 1998 268 2034; x_wconf 83' lang='grc' dir='ltr'>τέκνῳ</span> <span class='ocrx_word' id='word_1_552' title='bbox 283 1996 416 2024; x_wconf 81' lang='grc' dir='ltr'>αἰτεῖσθαι</span> <span class='ocrx_word' id='word_1_553' title='bbox 430 1996 577 2032; x_wconf 87' lang='grc' dir='ltr'>μονογενεῖ.</span> 
     </span>
    </p>
   </div>
   <div class='ocr_carea' id='block_1_72' title="bbox 62 2080 807 2121">
    <p class='ocr_par' dir='ltr' id='par_1_72' title="bbox 62 2080 807 2121">
     <span class='ocr_line' id='line_1_72' title="bbox 62 2080 807 2121; baseline -0.005 -9"><span class='ocrx_word' id='word_1_554' title='bbox 62 2085 122 2114; x_wconf 75' lang='lat' dir='ltr'><strong>Vill.</strong></span> <span class='ocrx_word' id='word_1_555' title='bbox 141 2087 185 2119; x_wconf 87' lang='grc' dir='ltr'>Ὦς</span> <span class='ocrx_word' id='word_1_556' title='bbox 204 2083 253 2114; x_wconf 72' lang='grc' dir='ltr'>οὖν</span> <span class='ocrx_word' id='word_1_557' title='bbox 280 2085 331 2121; x_wconf 85' lang='grc' dir='ltr'>τὴν</span> <span class='ocrx_word' id='word_1_558' title='bbox 351 2084 435 2120; x_wconf 81' lang='grc' dir='ltr'>εὐχὴν</span> <span class='ocrx_word' id='word_1_559' title='bbox 455 2082 626 2114; x_wconf 78' lang='grc' dir='ltr'>τετελέκασι,</span> <span class='ocrx_word' id='word_1_560' title='bbox 647 2083 695 2109; x_wconf 82' lang='grc' dir='ltr'>καὶ</span> <span class='ocrx_word' id='word_1_561' title='bbox 716 2082 747 2109; x_wconf 80' lang='grc' dir='ltr'>τὸ</span> <span class='ocrx_word' id='word_1_562' title='bbox 758 2080 807 2108; x_wconf 80' lang='grc' dir='ltr'>τοῦ</span> 
     </span>
    </p>
   </div>
   <div class='ocr_carea' id='block_1_73' title="bbox 34 2127 808 2167">
    <p class='ocr_par' dir='ltr' id='par_1_73' title="bbox 34 2127 808 2167">
     <span class='ocr_line' id='line_1_73' title="bbox 34 2127 808 2167; baseline -0.003 -12"><span class='ocrx_word' id='word_1_563' title='bbox 34 2130 99 2163; x_wconf 84' lang='grc' dir='ltr'>ἁγίου</span> <span class='ocrx_word' id='word_1_564' title='bbox 125 2130 338 2167; x_wconf 83' lang='grc' dir='ltr'>κατησπάσαντο</span> <span class='ocrx_word' id='word_1_565' title='bbox 365 2128 500 2163; x_wconf 76' lang='grc' dir='ltr'>λείψανον,</span> <span class='ocrx_word' id='word_1_566' title='bbox 527 2128 567 2159; x_wconf 86' lang='grc' dir='ltr'><strong>είς</strong></span> <span class='ocrx_word' id='word_1_567' title='bbox 581 2127 703 2154; x_wconf 82' lang='grc' dir='ltr'>τούπίσω</span> <span class='ocrx_word' id='word_1_568' title='bbox 727 2127 808 2154; x_wconf 78' lang='grc' dir='ltr'>πάλιν</span> 
     </span>
    </p>
   </div>
   <div class='ocr_carea' id='block_1_74' title="bbox 34 2173 809 2211">
    <p class='ocr_par' dir='ltr' id='par_1_74' title="bbox 34 2173 809 2211">
     <span class='ocr_line' id='line_1_74' title="bbox 34 2173 809 2211; baseline -0.004 -9"><span class='ocrx_word' id='word_1_569' title='bbox 34 2175 140 2211; x_wconf 55' lang='grc' dir='ltr'>ἐῇεσαν.</span> <span class='ocrx_word' id='word_1_570' title='bbox 153 2174 203 2204; x_wconf 80' lang='grc' dir='ltr'>Ὧν</span> <span class='ocrx_word' id='word_1_571' title='bbox 219 2175 391 2210; x_wconf 76' lang='grc' dir='ltr'>ἐξελθόντων,</span> <span class='ocrx_word' id='word_1_572' title='bbox 404 2174 435 2202; x_wconf 81' lang='grc' dir='ltr'><strong>τδ</strong></span> <span class='ocrx_word' id='word_1_573' title='bbox 451 2174 522 2210; x_wconf 80' lang='grc' dir='ltr'>ὕδωρ</span> <span class='ocrx_word' id='word_1_574' title='bbox 535 2173 616 2200; x_wconf 77' lang='grc' dir='ltr'>πάλιν</span> <span class='ocrx_word' id='word_1_575' title='bbox 629 2173 724 2209; x_wconf 80' lang='grc' dir='ltr'>εἰςτὴν</span> <span class='ocrx_word' id='word_1_576' title='bbox 741 2173 809 2200; x_wconf 86' lang='grc' dir='ltr'>ιδίαν</span> 
     </span>
    </p>
   </div>
   <div class='ocr_carea' id='block_1_75' title="bbox 857 1581 1640 1621">
    <p class='ocr_par' dir='ltr' id='par_1_75' title="bbox 857 1581 1640 1621">
     <span class='ocr_line' id='line_1_75' title="bbox 857 1581 1640 1621; baseline -0.006 -9"><span class='ocrx_word' id='word_1_577' title='bbox 857 1585 933 1621; x_wconf 87' lang='lat' dir='ltr'><strong>prole</strong></span> <span class='ocrx_word' id='word_1_578' title='bbox 955 1585 1088 1617; x_wconf 86' lang='lat' dir='ltr'><strong>mascula,</strong></span> <span class='ocrx_word' id='word_1_579' title='bbox 1103 1584 1176 1611; x_wconf 89' lang='lat' dir='ltr'><strong>viam</strong></span> <span class='ocrx_word' id='word_1_580' title='bbox 1190 1583 1224 1610; x_wconf 89' lang='lat' dir='ltr'><strong>ad</strong></span> <span class='ocrx_word' id='word_1_581' title='bbox 1239 1582 1408 1610; x_wconf 88' lang='lat' dir='ltr'><strong>sacrosancti</strong></span> <span class='ocrx_word' id='word_1_582' title='bbox 1424 1581 1554 1616; x_wconf 82' lang='lat' dir='ltr'><strong>martyris</strong></span> <span class='ocrx_word' id='word_1_583' title='bbox 1569 1585 1640 1608; x_wconf 71' lang='lat' dir='ltr'><strong>tem~</strong></span> 
     </span>
    </p>
   </div>
   <div class='ocr_carea' id='block_1_76' title="bbox 856 1625 1641 1666">
    <p class='ocr_par' dir='ltr' id='par_1_76' title="bbox 856 1625 1641 1666">
     <span class='ocr_line' id='line_1_76' title="bbox 856 1625 1641 1666; baseline -0.008 -8"><span class='ocrx_word' id='word_1_584' title='bbox 856 1631 930 1666; x_wconf 92' lang='lat' dir='ltr'><strong>plum</strong></span> <span class='ocrx_word' id='word_1_585' title='bbox 948 1631 1093 1658; x_wconf 87' lang='lat' dir='ltr'><strong>ducentem</strong></span> <span class='ocrx_word' id='word_1_586' title='bbox 1118 1636 1226 1657; x_wconf 89' lang='lat' dir='ltr'><strong>summa</strong></span> <span class='ocrx_word' id='word_1_587' title='bbox 1250 1628 1391 1655; x_wconf 85' lang='lat' dir='ltr'><strong>alacritate</strong></span> <span class='ocrx_word' id='word_1_588' title='bbox 1411 1630 1585 1662; x_wconf 82' lang='lat' dir='ltr'><strong>peregerunt.</strong></span> <span class='ocrx_word' id='word_1_589' title='bbox 1607 1625 1641 1652; x_wconf 83' lang='lat' dir='ltr'><strong>Et</strong></span> 
     </span>
    </p>
   </div>
   <div class='ocr_carea' id='block_1_77' title="bbox 855 1668 1641 1707">
    <p class='ocr_par' dir='ltr' id='par_1_77' title="bbox 855 1668 1641 1707">
     <span class='ocr_line' id='line_1_77' title="bbox 855 1668 1641 1707; baseline -0.009 -2"><span class='ocrx_word' id='word_1_590' title='bbox 855 1685 920 1705; x_wconf 84' lang='lat' dir='ltr'><strong>vero</strong></span> <span class='ocrx_word' id='word_1_591' title='bbox 943 1677 1033 1705; x_wconf 84' lang='lat' dir='ltr'><strong>locum</strong></span> <span class='ocrx_word' id='word_1_592' title='bbox 1059 1675 1190 1707; x_wconf 86' lang='lat' dir='ltr'><strong>assecuti,</strong></span> <span class='ocrx_word' id='word_1_593' title='bbox 1214 1678 1241 1702; x_wconf 84' lang='lat' dir='ltr'><strong>et</strong></span> <span class='ocrx_word' id='word_1_594' title='bbox 1266 1673 1429 1701; x_wconf 83' lang='lat' dir='ltr'><strong>miraculum</strong></span> <span class='ocrx_word' id='word_1_595' title='bbox 1455 1672 1528 1707; x_wconf 89' lang='lat' dir='ltr'><strong>quod</strong></span> <span class='ocrx_word' id='word_1_596' title='bbox 1550 1668 1641 1699; x_wconf 83' lang='lat' dir='ltr'><strong>adhuc</strong></span> 
     </span>
    </p>
   </div>
   <div class='ocr_carea' id='block_1_78' title="bbox 855 1717 1641 1756">
    <p class='ocr_par' dir='ltr' id='par_1_78' title="bbox 855 1717 1641 1756">
     <span class='ocr_line' id='line_1_78' title="bbox 855 1717 1641 1756; baseline -0.009 -6"><span class='ocrx_word' id='word_1_597' title='bbox 855 1722 947 1755; x_wconf 84' lang='lat' dir='ltr'><strong>ﬁebat,</strong></span> <span class='ocrx_word' id='word_1_598' title='bbox 973 1721 1083 1754; x_wconf 87' lang='lat' dir='ltr'><strong>intuiti,</strong></span> <span class='ocrx_word' id='word_1_599' title='bbox 1109 1728 1224 1756; x_wconf 87' lang='lat' dir='ltr'><strong>puerum</strong></span> <span class='ocrx_word' id='word_1_600' title='bbox 1249 1727 1333 1747; x_wconf 89' lang='lat' dir='ltr'><strong>manu</strong></span> <span class='ocrx_word' id='word_1_601' title='bbox 1358 1718 1569 1753; x_wconf 83' lang='lat' dir='ltr'><strong>prebendentes,</strong></span> <span class='ocrx_word' id='word_1_602' title='bbox 1596 1717 1641 1747; x_wconf 77' lang='lat' dir='ltr'><strong>in,-</strong></span> 
     </span>
    </p>
   </div>
   <div class='ocr_carea' id='block_1_79' title="bbox 856 1762 1640 1804">
    <p class='ocr_par' dir='ltr' id='par_1_79' title="bbox 856 1762 1640 1804">
     <span class='ocr_line' id='line_1_79' title="bbox 856 1762 1640 1804; baseline -0.011 -8"><span class='ocrx_word' id='word_1_603' title='bbox 856 1767 942 1804; x_wconf 83' lang='lat' dir='ltr'><strong>gressi</strong></span> <span class='ocrx_word' id='word_1_604' title='bbox 958 1771 1021 1795; x_wconf 86' lang='lat' dir='ltr'><strong>sunt</strong></span> <span class='ocrx_word' id='word_1_605' title='bbox 1042 1766 1109 1794; x_wconf 93' lang='lat' dir='ltr'><strong>illud</strong></span> <span class='ocrx_word' id='word_1_606' title='bbox 1126 1765 1152 1792; x_wconf 91' lang='lat' dir='ltr'><strong>in</strong></span> <span class='ocrx_word' id='word_1_607' title='bbox 1172 1764 1311 1800; x_wconf 79' lang='lat' dir='ltr'><strong>profundo</strong></span> <span class='ocrx_word' id='word_1_608' title='bbox 1331 1763 1463 1790; x_wconf 84' lang='lat' dir='ltr'><strong>divinitus</strong></span> <span class='ocrx_word' id='word_1_609' title='bbox 1477 1762 1640 1790; x_wconf 57' lang='lat' dir='ltr'><strong>aediﬁcatum</strong></span> 
     </span>
    </p>
   </div>
   <div class='ocr_carea' id='block_1_80' title="bbox 857 1808 1642 1849">
    <p class='ocr_par' dir='ltr' id='par_1_80' title="bbox 857 1808 1642 1849">
     <span class='ocr_line' id='line_1_80' title="bbox 857 1808 1642 1849; baseline -0.011 -7"><span class='ocrx_word' id='word_1_610' title='bbox 857 1814 986 1849; x_wconf 87' lang='lat' dir='ltr'><strong>templum</strong></span> <span class='ocrx_word' id='word_1_611' title='bbox 1001 1822 1008 1840; x_wconf 86' lang='lat'><strong>:</strong></span> <span class='ocrx_word' id='word_1_612' title='bbox 1023 1816 1104 1848; x_wconf 85' lang='lat' dir='ltr'><strong>atque</strong></span> <span class='ocrx_word' id='word_1_613' title='bbox 1117 1812 1150 1839; x_wconf 90' lang='lat' dir='ltr'><strong>ad</strong></span> <span class='ocrx_word' id='word_1_614' title='bbox 1164 1811 1285 1838; x_wconf 91' lang='lat' dir='ltr'><strong>loculum</strong></span> <span class='ocrx_word' id='word_1_615' title='bbox 1300 1809 1468 1841; x_wconf 84' lang='lat' dir='ltr'><strong>accedentes,</strong></span> <span class='ocrx_word' id='word_1_616' title='bbox 1483 1808 1642 1842; x_wconf 84' lang='lat' dir='ltr'><strong>suppliciter</strong></span> 
     </span>
    </p>
   </div>
   <div class='ocr_carea' id='block_1_81' title="bbox 856 1853 1642 1894">
    <p class='ocr_par' dir='ltr' id='par_1_81' title="bbox 856 1853 1642 1894">
     <span class='ocr_line' id='line_1_81' title="bbox 856 1853 1642 1894; baseline -0.011 -6"><span class='ocrx_word' id='word_1_617' title='bbox 856 1866 981 1888; x_wconf 83' lang='lat' dir='ltr'><strong>sanctum</strong></span> <span class='ocrx_word' id='word_1_618' title='bbox 997 1859 1148 1894; x_wconf 88' lang='lat' dir='ltr'><strong>rogabant,</strong></span> <span class='ocrx_word' id='word_1_619' title='bbox 1163 1860 1286 1892; x_wconf 88' lang='lat' dir='ltr'><strong>petentes</strong></span> <span class='ocrx_word' id='word_1_620' title='bbox 1297 1855 1458 1883; x_wconf 88' lang='lat' dir='ltr'><strong>delictorum</strong></span> <span class='ocrx_word' id='word_1_621' title='bbox 1471 1853 1577 1881; x_wconf 79' lang='lat' dir='ltr'><strong>veniant</strong></span> <span class='ocrx_word' id='word_1_622' title='bbox 1593 1860 1642 1887; x_wconf 88' lang='lat' dir='ltr'><strong>per</strong></span> 
     </span>
    </p>
   </div>
   <div class='ocr_carea' id='block_1_82' title="bbox 858 1900 1641 1942">
    <p class='ocr_par' dir='ltr' id='par_1_82' title="bbox 858 1900 1641 1942">
     <span class='ocr_line' id='line_1_82' title="bbox 858 1900 1641 1942; baseline -0.011 -8"><span class='ocrx_word' id='word_1_623' title='bbox 858 1907 947 1942; x_wconf 90' lang='lat' dir='ltr'><strong>ipsum</strong></span> <span class='ocrx_word' id='word_1_624' title='bbox 966 1905 1099 1940; x_wconf 88' lang='lat' dir='ltr'><strong>accipere,</strong></span> <span class='ocrx_word' id='word_1_625' title='bbox 1123 1903 1242 1938; x_wconf 91' lang='lat' dir='ltr'><strong>darique</strong></span> <span class='ocrx_word' id='word_1_626' title='bbox 1262 1902 1433 1938; x_wconf 88' lang='lat' dir='ltr'><strong>postulantes</strong></span> <span class='ocrx_word' id='word_1_627' title='bbox 1457 1908 1542 1935; x_wconf 89' lang='lat' dir='ltr'><strong>puero</strong></span> <span class='ocrx_word' id='word_1_628' title='bbox 1557 1900 1641 1926; x_wconf 78' lang='lat' dir='ltr'><strong>vitam</strong></span> 
     </span>
    </p>
   </div>
   <div class='ocr_carea' id='block_1_83' title="bbox 857 1947 1642 1987">
    <p class='ocr_par' dir='ltr' id='par_1_83' title="bbox 857 1947 1642 1987">
     <span class='ocr_line' id='line_1_83' title="bbox 857 1947 1642 1987; baseline -0.011 -8"><span class='ocrx_word' id='word_1_629' title='bbox 857 1953 967 1987; x_wconf 85' lang='lat' dir='ltr'><strong>longam</strong></span> <span class='ocrx_word' id='word_1_630' title='bbox 980 1956 1007 1978; x_wconf 90' lang='lat' dir='ltr'><strong>et</strong></span> <span class='ocrx_word' id='word_1_631' title='bbox 1028 1950 1152 1982; x_wconf 71' lang='lat' dir='ltr'><strong>illaesam,</strong></span> <span class='ocrx_word' id='word_1_632' title='bbox 1170 1956 1233 1976; x_wconf 90' lang='lat' dir='ltr'><strong>cum</strong></span> <span class='ocrx_word' id='word_1_633' title='bbox 1253 1947 1326 1975; x_wconf 75' lang='lat' dir='ltr'><strong>facili</strong></span> <span class='ocrx_word' id='word_1_634' title='bbox 1348 1954 1439 1974; x_wconf 88' lang='lat' dir='ltr'><strong>rerum</strong></span> <span class='ocrx_word' id='word_1_635' title='bbox 1457 1949 1600 1980; x_wconf 84' lang='lat' dir='ltr'><strong>apparatu,</strong></span> <span class='ocrx_word' id='word_1_636' title='bbox 1614 1948 1642 1971; x_wconf 85' lang='lat' dir='ltr'><strong>et</strong></span> 
     </span>
    </p>
   </div>
   <div class='ocr_carea' id='block_1_84' title="bbox 857 1991 1643 2034">
    <p class='ocr_par' dir='ltr' id='par_1_84' title="bbox 857 1991 1643 2034">
     <span class='ocr_line' id='line_1_84' title="bbox 857 1991 1643 2034; baseline -0.011 -8"><span class='ocrx_word' id='word_1_637' title='bbox 857 2005 919 2034; x_wconf 78' lang='lat' dir='ltr'><strong>quze</strong></span> <span class='ocrx_word' id='word_1_638' title='bbox 944 2002 1159 2026; x_wconf 87' lang='lat' dir='ltr'><strong>consentaneum</strong></span> <span class='ocrx_word' id='word_1_639' title='bbox 1183 1999 1226 2023; x_wconf 89' lang='lat' dir='ltr'><strong>est</strong></span> <span class='ocrx_word' id='word_1_640' title='bbox 1248 1999 1340 2030; x_wconf 88' lang='lat' dir='ltr'><strong>petere</strong></span> <span class='ocrx_word' id='word_1_641' title='bbox 1362 1997 1490 2028; x_wconf 87' lang='lat' dir='ltr'><strong>parentes</strong></span> <span class='ocrx_word' id='word_1_642' title='bbox 1515 1999 1564 2027; x_wconf 91' lang='lat' dir='ltr'><strong>pro</strong></span> <span class='ocrx_word' id='word_1_643' title='bbox 1586 1991 1643 2018; x_wconf 84' lang='lat' dir='ltr'><strong>tilio</strong></span> 
     </span>
    </p>
   </div>
   <div class='ocr_carea' id='block_1_85' title="bbox 859 2045 951 2072">
    <p class='ocr_par' dir='ltr' id='par_1_85' title="bbox 859 2045 951 2072">
     <span class='ocr_line' id='line_1_85' title="bbox 859 2045 951 2072; baseline -0.011 0"><span class='ocrx_word' id='word_1_644' title='bbox 859 2045 951 2072; x_wconf 89' lang='lat' dir='ltr'><strong>unico.</strong></span> 
     </span>
    </p>
   </div>
   <div class='ocr_carea' id='block_1_86' title="bbox 897 2083 1645 2124">
    <p class='ocr_par' dir='ltr' id='par_1_86' title="bbox 897 2083 1645 2124">
     <span class='ocr_line' id='line_1_86' title="bbox 897 2083 1645 2124; baseline -0.011 -6"><span class='ocrx_word' id='word_1_645' title='bbox 897 2091 965 2118; x_wconf 87' lang='lat' dir='ltr'><strong>Vill.</strong></span> <span class='ocrx_word' id='word_1_646' title='bbox 978 2089 1015 2117; x_wconf 89' lang='lat' dir='ltr'><strong>Ut</strong></span> <span class='ocrx_word' id='word_1_647' title='bbox 1032 2097 1097 2124; x_wconf 84' lang='lat' dir='ltr'><strong>ergo</strong></span> <span class='ocrx_word' id='word_1_648' title='bbox 1107 2096 1201 2124; x_wconf 87' lang='lat' dir='ltr'><strong>pleces</strong></span> <span class='ocrx_word' id='word_1_649' title='bbox 1217 2087 1357 2120; x_wconf 85' lang='lat' dir='ltr'><strong>llnierunt,</strong></span> <span class='ocrx_word' id='word_1_650' title='bbox 1369 2089 1397 2113; x_wconf 92' lang='lat' dir='ltr'><strong>et</strong></span> <span class='ocrx_word' id='word_1_651' title='bbox 1405 2084 1493 2112; x_wconf 86' lang='lat' dir='ltr'><strong>sancti</strong></span> <span class='ocrx_word' id='word_1_652' title='bbox 1512 2083 1645 2117; x_wconf 81' lang='lat' dir='ltr'><strong>reliquias</strong></span> 
     </span>
    </p>
   </div>
   <div class='ocr_carea' id='block_1_87' title="bbox 859 2126 1645 2167">
    <p class='ocr_par' dir='ltr' id='par_1_87' title="bbox 859 2126 1645 2167">
     <span class='ocr_line' id='line_1_87' title="bbox 859 2126 1645 2167; baseline -0.013 -3"><span class='ocrx_word' id='word_1_653' title='bbox 859 2135 1012 2165; x_wconf 84' lang='lat' dir='ltr'><strong>exosculati</strong></span> <span class='ocrx_word' id='word_1_654' title='bbox 1028 2132 1107 2167; x_wconf 85' lang='lat' dir='ltr'><strong>sunt,</strong></span> <span class='ocrx_word' id='word_1_655' title='bbox 1120 2138 1272 2161; x_wconf 83' lang='lat' dir='ltr'><strong>retrorsum</strong></span> <span class='ocrx_word' id='word_1_656' title='bbox 1286 2135 1382 2167; x_wconf 83' lang='lat' dir='ltr'><strong>postea</strong></span> <span class='ocrx_word' id='word_1_657' title='bbox 1401 2127 1556 2158; x_wconf 78' lang='lat' dir='ltr'><strong>redierunt.‘</strong></span> <span class='ocrx_word' id='word_1_658' title='bbox 1577 2126 1645 2161; x_wconf 84' lang='lat' dir='ltr'><strong>Qni-</strong></span> 
     </span>
    </p>
   </div>
   <div class='ocr_carea' id='block_1_88' title="bbox 860 2175 1644 2216">
    <p class='ocr_par' dir='ltr' id='par_1_88' title="bbox 860 2175 1644 2216">
     <span class='ocr_line' id='line_1_88' title="bbox 860 2175 1644 2216; baseline -0.013 -7"><span class='ocrx_word' id='word_1_659' title='bbox 860 2182 912 2209; x_wconf 90' lang='lat' dir='ltr'><strong>bus</strong></span> <span class='ocrx_word' id='word_1_660' title='bbox 925 2181 1054 2216; x_wconf 80' lang='lat' dir='ltr'><strong>egressis,</strong></span> <span class='ocrx_word' id='word_1_661' title='bbox 1075 2187 1147 2215; x_wconf 88' lang='lat' dir='ltr'><strong>aqua</strong></span> <span class='ocrx_word' id='word_1_662' title='bbox 1159 2180 1258 2206; x_wconf 90' lang='lat' dir='ltr'><strong>iterum</strong></span> <span class='ocrx_word' id='word_1_663' title='bbox 1272 2178 1306 2205; x_wconf 88' lang='lat' dir='ltr'><strong>ad</strong></span> <span class='ocrx_word' id='word_1_664' title='bbox 1321 2184 1401 2204; x_wconf 88' lang='lat' dir='ltr'><strong>suum</strong></span> <span class='ocrx_word' id='word_1_665' title='bbox 1412 2175 1503 2202; x_wconf 81' lang='lat' dir='ltr'><strong>locutu</strong></span> <span class='ocrx_word' id='word_1_666' title='bbox 1515 2175 1644 2201; x_wconf 84' lang='lat' dir='ltr'><strong>recurrit.</strong></span> 
     </span>
    </p>
   </div>
   <div class='ocr_carea' id='block_1_89' title="bbox 34 2218 938 2259">
    <p class='ocr_par' dir='ltr' id='par_1_89' title="bbox 34 2218 938 2257">
     <span class='ocr_line' id='line_1_89' title="bbox 34 2218 938 2257; baseline -0.001 -12"><span class='ocrx_word' id='word_1_667' title='bbox 34 2220 111 2255; x_wconf 80' lang='grc' dir='ltr'>χώραν</span> <span class='ocrx_word' id='word_1_668' title='bbox 127 2221 290 2257; x_wconf 79' lang='grc' dir='ltr'>ἐπέδραμεν.</span> <span class='ocrx_word' id='word_1_669' title='bbox 306 2220 337 2247; x_wconf 78' lang='lat' dir='ltr'><strong>Ol</strong></span> <span class='ocrx_word' id='word_1_670' title='bbox 353 2219 381 2246; x_wconf 83' lang='grc' dir='ltr'>δὲ</span> <span class='ocrx_word' id='word_1_671' title='bbox 399 2219 649 2256; x_wconf 80' lang='grc' dir='ltr'>μεταστραφέντες,</span> <span class='ocrx_word' id='word_1_672' title='bbox 666 2219 712 2245; x_wconf 60' lang='grc' dir='ltr'><strong>καὶ¹</strong></span> <span class='ocrx_word' id='word_1_673' title='bbox 725 2218 809 2245; x_wconf 82' lang='grc' dir='ltr'>πέλα·</span> <span class='ocrx_word' id='word_1_674' title='bbox 825 2221 846 2249; x_wconf 88' lang='grc' dir='ltr'><strong>Ι)</strong></span> <span class='ocrx_word' id='word_1_675' title='bbox 861 2229 901 2256; x_wconf 70' lang='lat' dir='ltr'><strong>mi</strong></span> <span class='ocrx_word' id='word_1_676' title='bbox 919 2236 938 2255; x_wconf 59' lang='grc' dir='ltr'>ω</span> 
     </span>
    </p>
   </div>
   <div class='ocr_carea' id='block_1_90' title="bbox 737 2218 1641 2259">
    <p class='ocr_par' dir='ltr' id='par_1_90' title="bbox 737 2218 1641 2259">
     <span class='ocr_line' id='line_1_90' title="bbox 737 2218 1641 2259; baseline -0.008 -4"><span class='ocrx_word' id='word_1_677' title='bbox 737 2218 809 2245; x_wconf 61' lang='grc' dir='ltr'>πέλα·</span> <span class='ocrx_word' id='word_1_678' title='bbox 825 2221 846 2249; x_wconf 83' lang='grc' dir='ltr'><strong>Ῐ)</strong></span> <span class='ocrx_word' id='word_1_679' title='bbox 861 2229 901 2256; x_wconf 93' lang='lat' dir='ltr'><strong>llli</strong></span> <span class='ocrx_word' id='word_1_680' title='bbox 919 2232 1008 2255; x_wconf 88' lang='lat' dir='ltr'><strong>autem</strong></span> <span class='ocrx_word' id='word_1_681' title='bbox 1026 2226 1162 2259; x_wconf 82' lang='lat' dir='ltr'><strong>conversi,</strong></span> <span class='ocrx_word' id='word_1_682' title='bbox 1177 2230 1205 2253; x_wconf 89' lang='lat' dir='ltr'><strong>et</strong></span> <span class='ocrx_word' id='word_1_683' title='bbox 1217 2228 1359 2252; x_wconf 83' lang='lat' dir='ltr'><strong>cernentes</strong></span> <span class='ocrx_word' id='word_1_684' title='bbox 1375 2223 1488 2258; x_wconf 87' lang='lat' dir='ltr'><strong>pelagus</strong></span> <span class='ocrx_word' id='word_1_685' title='bbox 1498 2229 1558 2249; x_wconf 85' lang='lat' dir='ltr'><strong>esse</strong></span> <span class='ocrx_word' id='word_1_686' title='bbox 1569 2220 1641 2256; x_wconf 88' lang='lat' dir='ltr'><strong>quod</strong></span> 
     </span>
    </p>
   </div>
   <div class='ocr_carea' id='block_1_91' title="bbox 34 2265 811 2304">
    <p class='ocr_par' dir='ltr' id='par_1_91' title="bbox 34 2265 811 2304">
     <span class='ocr_line' id='line_1_91' title="bbox 34 2265 811 2304; baseline -0.008 -9"><span class='ocrx_word' id='word_1_687' title='bbox 34 2274 73 2300; x_wconf 84' lang='grc' dir='ltr'><strong>γος</strong></span> <span class='ocrx_word' id='word_1_688' title='bbox 87 2267 133 2303; x_wconf 79' lang='grc' dir='ltr'><strong>τὴν</strong></span> <span class='ocrx_word' id='word_1_689' title='bbox 147 2268 210 2304; x_wconf 71' lang='grc' dir='ltr'>πρὶν</span> <span class='ocrx_word' id='word_1_690' title='bbox 225 2267 389 2302; x_wconf 78' lang='grc' dir='ltr'>θεασάμενοι</span> <span class='ocrx_word' id='word_1_691' title='bbox 399 2265 501 2302; x_wconf 86' lang='grc' dir='ltr'>τρίϐον,</span> <span class='ocrx_word' id='word_1_692' title='bbox 515 2265 578 2301; x_wconf 84' lang='grc' dir='ltr'>τῇδε</span> <span class='ocrx_word' id='word_1_693' title='bbox 595 2265 707 2291; x_wconf 77' lang='grc' dir='ltr'>κάκεῖσε</span> <span class='ocrx_word' id='word_1_694' title='bbox 727 2272 811 2300; x_wconf 84' lang='grc' dir='ltr'>περι-</span> 
     </span>
    </p>
   </div>
   <div class='ocr_carea' id='block_1_92' title="bbox 35 2309 809 2350">
    <p class='ocr_par' dir='ltr' id='par_1_92' title="bbox 35 2309 809 2350">
     <span class='ocr_line' id='line_1_92' title="bbox 35 2309 809 2350; baseline -0.004 -12"><span class='ocrx_word' id='word_1_695' title='bbox 35 2313 192 2347; x_wconf 75' lang='grc' dir='ltr'>σκοποῦντες,</span> <span class='ocrx_word' id='word_1_696' title='bbox 210 2314 262 2350; x_wconf 86' lang='grc' dir='ltr'>τὴν</span> <span class='ocrx_word' id='word_1_697' title='bbox 274 2313 322 2339; x_wconf 81' lang='grc' dir='ltr'><strong>τοῦ</strong></span> <span class='ocrx_word' id='word_1_698' title='bbox 331 2313 427 2340; x_wconf 81' lang='grc' dir='ltr'>τέκνου</span> <span class='ocrx_word' id='word_1_699' title='bbox 443 2311 557 2348; x_wconf 68' lang='grc' dir='ltr'>ζήτησιν</span> <span class='ocrx_word' id='word_1_700' title='bbox 575 2309 745 2346; x_wconf 78' lang='grc' dir='ltr'>ἐπεχείριζον</span> <span class='ocrx_word' id='word_1_701' title='bbox 756 2318 762 2325; x_wconf 92' lang='grc'><strong>·</strong></span> <span class='ocrx_word' id='word_1_702' title='bbox 778 2309 809 2336; x_wconf 77' lang='grc' dir='ltr'>τὸ</span> 
     </span>
    </p>
   </div>
   <div class='ocr_carea' id='block_1_93' title="bbox 35 2355 811 2396">
    <p class='ocr_par' dir='ltr' id='par_1_93' title="bbox 35 2355 811 2396">
     <span class='ocr_line' id='line_1_93' title="bbox 35 2355 811 2396; baseline -0.003 -12"><span class='ocrx_word' id='word_1_703' title='bbox 35 2356 91 2395; x_wconf 73' lang='grc' dir='ltr'>δὲῆν</span> <span class='ocrx_word' id='word_1_704' title='bbox 100 2360 127 2386; x_wconf 86' lang='grc' dir='ltr'>ὲν</span> <span class='ocrx_word' id='word_1_705' title='bbox 136 2361 170 2396; x_wconf 82' lang='grc' dir='ltr'>τῇ</span> <span class='ocrx_word' id='word_1_706' title='bbox 182 2359 229 2386; x_wconf 75' lang='grc' dir='ltr'><strong>τοῦ</strong></span> <span class='ocrx_word' id='word_1_707' title='bbox 240 2358 320 2393; x_wconf 83' lang='grc' dir='ltr'>ἁγίου</span> <span class='ocrx_word' id='word_1_708' title='bbox 330 2358 444 2394; x_wconf 82' lang='grc' dir='ltr'>λάρνακι</span> <span class='ocrx_word' id='word_1_709' title='bbox 458 2356 636 2391; x_wconf 84' lang='grc' dir='ltr'>καταλειφθέν</span> <span class='ocrx_word' id='word_1_710' title='bbox 644 2365 650 2371; x_wconf 93' lang='grc'><strong>·</strong></span> <span class='ocrx_word' id='word_1_711' title='bbox 677 2355 724 2382; x_wconf 83' lang='grc' dir='ltr'><strong>καὶ</strong></span> <span class='ocrx_word' id='word_1_712' title='bbox 732 2355 811 2382; x_wconf 85' lang='grc' dir='ltr'>τοῦτο</span> 
     </span>
    </p>
   </div>
   <div class='ocr_carea' id='block_1_94' title="bbox 35 2401 812 2440">
    <p class='ocr_par' dir='ltr' id='par_1_94' title="bbox 35 2401 812 2440">
     <span class='ocr_line' id='line_1_94' title="bbox 35 2401 812 2440; baseline -0.001 -11"><span class='ocrx_word' id='word_1_713' title='bbox 35 2404 60 2430; x_wconf 72' lang='grc' dir='ltr'>οὐ</span> <span class='ocrx_word' id='word_1_714' title='bbox 72 2406 102 2440; x_wconf 77' lang='grc' dir='ltr'>τῇ</span> <span class='ocrx_word' id='word_1_715' title='bbox 114 2406 166 2432; x_wconf 85' lang='grc' dir='ltr'><strong>τῶν</strong></span> <span class='ocrx_word' id='word_1_716' title='bbox 181 2405 287 2439; x_wconf 87' lang='grc' dir='ltr'>γονέων</span> <span class='ocrx_word' id='word_1_717' title='bbox 306 2404 386 2440; x_wconf 83' lang='grc' dir='ltr'>λήθῃ,</span> <span class='ocrx_word' id='word_1_718' title='bbox 403 2403 471 2430; x_wconf 82' lang='grc' dir='ltr'>ἀλλὰ</span> <span class='ocrx_word' id='word_1_719' title='bbox 486 2404 520 2439; x_wconf 84' lang='grc' dir='ltr'>τῇ</span> <span class='ocrx_word' id='word_1_720' title='bbox 545 2401 593 2429; x_wconf 78' lang='grc' dir='ltr'><strong>τοῦ</strong></span> <span class='ocrx_word' id='word_1_721' title='bbox 618 2402 686 2429; x_wconf 80' lang='grc' dir='ltr'>Θεοῦ</span> <span class='ocrx_word' id='word_1_722' title='bbox 703 2402 812 2438; x_wconf 71' lang='grc' dir='ltr'>εὐδοκία</span> 
     </span>
    </p>
   </div>
   <div class='ocr_carea' id='block_1_95' title="bbox 36 2448 813 2486">
    <p class='ocr_par' dir='ltr' id='par_1_95' title="bbox 36 2448 813 2486">
     <span class='ocr_line' id='line_1_95' title="bbox 36 2448 813 2486; baseline -0.004 -7"><span class='ocrx_word' id='word_1_723' title='bbox 36 2450 151 2486; x_wconf 76' lang='grc' dir='ltr'>ἐγεγόνει,</span> <span class='ocrx_word' id='word_1_724' title='bbox 165 2453 209 2480; x_wconf 79' lang='grc' dir='ltr'>ἵνα</span> <span class='ocrx_word' id='word_1_725' title='bbox 224 2451 276 2479; x_wconf 79' lang='grc' dir='ltr'><strong>καὶ</strong></span> <span class='ocrx_word' id='word_1_726' title='bbox 291 2449 408 2477; x_wconf 74' lang='grc' dir='ltr'>ἐνταῦθα</span> <span class='ocrx_word' id='word_1_727' title='bbox 423 2448 554 2485; x_wconf 79' lang='grc' dir='ltr'>μειζόνως</span> <span class='ocrx_word' id='word_1_728' title='bbox 569 2449 755 2486; x_wconf 80' lang='grc' dir='ltr'>θαυμαστώσῃ</span> <span class='ocrx_word' id='word_1_729' title='bbox 766 2449 813 2476; x_wconf 84' lang='grc' dir='ltr'>τὸν</span> 
     </span>
    </p>
   </div>
   <div class='ocr_carea' id='block_1_96' title="bbox 36 2496 157 2533">
    <p class='ocr_par' dir='ltr' id='par_1_96' title="bbox 36 2496 157 2533">
     <span class='ocr_line' id='line_1_96' title="bbox 36 2496 157 2533; baseline 0.025 -3"><span class='ocrx_word' id='word_1_730' title='bbox 36 2496 157 2533; x_wconf 77' lang='grc' dir='ltr'>μάρτυραο</span> 
     </span>
    </p>
   </div>
   <div class='ocr_carea' id='block_1_97' title="bbox 64 2539 812 2577">
    <p class='ocr_par' dir='ltr' id='par_1_97' title="bbox 64 2539 812 2577">
     <span class='ocr_line' id='line_1_97' title="bbox 64 2539 812 2577; baseline 0 -9"><span class='ocrx_word' id='word_1_731' title='bbox 64 2541 104 2568; x_wconf 77' lang='lat' dir='ltr'><strong>IX.</strong></span> <span class='ocrx_word' id='word_1_732' title='bbox 123 2543 165 2575; x_wconf 83' lang='grc' dir='ltr'>Ὧς</span> <span class='ocrx_word' id='word_1_733' title='bbox 182 2543 205 2569; x_wconf 85' lang='grc' dir='ltr'>δ’</span> <span class='ocrx_word' id='word_1_734' title='bbox 218 2539 268 2570; x_wconf 80' lang='grc' dir='ltr'><strong>οὖν</strong></span> <span class='ocrx_word' id='word_1_735' title='bbox 284 2541 309 2568; x_wconf 81' lang='grc' dir='ltr'><strong>οι</strong></span> <span class='ocrx_word' id='word_1_736' title='bbox 323 2541 412 2576; x_wconf 79' lang='grc' dir='ltr'>γονεῖς</span> <span class='ocrx_word' id='word_1_737' title='bbox 426 2540 458 2567; x_wconf 84' lang='grc' dir='ltr'><strong>τδ</strong></span> <span class='ocrx_word' id='word_1_738' title='bbox 476 2540 570 2568; x_wconf 86' lang='grc' dir='ltr'>τέκνον</span> <span class='ocrx_word' id='word_1_739' title='bbox 590 2541 640 2576; x_wconf 84' lang='grc' dir='ltr'><strong>οὐχ</strong></span> <span class='ocrx_word' id='word_1_740' title='bbox 663 2540 812 2577; x_wconf 79' lang='grc' dir='ltr'>ηὕρισκον,</span> 
     </span>
    </p>
   </div>
   <div class='ocr_carea' id='block_1_98' title="bbox 37 2586 814 2624">
    <p class='ocr_par' dir='ltr' id='par_1_98' title="bbox 37 2586 814 2624">
     <span class='ocr_line' id='line_1_98' title="bbox 37 2586 814 2624; baseline 0.001 -11"><span class='ocrx_word' id='word_1_741' title='bbox 37 2588 75 2614; x_wconf 71' lang='grc' dir='ltr'><strong>καὶ</strong></span> <span class='ocrx_word' id='word_1_742' title='bbox 89 2589 126 2615; x_wconf 78' lang='grc' dir='ltr'>ὅτι</span> <span class='ocrx_word' id='word_1_743' title='bbox 139 2590 168 2615; x_wconf 80' lang='grc' dir='ltr'>ὲν</span> <span class='ocrx_word' id='word_1_744' title='bbox 180 2588 220 2624; x_wconf 84' lang='grc' dir='ltr'>τῷ</span> <span class='ocrx_word' id='word_1_745' title='bbox 232 2587 308 2624; x_wconf 81' lang='grc' dir='ltr'><strong>βυθῷ</strong></span> <span class='ocrx_word' id='word_1_746' title='bbox 322 2586 428 2618; x_wconf 87' lang='grc' dir='ltr'>τούτοις</span> <span class='ocrx_word' id='word_1_747' title='bbox 444 2586 580 2622; x_wconf 81' lang='grc' dir='ltr'>ὲπελήσθη</span> <span class='ocrx_word' id='word_1_748' title='bbox 593 2587 608 2613; x_wconf 87' lang='grc' dir='ltr'><strong>ὁ</strong></span> <span class='ocrx_word' id='word_1_749' title='bbox 623 2588 688 2619; x_wconf 80' lang='grc' dir='ltr'>παῖς</span> <span class='ocrx_word' id='word_1_750' title='bbox 707 2587 814 2623; x_wconf 81' lang='grc' dir='ltr'>ἐνενόη-</span> 
     </span>
    </p>
   </div>
   <div class='ocr_carea' id='block_1_99' title="bbox 38 2631 812 2668">
    <p class='ocr_par' dir='ltr' id='par_1_99' title="bbox 38 2631 812 2668">
     <span class='ocr_line' id='line_1_99' title="bbox 38 2631 812 2668; baseline 0 -10"><span class='ocrx_word' id='word_1_751' title='bbox 38 2640 88 2665; x_wconf 81' lang='grc' dir='ltr'>σαν,</span> <span class='ocrx_word' id='word_1_752' title='bbox 103 2633 128 2660; x_wconf 82' lang='grc' dir='ltr'><strong>τί</strong></span> <span class='ocrx_word' id='word_1_753' title='bbox 140 2634 179 2660; x_wconf 87' lang='grc' dir='ltr'><strong>δεῖ</strong></span> <span class='ocrx_word' id='word_1_754' title='bbox 193 2634 242 2661; x_wconf 76' lang='grc' dir='ltr'><strong>καὶ</strong></span> <span class='ocrx_word' id='word_1_755' title='bbox 258 2633 360 2667; x_wconf 79' lang='grc' dir='ltr'>λέγειν,</span> <span class='ocrx_word' id='word_1_756' title='bbox 375 2631 439 2663; x_wconf 86' lang='grc' dir='ltr'>τούς</span> <span class='ocrx_word' id='word_1_757' title='bbox 451 2640 481 2658; x_wconf 87' lang='grc' dir='ltr'><strong>τε</strong></span> <span class='ocrx_word' id='word_1_758' title='bbox 496 2631 544 2658; x_wconf 81' lang='grc' dir='ltr'><strong>τοῦ</strong></span> <span class='ocrx_word' id='word_1_759' title='bbox 565 2632 673 2667; x_wconf 67' lang='grc' dir='ltr'>πατρὸς</span> <span class='ocrx_word' id='word_1_760' title='bbox 687 2633 812 2668; x_wconf 83' lang='grc' dir='ltr'>θρήνους,</span> 
     </span>
    </p>
   </div>
   <div class='ocr_carea' id='block_1_100' title="bbox 36 2678 814 2717">
    <p class='ocr_par' dir='ltr' id='par_1_100' title="bbox 36 2678 814 2717">
     <span class='ocr_line' id='line_1_100' title="bbox 36 2678 814 2717; baseline 0 -12"><span class='ocrx_word' id='word_1_761' title='bbox 36 2680 77 2706; x_wconf 79' lang='grc' dir='ltr'><strong>καὶ</strong></span> <span class='ocrx_word' id='word_1_762' title='bbox 90 2680 135 2713; x_wconf 73' lang='grc' dir='ltr'><strong>τὰς</strong></span> <span class='ocrx_word' id='word_1_763' title='bbox 147 2681 195 2717; x_wconf 80' lang='grc' dir='ltr'>τῆς</span> <span class='ocrx_word' id='word_1_764' title='bbox 209 2679 316 2717; x_wconf 71' lang='grc' dir='ltr'>μητρὸς</span> <span class='ocrx_word' id='word_1_765' title='bbox 329 2678 471 2714; x_wconf 50' lang='lat' dir='ltr'><strong>alumnis;</strong></span> <span class='ocrx_word' id='word_1_766' title='bbox 488 2679 581 2706; x_wconf 80' lang='grc' dir='ltr'>Πᾶσαν</span> <span class='ocrx_word' id='word_1_767' title='bbox 605 2678 659 2715; x_wconf 86' lang='grc' dir='ltr'><strong>γὰρ</strong></span> <span class='ocrx_word' id='word_1_768' title='bbox 680 2679 730 2715; x_wconf 83' lang='grc' dir='ltr'>τὴν</span> <span class='ocrx_word' id='word_1_769' title='bbox 740 2680 814 2714; x_wconf 80' lang='grc' dir='ltr'>λαμ-</span> 
     </span>
    </p>
   </div>
   <div class='ocr_carea' id='block_1_101' title="bbox 37 2724 814 2761">
    <p class='ocr_par' dir='ltr' id='par_1_101' title="bbox 37 2724 814 2761">
     <span class='ocr_line' id='line_1_101' title="bbox 37 2724 814 2761; baseline 0 -11"><span class='ocrx_word' id='word_1_770' title='bbox 37 2725 100 2759; x_wconf 75' lang='grc' dir='ltr'>πρὰν</span> <span class='ocrx_word' id='word_1_771' title='bbox 114 2726 217 2761; x_wconf 67' lang='grc' dir='ltr'>ἐκείνην</span> <span class='ocrx_word' id='word_1_772' title='bbox 230 2725 328 2761; x_wconf 74' lang='grc' dir='ltr'>ἑορτὴν</span> <span class='ocrx_word' id='word_1_773' title='bbox 339 2725 379 2756; x_wconf 78' lang='grc' dir='ltr'>εἰς</span> <span class='ocrx_word' id='word_1_774' title='bbox 393 2724 491 2760; x_wconf 79' lang='grc' dir='ltr'>θρῆνον</span> <span class='ocrx_word' id='word_1_775' title='bbox 509 2725 700 2760; x_wconf 86' lang='grc' dir='ltr'>μετεποίησαν.</span> <span class='ocrx_word' id='word_1_776' title='bbox 716 2724 748 2750; x_wconf 89' lang='grc' dir='ltr'>Τί</span> <span class='ocrx_word' id='word_1_777' title='bbox 760 2724 814 2760; x_wconf 84' lang='grc' dir='ltr'><strong>γὰρ</strong></span> 
     </span>
    </p>
   </div>
   <div class='ocr_carea' id='block_1_102' title="bbox 36 2769 814 2806">
    <p class='ocr_par' dir='ltr' id='par_1_102' title="bbox 36 2769 814 2806">
     <span class='ocr_line' id='line_1_102' title="bbox 36 2769 814 2806; baseline 0.001 -10"><span class='ocrx_word' id='word_1_778' title='bbox 36 2771 79 2797; x_wconf 77' lang='grc' dir='ltr'><strong>οὐκ</strong></span> <span class='ocrx_word' id='word_1_779' title='bbox 93 2771 198 2806; x_wconf 69' lang='grc' dir='ltr'>ἓλεγονς</span> <span class='ocrx_word' id='word_1_780' title='bbox 213 2772 242 2798; x_wconf 88' lang='grc' dir='ltr'><strong>τί</strong></span> <span class='ocrx_word' id='word_1_781' title='bbox 255 2771 283 2798; x_wconf 76' lang='grc' dir='ltr'>δὲ</span> <span class='ocrx_word' id='word_1_782' title='bbox 299 2771 350 2798; x_wconf 79' lang='grc' dir='ltr'>οὐκ</span> <span class='ocrx_word' id='word_1_783' title='bbox 366 2770 516 2805; x_wconf 69' lang='grc' dir='ltr'>ἔπραττον,</span> <span class='ocrx_word' id='word_1_784' title='bbox 536 2770 590 2798; x_wconf 84' lang='grc' dir='ltr'>τῶν</span> <span class='ocrx_word' id='word_1_785' title='bbox 606 2771 656 2798; x_wconf 68' lang='grc' dir='ltr'>ὅσα</span> <span class='ocrx_word' id='word_1_786' title='bbox 682 2771 755 2803; x_wconf 72' lang='grc' dir='ltr'>είκδς</span> <span class='ocrx_word' id='word_1_787' title='bbox 779 2769 814 2806; x_wconf 74' lang='grc' dir='ltr'>ἦν</span> 
     </span>
    </p>
   </div>
   <div class='ocr_carea' id='block_1_103' title="bbox 83 2840 511 2877">
    <p class='ocr_par' dir='ltr' id='par_1_103' title="bbox 83 2840 511 2877">
     <span class='ocr_line' id='line_1_103' title="bbox 83 2840 511 2877; baseline -0.007 -6"><span class='ocrx_word' id='word_1_788' title='bbox 83 2848 95 2862; x_wconf 82' lang='grc'><strong><em>⁸</em></strong></span> <span class='ocrx_word' id='word_1_789' title='bbox 114 2842 198 2871; x_wconf 67' lang='lat' dir='ltr'><strong>Exod.</strong></span> <span class='ocrx_word' id='word_1_790' title='bbox 220 2851 275 2871; x_wconf 68' lang='lat' dir='ltr'><strong>xlv.</strong></span> <span class='ocrx_word' id='word_1_791' title='bbox 316 2842 330 2862; x_wconf 67' lang='grc' dir='ltr'><strong>ι’</strong></span> <span class='ocrx_word' id='word_1_792' title='bbox 344 2840 377 2868; x_wconf 70' lang='grc' dir='ltr'><strong>ιν</strong></span> <span class='ocrx_word' id='word_1_793' title='bbox 395 2840 461 2877; x_wconf 54' lang='lat' dir='ltr'><strong>Reg.</strong></span> <span class='ocrx_word' id='word_1_794' title='bbox 482 2847 511 2868; x_wconf 88' lang='lat' dir='ltr'><strong>ll.</strong></span> 
     </span>
    </p>
   </div>
   <div class='ocr_carea' id='block_1_104' title="bbox 858 2264 1644 2311">
    <p class='ocr_par' dir='ltr' id='par_1_104' title="bbox 858 2264 1644 2311">
     <span class='ocr_line' id='line_1_104' title="bbox 858 2264 1644 2311; baseline -0.013 -9"><span class='ocrx_word' id='word_1_795' title='bbox 858 2275 935 2311; x_wconf 89' lang='lat' dir='ltr'><strong>prius</strong></span> <span class='ocrx_word' id='word_1_796' title='bbox 951 2274 1002 2300; x_wconf 90' lang='lat' dir='ltr'><strong>iter</strong></span> <span class='ocrx_word' id='word_1_797' title='bbox 1017 2276 1086 2305; x_wconf 87' lang='lat' dir='ltr'><strong>erat,</strong></span> <span class='ocrx_word' id='word_1_798' title='bbox 1103 2272 1157 2299; x_wconf 89' lang='lat' dir='ltr'><strong>huc</strong></span> <span class='ocrx_word' id='word_1_799' title='bbox 1167 2275 1194 2298; x_wconf 89' lang='lat' dir='ltr'><strong>et</strong></span> <span class='ocrx_word' id='word_1_800' title='bbox 1215 2270 1280 2298; x_wconf 90' lang='lat' dir='ltr'><strong>illuc</strong></span> <span class='ocrx_word' id='word_1_801' title='bbox 1304 2267 1568 2302; x_wconf 85' lang='lat' dir='ltr'><strong>circumspiciendo,</strong></span> <span class='ocrx_word' id='word_1_802' title='bbox 1596 2264 1644 2292; x_wconf 80' lang='lat' dir='ltr'><strong>lilii</strong></span> 
     </span>
    </p>
   </div>
   <div class='ocr_carea' id='block_1_105' title="bbox 859 2311 1646 2355">
    <p class='ocr_par' dir='ltr' id='par_1_105' title="bbox 859 2311 1646 2355">
     <span class='ocr_line' id='line_1_105' title="bbox 859 2311 1646 2355; baseline -0.011 -8"><span class='ocrx_word' id='word_1_803' title='bbox 859 2320 1063 2355; x_wconf 84' lang='lat' dir='ltr'><strong>inquisitionem</strong></span> <span class='ocrx_word' id='word_1_804' title='bbox 1080 2317 1319 2353; x_wconf 72' lang='lat' dir='ltr'><strong>aggrediebantur:</strong></span> <span class='ocrx_word' id='word_1_805' title='bbox 1333 2319 1362 2342; x_wconf 92' lang='lat' dir='ltr'><strong>at</strong></span> <span class='ocrx_word' id='word_1_806' title='bbox 1381 2314 1427 2342; x_wconf 90' lang='lat' dir='ltr'><strong>ille</strong></span> <span class='ocrx_word' id='word_1_807' title='bbox 1440 2313 1466 2340; x_wconf 93' lang='lat' dir='ltr'><strong>in</strong></span> <span class='ocrx_word' id='word_1_808' title='bbox 1479 2321 1542 2340; x_wconf 82' lang='lat' dir='ltr'><strong>arca</strong></span> <span class='ocrx_word' id='word_1_809' title='bbox 1558 2311 1646 2340; x_wconf 90' lang='lat' dir='ltr'><strong>sancti</strong></span> 
     </span>
    </p>
   </div>
   <div class='ocr_carea' id='block_1_106' title="bbox 861 2358 1646 2398">
    <p class='ocr_par' dir='ltr' id='par_1_106' title="bbox 861 2358 1646 2398">
     <span class='ocr_line' id='line_1_106' title="bbox 861 2358 1646 2398; baseline -0.011 -5"><span class='ocrx_word' id='word_1_810' title='bbox 861 2366 973 2393; x_wconf 91' lang='lat' dir='ltr'><strong>relictus</strong></span> <span class='ocrx_word' id='word_1_811' title='bbox 987 2365 1093 2392; x_wconf 79' lang='lat' dir='ltr'><strong>fuerat:</strong></span> <span class='ocrx_word' id='word_1_812' title='bbox 1116 2363 1198 2398; x_wconf 91' lang='lat' dir='ltr'><strong>idque</strong></span> <span class='ocrx_word' id='word_1_813' title='bbox 1208 2371 1263 2390; x_wconf 91' lang='lat' dir='ltr'><strong>non</strong></span> <span class='ocrx_word' id='word_1_814' title='bbox 1279 2361 1417 2389; x_wconf 86' lang='lat' dir='ltr'><strong>oblivione</strong></span> <span class='ocrx_word' id='word_1_815' title='bbox 1431 2364 1586 2395; x_wconf 77' lang='lat' dir='ltr'><strong>parentum.</strong></span> <span class='ocrx_word' id='word_1_816' title='bbox 1599 2358 1646 2385; x_wconf 88' lang='lat' dir='ltr'><strong>sed</strong></span> 
     </span>
    </p>
   </div>
   <div class='ocr_carea' id='block_1_107' title="bbox 863 2407 1647 2442">
    <p class='ocr_par' dir='ltr' id='par_1_107' title="bbox 863 2407 1647 2442">
     <span class='ocr_line' id='line_1_107' title="bbox 863 2407 1647 2442; baseline -0.011 -3"><span class='ocrx_word' id='word_1_817' title='bbox 863 2412 910 2440; x_wconf 84' lang='lat' dir='ltr'><strong>Dei</strong></span> <span class='ocrx_word' id='word_1_818' title='bbox 925 2411 1064 2439; x_wconf 83' lang='lat' dir='ltr'><strong>voluntate</strong></span> <span class='ocrx_word' id='word_1_819' title='bbox 1087 2409 1189 2437; x_wconf 82' lang='lat' dir='ltr'><strong>factum</strong></span> <span class='ocrx_word' id='word_1_820' title='bbox 1205 2413 1256 2439; x_wconf 86' lang='lat' dir='ltr'><strong>est.</strong></span> <span class='ocrx_word' id='word_1_821' title='bbox 1268 2412 1298 2434; x_wconf 89' lang='lat' dir='ltr'><strong>ut</strong></span> <span class='ocrx_word' id='word_1_822' title='bbox 1313 2407 1358 2435; x_wconf 83' lang='lat' dir='ltr'><strong>hic</strong></span> <span class='ocrx_word' id='word_1_823' title='bbox 1373 2414 1482 2442; x_wconf 90' lang='lat' dir='ltr'><strong>quoque</strong></span> <span class='ocrx_word' id='word_1_824' title='bbox 1500 2410 1647 2440; x_wconf 85' lang='lat' dir='ltr'><strong>martyrem</strong></span> 
     </span>
    </p>
   </div>
   <div class='ocr_carea' id='block_1_108' title="bbox 863 2454 1295 2493">
    <p class='ocr_par' dir='ltr' id='par_1_108' title="bbox 863 2454 1295 2493">
     <span class='ocr_line' id='line_1_108' title="bbox 863 2454 1295 2493; baseline -0.012 -7"><span class='ocrx_word' id='word_1_825' title='bbox 863 2458 950 2493; x_wconf 85' lang='lat' dir='ltr'><strong>magis</strong></span> <span class='ocrx_word' id='word_1_826' title='bbox 960 2457 1085 2485; x_wconf 88' lang='lat' dir='ltr'><strong>redderet</strong></span> <span class='ocrx_word' id='word_1_827' title='bbox 1095 2454 1295 2483; x_wconf 87' lang='lat' dir='ltr'><strong>admirabilem.</strong></span> 
     </span>
    </p>
   </div>
   <div class='ocr_carea' id='block_1_109' title="bbox 896 2530 1649 2572">
    <p class='ocr_par' dir='ltr' id='par_1_109' title="bbox 896 2530 1649 2572">
     <span class='ocr_line' id='line_1_109' title="bbox 896 2530 1649 2572; baseline -0.013 -6"><span class='ocrx_word' id='word_1_828' title='bbox 896 2538 943 2566; x_wconf 84' lang='grc' dir='ltr'><strong>ΙΧ.</strong></span> <span class='ocrx_word' id='word_1_829' title='bbox 960 2538 1028 2565; x_wconf 90' lang='lat' dir='ltr'><strong>Cum</strong></span> <span class='ocrx_word' id='word_1_830' title='bbox 1046 2544 1113 2572; x_wconf 88' lang='lat' dir='ltr'><strong>ergo</strong></span> <span class='ocrx_word' id='word_1_831' title='bbox 1125 2539 1355 2571; x_wconf 82' lang='lat' dir='ltr'><strong>parentesuatum</strong></span> <span class='ocrx_word' id='word_1_832' title='bbox 1367 2540 1422 2560; x_wconf 90' lang='lat' dir='ltr'><strong>non</strong></span> <span class='ocrx_word' id='word_1_833' title='bbox 1441 2530 1605 2562; x_wconf 80' lang='lat' dir='ltr'><strong>invenirent,</strong></span> <span class='ocrx_word' id='word_1_834' title='bbox 1622 2533 1649 2556; x_wconf 84' lang='lat' dir='ltr'><strong>et</strong></span> 
     </span>
    </p>
   </div>
   <div class='ocr_carea' id='block_1_110' title="bbox 865 2576 1649 2620">
    <p class='ocr_par' dir='ltr' id='par_1_110' title="bbox 865 2576 1649 2620">
     <span class='ocr_line' id='line_1_110' title="bbox 865 2576 1649 2620; baseline -0.014 -8"><span class='ocrx_word' id='word_1_835' title='bbox 865 2585 1057 2620; x_wconf 84' lang='lat' dir='ltr'><strong>cogitassenta</strong></span> <span class='ocrx_word' id='word_1_836' title='bbox 1076 2591 1106 2610; x_wconf 85' lang='lat' dir='ltr'><strong>se</strong></span> <span class='ocrx_word' id='word_1_837' title='bbox 1119 2582 1204 2609; x_wconf 79' lang='lat' dir='ltr'><strong>fuisse</strong></span> <span class='ocrx_word' id='word_1_838' title='bbox 1229 2588 1344 2616; x_wconf 89' lang='lat' dir='ltr'><strong>puerum</strong></span> <span class='ocrx_word' id='word_1_839' title='bbox 1358 2580 1386 2606; x_wconf 89' lang='lat' dir='ltr'><strong>in</strong></span> <span class='ocrx_word' id='word_1_840' title='bbox 1405 2577 1489 2615; x_wconf 75' lang='lat' dir='ltr'><strong>maris</strong></span> <span class='ocrx_word' id='word_1_841' title='bbox 1513 2576 1649 2612; x_wconf 76' lang='lat' dir='ltr'><strong>profundo</strong></span> 
     </span>
    </p>
   </div>
   <div class='ocr_carea' id='block_1_111' title="bbox 866 2623 1650 2662">
    <p class='ocr_par' dir='ltr' id='par_1_111' title="bbox 866 2623 1650 2662">
     <span class='ocr_line' id='line_1_111' title="bbox 866 2623 1650 2662; baseline -0.013 -3"><span class='ocrx_word' id='word_1_842' title='bbox 866 2631 1004 2659; x_wconf 86' lang='lat' dir='ltr'><strong>oblivione</strong></span> <span class='ocrx_word' id='word_1_843' title='bbox 1015 2629 1187 2658; x_wconf 88' lang='lat' dir='ltr'><strong>mandatum.</strong></span> <span class='ocrx_word' id='word_1_844' title='bbox 1202 2626 1268 2662; x_wconf 91' lang='lat' dir='ltr'><strong>quid</strong></span> <span class='ocrx_word' id='word_1_845' title='bbox 1286 2634 1356 2661; x_wconf 86' lang='lat' dir='ltr'><strong>opus</strong></span> <span class='ocrx_word' id='word_1_846' title='bbox 1369 2625 1511 2652; x_wconf 76' lang='lat' dir='ltr'><strong>estdicere</strong></span> <span class='ocrx_word' id='word_1_847' title='bbox 1527 2628 1555 2651; x_wconf 86' lang='lat' dir='ltr'><strong>et</strong></span> <span class='ocrx_word' id='word_1_848' title='bbox 1566 2623 1650 2657; x_wconf 83' lang='lat' dir='ltr'><strong>patris</strong></span> 
     </span>
    </p>
   </div>
   <div class='ocr_carea' id='block_1_112' title="bbox 867 2669 1650 2707">
    <p class='ocr_par' dir='ltr' id='par_1_112' title="bbox 867 2669 1650 2707">
     <span class='ocr_line' id='line_1_112' title="bbox 867 2669 1650 2707; baseline -0.011 -3"><span class='ocrx_word' id='word_1_849' title='bbox 867 2675 1086 2707; x_wconf 84' lang='lat' dir='ltr'><strong>lamentationes,</strong></span> <span class='ocrx_word' id='word_1_850' title='bbox 1100 2678 1126 2701; x_wconf 86' lang='lat' dir='ltr'><strong>et</strong></span> <span class='ocrx_word' id='word_1_851' title='bbox 1139 2673 1236 2701; x_wconf 86' lang='lat' dir='ltr'><strong>matris</strong></span> <span class='ocrx_word' id='word_1_852' title='bbox 1251 2671 1391 2699; x_wconf 73' lang='lat' dir='ltr'><strong>ululatus?</strong></span> <span class='ocrx_word' id='word_1_853' title='bbox 1405 2670 1492 2698; x_wconf 87' lang='lat' dir='ltr'><strong>Omne</strong></span> <span class='ocrx_word' id='word_1_854' title='bbox 1513 2669 1650 2704; x_wconf 87' lang='lat' dir='ltr'><strong>siquidem</strong></span> 
     </span>
    </p>
   </div>
   <div class='ocr_carea' id='block_1_113' title="bbox 868 2716 1652 2757">
    <p class='ocr_par' dir='ltr' id='par_1_113' title="bbox 868 2716 1652 2757">
     <span class='ocr_line' id='line_1_113' title="bbox 868 2716 1652 2757; baseline -0.011 -7"><span class='ocrx_word' id='word_1_855' title='bbox 868 2723 934 2751; x_wconf 87' lang='lat' dir='ltr'><strong>illud</strong></span> <span class='ocrx_word' id='word_1_856' title='bbox 945 2721 1117 2757; x_wconf 85' lang='lat' dir='ltr'><strong>splendidum</strong></span> <span class='ocrx_word' id='word_1_857' title='bbox 1143 2719 1242 2747; x_wconf 80' lang='lat' dir='ltr'><strong>festum</strong></span> <span class='ocrx_word' id='word_1_858' title='bbox 1257 2721 1451 2746; x_wconf 87' lang='lat' dir='ltr'><strong>converterunt</strong></span> <span class='ocrx_word' id='word_1_859' title='bbox 1473 2716 1500 2743; x_wconf 91' lang='lat' dir='ltr'><strong>in</strong></span> <span class='ocrx_word' id='word_1_860' title='bbox 1518 2716 1652 2742; x_wconf 85' lang='lat' dir='ltr'><strong>lamenta-</strong></span> 
     </span>
    </p>
   </div>
   <div class='ocr_carea' id='block_1_114' title="bbox 869 2762 1651 2800">
    <p class='ocr_par' dir='ltr' id='par_1_114' title="bbox 869 2762 1651 2800">
     <span class='ocr_line' id='line_1_114' title="bbox 869 2762 1651 2800; baseline -0.01 -4"><span class='ocrx_word' id='word_1_861' title='bbox 869 2769 979 2796; x_wconf 85' lang='lat' dir='ltr'><strong>tionem.</strong></span> <span class='ocrx_word' id='word_1_862' title='bbox 1001 2766 1073 2800; x_wconf 84' lang='lat' dir='ltr'><strong>Quid</strong></span> <span class='ocrx_word' id='word_1_863' title='bbox 1099 2765 1171 2794; x_wconf 87' lang='lat' dir='ltr'><strong>cnim</strong></span> <span class='ocrx_word' id='word_1_864' title='bbox 1195 2772 1247 2794; x_wconf 83' lang='lat' dir='ltr'><strong>non</strong></span> <span class='ocrx_word' id='word_1_865' title='bbox 1261 2763 1404 2793; x_wconf 83' lang='lat' dir='ltr'><strong>dicebant?</strong></span> <span class='ocrx_word' id='word_1_866' title='bbox 1424 2762 1491 2799; x_wconf 89' lang='lat' dir='ltr'><strong>quid</strong></span> <span class='ocrx_word' id='word_1_867' title='bbox 1510 2769 1576 2790; x_wconf 83' lang='lat' dir='ltr'><strong>vero</strong></span> <span class='ocrx_word' id='word_1_868' title='bbox 1597 2769 1651 2788; x_wconf 87' lang='lat' dir='ltr'><strong>non</strong></span> 
     </span>
    </p>
   </div>
  </div>
