2290 3110
25 164 76 190 641

289 159 443 187 EPHRMM
462 150 656 187 CIIERSONIS
676 157 834 185 ARCHIEP.
855 157 899 184 DE
919 158 1098 186 MlRACULO
1118 159 1149 186 S.
1171 157 1374 187 CLEMENTIS.

1600 157 1653 186 οη

27 219 186 254 μάρτυρος.
201 213 226 244 ὦ
239 217 288 243 τοῦ
305 217 457 252 θαύματοςί
481 216 565 252 ὁρῶσι
581 217 612 242 τδ
636 215 701 242 ἴδιον
724 214 819 240 τέκνον
833 218 857 246 Α
871 218 931 250 tem]

748 214 819 240 ἱκνον
833 218 857 246 Α
871 216 1002 250 templum
1017 217 1223 250 pervenissent,
1239 225 1256 245 ο
1267 218 1447 245 miraculum!
1461 218 1554 246 vident
1567 219 1652 246 ﬂlium

25 263 81 295 ζῶν
97 265 148 290 καὶ
167 262 282 298 φαιδρδν
296 263 344 289 καὶ
365 262 520 297 ἀλλόμενον.
542 259 585 293 Ὦς
601 261 629 287 δὲ
650 261 679 287 έν
701 260 821 295 θαύμασι

26 309 123 344 θαῦμα
135 307 338 344 περιτυχόντες,
356 307 540 341 ἐκπλαγέντες
552 315 581 333 τε
596 305 635 341 τῷ
646 305 756 340 ἐξαισίῳ
771 313 822 340 μεε

26 355 251 390 γαλουργήματι,
265 354 362 389 πρῶτα
373 353 421 389 μὲν
431 352 463 379 τὸ
475 350 822 391 Oebvt'yépatpoV'_E1tswa.

25 400 52 426 δὲ
66 400 115 426 τὸν
135 400 265 436 μάρτυρα
281 398 495 435 εὺχαριστηρίοις
505 399 606 432 φωναῖς
617 394 802 431 ὲπευφήμιζον
814 399 822 410 ¹

26 443 87 472 εἷτα
104 445 146 481 τῷ
163 445 219 480 νέῳ
229 444 369 476 ἐπύθοντο,
381 443 441 475 πῶς
462 443 612 474 σέσωσται,
629 441 703 472 τίνος
722 440 822 484 ζωογο-

26 490 147 523 νοῦντος,
159 491 235 522 τίνος
253 489 450 526 φυλάσσοντος,
469 489 516 515 καὶ
529 488 600 519 τίνος
615 487 769 523 τρέφοντος.
793 484 822 512 '0

27 535 55 562 δέ
66 545 99 570 γε
115 537 196 568 παῖς,
213 537 247 572 τῇ
261 536 310 571 μὲν
326 536 374 571 μιᾷ
386 535 457 571 χειρὶ
479 533 601 569 κατέχων
623 534 673 568 τὴν
688 533 821 568 λάρνακα,

27 583 58 616 τῇ
74 581 104 607 δὲ
125 580 213 616 ἑτέρᾳ
234 579 462 607 δακτυλοδεικτῶν
481 579 527 605 τὸν
549 578 655 605 ἔνδοθεν
679 577 821 613 κείμενον,

27 627 83 656 τοῖς
98 625 244 661 ἐρωτῶσιν
259 625 478 660 ἁνταπεκρίνετοε
494 622 578 655 οὗτός
596 632 647 658 μου
666 622 735 659 μετὰ
756 622 822 648 Θεὸν

28 673 74 698 καὶ
90 671 152 708 ζωὴ
168 672 217 699 καὶ.
226 672 325 708 τροφὴ,
348 672 394 698 καὶ
409 671 464 697 τῶν
482 671 510 698 ὲν
528 672 562 706 τῇ
582 670 704 706 Θαλάσσῃ
721 669 822 704 θηρίων

28 719 200 754 ἀμυντήριον
218 718 354 752 ἐγεγόνει·
373 716 493 753 οὗτόςμε
518 716 578 744 καθ’
595 716 712 751 ἑκάστην
731 714 822 749 ἐτιθη-

29 766 100 791 νεῖτο
123 764 317 800 λαμπρότατα.

872 268 952 287 suum
972 261 1107 288 viventem
1133 269 1166 289 ac
1195 263 1285 290 tztum
1306 268 1387 297 atque
1412 263 1592 292 exsilieutem.
1619 263 1655 292 Ut

871 315 937 334 vero
952 307 978 333 in
992 307 1134 335 miraculis
1150 309 1314 336 miraculum
1329 309 1513 343 oﬂ‘cnderunt,
1528 310 1656 346 obstupe-

871 356 979 379 scentes
1003 359 1086 386 super
1114 360 1214 388 magno
1234 354 1392 389 eximioque
1414 361 1510 389 opere,
1535 355 1654 390 primum

871 396 982 430 quidem
997 395 1053 424 Deo
1065 397 1201 424 honorem
1209 397 1363 431 dederunt;-
1377 399 1476 426 deinde
1494 407 1559 426 vero
1579 407 1654 426 mar-

872 445 959 476 tyrem
973 442 1216 470 acclamationibus
1231 448 1259 471 et
1269 444 1419 478 gratiarum
1425 444 1580 472 actionibus
1590 451 1655 479 pro-

872 488 960 516 secuti
984 495 1059 517 sunt.
1086 488 1184 517 Postea
1212 490 1412 518 adolescuitem
1444 492 1656 526 interrogarunt,

872 541 928 569 quo
941 539 1021 569 pacto
1043 540 1168 563 servatus
1193 536 1302 569 fuisset,
1318 544 1439 572 quonam
1458 537 1542 564 vitam
1564 537 1658 569 dante,

873 587 995 614 quonam
1022 581 1205 614 custodiente,
1227 587 1255 610 et
1271 590 1392 618 quonam
1411 583 1558 612 nutriente.
1588 584 1659 612 Puer

873 630 975 658 autem,
991 634 1044 653 una
1063 626 1173 661 quidem
1191 633 1275 654 manu
1293 631 1389 655 tenens
1407 635 1512 662 arcam,
1525 629 1578 657 alia
1593 637 1659 657 vero

874 670 999 698 indicans
1010 671 1095 707 digito
1115 679 1179 699 eum
1193 672 1240 707 qui
1264 672 1339 700 intus
1351 673 1471 707 jacebat,
1486 675 1660 711 interrogan-

874 717 948 745 tibus
962 717 1086 744 vicissim
1111 718 1271 752 respondit:
1293 717 1342 745 Hic
1368 719 1434 745 mihi
1451 724 1512 754 post
1534 719 1618 748 Deum
1632 726 1661 749 et

874 763 940 797 vita,
956 768 984 790 et
1001 763 1172 796 alimentum,
1195 767 1222 790 et
1248 764 1381 792 adversus
1406 764 1529 792 marinas
1555 765 1660 794 belluas

874 809 1110 844 propugnaculum
1134 809 1253 836 exstitit:
1268 809 1313 836 hic
1331 816 1374 836 me
1397 809 1520 844 quotidie
1537 811 1659 846 splendi—

876 855 989 882 dissime
1002 855 1168 882 nutrice-hat.

61 906 135 934 Xlll.
154 907 190 933 οι
205 905 284 935 ἅοῦν
300 907 437 940 τεκόντες,
455 906 554 942 θάμϐει
573 907 620 934 καὶ
632 907 705 942 χαρᾷ
723 912 822 942 συσχε-
838 897 859 925 Β
907 901 965 929 XI“

753 915 822 942 .cxs-
838 897 859 925 Β
907 901 978 930 ΧΙΗ.
993 901 1124 929 Parentes
1137 906 1241 934 autem,
1253 903 1434 932 admiratione
1453 913 1485 932 ac
1499 905 1592 933 laetitia
1608 906 1657 933 de-

29 953 132 986 θέντες,
150 955 187 989 τῇ
201 962 231 980 τε
244 953 333 980 πίστει
353 951 433 980 πλέον
447 952 640 989 βεϐαιωθέντες
653 952 699 978 τοῦ
718 952 824 987 μάρτυι

30 1007 84 1035 ρος,
98 997 179 1027 διὀὖ
195 1000 240 1026 τὸν
247 999 342 1035 νεκρὸν
353 999 513 1034 νομισθέντα
530 995 587 1025 υιὸν
603 997 692 1031 ζῶντα
711 998 824 1034 ἀπείλη-

28 1053 91 1078 φιν,
112 1044 185 1074 τοὺς
202 1041 351 1079 προτέρους
368 1043 482 1079 θρήνους
500 1043 541 1074 εἰς
555 1042 730 1078 εὐχαριστίαν
748 1040 825 1077 ὲτρέι

27 1089 125 1122 ψαντο,
141 1088 236 1115 τοιάδε
251 1089 290 1124 τῷ
304 1088 373 1124 ἁγίῳ
380 1087 572 1123 ἐπιϐοώμενον
594 1087 637 1118 Ὠς
651 1086 758 1122 ἀληθῶς
771 1087 825 1122 ἄρα

29 1134 209 1169 θαυμαστὸς
221 1136 241 1161 d'
249 1134 320 1167 Θεὸς
329 1134 364 1160 ὲν
371 1133 433 1166 τοῖς
442 1133 536 1168 ἁγίοις
545 1132 648 1165 αὑτοῦ,
656 1132 702 1158 καὶ
712 1131 826 1166 θέλημα

28 1179 87 1206 τῶν
104 1179 305 1214 φοϐουμένων
319 1179 411 1206 αὐτὸν
431 1178 534 1211 ποιῶν,
556 1177 606 1205 καὶ
625 1177 681 1211 τῆς
695 1176 826 1210 δεήσεως

29 1223 130 1250 αὐτῶν
147 1223 327 1250 summittur.
346 1223 471 1254 Ἐσωσας
486 1222 580 1259 ἡμῶν,
598 1222 686 1257 Ἀγιε,
696 1222 742 1248 τὸν
757 1220 825 1254 υίδν.

29 1268 183 1300 ἀπέδωκας
194 1268 261 1303 ἡμῖν
285 1267 331 1294 τὸν
349 1267 399 1294 οὐκ
408 1267 594 1303 ἐλπιζόμενον.
608 1265 645 1293 Ὦ
662 1266 760 1303 οὐρανὲ
779 1267 827 1293 καὶ

29 1314 73 1349 γῆ,
83 1314 135 1340 καὶ
146 1313 182 1340 σὺ
194 1312 270 1348 βυθὲ,
281 1313 294 1339 ό
303 1312 366 1348 πρὶν
374 1312 419 1347 ὑφ’
428 1313 505 1348 ήμῶν
516 1312 704 1349 ἐπαρώμενος,
715 1311 827 1347 ἔκστηθι

28 1359 66 1394 τῷ
86 1359 165 1395 ὑπὲρ
181 1358 262 1393 φύσιν
273 1358 361 1394 τούτῳ
375 1358 624 1394 μεγαλουργήματι.
636 1359 727 1390 Ἶλεως
740 1358 768 1384 δὲ
781 1358 828 1385 καὶ

30 1405 114 1436 αὐτὸς
131 1404 236 1439 γενοῦ,
252 1404 328 1438 ἅγιε,
346 1401 384 1430 ὧν
401 1404 469 1440 πρὸς
492 1404 521 1430 σὲ
536 1405 570 1440 τῇ
589 1403 674 1438 θλίψει
691 1403 829 1440 τρυχόμε-

29 1460 70 1478 νοι
87 1450 258 1486 ὲπράξαμέν
271 1458 301 1476 τε
314 1450 361 1476 καὶ
368 1450 428 1476 sino
432 1458 480 1485 μεν
490 1458 496 1464 ·
511 1450 548 1485 μὴ
557 1449 778 1484 ὰνταποδώσειςὴ
784 1449 830 1484 μῖν

29 1497 78 1535 τὴν
92 1496 154 1523 τῶν
171 1495 351 1532 βλασφημιῶν
371 1494 557 1523 ἀνταπόδοσιν.
576 1495 709 1523 Τὸνηυίὺν
727 1495 831 1522 ἀπελά-

30 1541 131 1578 εομεν,
148 1542 197 1568 τὸν
213 1542 308 1577 νεκρὸν
324 1541 367 1568 διὰ
382 1541 428 1568 σοῦ
443 1541 491 1568 νῦν
503 1541 658 1568 ἀναστάντα
670 1539 829 1576 ἐδεξάμεθα,

874 947 953 979 lenti,
970 952 997 974 et
1012 947 1040 974 in
1068 947 1121 975 ﬁde
1146 948 1276 984 martyris
1301 950 1389 985 magis
1415 951 1570 978 contirmati
1585 972 1592 984 ,
1612 960 1660 987 per

874 999 955 1026 quem
979 992 1064 1020 [ilium
1081 1000 1163 1027 quem
1177 998 1340 1028 putaverant
1361 1000 1510 1029 mortuum,
1522 997 1659 1026 viventem

874 1041 1044 1070 receperant,
1065 1036 1171 1071 priores
1191 1038 1282 1065 luctus
1304 1038 1332 1065 in
1357 1040 1508 1074 gratiarum
1525 1042 1662 1070 actionem

875 1085 1081 1114 converterunt,
1102 1082 1222 1117 taliaque
1237 1083 1424 1112 acclamarunt
1440 1091 1553 1114 sancto:
1572 1087 1659 1120 Quam

876 1134 939 1154 vere
951 1127 1045 1162 utique
1058 1128 1190 1155 mirabilis
1204 1128 1276 1156 Deus
1288 1130 1315 1156 in
1329 1131 1428 1158 δαηιείδ
1448 1134 1502 1159 suis
1522 1138 1547 1166 ι,
1565 1138 1592 1161 et
1613 1141 1659 1161 tto-

876 1171 1005 1198 Iunlatem
1022 1173 1170 1200 timentium
1186 1183 1213 1201 se
1226 1175 1336 1208 lactens,
1350 1177 1607 1214 deprecationemque
1617 1187 1660 1206 eo-

877 1226 935 1245 rum
950 1219 1093 1247 exaudiens
1104 1220 1128 1247 b.
1153 1219 1282 1254 Servasti,
1297 1227 1401 1255 sancte,
1416 1223 1500 1250 lilium
1517 1229 1644 1252 nostrum
1653 1234 1665 1258 ;-

877 1264 1018 1292 reddidisti
1042 1266 1121 1293 nobis
1136 1274 1218 1301 quem
1234 1274 1288 1294 non
1311 1268 1500 1302 sperabamus.
1525 1268 1663 1298 0'coelum

877 1315 904 1337 et
915 1315 997 1343 terra,
1014 1316 1098 1346 tuque
1110 1320 1210 1348 gurges
1226 1313 1302 1348 prius
1318 1322 1333 1341 a
1349 1315 1429 1342 nobis
1451 1321 1602 1350 exsecrate,
1614 1317 1664 1345 ob-

878 1361 1003 1392 stupesce
1011 1366 1094 1393 super
1107 1359 1158 1387 hoc
1170 1364 1297 1387 naturam
1306 1362 1452 1389 excedente
1462 1370 1559 1397 magno
1571 1370 1663 1397 opere.

879 1403 949 1431 Esto
958 1407 1047 1431 autem
1064 1409 1093 1432 tu
1116 1413 1241 1441 quoque,
1265 1414 1282 1434 ο
1306 1411 1409 1440 sancte,
1425 1408 1569 1442 propitius.
1587 1408 1614 1436 in
1631 1409 1666 1436 iis

879 1456 941 1483 qua:
952 1454 1046 1477 contra
1060 1454 1085 1477 te
1101 1450 1248 1479 atllictione
1261 1453 1372 1479 contr-ili
1387 1461 1450 1480 cum
1467 1453 1591 1486 fecimus,
1608 1460 1664 1481 tum

880 1496 1018 1523 diximus:
1040 1504 1075 1523 ne
1090 1498 1227 1525 retribuas
1249 1499 1330 1526 nobis
1353 1499 1539 1527 conviciorum
1552 1501 1670 1527 rctribu-'

883 1541 994 1568 tionem.
1009 1540 1110 1568 Filium
1123 1543 1355 1577 recuperavimus,
1375 1549 1512 1571 mortuum
1531 1552 1604 1572 nunc
1618 1553 1666 1580 per

30 1589 79 1624 τὴν
95 1588 148 1614 τοῦ
164 1588 258 1623 γήρως
274 1587 422 1623 βακτηρίαν
441 1587 474 1623 σῇ
491 1587 601 1623 βοηθείᾳ
619 1586 701 1613 πάλιν
719 1587 827 1622 ἔχομεν.
843 1579 865 1609 C
881 1592 906 1614 te
921 1595 933 1614 s

758 1595 827 1622 )μεν.
843 1579 865 1609 C
881 1592 906 1614 te
921 1587 1082 1614 suscitatam
1103 1588 1269 1623 accepimus,
1298 1590 1425 1617 baculum
1453 1592 1600 1619 senectutis
1616 1595 1662 1619 tuo

31 1634 63 1660 τί
78 1633 115 1660 τὰ
141 1633 231 1659 πολλὰ
248 1633 380 1668 λέγομεν;
396 1632 441 1659 τὸν
461 1633 492 1659 οὐ
504 1634 652 1668 τριήμερον
667 1632 724 1659 ἀλλ’
739 1632 829 1659 ὲνιαύ-

33 1688 90 1706 σιον
104 1679 218 1714 νεκρὸν,
241 1678 288 1705 καὶ
307 1678 338 1704 οὐ
357 1678 423 1713 λίθῳ
446 1678 504 1705 ἀλλ’
519 1678 595 1705 ὕδατι
616 1679 829 1714 καλυπτόμενον,

31 1726 79 1752 καὶ
97 1726 153 1760 οὐχ
167 1724 221 1750 ὑπὸ
236 1723 393 1760 σκωλήκων,
410 1723 428 1750 ἃ
442 1724 492 1760 τῆς
502 1724 549 1750 τοῦ
566 1723 689 1759 σώματός
707 1725 765 1750 ἐστι
778 1724 829 1759 φύ-

33 1779 106 1802 σεως
125 1770 184 1797 Εδια
195 1790 203 1802 ,
218 1769 423 1805 δαπανηθέντα,
449 1770 517 1796 ἀλλὰ
535 1768 580 1796 τόν
604 1770 656 1797 ὑπὸ
678 1770 778 1805 ἰχθύων
793 1771 832 1803 ὡς

32 1818 207 1854 ἐνομίσαμεν
234 1816 452 1853 καταϐρωθέντα,
480 1817 547 1844 σῶον
572 1817 616 1844 διὰ
635 1817 682 1844 σοῦ
698 1818 832 1845 ἀπελάῦο-

35 1872 98 1899 μεν.
116 1861 192 1896 Εὖγε
203 1862 253 1898 τῆς
262 1862 383 1898 χάριτος,
397 1861 461 1897 εὖγε
477 1863 526 1899 τῆς
536 1863 624 1899 δόξης,
643 1861 706 1898 εὖγε
722 1865 772 1900 τῆς
785 1865 831 1892 δυ-

33 1911 150 1945 νάμεως
172 1908 219 1936 καϊ
228 1909 278 1945 τῆς
293 1909 453 1945 εὐεργεσίας
477 1918 533 1941 σου,
550 1909 622 1943 ἅγιε.
643 1910 719 1937 Οὕτω
741 1910 832 1938 τοίνυν

33 1957 81 1984 τὸν
99 1956 180 1990 ἆγισν
196 1955 265 1991 μετὰ
279 1955 402 1991 δακρύων
418 1956 673 1992 ἐπευφημήσαντες,
691 1956 737 1983 τὸν
751 1958 833 1984 παῖδα

35 2001 287 2039 ἁράμενοι,οίκαδε
304 1995 494 2037 παρεγένοντο,
504 2002 571 2027 πᾶσι
589 1998 619 2028 τὸ
636 2001 727 2038 θαῦμα
743 2003 834 2039 ὲκδιη·

34 2047 88 2081 γού
94 2055 183 2082 μενοι.

71 2091 148 2120 XIV.
166 2088 203 2118 ΤίΔ
217 2089 262 2118 οὖν
278 2091 354 2128 ’πρὸς
373 2092 459 2118 ταῦτα
480 2092 527 2119 καὶ
552 2093 773 2129 παρισώσαιμεν;
788 2094 834 2122 τόν

43 2138 145 2166 Ἠλίαν
158 2137 225 2172 φασί
241 2146 304 2164 ποτε
314 2139 359 2164 τὸν
374 2139 470 2173 νεκρὸν
484 2137 572 2170 ζῶντα
589 2137 646 2165 υἱὸν
658 2141 691 2175 τῇ
710 2139 761 2176 ἰδίᾳ
768 2140 834 2167 ἀπο-

36 2185 137 2212 δοῦναι
151 2183 250 2220 μητρί·
265 2184 279 2210 ὃ
306 2185 377 2219 μέγα
396 2193 426 2211 τε
447 2184 564 2221 ὑπάρχει
588 2185 636 2212 καὶ
658 2185 835 2222 ὺπερθαύμα-

39 2239 115 2258 στον.
149 2229 231 2256 ’Δλλὰ
255 2229 300 2256 καὶ
315 2229 355 2265 τῷ
375 2229 526 2256 Ἐλισσαίου
542 2230 617 2261 ποτὲ,
636 2231 674 2262 ὡς
686 2231 832 2267 ἱστοροῦσι,
848 2246 871 2274 D

41 2277 180 2312 μνήματι,
194 2275 246 2301 ὑπό
259 2283 339 2302 τινων
350 2275 518 2311 ἀνδροφόνων
530 2275 692 2310 φονευθέντα
706 2276 775 2309 τινὰ,
785 2276 831 2303 καὶ

39 2323 70 2348 ὲν
87 2320 166 2356 αὐτῷ
184 2320 304 2356 ῥιφέντα,
321 2319 403 2352 εὐθὺς
422 2320 601 2356 ἀνεγερθῆναι
616 2329 646 2347 τε
662 2322 709 2348 καὶ
733 2322 831 2357 ζῆσαι-

39 2368 55 2394 ὃ
70 2366 168 2403 μεῖζον
180 2366 228 2393 τοῦ
243 2366 376 2402 προτέρου
393 2366 440 2393 καὶ
450 2365 648 2402 ὲξαισιώτερον.
660 2367 716 2393 Καὶ
730 2368 833 2403 Πέτρος

39 2415 70 2441 δὲ
89 2415 119 2440 ἰν
141 2414 199 2444 τοῖς
219 2412 280 2439 καθ’
296 2413 389 2448 ἡμᾶς,
415 2413 431 2448 ἡ
455 2413 509 2440 τῶν
533 2413 688 2440 ἀποστόλων
706 2414 831 2449 κορωνὶς,

40 2459 96 2493 τὴν
117 2457 309 2493 πτωχοτρόιρον
327 2457 433 2493 ἐκείνην
455 2458 543 2493 χήραν
565 2457 684 2484 Τασιθὰν
701 2458 833 2485 θανοῦσαν

41 2503 172 2539 αὖθωρσν
188 2501 326 2539 προσευχῇ
341 2502 527 2538 ἐξανέστησεν.
542 2503 633 2530 Ταῦτα
649 2503 698 2539 μὲν
708 2501 754 2530 οὖν
769 2503 833 2530 θαυ-

45 2548 139 2585 μαστὰ
155 2549 203 2576 καὶ
220 2548 419 2585 ὑπέρλαμπρα·
436 2549 467 2575 τὺ
481 2548 509 2575 δὲ
535 2548 620 2584 παρδν
642 2549 750 2584 θαῦμα,
771 2549 833 2576 ὅσον

42 2594 151 2621 τούτων
163 2594 399 2630 ὑπερανέστηκενι

80 2639 140 2667 XV.
155 2641 210 2667 Καὶ
222 2641 275 2676 ὅρα
288 2648 333 2676 μοι
347 2639 487 2676 προσέχων
507 2640 537 2667 τὸ
555 2640 687 2677 ὑπέροχον
700 2640 747 2668 τοῦ
770 2641 834 2669 θαύ-

46 2693 143 2722 ματος.
171 2685 200 2712 '0
215 2685 268 2720 μὲν
291 2684 392 2717 Ἠλίας,
409 2685 447 2716 ὡς
460 2685 629 2721 προέφημεν,
644 2686 706 2722 ἄρτι
723 2686 836 2714 θανόντα

44 2732 93 2758 τὸν
102 2731 183 2758 παῖδα
196 2731 244 2758 καὶ
257 2729 337 2757 οὔπω
353 2730 553 2766 καταψυχέντα,
565 2731 623 2757 ἀλλ’
638 2731 721 2758 εἰσέτι
736 2732 767 2758 τὸ
779 2732 837 2768 θερ-

47 2777 97 2814 μὸν
110 2778 159 2814 τῆς
169 2777 280 2812 φύσεως
294 2775 468 2809 διασώζοντα,
492 2776 679 2814 ὲξανέστησεν.
704 2777 736 2804 Ἡ
745 2777 773 2804 δὲ
788 2777 835 2804 τοῦ

879 1633 982 1660 auxilio
1014 1633 1111 1660 iterum
1149 1633 1292 1662 habemus.
1316 1634 1386 1670 Quid
1417 1637 1533 1664 dicimus
1564 1637 1668 1664 multa?

880 1686 934 1705 non
955 1678 1112 1706 triduanum
1129 1679 1174 1707 sed
1191 1688 1312 1708 annuum
1328 1686 1479 1715 mortuum,
1506 1690 1556 1710 nec
1578 1683 1666 1718 lapide

880 1724 927 1751 sed
941 1731 1012 1757 aqua
1029 1725 1179 1757 obtectum,
1197 1733 1247 1754 nec
1264 1734 1279 1753 a
1293 1727 1431 1754 vermibus
1447 1727 1526 1762 juxta
1543 1729 1666 1762 corporis

881 1773 1007 1795 naturam
1024 1774 1232 1804 consumptum,
1247 1770 1294 1798 sed
1310 1779 1324 1798 a
1341 1771 1462 1806 piscibus
1489 1776 1518 1799 ut
1541 1773 1664 1799 arbitrati

881 1821 977 1841 sumus
995 1814 1170 1848 devoratum,
1184 1815 1289 1842 salvum
1305 1823 1352 1850 per
1368 1820 1393 1843 te
1406 1817 1570 1851 recepimus.
1590 1818 1666 1852 Euge

881 1860 1016 1894 gratiam;
1032 1867 1100 1895 euge
1112 1860 1244 1895 gloriam;
1261 1868 1330 1896 euge
1349 1862 1499 1896 potentiam
1519 1866 1545 1889 et
1564 1863 1667 1890 beneﬂ-

881 1906 954 1933 cium
970 1910 1046 1933 tuum
1060 1927 1068 1939 ,
1087 1914 1104 1933 ο
1124 1911 1228 1934 sancte.
1252 1906 1309 1935 Hoc
1332 1908 1414 1943 igitur
1438 1908 1519 1936 modo
1539 1914 1665 1937 sanctum

882 1958 944 1979 eum
958 1951 1088 1987 lacrymis
1098 1955 1125 1979 et
1139 1952 1382 1980 acclamationibus
1391 1954 1540 1988 prosecuti,
1549 1962 1665 1990 puerum

882 1996 1018 2030 tollentes,
1048 2005 1177 2025 revenere
1206 1997 1318 2026 domum
1330 2015 1342 2032 ,η
1364 1999 1477 2028 cunctis
1501 2001 1666 2029 miraculum

882 2047 1053 2070 enarrantes.

917 2087 988 2115 XIV.
1019 2088 1089 2121 Quid
1116 2096 1187 2124 ergo
1205 2096 1269 2116 cum
1293 2089 1337 2118 his
1361 2090 1553 2120 conferemus?
1577 2092 1665 2121 Etiam

883 2133 1035 2162 aiuntolim
1050 2135 1134 2162 tilium
1149 2140 1286 2164 mortuum
1303 2137 1384 2164 matri
1402 2138 1519 2173 prOpria:
1531 2138 1668 2167 viventem

884 2179 1034 2208 reddidisse
1047 2186 1078 2214 σς
1102 2181 1173 2216 quod
1189 2185 1216 2208 et
1227 2189 1355 2216 magnum
1373 2185 1416 2209 est
1434 2187 1461 2210 et
1478 2184 1557 2212 valde
1580 2185 1668 2212 admi-

885 2225 981 2252 rabile.
1002 2224 1054 2252 Sed
1072 2229 1099 2252 et
1118 2225 1252 2260 referunt,
1265 2227 1298 2254 ad
1310 2226 1393 2255 Elisei
1408 2228 1556 2264 aliquando
1576 2231 1666 2264 sepul-

885 2279 961 2298 crum
975 2271 1120 2306 quemdam
1130 2273 1165 2300 ab
1172 2272 1310 2308 aliquibus
1330 2274 1475 2302 liomicidis
1494 2275 1666 2303 interfectum

884 2323 917 2343 ac
927 2316 954 2343 in
965 2324 999 2344 eo
1007 2317 1169 2352 projectum,
1177 2319 1271 2346 statim
1282 2320 1468 2348 resurrexisse
1479 2329 1512 2348 ac
1522 2321 1622 2349 vixisse
1636 2323 1648 2342 ἀ
1658 2331 1670 2349 ι

885 2361 958 2397 quod
972 2363 1063 2397 priore
1082 2364 1172 2398 majus
1196 2369 1239 2392 est
1252 2369 1336 2400 atque
1358 2367 1523 2394 mirabilius.
1549 2367 1582 2395 Et
1603 2376 1672 2395 vero

885 2407 957 2435 inter
971 2415 1019 2436 eos
1033 2408 1080 2443 qui
1095 2409 1129 2436 ad
1141 2416 1192 2437 nos
1204 2410 1350 2444 pertinent,
1364 2410 1461 2439 Petrus
1479 2413 1671 2447 apostolorum

884 2459 988 2486 vertex,
1002 2454 1075 2482 illam
1091 2463 1242 2490 pauperum
1257 2457 1380 2485 altricem
1395 2459 1506 2486 viduam
1522 2459 1670 2488 Tabitham

884 2504 1033 2532 mortuam,
1047 2500 1141 2527 eadem
1156 2501 1224 2528 hora
1235 2502 1361 2536 precibus
1372 2503 1514 2531 suscitavit
1527 2504 1561 2530 ad
1573 2504 1666 2534 vitam.

885 2545 950 2575 Haec
967 2547 1092 2581 equidem
1107 2547 1246 2575 mirabilia
1261 2553 1325 2576 sunt
1347 2553 1375 2576 et
1400 2549 1480 2585 longe
1501 2550 1669 2579 clarissima,

885 2592 920 2619 At
934 2599 1054 2627 praesens
1074 2592 1237 2620 miraculum
1250 2598 1383 2628 quantum
1402 2602 1434 2622 ea
1453 2597 1612 2629 exsuperat!

923 2637 981 2665 XV.
996 2638 1030 2666 Et
1041 2639 1102 2666 vide
1113 2639 1180 2666 mihi
1191 2643 1273 2674 atque
1288 2640 1433 2668 considera
1444 2641 1569 2669 miraculi
1582 2643 1668 2670 excel-

885 2683 1006 2711 lentiam.
1032 2683 1106 2712 Etias
1131 2684 1261 2719 quidem,
1280 2692 1312 2713 ut
1337 2691 1400 2714 ante
1425 2687 1557 2721 diximus,
1585 2689 1672 2715 modo

886 2735 1023 2758 mortuum
1039 2738 1164 2765 puerum,
1178 2731 1280 2766 quique
1297 2733 1416 2760 nondum
1435 2732 1595 2767 refrixerat,
1619 2735 1671 2762 sedi

887 2777 976 2804 adhuc
994 2781 1100 2804 naturae
1111 2777 1228 2805 calorem
1241 2779 1428 2813 conservabat,
1443 2772 1595 2808 suscitavit.
1614 2780 1668 2808 Eli-

81 2855 94 2869 ι
113 2847 185 2877 Psal.
203 2854 292 2880 uvn,
309 2846 353 2874 36.
393 2847 406 2867 δ
426 2845 497 2874 Psal.
514 2844 661 2878 cxttr,l9.
678 2846 735 2875 elil
752 2847 817 2884 Reg.
841 2857 906 2876 xvn.
946 2848 958 2868 ιι
975 2847 1007 2874 lV’
1029 2847 1093 2883 ιιι-ε.
1114 2856 1172 2875 xm.
