2290 3110
605 155 658 182 615

1144 148 1317 177 APPENDIX
1336 147 1381 174 AD
1401 147 1429 174 S.
1451 147 1670 175 CLEMENTEM.
2184 147 2228 174 δα

603 213 651 240 8ςυί
669 216 759 239 autem
770 211 860 239 virtus
884 210 992 239 duabus
1004 207 1038 235 de
1051 204 1144 233 causis
1154 203 1320 232 miraculum
1329 211 1390 238 prr-
1404 205 1428 234 Α
1447 202 1507 229 Ἐλυ

1329 211 1390 238 pvr-
1404 205 1428 234 Α
1447 202 1600 229 Ἐλισσαίου
1622 203 1737 239 δύναμις
1761 203 1835 230 δυοῖν
1857 203 1952 232 εἵνεκα
1973 204 2069 232 alain
2087 203 2122 231 ιδ
2141 204 2228 240 θαῦμα

604 259 687 293 fecit;
709 266 762 286 uno
778 259 901 293 quidem,
913 255 1061 286 ostendens
1074 253 1233 290 prophetam
1252 250 1298 286 qui
1312 251 1390 284 igno-

604 305 734 338 rabatur;
759 305 812 332 alia
840 312 916 337 vero,
943 311 998 331 non
1023 301 1176 330 concedens
1186 298 1287 326 caedem
1306 297 1388 323 etiam

604 356 667 387 post
684 356 810 379 mortem.
827 350 925 378 Petrus
936 353 1028 377 autem
1039 355 1089 376 sua
1101 347 1213 378 virtute,
1227 349 1254 371 et
1263 343 1389 378 precibus

604 406 698 426 eorum
715 397 762 433 qui
776 405 792 424 a
803 397 884 424 vidua
899 395 1032 423 beneﬁcio
1043 394 1153 422 fuerant
1168 391 1256 419 allecti
1272 390 1389 424 sumptis

605 445 632 472 in
650 445 792 476 auxilium,
808 443 866 478 ipse
878 449 987 478 quoque
1002 449 1062 469 eam
1080 439 1162 467 modo
1177 438 1333 466 defunctam
1346 443 1390 464 re-

605 490 756 518 suscitavit.
771 490 806 516 At
817 493 928 517 sanctus
943 492 1046 522 martyr
1068 486 1210 518 Clemens;
1230 492 1246 512 ο
1268 483 1389 511 miracu-

605 537 661 564 lum
676 537 682 563 !
709 543 763 563 non
778 540 918 563 mortuum
931 538 1078 566 recentem,
1094 532 1141 560 sed
1156 538 1290 564 annuum,
1302 529 1345 557 vel
1359 532 1390 556 ut

604 582 702 610 melius
713 578 813 613 dicam,
822 588 884 608 eum
895 579 943 615 qui
953 580 981 606 in
995 585 1159 613 unoquoque
1169 580 1307 604 momento
1314 576 1389 611 ejus-

604 635 658 663 que
674 627 835 654 tenuissima
846 631 923 661 parte
936 625 1122 656 moriebatur,
1139 630 1254 658 puerum
1276 629 1390 649 conser-

604 673 687 700 vavit.
713 672 745 700 Et
769 672 845 700 scitis
860 678 956 699 omnes
973 670 1019 705 qui
1041 669 1081 698 rei
1103 668 1254 704 periculum
1273 667 1388 700 fecistis,

604 721 708 752 quanto
720 722 841 752 tempore
848 716 995 744 verisimile
1005 720 1064 743 erat
1080 722 1195 751 puerum
1209 715 1238 742 in
1251 713 1388 749 profundo

605 768 660 791 tam
672 768 749 791 vasto
762 763 929 791 conservari.
948 756 951 766 ’

640 809 709 837 XVI.
733 809 832 836 Verum
861 809 927 836 mihi
943 809 1086 844 diligenter
1108 807 1307 841 consideranti,
1332 815 1389 835 non

604 863 689 884 unum
712 862 848 883 mortuum
872 864 879 882 :
901 856 949 882 sed
964 859 1068 890 quanto
1081 855 1212 889 temporis
1223 854 1311 888 spatio
1333 854 1389 881 sci-

604 911 665 930 mus
678 910 793 938 puerum
808 902 835 929 in
856 910 927 937 aqua
942 901 1082 934 sull'ocari,
1098 901 1125 928 id
1141 905 1248 935 lempus
1260 905 1389 935 repeten-

604 953 645 976 tes
670 955 757 983 eaque
774 948 917 976 intervalla
943 947 1129 979 remetientes,
1155 946 1326 973 inveniemus
1350 949 1390 973 tot

605 1000 728 1022 mortuos
743 1001 759 1022 a
785 998 883 1022 sancto
910 992 1000 1021 fuisse
1024 993 1182 1021 suscitalos.
1203 991 1334 1027 Quodque
1348 995 1391 1020 est

603 1040 805 1073 admirabilius,
828 1047 881 1067 non
907 1040 942 1067 ab
957 1046 1092 1074 aquarum
1117 1038 1251 1066 duntaxat
1273 1037 1391 1066 sull'oca-

604 1088 688 1120 tione,
702 1087 749 1114 sed
773 1091 802 1114 et
822 1094 837 1113 a
852 1085 1004 1114 bestiarum
1023 1085 1135 1113 laesione
1153 1091 1267 1120 puerum
1285 1089 1390 1112 tutatus

603 1139 656 1163 est.
671 1135 693 1162 0
707 1134 838 1169 gratiam!
855 1141 873 1161 ο
885 1134 1014 1161 virtutem
1039 1140 1100 1168 qua:
1115 1137 1232 1167 utraque
1252 1131 1390 1166 Ostendit;

603 1186 632 1208 et
653 1188 730 1216 aquai
745 1179 901 1215 compedes,
916 1183 944 1206 et
967 1178 1119 1206 belluarum
1143 1177 1388 1213 propulsationem.

603 1226 644 1253 Ad
662 1226 718 1253 haec
729 1224 794 1260 quid
820 1224 930 1252 dicitis?
950 1222 1047 1251 Nonne
1072 1223 1125 1250 hoc
1148 1222 1312 1250 miraculum
1336 1222 1391 1249 alia

604 1272 734 1306 Superat?
749 1270 806 1299 Nisi
818 1270 881 1306 quis
895 1277 946 1297 nos
960 1269 1030 1296 male
1043 1272 1165 1302 accuset,
1181 1273 1212 1296 ut
1230 1268 1296 1295 illud
1308 1276 1390 1304 super

604 1317 738 1344 miracula
753 1316 913 1352 prophetica
931 1314 1104 1342 extollentes.
1117 1313 1196 1342 Nulla
1207 1321 1267 1341 eam
1286 1314 1322 1341 ob
1332 1321 1390 1341 rem

605 1371 657 1391 nos
672 1363 777 1390 macula
794 1362 918 1397 attinget.
937 1360 1045 1388 Etenim
1066 1364 1159 1395 aperte
1181 1360 1258 1388 scitis
1280 1367 1389 1387 sacrum

606 1414 752 1443 martyrem
770 1409 797 1436 in
811 1408 905 1436 eadem
922 1407 1008 1443 gloria
1023 1410 1050 1434 et
1065 1407 1092 1434 in
1109 1406 1205 1435 iisdem
1226 1407 1390 1434 tabernacu-

605 1456 640 1483 lis
654 1463 715 1483 esse
733 1462 795 1482 cum
810 1454 913 1482 sanctis
924 1454 1100 1490 martyribus,
1112 1453 1252 1489 apostolis,
1273 1453 1391 1489 prophe-

605 1501 653 1533 tis,
669 1500 791 1534 ipsisque
804 1499 919 1535 angelis.

1441 249 1580 276 τετέλεκεν
1587 257 1594 264 ⁸
1605 250 1645 275 ἐνὶ
1654 250 1714 285 μὲν,
1723 250 1904 286 ἀγνοούμενον
1913 252 2055 287 προφήτην
2062 251 2230 282 δεικνύουσα,

1441 295 1527 330 ἑτέρῳ
1543 295 1582 327 δὲ,
1600 296 1638 332 μὴ
1656 296 1834 332 συγχωροῦσα
1849 297 1928 332 φόνον
1944 297 1991 323 καὶ
2014 297 2085 333 μετά
2109 297 2228 324 θάνατον.

1447 339 1476 366 '0
1490 340 1520 366 δέ
1530 349 1563 374 γε
1575 341 1679 376 Πέτρος
1690 342 1726 376 τῇ
1738 341 1791 377 ἰδίᾳ
1799 341 1924 377 δυνάμει,
1937 342 1983 368 καὶ
1993 342 2043 377 τὴν
2058 341 2114 368 τῶν
2129 341 2230 376 εὐεργε-

1440 386 1579 421 τουμένων
1595 387 1673 422 παρὰ
1687 388 1737 422 τῆς
1749 389 1837 423 χήρας
1857 388 1940 424 εὐχὴν
1963 388 2098 423 συνεργὸν
2115 387 2228 422 λαθόμε-

1441 440 1496 463 νος,
1513 432 1575 468 ἄρτι
1592 433 1640 459 καὶ
1649 432 1730 464 αὐτὸς
1745 426 1846 468 ταύτην
1869 432 2001 460 θανοῦσαν
2021 433 2228 468 ὲξανεπήσατο.

1447 477 1476 504 ⁸0
1493 477 1522 504 δέ
1541 486 1573 512 γε
1586 478 1751 514 ἰερομάρτυς
1772 479 1898 515 Κλήμης,
1914 476 1937 506 ὦ
1951 479 1999 506 τοῦ
2012 479 2155 514 θαύματος
2166 480 2172 505 l
2184 479 2230 504 οὐκ

1441 523 1592 559 ἀρτιθανῆ,
1614 524 1672 550 ἀλλ’
1688 526 1865 557 ἐνιαυσιαῖον,
1890 525 1907 559 ἢ
1926 525 2024 561 μᾶλλον
2052 526 2142 551 εἰπεῖν
2173 516 2229 551 καθ’

1442 570 1561 606 εκάστην
1582 571 1700 606 στιγμὴν
1723 572 1771 598 καὶ
1799 571 1900 606 ταύτης
1920 572 1960 607 τῷ
1985 571 2145 606 λεπτοτάτῳ
2167 572 2230 598 ἀπο.

1443 615 1594 652 θνήσκοντα
1606 617 1688 644 παῖδα
1702 617 1840 650 διέσωζεν.
1850 618 1904 644 Καὶ
1916 618 1972 644 ῐστε
1981 618 2082 649 πάντες
2096 618 2122 643 οἱ
2138 626 2230 643 πεπει-

1445 663 1554 699 ραμένοι
1568 663 1615 689 τοῦ
1624 663 1794 698 πράγματος,
1808 663 1890 690 πόσον
1899 663 1972 695 εἰκὸς
1987 661 2021 699 ἧν
2034 663 2119 690 παῖδα
2125 664 2156 689 ὲν
2164 664 2229 689 οὕτω

1443 707 1553 744 ἀπλέτῳ
1565 708 1639 744 βυθῷ
1652 708 1831 741 διασώζεσθαι
1843 709 1948 745 χρόνον.

1478 807 1550 835 XVI.
1565 808 1645 836 Ἀλλά
1656 817 1700 844 μοι
1708 807 1831 844 ἀκριϐῶς
1842 808 1995 840 σκοποῦντι,
2008 808 2057 843 οὺχ
2065 808 2116 834 ἕνα
2127 809 2227 844 νεκρὸν,

1443 853 1500 880 ἀλλ’
1514 853 1580 888 ὅσην
1601 853 1676 888 ὥραν
1689 853 1767 888 ἴσμεν
1780 853 1809 879 ἐν
1826 852 1901 879 ὕδατι
1915 853 1996 880 παῖδα
2019 853 2176 887 πνίγεσθαι,
2187 854 2228 879 τὸν

1440 899 1536 935 χρόνον
1563 898 1779 931 ἀναποδίζοντες,
1807 899 1855 926 καὶ
1879 899 1979 930 ταύτας
2003 899 2227 934 ἀναμετροῦντες,

1439 945 1583 977 τοσούτους
1595 945 1709 980 νεκροὺς
1720 946 1867 971 ἀνεστᾶναι
1880 945 1927 971 τὸν
1940 945 2017 978 ἆγιον
2032 946 2226 981 ἐφευρήσομεν.

1440 990 1494 1018 Καὶ
1507 990 1538 1017 τὸ
1554 990 1586 1026 δὴ
1615 990 1845 1026 θαυμαστότερον,
1865 990 1906 1016 ὅτι
1921 990 1952 1016 οὺ
1974 990 2026 1026 τῆς
2048 991 2104 1016 τῶν
2130 991 2228 1017 ὑδάτων

1442 1036 1522 1072 μόνον
1535 1035 1697 1071 πνιγμονῆς,
1711 1035 1778 1062 ἀλλά
1804 1036 1851 1062 καὶ
1873 1036 1923 1071 τῆς
1939 1036 2042 1072 θηρίων
2060 1037 2164 1072 βλάὃης
2186 1038 2227 1063 τὸν

1440 1082 1524 1109 παῖδα
1546 1081 1684 1114 διέσωζεν.
1707 1082 1739 1108 Ὢ
1759 1082 1879 1118 χάριτος,
1901 1082 2079 1118 ὢδυνάμεως
2091 1084 2228 1118 ἀμφότερα

1440 1126 1628 1162 δεικνυμένης,
1645 1127 1692 1153 καὶ
1708 1127 1748 1162 τῷ
1762 1127 1838 1153 ὕδατι
1860 1127 1972 1163 πέδησις
1985 1128 2018 1158 ³³,
2040 1129 2088 1154 καὶ
2104 1128 2159 1154 τῶν
2182 1128 2226 1162 θη-

1443 1173 1509 1209 ρίων
1523 1173 1699 1209 ἀμυντήριον.
1726 1173 1798 1208 Πρὸς
1815 1172 1902 1199 ταῦτα
1915 1173 1941 1200 τί
1965 1181 2052 1207 φατες
2072 1173 2131 1208 uox
2148 1174 2227 1208 ὑπὲρ·

1441 1226 1529 1245 κειται
1540 1218 1572 1244 τὸ
1586 1217 1678 1253 θαῦμα
1691 1218 1745 1244 τῶν
1759 1218 1846 1245 ἄλλων
1858 1227 1865 1251 ;
1879 1219 1910 1245 Εἰ
1924 1219 1961 1254 μή
1977 1227 2019 1250 τις
2044 1219 2120 1254 ἡμᾶς
2141 1219 2227 1249 uxr};

1442 1263 1659 1300 καταμέμψοιτο,
1683 1265 1721 1295 ὡς
1736 1264 1914 1300 προφητικῶν
1928 1263 2008 1290 τοῦτο
2024 1264 2173 1299 θαυμάτων
2187 1265 2227 1290 ὐπ-

1440 1309 1597 1346 εξαίροντας
1611 1310 1644 1337 ’³.
1658 1310 1752 1341 Οὐδεὶς
1766 1310 1843 1345 ἡμῶν
1857 1310 1952 1346 μῶμος
1966 1311 2063 1337 τούτου
2072 1311 2154 1346 χάριν
2167 1311 2226 1337 καθ-

1440 1355 1549 1390 άψεται.
1573 1355 1628 1381 Καὶ
1660 1355 1750 1381 οἴδατε
1773 1354 1827 1390 γὰρ
1848 1355 1941 1390 σαφῶς
1964 1355 2010 1382 τὸν
2034 1356 2225 1392 ίερομὰρτυρα,

1441 1400 1489 1427 καὶ
1503 1400 1594 1433 ὁσίων,
1608 1400 1656 1427 καὶ
1680 1399 1836 1436 μαρτύρων,
1853 1401 1901 1427 καὶ
1914 1401 2084 1434 ἀποστόλων,
2100 1402 2148 1428 καὶ
2166 1411 2226 1437 προ-

1441 1446 1545 1482 φητῶν,
1558 1447 1607 1473 καὶ
1617 1446 1741 1481 ἀγγέλων
1755 1446 1855 1481 αὐτῶν,
1867 1447 1994 1483 ὁμόδοξον
2005 1449 2141 1483 ὑπάρχειν
2153 1448 2228 1474 αὑτὸν

1442 1493 1488 1520 καὶ
1503 1493 1647 1528 σύσκηνον.

641 1555 723 1582 XVII.
743 1555 806 1589 Sed,
829 1563 846 1583 o
861 1559 1012 1591 martyrum
1033 1555 1172 1591 splendor,
1192 1560 1220 1583 et
1233 1560 1390 1584 sanctorum
1404 1558 1426 1587 c
1477 1561 1545 1589 XVI]

1322 1563 1390 1583 trum
1404 1558 1426 1587 C
1477 1561 1561 1590 XVII.
1570 1562 1650 1594 Ἀλλ’,
1664 1559 1687 1589 ὧ
1700 1562 1844 1598 μαρτύρων
1853 1562 2093 1598 ἀγλάϊσμα,ὁσίων
2099 1571 2126 1589 τι
2134 1563 2226 1597 ἐγκαλ-

606 1602 700 1635 decus,
715 1601 842 1637 primitiae
860 1602 1085 1635 hierarcharum;
1100 1601 1163 1629 vide
1177 1602 1250 1630 hunc
1268 1607 1295 1630 et
1315 1609 1391 1630 nunc

605 1652 766 1684 prazscntem
789 1652 901 1681 emtum,
930 1648 1005 1684 pium
1025 1651 1052 1675 et
1067 1646 1113 1675 Dei
1136 1652 1284 1682 amantem,
1307 1648 1354 1683 qui
1374 1655 1390 1675 a

605 1695 668 1722 vita:
682 1694 808 1722 ﬂuctibus
822 1693 945 1729 quotidie
970 1693 1168 1728 submergitur;
1185 1693 1240 1722 tuis
1263 1694 1391 1729 precibus

606 1741 721 1768 illaesum
738 1739 845 1768 custodi
860 1743 888 1767 et
910 1746 988 1767 serva
1002 1739 1185 1773 incolumem;
1201 1747 1234 1767 ac
1252 1739 1391 1768 dzemones

605 1786 653 1822 qui
674 1787 761 1814 instar
771 1785 893 1814 ferarum
909 1785 1071 1813 immanium
1084 1785 1220 1819 insiliunt,
1237 1787 1390 1822 animaeque

606 1832 775 1860 nobilitatem
786 1831 968 1859 devoraturos
982 1839 1012 1859 se
1024 1838 1085 1858 esse
1094 1831 1246 1864 minantur,
1261 1831 1392 1859 interces-

607 1879 718 1906 sionum
743 1881 852 1904 tuarum
870 1876 964 1911 jaculo
978 1876 1109 1912 expellas,
1126 1884 1143 1903 o
1157 1877 1341 1905 sanctissime.
1357 1878 1392 1905 At

606 1929 680 1952 certe
694 1929 722 1952 et
738 1932 797 1958 vos,
810 1928 838 1951 et
861 1922 1020 1950 ﬁdelissima
1044 1922 1231 1958 congregatio,
1250 1923 1305 1950 huc
1320 1923 1392 1961 agite

607 1971 685 2004 mihi,
700 1971 813 1999 obsecro
832 1979 840 1998 :
855 1978 903 2005 per
916 1970 989 1997 bona
1005 1969 1115 2005 Deoque
1137 1974 1215 2005 grata
1234 1976 1316 2004 opera
1341 1977 1392 1997 nos

608 2019 705 2053 dignos
725 2017 812 2045 sancti
827 2016 934 2052 gratiis,
945 2024 978 2043 ac
993 2015 1073 2043 donis
1084 2015 1243 2043 elliciamus.
1257 2014 1290 2042 Et
1303 2015 1391 2050 primo

607 2064 718 2100 quidem
733 2063 894 2091 charitatem
918 2070 983 2098 erga
999 2062 1085 2089 Deum
1110 2066 1138 2089 et
1157 2062 1228 2089 inter
1247 2069 1297 2089 nos
1317 2061 1392 2096 ipsos

609 2111 745 2138 sinceram
768 2117 800 2138 ac
819 2108 1044 2144 imperturbatam
1064 2115 1222 2140 servemus;
1235 2107 1332 2136 deinde
1357 2108 1392 2135 ab

608 2158 684 2185 omni
713 2156 868 2188 maledicto,
885 2154 960 2182 omni
983 2153 1136 2187 mendacio,
1157 2153 1232 2181 omni
1258 2153 1391 2188 perjurio,

609 2211 660 2231 nos
672 2208 859 2237 repurgemus.

644 2271 737 2299 XVIII.
754 2270 824 2297 Ante
846 2269 904 2297 hac
916 2275 980 2296 vero
993 2272 1020 2295 et
1033 2272 1094 2303 post
1114 2268 1172 2295 ha’c
1189 2268 1391 2304 eleemosynam

610 2318 754 2348 faciamus,
767 2323 828 2351 qum
842 2319 871 2344 et
885 2314 973 2349 magis
984 2314 1035 2342 scit
1050 2313 1134 2341 Deum
1151 2314 1269 2348 placare.
1283 2321 1315 2341 ac
1330 2322 1393 2349 pro-

610 2365 705 2400 pitium
726 2362 839 2390 reddere
861 2360 980 2397 peccatis
1004 2359 1117 2387 nostris.
1144 2359 1212 2392 Quis
1235 2359 1308 2387 enim
1333 2360 1394 2395 ejus

609 2409 722 2443 oblitus,
734 2416 847 2444 regnum
860 2407 907 2434 Dei
917 2405 1088 2442 possederit?
1098 2403 1182 2433 Nemo
1192 2411 1316 2433 nostrum
1330 2414 1395 2441 pra:-

611 2459 686 2483 texat
705 2456 905 2490 paupertatem,
925 2459 1006 2479 nemo
1027 2451 1199 2482 viduitatem,
1217 2457 1267 2478 nec
1290 2451 1392 2478 libero-

611 2508 673 2530 rum
697 2499 902 2532 educationem;
917 2497 1028 2533 l'rigidas
1044 2498 1093 2525 has
1106 2495 1329 2533 perniciosasque
1343 2504 1393 2524 ex-

611 2548 778 2576 cusationes;
790 2545 876 2573 Nemo
887 2549 1008 2573 vestrum
1022 2544 1103 2572 vidua
1122 2543 1168 2571 illa
1183 2543 1330 2578 pauperior
1340 2547 1393 2575 est,

612 2600 672 2628 quae
678 2591 744 2619 nihil
751 2591 823 2618 aliud
831 2594 929 2626 prater
938 2589 1070 2625 pugillum
1080 2588 1176 2616 farina!
1184 2589 1351 2624 possidebat,
1359 2588 1393 2616 ad

613 2639 670 2666 haec
677 2638 764 2665 alebat
771 2637 945 2672 liberos,quze
951 2640 1042 2663 tamen
1050 2643 1129 2663 suam
1140 2639 1187 2662 aut
1194 2634 1240 2661 lilii
1247 2635 1330 2662 vitam
1339 2641 1392 2661 non

612 2683 730 2719 praetulit
750 2682 976 2710 misericordiam.
986 2679 1025 2708 Ne
1040 2688 1192 2707 excusemus
1210 2679 1392 2707 excusationes

611 2732 639 2759 in
646 2730 757 2766 peccatis
763 2730 775 2750 ι
781 2729 856 2761 .Deus
868 2737 917 2756 non
926 2728 1053 2756 irridetur
1060 2727 1255 2762 "Aspiciamus
1262 2730 1350 2753 mente
1358 2725 1393 2752 ad

653 2787 711 2815 -ιιι
730 2786 796 2822 Reg.
813 2793 878 2814 xvn.
916 2786 931 2806 ιτ
945 2784 1089 2818 Psal.ch,
1111 2784 1129 2811 4
1149 2788 1160 2802 ε
1177 2781 1321 2814 ϐοι.νι,7.

1440 1609 1578 1645 λώπισμα,
1590 1609 1724 1644 ἰεραρχῶν
1732 1603 1895 1645 ἀκροθίνιον,
1911 1608 1948 1635 ἴδε
1955 1608 2036 1634 τοῦτο
2049 1608 2098 1635 καὶ
2106 1609 2142 1636 τὰ
2152 1610 2227 1635 νῦντὸ

1441 1654 1527 1690 παρὸν
1536 1653 1688 1689 σύνταγμα,
1696 1653 1727 1680 τὸ
1734 1654 1763 1680 εὑ
1767 1654 1844 1685 σεϐὲς
1850 1653 1898 1680 καὶ
1905 1653 2038 1688 φιλόθεον,
2047 1655 2094 1680 καὶ
2101 1655 2163 1681 καθ’
2175 1655 2227 1681 ἑκά-

1441 1710 1507 1737 στην
1516 1702 1569 1728 ὑπὸ
1577 1702 1631 1728 τῶν
1639 1701 1686 1729 τοῦ
1692 1701 1750 1737 βίου
1758 1701 1950 1737 κλυδωνισμῶν
1957 1703 2224 1738 καταποντιζόμενονε

1440 1748 1500 1779 ταῖς
1514 1748 1575 1779 σαῖς
1598 1747 1684 1779 λιταῖς
1700 1747 1819 1779 ἀϐλαϐὲς
1831 1747 1944 1783 φρούρει
1963 1756 1993 1774 τε
2010 1748 2058 1774 καὶ
2083 1748 2226 1783 περὶςωζε’

1441 1793 1489 1821 καὶ
1509 1794 1572 1826 τοὺς
1586 1793 1652 1821 ὡσεὶ
1668 1793 1754 1829 θῆρας
1766 1794 1879 1829 ἀγρίους
1894 1794 2086 1830 ὲπιπηδῶντας
2105 1795 2227 1829 δαίμονας

1441 1840 1488 1866 καί
1499 1841 1666 1875 καταφαγεῖν
1678 1840 1709 1866 τὸ
1722 1831 1772 1875 τῆς
1783 1840 1873 1875 ψυχῆς
1886 1840 1994 1875 εὐγενὲς
2006 1840 2226 1871 ὲπαπειλοῦγιας,

1441 1886 1480 1922 τῷ
1492 1886 1547 1913 τῶν
1562 1886 1615 1912 σῶν
1627 1885 1779 1922 πρεσϐειῶν
1787 1886 1903 1922 ἀκοντίῳ
1915 1885 2090 1919 ἀποδιώκοις,
2109 1887 2224 1913 trav-53:5.

1448 1929 1574 1958 ⁸Δλλ²οὗν
1597 1932 1645 1959 καὶ
1665 1931 1753 1967 ὑμεῖς,
1769 1928 1792 1958 ὧ
1811 1931 1971 1958 πιστότατον
1987 1931 2138 1967 ἄθροισμα,
2159 1932 2226 1958 δεῦτέ

1444 1977 1655 2014 μοιπαρακαλῶ-
1666 1977 1700 2004 δι’
1716 1977 1825 2012 ἀγαθῶν
1838 1978 1927 2013 ἔργων
1938 1978 1984 2004 καί
1996 1977 2130 2012 θεοφιλῶν
2144 1979 2226 2011 ἀξίους

1441 2023 1555 2055 ἑαυτοὺς
1570 2024 1624 2050 τῶν
1636 2023 1682 2050 τοῦ
1705 2022 1784 2058 ἁγίου
1799 2024 1916 2060 χαρίτων
1930 2025 1978 2051 καὶ
1989 2024 2099 2060 δωρεῶν
2110 2025 2225 2060 ἐργασώ-

1442 2068 1522 2105 μεθα.
1544 2069 1599 2096 Καὶ
1615 2069 1711 2106 πρῶτα
1733 2070 1782 2104 μὲν
1795 2069 1844 2105 τὴν
1865 2069 1933 2105 πρὸς
1955 2068 2021 2096 Θεὸν
2037 2070 2086 2096 καὶ
2103 2071 2226 2106 ἀλλήλους

1442 2117 1563 2152 ἀγάπην.
1576 2116 1708 2152 εἰλικρινῆ
1725 2116 1772 2142 καὶ
1781 2115 1914 2143 ἀθόλωτον
1927 2115 2122 2152 φυλαξιῦμεθα-
2138 2117 2226 2143 ἔπειτα

1442 2162 1534 2198 πάσης
1558 2161 1699 2197 λοιδορίας,
1725 2162 1771 2188 καὶ
1793 2162 1893 2193 παντὸς
1918 2161 2044 2196 ψεύδους,
2063 2163 2112 2189 καὶ
2142 2163 2225 2197 πάσης

1443 2208 1596 2244 ἐπιορκίας,
1611 2209 1724 2239 ἑαυτοὺς
1736 2208 1942 2243 ὲκκαθάρωμεν.

1478 2265 1632 2301 ΧνΙΙΙ.Πρὸ
1639 2265 1667 2291 δὲ
1675 2265 1776 2291 τούτων
1784 2265 1831 2291 καὶ
1841 2264 1910 2299 μετά
1922 2263 2018 2295 ταῦτα,
2027 2265 2078 2300 τὴν
2088 2265 2151 2300 ἐλεη
2156 2265 2227 2300 μσς-5-

1442 2321 1491 2348 νην
1505 2309 1747 2347 κατεργασώμεθα,
1758 2310 1775 2345 ἢ
1785 2311 1832 2336 καὶ
1841 2310 1941 2345 μᾶλλον
1950 2308 2002 2336 οἶδε
2010 2312 2057 2338 τὸν
2069 2311 2139 2338 Θεὸν
2152 2313 2223 2346 θερα-

1443 2357 1548 2389 πεύειν,
1566 2356 1688 2383 ἴλεών-τε
1713 2358 1801 2383 ποιεῖν
1820 2357 1881 2388 ταῖς
1902 2357 2051 2393 ἁμαρτίαις
2076 2358 2166 2392 ἡμῶν.
2185 2357 2224 2385 Τίς

1444 2402 1611 2439 γάριταύτης
1628 2402 1831 2438 ἐπιλαθόμενος,
1847 2402 1984 2438 βασιλείαν
2007 2403 2075 2429 Θεοῦ
2104 2403 2224 2439 κληρονο-

1445 2450 1557 2486 μήσειεν
1571 2457 1578 2482 ;
1592 2449 1695 2485 Μηδεὶς
1712 2449 1790 2485 ἡμῶν
1812 2449 1989 2485 προδαλέσθω
2014 2450 2123 2481 πενίαν,
2139 2449 2224 2485 innixi;

1443 2496 1566 2532 χηρείαν,
1580 2497 1648 2532 μήτε
1660 2496 1864 2531 παιδοτροφίαν,
1875 2495 1924 2527 τὰς
1935 2495 2043 2531 ψυχρὰς
2054 2495 2157 2526 ταύτας
2166 2503 2223 2530 τερο-

1445 2544 1541 2578 φάσεις
1557 2545 1604 2570 καὶ
1619 2542 1766 2579 ὀλεθρίους.
1777 2542 1870 2574 οὐδεὶς
1879 2541 1956 2576 ὑμῶν
1965 2542 2017 2576 τῆς
2030 2542 2117 2577 χήρας
2125 2541 2223 2575 ἐκείνης

1445 2590 1615 2625 πενέστερος,
1627 2589 1678 2624 τῆς
1688 2589 1770 2625 μηδὲν
1781 2589 1906 2624 ’ἑτερονεί
1919 2588 1957 2624 μὴ
1964 2587 2052 2623 δράκα
2060 2587 2223 2622 κεκτημένης

1445 2635 1571 2670 ἀλεύρου,
1584 2636 1630 2662 καὶ
1645 2635 1731 2662 ταῦτα
1745 2633 1987 2671 παιδοτροφούσης,
2004 2633 2051 2660 καὶ
2074 2633 2110 2669 μὴ
2136 2640 2215 2668 προτι·

1447 2681 1573 2717 μησάσης
1592 2682 1641 2717 τὴν
1660 2681 1728 2708 ἰδίαν
1742 2680 1825 2716 ζωὴν,
1850 2680 1867 2716 ἢ
1888 2681 1921 2716 τῇ
1935 2680 1960 2696 ε’
1972 2679 2019 2706 τοῦ
2040 2679 2146 2710 τέκνου,
2160 2677 2221 2711 ὑπὲρ

1445 2725 1491 2753 τὸν
1505 2726 1588 2753 ἔλεον.
1601 2726 1650 2761 Μὴ
1666 2724 1908 2761 προφασιζώμεθα
1920 2723 2088 2759 προφάσεις
2096 2724 2130 2751 ἐν
2140 2723 2210 2758 ἁμαρ

1253 2839 1369 2867 νΑιιιΑε
1391 2838 1593 2868 LECTIONES.

651 2894 674 2910 "
682 2893 701 2921 ί.
727 2892 846 2929 πέδησιν.
895 2891 920 2909 ²⁹
939 2891 959 2919 f.
974 2890 1182 2928 ὑπεραίροντας.
1221 2889 1243 2907 ³⁸
1261 2889 1279 2917 1.
1296 2889 1355 2926 τήν.
