2290 3110
31 108 76 135 619

430 109 461 137 S.
479 108 664 137 BABNABAS
683 109 896 138 ANSTOLUS.
915 125 949 130 —
962 109 1225 137 PROLEGOMENA.

813 180 845 207 ll.

1588 113 1641 139 ῐῖἴό

240 246 385 281 Oltcsxss,
401 249 447 276 lib.
462 258 481 282 ι,
495 254 589 277 contra
602 249 722 284 Celsum,
739 259 811 278 num.
829 251 874 283 63,
886 255 949 278 tom.
963 250 982 283 l,
995 259 1055 285 pag.
1068 249 1132 283 5'18,
1145 249 1210 276 edit.
1224 247 1314 275 Paris.
1326 247 1404 274 H55.

59 318 209 353 Γέγραπται
221 318 254 353 δὴ
270 319 300 344 ὲν
318 319 350 353 τῇ
370 319 496 355 Βαρνάϐα
512 319 642 355 καθολικῇ
663 320 805 355 Ἐπιστολῇ

31 361 115 388 ὅτι
130 361 272 394 ἐξελέξατο
292 363 356 394 τοὺς
382 363 464 395 ἰδίους
491 364 655 396 ἀποστόλους
685 364 805 400 Ἰησοῦς,

30 408 97 438 δντας
108 407 176 442 ὑπὲρ
189 408 281 434 πᾶσαν
296 408 410 443 ἀνομίαν
424 409 624 446 ἀνομωτέρους.
640 411 804 444 Philocaliw,

30 460 80 487 cap.
96 452 137 479 l'l.

895 319 1032 355 Scriptum
1051 327 1132 354 porro
1151 323 1191 347 est
1212 319 1239 346 in
1257 315 1389 344 Bamabm
1409 313 1545 341 catholica
1571 313 1635 348 Epi-

859 367 928 395 stola
942 374 950 392 :
1009 360 1155 401 Apostolus
1168 373 1183 392 a
1198 364 1263 392 .lesu
1287 362 1372 390 fuisse
1387 361 1498 394 electos,
1517 361 1564 396 qui
1586 361 1637 387 im-

856 412 933 448 probi
947 416 1026 440 eraut
1042 415 1071 438 ut
1085 411 1151 438 nulli
1165 410 1262 445 magis.
1275 409 1342 443 Cap.
1362 407 1388 434 5.

374 522 450 556 lusu,
469 522 536 558 Περὶ
550 523 653 558 ἀρχῶν,
668 523 715 550 lib.
731 530 772 556 ιιι,
786 531 845 557 cap.
860 522 888 555 2,
900 530 973 549 num.
988 522 1015 554 4,
1031 527 1095 548 tom.
1109 520 1129 553 l,
1142 529 1202 555 pag.
1219 522 1279 549 140.

60 589 150 618 Eadem
166 598 277 625 quoque
291 591 429 619 Barnabas
444 591 471 618 in
484 590 608 626 Epistola
624 599 672 619 sua
687 591 819 623 declarat.
832 598 894 618 cum
913 590 982 617 duas
995 589 1054 616 vias
1068 595 1128 616 esse
1144 588 1218 619 dicit.
1232 597 1314 616 unam
1341 589 1421 622 lucis,
1436 589 1548 616 alteram
1563 591 1636 614 teno-

29 635 136 668 brarum,
159 637 262 671 quibus
283 642 311 665 et
332 646 448 672 praesse
471 645 561 666 certos
578 647 704 674 quosque
724 639 834 675 angelos
855 639 943 666 dicit:
960 638 1009 665 \iae
1023 637 1133 672 quidem
1155 637 1233 669 lucis,
1245 637 1355 672 angelos
1380 636 1441 670 Dei;
1462 636 1635 664 tenebrarum

29 687 106 709 autem
117 682 175 714 vite,
193 683 307 718 angelos
322 683 441 712 Satanaz.
455 684 525 720 Cap.
547 684 589 711 l8.

306 762 373 799 Lege
390 767 426 792 sis
441 766 558 801 ejusdem
576 766 699 802 Origem's
713 767 760 793 lib.
785 774 792 792 ι
809 766 952 800 Explanat.
966 764 994 791 in
1008 763 1093 799 Epist.
1111 764 1144 791 ad
1166 763 1244 791 Rom.
1256 771 1275 797 ι,
1292 763 1338 791 24.

134 987 233 1017 Ruﬁno
252 990 404 1026 interprete.

54 1043 110 1073 Post
123 1046 179 1073 haec
186 1047 246 1082 jam
260 1049 394 1083 scriptura
404 1054 454 1081 est,
469 1057 529 1084 quzc

27 1090 111 1117 dicitur
128 1091 213 1120 Actus
235 1093 332 1127 Pauli;
348 1094 395 1122 sed
411 1100 437 1122 et
451 1095 529 1123 libel-

27 1137 61 1163 ius
72 1138 112 1171 qui
125 1139 279 1174 appellatur
286 1139 408 1169 Pastoris
418 1150 425 1175 ;
440 1147 467 1169 et
476 1141 529 1169 Re—

27 1184 110 1212 relatio
132 1184 227 1220 Petri,
254 1187 290 1214 de
314 1188 414 1222 quibus
445 1196 527 1223 quam

27 1230 128 1258 maxime
149 1231 302 1259 dubitatur.
326 1232 424 1261 Fertur
446 1235 528 1262 etiam

27 1275 139 1304 Βαηιαικε
153 1278 282 1312 epistola.

131 1427 231 1456 Ruﬁno
249 1429 401 1465 interprete.

53 1481 78 1509 ln
106 1483 181 1512 libris
215 1484 465 1518 lnformationum,
498 1491 527 1513 ut

26 1528 126 1556 breviter
138 1531 226 1558 dicam
241 1552 250 1564 ,
278 1531 432 1559 universam
454 1532 525 1566 pari-

26 1577 60 1600 ter
72 1574 235 1611 Seripturam
251 1577 373 1604 divinam
397 1584 525 1612 compen-

26 1619 97 1649 diosis
107 1623 345 1651 dissertationibus
355 1623 523 1658 explanavit:

28 1667 49 1694 in
64 1669 156 1703 quibus
170 1671 205 1698 né
219 1679 252 1698 ea
269 1670 379 1706 quidem
392 1678 452 1706 quae
464 1679 526 1706 apo-

26 1715 111 1748 crypha
120 1723 134 1743 a
143 1716 308 1751 quibusdam
319 1717 452 1744 habentur
461 1724 528 1752 prat-

26 1760 102 1794 teriit;
118 1766 147 1789 ut
160 1766 202 1790 est
215 1761 291 1790 Petri
306 1761 445 1790 Revelatio

802 845 844 872 ll‘l.

545 918 688 952 EUSEBIUS,
701 917 769 945 Hist.
785 916 864 950 θοοὶ,
878 916 924 942 lib.
938 923 978 948 ιιι,
991 922 1049 948 cap.
1061 913 1107 940 25.

608 1045 651 1071 Ἐν
664 1045 720 1075 τοῖς
734 1042 821 1073 νόθοις
832 1040 1024 1075 κατατετάχθω
1036 1040 1083 1066 καὶ

565 1091 619 1118 τῶν
642 1090 750 1117 Παύλου
765 1088 894 1123 Πράξεων
913 1087 929 1122 ἡ
951 1086 1057 1122 γραφὴ,
1069 1087 1082 1112 ὅ

564 1145 594 1164 τε
616 1137 760 1172 λεγόμενος
786 1135 908 1170 Ποιμὴν,
924 1133 1082 1168 καὶήἊπο-

565 1183 681 1217 κάλυψις
700 1181 814 1217 Πέτρου,
834 1180 880 1207 καὶ
897 1180 964 1216 πρὸς
979 1177 1083 1210 τούτοις

565 1232 582 1267 ὴ
611 1229 747 1266 φερομένη
782 1226 909 1263 Βαρνάϐα
942 1225 1081 1262 ἐπιστολή.

565 1279 635 1312 Lege
649 1274 843 1310 Nicephorum,
856 1272 903 1299 lib.
919 1280 949 1304 ιι,
962 1279 1022 1306 cap.
1036 1270 1080 1298 46.

612 1356 691 1389 lusu,
709 1354 789 1387 ibid.,
802 1353 848 1380 lib.
861 1360 901 1386 vr,
912 1359 973 1387 cap.
989 1352 1033 1379 ll.

605 1428 648 1454 ‘Ev
659 1427 689 1454 δὲ
701 1424 988 1457 ταῖςὙποτυπώσεσι,
1006 1423 1083 1457 ξυνε-

563 1474 642 1501 λόντα.
655 1473 752 1505 εἰπεῖν,
765 1472 854 1506 πάσης
865 1470 914 1506 τῆς
926 1469 1082 1505 ὲνδιαθήκου

564 1518 676 1555 Γραφῆς
699 1515 917 1552 ὲπιτετμημένας
937 1514 1083 1549 πεποίηται

561 1563 700 1599 διηγήσεις
711 1570 716 1574 -
733 1561 769 1596 μὴ
781 1560 809 1587 δὲ
821 1559 870 1591 τὰς
883 1557 1083 1593 ἀναλεγομένας

564 1607 718 1645 παρελθών·
736 1607 786 1642 τὴν
812 1606 912 1638 Ἰούδα,
934 1604 1015 1638 λέγω,
1036 1604 1083 1630 καὶ

563 1657 612 1688 τὰς
634 1653 731 1685 λοιπὰς
757 1652 903 1684 καθολικὰς
923 1651 1081 1683 ἐπιστολάς·

564 1702 614 1738 τήν
635 1709 664 1727 τε
688 1699 815 1736 Βαρνάϐα
835 1699 882 1725 καὶ
903 1698 953 1733 τὴν
978 1697 1082 1733 Πέτρου

563 1747 713 1782 λεγομένην
734 1744 913 1779 ἀποκάλυψιν.
936 1743 1007 1778 Lege
1032 1742 1081 1769 Ni-

564 1793 716 1828 cephorum,
730 1790 778 1818 lib.
797 1799 834 1823 tv,
853 1797 913 1825 cap.
931 1790 975 1816 33.

1242 982 1350 1011 Valesio
1364 982 1514 1017 interprete.

1153 1042 1208 1070 Pro
1222 1041 1324 1076 spuriis
1338 1041 1454 1068 habendi
1474 1045 1538 1067 sunt
1551 1040 1632 1068 etiam

1118 1087 1203 1114 Actus
1219 1086 1315 1119 Pauli,
1331 1090 1358 1113 et
1373 1086 1442 1113 liber
1461 1086 1585 1114 Pastoris
1600 1087 1635 1113 ti-

1118 1133 1178 1161 tulo
1186 1133 1213 1159 in
1221 1131 1379 1167 scriptus,et
1387 1130 1527 1160 Revelatio
1541 1132 1613 1160 Petri
1625 1141 1632 1166 ;

1120 1179 1250 1206 Barnaba:
1265 1177 1328 1204 item
1342 1178 1464 1212 epistola.

1155 1423 1227 1451 Idem
1248 1422 1395 1457 (Clemens)
1412 1422 1438 1449 in
1460 1421 1537 1449 libris
1556 1422 1636 1449 Ὑπο-

1119 1470 1276 1503 τυπώσεων,
1290 1470 1423 1503 omnium,
1439 1475 1470 1496 ut
1485 1478 1539 1497 uno
1552 1471 1636 1498 verbo

1119 1516 1219 1548 dicam,
1231 1515 1374 1549 utriusque
1385 1513 1551 1542 Testamenti
1565 1514 1637 1542 Scri-

1119 1565 1197 1596 ptura
1203 1568 1262 1587 rum
1276 1560 1497 1595 compendiosam
1516 1561 1636 1588 instituit

1120 1607 1343 1639 enarrationem;
1372 1613 1406 1633 ne
1436 1606 1491 1633 illis
1525 1607 1635 1641 quidem

1119 1651 1310 1687 praetermissis
1334 1649 1495 1685 Scripturis,
1515 1651 1549 1678 de
1571 1651 1634 1686 qui-

1118 1698 1170 1725 bus
1182 1698 1252 1724 inter
1265 1696 1366 1724 multos
1379 1696 1525 1731 ambigitur
1540 1695 1634 1723 :Juda

1119 1741 1262 1778 epistolam
1288 1745 1314 1768 et
1339 1740 1488 1773 Barnabw,
1512 1749 1545 1768 ac
1569 1743 1633 1770 reli-

1117 1796 1187 1824 quas
1199 1787 1349 1815 catholicas
1360 1787 1490 1822 epistolas
1502 1787 1631 1823 intelligo,

1117 1839 1145 1862 et
1159 1834 1360 1862 Revelationem
1371 1841 1432 1868 quas
1439 1833 1538 1861 dicitur
1549 1833 1632 1862 Petri.

64 1917 149 1944 ‘Jllium
166 1919 253 1946 lorum
268 1919 376 1947 EDSEBH
392 1927 424 1946 ea;
437 1919 506 1948 llist.
523 1919 609 1954 Eccl.,
621 1920 667 1947 lib.
680 1928 718 1952 vr.
732 1929 791 1955 cap.
810 1920 860 1953 13,
876 1920 996 1954 superius
1010 1918 1148 1946 retulimus
1164 1918 1233 1944 inter
1252 1920 1367 1943 veterum
1386 1916 1534 1943 testimonia
1548 1917 1579 1944 de

666 1955 794 1990 Epistolis
808 1955 973 1983 ϐιειιειιτιε.

800 2035 845 2062 ιν.

251 2106 438 2138 Htsuouruus,
455 2105 503 2132 lib.
516 2104 555 2132 De
567 2104 634 2133 viris
645 2105 809 2138 illustribus,
821 2113 881 2140 cap.
900 2104 928 2137 6,
947 2112 1007 2131 cum
1021 2109 1104 2131 vetere
1119 2103 1210 2130 Graeco
1222 2104 1375 2140 interprete.

59 2174 185 2210 Bapvd6a;
205 2175 346 2211 Κύπριος,
369 2175 384 2200 ὁ
405 2175 452 2201 καὶ
470 2174 570 2209 Ἰωσὴφ
584 2173 710 2208 Λευίτης,
726 2173 795 2209 μετὰ

885 2173 1025 2201 Barnabas
1044 2173 1172 2209 Cyprius,
1188 2174 1235 2208 qui
1255 2179 1282 2202 et
1303 2174 1404 2210 Joseph
1427 2175 1545 2207 Levites,
1567 2183 1629 2202 cum

29 2221 178 2249 Παύλοοτῶν
189 2223 276 2249 ἐθνῶν
290 2221 434 2252 ἀπόστολος
446 2221 635 2253 κατασταθεὶς,
651 2220 714 2256 μίαν
727 2221 795 2255 πρὸς
846 2218 932 2246 Paulo

729 2221 795 2255 πρὸς
846 2218 932 2246 Paulo
944 2219 1065 2254 gentium
1079 2220 1220 2254 apostolus
1235 2221 1388 2253 ordinatus,
1401 2229 1483 2248 unam
1498 2221 1532 2248 ad
1546 2221 1630 2248 aedili-

29 2267 152 2304 οἰκοδομὴν
163 2269 212 2304 τῆς
232 2267 396 2302 Ἑκκλησίας
407 2267 548 2302 ἐπιστολὴν
565 2266 718 2300 συνέταξεν,
734 2266 795 2301 ἥτις
845 2265 933 2292 cation

734 2266 795 2301 ἥτις
845 2265 982 2292 cationem
1005 2263 1135 2291 Ecclesiae
1152 2265 1332 2299 pertinentem
1347 2265 1497 2300 Epistolam
1519 2273 1628 2301 compo-

30 2313 61 2344 εις
72 2313 115 2345 τὰς
127 2314 301 2350 ἀποκρύφους
315 2313 423 2349 γραφὰς
435 2313 660 2347 ἀναγινώσκεται.

846 2312 913 2343 suit,
928 2318 989 2345 qua:
1004 2310 1074 2337 inter
1090 2311 1261 2346 apocryphas
1275 2311 1428 2346 scripturas
1439 2312 1547 2346 legitur.

56 2391 112 2427 Lege
128 2394 242 2420 Adonem
264 2392 444 2424 Viennensem.
459 2393 487 2419 in
499 2392 566 2419 libro
582 2391 620 2420 De
635 2390 837 2422 festivitatibus,
850 2389 896 2415 ad.
911 2395 940 2414 ιιι
958 2386 1022 2414 Idus
1039 2385 1117 2418 Jun.;
1135 2385 1290 2420 Notkerum,
1304 2386 1467 2422 Freculfnm,
1483 2386 1628 2414 Honorium

29 2425 156 2462 Augustali.

452 2495 526 2527 lusu,
549 2494 596 2521 lib.
615 2503 664 2521 xui
679 2494 832 2522 Comment.
854 2493 882 2519 in
900 2491 1034 2519 Ezechiel.
1049 2497 1126 2522 mu,
1144 2489 1187 2516 l9.

60 2573 168 2613 Yitulum
183 2583 273 2606 autem
287 2579 334 2613 qui
352 2582 403 2613 pro
417 2578 497 2605 nobis
511 2577 668 2605 immolatus
684 2581 737 2608 est.
754 2580 782 2613 et
794 2575 879 2613 multa
893 2574 1098 2613 Scripturarum
1121 2572 1191 2604 loca,
1212 2577 1239 2600 et
1265 2572 1400 2607 przecipue
1417 2571 1551 2598 Barnaba:
1563 2571 1627 2606 Epi-

30 2610 87 2637 stola
97 2619 153 2645 qua:
166 2613 280 2641 habetur
291 2610 318 2640 in
336 2610 489 2649 scripturas
502 2613 683 2648 apocryphas,
699 2611 831 2638 nominat.
848 2610 916 2645 Cap.
931 2610 958 2637 8.

60 2666 125 2704 idem
139 2668 325 2702 HIERONI'IUS,
342 2669 473 2697 adversus
495 2668 666 2704 Pelagianos,
688 2667 741 2704 lib._
751 2675 795 2698 ιιι,
808 2675 867 2704 cap.
884 2667 913 2704 l,
927 2666 1059 2704 lacunas.
1082 2666 1214 2694 Barnaba:
1234 2666 1265 2693 de
1285 2665 1421 2700 apostolis,
1435 2663 1574 2690 laudatum
1594 2663 1625 2689 ab

32 2701 136 2736 Oiigeae,
151 2704 197 2731 lib.
214 2712 223 2731 1
236 2709 324 2732 contr.
339 2704 459 2737 Celsum,
473 2701 608 2739 perperam
622 2704 688 2730 citat
701 2702 746 2729 sub
762 2703 865 2729 nomine
880 2702 912 2728 B.
927 2701 1037 2736 Iguutii.

59 2759 214 2798 Etcsruoncs
228 2762 283 2790 ΟΡ.
301 2763 329 2790 in
346 2763 396 2798 ﬁne
406 2762 643 2798 .Chronographiaa
653 2769 708 2798 suae
723 2760 871 2798 βρίθεσι-ατη
887 2759 1018 2798 Βᾳνηαιιίε
1034 2764 1158 2796 posuerat
1173 2760 1242 2788 inter
1257 2757 1340 2786 libros
1360 2756 1429 2784 Novi
1455 2755 1624 2788 Testamenti,

31 2795 108 2826 litibus
124 2798 311 2833 matradictum
328 2795 390 2833 fuit,
404 2803 432 2825 ut
444 2803 516 2833 patet
524 2795 562 2826 ξπ
569 2795 708 2825 Anastasii
719 2795 919 2823 Bibliotherarii
932 2795 1057 2823 versione.

173 2843 306 2876 Ριτιιοι..
328 2844 388 2875 Gn.
417 2844 445 2874 ll

1467 2837 1504 2867 21
