2290 3110
607 117 654 146 631

1163 119 1191 149 8.
1210 120 1393 150 BARNABAS
1412 122 1589 152 APOSTOLU
1594 124 1622 151 5.

2176 124 2225 150 653

608 182 2217 198 ___—___________—______

852 244 1533 323 RECENTIORUM
1601 246 1970 324 JUDICIA

746 383 819 428 DE
855 384 1148 431 EPISTOLA
1173 387 1381 431 SANCTI
1423 386 1714 432 BARNABIE
1760 388 2078 436 APOSTOLI.

723 644 731 682 (
751 643 779 674 .l.
796 643 830 674 B.
859 642 1120 680 COTELERIUS,
1151 644 1260 674 Patres
1288 642 1475 682 Apostolici,
1496 646 1516 674 t.
1534 644 1561 680 Ι,
1580 653 1609 683 p.
1636 645 1665 682 5,
1695 644 1745 675 ed.
1762 644 1990 676 Amstelodami
2008 645 2111 685 1724.)

642 799 678 826 De
691 800 746 826 vita
760 805 783 827 et
799 800 902 826 nomine
919 799 1059 827 Barnabte.
1086 800 1214 828 Refertur
1234 809 1248 828 a
1265 801 1293 829 Β.
1312 801 1384 830 Luca
1399 807 1421 834 Α
1437 803 1561 831 scribens
1574 811 1581 830 :
1597 804 1635 830 Ab
1650 804 1775 838 apostolis
1789 803 1928 831 Barnabas
1942 804 1982 831 vel
1997 813 2006 830 ι
2017 804 2092 839 ﬁlius
2103 807 2224 832 consola-

601 844 692 873 Josem
709 853 757 873 seu
777 845 925 880 Josephum
939 867 946 879 ,
973 846 1092 874 Levitam
1105 867 1112 880 ,
1135 855 1233 882 genere
1256 847 1385 882 Cyprium

603 892 750 920 exstitisse.
771 891 880 919 Scilicet
902 900 933 919 ea
957 892 983 919 in
1008 893 1096 920 insula
1119 893 1229 928 plurimi
1254 893 1387 928 degebant

601 938 687 966 Judasi
704 948 711 965 :
727 946 742 965 a
760 938 860 973 quibus
884 943 995 973 postea,
1018 939 1170 973 imperante
1193 938 1330 974 Trajano,
1347 940 1386 967 uti

601 983 734 1011 discimus
748 991 796 1018 per
809 983 923 1011 Dionem
933 983 1059 1010 Cassium
1076 984 1103 1010 in
1116 983 1235 1011 Historia
1246 984 1319 1012 illius
1335 985 1386 1011 im—

601 1029 747 1063 peratoris,
761 1027 907 1056 Eusebium
919 1028 946 1055 in
967 1029 1109 1062 Chronico,
1119 1028 1258 1061 Orosium,
1274 1030 1322 1057 lib.
1336 1038 1385 1063 vu,

600 1082 660 1109 cap.
670 1074 713 1107 12,
725 1079 807 1109 atque
815 1075 898 1109 hujus
906 1074 1050 1108 asseclam,
1061 1074 1384 1110 pseudo-Hieronymum,

600 1125 717 1148 tractatu
731 1121 765 1148 de
779 1120 846 1148 locis
858 1128 891 1148 ex
904 1121 979 1148 Actis
993 1121 1180 1156 apostolorum
1190 1143 1198 1155 ,
1214 1122 1319 1150 inﬁnita
1336 1123 1386 1150 ho—

601 1167 705 1193 minum
724 1166 872 1194 multitudo
881 1166 1005 1201 iugulata
1025 1165 1094 1199 fuit,
1121 1166 1241 1202 urbsque
1257 1167 1385 1200 Salamis,

600 1212 750 1247 peremptis
765 1212 894 1240 omnibus
909 1212 1008 1240 incolis
1020 1232 1028 1244 ,
1052 1211 1177 1241 funditus
1191 1220 1297 1241 eversa.
1316 1213 1386 1241 Dicit

599 1259 680 1286 etiam
698 1258 786 1286 Lucas
799 1259 890 1287 Josem
902 1265 1053 1294 cognomen
1064 1258 1196 1286 Barnabas
1208 1260 1243 1286 ab
1255 1259 1386 1294 apostolis

600 1305 698 1332 tulisse
714 1305 780 1339 (quo
794 1305 963 1340 signiﬁcetur
975 1304 1034 1336 υἱὸς
1048 1304 1246 1340 παρακλήσεως
1256 1324 1263 1336 ,
1287 1304 1315 1331 id
1329 1310 1385 1338 est,

600 1351 673 1386 ﬁlius
686 1351 877 1378 consolationis
889 1355 914 1377 et
928 1350 1132 1377 exhortationis.
1145 1349 1298 1385 Utrumque
1313 1351 1385 1378 enim

599 1397 799 1433 παρακλήσεως
816 1397 947 1429 denotat;
972 1396 1098 1430 quamvis
1119 1395 1149 1422 Β.
1172 1394 1338 1431 Hieronymo
1353 1396 1386 1424 ad

601 1443 654 1470 Titi
672 1451 702 1476 ιι,
718 1443 769 1475 15,
787 1442 872 1477 magis
887 1441 1103 1469 consolationem
1119 1449 1200 1476 quam
1216 1441 1384 1469 exhortatio.

600 1497 663 1517 nem
675 1493 764 1516 sonet.
777 1487 872 1515 Tradit
886 1487 985 1522 quippe
999 1491 1110 1514 sanctus
1123 1487 1302 1522 Augustinus,
1318 1487 1386 1515 alios

599 1535 713 1563 verbum
725 1532 910 1570 παρεκλήθην,
919 1532 987 1568 psal.
1001 1539 1096 1565 mm,
1111 1532 1156 1565 52,
1169 1532 1281 1560 vertisse
1294 1541 1386 1559 conso-

599 1583 671 1609 latus
685 1588 758 1613 sum,
774 1580 842 1607 alios
858 1579 1011 1606 exhortatus
1026 1587 1095 1606 sum.
1114 1577 1148 1605 Et
1161 1583 1278 1614 utraque
1295 1579 1387 1606 versio

599 1625 721 1653 cernitur
738 1625 764 1651 in
782 1623 810 1651 S.
826 1623 947 1658 Hilario;
962 1623 1010 1658 qui
1025 1623 1058 1651 ad
1072 1623 1194 1659 ejusdem
1211 1624 1309 1659 psalmi
1324 1631 1386 1651 ver—

599 1671 718 1699 siculum
734 1670 777 1702 76,
796 1669 843 1696 τοῦ
859 1669 1049 1706 παρακαλέσαι
1070 1669 1160 1697 reddit
1174 1674 1204 1695 ut
1217 1669 1386 1701 exhortetur;

599 1718 746 1752 locumque
759 1716 883 1751 Apostoli
898 1715 918 1743 II
940 1715 1005 1743 Cor.
1023 1723 1049 1748 ι,
1069 1715 1102 1748 5,
1132 1715 1169 1742 ita
1184 1714 1262 1742 ell'ert
1279 1724 1285 1742 :
1300 1715 1386 1742 Bene—

599 1764 685 1791 dictus
698 1763 768 1790 Deus
778 1767 803 1789 et
810 1761 893 1789 Pater
902 1761 1011 1788 Domini
1020 1761 1103 1788 nostri
1114 1760 1178 1788 Jesu
1186 1760 1295 1794 Christi,
1305 1761 1388 1788 Pater

599 1810 808 1842 miserationum,
829 1812 855 1835 et
877 1806 948 1834 Deus
961 1807 1046 1833 omnis
1061 1807 1263 1840 exhortationis,
1278 1806 1324 1842 qui
1341 1813 1387 1833 ea;-

599 1856 722 1882 hortatur
743 1862 790 1882 nos
814 1854 842 1881 in
866 1853 938 1880 omni
967 1851 1147 1879 tribulatione.
1173 1850 1225 1879 Ubi
1250 1851 1385 1887 Vulgata:

599 1901 669 1928 Deus
702 1900 783 1927 totius
809 1898 1017 1931 consolationis,
1036 1897 1083 1933 qui
1104 1896 1258 1924 consolatur
1280 1904 1327 1924 nos
1358 1896 1387 1922 in

599 1946 670 1973 omni
685 1945 856 1972 tribulatione
870 1948 973 1976 nostra,
991 1949 1020 1970 ut
1035 1944 1167 1978 possimus
1182 1949 1206 1970 et
1224 1942 1276 1978 ipsi
1291 1950 1385 1970 conso-

599 1992 651 2019 lari
662 2000 704 2018 eos
719 1992 764 2027 qui
778 1992 806 2018 in
818 1991 889 2017 omni
902 1998 1026 2024 pressura
1039 1994 1111 2023 sunt,
1122 1998 1168 2024 per
1178 1989 1386 2016 exhortationem

599 2045 652 2072 qua
665 2037 836 2064 exhortamur
853 2041 878 2064 et
895 2037 947 2071 ipsi
963 2044 979 2062 a
994 2035 1060 2069 Deo,
1085 2039 1137 2062 etc.
1156 2035 1201 2062 Sic
1219 2035 1301 2062 etiam
1315 2034 1387 2069 apud

599 2081 766 2116 Luciferum,
782 2083 852 2109 libro
866 2081 905 2108 De
920 2090 970 2108 non
985 2081 1157 2108 conveniendo
1170 2089 1228 2107 cum
1244 2080 1384 2113 htereticis,

600 2129 654 2156 hoc
666 2129 748 2156 modo
760 2129 859 2155 citatur
871 2127 1029 2162 Apostolus,
1043 2127 1125 2154 Hebr.
1143 2135 1183 2159 In,
1199 2127 1230 2154 i5
1241 2136 1247 2153 :
1259 2126 1310 2154 Sed
1325 2135 1386 2154 cou-

599 2173 724 2201 solamini
747 2173 917 2207 vosmetipsos
928 2193 936 2206 ,
961 2180 1011 2208 pro
1032 2180 1088 2207 quo
1103 2171 1234 2207 Vulgatus
1252 2173 1386 2207 interpres
1399 2168 1421 2197 (Ζ

601 2219 792 2248 adhortamini.
807 2218 830 2245 A
839 2218 970 2253 Gregorio
982 2223 1073 2246 autem
1084 2218 1265 2251 Naaianzeno,
1279 2219 1307 2245 in
1322 2226 1385 2245 ora-

600 2266 675 2294 tione
688 2265 733 2298 56,
750 2265 925 2300 παράκλητος
939 2264 1042 2292 lJoan.
1055 2273 1090 2298 ιι,
1105 2265 1120 2292 1
1130 2286 1138 2299 ,
1154 2265 1299 2300 exponitur
1313 2273 1385 2300 παρ-

599 2312 710 2347 αινέτης
724 2331 732 2344 ,
763 2311 928 2338 exhortator.
944 2310 1082 2346 Multaque
1097 2311 1198 2338 similia
1215 2311 1318 2346 passim
1343 2318 1386 2338 re-

600 2358 700 2393 peries.
721 2357 844 2392 Denique
868 2361 979 2384 sanctus
997 2356 1160 2384 Ambrosius
1181 2357 1209 2384 in
1231 2357 1298 2384 illud
1314 2357 1386 2392 psaL

599 2411 695 2437 cxvut,
711 2402 761 2430 76:
772 2402 806 2430 Ut
820 2403 973 2430 exhortetur
986 2411 1038 2435 me,
1051 2403 1103 2430 ait:
1117 2403 1206 2438 Aliqui
1220 2403 1321 2430 codices
1337 2401 1387 2429 ha-

601 2450 660 2476 bent
676 2450 704 2476 in
726 2450 775 2476 hoc
796 2448 865 2483 loco,
889 2453 920 2476 ut
939 2449 1095 2476 consoletur
1117 2457 1170 2476 me.
1192 2448 1244 2476 Sed
1258 2449 1339 2475 etiam
1358 2448 1386 2475 in

601 2494 726 2529 Apostolo
754 2494 863 2529 legimus
891 2494 1101 2521 exhortationem
1130 2502 1178 2528 pro
1206 2494 1386 2521 consolatione

601 2540 710 2573 dictam,
725 2542 750 2566 et
765 2539 972 2566 consolationem
996 2547 1043 2574 pro
1062 2539 1257 2567 exhortatione.
1278 2539 1319 2567 Ex
1344 2539 1387 2566 his

568 2603 579 2614 λ
601 2584 708 2613 duabus
722 2585 965 2620 signiﬁcationibus
979 2585 1194 2621 παρακλήσεως,
1216 2585 1332 2620 primam
1358 2585 1386 2612 iu

601 2630 761 2664 explicando
774 2631 886 2658 nomine
900 2631 1030 2658 Barnabas
1041 2631 1190 2665 accipiunt,
1203 2630 1386 2658 (Ecumenius

571 2684 575 2688 ⁵
602 2675 637 2702 ad
650 2676 712 2703 Act.
727 2683 764 2708 iv,
780 2676 826 2709 56,
843 2676 907 2703 dum
919 2677 945 2704 id
960 2677 1080 2704 nominis
1094 2676 1152 2703 vult
1165 2683 1225 2704 esse
1237 2676 1386 2712 μαρτύριον

568 2736 579 2760 η
602 2720 704 2756 ἀρετῆς
719 2721 946 2758 φιλοικτίρμονας,
964 2728 991 2750 et
1005 2723 1194 2750 demonstrare
1209 2721 1386 2757 παραμυθίαν

603 2766 651 2792 καὶ
676 2767 816 2801 οῑκτιρμόν
828 2775 836 2798 ;
852 2766 988 2795 Nolkerus
1002 2768 1030 2794 in
1043 2767 1249 2803 Martyrologio,
1268 2771 1342 2793 tomo
1353 2766 1387 2793 γι

605 2812 728 2846 Antiqua:
738 2811 869 2840 Lectionis
882 2812 991 2841 Heurici
1008 2812 1123 2848 Canisii,
1135 2813 1168 2840 ad
1180 2820 1212 2840 ιιι
1225 2812 1288 2840 ldus
1298 2812 1383 2846 Junii,

1437 851 1517 876 tionis
1532 859 1541 875 ι
1555 855 1592 876 est
1604 855 1723 883 vocatus,
1739 858 1785 884 pro
1800 858 1829 876 eo
1836 850 1905 884 quod
1917 858 1977 876 cum
1986 850 2109 877 habuerit
2122 859 2224 885 agrum,

1436 900 1544 927 eumque
1559 893 1704 920 uendiderit
1714 914 1722 926 ,
1747 894 1860 928 pretium
1875 893 1931 928 ejus
1948 899 2009 921 ante
2022 894 2102 929 pedes
2118 900 2224 929 aposto-

1436 939 1533 970 lorum,
1557 941 1592 966 ad
1615 939 1819 966 consolationem
1833 948 1994 974 pauperum,
2019 941 2157 975 posuerit;
2179 949 2225 967 nec

1436 993 1490 1012 non
1522 985 1558 1012 illi
1588 985 1634 1020 qui
1663 985 1691 1012 in
1716 984 1898 1020 Hieronymo,
1922 985 1992 1012 libro
2014 985 2054 1012 De
2076 986 2224 1012 nominibus

1438 1031 1588 1065 Hebraicis,
1604 1035 1714 1058 vertunt
1731 1031 1803 1066 ﬁlius
1817 1030 2017 1058 consolationis.
2034 1030 2075 1058 Ad
2092 1031 2225 1066 posterio-

1436 1085 1494 1104 rem
1511 1084 1575 1104 vero
1597 1076 1680 1104 etiam
1703 1076 1930 1112 signiﬁcationem
1956 1076 2054 1104 adduci
2071 1080 2165 1111 potest
2179 1084 2224 1104 ex-

1436 1123 1537 1158 positio
1564 1123 1651 1150 sancti
1677 1121 1866 1158 Chrysostomi
1879 1141 1887 1153 ,
1911 1122 2023 1149 homilia
2041 1122 2074 1149 11
2092 1122 2122 1149 in
2137 1122 2203 1149 Acta
2218 1132 2224 1148 :

1438 1168 1588 1205 Βαρνάϐας,
1615 1169 1629 1194 ὃ
1655 1168 1729 1195 ἐστιν
1755 1168 1819 1201 υἱὸς
1837 1168 2065 1202 παρακλήσεως,
2094 1168 2150 1194 ὑπὸ
2175 1168 2225 1194 τῶν

1437 1213 1591 1241 ἀποστόλων
1603 1212 1797 1248 ἐπωνομάσθη·
1813 1213 1860 1240 καὶ
1874 1213 1947 1240 δοκεῖ
1963 1221 2008 1248 μοι
2024 1212 2081 1240 ἀπὸ
2095 1213 2147 1248 τῆς
2164 1213 2225 1248 ἀρί-

1436 1257 1485 1291 τῆς
1499 1255 1636 1291 εἰληφέναι
1649 1255 1679 1282 τὸ
1692 1257 1787 1292 ὄνομα,
1800 1256 1837 1288 ὡς
1850 1257 1919 1292 πρὸς
1933 1257 2011 1283 τοῦτο
2023 1257 2117 1289 ἱκανὸς
2131 1256 2170 1283 ὢν
2182 1258 2225 1284 καὶ

1437 1301 1597 1337 ἐπιτήδειος.
1616 1301 1770 1333 Barnabas,
1797 1304 1844 1330 hoc
1857 1308 1894 1330 est
1917 1314 1928 1331 ι
1949 1302 2022 1336 ﬁlius
2036 1303 2224 1330 consolationis

1436 1351 1461 1372 et
1477 1346 1680 1378 exhortationis,
1693 1356 1702 1372 ι
1721 1346 1752 1372 ab
1768 1346 1896 1381 apostolis
1910 1346 2113 1382 cognominatus
2129 1352 2179 1375 est.
2194 1347 2225 1373 Et

1437 1391 1501 1417 mihi
1517 1391 1632 1423 videtur,
1647 1399 1664 1418 a
1679 1392 1774 1418 virtute
1787 1399 1881 1418 nomen
1896 1392 2087 1426 assumpsisse,
2111 1393 2183 1427 quod
2193 1393 2226 1418 ad

1437 1436 1505 1463 illud
1516 1441 1594 1471 aptus
1604 1442 1671 1464 esset
1681 1445 1712 1464 ac
1724 1437 1842 1469 idoneus,
1856 1437 1888 1464 ad
1899 1437 2108 1472 consolandum,
2118 1445 2227 1472 nempe,

1402 1479 1423 1506 Β
1437 1491 1470 1511 ac
1485 1483 1698 1511 exhortandum.
1715 1484 1828 1511 Accedit
1842 1484 1896 1512 huc
1919 1483 2103 1519 veriloquium
2129 1483 2226 1512 Hiero.

1438 1530 1597 1564 nymianum
1614 1541 1619 1558 :
1637 1529 1786 1562 Barnabas,
1801 1530 1874 1564 [ilius
1888 1530 2037 1564 prophetat,
2051 1534 2100 1557 aut
2112 1531 2228 1564 prophe-

1439 1575 1494 1607 tite,
1511 1576 1563 1603 hoc
1585 1581 1627 1603 est
1651 1576 1792 1611 propheta.
1822 1575 2020 1610 Prophetarum
2042 1575 2152 1602 scilicet
2172 1576 2229 1603 sive

1437 1624 1582 1652 doctorum
1597 1628 1648 1656 est,
1668 1623 1808 1651 adhortari
1829 1627 1856 1650 et
1877 1622 2014 1650 consolari
2037 1621 2087 1650 Dei
2107 1622 2227 1657 plebem.

1437 1668 1583 1703 Quocirca,
1598 1669 1659 1696 Act.
1679 1677 1724 1701 xv,
1737 1668 1788 1701 52,
1810 1668 1925 1696 habetur
1939 1676 1947 1694 :
1965 1667 2064 1700 Ἰούδας
2077 1667 2106 1694 δὲ
2122 1668 2171 1694 καὶ
2184 1668 2227 1693 Σί-

1437 1716 1485 1748 λας
1500 1716 1547 1743 καὶ
1562 1716 1638 1743 αὐτοὶ
1652 1716 1789 1752 προφῆται
1802 1714 1937 1748 ὕντες,διὰ
1948 1715 2027 1750 λόγου
2042 1715 2142 1742 πολλοῦ
2158 1724 2231 1750 παρ-

1437 1761 1568 1788 εκάλεσαν
1598 1761 1662 1793 τοὺς
1684 1761 1835 1796 ἀδελφοὺς,
1861 1761 1909 1788 καὶ
1933 1760 2124 1797 ἐπεστήριξαν.
2147 1760 2229 1788 Juxta

1437 1812 1561 1835 nostrum
1587 1807 1786 1842 interpretem:
1815 1807 1902 1834 ludas
1928 1813 2017 1834 autem
2041 1812 2067 1834 et
2092 1806 2178 1841 Silas,
2206 1812 2229 1834 et

1437 1851 1488 1886 ipsi
1511 1859 1570 1878 cum
1590 1856 1676 1878 essent
1694 1851 1827 1887 prophetia
1839 1871 1848 1885 ,
1872 1852 1948 1879 verbo
1963 1852 2078 1887 plurimo
2096 1854 2228 1880 consolati

1437 1903 1498 1924 sunt
1523 1898 1632 1933 fratres,
1649 1903 1674 1925 et
1695 1899 1924 1934 conﬁrmaverunt.
1948 1898 1981 1926 Et
1999 1898 2010 1925 l
2031 1898 2098 1926 Cor.
2118 1907 2176 1931 xw,
2190 1900 2226 1926 3:

1443 1945 1472 1972 '0
1490 1944 1519 1971 δὲ
1539 1945 1718 1981 προφητεύων
1742 1944 1896 1980 ἀνθρώποις
1915 1945 1992 1972 λαλεῖ
2016 1945 2164 1980 οἰκοδομὴν
2182 1947 2227 1972 καὶ

1437 1990 1607 2026 παράκλησιν
1625 1991 1672 2017 καὶ
1691 1989 1877 2026 παραμυθίαν.
1906 1989 1979 2017 Nam
2003 1990 2048 2025 qui
2075 1991 2226 2025 prophetat,

1436 2037 1585 2064 hominibus
1600 2036 1718 2072 loquitur
1731 2036 1766 2063 ad
1779 2036 1984 2070 wdiﬁcationem
1994 2056 2001 2068 ,
2023 2039 2048 2062 et
2062 2035 2227 2063 exhortatio-

1436 2092 1512 2116 nem,
1533 2088 1558 2110 et
1582 2082 1799 2110 consolationem.
1841 2081 1919 2110 Vers.
1943 2082 1975 2109 51
1996 2091 2003 2108 ;
2029 2081 2152 2109 Δύνασθε
2174 2083 2226 2117 γὰρ

1436 2130 1496 2156 καθ’
1510 2129 1558 2156 ἕνα
1571 2129 1671 2160 πάντες
1682 2128 1873 2164 προφητεύειν,
1887 2129 1930 2154 ἵνα
1945 2127 2044 2159 πάντες
2059 2127 2226 2162 μανθάνωσι,

1438 2176 1484 2202 καὶ
1507 2175 1608 2207 πάντες
1630 2174 1851 2210 παρακαλῶνται.
1878 2174 1917 2201 Ex
1943 2174 2040 2202 eadem
2079 2175 2225 2202 versione:

1436 2220 1551 2248 Potestis
1574 2220 1644 2247 enim
1667 2227 1755 2247 omnes
1777 2228 1824 2254 per
1850 2220 1967 2255 singulos
1993 2218 2171 2254 prophetare,
2201 2224 2227 2245 ut

1437 2275 1525 2294 omnes
1537 2267 1653 2300 discant,
1668 2271 1693 2293 et
1709 2273 1797 2293 omnes
1813 2265 1994 2292 exhortentur.

1471 2311 1549 2339 Hunc
1564 2311 1718 2338 Barnabam
1731 2311 1871 2338 exstitisse
1883 2318 1969 2338 unum
1983 2318 2017 2338 ex
2031 2310 2103 2337 LXX
2119 2310 2226 2338 Domini

1436 2357 1578 2392 discipulis
1593 2357 1768 2392 comprobari
1792 2360 1882 2391 potest
1907 2356 2065 2384 testimOnio
2078 2356 2227 2384 Clementis

1436 2402 1625 2436 Alexandrini,
1639 2410 1702 2430 cum
1716 2401 1764 2429 lib.
1778 2409 1798 2428 ιι
1811 2400 1990 2434 Stromateon,
2013 2406 2072 2428 tum
2088 2401 2117 2428 in
2136 2401 2227 2437 Hypo-

1438 2449 1571 2486 typosibus
1579 2449 1652 2484 apud
1663 2448 1822 2482 Eusebium,
1834 2447 1908 2475 Hist.
1934 2447 1998 2476 eccl.
2009 2448 2057 2475 lib.
2072 2456 2094 2481 ι,
2105 2456 2170 2483 cap.
2185 2449 2226 2478 Β.

1435 2500 1463 2522 et
1477 2495 1524 2522 lib.
1541 2503 1582 2528 ιι,
1600 2502 1660 2529 cap.
1678 2494 1708 2527 l;
1727 2501 1844 2528 eamque
1868 2493 2044 2520 traditionem
2071 2500 2226 2528 sequuntur

1437 2538 1604 2574 Epiphanius
1619 2539 1647 2566 in
1665 2539 1718 2566 line
1733 2542 1800 2566 tom.
1816 2537 1837 2570 Ι.
1855 2538 1903 2565 lib.
1920 2546 1941 2571 ι,
1953 2538 2089 2565 Aduersus
2102 2539 2225 2570 haereses,

1436 2590 1532 2612 auctor
1559 2585 1684 2614 Chronici
1704 2584 1770 2612 dicti
1794 2584 1971 2612 Alexandrini
1985 2604 1994 2617 ,
2018 2583 2178 2612 Dorotheus
2200 2586 2224 2611 in

1437 2628 1550 2664 διηπορδὶ
1560 2649 1568 2662 ,
1589 2633 1616 2655 et
1629 2629 1648 2654 ii
1664 2629 1711 2663 qui
1727 2627 1859 2656 Barnabas
1880 2637 1926 2656 res
1939 2634 2032 2664 gestas
2050 2631 2223 2665 conscripse-

1437 2679 1510 2702 runt.
1529 2674 1629 2702 Contra
1645 2674 1740 2709 objicit
1759 2674 1832 2702 Beda
1855 2675 1883 2701 in
1904 2675 1966 2702 Act.
1992 2683 2040 2702 tv:
2057 2675 2162 2702 Mirum
2176 2684 2222 2710 quo

1436 2721 1512 2747 modo
1522 2721 1590 2746 hunc
1605 2719 1767 2753 Barnabam,
1779 2720 1824 2755 qui
1837 2724 1927 2754 postea
1939 2728 2000 2747 cum
2010 2720 2097 2747 Paulo
2108 2722 2221 2756 gentium

1435 2771 1474 2793 est
1491 2766 1629 2794 ordinatus
1641 2767 1792 2800 apostolus,
1810 2775 1841 2793 at:
1862 2771 1920 2800 post
1936 2766 2044 2802 longum
2057 2767 2115 2801 ejus
2131 2770 2219 2792 contu-

1437 2812 1569 2846 bernium,
1584 2812 1668 2840 denuo
1684 2811 1815 2848 Cyprum,
1832 2812 1900 2840 unde
1915 2817 1990 2840 ortus
2004 2812 2093 2849 fuerat
2103 2832 2112 2845 ,
2127 2811 2220 2848 praedi-
