2290 3110
67 157 122 185 653

739 157 1004 186 PROLEGOMENA.

1630 159 1683 188 εδδ

64 224 175 245 taturus
189 217 286 252 rediit,
303 217 431 246 Eusebius
441 241 449 251 ,
473 221 502 247 in
516 219 634 248 Historia
656 220 852 252 ecclesiastica,
867 222 890 250 Α
903 221 1054 248 intercedat
1071 221 1181 248 ratione
1191 221 1376 253 auctoritatis.
1390 221 1556 248 Clementem
1573 221 1643 248 inter
1657 226 1685 249 et

64 265 96 290 de
108 272 216 292 numero
228 273 285 292 esse
304 272 357 292 ιη
382 265 573 300 discipulorum
584 266 690 292 Domini
703 266 854 293 Saluatoris

64 310 228 343 arbitratur;
240 319 300 337 cum
308 311 448 346 manifeste
463 311 561 338 scribat
575 311 606 338 Β.
618 311 780 341 Lucas.eum
794 316 852 346 post

62 356 245 383 ascensionem
261 356 384 389 Domini,
401 357 435 383 ad
462 357 650 392 discipulatum
675 357 852 391 apostolorum

62 402 166 428 venisse
174 409 183 428 :
192 402 244 429 nisi
254 402 322 436 forte
330 403 476 437 putandum
483 407 520 430 est
528 411 586 430 cum
598 403 672 437 prius
684 403 722 429 ita
736 403 852 437 discipu-

60 447 149 473 latum
163 447 265 474 Christi
279 453 406 480 secutum,
427 454 456 475 ut
470 449 579 475 necdum
595 449 782 476 renuntiaverit
796 457 852 475 om-

61 492 142 519 nibus
160 501 221 527 qum
236 493 386 528 possidebat
402 501 412 520 :
428 495 497 529 quod
514 499 604 521 utrum
625 494 780 530 evangelica
803 495 851 522 do-

61 539 159 565 ctrine
173 540 331 572 convenerit,
343 540 425 566 cuivis
436 539 562 574 facillime
575 545 657 574 patet.
670 540 770 568 Verum
785 549 851 576 pace

61 585 115 611 viri
138 585 316 617 venerabilis,
340 593 390 613 nec
412 585 500 613 Lucas
525 587 591 614 dicit
615 586 766 614 Barnabam
788 592 851 622 post

61 631 255 658 ascensionem
278 630 384 658 Domini
407 631 523 665 ccepisse
536 631 657 664 credere,
677 639 728 660 nec
745 632 851 660 videtur

61 685 179 706 necesse
193 682 225 705 ut
242 686 336 706 omnes
350 679 477 714 discipuli
495 679 588 706 omnia
608 687 658 706 sua
679 679 848 714 abjecerint:

60 723 137 758 quod
152 724 278 758 quamvis
292 727 364 751 esset
376 745 384 755 ,
409 724 498 758 potuit
511 723 609 751 Noster
623 731 719 751 recens
734 724 850 752 haeredi-

58 773 120 796 tate
141 769 269 803 adeptum
288 776 384 804 agrum
404 769 542 801 vendere,
566 775 622 804 quo
644 769 787 804 pecuniam
814 770 849 797 ad

57 814 146 858 pedes
160 814 346 848 apostolorum
362 818 483 848 poneret.

96 859 234 886 Caeterum
255 859 288 886 de
307 858 430 886 Barnaba
445 859 531 886 multa
551 864 698 887 narrantur
719 860 747 886 in
773 859 849 887 Novo

58 904 241 932 Testamento
263 914 271 932 :
295 905 365 932 inter
388 905 458 938 alia,
481 905 541 933 Act.
567 914 611 938 xl,
627 906 678 939 29,
705 905 750 938 30,
774 906 847 941 quod

56 950 216 978 Christiani
243 951 406 979 Antiocheni
435 952 560 979 miserint
584 951 782 987 eleemosynam
814 951 847 979 ad

57 995 327 1032 Hierosolymitanos
339 1005 387 1032 per
399 1005 496 1025 manus
511 997 583 1025 illius
598 1007 604 1024 :
629 1005 663 1025 ex
674 1005 729 1033 quo
743 997 846 1025 factum

56 1043 196 1075 arbitror,
220 1046 250 1070 ut
269 1042 355 1070 Grazei
378 1043 404 1070 in
421 1043 592 1070 ordinatione
607 1044 697 1078 magni
711 1044 845 1071 mconomi

55 1088 205 1119 dicerent,
220 1088 310 1123 εὐχαῖς
325 1089 372 1116 καὶ
390 1089 547 1125 πρεσϐείαις
562 1089 609 1116 τοῦ
624 1089 701 1124 ἁγίου
718 1090 763 1116 καὶ
777 1097 846 1116 παν-

53 1134 187 1170 ευφήμου
213 1134 339 1170 Βαρνάϐα
359 1134 405 1161 τοῦ
429 1134 577 1162 ἀποστόλου
599 1135 645 1161 ἰαὶ
667 1135 845 1172 γενναιομάρ-

53 1186 154 1215 vespae,
182 1180 301 1214 precibus
321 1185 346 1207 et
374 1181 601 1208 intercessionibus
622 1181 707 1208 sancti
735 1187 759 1208 et
781 1181 847 1209 cele-'

52 1225 211 1252 ὀνειιίιείΜὶ
226 1225 374 1258 Barnabte,
395 1226 510 1261 apostoli
521 1231 546 1254 et
566 1227 682 1262 generosi
702 1229 844 1263 martyris;

52 1271 292 1307 quemadmodum
305 1273 396 1301 videre
419 1277 461 1302 est
485 1274 512 1300 in
536 1273 615 1300 Joan.
639 1273 737 1301 Morini
753 1274 844 1301 Sacris

60 1319 284 1346 ordinationibus
301 1323 378 1354 parte
393 1328 428 1352 ιι,
449 1327 510 1355 pag.
527 1320 588 1347 H5.
603 1319 716 1356 Reliqua
731 1321 764 1348 ad
779 1328 845 1356 apo-

51 1365 162 1393 stolum
178 1365 261 1393 istum
277 1366 450 1401 pertinentia,
473 1374 548 1399 vera,
572 1366 706 1400 fabulosa,
718 1371 744 1395 et
763 1367 843 1402 vulgo

49 1417 273 1446 cognoscuntur,
294 1417 321 1440 et
334 1412 368 1440 ad
383 1413 539 1440 institutum
554 1417 680 1441 nostrum
696 1421 750 1440 non
765 1413 844 1441 valde

48 1458 165 1485 faciunt
180 1466 187 1484 :
202 1466 286 1493 quare
301 1466 331 1486 ea
346 1460 430 1487 missa
447 1459 573 1488 facimus.

90 1504 216 1539 Epistola
229 1505 370 1532 Barnabas.
386 1505 518 1534 Venimus
532 1506 565 1533 ad
580 1505 727 1541 Epistolam
742 1514 842 1534 nomen

48 1550 130 1577 illius
144 1549 332 1584 praeferentem
343 1571 350 1583 ,
366 1551 501 1578 veteribus
517 1551 652 1579 laudatam
669 1559 749 1587 saepe,
768 1552 842 1580 desi-
855 1565 876 1594 ο

48 1596 180 1623 dcratam
195 1595 383 1630 superioribus
397 1597 503 1624 saeculis
513 1617 520 1629 ,
539 1601 634 1625 nostro
651 1597 764 1625 feliciter
783 1598 841 1626 edi-

49 1644 110 1666 tam
125 1647 142 1666 a
158 1639 226 1667 viris
237 1640 403 1679 doctissimis
418 1641 531 1677 Hugone
546 1642 675 1670 Menardo
697 1648 724 1670 ct
748 1642 841 1671 Isaaco

50 1684 166 1713 Vossio.
185 1685 331 1713 Dubitatur
344 1693 379 1713 an
395 1687 431 1714 sit
443 1688 578 1722 genuinus
593 1688 674 1722 fetus,
691 1697 725 1716 an
739 1696 841 1724 suppo-

48 1734 135 1762 situs.
154 1732 345 1761 Existimatum
369 1734 478 1769 quidem
491 1733 624 1762 Clementi
646 1736 839 1769 Alexandrino,

46 1780 166 1815 Origeni
182 1787 215 1807 ac
235 1779 400 1815 Hieronymo
410 1801 418 1813 ,
433 1780 548 1808 summis
561 1781 629 1808 viris
641 1801 648 1813 ,
663 1782 764 1816 quibus
777 1790 840 1817 pro—

47 1833 147 1862 pterea
166 1826 233 1853 fides
258 1826 338 1853 facile
359 1826 484 1860 abrogari
507 1834 561 1854 non
581 1827 681 1860 debet,
702 1827 769 1854 nihil
796 1827 841 1855 hic

48 1872 161 1899 fraudis
173 1871 340 1899 delitescere.
352 1871 386 1898 At
396 1871 541 1903 Eusebius.
554 1871 664 1906 quando
689 1871 761 1899 Hist.
775 1872 838 1899 sccl.

48 1919 101 1946 lib.
129 1926 184 1951 HI,
207 1925 267 1952 cap.
294 1918 347 1950 '25,
373 1916 522 1952 Epistolam
538 1918 655 1945 collocat
669 1917 739 1945 inter
754 1918 839 1945 libros

49 1964 174 1999 spurios,
191 1965 220 1990 ὲν
236 1963 338 1995 νόθοις,
359 1963 452 1990 dolum
470 1964 576 1990 videtur
591 1963 745 1997 suspicatus
764 1972 770 1990 :
787 1964 839 1990 nisi

49 2011 74 2037 si
98 2010 164 2044 quis
191 2010 304 2036 nothum
327 2009 455 2036 volumen
478 2016 511 2036 eo
535 2008 588 2036 loci
613 2013 740 2043 exponat,
765 2013 795 2035 ut
811 2009 838 2035 in

49 2055 240 2090 Amphilochii
256 2054 378 2090 Epistola
397 2054 515 2082 iambica
533 2055 567 2081 ad
582 2053 724 2081 Seleucum
739 2074 746 2086 ,
773 2054 838 2081 illud

46 2100 127 2136 quod
145 2108 199 2127 non
213 2105 255 2128 est
268 2100 415 2136 genuinum
430 2107 514 2128 sacras
527 2099 687 2134 Scripturze,
702 2100 758 2127 sive
771 2099 838 2127 alias

49 2151 196 2175 auctorem
210 2154 304 2174 verum
321 2146 400 2173 titulo
422 2145 563 2181 praeferat,
592 2145 649 2173 sive
666 2145 835 2172 ementitum.

48 2193 133 2220 Certe
144 2192 188 2219 vis
201 2191 274 2219 credi
285 2195 385 2227 potest,
398 2191 469 2226 quod
483 2191 550 2218 adeo
558 2192 675 2218 eximius
685 2191 836 2225 apostolus,

902 266 1075 299 Barnabam,
1098 268 1177 302 cujus
1201 267 1319 301 Epistola
1343 271 1448 294 tantum
1472 266 1551 294 famae
1572 275 1626 294 non
1643 271 1686 295 est

901 318 1047 341 consecuta
1062 321 1093 341 ac
1116 314 1158 341 illa
1184 315 1342 342 Clementis.
1369 314 1408 340 Ad
1431 313 1488 340 hate
1513 319 1683 347 argumento,

901 367 956 394 quo
971 360 1057 387 utitur
1078 365 1189 387 sanctus
1211 360 1396 395 Augustinus,
1412 358 1460 385 lib.
1482 365 1490 385 ι
1516 356 1615 384 Contra
1630 358 1684 384 ad-

900 406 1047 432 versarium
1072 406 1138 440 legis
1155 410 1180 432 et
1201 406 1402 440 prophetarum,
1424 411 1484 438 cap.
1499 402 1549 435 20,
1567 407 1596 430 ut
1616 410 1684 438 apo~

901 452 1000 486 crypha
1017 451 1067 479 sub
1083 451 1240 478 nominibus
1260 451 1374 478 Andreze
1395 449 1561 484 Joannisque
1582 449 1683 482 scripta

900 497 1025 525 exsibilet
1039 501 1121 531 atque
1134 497 1261 532 explodat
1276 495 1329 530 {Si
1348 495 1458 522 illorum
1471 499 1566 527 essent,
1580 498 1685 529 recepta

900 548 985 570 essent
996 543 1028 570 ab
1045 543 1182 576 Ecclesia;
1197 551 1241 577 eo,
1257 544 1384 578 inquam,
1401 546 1561 577 argumento
1575 542 1602 568 in
1618 538 1688 584 stuc;

900 588 1034 624 picionem
1052 589 1198 624 illegitimaa
1212 589 1296 624 prolis
1310 589 1383 616 venit
1398 588 1528 623 Episto!a,
1548 595 1609 615 cum
1624 587 1681 622 jam

900 634 946 660 diu
963 634 1064 668 rejecta
1087 638 1114 661 et
1137 634 1170 661 ad
1192 634 1361 669 apocrypbas
1375 633 1524 668 scripturas
1537 633 1682 660 amandata

901 678 992 706 fuerit.
1008 679 1162 714 Apocryplta
1173 700 1180 711 ,
1195 679 1283 714 inquit
1304 678 1494 714 Hieronymus,
1510 678 1589 712 epist.
1606 678 1632 711 7,
1647 677 1682 705 ad

900 723 1011 756 Laetam,
1028 725 1095 751 sciat
1109 733 1161 750 non
1174 733 1265 751 eorum
1275 732 1333 751 esse
1347 732 1459 759 quorum
1475 724 1560 750 titulis
1579 731 1683 758 pramo-

900 773 1001 795 tantur.
1018 768 1187 804 Quapropter
1200 769 1345 803 Origenes,
1359 768 1406 803 qui
1422 767 1526 802 putavit
1538 775 1607 802 opus
1620 774 1682 794 esse

899 814 1040 848 Barnabas,
1056 815 1171 842 credidit
1184 814 1266 841 etiam
1282 821 1344 841 esse
1357 814 1530 841 canonicum.
1547 812 1625 844 Sunt,
1639 812 1682 839 in-

899 860 958 895 quit
985 860 1019 887 ad
1044 868 1114 887 vers.
1137 860 1181 891 24,
1199 867 1258 894 cap.
1283 867 1292 886 ι
1321 859 1449 894 Epistolis:
1471 859 1504 886 ad
1531 858 1679 891 Romanos,

898 912 1022 942 prteterea
1039 907 1120 941 (sicut
1136 907 1163 933 in
1178 907 1268 933 multis
1282 905 1429 940 Scriptura?
1444 905 1508 932 locis
1523 904 1680 938 invenimus)

897 953 978 979 etiam
992 953 1129 987 utriusque
1142 953 1241 986 partis,
1254 952 1293 979 vel
1314 952 1450 987 utriusque
1469 952 1518 979 uia
1529 971 1538 982 .
1561 951 1679 984 [autores

896 998 1004 1032 quidam
1020 1002 1044 1024 et
1059 998 1193 1032 adjutores
1211 998 1306 1033 angeli,
1321 1003 1387 1031 etc.,
1403 997 1449 1025 ubi
1464 998 1526 1032 quis
1540 1004 1594 1024 non
1606 997 1680 1024 videt

897 1044 979 1072 alludi
995 1045 1027 1071 ad
1043 1048 1125 1079 caput
1140 1044 1174 1072 l8
1188 1049 1287 1072 nostrae
1300 1044 1437 1079 Epistolas,
1451 1044 1485 1071 de
1496 1043 1602 1071 duabus
1615 1043 1676 1075 viis,

896 1095 922 1117 et
944 1091 977 1118 de
1002 1090 1105 1125 angelis
1128 1090 1238 1125 utrique
1259 1090 1309 1117 vias
1331 1089 1504 1124 pra-positis?
1529 1088 1590 1116 Jam
1613 1095 1678 1116 vero

895 1136 943 1163 lib.
966 1144 975 1162 ι
999 1141 1092 1162 contra
1116 1135 1221 1163 Celsum
1242 1135 1313 1163 idem
1336 1135 1515 1162 Adamantius
1540 1141 1635 1161 vocem
1660 1141 1677 1160 a

895 1181 1020 1209 Barnaba
1037 1182 1119 1216 paulo
1136 1181 1233 1208 durius
1252 1181 1279 1208 in
1295 1181 1433 1216 apostolos
1454 1181 1586 1215 prolatam
1597 1200 1604 1212 ,
1627 1179 1684 1210 ne—L

895 1236 1031 1264 quaquam
1057 1228 1165 1263 reiicit,
1188 1228 1244 1254 imo
1267 1227 1402 1255 similibus
1429 1227 1576 1264 Scriptura}
1596 1225 1676 1253 dictis

895 1275 985 1302 munit
1008 1282 1039 1302 ac
1064 1274 1171 1305 ﬁrmat,
1201 1274 1366 1308 insuperque
1394 1272 1543 1308 Epistolam
1570 1279 1675 1299 sacram

893 1329 955 1349 esse
978 1322 1088 1354 innuit,
1113 1325 1140 1347 et
1163 1325 1240 1347 vocat
1264 1319 1431 1347 Catholicam
1456 1328 1463 1346 :
1489 1326 1544 1354 quo
1565 1318 1674 1353 quidem

893 1368 1005 1396 nomine
1021 1368 1102 1395 etiam
1121 1367 1259 1394 indicatur
1275 1374 1336 1393 eam
1359 1366 1454 1393 saltem
1477 1373 1492 1392 a
1515 1366 1608 1392 multis
1623 1365 1676 1393 Ca-

892 1414 1003 1441 tholicis
1014 1412 1100 1440 fuisse
1114 1412 1272 1444 admissam,
1285 1416 1366 1446 atque
1379 1410 1466 1438 instar
1478 1407 1674 1438 catholicarum

892 1458 1058 1491 lectitatam;
1085 1465 1141 1485 non
1164 1457 1254 1485 solum
1278 1461 1369 1484 autem
1393 1456 1573 1491 signiﬁcatur,
1600 1455 1681 1497 quod

892 1504 970 1532 aiunt
989 1511 1021 1531 ex
1038 1504 1152 1531 Leontio
1166 1503 1214 1532 lib.
1231 1503 1270 1531 De
1285 1504 1374 1535 sectis,
1392 1503 1498 1530 actione
1514 1502 1547 1535 2,
1565 1509 1580 1529 a
1596 1502 1675 1537 cujus

893 1549 1020 1584 opinione
1036 1549 1190 1576 nullatenus
1201 1548 1327 1576 dissentit
1338 1547 1531 1579 (Ecumcnius,
1545 1547 1674 1582 scriptam

891 1602 952 1623 esse
965 1595 999 1622 ad
1015 1602 1110 1623 omnes
1123 1594 1296 1631 generaliter,
1316 1601 1369 1621 non
1386 1601 1450 1621 vero
1463 1593 1498 1620 ad
1512 1601 1594 1620 unam
1609 1589 1680 1628 gen-‘

890 1646 956 1669 tem.
972 1640 1040 1668 Nam
1058 1641 1079 1668 si
1101 1641 1128 1668 id
1143 1645 1249 1668 tantum
1263 1641 1414 1667 declararet
1428 1647 1460 1667 ea
1475 1647 1526 1667 vox
1536 1660 1544 1673 ,
1561 1640 1605 1667 cui
1621 1647 1674 1666 un-

891 1694 974 1722 quam
988 1687 1109 1714 venisset
1124 1686 1152 1713 in
1167 1690 1285 1714 mentem
1299 1706 1306 1719 ,
1329 1684 1442 1712 Joannis
1456 1685 1603 1713 secundum
1615 1705 1624 1718 ,
1639 1685 1674 1713 ad

891 1741 973 1760 unam
988 1733 1120 1766 domum,
1146 1736 1174 1759 et
1200 1732 1327 1765 tertiam,
1352 1731 1387 1759 ad
1414 1739 1499 1758 unum
1534 1731 1672 1758 hominem

888 1784 1025 1812 exaratas,
1039 1780 1066 1806 in
1080 1779 1276 1806 catholicarum
1291 1785 1403 1806 censum
1418 1777 1539 1805 referre?
1551 1777 1673 1805 Pruden-

889 1825 944 1853 tius
962 1826 1053 1860 itaque
1066 1825 1167 1852 factum
1182 1825 1216 1852 ab
1231 1824 1335 1852 Isidoro
1357 1823 1460 1859 Hispal.
1475 1825 1522 1851 lib.
1537 1831 1565 1851 v1
1580 1824 1672 1857 Origi-

889 1880 964 1904 num,
978 1879 1038 1906 cap.
1053 1871 1071 1898 2
1086 1872 1165 1905 (nam
1184 1870 1319 1897 confutari
1332 1877 1385 1897 non
1402 1874 1522 1897 meretur
1537 1871 1670 1898 sententia

889 1916 1051 1952 Hebcdjesu,
1069 1916 1190 1944 auctoris
1203 1915 1359 1948 Chaldaici,
1374 1916 1532 1943 aﬂirmantis
1546 1916 1572 1943 in
1587 1915 1670 1944 Cata-

889 1964 951 1998 logo
976 1963 1129 1995 librorum,
1155 1962 1305 1990 catholicas
1335 1961 1396 1989 ideo
1419 1962 1512 1989 vocari
1536 1961 1670 1997 Epistolas

888 2009 1000 2043 Jacobi,
1025 2009 1116 2042 Petri,
1130 2009 1245 2037 Joannis
1263 2013 1288 2036 et
1309 2008 1401 2041 Judte,
1417 2009 1489 2043 quod
1507 2009 1541 2036 ab
1556 2009 1588 2037 iis
1605 2017 1670 2044 apo-

888 2055 965 2082 stolis
992 2055 1067 2082 omni
1098 2055 1254 2082 charactere
1275 2059 1302 2082 et
1324 2055 1416 2089 lingua
1453 2054 1556 2081 fuerint
1578 2055 1670 2081 consi-

888 2101 994 2135 gnatae)
1006 2122 1013 2133 ,
1030 2101 1076 2135 qui
1092 2108 1154 2127 cum
1169 2100 1328 2135 praedictum
1347 2099 1509 2127 vocabulum
1524 2100 1669 2134 posteriori

888 2153 970 2174 sensu
994 2151 1157 2180 usurparet,
1193 2146 1342 2183 catholicas
1370 2150 1509 2180 nuncupat
1535 2145 1669 2180 Epistolas

888 2191 972 2224 Petri,
984 2200 1037 2219 non
1049 2192 1112 2219 item
1125 2191 1362 2224 Jacobi,Joannis,
1370 2195 1398 2219 et
1407 2190 1482 2218 Judaa
1495 2200 1669 2227 :quanquam

48 2240 92 2266 vir
106 2239 202 2273 plenus
225 2237 328 2272 Spiritu
348 2244 438 2264 sancto
458 2243 482 2264 et
505 2237 557 2271 fide
568 2238 590 2270 ¹,
601 2240 758 2272 segregatus
782 2243 837 2263 una
853 2233 875 2260 Ι)
887 2238 962 2265 Juda:
975 2242 1002 2266 et
1014 2237 1107 2265 Jacobi
1123 2238 1304 2273 generaliores
1319 2238 1375 2265 sint
1387 2239 1474 2273 prima
1487 2238 1560 2265 Petri
1574 2247 1581 2265 :
1598 2238 1670 2265 unde

49 2293 114 2312 eum
131 2283 217 2311 Paulo
236 2292 252 2311 a
271 2288 367 2311 sancto
386 2283 487 2318 Spiritu
504 2284 530 2309 in
547 2290 616 2317 opus
631 2281 785 2317 Evangelii,
809 2285 836 2308 et

49 2331 157 2366 collega
172 2329 295 2364 ejusdem
310 2328 423 2364 apostoli
446 2329 472 2355 in
487 2328 607 2364 gentium
623 2327 787 2362 apostolatu,
803 2335 836 2354 ea

48 2375 197 2411 scripserit
219 2383 279 2410 quas
300 2376 328 2401 in
348 2374 479 2409 opusculo
498 2373 625 2409 praesenti
642 2373 834 2400 continentur:

46 2426 164 2450 coactas
178 2420 241 2448 dico
255 2419 413 2455 allegorias,
430 2419 617 2446 enarrationes
634 2417 836 2453 Scripturarum

48 2467 145 2494 minus
160 2465 334 2496 verisimiles,
351 2464 458 2491 fabulas
472 2464 506 2491 de
519 2463 683 2491 animalibus
695 2483 703 2495 ,
730 2464 836 2498 aliaque

49 2513 85 2541 de
101 2513 203 2548 quibus
217 2516 311 2546 postea
334 2518 456 2546 agemus.
482 2509 546 2537 Haec
560 2514 650 2537 tamen
662 2530 670 2542 ,
686 2509 730 2536 vix
749 2509 836 2536 credi-

50 2560 137 2592 bilia,
164 2565 218 2586 non
243 2561 378 2585 remorata
404 2561 468 2584 sunt
489 2556 632 2591 praedictos
657 2555 834 2586 Clementem.

49 2603 217 2639 Origenem,
246 2603 441 2638 Hieronymum
466 2612 472 2629 :
497 2603 568 2629 sicut
591 2601 670 2637 pauci
696 2602 763 2629 navi
788 2601 834 2636 qui

50 2652 195 2678 honestam
208 2648 308 2676 faciem
325 2648 454 2683 Epistolas
468 2655 483 2675 a
498 2647 637 2675 Clemente
658 2647 782 2674 Romano
801 2646 835 2673 ad

48 2697 210 2726 Corinthios
233 2695 421 2723 Romanorum
444 2694 555 2722 nomine
576 2693 736 2728 conscripta:
758 2701 835 2720 com-

49 2745 208 2777 maculant,
233 2750 289 2770 non
312 2742 495 2777 impedierunt
514 2741 580 2776 quin
601 2741 670 2768 tanti
691 2748 722 2767 ea
740 2740 834 2773 ﬁeret;

48 2789 177 2826 quamvis
190 2795 289 2823 magna
301 2808 308 2821 ,
334 2794 396 2815 meo
407 2787 517 2823 quidem
537 2786 658 2823 judicio,
683 2785 834 2814 differentia

85 2871 95 2887 '
107 2869 167 2898 Act.
184 2876 223 2902 ιι,
237 2867 290 2900 2b;
305 2875 368 2900 xm,
387 2868 414 2895 2.

886 2287 1009 2312 notatum
1033 2283 1085 2311 fuit
1107 2292 1122 2311 a
1145 2284 1263 2318 quodam
1289 2283 1436 2311 scholiaste
1457 2284 1490 2311 ad
1518 2284 1667 2319 Epistolam

886 2329 988 2362 Jacobi,
1001 2337 1052 2357 ms.
1072 2329 1156 2364 Regio
1171 2329 1241 2357 705:
1256 2330 1438 2366 Προτέτακται
1451 2331 1467 2366 ἡ
1479 2331 1527 2357 τοῦ
1541 2331 1668 2358 Ἰακώϐου

892 2374 1032 2410 Ἐπιστολὴ
1045 2375 1098 2401 τῶν
1111 2375 1213 2407 ἄλλων,
1231 2376 1271 2402 ὅτι
1285 2384 1316 2401 τε
1332 2375 1440 2412 πρῶτος
1458 2376 1605 2408 ἐπίσκοπος
1622 2375 1667 2412 ἦν,

885 2422 932 2448 καὶ
955 2422 995 2448 ὃτι
1016 2422 1066 2457 τῆς
1090 2422 1194 2458 Πέτρου
1217 2422 1432 2458 καθολικωτέρα·
1456 2423 1516 2454 ταῖς
1539 2422 1592 2458 γὰρ
1617 2423 1668 2450 ἀνὰ

885 2468 975 2494 πᾶσαν
994 2468 1043 2503 τὴν
1060 2468 1112 2503 γῆν
1136 2468 1346 2504 διεσπαρμέναις
1366 2468 1472 2504 ἐγράφη
1494 2467 1597 2495 δώδεκα
1617 2477 1668 2502 φυ-

885 2514 952 2546 λαῖς.
990 2514 1046 2542 Hoc
1065 2519 1129 2542 est:
1152 2514 1245 2542 Parim
1267 2520 1304 2542 est
1327 2520 1387 2542 ante
1402 2515 1491 2547 dalias
1517 2515 1667 2542 catholicas

886 2560 1007 2595 Epistula
1020 2560 1132 2592 Jacobi;
1148 2567 1202 2587 tum
1215 2561 1278 2596 quia
1294 2561 1318 2587 is
1334 2561 1434 2595 primus
1449 2565 1506 2587 erat
1518 2560 1665 2595 episcopus,

886 2611 941 2633 tum
954 2607 1016 2641 quia
1031 2606 1080 2633 illa
1094 2606 1269 2633 uniuersalior
1285 2610 1324 2633 est
1345 2605 1456 2640 epistola
1470 2605 1543 2633 Petri
1559 2606 1664 2641 (prima

886 2651 1019 2686 scilicet);
1045 2651 1182 2678 duodecim
1206 2651 1299 2685 quippe
1320 2651 1438 2678 tribubus
1455 2659 1502 2685 per
1515 2651 1664 2678 universum

885 2698 973 2725 orbem
995 2698 1120 2732 dispersis
1145 2698 1244 2731 scripta
1269 2701 1306 2724 est
1338 2696 1459 2732 Denique
1479 2696 1510 2724 S.
1533 2696 1663 2732 Hierony-

886 2751 964 2776 mus,
988 2744 1015 2770 in
1042 2743 1112 2769 libro
1126 2750 1207 2776 quem
1233 2741 1270 2768 De
1293 2742 1504 2776 interpretatione
1529 2741 1663 2768 nominum

888 2789 1095 2822 Hebraicorum,
1124 2788 1247 2816 imitatus
1267 2787 1408 2816 Philonem
1436 2795 1469 2816 ac
1493 2784 1669 2822 Origenemf
