2290 3110
603 150 656 179 635

1153 148 1181 176 S.
1203 147 1385 176 BARNABAS
1409 148 1627 177 APOSTOLUS.

2177 149 2215 175 636

603 209 779 245 composuit,
804 209 875 236 inter
892 207 961 236 Novi
976 206 1144 236 Testamcnti
1163 208 1249 236 libros
1266 216 1321 236 non
1337 214 1392 237 sta-
1406 210 1428 238 A
1442 209 1532 244 ginem
1547 209 1622 237 illius
1637 214 1783 244 repeteret,
1799 217 1814 237 a
1830 210 2005 245 temporibus
2018 208 2151 236 excidium
2167 215 2214 234 mox

603 256 702 284 tuisset
719 255 869 290 Epistolam
884 253 1017 281 Barnabas
1029 274 1037 287 ,
1059 254 1130 281 sicut
1144 253 1218 288 facit,
1234 262 1316 289 quam
1332 254 1391 289 ipse

603 309 666 328 cum
681 301 845 336 apocrypliis
857 299 1009 334 Seripturis
1025 299 1141 334 legebat,
1159 300 1211 327 nisi
1227 300 1340 327 vidisset
1353 299 1391 326 ita

603 347 638 374 ab
652 346 769 382 Origene
783 346 868 373 fuisse
883 345 1036 373 actitatum.
1058 345 1187 373 Eamdem
1204 354 1314 381 quoque
1327 354 1391 373 sen-

605 394 718 420 tentiam
744 391 975 427 deprehendimus
999 392 1027 419 in
1058 391 1169 426 antiqua
1198 391 1390 419 Stichometria

605 439 711 471 Latina.
729 446 789 474 quae
806 442 895 466 exstat
915 438 943 465 in
963 437 1071 465 duobus
1095 437 1175 465 libris
1199 445 1279 470 mss.,
1304 438 1390 465 altero

605 492 659 511 non
675 484 779 519 pridem
793 483 978 510 Puteanorum
998 483 1124 510 Fratrum
1135 503 1144 516 ,
1167 490 1241 510 nunc
1256 483 1390 511 Christia-

604 531 713 558 nissimi
727 530 809 566 regis,
825 530 911 557 altero
926 529 1122 557 monachorum
1142 528 1235 557 Sancti
1250 529 1389 556 Germani.

603 576 661 604 Illic
685 576 806 611 Epistola
829 575 961 603 Barnabas
983 575 1134 603 collocatur
1157 578 1221 609 post
1239 574 1390 609 Epistolam

603 622 696 656 Iudae,
714 627 776 650 ante
790 622 904 650 Joannis
921 620 1123 649 Revelationem
1137 624 1165 648 et
1178 620 1262 648 Actus
1281 625 1391 655 aposto-

604 669 705 696 lorum.

641 713 741 741 Verum
757 713 784 740 in
799 712 892 739 omnia
909 711 1016 739 diversa
1031 711 1135 738 abierat
1155 714 1306 745 praeceptor
1327 709 1390 737 Ori—

604 758 697 794 genis,
723 758 849 786 Clemens
871 756 1089 788 Alexandrinus,
1111 756 1211 791 quippe
1239 756 1285 790 qui
1309 764 1389 790 opus,

604 804 679 839 quod
704 803 792 831 eredit
814 810 875 831 esse
897 802 1040 834 Barnabas,
1066 802 1216 836 impugnat.
1240 802 1302 827 licet
1326 808 1391 835 sup-

604 857 718 886 presso,
747 849 862 876 honoris
891 855 995 879 causa,
1023 847 1150 879 nomine;
1176 845 1319 880 Pwdagogi
1348 854 1388 878 ιι,

604 902 665 929 cap.
681 893 724 921 10.
737 893 766 921 ld
783 899 866 928 porro
876 898 1047 928 nequaquam
1057 890 1250 923 commisisset,
1263 891 1286 918 si
1296 889 1330 917 ad
1339 890 1389 917 Ca-
1408 887 1428 913 Β

605 948 703 967 nonem
715 940 852 975 pertinere
864 938 960 966 fuisset
970 937 1129 964 arbitratus.
1138 937 1177 964 Ac
1189 936 1259 963 forte
1269 936 1389 971 suspicio

603 986 656 1013 erit
666 986 758 1019 alicui,
771 984 892 1013 variasse
903 984 1082 1016 Clementem,
1094 987 1142 1010 aut
1155 990 1184 1010 se
1195 983 1228 1009 ad
1241 983 1389 1009 multorum

602 1032 759 1067 opinionem
776 1029 1015 1061 accommodasse,
1031 1033 1089 1056 tum
1108 1035 1171 1055 cum
1185 1026 1389 1062 Scripturarum

602 1077 696 1105 Canon
713 1075 916 1104 eertoslimites
930 1074 1052 1102 nondum
1067 1078 1219 1109 acceperat.
1235 1072 1263 1100 Si
1279 1073 1389 1108 quidem

602 1124 631 1150 in
654 1123 731 1150 libris
752 1120 994 1152 Ὑποτυπώσεων,
1017 1119 1153 1147 referente
1174 1118 1291 1146 Eusebio
1314 1117 1388 1145 Hist.

603 1169 651 1196 lib.
669 1176 706 1201 vr,
723 1176 783 1202 cap.
802 1167 853 1200 14,
877 1174 930 1193 una
948 1173 1010 1193 cum
1032 1164 1101 1192 Novi
1123 1164 1290 1192 Testamenti
1313 1163 1391 1191 libris

603 1217 778 1241 enarraverat
803 1211 951 1247 Epistolam
978 1210 1134 1244 Barnaba;
1163 1217 1245 1245 quam
1274 1209 1390 1238 fortasse

604 1258 865 1294 pseudepigrapham
881 1256 1004 1289 rebatur,
1019 1256 1129 1291 quando
1143 1254 1312 1283 confutabat.
1337 1254 1390 1282 Sed

604 1309 631 1332 et
646 1304 839 1340 Hieronymus,
855 1310 939 1337 supra
952 1302 1054 1330 citatus
1067 1301 1101 1329 de
1112 1302 1224 1329 notione
1234 1300 1310 1329 vocis
1324 1300 1391 1336 Apo-

604 1351 732 1387 cryphum
744 1358 794 1385 pro
805 1356 887 1384 opere
900 1348 961 1376 falsi
976 1348 1062 1382 tituli;
1074 1352 1165 1375 tamen
1179 1347 1206 1374 in
1218 1347 1285 1374 locis
1298 1347 1390 1374 relatis

606 1399 675 1425 inter
688 1404 810 1425 veterum
825 1395 1010 1428 Testimonia,
1025 1394 1175 1430 Epistolam
1194 1393 1388 1428 apocrypliam,

605 1451 661 1471 non
683 1441 948 1478 pseudepigrapham
972 1440 1040 1468 vult.
1064 1439 1219 1473 Quinetiam
1242 1446 1256 1465 a
1281 1438 1390 1466 Gelasio

606 1488 761 1524 apocrypha
786 1495 839 1514 non
857 1494 907 1521 pro
932 1485 1174 1522 pseudepigraphis
1190 1485 1323 1512 duntaxat
1344 1492 1390 1512 su-

606 1539 728 1566 muntur,
742 1534 784 1561 vel
807 1540 925 1568 quorum
948 1532 1047 1560 secreti
1067 1536 1194 1559 auctores
1208 1535 1291 1566 atque
1314 1530 1390 1558 inco-

606 1582 685 1617 gniti,
695 1587 789 1607 verum
803 1586 852 1614 pro
864 1578 992 1606 omnibus
1003 1584 1074 1613 quae,
1087 1577 1152 1613 quia
1164 1581 1257 1605 notam
1269 1577 1389 1612 aliquam

605 1626 702 1655 mereri
726 1626 864 1658 videntur,
878 1624 937 1652 sive
958 1624 1172 1659 suppositionis,
1188 1623 1247 1652 sive
1270 1622 1388 1656 erroris,

605 1674 664 1702 sive
688 1671 854 1707 impietatis,
886 1670 1017 1698 abscondi
1040 1670 1139 1697 debent
1166 1674 1248 1705 atque
1268 1669 1389 1705 ignorari

605 1721 615 1755 (
623 1719 785 1755 dmxpuzpﬁ;
799 1717 924 1754 μᾶλλονῆ
938 1716 1116 1752 ἀναγνώσεως
1127 1716 1200 1751 ἄξια,
1214 1716 1280 1744 dicit
1295 1719 1391 1744 auctor

609 1770 756 1806 Synopseos
786 1775 869 1796 sacra:
896 1765 1041 1799 Scriptura:
1061 1763 1182 1791 creditus
1196 1761 1389 1796 Athanasius),

606 1820 656 1841 nec
678 1813 707 1840 in
729 1811 838 1847 publica
851 1809 956 1837 versari
973 1809 1070 1837 notitia
1082 1829 1090 1842 ,
1107 1809 1178 1837 sicut
1191 1808 1253 1836 libri
1266 1807 1390 1836 canonici

606 1857 808 1893 Scripturarum
819 1876 827 1889 ,
840 1860 868 1883 et
889 1855 908 1882 ii
928 1854 1107 1883 ecclesiastici
1121 1854 1243 1885 Patrum.
1258 1854 1306 1889 qui
1318 1852 1391 1881 inof-

605 1904 683 1931 fenso
697 1903 766 1938 pede
778 1902 887 1930 decurri
902 1905 1015 1936 queunt.
1032 1900 1124 1934 Quare
1144 1900 1214 1927 inter
1235 1899 1390 1934 apocrypha

606 1953 729 1978 recenset
748 1948 897 1976 Clementis
920 1947 1099 1975 Alexandrini
1111 1946 1259 1982 opuscula,
1281 1946 1391 1973 Tertul-

605 1995 672 2023 liani
682 2016 690 2029 ,
705 1995 852 2030 Cypriani,
866 1993 995 2026 Arnobii,
1016 1993 1167 2027 Lactantii,
1181 1992 1307 2025 Eusebii,
1324 1993 1392 2020 alio-

606 2049 679 2074 rum,
693 2041 818 2075 quamvis
832 2039 955 2066 indubia.

641 2086 682 2114 Ex
705 2086 806 2121 quibus
831 2084 961 2112 omnibus
983 2084 1144 2117 coniicitur,
1168 2091 1222 2110 non
1245 2083 1391 2110 admodum

606 2133 710 2161 clarere
725 2136 816 2159 utrum
829 2135 990 2166 praesentem
1011 2129 1160 2166 Epistolam
1175 2128 1331 2163 adjudicare
1345 2128 1392 2155 de—

607 2181 719 2208 beamus
733 2178 866 2206 Barnabaa
877 2177 1014 2213 apostolo,
1027 2185 1060 2204 an
1074 2177 1152 2204 alteri
1164 2176 1269 2203 homini
1282 2180 1392 2210 aposto-

1441 255 1693 290 subsequentibus;
1715 255 1751 283 ita
1772 256 1843 284 male
1860 263 1909 290 per
1922 254 2077 283 secundum
2090 253 2215 281 conclude-

1441 307 1517 329 retur
1531 302 1634 329 natales
1649 302 1771 337 ejusdem
1788 302 1937 337 contigisse
1948 322 1956 335 ,
1972 301 2068 328 statim
2086 305 2216 335 antequam

1441 347 1566 375 Clemens
1581 348 1666 375 libros
1681 356 1747 376 suos
1759 352 1946 383 componeret.
1965 347 2008 374 An
2026 346 2100 373 enim
2121 353 2216 373 necesse

1443 393 1511 426 fuit,
1531 396 1561 420 ut
1575 393 1675 428 ingenii
1692 398 1902 421 monumentum
1920 392 2127 427 apocryphum,
2147 392 2217 419 simul

1442 445 1474 464 ac
1488 445 1503 464 e
1518 438 1647 465 manibus
1662 439 1806 473 scriptoris
1823 439 1938 470 exierat,
1953 438 2028 465 illico
2049 438 2084 465 ad
2105 445 2216 465 commu-

1442 491 1505 511 nem
1517 483 1642 511 notitiam
1650 485 1815 519 perveniret,
1827 489 1909 519 atque
1919 492 1934 511 a
1945 483 2076 511 Patribus
2085 482 2218 511 citaretur?

1441 537 1475 557 eo
1488 530 1639 564 prmsertim
1654 535 1791 565 tempore.
1811 538 1867 565 quo
1885 535 1911 558 et
1923 530 2083 557 scribebant
2095 529 2186 564 pauci.
2197 532 2219 556 et

1442 575 1489 609 qui
1504 583 1553 603 sua
1565 575 1663 602 litteris
1676 575 1894 608 committebant,
1911 575 1986 602 solos
1999 574 2057 601 fere
2069 573 2098 601 in
2110 574 2218 601 testimo-

1442 620 1519 648 nium
1540 621 1708 648 adhibebant
1721 628 1816 648 sacros
1829 621 1915 648 libros
1930 629 1936 647 :
1951 624 1981 647 ut
1994 627 2050 647 non
2064 626 2218 647 commemo-

1443 673 1500 693 rem
1525 665 1760 693 luctuosissimam
1786 665 1957 693 voluminum
1980 664 2217 692 ecclesiasticorum

1442 711 1581 746 prioribus
1596 711 1705 739 saeculis
1717 715 1894 738 exaratorum
1905 710 2054 745 jacturam.
2069 709 2162 745 Itaque
2173 717 2218 736 nie-

1441 757 1486 784 dia
1503 757 1547 784 via
1569 756 1749 784 incedendum
1772 756 1898 788 videtur;
1920 761 1948 784 et
1968 755 2143 784 referendum
2161 763 2218 790 opus

1442 803 1476 830 ad
1502 807 1608 837 tempus
1626 802 1698 837 quod
1725 803 1796 829 inter
1818 805 1968 836 utrumque
1997 801 2159 835 intercedit;
2191 802 2218 828 ita

1443 856 1533 877 tamen
1554 854 1585 877 ut
1608 849 1641 877 ad
1664 849 1782 884 primum
1800 848 1889 884 magis
1903 848 2016 876 accedat
2038 857 2046 875 :
2068 856 2151 883 quam
2172 855 2218 875 rrm

1442 897 1582 924 character
1594 895 1713 927 dicendi.
1737 895 1916 930 apostolicam
1934 894 2127 929 antiquitatem
2149 894 2218 921 redo-

1440 943 1510 974 lens,
1526 949 1580 968 non
1597 941 1713 969 obscure
1727 941 1873 976 signiﬁcat.

1476 989 1589 1021 Quantae
1601 988 1778 1014 auctoritatis.
1791 987 1928 1020 Quantum
1943 987 1977 1014 ad
1990 986 2138 1015 secundam
2151 987 2219 1014 inter-

1442 1035 1609 1070 rogationem
1623 1053 1631 1066 ,
1645 1034 1678 1061 de
1687 1033 1816 1068 praesenti
1831 1038 1953 1068 tempore
1970 1033 2045 1060 nulla
2059 1033 2149 1060 oritur
2162 1032 2218 1072 ditii-

1440 1082 1537 1108 cultas.
1550 1080 1666 1108 Constat
1679 1080 1749 1107 inter
1764 1087 1870 1113 omnes,
1895 1078 2046 1114 Epistolam
2072 1079 2102 1106 in
2125 1087 2218 1107 canone

1440 1126 1530 1153 locum
1537 1133 1592 1153 non
1602 1126 1711 1153 habere.
1720 1124 1775 1152 Nec
1785 1124 1877 1152 minus
1884 1129 2012 1152 constare
2019 1124 2111 1156 debet,
2120 1125 2217 1160 dignam

1440 1180 1501 1200 esse
1519 1180 1618 1207 magna
1625 1172 1811 1203 veneratione,
1821 1178 1883 1206 qua
1895 1175 1999 1198 tantum
2009 1170 2080 1198 ferat
2092 1171 2178 1199 aetatis
2186 1176 2219 1198 at-

1440 1226 1493 1253 que
1502 1217 1723 1246 existimationis.
1735 1217 1763 1244 Si
1773 1221 1864 1244 autem
1873 1216 2079 1244 consideremus
2087 1217 2219 1251 primatis.

1440 1263 1513 1296 cula,
1535 1263 1645 1298 quando
1667 1270 1772 1290 canone
1793 1263 1903 1290 diverso
1924 1262 2072 1290 utebantur
2083 1262 2217 1294 Ecclesia;

1441 1310 1516 1337 varia
1528 1310 1556 1337 in
1572 1309 1662 1337 studia
1681 1309 1760 1337 scissi
1772 1308 1884 1336 fuerunt
1893 1308 2054 1337 Christiani.
2066 1309 2096 1337 Id
2109 1314 2142 1337 ut
2153 1310 2218 1337 intel-

1441 1354 1550 1390 ligatur,
1567 1355 1714 1383 observare
1732 1359 1849 1389 oportet,
1874 1354 2093 1390 Scripturarum,
2108 1364 2171 1391 qua:
2183 1360 2220 1382 aut

1441 1407 1527 1428 sacra
1538 1404 1612 1434 sunt,
1628 1404 1674 1427 aut
1693 1400 1762 1427 tales
1777 1404 1842 1427 sunt
1855 1400 1955 1427 habita:
1971 1407 1987 1427 a
2007 1401 2161 1433 nonnullis,
2175 1408 2220 1427 non

1442 1453 1523 1473 unam
1537 1446 1607 1481 apud
1622 1451 1733 1473 sanctos
1748 1446 1843 1473 Patres
1865 1446 1978 1481 reperiri
1993 1446 2169 1475 divisionem.
2184 1446 2221 1473 ln-

1441 1492 1547 1519 terdum
1561 1492 1660 1527 duplex
1677 1492 1849 1520 solummodo
1867 1492 1896 1519 fit
1912 1491 2068 1527 Scriptura;
2087 1494 2220 1523 canonica.

1440 1537 1521 1572 cujus
1535 1536 1652 1564 dictator
1660 1536 1778 1572 Spiritus
1787 1543 1909 1570 sanctus,
1918 1542 1945 1565 et
1958 1539 2131 1573 apocrypha,
2151 1540 2221 1574 cujus

1440 1587 1537 1611 auctor
1545 1583 1629 1611 homo
1636 1583 1721 1611 solus.
1731 1582 1769 1610 Ita
1782 1582 1964 1619 Hieronymus
1975 1585 2001 1611 in
2015 1584 2134 1621 Prologa
2143 1585 2221 1621 galea-

1441 1634 1478 1663 to,
1496 1628 1676 1665 Augustinus,
1700 1629 1719 1656 l.
1735 1637 1755 1656 ιι
1771 1630 1809 1657 De
1821 1630 1944 1657 doctrina
1958 1630 2126 1663 Christiana,
2134 1639 2192 1666 cap.
2200 1631 2222 1664 8,

1440 1680 1468 1703 et
1484 1675 1615 1709 Isidorus,
1635 1675 1775 1711 Originum
1791 1676 1840 1704 lib.
1856 1684 1893 1710 vt,
1909 1684 1970 1711 cap.
1982 1676 2010 1704 2.
2025 1676 2073 1705 Sic
2083 1678 2166 1705 etiam
2177 1678 2223 1705 duo

1440 1726 1540 1756 genera
1548 1720 1751 1756 Scripturarum
1760 1726 1899 1756 ponuntur
1907 1722 1934 1749 in
1942 1722 2076 1756 Eusebio,
2085 1723 2160 1751 Hist.
2167 1724 2223 1751 εει-Ι.

1441 1767 1488 1794 lib.
1508 1775 1550 1801 ιιι,
1563 1775 1623 1802 cap.
1637 1767 1663 1801 5,
1683 1767 1933 1802 ὁμολογουμένων
1945 1768 1995 1795 καὶ
2009 1769 2225 1804 ἁναντιρῤἠτωγ

1440 1816 1468 1839 et
1482 1812 1540 1839 τῶν
1551 1813 1595 1847 μὴ
1608 1812 1761 1845 τοιούτων,
1779 1812 1806 1840 in
1822 1813 1965 1842 Athanasii
1978 1822 2026 1842 seu
2040 1815 2158 1843 alterius
2164 1815 2225 1850 Syn-

1441 1859 1509 1892 opsi,
1524 1858 1759 1893 κανονιζομένων
1777 1863 1804 1886 et
1816 1859 1859 1894 μὴ
1874 1859 2119 1895 κανονιζομένων,
2136 1862 2163 1888 in
2181 1862 2225 1895 Cy-

1443 1904 1496 1931 rilli
1517 1903 1754 1940 Hierosolymitani
1776 1910 1875 1940 quarta
1895 1906 2042 1939 catechesi,
2058 1906 2117 1941 τῆς
2131 1906 2225 1939 διαθή-

1441 1959 1497 1984 κης
1513 1950 1563 1977 καὶ
1580 1951 1660 1985 παρὰ
1682 1951 1777 1978 utimr
1796 1953 2043 1987 ὁμολογουμένων
2059 1958 2086 1981 et
2100 1954 2226 1987 ἀποκρύ-

1441 2005 1506 2030 φων
1520 1996 1569 2024 καὶ
1583 1997 1860 2032 ἀμφιϐαλλομένων,
1878 1999 1906 2025 in
1924 1998 2048 2033 Gregorii
2066 1999 2227 2028 Nazianzeui

1442 2042 1564 2070 carmine
1581 2043 1626 2076 53,
1643 2042 1730 2070 θείων
1743 2051 1791 2071 seu
1808 2044 1942 2078 γνησίων
1955 2049 1982 2072 et
1998 2047 2227 2080 παρεγπκὶπτω

1442 2096 1489 2116 seu
1511 2088 1554 2123 μὴ
1571 2089 1719 2123 malam;
1738 2089 1810 2124 apud
1827 2088 2021 2125 Hieronymum
2038 2092 2161 2126 epistola
2172 2092 2227 2121 ηε.

1442 2138 1469 2162 et
1483 2134 1510 2160 in
1525 2138 1607 2168 caput
1628 2141 1648 2161 ιι
1672 2133 1801 2169 Epistolaa
1817 2135 1851 2162 ad
1867 2134 1969 2168 Titum,
1984 2141 2012 2164 et
2023 2136 2227 2165 Commentariu

1443 2179 1471 2205 in
1481 2177 1614 2211 Psalmos,
1628 2178 1653 2205 si
1667 2183 1758 2206 tamen
1779 2179 1862 2214 hujus
1877 2179 1939 2207 libri
1958 2184 2052 2208 auctor
2064 2182 2229 2209 existiman—

607 2227 675 2259 lico,
701 2225 748 2260 qui
773 2229 820 2251 aut
842 2223 974 2260 Barnabaa
999 2230 1099 2250 nomen
1121 2222 1316 2257 assumpserit,
1344 2225 1392 2248 aut
1408 2229 1430 2257 ι)
1443 2224 1495 2252 dus
1509 2228 1560 2256 est,
1575 2224 1609 2252 ad
1622 2224 1755 2259 psalmum
1768 2232 1859 2259 crux,
1874 2225 2118 2253 ecclesiasticarum
2134 2232 2163 2255 et
2174 2236 2231 2261 apa-

608 2271 740 2299 Barnabze
762 2270 845 2298 fuerit
865 2269 1051 2305 cognominis,
1069 2273 1150 2304 prout
1173 2276 1188 2295 a
1206 2268 1302 2303 primis
1315 2267 1394 2295 Chri-

609 2317 707 2345 stianis
726 2316 836 2343 nomina
861 2315 1048 2350 apostolorum
1064 2314 1190 2341 aﬂ‘ectata
1214 2313 1298 2342 fuisse
1315 2313 1395 2341 docet

608 2372 660 2391 nos
687 2363 833 2398 Dionysius
861 2361 1063 2388 Alexandrinus
1090 2361 1160 2395 apud
1179 2359 1326 2387 Eusebium
1345 2360 1391 2386 lib.

608 2418 657 2442 vn,
672 2417 731 2444 cap.
749 2409 794 2435 ‘25.
810 2408 848 2435 Eo
862 2408 950 2443 magis
967 2408 1078 2438 inclino,
1090 2411 1120 2434 ut
1130 2414 1256 2434 censeam
1269 2414 1322 2433 non
1333 2413 1394 2433 esse

608 2456 735 2491 apostoli.
752 2455 828 2488 Quod
845 2455 867 2482 si
883 2454 945 2489 quis
968 2453 1083 2481 certiora
1106 2451 1228 2487 proferat
1240 2473 1247 2485 ,
1270 2452 1394 2487 gratissi-

609 2511 681 2530 mam
696 2502 741 2529 ille
753 2510 809 2529 rem
825 2501 915 2528 faciet.
929 2500 986 2534 Ego
999 2499 1070 2535 quod
1085 2498 1188 2531 nescio,
1202 2498 1274 2527 scire
1285 2505 1328 2525 me
1340 2506 1394 2525 non

608 2557 720 2585 possum
734 2547 865 2583 proliteri.
1309 2568 1318 2571 _

645 2594 768 2630 Ερίειοια
781 2591 926 2626 Barnabc,
1181 2588 1262 2617 Dices
1275 2598 1282 2616 :
1297 2588 1326 2616 Si
1340 2596 1394 2616 non

1052 2603 1054 2610 ›

591 2673 595 2677 ,
608 2646 651 2669 est
664 2640 792 2677 apostoli,
806 2636 1256 2681 «William
1273 2636 1394 2663 habenda

590 2685 596 2721 ξ
607 2692 638 2716 et
648 2687 742 2716 habita
1132 2686 1205 2719 patet
1221 2691 1251 2709 ex
1269 2682 1394 2716 Epistula:

590 2728 675 2768 ‘cap.
683 2726 1146 2768 milia"
1171 2727 1395 2762 llimusolymita-

1192 2774 1300 2800 ιι·ιοὶνίηο
1310 2793 1319 2807 ,
1334 2772 1395 2800 lau-

1187 2823 1202 2839 l.
1224 2819 1316 2839 amt-IIII
1331 2826 1395 2839 nm.

1187 2823 1203 2844 ιι
1224 2819 1317 2847 saeculi
1331 2826 1395 2854 pro-

1157 2874 1244 2908 ,ωιιε
1263 2866 1326 2902 quis
1340 2867 1394 2895 ori-

1137 2912 1158 2926 δ
1406 2910 1413 2914 .

1109 2929 1154 2970 f

742 2652 792 2674 υιι,
806 2652 835 2676 ιι
854 2659 881 2681 τη
903 2656 984 2686 «ἔζεε,
1001 2662 1037 2671 ,τη

742 2652 1145 2758 ι

614 2758 673 2768 VT-
686 2758 703 2761 _
1026 2758 1043 2769 7,

625 2821 653 2831 (Γ

619 2836 621 2845 ι

1444 2270 1621 2304 crypharum;
1653 2270 1725 2304 apud
1752 2269 1939 2298 Innocentium
1964 2278 2074 2306 papam,
2098 2274 2185 2307 epist.
2207 2273 2231 2302 5.

1443 2323 1504 2351 cap.
1526 2315 1553 2349 7,
1574 2320 1738 2350 receptarum
1760 2316 1789 2342 in
1809 2324 1908 2344 canone
1933 2324 1965 2344 ac
1990 2317 2231 2352 repudiandum.

1444 2362 1596 2396 Aliquando
1614 2362 1709 2396 triplex
1723 2360 1863 2397 Scriptura
1877 2362 2051 2397 perhibetur;
2082 2364 2232 2395 canonica,

1443 2408 1555 2434 omnino
1569 2407 1742 2442 recipienda:
1760 2409 1924 2444 apocrypha,
1939 2408 2046 2443 penitus
2061 2410 2233 2445 rejicienda;

1443 2458 1470 2481 et
1484 2454 1577 2486 dubia,
1591 2455 1661 2481 inter
1676 2459 1821 2490 utramque
1834 2454 1938 2490 posita;
1954 2455 1987 2482 ab
1996 2455 2150 2490 aliquibus
2163 2456 2234 2483 vide-

1444 2500 1507 2527 licet
1531 2500 1660 2532 admissa,
1684 2501 1827 2535 repudiata
1849 2502 1883 2529 ab
1898 2501 1970 2535 aliis;
1990 2501 2078 2529 mista
2099 2507 2133 2530 et
2151 2503 2235 2530 media

1445 2546 1516 2573 inter
1531 2546 1676 2580 genuinam
1689 2554 1721 2574 ac
1734 2548 1862 2580 notham;
1877 2555 1946 2576 verae
1960 2547 2105 2583 proxima,
2119 2550 2168 2577 cui
2180 2557 2237 2577 cen-

1444 2592 1587 2618 tradicitur
1604 2592 1727 2626 quidem,
1741 2593 1829 2621 honor
1844 2598 1931 2622 tamen
1946 2594 2063 2621 habetur
2081 2599 2119 2622 ut
2135 2596 2237 2631 legatur

1444 2638 1666 2672 catechumenis;
1684 2647 1769 2674 quam
1792 2640 1901 2668 demum
1922 2640 1981 2668 licet
2000 2646 2063 2667 non
2094 2641 2197 2669 eodem
2214 2641 2236 2666 in

1444 2683 1530 2719 pretio
1546 2684 1665 2711 habeant
1675 2687 1809 2714 Catholici
1822 2695 1854 2715 ac
1866 2686 2025 2718 canonicam,
2050 2692 2088 2714 ut
2105 2695 2144 2715 ex
2158 2696 2191 2715 ea
2209 2688 2236 2713 E-

1444 2729 1488 2757 dei
1505 2729 1631 2764 dogmata
1649 2732 1825 2766 conﬁrment,
1841 2740 1895 2761 non
1916 2732 1972 2760 ideo
1991 2733 2234 2765 quemadmodum

1444 2776 1630 2811 apocrypham
1648 2778 1856 2813 abominantur,
1871 2784 1948 2814 atque
1970 2785 1985 2805 e
2004 2779 2134 2813 templis
2151 2778 2234 2806 elimi-

1445 2826 1521 2853 nant,
1536 2822 1662 2856 quinimo
1679 2832 1744 2853 cum
1760 2825 1907 2854 reverentia
1923 2823 2075 2857 excipiunt,
2093 2832 2131 2852 ac
2157 2825 2184 2851 in
2196 2830 2234 2849 ec-

1445 2866 1535 2895 ειθδῖίε
1551 2867 1584 2894 ad
1600 2868 1689 2902 Plebis
1704 2871 1906 2902 aediﬁcationem
1920 2869 2050 2899 lectitant.
2067 2870 2131 2898 Ista
2145 2871 2234 2899 edoce»
