2290 3110
102 152 155 180 σξη

784 151 1051 185 ΡΒΟΕΕΟΟΜΕΝΔᾸ

1678 153 1731 181 658

96 215 166 248 mur
181 208 219 235 ab
233 208 355 244 Origene
377 210 410 238 ad
433 209 548 242 Joannis
565 222 602 247 ir,
617 214 668 247 2‘2;
681 213 806 247 Eusebio,
824 213 895 240 llist.
913 216 933 243 Α
948 213 982 240 ab
998 212 1164 248 Hieronymo
1179 212 1342 247 apocrypha,
1364 219 1411 239 seu
1439 216 1514 239 extra
1535 217 1679 245 canonum
1695 211 1728 239 ad

91 253 144 280 lib.
168 262 216 286 ιιι,
234 262 298 290 cap.
317 256 345 288 3,
363 255 409 289 9.5,
424 258 470 291 3i,
488 264 516 287 et
529 260 593 288 alibi
606 269 614 294 ;
627 260 776 288 Athanasio
790 260 817 287 in
833 259 897 294 Epi-

87 300 170 326 smla
187 299 310 334 Festali,
326 301 392 329 etin
413 303 526 339 Synopsi
538 305 632 333 divina:
651 305 809 340 Scriptum;
832 306 897 332 Αιιι-

82 345 254 379 philochio
269 347 298 373 in
313 346 433 375 lambico
447 349 568 377 carmine
579 351 613 378 ad
634 351 786 384 Seleucum,
803 349 898 378 Hiero—

78 398 186 426 nymo
211 392 247 419 in
273 392 482 427 praefationibus
495 395 529 422 ad
541 394 646 430 Judith,
661 401 688 424 et
702 396 736 424 ad
752 396 803 424 tria
820 395 898 423 Salo—

74 437 192 465 monis
210 438 378 472 volumina;
393 439 492 466 Rutino
504 440 532 468 in
549 439 668 474 Symboti
687 443 860 476 expositione,
871 447 898 469 et

70 482 266 518 Nicephoro
278 483 580 521 Constantinopolitano
601 487 628 513 in
643 486 750 515 Conone
774 485 895 520 Scriptu-

68 537 206 558 rarum.
238 529 327 557 Porro
348 531 491 566 utriusque
519 532 602 567 hujus
619 532 760 559 divisionis
777 533 897 560 membra

66 576 335 604 subdividuntur.
370 576 398 603 In
427 577 535 612 prima,
565 578 704 605 canonica:
730 577 897 612 Scripturze,

63 622 172 655 juxta
205 623 381 650 sententiam
403 623 491 650 sancti
510 623 671 658 Augustini,
690 623 751 650 loco
766 623 849 650 citato
864 631 896 650 ex

65 667 242 695 Doctrina
265 667 429 700 Christiana,
453 669 495 696 vel
520 669 554 696 ab
575 669 703 696 omnibus
727 668 897 704 accipiuntur

65 713 243 742 Ecclesiis
256 715 409 747 catholicis,
426 715 468 742 vel
491 722 507 742 a
527 715 650 750 pluribus
667 720 693 742 et
715 715 895 750 gravioribus,

65 760 122 787 vel
143 767 166 787 a
182 759 374 794 paucioribus
389 760 558 794 minorisque
573 759 756 792 auctoritatis,
771 759 813 786 vel
827 758 897 786 forte

67 813 86 832 a
112 805 270 841 pluribus
293 810 321 832 at
341 813 396 832 non
412 805 594 842 gravioribus,
613 809 660 832 aut
675 805 791 840 denique
803 804 895 832 forsan

69 857 88 875 a
112 849 316 883 gravioribus
340 850 386 877 sed
409 857 463 877 non
483 849 621 885 pluribus;
638 849 734 884 sicque
749 853 796 876 aut
807 850 895 877 omni-

71 894 200 926 modae.
223 899 275 921 aut
301 895 426 929 majoris,
444 899 492 922 aut
518 895 630 929 aqualis
645 895 816 923 auctoritatis
830 903 895 923 cen-

75 940 143 968 seri
170 940 295 968 debent.
311 940 398 974 Quam
422 941 632 976 inaequalitatem
656 940 827 968 auctoritatis
848 940 896 968 Ju-

76 987 159 1014 dzeis
174 994 240 1014 non
257 986 343 1014 fuisse
352 987 500 1014 inauditam
515 987 613 1023 colligo
625 995 657 1014 ex
667 986 791 1021 Philone,
801 988 848 1015 lib.
859 988 896 1015 De

79 1034 145 1061 rita
158 1033 391 1067 contemplativa;
403 1032 532 1067 Josepho,
540 1033 610 1061 libro
621 1041 630 1060 1
642 1039 733 1060 contra
740 1034 894 1069 Appionem,

83 1083 183 1114 atque
190 1077 373 1114 Hieronymo,
384 1079 411 1106 in
422 1078 628 1114 praefationibus
642 1079 675 1107 ad
688 1078 784 1115 Reges,
796 1080 830 1107 ad
842 1079 895 1106 Το-

86 1125 185 1158 biam,
199 1125 238 1152 ad
255 1124 405 1157 Juditbam,
420 1124 556 1160 ad.0pera
573 1124 729 1154 Salomonis
751 1130 779 1154 et
791 1126 825 1153 ad
841 1126 894 1153 Da-

88 1171 214 1198 uielem.
239 1169 283 1197 Ab
297 1170 390 1198 eodem
415 1171 582 1206 Augustino,
592 1171 639 1204 lib.
655 1179 722 1198 xvni
737 1171 775 1198 De
789 1172 895 1199 ciuitate

95 1216 159 1250 Dei,
176 1223 243 1250 cap.
259 1215 306 1248 36,
322 1215 422 1251 duplex
444 1223 533 1243 canon
561 1215 764 1251 Scripturarum
786 1215 894 1244 Veteris

93 1262 275 1290 Testamenti
300 1262 382 1290 statui
408 1261 528 1304 videtur;
550 1269 644 1290 earum
658 1269 727 1297 quas
740 1260 827 1289 Judaei
843 1270 893 1297 pro

96 1308 248 1337 canonicis
261 1309 371 1341 habent,
387 1313 414 1335 et
429 1316 525 1336 carum
539 1317 608 1344 quas
627 1308 750 1337 Ecclesia
766 1318 773 1336 :
786 1317 838 1344 qua
859 1309 893 1337 de

98 1364 129 1384 re
153 1355 334 1382 consulendae
355 1354 452 1382 lsidori
470 1354 603 1390 Origines,
625 1355 672 1382 lib.
690 1363 733 1388 vt,
747 1363 807 1390 cap.
825 1356 850 1382 l.
864 1355 893 1382 ln

98 1402 198 1429 eadem
213 1400 302 1435 prima
318 1400 452 1428 divisione
466 1400 528 1428 libri
540 1400 688 1436 apocrypbi
704 1401 805 1436 gradus
815 1401 894 1429 simi-

100 1447 165 1475 liter
186 1447 323 1478 obtinent,
344 1452 426 1481 prout
439 1447 472 1474 ad
489 1447 630 1475 veritatem
645 1454 678 1474 ac
689 1447 828 1482 pietatem,
842 1446 893 1474 fal—

101 1498 213 1525 sitatem
228 1500 257 1524 et
269 1495 434 1531 impietatem
449 1495 537 1530 magis
553 1499 601 1522 aut
616 1495 707 1522 minus
724 1498 848 1530 vergunt.
862 1493 892 1521 ln

100 1543 226 1571 secunda
246 1543 349 1577 pariter
371 1542 516 1574 divisione,
538 1541 628 1569 dubiae
644 1540 801 1576 Scripturae,
818 1541 889 1576 apud
905 1553 927 1583 ε

99 1588 254 1616 Eusebium
270 1587 317 1615 lib.
334 1595 364 1621 ιι,
379 1595 439 1623 cap.
456 1587 509 1621 23;
524 1587 572 1615 lib.
592 1595 634 1619 Ill,
648 1595 708 1622 cap.
722 1587 738 1614 3
753 1591 780 1614 et
790 1587 891 1618 25,di-

97 1635 263 1663 vei-sitatam
280 1634 416 1670 accipiunt
436 1641 470 1662 ex
484 1633 660 1669 proximitate
686 1633 720 1660 ad
745 1632 892 1660 canonicas

97 1682 142 1709 vel
157 1681 192 1708 ad
206 1681 378 1717 apocryphas
390 1690 397 1714 ;
410 1688 472 1708 cum
483 1688 498 1707 a
511 1679 636 1715 pluribus
647 1678 776 1706 Ecclesiis
785 1678 891 1713 publice

96 1727 272 1760 lectitantur,
288 1734 350 1754 cum
365 1727 399 1754 ab
411 1726 530 1760 antiquis
544 1725 704 1752 doctoribus
717 1724 891 1759 reperiuntur

93 1772 238 1808 allegataz,
258 1780 377 1807 cumque
402 1772 503 1807 spuria:
525 1771 653 1798 videntur
675 1778 708 1798 ac
735 1770 768 1798 de
791 1770 891 1805 quibus

92 1825 183 1853 quam
197 1818 321 1845 maxime
334 1818 484 1845 dubitatur.

127 1861 183 1891 Bis
208 1864 246 1890 ita
268 1863 376 1898 positis,
389 1865 528 1892 evanescit
545 1865 636 1892 omnis
653 1862 809 1891 diliicultas.
826 1861 886 1896 Epi-

87 1908 167 1935 stola
184 1908 322 1936 Barnabe
338 1909 372 1936 ab
386 1909 501 1945 Origene
520 1915 550 1945 et
569 1909 733 1944 quibusdam
759 1907 891 1935 Ecclesiis

84 1955 237 1982 canonica
245 1959 371 1989 reputata
387 1955 454 1989 fuit;
470 1964 485 1983 a
498 1956 638 1983 Clemente
650 1955 835 1982 Alexandrino
847 1955 889 1981 in-

83 2001 211 2028 terdum
237 2001 381 2034 canonica,
400 2001 534 2029 interdum
559 2002 653 2035 dubia,
670 2001 807 2029 interdum
833 2008 888 2027 non

82 2045 247 2077 canonica,
262 2053 310 2073 seu
327 2046 479 2081 apocrypha
496 2047 522 2073 in
538 2047 611 2074 bono
620 2053 703 2074 sensu
716 2045 810 2080 prima:
820 2044 889 2072 divi-

81 2089 186 2116 sionis
200 2098 209 2116 :
227 2090 262 2117 ab
276 2089 396 2118 Eusebio
408 2091 500 2124 dubia,
514 2091 618 2126 spuria,
634 2091 717 2119 citata
730 2090 839 2125 quidem
855 2089 889 2115 ab

83 2134 237 2169 antiquis,
250 2141 278 2162 at
293 2136 414 2164 melioris
425 2141 494 2164 notat
508 2137 671 2173 apocryphis
687 2136 866 2172 propinquior
880 2144 886 2161 ;

260 2253 356 2281 Versus
370 2255 564 2291 Scripturarum
580 2267 728 2286 sacrarum.

96 2305 247 2336 Genesis...
287 2330 293 2336 .
335 2332 341 2337 .
384 2333 390 2338 .
427 2334 434 2339 .
471 2335 476 2341 .
516 2336 521 2342 .
559 2316 661 2344 Versus
716 2324 820 2343 ιιιιιιιιι).

102 2350 250 2381 Ehodum.
289 2375 296 2381 .
337 2377 342 2382 .
383 2378 388 2383 .
428 2379 433 2384 .
471 2381 477 2386 .
517 2382 521 2388 .
562 2383 568 2389 .
607 2383 613 2388 .
652 2383 658 2389 .
715 2370 831 2389 nuuocc.

105 2394 293 2426 Leviticurn..
335 2421 342 2427 .
382 2423 387 2428 .
427 2425 433 2430 .
471 2426 476 2432 .
516 2428 522 2433 .
561 2428 567 2434 .
607 2429 612 2435 .
653 2429 658 2434 .
715 2416 828 2435 unoccc.

108 2438 245 2470 Numeri"
283 2466 290 2471 .
330 2466 336 2472 .
377 2469 382 2474 .
421 2469 427 2475 .
467 2472 472 2477 .
512 2473 517 2478 .
557 2475 563 2480 .
603 2475 609 2481 .
650 2475 656 2480 .
713 2462 830 2481 MIMDCL.

111 2483 350 2516 Denteronomium
375 2512 383 2518 ι
418 2513 424 2519 .
463 2516 470 2522 .
512 2518 517 2524 ,
557 2520 563 2526 ,
602 2521 607 2526 ,
650 2521 655 2526 ,
713 2507 828 2526 ωιιιαεε.

115 2530 292 2560 ὂεειιΝτινε..
331 2556 337 2561 .
379 2557 384 2564 .
421 2559 428 2566 .
466 2561 472 2567 .
513 2564 518 2570 .
559 2565 564 2570 .
605 2566 657 2572 ..
715 2554 761 2572 ιιιι.

114 2573 658 2618 :Indicum..........
715 2600 762 2618 Iul-

113 2617 658 2664 ξδυιιι.........ξζ
715 2617 771 2664 cat.

109 2662 481 2703 Fennoruml’rimuslibcr.
515 2701 520 2706 ,
560 2702 566 2708 ,

296 2711 421 2744 Secundus
436 2720 513 2750 liber.
557 2747 563 2753 .
603 2749 610 2755 .
650 2749 656 2755 .
713 2736 760 2755 HH-

304 2787 327 2807 ce
339 2781 490 2822 Patrologia.’
505 2798 523 2820 t.
536 2794 557 2830 Ι,
570 2798 621 2824 col.
635 2797 696 2825 467.

904 2239 1096 2282 DRegnorum
1113 2249 1222 2277 Tertius
1237 2251 1311 2278 liber.
1347 2272 1352 2277 .
1394 2272 1399 2278 .
1441 2272 1447 2278 .
1489 2273 1494 2278 .

949 259 1076 286 Ecclesia:
1099 258 1304 286 aediﬁcationem
1330 260 1468 293 pertinens
1496 268 1504 285 :
1532 266 1548 286 a
1575 257 1729 292 Nicephoro

948 304 1249 339 Constantinopolitano
1268 311 1322 331 non
1338 304 1477 335 canonica.
1493 311 1547 331 non
1561 303 1728 339 apocrypha,

948 349 997 377 sed
1012 350 1056 377 cui
1066 349 1263 377 contradicitur
1275 359 1281 375 :
1295 357 1311 376 ιι
1327 348 1402 376 nullo
1416 348 1570 384 apocrypha
1586 347 1729 375 deterioris

949 399 1030 429 notae,
1046 403 1118 423 noxa
1136 395 1250 429 scilicet,
1269 395 1405 428 haeretica,
1417 395 1514 430 impia;
1531 394 1609 429 cujus
1623 394 1729 429 generis

948 441 1055 469 videtur
1069 440 1155 468 fuisse
1170 440 1345 476 Evangelium
1361 441 1522 475 inscriptum
1538 439 1648 467 nomine
1663 439 1729 466 Bar-

948 487 1039 521 nabas;
1056 487 1128 522 quod
1143 487 1170 514 in
1184 487 1301 514 concilio
1312 486 1436 514 Romano
1448 493 1530 521 opera
1541 485 1642 513 Gelasii
1652 485 1730 512 dam-

948 537 1042 560 natum
1056 537 1107 560 est.
1124 532 1190 560 Vide
1206 539 1288 567 supra
1304 532 1383 559 initio
1403 536 1530 559 notarum
1547 531 1573 557 in
1593 530 1724 558 Constitu-

951 578 1033 605 tiones
1050 577 1215 612 :apoatolicas
1238 577 1288 612 (1),
1303 576 1455 604 lndiculum
1484 575 1698 610 Scripturarum,
1713 581 1730 602 θ

948 621 1112 649 bibliotheca
1128 621 1212 656 Regia
1229 622 1429 657 depromptum.

985 667 1088 695 Titulus
1102 667 1238 703 Epistoltz.
1252 667 1346 696 Restat
1359 668 1432 696 aliud
1448 668 1526 700 nihil,
1539 668 1591 696 nisi
1606 668 1640 695 de
1651 668 1729 696 titulo

947 713 1075 748 Epistolas
1089 713 1240 748 inquirere,
1255 714 1287 741 ad
1303 721 1373 749 quos
1391 714 1492 748 scripta
1507 713 1598 741 fuerit.
1610 712 1664 742 Res
1675 722 1728 741 non

947 758 1038 794 magni
1052 763 1093 786 est
1103 759 1243 787 momenti.
1252 759 1289 787 Ut
1300 760 1373 787 enim
1387 759 1516 794 praeclare
1526 758 1726 787 Tertullianus:

948 803 1026 831 Nihil
1040 804 1072 832 de
1091 805 1176 832 titulis
1199 805 1315 836 interest.
1329 813 1388 832 cum
1412 805 1447 832 ad
1465 813 1554 832 omnes
1577 805 1730 840 scripserint

946 849 1069 885 apostoli,
1095 856 1149 877 tum
1177 851 1212 877 ad
1230 851 1367 886 quosdam.
1392 851 1431 878 Ac
1454 851 1524 879 forte
1545 851 1729 887 ἀνεπίγραφος

948 903 1054 930 semper
1066 896 1168 923 exstitit
1180 905 1187 927 ;
1207 896 1314 930 qualem
1327 897 1467 924 cernimus
1484 895 1600 924 Joannis
1613 896 1727 932 apostoli

946 941 1073 975 primam.
1089 939 1167 973 Quod
1184 941 1206 968 si
1221 941 1299 968 aliter
1309 949 1338 969 se
1351 949 1395 970 res
1412 942 1520 975 habeat,
1535 942 1679 977 conjiciam
1693 949 1728 970 ex

947 990 1002 1014 tota
1017 986 1150 1014 orationis
1171 987 1252 1020 serie,
1274 987 1308 1015 ad
1331 987 1502 1016 Christianos
1516 987 1645 1018 Hebraeos
1659 987 1727 1015 mis-

945 1041 1017 1067 sam,
1032 1036 1141 1060 tenaces
1159 1032 1273 1060 nimium
1290 1034 1436 1069 antiquata:
1456 1034 1534 1070 legis,
1547 1034 1582 1061 ad
1600 1033 1728 1062 Hebraeos

945 1077 1105 1113 inscriptam
1120 1077 1215 1105 fuisse.
1230 1077 1352 1114 Hincque
1366 1079 1454 1114 potuit
1478 1078 1538 1106 ﬁeri
1561 1083 1601 1111 ut,
1617 1083 1728 1114 accepto

945 1132 1055 1152 rumore
1077 1125 1111 1152 de
1132 1124 1254 1160 Epistola
1271 1125 1388 1160 quadam
1409 1124 1540 1152 Barnabae
1551 1124 1585 1152 ad
1599 1124 1727 1153 Hebraeos

944 1177 960 1196 a
973 1177 1003 1197 se
1014 1177 1072 1197 non
1082 1170 1153 1204 visa,
1170 1170 1356 1198 Tertullianus
1367 1178 1428 1205 cap.
1443 1170 1489 1204 20,
1508 1170 1557 1197 lib.
1571 1170 1610 1198 De
1622 1171 1727 1206 pudici-

944 1215 992 1247 tia,
1009 1215 1157 1250 Epistolam
1167 1216 1245 1244 Pauli
1258 1216 1417 1245 canonicam
1435 1217 1468 1244 ad
1481 1215 1620 1250 Hebraeos,
1632 1217 1665 1244 de
1675 1225 1726 1244 cn-

941 1262 987 1297 jus
999 1266 1111 1290 auctore
1123 1270 1155 1290 ac
1170 1264 1333 1291 auctoritate
1346 1263 1545 1298 ambigebatur,
1560 1263 1695 1298 putaverit
1709 1271 1726 1291 ι

943 1306 1067 1335 Barnaba
1083 1307 1167 1336 fuisse
1179 1309 1353 1337 destinatam.
1364 1309 1454 1344 Atque
1466 1309 1599 1337 hactenus
1613 1310 1646 1338 de
1659 1309 1725 1345 Epi—

944 1354 1028 1382 stola.

978 1401 1094 1436 Antiqua
1117 1401 1212 1428 vmio.
1225 1400 1309 1428 Vetus
1322 1406 1411 1429 autem
1429 1401 1616 1436 interpretatio
1628 1400 1727 1428 barba-

942 1445 1009 1473 riem
1026 1446 1137 1481 ubique,
1151 1446 1252 1481 ubique
1273 1447 1465 1482 negligentiam
1489 1446 1620 1480 ostendit,
1632 1451 1726 1481 estque

943 1491 1101 1526 imperfecta
1116 1497 1143 1520 et
1156 1493 1263 1526 mutila,
1276 1497 1334 1521 tum
1345 1493 1458 1528 passim,
1473 1497 1530 1521 tum
1544 1493 1679 1528 praecipue
1692 1493 1725 1520 ad

943 1537 1033 1571 ﬁnem,
1046 1538 1092 1565 ubi
1111 1538 1268 1573 posteriora
1285 1539 1374 1574 capita
1389 1543 1557 1572 resecantur,
1581 1537 1651 1566 forte
1661 1538 1724 1573 quia

945 1584 1036 1611 minus
1050 1586 1130 1612 docta
1148 1585 1309 1612 videbantur
1322 1585 1471 1620 interpreti,
1488 1590 1569 1620 atque
1585 1585 1620 1612 ad
1634 1592 1725 1612 mores

945 1631 1032 1663 magis
1046 1631 1207 1664 pertinentia
1224 1640 1230 1657 :
1245 1631 1328 1666 igitur
1340 1632 1450 1659 omissis
1463 1632 1506 1664 iis,
1520 1632 1668 1666 paucisque
1680 1637 1726 1657 vo-

944 1675 1022 1702 cibus
1039 1676 1159 1709 insertis,
1175 1676 1354 1711 colophonem
1378 1684 1425 1711 per
1447 1677 1619 1712 doxologiam
1638 1676 1725 1710 impo-

944 1722 994 1750 nit.
1011 1722 1097 1750 Suutn
1115 1728 1206 1751 tamen
1227 1723 1266 1751 illi
1284 1724 1404 1751 versioni
1428 1723 1544 1758 pretium
1559 1732 1565 1750 :
1582 1722 1625 1750 cui
1648 1721 1726 1749 debe-

944 1777 1006 1797 mus
1021 1770 1112 1804 priora
1128 1770 1228 1804 capita,
1240 1778 1301 1798 eum
1319 1778 1372 1797 non
1384 1770 1479 1805 paucis
1489 1770 1725 1798 emendationibus

943 1814 1029 1842 Grzeci
1040 1819 1194 1849 contextus,
1210 1820 1238 1842 ut
1254 1816 1321 1843 nihil
1332 1816 1419 1843 dicam
1431 1816 1465 1844 de
1476 1816 1638 1851 antiquitate
1651 1816 1724 1844 illius

943 1868 975 1888 ac
990 1861 1175 1896 simplicitate.

978 1903 1173 1935 Stichometria.
1192 1907 1323 1936 Caeterum
1336 1908 1465 1936 ineditam
1493 1908 1721 1941 Sticbometriam,

942 1953 1022 1987 cujus
1043 1954 1167 1987 memini,
1180 1954 1283 1989 placuit
1298 1954 1342 1982 hic
1358 1962 1504 1989 apponere,
1517 1955 1623 1994 tametsi
1642 1955 1724 1982 muti—

942 1998 996 2026 lam
1018 2004 1045 2027 et
1068 2004 1243 2035 corruptam;
1262 2000 1325 2035 quia
1341 2007 1395 2027 non
1418 2000 1581 2028 mediocrem
1604 2000 1723 2028 fructum

942 2044 1036 2072 aﬂ‘eret
1057 2045 1219 2081 legentibus,
1230 2051 1312 2081 atque
1327 2045 1529 2074 conferentibus
1542 2053 1604 2074 cum
1619 2046 1664 2074 illa
1676 2046 1724 2073 Ni-

942 2091 1371 2128 cephoriConstantinopolitani,
1394 2099 1456 2120 cum
1482 2099 1548 2120 mss.
1574 2092 1722 2121 Bibliorum

942 2137 1093 2171 codicibus,
1109 2146 1225 2173 cumque
1242 2138 1380 2165 laterculis
1396 2137 1608 2172 Scripturarum.

1551 2261 1632 2281 111ῡο-

1010 2309 1044 2313 --
1116 2295 1234 2327 Quartus
1251 2297 1350 2323 liber..
1391 2318 1396 2323 .
1440 2318 1445 2323 .
1486 2318 1492 2324 .
1551 2307 1658 2326 nucccc.

1008 2352 1016 2387 (
1030 2352 1167 2380 Excidisse
1187 2353 1308 2380 videntur
1322 2354 1384 2381 libri
1399 2354 1630 2390 Paralipomenon.
1643 2360 1651 2390 )

939 2407 1212 2436 PsalmiDavitlici..
1253 2429 1259 2435 .
1299 2430 1305 2435 .
1347 2431 1352 2436 .
1393 2430 1400 2436 .
1440 2430 1446 2437 .
1487 2431 1492 2437 .
1550 2419 1654 2438 ιιιιιίιικ.

939 2455 1093 2482 Proverbia.
1117 2475 1123 2481 .
1160 2476 1166 2481 .
1207 2476 1213 2481 .
1254 2476 1259 2481 .
1301 2477 1308 2483 .
1347 2476 1354 2482 .
1395 2477 1400 2482 .
1440 2477 1447 2484 .
1486 2477 1492 2482 .
1550 2466 1610 2484 IDC.

940 2500 1127 2528 Ecclesiastes.
1165 2521 1171 2527 .
1212 2521 1217 2527 .
1260 2522 1265 2527 .
1304 2521 1311 2526 .
1351 2521 1356 2526 .
1395 2521 1401 2527 .
1440 2522 1445 2527 .
1485 2522 1492 2528 .
1547 2509 1588 2529 ac.

939 2545 1051 2573 Cantica
1065 2546 1261 2573 canticorum.
1302 2566 1308 2572 .
1350 2566 1354 2572 .
1394 2567 1399 2572 .
1440 2567 1446 2573 .
1486 2567 1491 2572 .
1547 2555 1602 2574 (:cc.

941 2591 1122 2626 Sapientia..
1162 2612 1168 2617 .
1209 2611 1214 2617 .
1254 2612 1259 2617 .
1299 2611 1304 2617 .
1346 2611 1351 2617 .
1392 2613 1398 2618 .
1436 2612 1442 2618 .
1483 2612 1489 2618 .
1545 2601 1573 2620 ιι.

940 2636 1078 2671 Sapientia
1092 2635 1165 2663 .Iesu.
1203 2656 1208 2661 .
1249 2658 1254 2662 .
1295 2657 1300 2662 .
1342 2657 1347 2662 .
1389 2657 1394 2662 .
1437 2657 1442 2662 .
1484 2657 1490 2663 .
1548 2647 1610 2665 ιιιιιι.

941 2681 1250 2716 ΠιιοιιεειιιιΡιποριιοιιιτ.
1293 2702 1300 2708 .
1341 2701 1346 2707 .
1389 2702 1394 2708 .
1434 2703 1440 2708 .
1483 2703 1488 2708 .
1545 2687 1663 2712 unucx‘.

939 2727 1630 2757 0sce...........oux.

292 2842 320 2861 us
329 2842 448 2871 generalis
463 2855 524 2877 cum
537 2855 747 2887 particularibus
757 2861 813 2882 non
823 2852 981 2882 concordat.
