2290 3110
27 159 63 186 661
679 159 945 188 PROLEGOMENA.

1562 163 1614 191 662

53 218 117 245 lllius
127 224 194 252 saepe
215 217 339 245 meminit
355 219 567 254 Alexandrinus,
583 222 738 257 multosque
750 230 784 249 ex
798 229 820 257 Α
835 221 940 249 Christo
955 224 1004 254 est,
1026 223 1052 248 in
1070 231 1149 257 quam
1168 223 1236 250 beati
1254 230 1342 249 omnes
1356 222 1402 257 qui
1418 222 1561 249 intrarunt.
1575 221 1613 249 Ex

26 271 50 290 ea
66 262 155 298 profert
168 264 253 296 locos,
274 264 502 298 quemadmodum
518 270 545 293 et
557 266 697 302 Origenes,
712 275 782 302 quos

26 316 102 335 omnes
118 309 144 335 in
155 309 256 336 nostris
267 309 502 338 observationibus
516 312 670 340 notavimus
687 322 693 339 :
708 321 783 340 cam-

26 361 67 388 que
76 354 133 380 citat
143 358 253 381 sanctus
262 354 408 390 Gregorius
418 355 605 385 Nazianzenus
618 357 644 384 in
656 357 781 386 Philoch-

26 400 61 426 tia.
73 399 178 427 Sanctus
192 399 373 436 Hieronymus
391 402 417 429 in
435 403 504 429 libro
518 403 555 429 De
570 404 782 438 interpretatione

27 447 137 472 nominum
157 445 359 480 Hebraicorum,
378 452 440 482 pOst
462 449 668 484 explicationem
686 458 780 477 eorum

26 499 72 526 quze
84 490 245 525 reperiuntur
254 491 280 518 in
293 492 466 528 Apocalypsi,
476 492 668 527 interpretatur
677 502 708 521 ea
722 502 782 529 quae.

26 541 111 563 exstant
134 537 159 563 iu
182 537 268 563 sancti
293 536 422 565 Barnabas
449 537 579 574 Epistola,
605 540 657 567 hoc
677 540 779 568 modo:

27 582 54 609 De
65 582 174 616 Epistula
192 582 333 610 Barnabte.
346 583 490 617 Abraham,
504 591 579 619 pater
595 586 682 613 videns
697 595 780 621 popu-

25 628 74 659 lum,
85 632 133 655 etc.

51 673 76 700 Hi
89 678 147 701 sunt
157 679 260 702 veteres
275 679 401 703 auctores
415 676 460 710 qui
475 676 508 703 de
527 677 577 704 hac
588 677 700 712 epistola
714 677 781 704 scri-

24 723 115 752 pserunt
134 723 179 746 aut
201 720 394 748 meminerunt.
418 721 484 754 Qute
504 722 612 756 quidem
634 723 695 758 jure
713 723 782 750 inter

25 764 147 799 scripturas
166 766 334 801 apocryphas
355 775 369 794 a
391 767 482 794 citatis
496 768 656 795 auctoribus
679 776 781 796 connu-

24 815 130 843 meratur,
141 817 195 838 tum
211 812 287 846 quia,
313 820 348 839 an
364 811 496 839 Barnabaa
511 813 547 839 sit
568 813 701 840 incertum
723 818 779 846 est,

24 861 67 883 tum
78 857 133 891 quia
144 857 170 884 in
184 865 216 885 ea
231 859 354 891 quaedam
367 858 538 893 reperiuntur
551 866 611 893 quae
624 859 781 887 difﬁcultate

833 276 887 302 quo
908 267 968 294 loco
995 268 1136 302 legendum
1159 272 1201 295 est
1222 267 1293 303 apud
1307 267 1473 294 Clementem
1495 267 1613 293 Alexan-

833 312 941 339 drinum
958 313 976 346 ἡ
988 313 1022 338 ἐν
1039 312 1225 347 δικαιοσύνῃ,
1240 317 1267 340 et
1281 312 1470 347 exponendum
1481 333 1488 345 ,
1505 320 1536 338 ea
1555 320 1613 346 qure

832 359 859 384 in
880 358 988 392 justitia
1012 362 1060 384 est.
1088 357 1115 384 ld
1138 358 1219 385 etiam
1244 362 1316 392 patet
1342 366 1375 384 ex
1395 357 1453 392 ipso
1477 355 1614 384 Clemente

832 403 1027 435 Alexandrino,
1040 403 1087 430 lib.
1101 411 1108 430 ι
1122 402 1298 436 Stromatum,
1318 403 1364 430 ubi
1379 403 1450 430 idem
1468 402 1554 434 locus,
1567 402 1613 428 sed

832 449 950 484 longior,
970 449 1070 476 citatur
1084 456 1116 476 ex
1132 449 1226 476 eadem
1240 449 1354 484 epistola
1367 448 1453 476 sancti
1467 447 1615 475 Clementis

832 494 864 521 ad
880 494 1038 523 Corinthios
1052 516 1059 529 ,
1086 495 1227 522 nominato
1244 499 1348 521 tantum
1363 497 1458 520 sancto
1476 491 1615 520 Clemente

831 540 903 567 circa
919 540 1000 567 linem
1014 545 1159 568 contextus
1174 561 1180 573 ,
1201 540 1294 575 paucis
1309 539 1399 566 verbis
1411 538 1542 571 mutatis;
1562 538 1615 565 hoc

831 586 930 612 modo:
948 595 957 611 ι
973 585 1038 613 Hine
1065 592 1102 613 est
1118 590 1194 620 porta
1211 585 1316 612 Domini
1328 585 1413 619 ,Justi
1437 584 1572 611 intrabunt
1586 584 1612 610 in

830 639 887 657 eam
896 638 905 656 .'
917 642 926 657 ι
936 630 1001 659 Cum
1011 640 1071 667 ergo
1085 632 1175 659 multw
1189 637 1286 666 apertte
1302 631 1354 657 sint
1367 635 1450 665 porta:
1458 631 1484 656 in
1495 630 1613 664 justitia,

831 677 885 703 huc
891 677 942 711 fuit
953 677 1101 710 inCltristo,
1110 679 1135 704 in
1145 686 1224 712 quam
1235 677 1302 704 beati
1313 685 1400 703 omnes
1413 676 1457 712 qui
1468 677 1614 709 intrarunt,

829 727 854 749 et
869 723 918 749 iter
928 731 1005 749 suum
1022 723 1173 750 direxerunt
1189 724 1216 749 in
1230 723 1372 750 sanctitate
1383 722 1554 757 cognoscendi
1565 729 1597 756 po
1608 736 1614 741 ι

831 772 923 795 testate
936 769 1058 803 prtedita.
1073 769 1173 795 Αὐτίκα
1186 770 1200 795 ὁ
1216 769 1330 804 Κλήμης
1346 769 1374 794 ἐν
1388 770 1422 803 τῇ
1436 768 1504 802 πρὸς
1519 769 1613 802 Κοριν-

831 813 903 845 θίους
924 814 1050 849 ἐπιστολῇ
1064 815 1135 841 κατὰ
1156 814 1227 846 λέξιν
1243 815 1310 850 φησὶ
1325 815 1375 846 τὰς
1393 813 1521 850 διαφορὰς
1540 815 1613 840 ἐκτι-

830 858 942 894 θέμενος
954 859 1009 886 τῶν
1027 860 1097 887 κατὰ
1109 861 1158 896 τὴν
1186 860 1346 895 Ἐκκλησίαν
1364 861 1490 895 δοκίμων·
1511 870 1519 884 ι
1537 859 1612 885 Ἦτω

24 901 113 930 minime
128 908 227 931 carent.
245 902 384 938 Siquidem
409 904 544 932 nonnullae
561 909 625 933 sunt
639 905 666 932 in
683 913 715 932 ea
730 913 775 932 sa-
791 901 812 927 Β
826 907 867 937 τὶς
888 915 928 933 πιε

709 913 775 932 isa-
791 901 812 927 Β
826 907 867 937 τὶς
888 906 996 940 πιστὸς,
1017 908 1073 942 ἤτω
1089 907 1199 939 δυνατός
1226 916 1268 939 τις
1290 907 1389 941 γνῶσιν
1411 907 1536 940 ἐξειπεῖν,
1558 906 1613 941 ἡτω

24 946 94 980 lebrz,
104 947 134 975 ad
148 955 215 984 quas
230 949 321 976 minus
343 949 415 976 cauti
431 949 567 978 t-ﬂ'endere
585 951 699 985 possint,
711 957 779 985 quas

25 997 93 1021 tamen
114 1002 161 1029 pro
174 995 285 1023 modulo
302 996 463 1031 explanavi;
480 1003 534 1023 non
549 1004 581 1024 eo
595 997 704 1031 quidem
720 998 779 1024 ani-

24 1046 66 1071 mo,
82 1041 151 1074 quasi
165 1041 244 1068 velim
259 1049 319 1068 eam
331 1041 366 1069 ab
380 1043 455 1069 omni
467 1050 542 1070 naevo
556 1043 722 1078 pertinacius
733 1052 780 1070 ex-

23 1093 114 1119 cusare;
137 1087 364 1121 quemadmodum
381 1088 461 1116 hodie
472 1089 551 1117 video
564 1089 720 1122 nonnullos,
733 1090 778 1124 qui

22 1135 92 1158 retera
105 1133 223 1167 quaedam
246 1140 421 1162 monumenta
433 1143 448 1162 a
463 1143 492 1163 se
506 1135 589 1169 edita,
612 1136 777 1163 continentia

22 1185 91 1205 meras
111 1179 303 1207 nutricularum
323 1180 435 1213 manias,
454 1189 502 1208 seu
520 1182 610 1216 potius
627 1182 719 1218 aegroti
731 1190 778 1209 ve-

21 1223 72 1250 teris
88 1224 196 1257 somnia,
218 1232 282 1260 qua:
296 1225 329 1253 ad
343 1226 461 1260 primum
473 1227 601 1254 intuitum
614 1227 681 1254 viris
692 1227 778 1255 doctis

22 1275 126 1296 nauseam
140 1275 266 1306 moveant
278 1291 286 1304 ,
301 1275 375 1298 tanta
389 1272 473 1299 animi
486 1273 660 1300 contentione
671 1273 778 1308 (quam-

22 1312 51 1339 τίς
71 1314 121 1342 sine
145 1316 263 1352 ratione)
285 1315 429 1344 defendere
441 1323 586 1350 conantur,
599 1323 630 1345 ut
649 1318 733 1346 velint
745 1326 777 1346 ea

21 1359 156 1392 scriptorum
167 1362 292 1390 omnium
308 1368 427 1392 veterum
441 1371 474 1391 ac
488 1364 670 1392 recentiorum
684 1369 777 1391 aucto-

20 1403 76 1430 ritati
95 1406 219 1439 praeferri.
235 1406 292 1436 Nec
315 1409 342 1435 id
364 1417 474 1437 movere
497 1417 662 1444 quemquam
687 1410 776 1442 debet,

20 1449 75 1482 quod
100 1450 218 1480 Clemens
245 1453 465 1488 Alexandrinus,
488 1459 515 1481 et
543 1454 688 1490 Origenes,
713 1462 775 1482 cum

20 1493 73 1521 hanc
89 1496 165 1524 citant
179 1497 334 1533 epistolam,
354 1508 492 1535 nunquam
519 1509 578 1528 eam
594 1501 775 1536 apocrypham

18 1546 64 1567 esse
84 1541 201 1570 dixerint.
227 1543 368 1579 Siquidem
390 1546 524 1581 ejusmodi
549 1551 674 1575 auctores
703 1555 774 1579 saepe

19 1589 109 1612 Illunlur
132 1590 293 1625 apocryphis
321 1600 327 1618 :
357 1595 386 1618 ut
414 1592 484 1620 libro
511 1593 614 1626 Enoch,
640 1592 773 1626 Pastoris,

19 1627 113 1658 Matthiae
122 1631 306 1662 Traditionum
320 1635 398 1669 libro,
409 1636 480 1664 Petri
495 1637 671 1673 Apocalypsi,
687 1638 775 1667 Evan-

18 1675 71 1707 gelio
81 1676 275 1714 Egyptiorum,
290 1686 316 1708 et
331 1682 476 1711 similibus.
496 1682 583 1710 Unum
604 1688 694 1712 tamen
715 1692 774 1713 cer-

18 1725 59 1748 tum
72 1728 115 1757 est,
133 1725 200 1753 hanc
215 1727 371 1761 epistolam,
395 1736 455 1763 qute
476 1729 557 1756 modo
575 1737 591 1756 a
614 1730 693 1757 nobis
707 1731 774 1763 exit,

17 1772 61 1791 eam
82 1775 135 1795 esse
162 1778 244 1804 quant
276 1777 388 1799 sanctus
418 1772 620 1809 Hieronymus,
649 1775 774 1803 Clemens

17 1810 198 1849 Alexandrinus,
218 1822 246 1844 et
261 1816 393 1853 Origenes
419 1820 483 1846 olim
499 1828 554 1854 pra:
577 1821 702 1848 manibus
725 1822 773 1848 ha-

18 1854 128 1892 buerunt;
143 1868 203 1888 cum
223 1870 320 1890 omnes
339 1864 413 1891 locos
435 1865 470 1892 ab
484 1865 537 1892 illis
558 1873 591 1892 ex
612 1874 642 1893 ea
665 1867 772 1899 citatos,

18 1900 38 1927 in
49 1902 90 1930 hac
100 1913 176 1940 quam
187 1907 307 1941 edimus,
319 1909 443 1944 epistola,
456 1911 575 1945 reperire
589 1911 677 1939 liceat.
690 1911 722 1938 Et
739 1919 773 1939 ex

19 1949 99 1976 nostris
121 1951 356 1982 observationibus
379 1955 552 1983 manifestum
569 1957 619 1984 erit
635 1967 641 1984 :
658 1965 711 1984 uno
723 1966 772 1985 ex-

18 1998 84 2027 θεριο,
104 1997 147 2031 qui
168 1999 307 2033 profertur
323 2007 338 2027 a
359 2000 496 2028 Clemente
517 2001 710 2035 Alexandrino,
722 2003 770 2031 lib.

18 2044 36 2063 VI
49 2038 206 2077 Stromatum,
229 2052 293 2072 cum
310 2053 450 2080 exponens
475 2048 547 2074 hunc
567 2047 718 2076 Psalmisue
732 2049 772 2076 lo-

17 2090 64 2112 cum
78 2095 83 2113 :
98 2087 156 2116 Haec
170 2096 248 2124 porta
270 2090 388 2123 Domini,
400 2092 468 2126 justi
487 2093 625 2120 intrabunt
643 2102 688 2128 per
702 2102 770 2128 eam,

18 2131 47 2157 sic
55 2133 98 2160 ait:
113 2135 303 2172 Ἐξηγοὺμενος
311 2137 342 2164 τὺ
353 2138 433 2173 ῥητὸν
444 2139 490 2165 τοῦ
501 2139 653 2174 Προφήτου,
667 2140 772 2176 Βαρνά-

17 2176 53 2209 δας
60 2179 178 2216 ἐπιφέρει·
188 2183 297 2209 Πολλῶν
303 2183 394 2211 πυλῶν
405 2184 569 2219 ἀνεῳγυιῶν,
579 2186 595 2221 ή
605 2185 770 2222 δικαιοσύνη,

830 953 912 986 aueo;
935 953 963 979 ὲν
979 952 1113 988 διακρίσει
1133 953 1229 987 λόγων,
1247 953 1303 988 ἤτω
1322 952 1420 988 γοργὸς
1434 953 1462 979 ὲν
1477 952 1575 988 ἔργοις.
1601 961 1610 977 ι

829 994 856 1021 1d
869 995 995 1023 estzlam
1015 995 1132 1023 Clemens
1155 997 1182 1023 in
1198 995 1318 1031 Epistola
1343 997 1378 1023 ad
1405 996 1554 1023 Corinthios
1571 995 1612 1023 his

828 1040 910 1068 verbis
943 1041 1041 1076 inquit,
1057 1049 1186 1076 exponens
1197 1041 1374 1076 differentiam
1392 1049 1482 1068 eorum
1495 1041 1539 1076 qui
1549 1045 1613 1067 sunt

828 1086 931 1119 probati
946 1088 972 1113 in
981 1086 1099 1114 Ecclesia
1115 1097 1123 1114 :
1135 1097 1143 1113 ι
1155 1086 1198 1114 Sit
1209 1087 1305 1122 aliquis
1321 1087 1417 1121 fidelis,
1432 1088 1466 1114 ait
1480 1091 1570 1122 potens
1584 1087 1612 1113 in

828 1132 984 1167 explicanda
1001 1133 1158 1167 cognitione,
1171 1133 1207 1159 sit
1219 1133 1328 1167 sapiens
1343 1133 1371 1159 in
1385 1132 1540 1159 discretione
1554 1140 1611 1158 ser-

828 1186 933 1205 monum
945 1198 953 1211 ,
968 1178 1002 1204 sit
1016 1178 1157 1212 stupendus
1173 1179 1200 1205 in
1214 1178 1344 1213 operibus.
1358 1188 1367 1204 ›
1379 1178 1498 1205 Tandem
1512 1183 1610 1204 notan-

827 1223 892 1250 dum
913 1227 955 1250 est
975 1224 1108 1258 quosdam
1128 1224 1301 1252 existimasse
1316 1224 1373 1252 haec
1388 1224 1470 1251 verba
1488 1223 1612 1250 Clemen-

827 1269 862 1296 tis
879 1269 1055 1298 Alexandrini
1073 1269 1121 1297 lib.
1139 1278 1158 1297 ιι
1174 1269 1353 1302 Stromatum,
1367 1271 1383 1297 ὁ
1400 1270 1490 1304 ’νόμος
1502 1270 1612 1303 dxtera»

823 1315 904 1349 ρεύει
918 1315 1038 1351 ἀδελφῷ
1056 1315 1209 1349 oar-sltem,
1227 1316 1252 1343 id
1272 1319 1323 1348 est,
1345 1315 1387 1342 lea:
1399 1315 1516 1350 prohibet
1532 1314 1611 1349 fratri

828 1363 954 1395 reuereri,
967 1368 1032 1397 etc.,
1047 1363 1126 1391 citari
1137 1371 1170 1391 ex
1185 1363 1305 1398 Epistola
1318 1363 1459 1396 Barnabte,
1473 1362 1546 1397 quod
1557 1369 1610 1389 non

827 1409 862 1435 ita
878 1412 938 1436 est:
956 1409 1002 1436 sed
1020 1409 1100 1444 paulo
1119 1413 1182 1436 ante
1196 1409 1316 1436 citantur
1329 1409 1386 1436 ha‘c
1405 1408 1485 1436 verba
1497 1416 1528 1435 ex
1543 1407 1610 1435 Bar-

828 1455 896 1481 naba
910 1475 917 1487 ,
942 1463 1003 1490 quae
1020 1455 1047 1482 in
1067 1455 1117 1483 hac
1133 1455 1252 1490 Epistula
1275 1455 1409 1482 habentur
1425 1455 1476 1482 sub
1488 1456 1566 1481 tinem
1580 1454 1610 1480 il-

827 1499 888 1532 lius,
915 1499 1020 1535 Ἀμέλει
1051 1500 1188 1535 μυστικῶς
1208 1501 1222 1526 ὀ
1244 1500 1393 1536 Βαρνάϐας·
1422 1501 1450 1526 ’0
1468 1499 1495 1526 δὲ
1512 1500 1576 1531 Θεὸς
1597 1500 1610 1526 ὁ

825 1544 872 1571 τοῦ
896 1545 997 1576 παντὸς
1015 1545 1116 1581 κόσμου
1131 1546 1276 1580 κυριεύων,
1295 1546 1371 1581 φησὶ,
1399 1545 1454 1581 δῲη
1480 1545 1526 1572 καὶ
1548 1546 1611 1580 ὑμῖν

827 1590 936 1624 γνῶσιν,
961 1595 1013 1618 etc.
1026 1612 1033 1624 ,
1062 1599 1147 1626 usque
1167 1591 1199 1618 ad
1221 1591 1265 1618 illa
1280 1591 1360 1618 verba
1371 1612 1378 1624 ,
1391 1591 1508 1625 ἀγάπης
1522 1591 1610 1617 τέκνα

827 1637 876 1664 καὶ
902 1636 1034 1671 εἰρήνης,
1056 1641 1120 1669 etc.,
1146 1644 1206 1672 qua:
1227 1641 1290 1664 sunt
1310 1644 1343 1664 ex
1364 1641 1438 1664 textu
1462 1636 1610 1664 Clementis

826 1682 1013 1716 Alexandrini,
1028 1683 1074 1718 qui
1091 1683 1200 1710 tandem
1216 1683 1370 1718 subjungit,
1385 1683 1484 1718 sit/ﬁcit
1501 1683 1549 1709 hoc
1564 1683 1607 1709 di-

826 1735 892 1760 cere,
910 1727 979 1762 quod
993 1727 1035 1754 lea:
1053 1727 1171 1762 prohibet
1187 1727 1268 1762 fratri
1281 1727 1405 1762 fenerari,
1425 1734 1486 1761 quae
1500 1726 1608 1761 quidem

826 1774 907 1801 verba
923 1781 977 1801 non
992 1777 1100 1801 exstant
1112 1774 1139 1800 in
1157 1773 1208 1801 hac
1219 1773 1344 1808 epistola,
1360 1781 1420 1808 quae
1434 1778 1528 1800 sancto
1547 1773 1610 1799 Bar-

827 1819 904 1845 nahae
920 1818 1076 1846 ascribitur.
1100 1817 1202 1846 Tenuis
1221 1818 1344 1852 quaedam
1366 1817 1513 1845 difficultas
1526 1822 1609 1844 restat

825 1864 896 1891 circa
914 1864 1023 1890 nomina
1047 1862 1191 1894 Hebraica,
1215 1870 1276 1898 qua:
1299 1867 1410 1891 sanctus
1428 1862 1609 1898 Hieronymus

825 1910 927 1945 profert
940 1916 974 1936 ex
991 1908 1109 1943 Epistola
1131 1909 1218 1937 sancti
1237 1908 1368 1936 Barnabte
1382 1909 1407 1936 in
1423 1909 1493 1936 libro
1510 1908 1546 1935 De
1561 1917 1609 1935 uo-

826 1955 941 1982 minibus
957 1953 1108 1981 Hebraicis.
1131 1953 1273 1989 Siquidem
1291 1961 1376 1981 unum
1390 1961 1496 1985 eorum,
1512 1961 1609 1988 nempe

829 2001 948 2034 Nahum,
971 2002 998 2028 in
1013 2001 1127 2036 epistola
1142 2001 1311 2028 desideratur
1332 2009 1338 2027 :
1360 2000 1399 2027 sic
1410 2000 1482 2027 enim
1496 2000 1533 2026 ait
1546 2007 1608 2027 san-

825 2051 887 2074 ctus
900 2045 1082 2081 Hieronymus
1095 2066 1103 2078 ,
1120 2045 1267 2078 Manasses,
1283 2044 1391 2078 oblitus,
1413 2044 1532 2078 Nahum,
1552 2053 1609 2080 ger-

824 2101 892 2119 men.
921 2091 973 2119 Sed
992 2099 1070 2119 error
1085 2091 1218 2126 obrepsit,
1247 2095 1274 2118 et
1294 2091 1437 2126 legendum
1451 2095 1502 2122 est,
1522 2089 1607 2124 Nave,

824 2142 854 2164 ut
879 2137 994 2165 habetur
1015 2138 1042 2164 in
1059 2138 1110 2164 hac
1132 2136 1263 2171 Epistola,
1288 2136 1333 2170 qui
1355 2135 1405 2162 fuit
1419 2140 1495 2170 pater
1510 2135 1604 2168 Josuc,

823 2184 898 2217 juxta
916 2182 1110 2217 Septuaginta;
1133 2182 1174 2209 vel
1196 2181 1269 2215 Non,
1285 2182 1356 2216 quod
1372 2181 1442 2208 idem
1454 2185 1495 2209 est
1509 2189 1608 2209 secun-

18 2222 69 2258 αὖτη
79 2224 143 2252 ἐπὶν
161 2228 177 2262 ἡ
193 2228 221 2253 ὲν
233 2228 353 2263 Χριστῷ,
374 2229 403 2255 ὲν
447 2230 472 2255 ol
490 2230 619 2266 μακάριοι
634 2231 733 2263 πάντες
748 2233 773 2258 οἱ
790 2235 811 2261 1)
825 2229 889 2256 dum
907 2233 922 2256 lt

704 2240 733 2263 ες
748 2233 773 2258 οἱ
790 2235 811 2261 ι)
825 2229 889 2256 dum
907 2233 1008 2256 textum
1025 2228 1198 2256 Hebraicum.
1223 2227 1255 2255 Ει
1263 2228 1332 2255 ratio
1348 2233 1401 2260 est.
1418 2228 1482 2263 quia
1500 2228 1607 2255 Nahum

18 2270 162 2305 εέτελθόντες.
183 2274 210 2302 Id
236 2279 300 2303 est:
322 2275 459 2303 Euarrans
490 2277 590 2304 dictum
623 2276 771 2312 Propheta,

18 2314 130 2347 [iamalios
139 2321 216 2356 infert
229 2330 238 2348 .'
249 2321 317 2349 Cum
330 2323 421 2350 multa
436 2327 520 2358 porta
529 2324 582 2350 sint
593 2329 700 2358 apertas,
715 2332 773 2358 qua:

17 2368 44 2387 (at
52 2363 153 2398 iustitia,
163 2375 194 2394 ea
209 2372 248 2394 est
259 2367 286 2394 in
302 2367 418 2400 Christo,
429 2369 456 2394 in
471 2376 549 2403 quant
564 2369 633 2396 beati
644 2374 704 2395 sunt
718 2377 773 2395 om-

18 2414 59 2439 na,
73 2411 112 2443 qui
125 2417 184 2438 sunt
207 2414 330 2448 ingressi.
354 2413 405 2441 Sed
423 2419 504 2448 puto,
530 2419 577 2441 aut
595 2415 698 2448 lapsum
713 2423 773 2442 esse

18 2456 295 2485 memoriaClcmentem
304 2459 530 2492 Alexandrinum,
544 2465 591 2486 aut
602 2465 674 2487 certe
682 2461 771 2487 locum

17 2498 178 2535 dl‘l’l'avatum,
199 2509 226 2531 et
242 2504 384 2539 legendum
403 2513 464 2533 esse
482 2505 615 2540 Κλήμης,
631 2514 684 2533 non
697 2507 772 2540 Βαρ-

17 2543 96 2578 νάϐας,
119 2546 183 2575 Nam
204 2549 249 2576 hic
271 2550 349 2577 locus
372 2551 485 2578 habetur
501 2551 527 2576 in
552 2551 664 2585 epistola
686 2551 771 2578 sancti

17 2588 139 2620 Clementis
154 2595 186 2622 ad
203 2595 371 2629 Corinthios,
389 2597 434 2624 ubi
451 2597 520 2624 idem
538 2597 613 2624 locus
623 2596 773 2624 Psalmistae

18 2636 134 2669 exponitur
150 2648 157 2667 :
174 2649 183 2666 ι
198 2641 270 2677 Δΰτη
286 2642 303 2676 ἡ
314 2641 385 2677 πύλη
405 2642 452 2668 τοῦ
474 2643 586 2677 Κυρίου,
604 2643 700 2669 δίκαιοι
718 2643 773 2669 εἱσ-

18 2680 144 2711 ιλεύσονται
157 2686 185 2712 ἐν
199 2687 276 2722 αὐτῇ.
295 2696 303 2711 ι
321 2686 428 2714 Πολλῶν
439 2685 485 2714 οὖν
497 2687 587 2714 πυλῶν
608 2689 771 2723 ἀνεῳγυιῶν,

18 2724 60 2759 ἢέν
73 2728 219 2767 δικαιοσύνῃ
231 2731 299 2766 αὕτη
317 2733 391 2758 ἐστὶ]
403 2733 420 2768 ἡ
435 2734 462 2758 ἐν
479 2733 588 2768 Χριστῴ
604 2734 633 2759 ὲν
685 2734 773 2768 μακά-

18 2777 55 2801 Pan
69 2773 158 2806 πάντες
171 2775 195 2801 oi
212 2775 384 2808 εἰσελθόντες.
401 2777 428 2804 Id
442 2783 484 2805 est
500 2787 506 2804 :
526 2788 534 2803 ι
550 2777 612 2805 Haec
626 2783 703 2812 porta
720 2778 772 2804 Do-

18 2816 75 2844 ηιῐιιὶ.
84 2818 147 2852 justi
162 2821 294 2849 intrabunt
307 2823 408 2850 ineam.
422 2833 430 2848 ι
443 2823 508 2850 Cum
520 2824 601 2858 igitur
612 2824 702 2851 multra
713 2832 773 2857 por-

18 2865 42 2887 ίιτ
59 2869 145 2897 aperite
164 2867 233 2901 sint,
255 2876 313 2904 qua:
329 2870 354 2895 in
372 2870 481 2904 jurtitia
505 2875 562 2902 est,
585 2871 673 2897 eadem
697 2875 721 2897 et
746 2871 772 2896 in

824 2283 876 2302 non
895 2275 1031 2310 signiﬁcat
1054 2282 1176 2310 germen,
1193 2275 1238 2301 sed
1258 2273 1450 2301 consolatorem
1463 2292 1471 2305 ,
1487 2278 1553 2302 teste
1566 2282 1608 2301 co-

823 2322 884 2348 dem
899 2320 1065 2355 Hieronymo
1076 2341 1082 2353 ,
1100 2320 1162 2347 libri
1181 2320 1255 2347 citati
1269 2320 1358 2355 capite
1372 2320 1405 2347 de
1416 2319 1494 2351 Jona,
1515 2325 1543 2346 et
1555 2320 1607 2346 Na-

823 2367 899 2394 hum.
916 2366 1035 2398 Nahum,
1055 2367 1152 2401 inquit,
1175 2366 1335 2399 consolator,
1352 2373 1368 2392 a
1385 2365 1475 2392 radice
1495 2370 1556 2398 Dn},
1580 2365 1606 2391 id

823 2416 865 2439 est
877 2412 1020 2440 consolari.
1040 2412 1074 2438 At
1088 2411 1173 2444 Nave,
1195 2420 1242 2439 seu
1266 2411 1327 2438 Nun
1340 2416 1381 2438 cst
1393 2418 1514 2446 germen,
1529 2411 1606 2444 juxta

823 2457 949 2485 eumdem
967 2457 1172 2493 Hieronymum,
1184 2458 1307 2493 ejusdem
1322 2457 1370 2484 lib.
1384 2464 1443 2491 cap.
1462 2456 1474 2482 1
1494 2465 1500 2482 :
1522 2455 1604 2488 Nave,

824 2512 921 2536 semen,
936 2511 1049 2538 germen,
1064 2503 1101 2530 vel
1116 2504 1297 2538 pulchritudo,
1309 2511 1324 2530 a
1343 2503 1425 2530 verbo
1439 2501 1607 2536 ronjugatio—

824 2549 866 2575 nis
880 2547 980 2582 Niphal
990 2552 1045 2592 qui,
1061 2548 1088 2574 id
1105 2553 1146 2575 est
1159 2548 1332 2581 germinabit.‘

858 2594 927 2622 Cum
946 2600 1035 2622 autem
1062 2595 1119 2622 hmo
1144 2596 1223 2622 unica
1245 2593 1350 2621 feratur
1373 2594 1459 2621 sancti
1478 2594 1607 2621 Barnabas

824 2641 959 2675 Epistola,
977 2641 1125 2668 notandum
1142 2645 1230 2667 tamen
1254 2647 1315 2667 esse
1330 2641 1438 2674 putavi,
1458 2639 1606 2674 Epistulam

824 2686 909 2713 sancti
926 2685 999 2713 Pauli
1016 2686 1049 2712 ad
1063 2685 1189 2712 [labra-os
1202 2694 1217 2712 a
1231 2685 1408 2717 Tertulliano,
1425 2685 1494 2712 lihro
1508 2685 1544 2712 De
1558 2693 1607 2719 pu-

823 2734 927 2765 dicitia,
946 2738 1040 2760 sancto
1061 2733 1191 2760 Barnaba‘
1206 2733 1330 2766 attribui,
1351 2738 1379 2759 ut
1399 2733 1502 2759 clarum
1520 2737 1560 2758 est
1575 2740 1607 2758 cx

823 2780 882 2814 ejus
899 2779 988 2806 verbis
1002 2789 1007 2805 :
1026 2778 1198 2806 Ezstatenim
1210 2783 1234 2805 et
1247 2778 1378 2805 Barnabw
1390 2778 1483 2804 titulus
1500 2778 1533 2804 ad
1551 2777 1606 2803 lle-

824 2825 923 2856 bra'or;
939 2825 1003 2851 adeo
1021 2824 1085 2850 satis
1098 2825 1266 2851 auctoritatis
1280 2824 1346 2855 uiro,
1367 2829 1394 2850 nt
1409 2832 1485 2859 quem
1504 2823 1606 2850 Paulus

821 2871 898 2904 juxta
915 2878 941 2896 se
959 2869 1122 2896 constituerit
1135 2871 1160 2896 in
1176 2870 1340 2897 abstinentia:
1355 2875 1460 2897 tenore:
1477 2870 1546 2896 «Aut
1561 2877 1607 2904 ego
