2290 3110
616 175 672 204 633

1165 171 1195 200 S.
1214 168 1398 198 BARNABAS
1412 166 1624 195 APOSTOLUS.

2186 163 2231 192 665

615 237 700 270 solus,
710 242 758 264 aut
771 234 921 268 Barnabas,
933 240 984 259 non
996 232 1120 258 habemus
1131 229 1178 255 hoc
1190 227 1315 263 operandi
1330 230 1402 261 pote-
1417 229 1439 256 Α
1454 226 1537 252 altera
1551 223 1724 259 partenetica.
1745 223 1771 250 in
1787 231 1841 258 qua
1856 222 1985 258 praeclara
2001 225 2028 249 et
2046 220 2124 249 utilia
2137 220 2230 248 monita

618 281 747 316 statem'(l
757 280 819 308 Cor.
830 280 869 316 ιχ)
881 287 905 306 :r
915 284 939 306 et
952 279 1041 312 utique
1054 276 1181 310 receptior
1195 274 1265 308 apud
1272 272 1403 299 Ecelesias

619 326 751 353 Barnabaa
767 325 879 360 epistola
889 324 935 351 illo
945 321 1093 358 apocrypha
1110 320 1221 348 Pastore
1233 319 1400 346 moechorum.

617 371 726 398 Moriens
738 371 827 406 itaque
836 368 988 403 discipulos,
1002 367 1105 394 antissis
1120 365 1239 392 omnibus
1257 364 1352 394 initiis,
1367 364 1402 389 ad

616 417 802 451 perfectionem
820 415 902 450 magis
918 415 1037 444 tendere;
1058 420 1103 438 nec
1122 418 1214 437 rursus
1228 409 1402 444 fundamenta

615 462 773 495 paenitentia
782 459 908 495 jrieerelab
923 457 1043 493 operibus
1060 460 1238 482 mortuorum:
1257 453 1401 488 clmpossi—

589 532 590 535 η
616 508 666 535 bile
685 509 754 535 enim
769 512 817 538 est,
833 507 929 541 inquit,
948 514 991 532 eos
1011 504 1056 539 qui
1074 502 1152 530 semel
1167 501 1312 528 illuminati
1327 505 1399 532 sunt,

615 560 639 581 et
652 555 750 581 donum
765 553 866 580 ewleste
879 554 1050 587 gustaverunt
1065 554 1089 576 et
1106 549 1330 583 purtieipaverunt
1343 545 1400 580 Spi-

615 600 834 631 ritumsanctum,
842 602 866 625 et
875 601 979 624 verbum
989 596 1036 622 Dei
1048 595 1123 622 dulce
1132 597 1312 629 gustaverunt,
1320 598 1398 626 retc.,

614 654 675 680 qua:
696 645 778 672 verba
801 646 890 679 legere
916 643 978 670 licet
1005 642 1033 669 in
1056 641 1174 676 Epistola
1195 639 1273 666 Pauli
1295 639 1328 666 ad
1344 639 1399 665 He-

613 691 712 722 braeos,
723 697 783 724 cap.
807 697 844 716 vr.
865 688 935 715 Hinc
952 687 1099 722 capiendus
1113 690 1154 714 est
1173 685 1336 712 Philastrius
1350 684 1397 711 lib.

614 736 653 763 De
665 736 817 767 Itwresibus,
831 742 891 769 cap.
903 734 937 761 60
953 744 959 762 :
974 733 1041 761 Sunt
1053 734 1100 760 alii
1112 733 1156 767 qui
1169 731 1317 766 Epistulam
1329 730 1399 757 beati

614 781 695 808 Pauli
712 781 746 808 ad
759 780 883 808 Ilebrwos
900 789 951 807 non
964 785 1087 807 asserunt
1098 786 1170 810 esse;
1185 777 1230 804 ted
1241 777 1398 808 dicunt,aut

613 827 744 853 Barnabte
766 835 821 854 esse
843 827 911 853 beati
938 825 1072 860 apostoli,
1103 828 1149 851 aut
1175 823 1327 850 Clementis.
1346 821 1397 849 Ubi

613 873 685 900 haud
711 872 792 900 dubie
813 871 1009 899 Tcrtullianum
1033 870 1167 904 intelligit.
1184 868 1236 896 Sed
1248 869 1281 895 de
1297 868 1339 895 his
1353 875 1397 895 sa-

612 919 646 945 tis
661 928 668 945 :
685 926 758 945 nunc
772 922 859 945 restat
877 922 906 945 ut
925 917 959 944 de
980 917 1053 944 illius
1069 919 1239 951 argumento,
1256 914 1313 941 sive
1331 915 1396 941 sub-

608 962 682 997 jecto
697 962 815 990 breviter
829 970 919 998 agam.

647 1008 774 1047 Episton
794 1014 988 1044 argumentum,
1012 1008 1118 1035 divisio.
1144 1007 1214 1034 Cum
1231 1006 1316 1034 Judaei
1332 1006 1395 1042 qui—

608 1059 670 1086 dam
692 1059 725 1086 ad
749 1059 828 1086 fidem
852 1056 953 1086 Christi
979 1055 1103 1086 conversi
1126 1054 1337 1093 galaticarentur
1355 1055 1396 1088 (ut

609 1113 672 1133 cum
687 1105 854 1133 Tertulliano
868 1104 986 1139 loquar),
1013 1104 1066 1131 hoc
1080 1107 1132 1136 est,
1149 1103 1233 1137 legem
1246 1099 1394 1128 Mosaicam

609 1158 663 1178 una
678 1157 740 1177 cum
751 1149 897 1184 Evangelia
906 1149 1076 1176 retinendam
1090 1155 1151 1176 esse
1162 1152 1299 1182 putarent,
1313 1146 1394 1181 idque

609 1196 701 1224 multis
713 1196 879 1223 Christianis
892 1195 1099 1230 persuaderent,
1120 1199 1231 1222 sanctus
1242 1193 1392 1226 Barnabas,

607 1242 664 1268 sive
684 1242 746 1276 quis
763 1241 844 1274 alius,
858 1245 983 1268 sanctum
1007 1240 1123 1267 Paulum
1139 1239 1276 1272 imitatus,
1296 1247 1392 1266 eorum

606 1287 760 1315 doctrinam
785 1287 837 1314 hac
857 1286 973 1321 epistola
991 1285 1143 1313 convellere
1160 1288 1286 1318 conatur,
1301 1285 1394 1311 docet-

607 1340 661 1367 que
682 1332 775 1359 multis
790 1331 937 1367 Scripturae
952 1331 1029 1364 locis,
1046 1339 1078 1359 ac
1093 1331 1198 1367 ﬁguris,
1215 1331 1300 1366 legem
1318 1331 1393 1367 Moy-

607 1377 646 1403 sis
657 1377 713 1411 jam
733 1377 890 1411 abrogatum
906 1384 977 1409 esse,
995 1377 1074 1411 eique
1093 1375 1269 1411 Evangelium
1284 1383 1393 1404 succes-

608 1422 687 1449 sisse.
702 1421 751 1449 l‘lic
767 1427 808 1449 est
824 1422 906 1456 hujus
920 1422 1042 1456 epistolae
1055 1430 1173 1457 scopus;
1187 1423 1220 1450 ad
1230 1431 1310 1458 quem
1325 1431 1393 1450 nou~

607 1468 681 1494 nulla
699 1468 753 1500 hic,
776 1476 837 1503 qua:
851 1475 906 1494 non
923 1473 986 1495 sunt
1001 1468 1217 1504 προηγουμένου,
1237 1476 1284 1496 seu
1298 1469 1392 1503 praeci-

606 1515 653 1550 pui
677 1515 840 1550 argumenti.
858 1515 905 1541 sed
920 1515 1004 1542 veluti
1026 1515 1181 1542 sccundarii
1197 1519 1340 1547 tractatus,
1362 1519 1393 1541 ut

1455 271 1551 299 salutis
1568 277 1595 297 et
1611 274 1744 305 praecepta
1760 269 1870 296 dantur.

1489 315 1570 342 Prior
1582 322 1644 349 pars
1659 313 1787 349 epistolae.
1813 313 1892 341 Prior
1913 321 1977 348 pars
1991 313 2083 347 capita
2096 312 2230 339 duodecim

1453 361 1652 396 complectitur.
1675 360 1703 387 ln
1720 361 1809 396 primo
1822 360 1855 387 de
1871 359 2025 387 cessatione
2038 358 2230 386 sacriﬁciorum

1452 407 1578 434 Mosaicae
1601 407 1666 441 legis
1693 407 1800 442 agitur;
1824 406 1851 432 in
1879 405 2000 433 secundo
2017 404 2052 431 de
2069 403 2230 438 jejuniorum

1451 453 1573 487 ejusdem
1588 453 1653 487 legis
1670 452 1833 485 abolitione;
1852 452 1878 478 in
1894 451 1975 478 tertio
1983 450 2073 486 agitur
2086 450 2120 476 de
2134 449 2233 475 instan-

1452 498 1524 526 tibus
1535 497 1734 525 calamitatibus
1746 519 1754 531 ,
1775 497 2012 531 admonenturque
2028 495 2123 522 ﬁdeles
2135 495 2168 521 ad
2182 495 2232 520 vir-

1452 548 1540 570 tutum
1563 544 1685 571 studium
1699 564 1706 576 ,
1723 543 1794 578 quod
1809 542 1896 570 Judaei
1916 542 1974 569 suis
1986 540 2103 576 jejuniis
2114 545 2142 567 et
2155 546 2233 567 caere-

1450 589 1551 616 moniis
1589 589 1806 624 postponebant;
1845 588 1873 614 in
1909 592 2008 622 quarto
2042 590 2175 614 tractatur
2202 586 2233 612 de

1449 635 1551 663 Christi
1572 635 1710 668 adventu,
1739 635 1871 662 missione
1895 634 2083 668 apostolorum
2097 653 2105 666 ,
2133 631 2231 658 Christi

1449 682 1577 717 passione
1593 685 1620 709 et
1639 681 1821 713 exultatione;
1841 680 1868 707 in
1882 680 1980 715 quinto
1995 679 2030 707 de
2050 679 2172 706 hominis
2193 685 2233 704 re—

1449 728 1588 762 paratione
1613 727 1787 762 disputatur;
1806 726 1833 754 in
1851 731 1929 754 sexto
1951 733 2048 753 rursus
2074 725 2109 752 de
2134 723 2232 751 Christi

1449 773 1586 808 passione,
1602 776 1629 800 et
1647 772 1681 800 de
1693 772 1855 807 quibusdam
1871 772 1944 800 illius
1958 770 2191 802 circumstantiis;
2207 769 2231 796 in

1448 819 1565 854 septimo
1587 818 1620 846 de
1642 818 1828 853 antiquatione
1843 817 2062 845 circumcisionis
2081 816 2193 848 veteris,
2208 820 2232 842 et

1447 865 1480 892 de
1493 864 1702 892 circumcisione
1714 864 1821 891 aurium
1834 867 1861 891 et
1876 863 1983 896 cordis;
2000 863 2026 889 in
2038 867 2139 890 octavo
2147 862 2180 889 de
2190 870 2232 888 es—

1447 911 1486 939 cis
1500 911 1646 946 prohibitis
1663 910 1690 937 in
1705 911 1788 938 veteri
1802 910 1870 945 lege,
1890 909 1978 944 deque
1989 909 2099 936 illarum
2120 907 2232 942 mystica

1447 956 1686 992 interpretatione;
1705 957 1731 983 in
1757 963 1830 983 nono
1842 956 1875 983 de
1887 955 2023 989 baptismo
2041 959 2069 981 et
2091 954 2232 986 cruce;iu

1446 1002 1552 1030 decimo
1564 1002 1597 1029 de
1614 1001 1802 1037 reprobatione
1813 1001 1904 1036 populi
1920 1000 2037 1034 Iudaici,
2053 1004 2082 1027 et
2092 1000 2232 1035 gentilium

1446 1048 1594 1081 electione;
1612 1049 1639 1075 in
1651 1048 1796 1075 undecimo
1809 1048 1842 1074 de
1854 1047 2032 1082 abrogatione
2049 1045 2166 1073 Sabbati
2187 1045 2233 1072 ,ιυς

1446 1095 1537 1128 daici;
1557 1094 1585 1121 in
1613 1094 1777 1121 duodecimo
1796 1093 1829 1121 de
1853 1093 1946 1128 templi
1971 1091 2081 1120 Iudaici
2105 1093 2232 1127 repudiar-

1446 1141 1520 1169 ti0ne
1539 1149 1572 1168 ac
1593 1140 1779 1174 demolitione,
1796 1144 1823 1167 et
1836 1139 1869 1167 de
1886 1139 1979 1174 templi
1996 1138 2150 1174 spiritualis
2169 1138 2232 1166 aedi-

1445 1187 1582 1214 ﬁcatione.

1480 1232 1603 1260 Secunda
1622 1239 1685 1267 pars
1698 1231 1826 1266 epistolae.
1848 1230 1972 1258 Secunda
1989 1238 2051 1265 pars
2069 1229 2178 1258 duobus
2190 1239 2232 1258 ca-

1444 1279 1546 1314 pitibus
1572 1278 1733 1305 absolvitur.
1759 1277 1789 1304 In
1811 1277 1901 1310 primo
1925 1277 2015 1312 agitur
2039 1277 2073 1304 de
2089 1278 2135 1304 via
2155 1278 2230 1309 lucis,

1445 1326 1497 1352 hoc
1520 1329 1573 1358 est,
1599 1325 1633 1352 de
1658 1324 1692 1352 iis
1716 1332 1778 1359 quae
1799 1323 1957 1351 Christiano
1975 1324 2080 1359 agenda
2097 1330 2184 1355 sunt;
2207 1325 2231 1350 iu

1443 1369 1528 1396 altero
1551 1368 1584 1395 de
1599 1368 1643 1395 via
1656 1367 1841 1400 tenebrarum,
1855 1367 1906 1394 hoc
1922 1370 1963 1393 est
1975 1387 1982 1399 ,
2001 1366 2036 1393 de
2050 1366 2086 1393 iis
2101 1375 2164 1401 quae
2177 1368 2232 1393 aui-

1443 1422 1494 1441 mte
1508 1413 1579 1441 ﬁdeli
1592 1413 1719 1448 fugienda
1731 1420 1764 1440 ac
1776 1412 1886 1440 vitanda
1896 1417 1960 1440 sunt
1973 1421 1980 1439 :
1996 1417 2055 1440 tum
2067 1412 2181 1440 demum
2193 1422 2234 1440 se-

1443 1459 1537 1494 quitur
1550 1459 1686 1494 epilogus.

1478 1515 1541 1543 Haec
1556 1520 1648 1543 autem
1663 1515 1776 1550 epistola
1792 1515 1826 1542 ab
1837 1514 1963 1550 Origene,
1978 1515 2026 1542 lib.
2041 1523 2050 1543 ι
2064 1521 2161 1542 contra
2176 1516 2234 1543 Cel—

606 1561 641 1588 de
656 1561 772 1588 adventu
783 1560 1041 1594 Christi,passione,
1056 1564 1123 1593 etc.,
1137 1560 1293 1587 referuntur
1308 1570 1314 1587 :
1328 1567 1391 1587 nam
1405 1569 1426 1597 c
1443 1570 1502 1589 sum
1520 1562 1572 1589 sub
1592 1562 1686 1594 linem,
1709 1561 1861 1594 Catholica,
1888 1561 1914 1588 id
1938 1567 1980 1588 est
2001 1562 2170 1589 universalis
2187 1571 2233 1596 θρα

607 1607 680 1633 illius
695 1606 782 1641 gratia
796 1610 956 1639 tractantur,
976 1613 1038 1633 cum
1057 1605 1091 1632 ad
1110 1605 1170 1640 ejus
1182 1605 1390 1640 intelligentiam

606 1658 660 1678 non
679 1659 775 1686 parum
790 1651 942 1684 conferant,
959 1652 1037 1686 juxta
1050 1659 1153 1679 morem
1169 1657 1322 1684 oratorum,
1343 1652 1390 1687 qui

605 1697 742 1724 interdum
757 1697 810 1724 alio
830 1697 1031 1732 digrediuntur,
1047 1705 1102 1725 non
1123 1698 1256 1725 inutiliter
1269 1698 1390 1733 quidem,

605 1749 667 1769 cum
687 1742 713 1769 id
725 1742 854 1777 plenioris
866 1743 1056 1770 elucidationis
1071 1743 1158 1778 gratia
1171 1743 1261 1771 facere
1274 1744 1389 1771 soleant.

605 1787 662 1815 Sub
682 1787 762 1815 ﬁnem
787 1788 910 1822 epistolae
930 1789 1016 1815 multa
1031 1789 1110 1815 docet
1131 1787 1313 1822 Christianos,
1330 1797 1391 1823 qua:

603 1834 637 1860 ad
655 1833 737 1860 vitam
753 1838 826 1860 recte
847 1833 1044 1860 instituendam
1061 1833 1210 1868 plurimum
1223 1835 1390 1861 conducunt.

604 1878 673 1906 Hinc
689 1879 727 1911 lit,
744 1885 773 1906 ut
794 1878 853 1907 haec
872 1879 985 1914 epistola
999 1879 1027 1906 in
1048 1879 1117 1907 duas
1139 1884 1229 1914 partes
1250 1881 1392 1908 commode

604 1924 730 1952 distribui
755 1926 843 1960 possit
863 1935 869 1952 :
894 1933 1011 1961 quarum
1038 1925 1122 1953 altera
1151 1931 1193 1953 est
1216 1926 1390 1960 didascalica,

605 1977 666 2004 quae
687 1971 779 1998 multis
793 1972 962 2006 argumentis
977 1971 1056 1998 docet
1077 1971 1182 1998 nullum
1197 1979 1259 2000 esse
1273 1972 1391 2007 amplius

604 2015 672 2050 legis
685 2015 820 2048 Mosaicae,
833 2021 858 2044 et
871 2015 1045 2044 Iudaicarum
1057 2017 1282 2045 cmremoniarum
1291 2026 1371 2045 usum
1383 2027 1390 2045 :

1443 1607 1558 1641 pellatur
1572 1616 1579 1633 ;
1594 1606 1689 1633 Exstat
1704 1614 1767 1633 sane
1782 1606 1808 1632 in
1824 1605 1956 1632 Barnabte
1972 1605 2106 1632 catholica
2122 1606 2233 1640 epistula

1442 1652 1722 1687 scriptum,etc.,quia
1734 1659 1788 1679 non
1800 1651 1833 1678 ad
1846 1659 1928 1678 unam
1942 1655 2044 1678 certam
2057 1655 2178 1686 gentem,
2189 1656 2235 1677 aut

1442 1699 1581 1726 nationem
1602 1698 1703 1733 scripta
1723 1703 1784 1730 est,
1807 1697 1855 1725 sed
1870 1697 1904 1724 ad
1919 1705 2016 1724 omnes
2029 1696 2207 1723 Christianos
2227 1707 2232 1723 :

1441 1743 1478 1769 ita
1499 1743 1570 1770 enim
1589 1743 1756 1770 deliniuntur
1770 1742 1909 1769 catholica:
1922 1741 2111 1776 apostolorum
2130 1742 2234 1776 episto-

1440 1789 1488 1821 lae,
1516 1793 1545 1815 ut
1569 1788 1743 1815 manifestum
1765 1793 1806 1815 est
1824 1795 1857 1814 ex
1869 1787 1996 1821 Leontio,
2012 1787 2062 1814 lib.
2081 1786 2122 1813 De
2144 1788 2233 1817 sectis,

1438 1842 1498 1869 cap.
1522 1835 1540 1860 2
1557 1844 1563 1861 :
1582 1834 1732 1861 Καθολικαὶ
1753 1834 1781 1860 δὲ
1806 1834 1975 1870 ἐκλήθησαν,
2001 1833 2097 1869 ἐπειδὴ
2119 1833 2150 1860 οὐ
2166 1835 2232 1868 πρὸς

1441 1880 1470 1907 ἓν
1488 1880 1563 1912 ἔθνος
1583 1881 1757 1916 ἐγράφησαν,
1778 1881 1815 1912 ὡς
1829 1881 1857 1907 al
1870 1880 1917 1907 τοῦ
1932 1880 2050 1912 Παύλου,
2066 1880 2136 1906 ἀλλὰ
2152 1880 2232 1906 καθό-

1441 1925 1487 1952 λου
1505 1926 1573 1961 πρὸς
1597 1926 1695 1958 πάντα,
1721 1926 1747 1953 id
1763 1926 1968 1958 est,Cat/wlicre
1979 1926 2060 1953 dicta:
2075 1931 2149 1957 sunt,
2165 1926 2232 1960 quod

1442 1979 1493 1998 non
1505 1973 1540 1998 ad
1560 1981 1639 1998 unam
1657 1973 1763 2007 scripta
1781 1977 1842 1999 sunt
1859 1977 1971 2006 gentem,
1984 1977 2013 1998 ut
2029 1971 2112 1998 Pauli
2127 1971 2232 2006 Episto—

1442 2017 1486 2049 ιω,
1499 2017 1544 2044 sed
1556 2017 1711 2052 generaliter
1722 2017 1755 2043 ad
1768 2025 1866 2043 omnes.

613 2098 1800 2115 Ἢ

1378 2172 1475 2216 ΙΙΙ.

617 2249 743 2282 isaacus
768 2252 942 2290 VOSSIUS,
962 2255 1108 2301 Priefalio
1134 2258 1172 2301 ad
1197 2258 1375 2301 ‘Epistolam
1408 2260 1438 2301 _S.
1471 2260 1633 2301 Barnabas,
1651 2260 1882 2301 Amstelodami
1905 2269 1992 2291 anno
2011 2261 2086 2292 1656
2102 2262 2144 2292 ab
2159 2261 2228 2300 ipso

968 2296 1084 2327 editam
1103 2298 1143 2328 ad
1158 2296 1277 2329 calcem
1294 2298 1510 2337 Epistolarum
1527 2300 1558 2330 S.
1576 2296 1692 2339 Ignotii
1708 2300 1883 2340 martyris.)

637 2382 748 2417 Aliquot
765 2383 821 2417 jam
838 2389 903 2411 sunt
923 2385 986 2412 anni
1001 2384 1074 2420 quod
1086 2385 1156 2412 hanc
1170 2384 1301 2412 Barnabas
1323 2384 1386 2420 Epi-
1402 2386 1424 2414 D
1440 2385 1625 2420 maximopere
1645 2386 1756 2421 gavisus
1781 2393 1852 2419 sum,
1871 2386 1898 2412 in
1915 2385 1976 2412 illas
1991 2393 2090 2412 manus
2108 2384 2228 2412 incidere

603 2429 711 2463 stolam,
734 2438 815 2465 quam
839 2431 873 2458 ab
895 2432 1101 2467 incomparabili
1122 2431 1258 2459 Salmasio
1275 2439 1387 2467 accepe-

601 2482 670 2506 ram.
685 2475 713 2502 in
728 2475 814 2503 lucem
830 2477 952 2504 emittere
967 2477 1150 2504 decreveram.
1167 2476 1219 2504 Sed
1233 2477 1282 2503 iter
1294 2485 1384 2504 meum

601 2521 717 2554 obstitit,
742 2522 890 2556 quominus
913 2523 1067 2550 institutum
1089 2523 1157 2550 illud
1175 2527 1231 2550 tum
1254 2524 1384 2557 temporis

601 2566 729 2600 perﬁcere
752 2566 869 2594 licuerit.
890 2567 960 2595 Dum
978 2577 1042 2596 vero
1065 2569 1190 2603 Angliam
1210 2569 1308 2602 lustro,
1331 2569 1383 2596 alia

600 2619 661 2638 sese
673 2612 773 2639 obtulit
787 2614 896 2641 occasio
909 2636 917 2647 ,
933 2623 986 2649 qua
1004 2616 1135 2649 scriptum
1151 2615 1228 2648 illud,
1242 2616 1315 2650 quod
1326 2615 1383 2650 jam

599 2656 646 2683 diu
669 2657 758 2684 lucem
781 2659 946 2693 merebatur,
971 2661 1079 2687 tandem
1099 2660 1246 2695 aliquando
1258 2661 1381 2695 divulga-

600 2706 684 2728 retur.
706 2702 823 2730 Parabat
838 2709 895 2731 tum
914 2714 1015 2733 novam
1036 2706 1131 2741 lgnatii
1146 2706 1291 2734 editionem
1307 2715 1384 2734 reve-

600 2745 779 2775 rendissimus
800 2747 937 2776 Hibernia:
954 2750 1068 2784 primas,
1089 2750 1215 2779 Usserius
1238 2751 1384 2778 Armacha-

601 2796 664 2815 nus.
686 2790 725 2816 Illi
747 2792 837 2826 itaque
853 2794 998 2827 postulanti
1015 2799 1042 2822 et
1062 2795 1185 2822 oll‘crenti
1200 2801 1230 2823 ut
1250 2804 1303 2822 una
1320 2804 1382 2823 cum

602 2831 747 2866 lgnatianis
770 2837 827 2864 haec
847 2846 956 2873 quoque
977 2839 1108 2868 Barnabae
1125 2842 1303 2869 excuderetur
1325 2842 1381 2876 epi-

605 2878 684 2911 stola,
709 2888 761 2908 non
787 2886 890 2910 tantum
904 2884 1019 2912 libenter
1043 2886 1069 2914 id
1090 2887 1223 2920 concessi,
1241 2888 1286 2914 sed
1299 2887 1379 2914 etiam

1440 2429 1659 2464 antiquissimum
1684 2431 1756 2458 istud
1775 2434 1994 2463 monumentum,
2021 2437 2045 2458 a.
2061 2431 2166 2465 quibus
2181 2431 2227 2456 im-

1439 2483 1562 2503 mensum
1588 2482 1720 2511 quantum
1744 2477 1897 2512 splendoris
1921 2475 2042 2503 muluari
2055 2477 2109 2503 sibi
2125 2483 2226 2511 passu.

1437 2522 1470 2549 Et
1482 2523 1535 2550 nisi
1553 2523 1648 2558 ingens
1663 2523 1751 2551 isthoc
1762 2523 1928 2556 incendium,
1943 2523 2016 2558 quod
2029 2530 2083 2550 non
2098 2523 2225 2558 exiguam

1437 2574 1541 2604 partem
1568 2570 1645 2597 urbis
1658 2569 1830 2605 .Oxoniensis
1853 2569 1979 2602 vastavit,
2001 2568 2096 2596 omnia
2115 2576 2226 2604 quoque

1436 2615 1600 2649 exemplaria
1611 2615 1820 2651 absumpsisset,
1832 2616 2045 2650 pulcherrimam
2058 2615 2121 2650 ejus
2131 2620 2223 2642 auctu-

1436 2661 1474 2688 ris
1497 2660 1645 2688 editionem
1667 2661 1772 2697 jamdiu
1797 2661 2001 2689 habuissemus.
2026 2660 2086 2688 Non
2113 2661 2222 2688 defuere

1435 2710 1523 2733 tamen
1545 2706 1573 2733 in
1594 2706 1679 2734 Gallia
1699 2707 1748 2734 vi‘ri
1762 2706 1845 2738 docti.
1860 2706 1908 2741 qui
1922 2706 2066 2741 indignum
2079 2707 2220 2741 putabant.

1433 2751 1566 2785 scriptum
1586 2751 1639 2779 hoc
1660 2751 1764 2779 diutius
1789 2751 1816 2778 in
1840 2751 1959 2779 tenebris
1985 2752 2108 2779 latitare.
2126 2751 2217 2785 Itaque

1433 2804 1519 2830 nuper
1544 2796 1622 2832 Hugo
1641 2796 1804 2830 Menardus,
1830 2798 1983 2824 monachus
2006 2798 2115 2824 ordinis
2130 2796 2217 2824 Sancti

1434 2841 1531 2875 Mauri,
1556 2850 1655 2870 novam
1683 2843 1762 2871 nobis
1793 2843 1941 2870 editionem
1969 2843 2126 2871 adornavit.
2149 2843 2215 2876 Quin

1434 2888 1579 2922 plurimum
1593 2889 1645 2918 hoc
1658 2898 1768 2920 nomine
1779 2891 1895 2918 meritus
1908 2889 1943 2918 sit
1955 2890 1989 2918 de
2006 2891 2128 2926 publico,
2139 2897 2215 2917 nemo
