2290 3110
28 179 84 206 665

730 176 773 203 PR
778 175 998 204 OLEGOMENA.

1623 170 1678 199 6σῖ

26 242 82 269 est,
109 237 160 272 qui
183 237 294 264 inllcias
317 236 406 264 iverit.
426 237 490 265 Plus
513 241 603 264 tamen
625 237 782 268 meruisset,
809 236 832 263 si
848 241 870 267 Α
886 236 914 262 in
937 236 990 264 hoc
1007 235 1209 270 reprehendere
1221 235 1293 269 quod
1306 234 1333 260 in
1354 233 1440 260 altero
1458 237 1602 261 excusant.
1618 232 1676 260 No-

27 283 202 319 contigisset
219 283 259 309 illi
280 283 360 317 plura
375 283 468 310 videre
483 283 660 318 exemplaria.
677 282 746 309 Cum
760 281 833 308 enim

27 335 86 356 tota
107 330 158 357 illa
176 330 263 357 editio
275 337 308 357 ex
319 337 374 356 uno
386 330 558 364 promanarit
571 329 674 362 codice,
684 329 743 356 ﬁeri
757 328 834 355 aliter

27 384 85 402 non
116 376 214 411 potuit
239 375 305 410 quin
329 375 581 403 inemendatissima
607 374 737 409 prodiret.
757 373 833 407 Mihi,

26 423 94 449 licet
122 430 185 449 non
200 430 289 457 usque
305 421 373 449 adeo
387 421 498 449 fortuna
521 421 629 453 faverit,
645 425 675 447 ut
688 420 834 456 quisquam

28 469 165 496 inridere
183 469 292 500 debeat,
315 476 346 496 ea
363 473 453 495 tamen
469 468 581 502 conligit
605 467 730 498 felicitas,
747 471 776 494 ut
790 466 836 493 tri-

27 516 81 543 bus
98 517 129 543 in
142 517 201 543 hoc
216 516 377 551 corrigendo
390 523 457 543 usus
473 516 525 543 sim
542 523 609 542 mss.
631 515 753 542 Primum
769 514 835 541 mihi

28 561 191 590 Florentiae
206 561 392 596 suppeditavit
408 561 571 588 bibliotheca
592 560 725 594 Medicea,
751 560 836 587 altera

30 610 88 637 duo
104 609 279 636 bibliotheca
298 607 429 635 Vaticana
450 612 477 634 et
491 606 701 639 Theatinorum,
718 606 764 641 qui
780 605 836 632 Ro-

30 665 85 683 ma:
109 660 214 692 agunt.
228 656 337 682 lllorutn
353 663 433 682 usum
449 659 590 689 acceptum
604 654 661 680 fero
675 653 756 680 Lacte
773 652 837 679 Hol-

30 703 138 735 stenio,
163 702 225 729 viro
240 709 348 729 summo
370 705 397 728 et
418 708 558 735 nunquam
581 708 635 726 non
652 699 722 726 infra
740 699 836 725 merita

31 757 83 776 sua
99 748 258 776 laudando.
275 747 345 781 Quid
360 749 452 781 itaque
467 754 519 781 ope
543 746 658 773 istorum
684 745 765 772 trium
791 751 837 771 co-

33 794 131 821 dicum
146 794 301 828 prurstitum
324 793 371 824 sit,
387 793 490 820 videbit
505 793 538 824 is,
553 792 598 826 qui
612 799 701 826 opera:
714 790 832 825 pretium

33 840 164 872 duxerit,
191 839 337 866 editionem
363 839 434 866 hanc
457 846 518 866 cum
545 837 644 870 altera,
667 844 750 871 quam
769 835 836 868 dixi,

33 886 229 913 committere.

67 931 182 958 Nescio
203 935 294 958 autem
307 939 356 959 cur
369 931 481 966 quidam
498 930 600 965 opinati
617 929 674 957 sint
688 929 761 956 hanc
769 928 836 963 Epi-

31 978 143 1005 stolatn
165 984 223 1004 non
239 985 300 1004 esse
314 977 457 1009 Barnaba,
473 984 534 1003 cutn
547 981 637 1003 tamen
654 979 682 1002 et
697 975 835 1006 Clemens,

31 1029 59 1052 et
77 1023 235 1058 Origenes,
249 1027 277 1050 et
291 1023 348 1054 alii.
367 1023 440 1050 illam
456 1023 481 1049 ei
498 1022 630 1049 tribuant.
644 1021 746 1049 Oli'ensi
761 1025 835 1053 sunt,

31 1069 135 1102 credo,
158 1068 212 1095 viri
236 1068 318 1101 docti,
344 1068 416 1102 quod
441 1067 484 1094 hic
500 1066 560 1094 loca
575 1066 700 1101 quaedam
717 1065 746 1092 S.
762 1064 838 1092 Scri-

32 1120 131 1150 ptura:
159 1114 241 1141 aliter
256 1114 437 1149 explicentur,
450 1120 533 1148 quam
548 1112 678 1147 explicari
691 1111 835 1138 debebant.

32 1159 214 1187 Persuaderi
231 1163 380 1195 nequeunt,
397 1159 438 1185 sic
459 1158 583 1193 potuisse
607 1165 639 1184 ea
665 1157 725 1192 capi
749 1164 763 1183 a
777 1156 838 1183 viro

33 1211 127 1234 tanta:
143 1205 318 1233 auctoritatis
329 1226 336 1238 ,
352 1205 431 1240 cujus
449 1205 528 1232 toties
540 1204 610 1231 sacri
631 1203 692 1230 libri
704 1203 837 1229 memine-

34 1254 110 1285 rint,
129 1252 235 1287 quique
260 1259 368 1286 semper
397 1250 474 1278 Pauli
502 1250 620 1285 apostoli
642 1256 735 1276 comes
757 1248 838 1275 fuerit

35 1298 222 1331 individuus,
241 1302 268 1325 et
281 1298 339 1332 ipse
351 1305 461 1332 quoque
477 1305 549 1323 unus
563 1304 578 1323 e
592 1295 747 1322 minoribus
771 1302 838 1329 apo-

34 1346 134 1374 stolis.
155 1344 209 1372 Sed
226 1344 288 1379 quis
304 1352 319 1371 a
341 1343 439 1378 primis
465 1343 519 1370 illis
534 1341 699 1369 Christian-is
715 1341 839 1375 omnige—

34 1400 110 1418 nam
138 1390 283 1418 scientiam
297 1394 325 1417 et
347 1389 500 1417 doctrinam
515 1387 685 1422 expostulet;
700 1387 763 1421 quis
778 1386 839 1413 illos

35 1446 99 1464 non
113 1444 196 1471 teque
214 1435 398 1463 hallucinatos
417 1434 568 1466 existimet,
588 1439 670 1468 atque
681 1440 776 1460 eorum
795 1439 840 1458 ne-

33 1488 141 1518 potes;
161 1482 313 1516 praesertim
331 1481 358 1508 in
375 1481 459 1508 rebus
475 1480 544 1507 nihil
556 1479 589 1507 ad
604 1479 683 1506 tidem
700 1478 839 1513 pertinen-

34 1528 145 1556 tibus?
161 1527 289 1562 Nnnquid
306 1531 333 1553 et
347 1527 374 1553 in
390 1526 503 1562 epistola
517 1526 677 1557 Clementis,
693 1532 774 1559 quam
790 1532 839 1550 no-

883 287 941 309 tum
964 287 1006 310 est
1029 283 1150 315 cuilibet,
1167 290 1249 317 quam
1267 274 1518 316 nimium"mystice
1536 284 1563 307 et
1581 287 1678 314 super-

883 329 989 356 stitiose
1013 330 1093 364 (pene
1119 329 1202 356 etiam
1227 328 1329 363 inepte)
1355 326 1436 362 primi
1462 326 1502 353 illi
1526 317 1677 353 Christiani

885 375 1043 410 Seripturas
1060 382 1156 402 sacras
1179 375 1234 402 sint
1257 373 1438 408 interpretati.
1463 372 1491 399 Si
1507 372 1600 406 itaque
1612 376 1638 398 et
1650 371 1679 398 in

884 423 937 450 hoe
960 426 1073 449 auctore
1095 421 1220 456 quzedam
1237 425 1386 447 occurrant
1407 427 1469 454 quae
1483 418 1599 446 eruditis
1621 417 1680 445 dis-

884 468 1012 503 pliceant,
1033 467 1154 494 dandum
1168 466 1194 493 id
1210 466 1301 501 potius
1320 465 1444 493 moribus
1460 469 1583 492 veterum
1598 464 1679 491 Chri-

885 514 1038 541 stianorum
1053 521 1136 548 quam
1151 517 1181 540 ut
1203 517 1314 548 putetur
1327 512 1460 546 scriptum
1473 519 1535 539 esse
1547 511 1678 545 supposi-

885 559 990 587 titiutn.
1013 559 1065 586 Sed
1092 567 1182 594 neque
1205 558 1257 585 hoc
1278 565 1447 593 quemquam
1463 564 1573 584 movere
1587 556 1679 589 debet,

886 605 959 640 quod
977 604 1113 632 Eusebius
1129 609 1156 632 et
1168 603 1255 631 Graeci
1268 603 1436 638 posteriores
1450 603 1521 629 inter
1532 601 1679 636 ἀπόκρυφα

886 650 1059 685 reposuerint
1080 650 1229 685 Epistolam
1247 650 1390 677 Barnabat.
1408 647 1468 675 Non
1481 648 1554 675 enim
1573 648 1625 674 hoc
1645 655 1679 674 eo

886 693 989 721 factum
1011 694 1084 729 quod
1109 694 1267 721 dubitarunt
1281 695 1315 721 de
1330 698 1442 720 auctore
1452 713 1459 726 ,
1476 693 1522 720 sed
1536 693 1609 727 quod
1624 700 1678 719 non

886 739 1035 774 probarent
1046 739 1177 774 mysticus
1194 739 1262 766 istas
1274 737 1515 772 interpretationes
1529 736 1678 763 multorutn

887 784 917 812 S.
935 784 1085 819 Scripturat
1103 785 1239 812 locorum.
1255 784 1357 812 Eadem
1374 784 1480 811 ratione
1492 788 1518 810 et
1531 783 1680 810 Clementis

887 830 1075 864 Alexandrini,
1104 835 1130 858 et
1153 830 1238 857 multa
1266 830 1393 866 Origenis
1413 837 1508 865 opera,
1528 830 1599 856 inter
1613 836 1680 864 apo—

888 876 991 912 crypha
1009 876 1094 903 relata
1116 881 1191 903 sunt.
1212 875 1306 910 Neque
1327 880 1418 902 tamen
1434 883 1555 910 unquam
1571 874 1680 902 dubita-

889 928 946 950 tum
962 922 1013 949 fuit
1027 922 1093 957 quin
1109 923 1228 957 genuina
1250 926 1343 949 essent
1357 921 1400 948 illa
1417 929 1511 956 opera.
1536 920 1570 947 Et
1587 926 1677 947 certe:

888 969 911 995 si
940 968 1032 995 omnia
1053 975 1113 1003 quae
1140 967 1287 1001 aliquando
1311 967 1381 994 inter
1407 965 1563 1001 apocrypha
1587 965 1680 992 habita

890 1013 944 1040 sint
964 1013 1078 1048 rejicere
1108 1012 1234 1045 velimus,
1259 1011 1409 1047 rcjicie‘nda
1426 1018 1537 1046 quoque
1555 1015 1628 1038 esset
1646 1009 1678 1038 D.

888 1059 966 1087 Pauli
978 1059 1012 1086 ad
1026 1058 1156 1086 Hebraeos
1169 1057 1301 1092 Epistula,
1316 1058 1380 1084 item
1395 1057 1471 1084 Iudae
1487 1056 1601 1091 apostoli
1617 1055 1682 1091 Epi-

889 1103 968 1136 stola,
993 1106 1019 1130 et
1034 1102 1079 1129 illa
1095 1101 1244 1129 Clementis
1263 1102 1297 1128 ad
1313 1101 1482 1128 Corinthios.
1498 1100 1576 1133 Quod
1597 1108 1680 1135 quant

888 1149 1038 1178 absurdum
1052 1148 1098 1179 sit,
1115 1148 1177 1183 quis
1194 1154 1235 1174 est
1247 1147 1294 1182 qui
1310 1155 1364 1174 non
1384 1147 1485 1174 videat.

924 1193 976 1220 Alii
991 1201 1025 1220 ex
1038 1193 1108 1228 stylo
1120 1197 1147 1219 et
1163 1192 1322 1227 scriptionis
1339 1199 1438 1226 genere
1454 1192 1598 1224 dixerunt,
1621 1199 1681 1219 sese

889 1238 1092 1274 deprehendere
1103 1237 1245 1272 epistolam
1258 1238 1328 1264 hanc
1340 1245 1401 1264 esse
1413 1237 1544 1271 spuriam.
1557 1236 1594 1263 De
1606 1236 1682 1272 lgna-

890 1285 1050 1320 tiiepistolis
1065 1285 1135 1312 idem
1144 1282 1388 1312 afﬁrmabant.Setl
1404 1283 1517 1309 nimium
1531 1291 1596 1310 sane
1610 1286 1683 1312 acuti

889 1333 983 1360 volunt
995 1331 1100 1364 videri,
1113 1331 1161 1366 qui
1181 1330 1245 1358 talia
1261 1330 1377 1365 jactant.
1400 1328 1460 1356 Non
1484 1329 1521 1355 ita
1542 1328 1622 1356 facile
1641 1333 1684 1355 est

890 1379 984 1413 spuria
1001 1378 1102 1413 scripta
1115 1385 1130 1404 a
1147 1377 1274 1413 genuinis
1285 1376 1454 1410 distinguere
1464 1395 1471 1407 ,
1486 1383 1568 1410 quam
1585 1375 1621 1402 sit
1634 1382 1684 1401 na-

890 1425 960 1452 tivas
975 1431 1097 1459 gemmas
1113 1423 1276 1457 dignoscere
1289 1421 1323 1448 ah
1334 1421 1508 1448 adulterinis.
1523 1420 1593 1447 Cum
1609 1420 1682 1447 enim

889 1471 947 1498 veri
962 1470 1047 1505 lapilli
1060 1477 1122 1496 cum
1138 1468 1242 1496 ﬁctiliis
1255 1468 1465 1495 conmtittuntur
1476 1470 1504 1493 et
1518 1473 1683 1500 comparan-

891 1521 946 1548 tur,
964 1520 1020 1542 tttm
1039 1519 1069 1541 ut
1085 1514 1232 1549 plurimum
1255 1513 1335 1540 fucus
1351 1517 1464 1547 apparet
1483 1523 1488 1540 ε
1506 1512 1544 1539 ita
1564 1520 1684 1546 purpura

35 1575 86 1601 bis
112 1573 190 1600 dedit
206 1557 249 1599 vii-
264 1557 551 1599 maximus-Patricius
565 1570 674 1602 Junius,
696 1557 842 1596 liibliothc-
855 1570 878 1600 C
893 1561 926 1588 ad

783 1569 842 1596 ιιιρ-
855 1570 878 1600 c
893 1561 926 1588 ad
942 1568 1090 1596 purpuram
1111 1559 1289 1595 dijudicatur,
1314 1559 1350 1585 ita
1369 1562 1396 1585 et
1417 1558 1444 1585 itt
1462 1557 1524 1585 aliis
1546 1557 1684 1584 mercibus

36 1619 141 1648 carius
158 1619 249 1653 regius
271 1619 326 1653 (cui
351 1626 401 1652 ego
422 1622 527 1644 tantum
548 1617 644 1648 debeo,
669 1622 698 1642 ut
714 1616 791 1650 plura
814 1615 838 1642 ei

37 1667 148 1694 debere
183 1673 237 1692 non
267 1665 406 1700 possim),
440 1663 540 1691 similia
570 1661 744 1689 occurrunt?
773 1659 840 1694 Quis

37 1713 120 1740 enim
136 1712 210 1739 bono
224 1712 316 1738 animo
331 1718 508 1745 concoquere,
516 1709 602 1744 possit
616 1708 741 1736 fabellam
754 1707 839 1739 illam,

38 1766 133 1792 quam
161 1757 194 1785 de
220 1757 348 1792 pltmnice
369 1761 473 1789 narrat,
498 1756 586 1790 deque
614 1755 740 1790 pluribus
769 1753 840 1781 ultra

39 1804 191 1831 Oceanum
207 1803 334 1830 mundis?
350 1801 407 1829 Non
422 1807 487 1836 puto
495 1801 578 1828 etiam
592 1807 758 1835 quemquam
773 1798 842 1826 velle

39 1841 195 1875 admittere
205 1848 403 1882 expositionem
413 1848 506 1879 istam,
518 1850 547 1873 ut
559 1846 671 1872 linteum
684 1844 842 1872 coccineum

41 1893 127 1919 Raab
149 1893 314 1925 meretricis,
338 1893 446 1928 signum
469 1891 551 1918 fuerit
571 1889 714 1925 sanguinis
728 1887 842 1919 Christi,

41 1944 74 1965 et
92 1939 147 1973 alia
164 1939 288 1973 quaedam
310 1938 336 1965 id
362 1945 458 1972 genus,
479 1944 540 1971 qua:
564 1943 618 1962 non
636 1938 678 1961 est
694 1933 775 1968 hujus
791 1932 843 1959 loci

45 1984 166 2010 referre.
184 1984 265 2018 Atqui
280 1988 371 2010 tatnen
387 1983 438 2010 iste
450 1982 587 2013 Clemens,
611 1981 670 2015 pari
684 1979 746 2014 jure
760 1984 841 2013 atque

44 2029 203 2062 Barnabas,
227 2030 321 2057 dictus
335 2034 376 2056 est
391 2028 542 2063 apostolus.
562 2027 620 2054 Non
635 2026 736 2053 debent
750 2025 844 2059 itaque

893 1608 931 1635 ﬁt.
948 1607 1000 1634 Sed
1019 1607 1083 1641 quid
1099 1612 1158 1638 est,
1178 1606 1248 1633 unde
1264 1605 1327 1637 isti,
1341 1605 1388 1639 qui
1415 1608 1532 1639 negant,
1555 1603 1685 1638 epistolas

894 1655 944 1682 has
955 1661 1016 1682 esse
1035 1652 1180 1684 Barnalne,
1198 1656 1225 1678 et
1247 1650 1361 1685 lgnalii,
1385 1650 1474 1677 isthoc
1493 1649 1620 1684 colligere
1636 1657 1686 1684 po-

895 1701 996 1729 tuerint
1009 1699 1158 1734 ?Nunquid
1175 1698 1227 1724 alia
1241 1704 1336 1724 eorutn
1354 1696 1456 1730 scripta
1468 1695 1612 1722 viderunt?
1625 1694 1685 1721 Non

896 1751 978 1775 certe.
992 1745 1069 1773 Unde
1083 1753 1148 1779 ergo
1166 1743 1200 1770 iis
1223 1742 1361 1774 innotuit,
1386 1749 1442 1775 quo
1462 1740 1533 1776 stylo
1561 1740 1604 1767 usi
1630 1739 1688 1767 sint

896 1792 1035 1819 Barnabas
1066 1795 1092 1817 et
1108 1788 1247 1824 lgnatius?
1273 1787 1308 1813 At
1329 1787 1457 1821 inquiunt
1471 1786 1515 1813 isti
1537 1793 1596 1813 sese
1612 1785 1686 1812 nihi-

896 1838 1017 1865 lominus
1039 1836 1109 1863 scire
1129 1843 1192 1861 vera
1207 1841 1285 1866 esse,
1305 1841 1366 1867 qua:
1380 1832 1508 1859 sentiant.
1525 1830 1553 1858 Si
1571 1831 1607 1858 ita
1628 1835 1685 1863 est,

891 1884 950 1919 jam
965 1882 1079 1910 verbum
1096 1889 1150 1908 non
1175 1880 1283 1906 addam.
1302 1878 1466 1912 Pergamus,
1481 1881 1508 1904 et
1524 1877 1685 1910 videmnus,

895 1929 993 1964 ecquid
1006 1935 1096 1963 opera:
1107 1926 1223 1961 pretium
1238 1925 1320 1952 fuerit
1335 1925 1367 1951 ad
1385 1924 1455 1951 hanc
1471 1923 1620 1957 Epistolam
1636 1922 1688 1950 ad-

897 1981 1019 2003 notasse.

43 2094 1675 2117 _____________________________._._

820 2142 903 2186 IV.

436 2237 492 2277 (Ex
511 2236 697 2276 praefatione
718 2232 878 2265 Editionis
895 2228 1095 2263 Oxoniensis
1109 2227 1184 2258 anni
1204 2222 1307 2262 1680).

83 2311 152 2337 Cum
164 2311 192 2338 in
204 2311 326 2338 editione
342 2309 507 2346 Scriptorum
522 2316 637 2338 veterum
652 2310 845 2337 ccclesiastico-
861 2309 884 2336 D
899 2305 979 2333 thenl.
993 2305 1095 2337 doctor,
1111 2308 1134 2330 et
1144 2302 1315 2329 astronomia:
1331 2299 1465 2335 professor
1478 2296 1697 2325 Sarilinnusreth

46 2366 108 2383 rum
125 2366 253 2389 versarer,
274 2358 411 2391 prmterire
425 2366 476 2384 non
490 2357 565 2384 licuit
584 2356 614 2384 S.
633 2356 765 2383 Barnubzc
781 2354 846 2389 Epi-

45 2404 164 2437 stulam,
186 2405 322 2438 primtvra:
338 2404 523 2438 antiquitatis,
543 2403 692 2438 argumenti
714 2403 802 2435 sacri,
820 2405 845 2428 et

46 2451 169 2477 auctoris
187 2449 268 2485 (quod
285 2450 404 2485 prmfert)
425 2451 529 2477 nomine
548 2450 647 2484 pariter
662 2449 749 2480 sacri,
770 2457 844 2475 com-

45 2497 292 2523 mendatissimam.
308 2495 373 2522 ch
390 2500 529 2531 pastqnam
548 2504 593 2530 per
614 2495 730 2530 plurima
745 2494 843 2521 swcula

46 2541 74 2566 in
92 2540 317 2567 bibliothecarum
335 2540 431 2574 pluteis
453 2541 615 2571 delituisset,
634 2539 841 2566 reveratdissimi

47 2584 171 2617 Usserii,
200 2585 364 2612 Arntacltani
384 2586 524 2620 primatis,
551 2586 640 2612 studio
668 2590 691 2612 et
716 2585 843 2619 auspiciis

43 2631 124 2663 prelo
139 2629 189 2656 hoc
205 2631 233 2656 in
248 2630 307 2657 loco
326 2630 517 2665 subjiciebatur
531 2639 576 2658 an.
600 2631 680 2657 1645.
701 2629 752 2657 Sed
769 2630 841 2656 urbis

45 2674 166 2703 Ozom'w
185 2679 261 2709 parte
283 2683 380 2709 magna
394 2675 466 2709 gravi
482 2675 602 2702 incendio
617 2680 752 2709 correpta,
769 2680 843 2709 typo-

43 2721 212 2756 graphcum,
232 2729 292 2747 cum
311 2725 366 2747 tuta
380 2721 540 2754 supellectile
550 2741 557 2753 ,
573 2720 675 2747 schedis
689 2721 824 2754 impressis
835 2740 843 2751 ,

43 2775 69 2793 et
89 2768 240 2802 exentplari
254 2768 312 2801 ipso
323 2787 330 2798 ,
345 2767 528 2801 conflagravit,
549 2767 588 2793 ita
608 2771 637 2792 ut
656 2774 688 2792 ea:
701 2765 775 2792 clade
793 2766 845 2792 ista

45 2814 117 2840 nihil
131 2817 300 2846 superesset,
316 2816 412 2845 prater
425 2813 537 2846 paginas
557 2811 714 2843 nonnullas,
729 2819 787 2846 qum
801 2819 845 2845 ρε-

45 2869 92 2887 nes
109 2865 306 2891 correctorem,
322 2862 450 2892 quantum
466 2858 594 2892 conjicere
608 2857 699 2889 datur,
719 2858 823 2892 fuerant
836 2865 844 2888 ;

45 2914 167 2941 quasque
190 2906 230 2932 vir
249 2904 447 2931 eruditissimus
464 2903 608 2931 Etltutrd'é‘
623 2903 776 2931 Bernartius
793 2903 843 2932 SS.

898 2355 959 2382 emit
973 2373 981 2386 ,
1016 2352 1131 2386 mihique
1148 2350 1254 2384 benigne
1276 2346 1488 2375 communicarit.
1513 2343 1597 2370 Paulo
1613 2347 1689 2378 post,

895 2409 985 2435 nempe
997 2408 1066 2427 anno
1081 2398 1166 2429 16Ᾱ5,
1181 2406 1246 2432 opus
1262 2396 1294 2423 ab
1310 2396 1421 2430 llugune
1436 2393 1565 2420 Menardo
1575 2413 1582 2425 ,
1597 2399 1690 2417 mona-

899 2446 948 2473 cho
962 2444 1171 2480 congregationis
1187 2442 1216 2470 S.
1230 2441 1334 2474 Mauri,
1351 2438 1567 2467 adnotationibus
1578 2436 1690 2463 eruditis

894 2492 1075 2523 illustratum,
1086 2499 1150 2517 cura
1161 2489 1305 2524 confratris
1317 2487 1396 2514 Luca:
1407 2485 1531 2512 Duc/tcrii
1541 2505 1548 2517 ,
1562 2482 1690 2512 Menardq

896 2543 981 2565 morte
1002 2541 1147 2572 prwrepto,
1176 2535 1203 2561 in
1226 2535 1310 2561 lucem
1334 2533 1449 2559 Parisiis
1469 2530 1578 2565 prodiit.
1605 2527 1691 2554 Porro

896 2591 941 2610 an.
959 2582 1027 2609 16ίῦ
1039 2581 1237 2609 illustrissimus
1251 2579 1283 2606 Ι).
1303 2577 1415 2605 Istmrns
1436 2576 1541 2603 Vossius
1552 2596 1559 2608 ,
1572 2574 1692 2601 luculen-

896 2630 1007 2657 tissima:
1026 2629 1082 2663 ejus
1099 2626 1282 2662 Epistolarum
1302 2623 1331 2651 S.
1348 2623 1451 2658 Ignatii
1464 2621 1575 2648 editioni
1591 2620 1691 2655 episto-

896 2675 951 2702 lam
964 2676 1032 2702 hanc
1043 2673 1185 2708 adjunxit,‘
1198 2676 1222 2697 et
1235 2674 1310 2696 notas
1321 2690 1328 2699 ,
1342 2667 1429 2695 breves
1440 2667 1559 2702 quidem,
1573 2666 1617 2693 sed
1630 2674 1691 2692 eru-

896 2721 967 2747 ditas
980 2719 1095 2746 addidit.
1105 2718 1215 2744 Demum
1225 2724 1269 2742 an.
1279 2713 1434 2741 ιῦτῖισωι.
1449 2710 1688 2745 Bapt.Cotclerius,

896 2767 1035 2795 Societatis
1047 2765 1198 2793 Sorbonicae
1210 2762 1344 2797 theologus
1354 2781 1361 2794 ,
1381 2758 1551 2787 Bibliotheca
1565 2766 1620 2785 sum
1638 2756 1688 2784 SS.

898 2812 1012 2839 Patrum
1027 2812 1072 2847 qui
1089 2810 1250 2844 temporibus
1267 2807 1421 2843 apostolicis
1437 2807 1585 2841 ﬂoruerunt
1596 2825 1603 2837 ,
1624 2804 1690 2839 Epi-

898 2859 995 2886 stolam
1010 2859 1076 2884 hanc
1088 2857 1216 2890 inseruit,
1228 2856 1422 2890 versionemque
1434 2860 1527 2881 nat-am
1538 2851 1689 2882 adornavit.

899 2909 1024 2934 notasque
1039 2903 1239 2931 laudatissimas
1252 2902 1383 2937 apposuit.
