2290 3110
32 80 76 107 649

431 83 463 110 S.
481 82 666 111 BARNABAS
685 83 898 112 APOSTOLUS.
916 100 951 105 —-
964 84 1227 112 PROLEGOME‘NA.

1590 90 1643 116 (ἲῖῘο

243 219 386 255 Onasus,
402 222 448 249 lib.
463 231 482 256 ι,
496 228 591 252 contra
603 224 723 258 Celsum.
740 234 813 252 nam.
831 225 876 257 65,
887 229 951 252 tom.
964 225 984 258 l,
996 234 1057 260 pag.
1069 224 1133 259 578,
1147 225 1211 251 edit.
1225 223 1315 251 Paris.
1327 223 1405 250 I755.

60 290 211 326 Γέγραπται
223 291 256 326 δὴ
272 291 301 317 ὲν
319 293 350 327 τῇ
371 292 498 328 Βαρνάϐα
514 293 643 329 καθολικῇ
664 294 806 330 Ἐπιστολῇ

31 335 116 360 ..ηὸτι
132 334 273 367 ἐξελέξατο
294 336 357 367 τοὺς
383 337 465 368 ἰδίους
492 338 656 370 ἀποστόλους
687 338 806 374 Ἰησοῦς,

29 379 97 410 ὂντας
109 379 178 415 ὑπὲρ
191 381 282 407 πᾶσαν
298 381 412 417 ἀνομίαν
425 382 626 420 ἀνομωτέρους.
641 385 806 418 Philocaliw.

29 432 81 459 cap.
96 424 138 452 l'l.

896 294 1033 330 Scriptum
1051 302 1134 329 porro
1151 299 1192 322 est
1213 295 1240 321 in
1258 291 1390 320 Barnaba:
1409 290 1546 318 catholica
1572 290 1637 325 Epi-

859 342 928 370 stola
943 349 951 368 :
1010 341 1157 376 Apostolos
1170 349 1184 367 a
1199 340 1263 368 .lnsu
1287 338 1373 366 fuisse
1387 337 1499 370 electos,
1519 338 1565 372 qui
1587 338 1638 364 im-

857 387 934 422 probi
948 391 1027 414 erant
1043 391 1072 414 ut
1085 387 1151 413 nulli
1166 386 1263 421 magis.
1275 385 1343 419 Cap.
1363 383 1388 410 5.

376 495 450 529 In“,
469 496 537 531 Περὶ
551 496 653 532 ἀρχῶν,
669 497 715 524 lib.
732 505 772 530 ιιι,
787 505 845 532 cap.
860 496 888 530 2,
900 505 973 524 nam.
989 497 1015 529 4,
1032 502 1096 524 tam.
1110 495 1130 528 I,
1142 504 1202 531 pag.
1219 498 1280 525 MO.

60 562 151 590 Eadem
167 571 277 598 quoque
291 564 430 593 Barnabas
444 565 471 591 in
485 564 608 600 Epistoia
625 573 672 593 sua
687 565 819 598 declarat,
833 572 894 592 cum
913 564 982 592 duas
995 564 1054 591 vias
1068 571 1129 591 esse
1144 564 1218 595 dicit,
1232 572 1315 592 unam
1341 565 1421 598 lucis,
1436 565 1549 592 alteram
1563 567 1637 591 teno-

28 608 137 641 brarum.
160 610 263 644 quibus
284 615 311 638 et
333 619 448 645 praeesse
471 618 561 640 certos
579 621 704 649 quosque
724 614 834 650 angelos
855 613 943 641 dicit:
960 613 1009 640 tiae
1023 612 1133 647 quidem
1155 612 1355 648 lucis,angelos
1380 612 1441 647 Dei;
1463 612 1635 640 tenebrarum

27 660 105 682 autem
117 655 176 687 viae,
193 656 308 691 angelos
322 656 441 685 Satanae.
455 658 525 693 Cap.
548 658 589 685 18.

306 736 374 772 Lege
389 740 426 766 si;
441 739 558 774 ejusdem
577 740 699 776 Origenis
713 741 759 767 lib.
784 749 792 767 I
809 741 952 775 Etplanat.
966 739 994 766 in
1008 738 1093 774 Epist.
1111 739 1144 766 ad
1166 739 1244 766 Rom.
1256 747 1275 772 ι,
1292 739 1337 767 24.

133 960 233 990 Ruﬁno
251 963 403 999 interprete.

52 1016 110 1045 Post
122 1018 178 1046 hcec
186 1020 245 1054 jam
259 1021 392 1056 scriptura
403 1027 454 1055 est,
469 1031 529 1058 qum

24 1062 109 1090 dicitur
127 1064 213 1093 Actus
235 1066 331 1100 Pauli;
347 1068 394 1095 sed
410 1073 436 1095 et
450 1069 529 1096 libel-

23 1109 60 1135 lus
70 1111 111 1143 qui
124 1111 278 1146 appellatur
285 1112 406 1142 Pastoris
417 1124 424 1148 ;
439 1120 466 1143 et
475 1115 528 1143 Re-

24 1156 109 1183 telatio
131 1157 227 1193 Petri,
253 1160 288 1186 de
313 1161 413 1195 quibus
444 1170 526 1197 quam

25 1203 126 1230 maxime
149 1204 301 1232 dubitatur.
324 1205 423 1234 Fertur
445 1208 526 1236 etiam

23 1247 138 1277 Barnabc
152 1251 280 1285 epistola.

129 1400 230 1429 Ruﬁno
247 1402 400 1438 interprete.

50 1453 76 1482 In
104 1456 180 1484 libris
213 1457 463 1492 lnl'ormationum,
496 1465 525 1487 ut

22 1500 123 1529 breviter
136 1503 225 1531 dicam
239 1525 249 1537 ,
276 1505 430 1532 universam
452 1505 523 1539 pari-

21 1549 56 1573 ter
69 1547 233 1584 Scripturam
249 1550 370 1577 divinam
394 1558 523 1585 compen—

22 1592 94 1621 diosis
105 1595 342 1624 dissertationibus
353 1597 521 1631 explanavit:

24 1639 45 1666 in
61 1642 154 1675 quibus
168 1644 203 1670 ne
217 1652 250 1671 ea
267 1644 376 1679 quidem
389 1651 450 1679 quae
462 1652 524 1679 apo-

22 1688 109 1721 crypha
118 1696 132 1715 a
140 1689 305 1723 quibusdam
315 1690 450 1717 habentur
459 1698 525 1725 pra:-

22 1732 99 1766 teriit;
115 1738 144 1761 ut
157 1739 200 1762 est
212 1734 288 1763 Petri
303 1734 442 1763 Revelatio

802 820 844 847 ll‘l.

544 892 688 926 Essemus,
701 891 768 920 llist.
784 891 863 924 θοοὶ,
877 891 923 917 lib.
938 898 978 922 ιιι,
990 897 1049 923 cap.
1061 888 1107 916 25.

608 1019 651 1045 Ἐν
664 1020 719 1049 τοῖς
733 1017 820 1048 νόθοις
831 1015 1023 1050 κατατετάχθαι
1036 1016 1082 1041 καὶ

564 1065 618 1092 τῶν
641 1064 749 1091 Παύλου
764 1062 893 1098 Πράξεων
912 1062 928 1097 ἡ
950 1061 1056 1097 γραφὴ;
1068 1062 1081 1088 ὅ

563 1120 593 1138 τε
615 1111 759 1146 λεγόμενος
784 1110 906 1145 Ποιμὴν,
923 1108 1081 1143 καὶὴᾋπο-

564 1158 680 1191 κάλυψις
699 1155 812 1191 Πέτρου,
832 1155 879 1181 καὶ
896 1154 963 1190 πρὸς
977 1152 1082 1185 τούτοις

563 1206 580 1240 ἡ
610 1203 746 1240 φερομένη
780 1201 907 1238 Βαρνὰΰα
941 1201 1080 1236 ἐπιστολή.

564 1253 634 1286 Lege
647 1249 841 1284 Nicephorum,
854 1246 901 1273 lib.
917 1254 948 1279 ιι,
960 1254 1021 1281 cap.
1035 1245 1079 1273 46.

610 1330 689 1363 lusu,
707 1328 787 1362 ibid.,
800 1327 846 1355 lib.
859 1334 900 1361 vt,
911 1334 970 1362 cap.
988 1327 1030 1354 Η.

603 1402 646 1428 Ἐν
657 1401 687 1428 δὲ
699 1401 760 1431 ταῖς
767 1398 985 1431 ’Υποτυπώσεσῃ
1004 1398 1081 1432 ξυνε-

561 1447 640 1475 λόντσ.
654 1448 750 1479 εἰπεῖν,
762 1446 851 1481 πάσης
863 1445 912 1481 τῆς
924 1444 1080 1480 ὲνδιαθήκου

561 1492 673 1529 Γραφνῆς
696 1490 915 1526 ὲπιτετμημένας
935 1489 1080 1524 πεποίηται

559 1537 713 1573 διηγήσεις“
730 1535 767 1570 μὴ
778 1534 806 1561 δὲ
819 1534 867 1566 τὰς
880 1533 1080 1568 ἀναλεγομένας

561 1582 715 1618 παρελθών·
734 1581 784 1616 τὴν
809 1580 910 1612 Ἰούδα,
931 1579 1013 1613 λέγω,
1034 1579 1080 1606 καὶ

560 1630 609 1661 τὰς
632 1628 728 1660 λοιπὰς
754 1626 901 1658 καθολικὰς
920 1625 1078 1658 ἐπιστολάς·

561 1676 611 1711 τήν
632 1683 662 1701 τε
685 1673 813 1710 Βαρνάϐα.
832 1674 879 1700 καὶ
901 1673 950 1708 τὴν
975 1672 1079 1708 Πέτρου

561 1720 710 1756 λεγομένην
731 1719 910 1753 ἀποκάλυψιν.
933 1718 1004 1753 Lege
1027 1717 1078 1744 Ni-

562 1767 713 1801 cep/torum,
727 1765 776 1792 lib.
794 1773 831 1797 tv,
850 1772 910 1799 cap.
928 1764 972 1791 55.

1241 958 1350 987 Valesio
1364 958 1514 992 interprete.

1152 1017 1207 1045 Pro
1222 1017 1323 1052 spuriis
1337 1016 1452 1044 habendi
1473 1022 1537 1044 sunt
1550 1016 1631 1044 etiam

1118 1063 1202 1090 Actus
1218 1061 1314 1094 Pauli,
1330 1066 1357 1089 et
1372 1061 1442 1089 liber
1461 1061 1584 1090 Pastoris
1599 1064 1634 1090 ti-

1117 1109 1177 1136 tulo
1185 1108 1211 1135 in
1220 1106 1378 1143 scriptus,et
1386 1106 1526 1136 Revelatio
1540 1108 1612 1136 Petri
1623 1118 1631 1142 ;

1119 1154 1248 1181 Barnabaz
1264 1152 1327 1180 item
1341 1153 1463 1188 epistola.

1153 1398 1225 1426 idem
1246 1398 1393 1433 (Clemens)
1410 1398 1436 1425 in
1458 1398 1534 1426 libris
1554 1399 1634 1426 Ὑπο-

1116 1445 1273 1479 τυπώσεων,
1288 1446 1421 1479 omnium,
1437 1451 1467 1473 ut
1483 1454 1537 1474 uno
1550 1447 1634 1475 verbo

1116 1491 1217 1523 dicam,
1228 1491 1371 1525 utriusque
1383 1489 1548 1519 Testamenti
1563 1490 1634 1519 Scri-

1116 1540 1259 1571 pturarum
1274 1536 1494 1571 compendiosum
1514 1537 1633 1565 instituit

1117 1582 1340 1615 enarrationem;
1369 1589 1404 1609 ne
1433 1582 1488 1610 illis
1523 1583 1633 1618 quidem

1116 1626 1307 1662 praetermissis
1331 1625 1492 1661 Scripturis,
1512 1628 1545 1654 de
1568 1628 1631 1662 qui-

1115 1673 1167 1700 bus
1179 1673 1250 1700 inter
1262 1672 1363 1699 multos
1376 1672 1522 1707 ambigitur
1536 1681 1543 1698 :
1555 1671 1632 1700 Judte

1116 1717 1259 1753 epistolam
1285 1720 1311 1744 et
1336 1716 1485 1749 Barnabw,
1509 1725 1542 1744 ac
1566 1719 1630 1746 reli—

1115 1772 1184 1799 quas
1196 1763 1346 1791 catholicas
1357 1763 1487 1798 epistolas
1499 1763 1628 1800 intelligo,

1115 1815 1142 1837 et
1156 1809 1357 1837 Revelationem
1369 1817 1429 1844 quae
1436 1809 1535 1837 dicitur
1546 1810 1628 1838 Petri.

61 1889 146 1917 ﬁlium
163 1892 251 1919 locum
265 1892 372 1920 EUSEBH
389 1901 421 1920 ex
433 1893 503 1922 llist.
519 1893 606 1927 Eccl.,
617 1894 663 1921 lib.
677 1902 714 1926 vt,
729 1903 787 1929 cap.
807 1895 857 1928 l5,
873 1895 993 1929 superius
1006 1893 1145 1921 retulimus
1160 1894 1229 1920 inter
1249 1897 1364 1920 veterum
1383 1893 1531 1920 testimonia
1545 1893 1576 1920 de

663 1929 791 1964 Epistolis
805 1929 970 1958 CLEIENTIS.

797 2009 842 2036 IV.

248 2079 433 2111 Hisnountus,
451 2079 499 2106 lib.
513 2078 551 2106 De
563 2078 629 2106 viris
641 2078 805 2112 illustribus,
817 2087 877 2114 cap.
896 2079 924 2112 6,
944 2087 1003 2106 cum
1017 2083 1100 2106 vetere
1115 2078 1206 2106 Grch
1218 2079 1371 2116 interprete.

55 2146 181 2182 Βαρνάϐας
201 2148 342 2183 Κύπριος,
365 2148 379 2173 ὁ
401 2148 448 2174 καὶ
466 2148 566 2183 Ἰωσὴφ
580 2147 706 2182 Λευίτης,
722 2147 791 2183 μετὰ

881 2148 1021 2176 Barnabas
1040 2147 1168 2184 Cyprius,
1184 2150 1231 2183 qui
1251 2154 1278 2178 et
1298 2149 1400 2185 Joseph
1424 2151 1540 2184 Levites,
1563 2160 1625 2178 Cllm

24 2193 114 2221 Παύλου
124 2195 174 2222 τῶν
185 2195 271 2222 ἐθνῶν
286 2194 430 2226 ἀπόστολος
442 2195 631 2227 κατασταθεὶς,
646 2195 710 2230 μίαν
723 2195 791 2229 πρὸς
842 2193 928 2220 Paulo

725 2195 791 2229 πρὸς
842 2193 928 2220 Paulo
940 2194 1061 2228 gentium
1075 2195 1216 2229 apostolus
1230 2196 1383 2229 ordinatus,
1397 2204 1479 2224 unam
1494 2197 1528 2224 ad
1542 2197 1625 2224 altili-

24 2240 148 2276 οἰκοδομὴν
159 2242 208 2277 τῆς
227 2240 391 2276 Ἑκκλησίας
402 2240 544 2276 ἐπιστολὴν
560 2240 713 2273 συνέταξεν,
730 2240 791 2275 ἣτις
841 2239 928 2266 catior

730 2240 791 2275 ἣτις
841 2239 978 2266 cntionem
1001 2238 1130 2266 Ecclesiae
1148 2240 1328 2274 pertinentem
1343 2241 1492 2276 Epistolam
1514 2250 1623 2278 compo-

24 2285 56 2316 εἰς
67 2286 110 2317 τὰς
122 2287 297 2323 ἀποκρύφους
311 2286 419 2322 γραφὰς
431 2286 656 2321 ἀναγινώσκεται.

841 2286 909 2318 suit,
923 2293 985 2320 qua:
999 2285 1070 2312 inter
1085 2286 1256 2321 apocryphas
1271 2287 1422 2321 scripturas
1434 2288 1542 2323 legitur.

50 2363 107 2399 Lege
123 2366 238 2394 Adonem
259 2365 439 2397 Viennensem.
454 2366 482 2392 in
494 2366 562 2392 libro
578 2365 615 2394 De
631 2363 833 2396 festivitatibus,
846 2363 891 2390 ad.
906 2370 935 2389 ιιι
953 2361 1018 2389 Idus
1034 2360 1112 2392 lum;
1130 2360 1285 2396 Notkerum,
1300 2362 1463 2398 Frcculfum,
1477 2363 1623 2390 Honorium

24 2397 152 2434 Augustali.

447 2468 522 2500 lusit,
544 2468 591 2495 lib.
610 2476 659 2495 XIII
674 2467 827 2496 Comment.
850 2467 877 2494 in
895 2465 1030 2493 Ezechiel.
1044 2472 1121 2497 xun,
1139 2464 1182 2491 19.

54 2546 163 2586 Yitulum
177 2555 268 2579 autem
282 2551 329 2586 qui
346 2555 397 2586 pro
412 2551 492 2579 nobis
505 2551 663 2578 immolatus
679 2555 732 2581 est,
749 2555 777 2586 et
789 2550 874 2586 multa
888 2548 1092 2586 Scripturarum
1115 2547 1185 2579 loca,
1207 2552 1234 2575 et
1259 2547 1395 2582 prmcipue
1413 2547 1545 2574 Barnabre
1558 2547 1621 2582 Epi-

24 2582 81 2610 stola
91 2591 148 2618 qua:
160 2586 275 2613 habetur
286 2582 313 2613 i'n
332 2582 484 2622 séripturas
497 2586 677 2621 apocryphas,
694 2585 826 2612 nominat.
842 2583 911 2619 Cap.
926 2582 952 2611 8.

53 2638 119 2677 idem
134 2640 321 2674 Htsaounws,
337 2642 468 2670 adversus
490 2641 661 2677 Pelagianos,
682 2641 735 2677 lib.
746 2649 789 2673 ιιι,
803 2649 862 2675 cap.
880 2641 907 2677 ᾖ,
922 2642 1008 2677 locum
1024 2641 1053 2670 S.
1076 2641 1208 2669 Barnath
1229 2641 1260 2668 de
1279 2641 1416 2675 apostolis,
1430 2639 1569 2666 laudatum
1589 2640 1620 2665 ab

25 2673 130 2709 Origene,
146 2677 191 2704 lib.
208 2685 217 2704 ι
230 2673 319 2705 matr.
333 2677 454 2710 Celsum,
468 2673 602 2712 perperltm
617 2677 683 2704 citat
695 2676 741 2703 sub
757 2673 860 2703 nomine
874 2676 907 2702 Β.
922 2676 1032 2711 Iguatii.

53 2731 208 2771 illacrimans
222 2735 278 2763 ΟΡ.
296 2737 324 2763 in
340 2735 637 2771 ﬁneChronographiae
647 2743 702 2763 sua:
717 2734 865 2771 Epistulam
881 2733 1012 2771 Barnabw
1028 2739 1152 2770 posuerat
1167 2736 1236 2763 inter
1252 2733 1334 2762 libros
1355 2732 1424 2760 Novi
1449 2731 1618 2765 Testamenti,

25 2767 102 2798 quibus
117 2771 306 2805 matradictum
323 2767 384 2806 fuit,
399 2776 426 2798 ut
438 2777 510 2806 patet
518 2767 556 2799 ἷξε
564 2767 702 2798 Anastasii
713 2767 914 2797 Bibliotltecarii
926 2767 1051 2798 version'c.

167 2816 300 2849 Ριιτιιοι..
322 2817 382 2848 Gn.
411 2817 439 2847 ll

1461 2813 1498 2844 21
