  <div class='ocr_page' id='page_1' title='image "/cluster/home/n/w/nwhite01/storage/ocr_20150623/2/njp.32101077772349/467.png"; bbox 0 0 2290 3110; ppageno 0'>
   <div class='ocr_carea' id='block_1_1' title="bbox 599 115 646 143">
    <p class='ocr_par' dir='ltr' id='par_1_1' title="bbox 599 115 646 143">
     <span class='ocr_line' id='line_1_1' title="bbox 599 115 646 143; baseline 0 0"><span class='ocrx_word' id='word_1_1' title='bbox 599 115 646 143; x_wconf 73' lang='grc'><strong>631</strong></span> 
     </span>
    </p>
   </div>
   <div class='ocr_carea' id='block_1_2' title="bbox 1155 117 1614 150">
    <p class='ocr_par' dir='ltr' id='par_1_2' title="bbox 1155 117 1614 150">
     <span class='ocr_line' id='line_1_2' title="bbox 1155 117 1614 150; baseline 0.004 -3"><span class='ocrx_word' id='word_1_2' title='bbox 1155 117 1183 147; x_wconf 84' lang='lat' dir='ltr'><strong>S.</strong></span> <span class='ocrx_word' id='word_1_3' title='bbox 1201 118 1384 148; x_wconf 81' lang='lat' dir='ltr'><strong>BARNABAS</strong></span> <span class='ocrx_word' id='word_1_4' title='bbox 1403 121 1581 150; x_wconf 79' lang='lat' dir='ltr'><strong>APOSTOLU</strong></span> <span class='ocrx_word' id='word_1_5' title='bbox 1586 122 1614 149; x_wconf 80' lang='lat'><strong>5.</strong></span> 
     </span>
    </p>
   </div>
   <div class='ocr_carea' id='block_1_3' title="bbox 2163 123 2210 149">
    <p class='ocr_par' dir='ltr' id='par_1_3' title="bbox 2163 123 2210 149">
     <span class='ocr_line' id='line_1_3' title="bbox 2163 123 2210 149; baseline 0 0"><span class='ocrx_word' id='word_1_6' title='bbox 2163 123 2210 149; x_wconf 71' lang='lat'><strong>(332</strong></span> 
     </span>
    </p>
   </div>
   <div class='ocr_carea' id='block_1_4' title="bbox 599 179 2202 196">
    <p class='ocr_par' dir='ltr' id='par_1_4' title="bbox 599 179 2202 196">
     <span class='ocr_line' id='line_1_4' title="bbox 599 179 2202 196; baseline -0.001 -7"><span class='ocrx_word' id='word_1_7' title='bbox 599 179 2202 196; x_wconf 66' lang='lat'><strong>.—_——_———__</strong></span> 
     </span>
    </p>
   </div>
   <div class='ocr_carea' id='block_1_5' title="bbox 843 242 1963 322">
    <p class='ocr_par' dir='ltr' id='par_1_5' title="bbox 843 242 1963 322">
     <span class='ocr_line' id='line_1_5' title="bbox 843 242 1963 322; baseline 0.004 -5"><span class='ocrx_word' id='word_1_8' title='bbox 843 242 1524 321; x_wconf 80' lang='lat' dir='ltr'><strong>RECENTIORUM</strong></span> <span class='ocrx_word' id='word_1_9' title='bbox 1592 244 1963 322; x_wconf 86' lang='lat' dir='ltr'><strong>JUDICIA</strong></span> 
     </span>
    </p>
   </div>
   <div class='ocr_carea' id='block_1_6' title="bbox 738 381 2068 434">
    <p class='ocr_par' dir='ltr' id='par_1_6' title="bbox 738 381 2068 434">
     <span class='ocr_line' id='line_1_6' title="bbox 738 381 2068 434; baseline 0.006 -9"><span class='ocrx_word' id='word_1_10' title='bbox 738 381 811 425; x_wconf 93' lang='lat' dir='ltr'><strong>DE</strong></span> <span class='ocrx_word' id='word_1_11' title='bbox 846 382 1140 429; x_wconf 86' lang='lat' dir='ltr'><strong>EPISTOLA</strong></span> <span class='ocrx_word' id='word_1_12' title='bbox 1165 384 1372 430; x_wconf 88' lang='lat' dir='ltr'><strong>SANCTI</strong></span> <span class='ocrx_word' id='word_1_13' title='bbox 1414 384 1705 430; x_wconf 66' lang='lat' dir='ltr'><strong>BARNABIE</strong></span> <span class='ocrx_word' id='word_1_14' title='bbox 1752 386 2068 434; x_wconf 85' lang='lat' dir='ltr'><strong>APOSTOLI.</strong></span> 
     </span>
    </p>
   </div>
   <div class='ocr_carea' id='block_1_7' title="bbox 1400 545 1440 588">
    <p class='ocr_par' dir='ltr' id='par_1_7' title="bbox 1400 545 1440 588">
     <span class='ocr_line' id='line_1_7' title="bbox 1400 545 1440 588; baseline 0 0"><span class='ocrx_word' id='word_1_15' title='bbox 1400 545 1440 588; x_wconf 89' lang='grc' dir='ltr'><strong>Ι.</strong></span> 
     </span>
    </p>
   </div>
   <div class='ocr_carea' id='block_1_8' title="bbox 714 639 2102 684">
    <p class='ocr_par' dir='ltr' id='par_1_8' title="bbox 714 639 2102 684">
     <span class='ocr_line' id='line_1_8' title="bbox 714 639 2102 684; baseline 0.002 -13"><span class='ocrx_word' id='word_1_16' title='bbox 714 642 722 679; x_wconf 94' lang='grc'>(</span> <span class='ocrx_word' id='word_1_17' title='bbox 743 641 770 672; x_wconf 83' lang='lat' dir='ltr'><strong>J.</strong></span> <span class='ocrx_word' id='word_1_18' title='bbox 787 641 822 671; x_wconf 86' lang='lat' dir='ltr'><strong>B.</strong></span> <span class='ocrx_word' id='word_1_19' title='bbox 851 639 1112 678; x_wconf 76' lang='lat' dir='ltr'><strong>COTELERIUS,</strong></span> <span class='ocrx_word' id='word_1_20' title='bbox 1143 641 1252 672; x_wconf 81' lang='lat' dir='ltr'><strong>Patres</strong></span> <span class='ocrx_word' id='word_1_21' title='bbox 1279 640 1466 680; x_wconf 79' lang='lat' dir='ltr'><strong>Apostolici,</strong></span> <span class='ocrx_word' id='word_1_22' title='bbox 1487 645 1507 671; x_wconf 85' lang='lat' dir='ltr'><strong>t.</strong></span> <span class='ocrx_word' id='word_1_23' title='bbox 1525 642 1552 678; x_wconf 87' lang='grc' dir='ltr'>Ι,</span> <span class='ocrx_word' id='word_1_24' title='bbox 1571 651 1600 681; x_wconf 87' lang='lat' dir='ltr'><strong>p.</strong></span> <span class='ocrx_word' id='word_1_25' title='bbox 1627 643 1656 680; x_wconf 82' lang='lat'><strong>5,</strong></span> <span class='ocrx_word' id='word_1_26' title='bbox 1686 643 1736 673; x_wconf 90' lang='lat' dir='ltr'><strong>ed.</strong></span> <span class='ocrx_word' id='word_1_27' title='bbox 1754 643 1981 674; x_wconf 70' lang='lat' dir='ltr'><strong>Amstelodami</strong></span> <span class='ocrx_word' id='word_1_28' title='bbox 1998 644 2102 684; x_wconf 63' lang='lat'><strong>17%.)</strong></span> 
     </span>
    </p>
   </div>
   <div class='ocr_carea' id='block_1_9' title="bbox 634 797 2214 837">
    <p class='ocr_par' dir='ltr' id='par_1_9' title="bbox 634 797 2214 837">
     <span class='ocr_line' id='line_1_9' title="bbox 634 797 2214 837; baseline 0.005 -14"><span class='ocrx_word' id='word_1_29' title='bbox 634 797 669 824; x_wconf 85' lang='lat' dir='ltr'><strong>De</strong></span> <span class='ocrx_word' id='word_1_30' title='bbox 683 798 738 824; x_wconf 68' lang='lat' dir='ltr'><strong>vita</strong></span> <span class='ocrx_word' id='word_1_31' title='bbox 752 803 775 824; x_wconf 88' lang='lat' dir='ltr'><strong>et</strong></span> <span class='ocrx_word' id='word_1_32' title='bbox 790 798 893 824; x_wconf 78' lang='lat' dir='ltr'><strong>nomine</strong></span> <span class='ocrx_word' id='word_1_33' title='bbox 910 797 1050 825; x_wconf 69' lang='lat' dir='ltr'><strong>Barnabas.</strong></span> <span class='ocrx_word' id='word_1_34' title='bbox 1077 797 1205 826; x_wconf 79' lang='lat' dir='ltr'><strong>Refertur</strong></span> <span class='ocrx_word' id='word_1_35' title='bbox 1225 807 1239 826; x_wconf 86' lang='lat' dir='ltr'><strong>a</strong></span> <span class='ocrx_word' id='word_1_36' title='bbox 1257 799 1285 827; x_wconf 84' lang='grc' dir='ltr'><strong>Β.</strong></span> <span class='ocrx_word' id='word_1_37' title='bbox 1304 799 1374 827; x_wconf 83' lang='lat' dir='ltr'><strong>Luca</strong></span> <span class='ocrx_word' id='word_1_38' title='bbox 1390 806 1412 832; x_wconf 72' lang='grc' dir='ltr'>Α</span> <span class='ocrx_word' id='word_1_39' title='bbox 1429 801 1572 829; x_wconf 83' lang='lat' dir='ltr'><strong>scribens:</strong></span> <span class='ocrx_word' id='word_1_40' title='bbox 1589 802 1626 828; x_wconf 80' lang='lat' dir='ltr'><strong>Ab</strong></span> <span class='ocrx_word' id='word_1_41' title='bbox 1641 802 1767 836; x_wconf 73' lang='lat' dir='ltr'><strong>apostolis</strong></span> <span class='ocrx_word' id='word_1_42' title='bbox 1781 801 1920 829; x_wconf 73' lang='lat' dir='ltr'><strong>Barnabas</strong></span> <span class='ocrx_word' id='word_1_43' title='bbox 1934 802 1972 829; x_wconf 81' lang='lat' dir='ltr'><strong>uel</strong></span> <span class='ocrx_word' id='word_1_44' title='bbox 1987 812 1996 828; x_wconf 82' lang='grc' dir='ltr'>ι</span> <span class='ocrx_word' id='word_1_45' title='bbox 2007 802 2081 837; x_wconf 84' lang='lat' dir='ltr'><strong>[ilius</strong></span> <span class='ocrx_word' id='word_1_46' title='bbox 2094 806 2214 831; x_wconf 84' lang='lat' dir='ltr'><strong>consola-</strong></span> 
     </span>
    </p>
   </div>
   <div class='ocr_carea' id='block_1_10' title="bbox 593 842 1376 880">
    <p class='ocr_par' dir='ltr' id='par_1_10' title="bbox 593 842 1376 880">
     <span class='ocr_line' id='line_1_10' title="bbox 593 842 1376 880; baseline 0.004 -10"><span class='ocrx_word' id='word_1_47' title='bbox 593 842 683 871; x_wconf 84' lang='lat' dir='ltr'><strong>Josem</strong></span> <span class='ocrx_word' id='word_1_48' title='bbox 700 851 748 871; x_wconf 91' lang='lat' dir='ltr'><strong>seu</strong></span> <span class='ocrx_word' id='word_1_49' title='bbox 769 843 917 878; x_wconf 86' lang='lat' dir='ltr'><strong>Josephum</strong></span> <span class='ocrx_word' id='word_1_50' title='bbox 931 865 937 876; x_wconf 90' lang='lat'><strong>,</strong></span> <span class='ocrx_word' id='word_1_51' title='bbox 965 843 1083 872; x_wconf 89' lang='lat' dir='ltr'><strong>Levitam</strong></span> <span class='ocrx_word' id='word_1_52' title='bbox 1096 865 1104 878; x_wconf 90' lang='lat'><strong>,</strong></span> <span class='ocrx_word' id='word_1_53' title='bbox 1126 853 1224 880; x_wconf 76' lang='lat' dir='ltr'><strong>genere</strong></span> <span class='ocrx_word' id='word_1_54' title='bbox 1247 845 1376 880; x_wconf 80' lang='lat' dir='ltr'><strong>Cyprium</strong></span> 
     </span>
    </p>
   </div>
   <div class='ocr_carea' id='block_1_11' title="bbox 594 889 1378 926">
    <p class='ocr_par' dir='ltr' id='par_1_11' title="bbox 594 889 1378 926">
     <span class='ocr_line' id='line_1_11' title="bbox 594 889 1378 926; baseline 0.003 -9"><span class='ocrx_word' id='word_1_55' title='bbox 594 889 742 918; x_wconf 88' lang='lat' dir='ltr'><strong>exstitisse.</strong></span> <span class='ocrx_word' id='word_1_56' title='bbox 762 889 871 917; x_wconf 75' lang='lat' dir='ltr'><strong>Scilicet</strong></span> <span class='ocrx_word' id='word_1_57' title='bbox 893 897 925 917; x_wconf 84' lang='lat' dir='ltr'><strong>ea</strong></span> <span class='ocrx_word' id='word_1_58' title='bbox 948 889 974 916; x_wconf 94' lang='lat' dir='ltr'><strong>in</strong></span> <span class='ocrx_word' id='word_1_59' title='bbox 999 891 1088 918; x_wconf 84' lang='lat' dir='ltr'><strong>insula</strong></span> <span class='ocrx_word' id='word_1_60' title='bbox 1110 891 1220 925; x_wconf 87' lang='lat' dir='ltr'><strong>plurimi</strong></span> <span class='ocrx_word' id='word_1_61' title='bbox 1245 891 1378 926; x_wconf 77' lang='lat' dir='ltr'><strong>degebant</strong></span> 
     </span>
    </p>
   </div>
   <div class='ocr_carea' id='block_1_12' title="bbox 593 935 1377 972">
    <p class='ocr_par' dir='ltr' id='par_1_12' title="bbox 593 935 1377 972">
     <span class='ocr_line' id='line_1_12' title="bbox 593 935 1377 972; baseline 0.003 -10"><span class='ocrx_word' id='word_1_62' title='bbox 593 935 679 963; x_wconf 71' lang='lat' dir='ltr'><strong>Judaei</strong></span> <span class='ocrx_word' id='word_1_63' title='bbox 696 945 702 962; x_wconf 89' lang='lat'><strong>:</strong></span> <span class='ocrx_word' id='word_1_64' title='bbox 718 944 734 963; x_wconf 90' lang='lat' dir='ltr'><strong>a</strong></span> <span class='ocrx_word' id='word_1_65' title='bbox 751 935 851 970; x_wconf 87' lang='lat' dir='ltr'><strong>quibus</strong></span> <span class='ocrx_word' id='word_1_66' title='bbox 875 941 968 970; x_wconf 84' lang='lat' dir='ltr'><strong>postea</strong></span> <span class='ocrx_word' id='word_1_67' title='bbox 979 957 986 969; x_wconf 96' lang='lat'><strong>,</strong></span> <span class='ocrx_word' id='word_1_68' title='bbox 1009 936 1161 971; x_wconf 79' lang='lat' dir='ltr'><strong>imperante</strong></span> <span class='ocrx_word' id='word_1_69' title='bbox 1184 936 1321 972; x_wconf 85' lang='lat' dir='ltr'><strong>Trajano,</strong></span> <span class='ocrx_word' id='word_1_70' title='bbox 1338 938 1377 965; x_wconf 87' lang='lat' dir='ltr'><strong>uti</strong></span> 
     </span>
    </p>
   </div>
   <div class='ocr_carea' id='block_1_13' title="bbox 593 981 1377 1016">
    <p class='ocr_par' dir='ltr' id='par_1_13' title="bbox 593 981 1377 1016">
     <span class='ocr_line' id='line_1_13' title="bbox 593 981 1377 1016; baseline 0.001 -8"><span class='ocrx_word' id='word_1_71' title='bbox 593 981 725 1009; x_wconf 83' lang='lat' dir='ltr'><strong>discimus</strong></span> <span class='ocrx_word' id='word_1_72' title='bbox 739 989 787 1016; x_wconf 89' lang='lat' dir='ltr'><strong>per</strong></span> <span class='ocrx_word' id='word_1_73' title='bbox 800 981 914 1008; x_wconf 81' lang='lat' dir='ltr'><strong>Dionem</strong></span> <span class='ocrx_word' id='word_1_74' title='bbox 925 981 1050 1008; x_wconf 87' lang='lat' dir='ltr'><strong>Cassium</strong></span> <span class='ocrx_word' id='word_1_75' title='bbox 1067 981 1095 1007; x_wconf 91' lang='lat' dir='ltr'><strong>in</strong></span> <span class='ocrx_word' id='word_1_76' title='bbox 1108 981 1226 1009; x_wconf 76' lang='lat' dir='ltr'><strong>Historia</strong></span> <span class='ocrx_word' id='word_1_77' title='bbox 1237 982 1310 1009; x_wconf 86' lang='lat' dir='ltr'><strong>illius</strong></span> <span class='ocrx_word' id='word_1_78' title='bbox 1326 983 1377 1009; x_wconf 93' lang='lat' dir='ltr'><strong>im-</strong></span> 
     </span>
    </p>
   </div>
   <div class='ocr_carea' id='block_1_14' title="bbox 592 1025 1376 1062">
    <p class='ocr_par' dir='ltr' id='par_1_14' title="bbox 592 1025 1376 1062">
     <span class='ocr_line' id='line_1_14' title="bbox 592 1025 1376 1062; baseline 0.003 -9"><span class='ocrx_word' id='word_1_79' title='bbox 592 1027 738 1061; x_wconf 84' lang='lat' dir='ltr'><strong>peratoris,</strong></span> <span class='ocrx_word' id='word_1_80' title='bbox 752 1025 898 1054; x_wconf 87' lang='lat' dir='ltr'><strong>Eusebium</strong></span> <span class='ocrx_word' id='word_1_81' title='bbox 911 1026 937 1053; x_wconf 94' lang='lat' dir='ltr'><strong>in</strong></span> <span class='ocrx_word' id='word_1_82' title='bbox 958 1026 1100 1059; x_wconf 84' lang='lat' dir='ltr'><strong>Chronico,</strong></span> <span class='ocrx_word' id='word_1_83' title='bbox 1111 1026 1249 1059; x_wconf 85' lang='lat' dir='ltr'><strong>Orosium,</strong></span> <span class='ocrx_word' id='word_1_84' title='bbox 1265 1027 1313 1055; x_wconf 90' lang='lat' dir='ltr'><strong>lib.</strong></span> <span class='ocrx_word' id='word_1_85' title='bbox 1327 1036 1376 1062; x_wconf 86' lang='lat' dir='ltr'><strong>vn,</strong></span> 
     </span>
    </p>
   </div>
   <div class='ocr_carea' id='block_1_15' title="bbox 592 1072 1375 1108">
    <p class='ocr_par' dir='ltr' id='par_1_15' title="bbox 592 1072 1375 1108">
     <span class='ocr_line' id='line_1_15' title="bbox 592 1072 1375 1108; baseline 0.003 -10"><span class='ocrx_word' id='word_1_86' title='bbox 592 1079 652 1106; x_wconf 79' lang='lat' dir='ltr'><strong>cap.</strong></span> <span class='ocrx_word' id='word_1_87' title='bbox 661 1072 704 1105; x_wconf 74' lang='grc'><strong>12,</strong></span> <span class='ocrx_word' id='word_1_88' title='bbox 717 1076 798 1107; x_wconf 83' lang='lat' dir='ltr'><strong>atque</strong></span> <span class='ocrx_word' id='word_1_89' title='bbox 807 1072 890 1107; x_wconf 85' lang='lat' dir='ltr'><strong>hujus</strong></span> <span class='ocrx_word' id='word_1_90' title='bbox 897 1072 1041 1105; x_wconf 83' lang='lat' dir='ltr'><strong>asseclam,</strong></span> <span class='ocrx_word' id='word_1_91' title='bbox 1052 1072 1375 1108; x_wconf 82' lang='lat' dir='ltr'><strong>pseudo-Hieronymum,</strong></span> 
     </span>
    </p>
   </div>
   <div class='ocr_carea' id='block_1_16' title="bbox 592 1118 1377 1154">
    <p class='ocr_par' dir='ltr' id='par_1_16' title="bbox 592 1118 1377 1154">
     <span class='ocr_line' id='line_1_16' title="bbox 592 1118 1377 1154; baseline 0.005 -10"><span class='ocrx_word' id='word_1_92' title='bbox 592 1123 708 1146; x_wconf 82' lang='lat' dir='ltr'><strong>tractatu</strong></span> <span class='ocrx_word' id='word_1_93' title='bbox 723 1119 757 1145; x_wconf 84' lang='lat' dir='ltr'><strong>de</strong></span> <span class='ocrx_word' id='word_1_94' title='bbox 770 1118 838 1146; x_wconf 87' lang='lat' dir='ltr'><strong>locis</strong></span> <span class='ocrx_word' id='word_1_95' title='bbox 850 1126 883 1146; x_wconf 81' lang='lat' dir='ltr'><strong>ex</strong></span> <span class='ocrx_word' id='word_1_96' title='bbox 895 1119 971 1146; x_wconf 90' lang='lat' dir='ltr'><strong>Actis</strong></span> <span class='ocrx_word' id='word_1_97' title='bbox 985 1119 1171 1154; x_wconf 72' lang='lat' dir='ltr'><strong>apostolorum</strong></span> <span class='ocrx_word' id='word_1_98' title='bbox 1181 1140 1189 1153; x_wconf 87' lang='lat'><strong>,</strong></span> <span class='ocrx_word' id='word_1_99' title='bbox 1206 1120 1310 1148; x_wconf 87' lang='lat' dir='ltr'><strong>inﬁnita</strong></span> <span class='ocrx_word' id='word_1_100' title='bbox 1327 1121 1377 1148; x_wconf 65' lang='lat' dir='ltr'><strong>ho«</strong></span> 
     </span>
    </p>
   </div>
   <div class='ocr_carea' id='block_1_17' title="bbox 592 1163 1375 1200">
    <p class='ocr_par' dir='ltr' id='par_1_17' title="bbox 592 1163 1375 1200">
     <span class='ocr_line' id='line_1_17' title="bbox 592 1163 1375 1200; baseline 0.003 -9"><span class='ocrx_word' id='word_1_101' title='bbox 592 1165 696 1191; x_wconf 91' lang='lat' dir='ltr'><strong>minum</strong></span> <span class='ocrx_word' id='word_1_102' title='bbox 715 1164 862 1192; x_wconf 89' lang='lat' dir='ltr'><strong>multitudo</strong></span> <span class='ocrx_word' id='word_1_103' title='bbox 873 1163 996 1199; x_wconf 72' lang='lat' dir='ltr'><strong>iugulata</strong></span> <span class='ocrx_word' id='word_1_104' title='bbox 1016 1163 1086 1197; x_wconf 84' lang='lat' dir='ltr'><strong>fuit,</strong></span> <span class='ocrx_word' id='word_1_105' title='bbox 1112 1164 1232 1200; x_wconf 87' lang='lat' dir='ltr'><strong>urbsque</strong></span> <span class='ocrx_word' id='word_1_106' title='bbox 1248 1165 1375 1198; x_wconf 79' lang='lat' dir='ltr'><strong>Salamis,</strong></span> 
     </span>
    </p>
   </div>
   <div class='ocr_carea' id='block_1_18' title="bbox 591 1209 1377 1245">
    <p class='ocr_par' dir='ltr' id='par_1_18' title="bbox 591 1209 1377 1245">
     <span class='ocr_line' id='line_1_18' title="bbox 591 1209 1377 1245; baseline 0.003 -9"><span class='ocrx_word' id='word_1_107' title='bbox 591 1210 741 1245; x_wconf 85' lang='lat' dir='ltr'><strong>peremptis</strong></span> <span class='ocrx_word' id='word_1_108' title='bbox 756 1210 884 1238; x_wconf 91' lang='lat' dir='ltr'><strong>omnibus</strong></span> <span class='ocrx_word' id='word_1_109' title='bbox 900 1209 999 1238; x_wconf 83' lang='lat' dir='ltr'><strong>incolis</strong></span> <span class='ocrx_word' id='word_1_110' title='bbox 1011 1230 1019 1242; x_wconf 88' lang='lat'><strong>,</strong></span> <span class='ocrx_word' id='word_1_111' title='bbox 1044 1210 1168 1238; x_wconf 88' lang='lat' dir='ltr'><strong>funditus</strong></span> <span class='ocrx_word' id='word_1_112' title='bbox 1182 1218 1287 1238; x_wconf 89' lang='lat' dir='ltr'><strong>eversa.</strong></span> <span class='ocrx_word' id='word_1_113' title='bbox 1307 1211 1377 1239; x_wconf 87' lang='lat' dir='ltr'><strong>Dicit</strong></span> 
     </span>
    </p>
   </div>
   <div class='ocr_carea' id='block_1_19' title="bbox 591 1256 1377 1292">
    <p class='ocr_par' dir='ltr' id='par_1_19' title="bbox 591 1256 1377 1292">
     <span class='ocr_line' id='line_1_19' title="bbox 591 1256 1377 1292; baseline 0.001 -8"><span class='ocrx_word' id='word_1_114' title='bbox 591 1257 671 1284; x_wconf 86' lang='lat' dir='ltr'><strong>etiam</strong></span> <span class='ocrx_word' id='word_1_115' title='bbox 689 1256 778 1284; x_wconf 88' lang='lat' dir='ltr'><strong>Lucas</strong></span> <span class='ocrx_word' id='word_1_116' title='bbox 790 1256 881 1285; x_wconf 80' lang='lat' dir='ltr'><strong>Josem</strong></span> <span class='ocrx_word' id='word_1_117' title='bbox 893 1264 1044 1292; x_wconf 77' lang='lat' dir='ltr'><strong>cognomen</strong></span> <span class='ocrx_word' id='word_1_118' title='bbox 1055 1256 1187 1284; x_wconf 63' lang='lat' dir='ltr'><strong>Barnabas</strong></span> <span class='ocrx_word' id='word_1_119' title='bbox 1199 1257 1233 1284; x_wconf 83' lang='lat' dir='ltr'><strong>ab</strong></span> <span class='ocrx_word' id='word_1_120' title='bbox 1246 1257 1377 1292; x_wconf 81' lang='lat' dir='ltr'><strong>apostolis</strong></span> 
     </span>
    </p>
   </div>
   <div class='ocr_carea' id='block_1_20' title="bbox 591 1302 1375 1338">
    <p class='ocr_par' dir='ltr' id='par_1_20' title="bbox 591 1302 1375 1338">
     <span class='ocr_line' id='line_1_20' title="bbox 591 1302 1375 1338; baseline 0 -8"><span class='ocrx_word' id='word_1_121' title='bbox 591 1303 689 1330; x_wconf 83' lang='lat' dir='ltr'><strong>tulisse</strong></span> <span class='ocrx_word' id='word_1_122' title='bbox 705 1303 771 1337; x_wconf 91' lang='lat' dir='ltr'><strong>(quo</strong></span> <span class='ocrx_word' id='word_1_123' title='bbox 785 1303 954 1338; x_wconf 78' lang='lat' dir='ltr'><strong>signiﬁcetur</strong></span> <span class='ocrx_word' id='word_1_124' title='bbox 967 1302 1025 1334; x_wconf 73' lang='grc' dir='ltr'>υἱὸς</span> <span class='ocrx_word' id='word_1_125' title='bbox 1039 1302 1237 1338; x_wconf 84' lang='grc' dir='ltr'>παρακλήσεως</span> <span class='ocrx_word' id='word_1_126' title='bbox 1247 1322 1254 1334; x_wconf 83' lang='grc'>,</span> <span class='ocrx_word' id='word_1_127' title='bbox 1278 1302 1306 1329; x_wconf 90' lang='lat' dir='ltr'><strong>id</strong></span> <span class='ocrx_word' id='word_1_128' title='bbox 1320 1308 1375 1336; x_wconf 86' lang='lat' dir='ltr'><strong>est,</strong></span> 
     </span>
    </p>
   </div>
   <div class='ocr_carea' id='block_1_21' title="bbox 591 1347 1376 1384">
    <p class='ocr_par' dir='ltr' id='par_1_21' title="bbox 591 1347 1376 1384">
     <span class='ocr_line' id='line_1_21' title="bbox 591 1347 1376 1384; baseline 0 -8"><span class='ocrx_word' id='word_1_129' title='bbox 591 1349 664 1384; x_wconf 83' lang='lat' dir='ltr'><strong>filius</strong></span> <span class='ocrx_word' id='word_1_130' title='bbox 677 1349 867 1376; x_wconf 83' lang='lat' dir='ltr'><strong>consolationis</strong></span> <span class='ocrx_word' id='word_1_131' title='bbox 880 1353 906 1375; x_wconf 83' lang='lat' dir='ltr'><strong>et</strong></span> <span class='ocrx_word' id='word_1_132' title='bbox 918 1348 1122 1375; x_wconf 65' lang='lat' dir='ltr'><strong>exhortationis.</strong></span> <span class='ocrx_word' id='word_1_133' title='bbox 1136 1347 1289 1383; x_wconf 86' lang='lat' dir='ltr'><strong>Utrumque</strong></span> <span class='ocrx_word' id='word_1_134' title='bbox 1304 1349 1376 1376; x_wconf 87' lang='lat' dir='ltr'><strong>enim</strong></span> 
     </span>
    </p>
   </div>
   <div class='ocr_carea' id='block_1_22' title="bbox 590 1393 1377 1430">
    <p class='ocr_par' dir='ltr' id='par_1_22' title="bbox 590 1393 1377 1430">
     <span class='ocr_line' id='line_1_22' title="bbox 590 1393 1377 1430; baseline 0.001 -9"><span class='ocrx_word' id='word_1_135' title='bbox 590 1395 790 1430; x_wconf 81' lang='grc' dir='ltr'>παρακλήσεως</span> <span class='ocrx_word' id='word_1_136' title='bbox 807 1395 938 1427; x_wconf 88' lang='lat' dir='ltr'><strong>denotat;</strong></span> <span class='ocrx_word' id='word_1_137' title='bbox 963 1394 1089 1428; x_wconf 87' lang='lat' dir='ltr'><strong>quamvis</strong></span> <span class='ocrx_word' id='word_1_138' title='bbox 1109 1393 1140 1420; x_wconf 81' lang='grc' dir='ltr'><strong>Β.</strong></span> <span class='ocrx_word' id='word_1_139' title='bbox 1163 1393 1328 1429; x_wconf 82' lang='lat' dir='ltr'><strong>Hieronymo</strong></span> <span class='ocrx_word' id='word_1_140' title='bbox 1343 1394 1377 1422; x_wconf 88' lang='lat' dir='ltr'><strong>ad</strong></span> 
     </span>
    </p>
   </div>
   <div class='ocr_carea' id='block_1_23' title="bbox 592 1439 1375 1475">
    <p class='ocr_par' dir='ltr' id='par_1_23' title="bbox 592 1439 1375 1475">
     <span class='ocr_line' id='line_1_23' title="bbox 592 1439 1375 1475; baseline -0.003 -7"><span class='ocrx_word' id='word_1_141' title='bbox 592 1441 646 1468; x_wconf 90' lang='lat' dir='ltr'><strong>Titi</strong></span> <span class='ocrx_word' id='word_1_142' title='bbox 663 1449 692 1473; x_wconf 93' lang='grc' dir='ltr'><strong>ιι,</strong></span> <span class='ocrx_word' id='word_1_143' title='bbox 709 1441 760 1473; x_wconf 80' lang='grc'><strong>15,</strong></span> <span class='ocrx_word' id='word_1_144' title='bbox 778 1440 863 1475; x_wconf 77' lang='lat' dir='ltr'><strong>magis</strong></span> <span class='ocrx_word' id='word_1_145' title='bbox 877 1439 1094 1467; x_wconf 86' lang='lat' dir='ltr'><strong>consolationem</strong></span> <span class='ocrx_word' id='word_1_146' title='bbox 1110 1447 1191 1474; x_wconf 89' lang='lat' dir='ltr'><strong>quam</strong></span> <span class='ocrx_word' id='word_1_147' title='bbox 1207 1439 1375 1467; x_wconf 83' lang='lat' dir='ltr'><strong>exhortatio-</strong></span> 
     </span>
    </p>
   </div>
   <div class='ocr_carea' id='block_1_24' title="bbox 590 1485 1376 1520">
    <p class='ocr_par' dir='ltr' id='par_1_24' title="bbox 590 1485 1376 1520">
     <span class='ocr_line' id='line_1_24' title="bbox 590 1485 1376 1520; baseline -0.003 -5"><span class='ocrx_word' id='word_1_148' title='bbox 590 1495 654 1515; x_wconf 90' lang='lat' dir='ltr'><strong>nem</strong></span> <span class='ocrx_word' id='word_1_149' title='bbox 667 1491 755 1514; x_wconf 89' lang='lat' dir='ltr'><strong>sonet.</strong></span> <span class='ocrx_word' id='word_1_150' title='bbox 768 1485 862 1513; x_wconf 80' lang='lat' dir='ltr'><strong>Tradit</strong></span> <span class='ocrx_word' id='word_1_151' title='bbox 877 1485 976 1520; x_wconf 88' lang='lat' dir='ltr'><strong>quippe</strong></span> <span class='ocrx_word' id='word_1_152' title='bbox 990 1489 1101 1512; x_wconf 86' lang='lat' dir='ltr'><strong>sanctus</strong></span> <span class='ocrx_word' id='word_1_153' title='bbox 1113 1485 1293 1520; x_wconf 79' lang='lat' dir='ltr'><strong>Augustinus,</strong></span> <span class='ocrx_word' id='word_1_154' title='bbox 1308 1485 1376 1513; x_wconf 82' lang='lat' dir='ltr'><strong>alios</strong></span> 
     </span>
    </p>
   </div>
   <div class='ocr_carea' id='block_1_25' title="bbox 589 1530 1377 1568">
    <p class='ocr_par' dir='ltr' id='par_1_25' title="bbox 589 1530 1377 1568">
     <span class='ocr_line' id='line_1_25' title="bbox 589 1530 1377 1568; baseline -0.004 -8"><span class='ocrx_word' id='word_1_155' title='bbox 589 1533 704 1560; x_wconf 85' lang='lat' dir='ltr'><strong>verbum</strong></span> <span class='ocrx_word' id='word_1_156' title='bbox 716 1531 900 1568; x_wconf 76' lang='grc' dir='ltr'><strong>παρεκλήθην,</strong></span> <span class='ocrx_word' id='word_1_157' title='bbox 910 1531 978 1565; x_wconf 92' lang='lat' dir='ltr'><strong>psal.</strong></span> <span class='ocrx_word' id='word_1_158' title='bbox 992 1537 1087 1563; x_wconf 82' lang='lat' dir='ltr'><strong>cxvm,</strong></span> <span class='ocrx_word' id='word_1_159' title='bbox 1102 1531 1147 1563; x_wconf 73' lang='lat'><strong>52,</strong></span> <span class='ocrx_word' id='word_1_160' title='bbox 1160 1530 1272 1558; x_wconf 86' lang='lat' dir='ltr'><strong>vertisse</strong></span> <span class='ocrx_word' id='word_1_161' title='bbox 1285 1539 1377 1557; x_wconf 83' lang='lat' dir='ltr'><strong>conso-</strong></span> 
     </span>
    </p>
   </div>
   <div class='ocr_carea' id='block_1_26' title="bbox 590 1575 1378 1612">
    <p class='ocr_par' dir='ltr' id='par_1_26' title="bbox 590 1575 1378 1612">
     <span class='ocr_line' id='line_1_26' title="bbox 590 1575 1378 1612; baseline -0.001 -6"><span class='ocrx_word' id='word_1_162' title='bbox 590 1580 661 1606; x_wconf 82' lang='lat' dir='ltr'><strong>latus</strong></span> <span class='ocrx_word' id='word_1_163' title='bbox 676 1586 749 1611; x_wconf 82' lang='lat' dir='ltr'><strong>sum,</strong></span> <span class='ocrx_word' id='word_1_164' title='bbox 765 1578 833 1605; x_wconf 88' lang='lat' dir='ltr'><strong>alios</strong></span> <span class='ocrx_word' id='word_1_165' title='bbox 849 1576 1002 1604; x_wconf 71' lang='lat' dir='ltr'><strong>exhortatus</strong></span> <span class='ocrx_word' id='word_1_166' title='bbox 1017 1584 1086 1604; x_wconf 79' lang='lat' dir='ltr'><strong>sum.</strong></span> <span class='ocrx_word' id='word_1_167' title='bbox 1105 1575 1139 1603; x_wconf 83' lang='lat' dir='ltr'><strong>Et</strong></span> <span class='ocrx_word' id='word_1_168' title='bbox 1152 1581 1269 1612; x_wconf 87' lang='lat' dir='ltr'><strong>utraque</strong></span> <span class='ocrx_word' id='word_1_169' title='bbox 1286 1577 1378 1605; x_wconf 89' lang='lat' dir='ltr'><strong>versio</strong></span> 
     </span>
    </p>
   </div>
   <div class='ocr_carea' id='block_1_27' title="bbox 590 1621 1376 1657">
    <p class='ocr_par' dir='ltr' id='par_1_27' title="bbox 590 1621 1376 1657">
     <span class='ocr_line' id='line_1_27' title="bbox 590 1621 1376 1657; baseline -0.003 -7"><span class='ocrx_word' id='word_1_170' title='bbox 590 1623 712 1651; x_wconf 88' lang='lat' dir='ltr'><strong>cernitur</strong></span> <span class='ocrx_word' id='word_1_171' title='bbox 729 1623 755 1649; x_wconf 90' lang='lat' dir='ltr'><strong>in</strong></span> <span class='ocrx_word' id='word_1_172' title='bbox 773 1621 801 1649; x_wconf 91' lang='lat' dir='ltr'><strong>S.</strong></span> <span class='ocrx_word' id='word_1_173' title='bbox 817 1621 938 1655; x_wconf 81' lang='lat' dir='ltr'><strong>Hilario;</strong></span> <span class='ocrx_word' id='word_1_174' title='bbox 953 1621 1000 1656; x_wconf 90' lang='lat' dir='ltr'><strong>qui</strong></span> <span class='ocrx_word' id='word_1_175' title='bbox 1015 1621 1049 1649; x_wconf 90' lang='lat' dir='ltr'><strong>ad</strong></span> <span class='ocrx_word' id='word_1_176' title='bbox 1064 1621 1185 1656; x_wconf 85' lang='lat' dir='ltr'><strong>ejusdem</strong></span> <span class='ocrx_word' id='word_1_177' title='bbox 1202 1621 1299 1657; x_wconf 82' lang='lat' dir='ltr'><strong>psalmi</strong></span> <span class='ocrx_word' id='word_1_178' title='bbox 1315 1629 1376 1650; x_wconf 86' lang='lat' dir='ltr'><strong>ver-</strong></span> 
     </span>
    </p>
   </div>
   <div class='ocr_carea' id='block_1_28' title="bbox 590 1666 1376 1704">
    <p class='ocr_par' dir='ltr' id='par_1_28' title="bbox 590 1666 1376 1704">
     <span class='ocr_line' id='line_1_28' title="bbox 590 1666 1376 1704; baseline -0.004 -7"><span class='ocrx_word' id='word_1_179' title='bbox 590 1669 708 1697; x_wconf 74' lang='lat' dir='ltr'><strong>Siculum</strong></span> <span class='ocrx_word' id='word_1_180' title='bbox 725 1668 768 1700; x_wconf 91' lang='lat'><strong>76,</strong></span> <span class='ocrx_word' id='word_1_181' title='bbox 787 1667 834 1694; x_wconf 82' lang='grc' dir='ltr'><strong>τοῦ</strong></span> <span class='ocrx_word' id='word_1_182' title='bbox 850 1667 1040 1704; x_wconf 76' lang='grc' dir='ltr'>παρακαλέσαι</span> <span class='ocrx_word' id='word_1_183' title='bbox 1061 1666 1152 1695; x_wconf 88' lang='lat' dir='ltr'><strong>reddit</strong></span> <span class='ocrx_word' id='word_1_184' title='bbox 1165 1672 1195 1693; x_wconf 86' lang='lat' dir='ltr'><strong>ut</strong></span> <span class='ocrx_word' id='word_1_185' title='bbox 1208 1667 1376 1700; x_wconf 74' lang='lat' dir='ltr'><strong>exhortatur;</strong></span> 
     </span>
    </p>
   </div>
   <div class='ocr_carea' id='block_1_29' title="bbox 589 1712 1377 1750">
    <p class='ocr_par' dir='ltr' id='par_1_29' title="bbox 589 1712 1377 1750">
     <span class='ocr_line' id='line_1_29' title="bbox 589 1712 1377 1750; baseline -0.004 -7"><span class='ocrx_word' id='word_1_186' title='bbox 589 1716 737 1750; x_wconf 89' lang='lat' dir='ltr'><strong>locumque</strong></span> <span class='ocrx_word' id='word_1_187' title='bbox 749 1714 873 1749; x_wconf 84' lang='lat' dir='ltr'><strong>Apostoli</strong></span> <span class='ocrx_word' id='word_1_188' title='bbox 888 1713 909 1741; x_wconf 85' lang='lat' dir='ltr'><strong>ll</strong></span> <span class='ocrx_word' id='word_1_189' title='bbox 931 1713 996 1741; x_wconf 88' lang='lat' dir='ltr'><strong>Cor.</strong></span> <span class='ocrx_word' id='word_1_190' title='bbox 1013 1721 1040 1747; x_wconf 88' lang='grc' dir='ltr'><strong>ι,</strong></span> <span class='ocrx_word' id='word_1_191' title='bbox 1060 1713 1093 1746; x_wconf 81' lang='lat'><strong>&#39;5,</strong></span> <span class='ocrx_word' id='word_1_192' title='bbox 1124 1713 1160 1740; x_wconf 86' lang='lat' dir='ltr'><strong>ita</strong></span> <span class='ocrx_word' id='word_1_193' title='bbox 1175 1712 1253 1740; x_wconf 82' lang='lat' dir='ltr'><strong>eﬁ‘crt</strong></span> <span class='ocrx_word' id='word_1_194' title='bbox 1269 1722 1276 1740; x_wconf 87' lang='lat'><strong>:</strong></span> <span class='ocrx_word' id='word_1_195' title='bbox 1291 1713 1377 1740; x_wconf 82' lang='lat' dir='ltr'><strong>Bene-</strong></span> 
     </span>
    </p>
   </div>
   <div class='ocr_carea' id='block_1_30' title="bbox 590 1758 1378 1793">
    <p class='ocr_par' dir='ltr' id='par_1_30' title="bbox 590 1758 1378 1793">
     <span class='ocr_line' id='line_1_30' title="bbox 590 1758 1378 1793; baseline -0.004 -4"><span class='ocrx_word' id='word_1_196' title='bbox 590 1762 676 1789; x_wconf 78' lang='lat' dir='ltr'><strong>dictus</strong></span> <span class='ocrx_word' id='word_1_197' title='bbox 688 1761 759 1788; x_wconf 83' lang='lat' dir='ltr'><strong>Deus</strong></span> <span class='ocrx_word' id='word_1_198' title='bbox 769 1764 794 1787; x_wconf 87' lang='lat' dir='ltr'><strong>et</strong></span> <span class='ocrx_word' id='word_1_199' title='bbox 801 1759 884 1787; x_wconf 88' lang='lat' dir='ltr'><strong>Pater</strong></span> <span class='ocrx_word' id='word_1_200' title='bbox 893 1759 1001 1786; x_wconf 83' lang='lat' dir='ltr'><strong>Domini</strong></span> <span class='ocrx_word' id='word_1_201' title='bbox 1011 1759 1094 1786; x_wconf 89' lang='lat' dir='ltr'><strong>nostri</strong></span> <span class='ocrx_word' id='word_1_202' title='bbox 1105 1758 1169 1786; x_wconf 89' lang='lat' dir='ltr'><strong>Jesu</strong></span> <span class='ocrx_word' id='word_1_203' title='bbox 1177 1758 1286 1793; x_wconf 75' lang='lat' dir='ltr'><strong>Christi,</strong></span> <span class='ocrx_word' id='word_1_204' title='bbox 1296 1759 1378 1786; x_wconf 80' lang='lat' dir='ltr'><strong>Pater</strong></span> 
     </span>
    </p>
   </div>
   <div class='ocr_carea' id='block_1_31' title="bbox 590 1804 1378 1840">
    <p class='ocr_par' dir='ltr' id='par_1_31' title="bbox 590 1804 1378 1840">
     <span class='ocr_line' id='line_1_31' title="bbox 590 1804 1378 1840; baseline -0.004 -6"><span class='ocrx_word' id='word_1_205' title='bbox 590 1807 798 1840; x_wconf 82' lang='lat' dir='ltr'><strong>miserationum,</strong></span> <span class='ocrx_word' id='word_1_206' title='bbox 820 1810 846 1833; x_wconf 85' lang='lat' dir='ltr'><strong>et</strong></span> <span class='ocrx_word' id='word_1_207' title='bbox 868 1804 939 1832; x_wconf 90' lang='lat' dir='ltr'><strong>Deus</strong></span> <span class='ocrx_word' id='word_1_208' title='bbox 952 1805 1037 1832; x_wconf 84' lang='lat' dir='ltr'><strong>omnis</strong></span> <span class='ocrx_word' id='word_1_209' title='bbox 1052 1805 1254 1838; x_wconf 68' lang='lat' dir='ltr'><strong>exhortationis,</strong></span> <span class='ocrx_word' id='word_1_210' title='bbox 1269 1804 1315 1840; x_wconf 89' lang='lat' dir='ltr'><strong>qui</strong></span> <span class='ocrx_word' id='word_1_211' title='bbox 1331 1811 1378 1832; x_wconf 84' lang='lat' dir='ltr'><strong>ex-</strong></span> 
     </span>
    </p>
   </div>
   <div class='ocr_carea' id='block_1_32' title="bbox 590 1849 1376 1885">
    <p class='ocr_par' dir='ltr' id='par_1_32' title="bbox 590 1849 1376 1885">
     <span class='ocr_line' id='line_1_32' title="bbox 590 1849 1376 1885; baseline -0.005 -5"><span class='ocrx_word' id='word_1_212' title='bbox 590 1854 712 1880; x_wconf 87' lang='lat' dir='ltr'><strong>hortatur</strong></span> <span class='ocrx_word' id='word_1_213' title='bbox 734 1861 781 1880; x_wconf 88' lang='lat' dir='ltr'><strong>nos</strong></span> <span class='ocrx_word' id='word_1_214' title='bbox 804 1852 833 1879; x_wconf 91' lang='lat' dir='ltr'><strong>in</strong></span> <span class='ocrx_word' id='word_1_215' title='bbox 857 1851 929 1878; x_wconf 84' lang='lat' dir='ltr'><strong>omni</strong></span> <span class='ocrx_word' id='word_1_216' title='bbox 957 1849 1138 1877; x_wconf 81' lang='lat' dir='ltr'><strong>tribulatione.</strong></span> <span class='ocrx_word' id='word_1_217' title='bbox 1164 1849 1216 1877; x_wconf 88' lang='lat' dir='ltr'><strong>Ubi</strong></span> <span class='ocrx_word' id='word_1_218' title='bbox 1240 1849 1376 1885; x_wconf 70' lang='lat' dir='ltr'><strong>Vulgata:</strong></span> 
     </span>
    </p>
   </div>
   <div class='ocr_carea' id='block_1_33' title="bbox 589 1894 1378 1931">
    <p class='ocr_par' dir='ltr' id='par_1_33' title="bbox 589 1894 1378 1931">
     <span class='ocr_line' id='line_1_33' title="bbox 589 1894 1378 1931; baseline -0.006 -5"><span class='ocrx_word' id='word_1_219' title='bbox 589 1899 660 1926; x_wconf 82' lang='lat' dir='ltr'><strong>Deus</strong></span> <span class='ocrx_word' id='word_1_220' title='bbox 692 1898 773 1925; x_wconf 85' lang='lat' dir='ltr'><strong>totius</strong></span> <span class='ocrx_word' id='word_1_221' title='bbox 799 1896 1008 1930; x_wconf 83' lang='lat' dir='ltr'><strong>consolationis,</strong></span> <span class='ocrx_word' id='word_1_222' title='bbox 1027 1895 1074 1931; x_wconf 84' lang='lat' dir='ltr'><strong>qui</strong></span> <span class='ocrx_word' id='word_1_223' title='bbox 1095 1894 1249 1922; x_wconf 88' lang='lat' dir='ltr'><strong>consolatur</strong></span> <span class='ocrx_word' id='word_1_224' title='bbox 1271 1902 1318 1922; x_wconf 83' lang='lat' dir='ltr'><strong>nos</strong></span> <span class='ocrx_word' id='word_1_225' title='bbox 1349 1894 1378 1921; x_wconf 87' lang='lat' dir='ltr'><strong>in</strong></span> 
     </span>
    </p>
   </div>
   <div class='ocr_carea' id='block_1_34' title="bbox 590 1940 1375 1976">
    <p class='ocr_par' dir='ltr' id='par_1_34' title="bbox 590 1940 1375 1976">
     <span class='ocr_line' id='line_1_34' title="bbox 590 1940 1375 1976; baseline -0.005 -5"><span class='ocrx_word' id='word_1_226' title='bbox 590 1944 661 1971; x_wconf 89' lang='lat' dir='ltr'><strong>omni</strong></span> <span class='ocrx_word' id='word_1_227' title='bbox 676 1943 846 1970; x_wconf 84' lang='lat' dir='ltr'><strong>tribulatione</strong></span> <span class='ocrx_word' id='word_1_228' title='bbox 861 1947 964 1975; x_wconf 89' lang='lat' dir='ltr'><strong>nostra,</strong></span> <span class='ocrx_word' id='word_1_229' title='bbox 981 1947 1011 1969; x_wconf 90' lang='lat' dir='ltr'><strong>ut</strong></span> <span class='ocrx_word' id='word_1_230' title='bbox 1026 1942 1158 1976; x_wconf 83' lang='lat' dir='ltr'><strong>possimus</strong></span> <span class='ocrx_word' id='word_1_231' title='bbox 1173 1947 1197 1968; x_wconf 89' lang='lat' dir='ltr'><strong>et</strong></span> <span class='ocrx_word' id='word_1_232' title='bbox 1216 1940 1267 1976; x_wconf 87' lang='lat' dir='ltr'><strong>ipsi</strong></span> <span class='ocrx_word' id='word_1_233' title='bbox 1283 1948 1375 1968; x_wconf 84' lang='lat' dir='ltr'><strong>conso-</strong></span> 
     </span>
    </p>
   </div>
   <div class='ocr_carea' id='block_1_35' title="bbox 589 1987 1377 2025">
    <p class='ocr_par' dir='ltr' id='par_1_35' title="bbox 589 1987 1377 2025">
     <span class='ocr_line' id='line_1_35' title="bbox 589 1987 1377 2025; baseline -0.005 -8"><span class='ocrx_word' id='word_1_234' title='bbox 589 1991 642 2017; x_wconf 90' lang='lat' dir='ltr'><strong>lari</strong></span> <span class='ocrx_word' id='word_1_235' title='bbox 652 1998 695 2017; x_wconf 87' lang='lat' dir='ltr'><strong>eos</strong></span> <span class='ocrx_word' id='word_1_236' title='bbox 709 1990 755 2025; x_wconf 90' lang='lat' dir='ltr'><strong>qui</strong></span> <span class='ocrx_word' id='word_1_237' title='bbox 768 1990 797 2016; x_wconf 88' lang='lat' dir='ltr'><strong>in</strong></span> <span class='ocrx_word' id='word_1_238' title='bbox 808 1989 880 2016; x_wconf 91' lang='lat' dir='ltr'><strong>omni</strong></span> <span class='ocrx_word' id='word_1_239' title='bbox 893 1997 1017 2023; x_wconf 77' lang='lat' dir='ltr'><strong>pressura</strong></span> <span class='ocrx_word' id='word_1_240' title='bbox 1029 1992 1102 2022; x_wconf 83' lang='lat' dir='ltr'><strong>sunt,</strong></span> <span class='ocrx_word' id='word_1_241' title='bbox 1113 1996 1159 2023; x_wconf 85' lang='lat' dir='ltr'><strong>per</strong></span> <span class='ocrx_word' id='word_1_242' title='bbox 1169 1987 1377 2014; x_wconf 71' lang='lat' dir='ltr'><strong>exhortationem</strong></span> 
     </span>
    </p>
   </div>
   <div class='ocr_carea' id='block_1_36' title="bbox 589 2033 1378 2071">
    <p class='ocr_par' dir='ltr' id='par_1_36' title="bbox 589 2033 1378 2071">
     <span class='ocr_line' id='line_1_36' title="bbox 589 2033 1378 2071; baseline -0.003 -9"><span class='ocrx_word' id='word_1_243' title='bbox 589 2044 642 2071; x_wconf 89' lang='lat' dir='ltr'><strong>qua</strong></span> <span class='ocrx_word' id='word_1_244' title='bbox 656 2035 827 2062; x_wconf 70' lang='lat' dir='ltr'><strong>exhortamur</strong></span> <span class='ocrx_word' id='word_1_245' title='bbox 844 2039 869 2062; x_wconf 85' lang='lat' dir='ltr'><strong>et</strong></span> <span class='ocrx_word' id='word_1_246' title='bbox 886 2035 937 2070; x_wconf 83' lang='lat' dir='ltr'><strong>ipsi</strong></span> <span class='ocrx_word' id='word_1_247' title='bbox 954 2042 970 2060; x_wconf 91' lang='lat' dir='ltr'><strong>a</strong></span> <span class='ocrx_word' id='word_1_248' title='bbox 985 2033 1050 2067; x_wconf 89' lang='lat' dir='ltr'><strong>Deo,</strong></span> <span class='ocrx_word' id='word_1_249' title='bbox 1075 2038 1128 2060; x_wconf 89' lang='lat' dir='ltr'><strong>etc.</strong></span> <span class='ocrx_word' id='word_1_250' title='bbox 1147 2033 1192 2060; x_wconf 89' lang='lat' dir='ltr'><strong>Sic</strong></span> <span class='ocrx_word' id='word_1_251' title='bbox 1210 2033 1292 2060; x_wconf 87' lang='lat' dir='ltr'><strong>etiam</strong></span> <span class='ocrx_word' id='word_1_252' title='bbox 1306 2033 1378 2068; x_wconf 88' lang='lat' dir='ltr'><strong>apud</strong></span> 
     </span>
    </p>
   </div>
   <div class='ocr_carea' id='block_1_37' title="bbox 589 2078 1375 2114">
    <p class='ocr_par' dir='ltr' id='par_1_37' title="bbox 589 2078 1375 2114">
     <span class='ocr_line' id='line_1_37' title="bbox 589 2078 1375 2114; baseline -0.004 -6"><span class='ocrx_word' id='word_1_253' title='bbox 589 2080 756 2114; x_wconf 79' lang='lat' dir='ltr'><strong>Luciferum,</strong></span> <span class='ocrx_word' id='word_1_254' title='bbox 773 2081 843 2108; x_wconf 89' lang='lat' dir='ltr'><strong>libro</strong></span> <span class='ocrx_word' id='word_1_255' title='bbox 857 2080 895 2107; x_wconf 87' lang='lat' dir='ltr'><strong>De</strong></span> <span class='ocrx_word' id='word_1_256' title='bbox 911 2088 961 2107; x_wconf 90' lang='lat' dir='ltr'><strong>non</strong></span> <span class='ocrx_word' id='word_1_257' title='bbox 976 2080 1148 2106; x_wconf 83' lang='lat' dir='ltr'><strong>conoeniendo</strong></span> <span class='ocrx_word' id='word_1_258' title='bbox 1161 2087 1219 2105; x_wconf 87' lang='lat' dir='ltr'><strong>cum</strong></span> <span class='ocrx_word' id='word_1_259' title='bbox 1235 2078 1375 2112; x_wconf 73' lang='lat' dir='ltr'><strong>hwreticis,</strong></span> 
     </span>
    </p>
   </div>
   <div class='ocr_carea' id='block_1_38' title="bbox 590 2124 1377 2160">
    <p class='ocr_par' dir='ltr' id='par_1_38' title="bbox 590 2124 1377 2160">
     <span class='ocr_line' id='line_1_38' title="bbox 590 2124 1377 2160; baseline -0.005 -5"><span class='ocrx_word' id='word_1_260' title='bbox 590 2128 644 2155; x_wconf 90' lang='lat' dir='ltr'><strong>hoc</strong></span> <span class='ocrx_word' id='word_1_261' title='bbox 657 2127 738 2154; x_wconf 91' lang='lat' dir='ltr'><strong>modo</strong></span> <span class='ocrx_word' id='word_1_262' title='bbox 750 2127 849 2154; x_wconf 84' lang='lat' dir='ltr'><strong>citatur</strong></span> <span class='ocrx_word' id='word_1_263' title='bbox 862 2125 1019 2160; x_wconf 86' lang='lat' dir='ltr'><strong>Apostolus,</strong></span> <span class='ocrx_word' id='word_1_264' title='bbox 1034 2125 1116 2153; x_wconf 87' lang='lat' dir='ltr'><strong>Hebr.</strong></span> <span class='ocrx_word' id='word_1_265' title='bbox 1134 2133 1173 2157; x_wconf 88' lang='lat' dir='ltr'><strong>Ill,</strong></span> <span class='ocrx_word' id='word_1_266' title='bbox 1189 2126 1221 2152; x_wconf 77' lang='grc'><strong>15</strong></span> <span class='ocrx_word' id='word_1_267' title='bbox 1232 2134 1238 2151; x_wconf 84' lang='grc'>;</span> <span class='ocrx_word' id='word_1_268' title='bbox 1250 2124 1301 2152; x_wconf 86' lang='lat' dir='ltr'><strong>Sed</strong></span> <span class='ocrx_word' id='word_1_269' title='bbox 1316 2133 1377 2152; x_wconf 81' lang='lat' dir='ltr'><strong>cott-</strong></span> 
     </span>
    </p>
   </div>
   <div class='ocr_carea' id='block_1_39' title="bbox 590 2167 1412 2206">
    <p class='ocr_par' dir='ltr' id='par_1_39' title="bbox 590 2167 1412 2206">
     <span class='ocr_line' id='line_1_39' title="bbox 590 2167 1412 2206; baseline 0 -8"><span class='ocrx_word' id='word_1_270' title='bbox 590 2172 715 2199; x_wconf 84' lang='lat' dir='ltr'><strong>solumini</strong></span> <span class='ocrx_word' id='word_1_271' title='bbox 738 2173 926 2206; x_wconf 83' lang='lat' dir='ltr'><strong>vosmetipsos,</strong></span> <span class='ocrx_word' id='word_1_272' title='bbox 952 2179 1001 2206; x_wconf 85' lang='lat' dir='ltr'><strong>pro</strong></span> <span class='ocrx_word' id='word_1_273' title='bbox 1023 2178 1078 2206; x_wconf 89' lang='lat' dir='ltr'><strong>quo</strong></span> <span class='ocrx_word' id='word_1_274' title='bbox 1093 2170 1225 2206; x_wconf 81' lang='lat' dir='ltr'><strong>Vulgatus</strong></span> <span class='ocrx_word' id='word_1_275' title='bbox 1242 2171 1377 2206; x_wconf 84' lang='lat' dir='ltr'><strong>interpres</strong></span> <span class='ocrx_word' id='word_1_276' title='bbox 1390 2167 1412 2195; x_wconf 87' lang='lat' dir='ltr'><strong>C</strong></span> 
     </span>
    </p>
   </div>
   <div class='ocr_carea' id='block_1_40' title="bbox 591 2217 1376 2252">
    <p class='ocr_par' dir='ltr' id='par_1_40' title="bbox 591 2217 1376 2252">
     <span class='ocr_line' id='line_1_40' title="bbox 591 2217 1376 2252; baseline -0.001 -7"><span class='ocrx_word' id='word_1_277' title='bbox 591 2218 782 2246; x_wconf 84' lang='lat' dir='ltr'><strong>adhortamini.</strong></span> <span class='ocrx_word' id='word_1_278' title='bbox 797 2217 960 2252; x_wconf 77' lang='lat' dir='ltr'><strong>AGregorio</strong></span> <span class='ocrx_word' id='word_1_279' title='bbox 973 2221 1063 2244; x_wconf 85' lang='lat' dir='ltr'><strong>autem</strong></span> <span class='ocrx_word' id='word_1_280' title='bbox 1074 2217 1256 2250; x_wconf 85' lang='lat' dir='ltr'><strong>Nazianzeno,</strong></span> <span class='ocrx_word' id='word_1_281' title='bbox 1270 2217 1298 2244; x_wconf 93' lang='lat' dir='ltr'><strong>in</strong></span> <span class='ocrx_word' id='word_1_282' title='bbox 1313 2224 1376 2244; x_wconf 84' lang='lat' dir='ltr'><strong>ora-</strong></span> 
     </span>
    </p>
   </div>
   <div class='ocr_carea' id='block_1_41' title="bbox 590 2262 1375 2299">
    <p class='ocr_par' dir='ltr' id='par_1_41' title="bbox 590 2262 1375 2299">
     <span class='ocr_line' id='line_1_41' title="bbox 590 2262 1375 2299; baseline -0.004 -7"><span class='ocrx_word' id='word_1_283' title='bbox 590 2265 665 2292; x_wconf 87' lang='lat' dir='ltr'><strong>tione</strong></span> <span class='ocrx_word' id='word_1_284' title='bbox 678 2264 723 2297; x_wconf 78' lang='lat'><strong>56,</strong></span> <span class='ocrx_word' id='word_1_285' title='bbox 740 2263 914 2299; x_wconf 83' lang='grc' dir='ltr'><strong>παράκλητος</strong></span> <span class='ocrx_word' id='word_1_286' title='bbox 929 2262 1032 2291; x_wconf 79' lang='grc' dir='ltr'>Ηοιιιι.</span> <span class='ocrx_word' id='word_1_287' title='bbox 1045 2271 1081 2296; x_wconf 81' lang='grc' dir='ltr'><strong>ιι,</strong></span> <span class='ocrx_word' id='word_1_288' title='bbox 1095 2264 1110 2290; x_wconf 68' lang='grc'><strong>4</strong></span> <span class='ocrx_word' id='word_1_289' title='bbox 1120 2284 1128 2297; x_wconf 84' lang='grc'><em>,</em></span> <span class='ocrx_word' id='word_1_290' title='bbox 1144 2264 1289 2298; x_wconf 83' lang='lat' dir='ltr'><strong>exponitur</strong></span> <span class='ocrx_word' id='word_1_291' title='bbox 1304 2271 1375 2298; x_wconf 87' lang='grc' dir='ltr'>παρ-</span> 
     </span>
    </p>
   </div>
   <div class='ocr_carea' id='block_1_42' title="bbox 589 2309 1377 2346">
    <p class='ocr_par' dir='ltr' id='par_1_42' title="bbox 589 2309 1377 2346">
     <span class='ocr_line' id='line_1_42' title="bbox 589 2309 1377 2346; baseline -0.003 -8"><span class='ocrx_word' id='word_1_292' title='bbox 589 2311 700 2346; x_wconf 84' lang='grc' dir='ltr'><strong>αινέτης</strong></span> <span class='ocrx_word' id='word_1_293' title='bbox 714 2330 722 2342; x_wconf 92' lang='lat'><strong>,</strong></span> <span class='ocrx_word' id='word_1_294' title='bbox 753 2311 918 2337; x_wconf 77' lang='lat' dir='ltr'><strong>exhortator.</strong></span> <span class='ocrx_word' id='word_1_295' title='bbox 934 2309 1072 2345; x_wconf 83' lang='lat' dir='ltr'><strong>Multaque</strong></span> <span class='ocrx_word' id='word_1_296' title='bbox 1087 2310 1188 2337; x_wconf 82' lang='lat' dir='ltr'><strong>similia</strong></span> <span class='ocrx_word' id='word_1_297' title='bbox 1205 2309 1309 2344; x_wconf 81' lang='lat' dir='ltr'><strong>passim</strong></span> <span class='ocrx_word' id='word_1_298' title='bbox 1334 2316 1377 2336; x_wconf 89' lang='lat' dir='ltr'><strong>re-</strong></span> 
     </span>
    </p>
   </div>
   <div class='ocr_carea' id='block_1_43' title="bbox 589 2355 1376 2392">
    <p class='ocr_par' dir='ltr' id='par_1_43' title="bbox 589 2355 1376 2392">
     <span class='ocr_line' id='line_1_43' title="bbox 589 2355 1376 2392; baseline -0.001 -8"><span class='ocrx_word' id='word_1_299' title='bbox 589 2357 690 2392; x_wconf 88' lang='lat' dir='ltr'><strong>peries.</strong></span> <span class='ocrx_word' id='word_1_300' title='bbox 711 2356 834 2391; x_wconf 89' lang='lat' dir='ltr'><strong>Denique</strong></span> <span class='ocrx_word' id='word_1_301' title='bbox 858 2360 969 2383; x_wconf 87' lang='lat' dir='ltr'><strong>sanctus</strong></span> <span class='ocrx_word' id='word_1_302' title='bbox 987 2355 1150 2383; x_wconf 84' lang='lat' dir='ltr'><strong>Ambrosius</strong></span> <span class='ocrx_word' id='word_1_303' title='bbox 1171 2356 1199 2383; x_wconf 88' lang='lat' dir='ltr'><strong>in</strong></span> <span class='ocrx_word' id='word_1_304' title='bbox 1221 2355 1288 2382; x_wconf 91' lang='lat' dir='ltr'><strong>illud</strong></span> <span class='ocrx_word' id='word_1_305' title='bbox 1304 2355 1376 2390; x_wconf 85' lang='lat' dir='ltr'><strong>psaL</strong></span> 
     </span>
    </p>
   </div>
   <div class='ocr_carea' id='block_1_44' title="bbox 590 2400 1377 2436">
    <p class='ocr_par' dir='ltr' id='par_1_44' title="bbox 590 2400 1377 2436">
     <span class='ocr_line' id='line_1_44' title="bbox 590 2400 1377 2436; baseline -0.003 -7"><span class='ocrx_word' id='word_1_306' title='bbox 590 2410 685 2435; x_wconf 83' lang='lat' dir='ltr'><strong>cxvut,</strong></span> <span class='ocrx_word' id='word_1_307' title='bbox 702 2401 751 2429; x_wconf 86' lang='lat'><strong>76:</strong></span> <span class='ocrx_word' id='word_1_308' title='bbox 762 2401 796 2429; x_wconf 88' lang='lat' dir='ltr'><strong>Ut</strong></span> <span class='ocrx_word' id='word_1_309' title='bbox 810 2402 962 2429; x_wconf 77' lang='lat' dir='ltr'><strong>exhortetur</strong></span> <span class='ocrx_word' id='word_1_310' title='bbox 977 2409 1028 2434; x_wconf 88' lang='lat' dir='ltr'><strong>me,</strong></span> <span class='ocrx_word' id='word_1_311' title='bbox 1041 2402 1093 2428; x_wconf 83' lang='lat' dir='ltr'><strong>ait;</strong></span> <span class='ocrx_word' id='word_1_312' title='bbox 1107 2401 1197 2436; x_wconf 83' lang='lat' dir='ltr'><strong>Aliqui</strong></span> <span class='ocrx_word' id='word_1_313' title='bbox 1211 2401 1311 2428; x_wconf 87' lang='lat' dir='ltr'><strong>codices</strong></span> <span class='ocrx_word' id='word_1_314' title='bbox 1327 2400 1377 2427; x_wconf 90' lang='lat' dir='ltr'><strong>ha-</strong></span> 
     </span>
    </p>
   </div>
   <div class='ocr_carea' id='block_1_45' title="bbox 590 2446 1376 2482">
    <p class='ocr_par' dir='ltr' id='par_1_45' title="bbox 590 2446 1376 2482">
     <span class='ocr_line' id='line_1_45' title="bbox 590 2446 1376 2482; baseline -0.001 -7"><span class='ocrx_word' id='word_1_315' title='bbox 590 2449 650 2475; x_wconf 85' lang='lat' dir='ltr'><strong>bent</strong></span> <span class='ocrx_word' id='word_1_316' title='bbox 665 2449 694 2475; x_wconf 89' lang='lat' dir='ltr'><strong>in</strong></span> <span class='ocrx_word' id='word_1_317' title='bbox 716 2449 764 2475; x_wconf 83' lang='lat' dir='ltr'><strong>hoc</strong></span> <span class='ocrx_word' id='word_1_318' title='bbox 785 2447 855 2482; x_wconf 87' lang='lat' dir='ltr'><strong>loco,</strong></span> <span class='ocrx_word' id='word_1_319' title='bbox 878 2452 909 2475; x_wconf 90' lang='lat' dir='ltr'><strong>ut</strong></span> <span class='ocrx_word' id='word_1_320' title='bbox 928 2447 1086 2475; x_wconf 84' lang='lat' dir='ltr'><strong>consoletur</strong></span> <span class='ocrx_word' id='word_1_321' title='bbox 1107 2455 1160 2475; x_wconf 89' lang='lat' dir='ltr'><strong>me.</strong></span> <span class='ocrx_word' id='word_1_322' title='bbox 1183 2446 1234 2474; x_wconf 86' lang='lat' dir='ltr'><strong>Sed</strong></span> <span class='ocrx_word' id='word_1_323' title='bbox 1248 2448 1329 2474; x_wconf 87' lang='lat' dir='ltr'><strong>etiam</strong></span> <span class='ocrx_word' id='word_1_324' title='bbox 1348 2447 1376 2474; x_wconf 88' lang='lat' dir='ltr'><strong>in</strong></span> 
     </span>
    </p>
   </div>
   <div class='ocr_carea' id='block_1_46' title="bbox 591 2492 1376 2528">
    <p class='ocr_par' dir='ltr' id='par_1_46' title="bbox 591 2492 1376 2528">
     <span class='ocr_line' id='line_1_46' title="bbox 591 2492 1376 2528; baseline 0 -9"><span class='ocrx_word' id='word_1_325' title='bbox 591 2493 716 2528; x_wconf 76' lang='lat' dir='ltr'><strong>Apostolo</strong></span> <span class='ocrx_word' id='word_1_326' title='bbox 744 2493 853 2528; x_wconf 88' lang='lat' dir='ltr'><strong>legimus</strong></span> <span class='ocrx_word' id='word_1_327' title='bbox 881 2493 1091 2520; x_wconf 66' lang='lat' dir='ltr'><strong>exhortationem</strong></span> <span class='ocrx_word' id='word_1_328' title='bbox 1120 2501 1168 2527; x_wconf 91' lang='lat' dir='ltr'><strong>pro</strong></span> <span class='ocrx_word' id='word_1_329' title='bbox 1196 2492 1376 2519; x_wconf 79' lang='lat' dir='ltr'><strong>consolatione</strong></span> 
     </span>
    </p>
   </div>
   <div class='ocr_carea' id='block_1_47' title="bbox 590 2537 1377 2573">
    <p class='ocr_par' dir='ltr' id='par_1_47' title="bbox 590 2537 1377 2573">
     <span class='ocr_line' id='line_1_47' title="bbox 590 2537 1377 2573; baseline 0 -8"><span class='ocrx_word' id='word_1_330' title='bbox 590 2539 700 2572; x_wconf 83' lang='lat' dir='ltr'><strong>dictam,</strong></span> <span class='ocrx_word' id='word_1_331' title='bbox 715 2542 740 2565; x_wconf 89' lang='lat' dir='ltr'><strong>et</strong></span> <span class='ocrx_word' id='word_1_332' title='bbox 755 2538 962 2565; x_wconf 85' lang='lat' dir='ltr'><strong>consolationem</strong></span> <span class='ocrx_word' id='word_1_333' title='bbox 986 2547 1033 2573; x_wconf 93' lang='lat' dir='ltr'><strong>pro</strong></span> <span class='ocrx_word' id='word_1_334' title='bbox 1052 2538 1248 2565; x_wconf 71' lang='lat' dir='ltr'><strong>exhortatione.</strong></span> <span class='ocrx_word' id='word_1_335' title='bbox 1268 2537 1309 2565; x_wconf 81' lang='lat' dir='ltr'><strong>Ex</strong></span> <span class='ocrx_word' id='word_1_336' title='bbox 1334 2538 1377 2566; x_wconf 91' lang='lat' dir='ltr'><strong>his</strong></span> 
     </span>
    </p>
   </div>
   <div class='ocr_carea' id='block_1_48' title="bbox 557 2583 1376 2620">
    <p class='ocr_par' dir='ltr' id='par_1_48' title="bbox 557 2583 1376 2620">
     <span class='ocr_line' id='line_1_48' title="bbox 557 2583 1376 2620; baseline -0.004 -7"><span class='ocrx_word' id='word_1_337' title='bbox 557 2602 568 2613; x_wconf 58' lang='grc' dir='ltr'><strong>λ</strong></span> <span class='ocrx_word' id='word_1_338' title='bbox 590 2583 697 2612; x_wconf 87' lang='lat' dir='ltr'><strong>duabus</strong></span> <span class='ocrx_word' id='word_1_339' title='bbox 712 2584 955 2619; x_wconf 80' lang='lat' dir='ltr'><strong>signiﬁcationibus</strong></span> <span class='ocrx_word' id='word_1_340' title='bbox 969 2584 1184 2620; x_wconf 81' lang='grc' dir='ltr'>παρακλήσεως,</span> <span class='ocrx_word' id='word_1_341' title='bbox 1206 2583 1322 2618; x_wconf 85' lang='lat' dir='ltr'><strong>primam</strong></span> <span class='ocrx_word' id='word_1_342' title='bbox 1348 2584 1376 2611; x_wconf 87' lang='lat' dir='ltr'><strong>in</strong></span> 
     </span>
    </p>
   </div>
   <div class='ocr_carea' id='block_1_49' title="bbox 590 2628 1376 2664">
    <p class='ocr_par' dir='ltr' id='par_1_49' title="bbox 590 2628 1376 2664">
     <span class='ocr_line' id='line_1_49' title="bbox 590 2628 1376 2664; baseline 0.003 -9"><span class='ocrx_word' id='word_1_343' title='bbox 590 2629 752 2664; x_wconf 83' lang='lat' dir='ltr'><strong>explicando</strong></span> <span class='ocrx_word' id='word_1_344' title='bbox 764 2630 875 2657; x_wconf 89' lang='lat' dir='ltr'><strong>nomine</strong></span> <span class='ocrx_word' id='word_1_345' title='bbox 889 2630 1020 2657; x_wconf 76' lang='lat' dir='ltr'><strong>Barnabze</strong></span> <span class='ocrx_word' id='word_1_346' title='bbox 1031 2630 1179 2663; x_wconf 87' lang='lat' dir='ltr'><strong>accipiunt,</strong></span> <span class='ocrx_word' id='word_1_347' title='bbox 1193 2628 1376 2657; x_wconf 84' lang='lat' dir='ltr'><strong>OEcumenius</strong></span> 
     </span>
    </p>
   </div>
   <div class='ocr_carea' id='block_1_50' title="bbox 560 2674 1375 2711">
    <p class='ocr_par' dir='ltr' id='par_1_50' title="bbox 560 2674 1375 2711">
     <span class='ocr_line' id='line_1_50' title="bbox 560 2674 1375 2711; baseline 0 -10"><span class='ocrx_word' id='word_1_348' title='bbox 560 2684 563 2688; x_wconf 92' lang='grc'><strong>·</strong></span> <span class='ocrx_word' id='word_1_349' title='bbox 591 2674 626 2702; x_wconf 86' lang='lat' dir='ltr'><strong>ad</strong></span> <span class='ocrx_word' id='word_1_350' title='bbox 639 2675 701 2702; x_wconf 80' lang='lat' dir='ltr'><strong>Act.</strong></span> <span class='ocrx_word' id='word_1_351' title='bbox 717 2682 754 2707; x_wconf 84' lang='lat' dir='ltr'><strong>IV,</strong></span> <span class='ocrx_word' id='word_1_352' title='bbox 770 2675 814 2709; x_wconf 82' lang='lat'><strong>&#39;56,</strong></span> <span class='ocrx_word' id='word_1_353' title='bbox 832 2675 897 2703; x_wconf 90' lang='lat' dir='ltr'><strong>dum</strong></span> <span class='ocrx_word' id='word_1_354' title='bbox 909 2676 935 2702; x_wconf 90' lang='lat' dir='ltr'><strong>id</strong></span> <span class='ocrx_word' id='word_1_355' title='bbox 950 2676 1071 2702; x_wconf 89' lang='lat' dir='ltr'><strong>nominis</strong></span> <span class='ocrx_word' id='word_1_356' title='bbox 1084 2675 1142 2702; x_wconf 83' lang='lat' dir='ltr'><strong>Vult</strong></span> <span class='ocrx_word' id='word_1_357' title='bbox 1155 2682 1214 2702; x_wconf 83' lang='lat' dir='ltr'><strong>esse</strong></span> <span class='ocrx_word' id='word_1_358' title='bbox 1227 2675 1375 2711; x_wconf 77' lang='grc' dir='ltr'>μαρτύριον</span> 
     </span>
    </p>
   </div>
   <div class='ocr_carea' id='block_1_51' title="bbox 557 2720 1375 2760">
    <p class='ocr_par' dir='ltr' id='par_1_51' title="bbox 557 2720 1375 2760">
     <span class='ocr_line' id='line_1_51' title="bbox 557 2720 1375 2760; baseline 0 -13"><span class='ocrx_word' id='word_1_359' title='bbox 557 2735 568 2760; x_wconf 48' lang='grc' dir='ltr'><strong>ρ</strong></span> <span class='ocrx_word' id='word_1_360' title='bbox 591 2720 693 2756; x_wconf 83' lang='grc' dir='ltr'><strong>ἀρετῆς</strong></span> <span class='ocrx_word' id='word_1_361' title='bbox 709 2721 935 2757; x_wconf 81' lang='grc' dir='ltr'>φιλοικτίρμονος,</span> <span class='ocrx_word' id='word_1_362' title='bbox 953 2726 981 2749; x_wconf 89' lang='lat' dir='ltr'><strong>et</strong></span> <span class='ocrx_word' id='word_1_363' title='bbox 995 2722 1184 2749; x_wconf 84' lang='lat' dir='ltr'><strong>demonstrare</strong></span> <span class='ocrx_word' id='word_1_364' title='bbox 1199 2721 1375 2757; x_wconf 81' lang='grc' dir='ltr'><strong>παραμυθίαν</strong></span> 
     </span>
    </p>
   </div>
   <div class='ocr_carea' id='block_1_52' title="bbox 592 2765 1376 2802">
    <p class='ocr_par' dir='ltr' id='par_1_52' title="bbox 592 2765 1376 2802">
     <span class='ocr_line' id='line_1_52' title="bbox 592 2765 1376 2802; baseline 0 -10"><span class='ocrx_word' id='word_1_365' title='bbox 592 2766 640 2792; x_wconf 78' lang='grc' dir='ltr'><strong>καὶ</strong></span> <span class='ocrx_word' id='word_1_366' title='bbox 665 2766 824 2801; x_wconf 73' lang='grc' dir='ltr'>οἱκτιρμόν;</span> <span class='ocrx_word' id='word_1_367' title='bbox 841 2765 977 2794; x_wconf 83' lang='lat' dir='ltr'><strong>Notkerus</strong></span> <span class='ocrx_word' id='word_1_368' title='bbox 991 2767 1019 2793; x_wconf 89' lang='lat' dir='ltr'><strong>in</strong></span> <span class='ocrx_word' id='word_1_369' title='bbox 1033 2766 1239 2802; x_wconf 80' lang='lat' dir='ltr'><strong>Martyrologio,</strong></span> <span class='ocrx_word' id='word_1_370' title='bbox 1257 2772 1331 2794; x_wconf 91' lang='lat' dir='ltr'><strong>tomo</strong></span> <span class='ocrx_word' id='word_1_371' title='bbox 1342 2766 1376 2793; x_wconf 75' lang='lat' dir='ltr'><strong>Vl</strong></span> 
     </span>
    </p>
   </div>
   <div class='ocr_carea' id='block_1_53' title="bbox 593 2811 1372 2847">
    <p class='ocr_par' dir='ltr' id='par_1_53' title="bbox 593 2811 1372 2847">
     <span class='ocr_line' id='line_1_53' title="bbox 593 2811 1372 2847; baseline 0.001 -8"><span class='ocrx_word' id='word_1_372' title='bbox 593 2811 716 2846; x_wconf 71' lang='lat' dir='ltr'><strong>Antiqux</strong></span> <span class='ocrx_word' id='word_1_373' title='bbox 727 2811 858 2840; x_wconf 84' lang='lat' dir='ltr'><strong>Lectionis</strong></span> <span class='ocrx_word' id='word_1_374' title='bbox 871 2811 980 2840; x_wconf 82' lang='lat' dir='ltr'><strong>llenrici</strong></span> <span class='ocrx_word' id='word_1_375' title='bbox 997 2811 1112 2847; x_wconf 80' lang='lat' dir='ltr'><strong>Canisii,</strong></span> <span class='ocrx_word' id='word_1_376' title='bbox 1124 2812 1157 2840; x_wconf 87' lang='lat' dir='ltr'><strong>ad</strong></span> <span class='ocrx_word' id='word_1_377' title='bbox 1169 2820 1201 2840; x_wconf 93' lang='grc' dir='ltr'><strong>ιιι</strong></span> <span class='ocrx_word' id='word_1_378' title='bbox 1214 2812 1276 2840; x_wconf 89' lang='lat' dir='ltr'><strong>ldus</strong></span> <span class='ocrx_word' id='word_1_379' title='bbox 1287 2812 1372 2846; x_wconf 74' lang='lat' dir='ltr'><strong>Junii,</strong></span> 
     </span>
    </p>
   </div>
   <div class='ocr_carea' id='block_1_54' title="bbox 1429 848 2214 884">
    <p class='ocr_par' dir='ltr' id='par_1_54' title="bbox 1429 848 2214 884">
     <span class='ocr_line' id='line_1_54' title="bbox 1429 848 2214 884; baseline 0.003 -10"><span class='ocrx_word' id='word_1_380' title='bbox 1429 849 1509 874; x_wconf 87' lang='lat' dir='ltr'><strong>tionis</strong></span> <span class='ocrx_word' id='word_1_381' title='bbox 1523 857 1532 874; x_wconf 71' lang='grc' dir='ltr'>ι</span> <span class='ocrx_word' id='word_1_382' title='bbox 1546 853 1584 874; x_wconf 89' lang='lat' dir='ltr'><strong>est</strong></span> <span class='ocrx_word' id='word_1_383' title='bbox 1596 852 1714 881; x_wconf 77' lang='lat' dir='ltr'><strong>vocatus,</strong></span> <span class='ocrx_word' id='word_1_384' title='bbox 1730 856 1777 883; x_wconf 86' lang='lat' dir='ltr'><strong>pro</strong></span> <span class='ocrx_word' id='word_1_385' title='bbox 1791 856 1820 874; x_wconf 87' lang='lat' dir='ltr'><strong>eo</strong></span> <span class='ocrx_word' id='word_1_386' title='bbox 1828 848 1897 883; x_wconf 83' lang='lat' dir='ltr'><strong>quod</strong></span> <span class='ocrx_word' id='word_1_387' title='bbox 1909 856 1968 874; x_wconf 88' lang='lat' dir='ltr'><strong>cum</strong></span> <span class='ocrx_word' id='word_1_388' title='bbox 1977 848 2100 875; x_wconf 84' lang='lat' dir='ltr'><strong>habuerit</strong></span> <span class='ocrx_word' id='word_1_389' title='bbox 2113 858 2214 884; x_wconf 81' lang='lat' dir='ltr'><strong>agrum,</strong></span> 
     </span>
    </p>
   </div>
   <div class='ocr_carea' id='block_1_55' title="bbox 1427 891 2214 928">
    <p class='ocr_par' dir='ltr' id='par_1_55' title="bbox 1427 891 2214 928">
     <span class='ocr_line' id='line_1_55' title="bbox 1427 891 2214 928; baseline 0.004 -11"><span class='ocrx_word' id='word_1_390' title='bbox 1427 898 1536 926; x_wconf 88' lang='lat' dir='ltr'><strong>euntque</strong></span> <span class='ocrx_word' id='word_1_391' title='bbox 1550 891 1695 918; x_wconf 83' lang='lat' dir='ltr'><strong>vendiderit</strong></span> <span class='ocrx_word' id='word_1_392' title='bbox 1706 912 1713 924; x_wconf 91' lang='lat'><strong>,</strong></span> <span class='ocrx_word' id='word_1_393' title='bbox 1738 892 1852 926; x_wconf 87' lang='lat' dir='ltr'><strong>pretium</strong></span> <span class='ocrx_word' id='word_1_394' title='bbox 1866 891 1923 926; x_wconf 87' lang='lat' dir='ltr'><strong>ejus</strong></span> <span class='ocrx_word' id='word_1_395' title='bbox 1939 897 1999 919; x_wconf 89' lang='lat' dir='ltr'><strong>ante</strong></span> <span class='ocrx_word' id='word_1_396' title='bbox 2012 893 2092 927; x_wconf 82' lang='lat' dir='ltr'><strong>pedes</strong></span> <span class='ocrx_word' id='word_1_397' title='bbox 2109 899 2214 928; x_wconf 88' lang='lat' dir='ltr'><strong>aposto-</strong></span> 
     </span>
    </p>
   </div>
   <div class='ocr_carea' id='block_1_56' title="bbox 1427 937 2215 973">
    <p class='ocr_par' dir='ltr' id='par_1_56' title="bbox 1427 937 2215 973">
     <span class='ocr_line' id='line_1_56' title="bbox 1427 937 2215 973; baseline 0.004 -10"><span class='ocrx_word' id='word_1_398' title='bbox 1427 937 1524 968; x_wconf 89' lang='lat' dir='ltr'><strong>lorum,</strong></span> <span class='ocrx_word' id='word_1_399' title='bbox 1548 939 1583 964; x_wconf 80' lang='lat' dir='ltr'><strong>ad</strong></span> <span class='ocrx_word' id='word_1_400' title='bbox 1607 937 1810 964; x_wconf 83' lang='lat' dir='ltr'><strong>consolationem</strong></span> <span class='ocrx_word' id='word_1_401' title='bbox 1825 946 1984 973; x_wconf 85' lang='lat' dir='ltr'><strong>pauperum,</strong></span> <span class='ocrx_word' id='word_1_402' title='bbox 2009 939 2147 973; x_wconf 82' lang='lat' dir='ltr'><strong>posuerit;</strong></span> <span class='ocrx_word' id='word_1_403' title='bbox 2170 947 2215 966; x_wconf 83' lang='lat' dir='ltr'><strong>nec</strong></span> 
     </span>
    </p>
   </div>
   <div class='ocr_carea' id='block_1_57' title="bbox 1428 982 2215 1019">
    <p class='ocr_par' dir='ltr' id='par_1_57' title="bbox 1428 982 2215 1019">
     <span class='ocr_line' id='line_1_57' title="bbox 1428 982 2215 1019; baseline 0 -9"><span class='ocrx_word' id='word_1_404' title='bbox 1428 991 1481 1010; x_wconf 91' lang='lat' dir='ltr'><strong>non</strong></span> <span class='ocrx_word' id='word_1_405' title='bbox 1513 983 1550 1010; x_wconf 91' lang='lat' dir='ltr'><strong>illi</strong></span> <span class='ocrx_word' id='word_1_406' title='bbox 1580 983 1626 1018; x_wconf 92' lang='lat' dir='ltr'><strong>qui</strong></span> <span class='ocrx_word' id='word_1_407' title='bbox 1655 983 1682 1010; x_wconf 93' lang='lat' dir='ltr'><strong>in</strong></span> <span class='ocrx_word' id='word_1_408' title='bbox 1707 982 1889 1019; x_wconf 84' lang='lat' dir='ltr'><strong>Hieronymo,</strong></span> <span class='ocrx_word' id='word_1_409' title='bbox 1914 983 1983 1011; x_wconf 88' lang='lat' dir='ltr'><strong>libro</strong></span> <span class='ocrx_word' id='word_1_410' title='bbox 2005 983 2044 1010; x_wconf 89' lang='lat' dir='ltr'><strong>De</strong></span> <span class='ocrx_word' id='word_1_411' title='bbox 2065 984 2215 1011; x_wconf 82' lang='lat' dir='ltr'><strong>nominibus</strong></span> 
     </span>
    </p>
   </div>
   <div class='ocr_carea' id='block_1_58' title="bbox 1429 1028 2216 1064">
    <p class='ocr_par' dir='ltr' id='par_1_58' title="bbox 1429 1028 2216 1064">
     <span class='ocr_line' id='line_1_58' title="bbox 1429 1028 2216 1064; baseline 0 -8"><span class='ocrx_word' id='word_1_412' title='bbox 1429 1029 1578 1062; x_wconf 82' lang='lat' dir='ltr'><strong>Hebraicis,</strong></span> <span class='ocrx_word' id='word_1_413' title='bbox 1596 1033 1705 1056; x_wconf 87' lang='lat' dir='ltr'><strong>vertunt</strong></span> <span class='ocrx_word' id='word_1_414' title='bbox 1723 1029 1794 1064; x_wconf 82' lang='lat' dir='ltr'><strong>[ilius</strong></span> <span class='ocrx_word' id='word_1_415' title='bbox 1808 1028 2007 1056; x_wconf 84' lang='lat' dir='ltr'><strong>consolationis.</strong></span> <span class='ocrx_word' id='word_1_416' title='bbox 2024 1028 2064 1056; x_wconf 82' lang='lat' dir='ltr'><strong>Ad</strong></span> <span class='ocrx_word' id='word_1_417' title='bbox 2082 1030 2216 1064; x_wconf 80' lang='lat' dir='ltr'><strong>posterio-</strong></span> 
     </span>
    </p>
   </div>
   <div class='ocr_carea' id='block_1_59' title="bbox 1427 1074 2215 1110">
    <p class='ocr_par' dir='ltr' id='par_1_59' title="bbox 1427 1074 2215 1110">
     <span class='ocr_line' id='line_1_59' title="bbox 1427 1074 2215 1110; baseline 0 -8"><span class='ocrx_word' id='word_1_418' title='bbox 1427 1082 1485 1102; x_wconf 87' lang='lat' dir='ltr'><strong>rem</strong></span> <span class='ocrx_word' id='word_1_419' title='bbox 1502 1082 1566 1102; x_wconf 89' lang='lat' dir='ltr'><strong>vero</strong></span> <span class='ocrx_word' id='word_1_420' title='bbox 1589 1074 1671 1102; x_wconf 88' lang='lat' dir='ltr'><strong>etiam</strong></span> <span class='ocrx_word' id='word_1_421' title='bbox 1694 1074 1922 1110; x_wconf 78' lang='lat' dir='ltr'><strong>signiﬁcationem</strong></span> <span class='ocrx_word' id='word_1_422' title='bbox 1947 1075 2045 1102; x_wconf 89' lang='lat' dir='ltr'><strong>adduci</strong></span> <span class='ocrx_word' id='word_1_423' title='bbox 2061 1079 2154 1110; x_wconf 87' lang='lat' dir='ltr'><strong>potest</strong></span> <span class='ocrx_word' id='word_1_424' title='bbox 2169 1083 2215 1102; x_wconf 80' lang='lat' dir='ltr'><strong>ex-</strong></span> 
     </span>
    </p>
   </div>
   <div class='ocr_carea' id='block_1_60' title="bbox 1427 1119 2215 1156">
    <p class='ocr_par' dir='ltr' id='par_1_60' title="bbox 1427 1119 2215 1156">
     <span class='ocr_line' id='line_1_60' title="bbox 1427 1119 2215 1156; baseline -0.003 -8"><span class='ocrx_word' id='word_1_425' title='bbox 1427 1121 1528 1155; x_wconf 89' lang='lat' dir='ltr'><strong>positio</strong></span> <span class='ocrx_word' id='word_1_426' title='bbox 1555 1121 1642 1148; x_wconf 78' lang='lat' dir='ltr'><strong>saucti</strong></span> <span class='ocrx_word' id='word_1_427' title='bbox 1668 1119 1857 1156; x_wconf 85' lang='lat' dir='ltr'><strong>Chrysostomi</strong></span> <span class='ocrx_word' id='word_1_428' title='bbox 1870 1139 1878 1152; x_wconf 88' lang='lat'><strong>,</strong></span> <span class='ocrx_word' id='word_1_429' title='bbox 1903 1120 2013 1147; x_wconf 83' lang='lat' dir='ltr'><strong>homilia</strong></span> <span class='ocrx_word' id='word_1_430' title='bbox 2032 1120 2063 1148; x_wconf 77' lang='lat' dir='ltr'><strong>ll</strong></span> <span class='ocrx_word' id='word_1_431' title='bbox 2083 1121 2112 1147; x_wconf 93' lang='lat' dir='ltr'><strong>in</strong></span> <span class='ocrx_word' id='word_1_432' title='bbox 2127 1121 2193 1148; x_wconf 81' lang='lat' dir='ltr'><strong>Acta</strong></span> <span class='ocrx_word' id='word_1_433' title='bbox 2209 1130 2215 1146; x_wconf 89' lang='lat'><em>:</em></span> 
     </span>
    </p>
   </div>
   <div class='ocr_carea' id='block_1_61' title="bbox 1429 1166 2216 1203">
    <p class='ocr_par' dir='ltr' id='par_1_61' title="bbox 1429 1166 2216 1203">
     <span class='ocr_line' id='line_1_61' title="bbox 1429 1166 2216 1203; baseline -0.001 -10"><span class='ocrx_word' id='word_1_434' title='bbox 1429 1166 1580 1203; x_wconf 78' lang='grc' dir='ltr'>Βαρνάϐας,</span> <span class='ocrx_word' id='word_1_435' title='bbox 1606 1167 1620 1192; x_wconf 84' lang='grc' dir='ltr'><strong>ὃ</strong></span> <span class='ocrx_word' id='word_1_436' title='bbox 1647 1167 1720 1193; x_wconf 75' lang='grc' dir='ltr'>ἐστιν</span> <span class='ocrx_word' id='word_1_437' title='bbox 1746 1166 1810 1199; x_wconf 79' lang='grc' dir='ltr'><strong>υἱὸς</strong></span> <span class='ocrx_word' id='word_1_438' title='bbox 1828 1166 2056 1201; x_wconf 78' lang='grc' dir='ltr'><strong>παρακλήσεως,</strong></span> <span class='ocrx_word' id='word_1_439' title='bbox 2084 1167 2140 1193; x_wconf 77' lang='grc' dir='ltr'><strong>ὑπὸ</strong></span> <span class='ocrx_word' id='word_1_440' title='bbox 2165 1167 2216 1192; x_wconf 77' lang='grc' dir='ltr'><strong>τῶν</strong></span> 
     </span>
    </p>
   </div>
   <div class='ocr_carea' id='block_1_62' title="bbox 1428 1211 2216 1247">
    <p class='ocr_par' dir='ltr' id='par_1_62' title="bbox 1428 1211 2216 1247">
     <span class='ocr_line' id='line_1_62' title="bbox 1428 1211 2216 1247; baseline 0 -9"><span class='ocrx_word' id='word_1_441' title='bbox 1428 1211 1582 1239; x_wconf 81' lang='grc' dir='ltr'><strong>ἀποστόλων</strong></span> <span class='ocrx_word' id='word_1_442' title='bbox 1593 1211 1788 1247; x_wconf 77' lang='grc' dir='ltr'><strong>ἐπωνομάσθη·</strong></span> <span class='ocrx_word' id='word_1_443' title='bbox 1805 1211 1851 1238; x_wconf 70' lang='grc' dir='ltr'>καὶ</span> <span class='ocrx_word' id='word_1_444' title='bbox 1865 1211 1938 1238; x_wconf 78' lang='grc' dir='ltr'>δοκεῖ</span> <span class='ocrx_word' id='word_1_445' title='bbox 1954 1220 1999 1246; x_wconf 86' lang='grc' dir='ltr'>μοι</span> <span class='ocrx_word' id='word_1_446' title='bbox 2015 1211 2071 1238; x_wconf 82' lang='grc' dir='ltr'><strong>ἀπὸ</strong></span> <span class='ocrx_word' id='word_1_447' title='bbox 2085 1211 2137 1247; x_wconf 82' lang='grc' dir='ltr'><strong>τῆς</strong></span> <span class='ocrx_word' id='word_1_448' title='bbox 2154 1212 2216 1247; x_wconf 83' lang='grc' dir='ltr'>ἀρε-</span> 
     </span>
    </p>
   </div>
   <div class='ocr_carea' id='block_1_63' title="bbox 1427 1254 2216 1290">
    <p class='ocr_par' dir='ltr' id='par_1_63' title="bbox 1427 1254 2216 1290">
     <span class='ocr_line' id='line_1_63' title="bbox 1427 1254 2216 1290; baseline 0.003 -10"><span class='ocrx_word' id='word_1_449' title='bbox 1427 1254 1476 1289; x_wconf 84' lang='grc' dir='ltr'><strong>τῆς</strong></span> <span class='ocrx_word' id='word_1_450' title='bbox 1489 1254 1627 1289; x_wconf 80' lang='grc' dir='ltr'><strong>εἰληφέναι</strong></span> <span class='ocrx_word' id='word_1_451' title='bbox 1640 1254 1671 1281; x_wconf 81' lang='grc' dir='ltr'><strong>τὸ</strong></span> <span class='ocrx_word' id='word_1_452' title='bbox 1683 1255 1778 1290; x_wconf 74' lang='grc' dir='ltr'>ὄνομα,</span> <span class='ocrx_word' id='word_1_453' title='bbox 1791 1255 1828 1286; x_wconf 84' lang='grc' dir='ltr'><strong>ὡς</strong></span> <span class='ocrx_word' id='word_1_454' title='bbox 1842 1255 1910 1290; x_wconf 78' lang='grc' dir='ltr'>πρὸς</span> <span class='ocrx_word' id='word_1_455' title='bbox 1923 1255 2002 1282; x_wconf 77' lang='grc' dir='ltr'>τοῦτο</span> <span class='ocrx_word' id='word_1_456' title='bbox 2013 1255 2107 1287; x_wconf 81' lang='grc' dir='ltr'>ἱκανὸς</span> <span class='ocrx_word' id='word_1_457' title='bbox 2121 1255 2160 1282; x_wconf 82' lang='grc' dir='ltr'>ὢν</span> <span class='ocrx_word' id='word_1_458' title='bbox 2173 1257 2216 1283; x_wconf 71' lang='grc' dir='ltr'><strong>καὶ</strong></span> 
     </span>
    </p>
   </div>
   <div class='ocr_carea' id='block_1_64' title="bbox 1427 1299 2215 1335">
    <p class='ocr_par' dir='ltr' id='par_1_64' title="bbox 1427 1299 2215 1335">
     <span class='ocr_line' id='line_1_64' title="bbox 1427 1299 2215 1335; baseline 0.004 -10"><span class='ocrx_word' id='word_1_459' title='bbox 1427 1299 1588 1335; x_wconf 75' lang='grc' dir='ltr'><strong>ἐπιτήδειος.</strong></span> <span class='ocrx_word' id='word_1_460' title='bbox 1607 1299 1761 1332; x_wconf 79' lang='lat' dir='ltr'><strong>Barnabas,</strong></span> <span class='ocrx_word' id='word_1_461' title='bbox 1788 1303 1835 1328; x_wconf 84' lang='lat' dir='ltr'><strong>hoc</strong></span> <span class='ocrx_word' id='word_1_462' title='bbox 1848 1306 1886 1328; x_wconf 87' lang='lat' dir='ltr'><strong>est</strong></span> <span class='ocrx_word' id='word_1_463' title='bbox 1908 1312 1919 1329; x_wconf 73' lang='grc' dir='ltr'>ι</span> <span class='ocrx_word' id='word_1_464' title='bbox 1940 1300 2013 1334; x_wconf 81' lang='lat' dir='ltr'><strong>ﬁlius</strong></span> <span class='ocrx_word' id='word_1_465' title='bbox 2027 1301 2215 1328; x_wconf 85' lang='lat' dir='ltr'><strong>consolationis</strong></span> 
     </span>
    </p>
   </div>
   <div class='ocr_carea' id='block_1_65' title="bbox 1427 1344 2216 1380">
    <p class='ocr_par' dir='ltr' id='par_1_65' title="bbox 1427 1344 2216 1380">
     <span class='ocr_line' id='line_1_65' title="bbox 1427 1344 2216 1380; baseline 0.001 -10"><span class='ocrx_word' id='word_1_466' title='bbox 1427 1349 1451 1370; x_wconf 77' lang='lat' dir='ltr'><strong>et</strong></span> <span class='ocrx_word' id='word_1_467' title='bbox 1468 1344 1672 1376; x_wconf 71' lang='lat' dir='ltr'><strong>exhortationis,</strong></span> <span class='ocrx_word' id='word_1_468' title='bbox 1684 1354 1693 1370; x_wconf 84' lang='grc' dir='ltr'>ι</span> <span class='ocrx_word' id='word_1_469' title='bbox 1712 1344 1744 1370; x_wconf 86' lang='lat' dir='ltr'><strong>ab</strong></span> <span class='ocrx_word' id='word_1_470' title='bbox 1759 1344 1887 1379; x_wconf 86' lang='lat' dir='ltr'><strong>apostolis</strong></span> <span class='ocrx_word' id='word_1_471' title='bbox 1902 1345 2104 1380; x_wconf 78' lang='lat' dir='ltr'><strong>cognominatus</strong></span> <span class='ocrx_word' id='word_1_472' title='bbox 2119 1351 2170 1373; x_wconf 80' lang='lat' dir='ltr'><strong>est.</strong></span> <span class='ocrx_word' id='word_1_473' title='bbox 2185 1345 2216 1372; x_wconf 83' lang='lat' dir='ltr'><strong>Et</strong></span> 
     </span>
    </p>
   </div>
   <div class='ocr_carea' id='block_1_66' title="bbox 1427 1389 2217 1426">
    <p class='ocr_par' dir='ltr' id='par_1_66' title="bbox 1427 1389 2217 1426">
     <span class='ocr_line' id='line_1_66' title="bbox 1427 1389 2217 1426; baseline 0.004 -11"><span class='ocrx_word' id='word_1_474' title='bbox 1427 1389 1492 1415; x_wconf 88' lang='lat' dir='ltr'><strong>mihi</strong></span> <span class='ocrx_word' id='word_1_475' title='bbox 1508 1389 1622 1422; x_wconf 76' lang='lat' dir='ltr'><strong>videtur,</strong></span> <span class='ocrx_word' id='word_1_476' title='bbox 1638 1398 1655 1416; x_wconf 91' lang='lat' dir='ltr'><strong>a</strong></span> <span class='ocrx_word' id='word_1_477' title='bbox 1669 1390 1765 1416; x_wconf 81' lang='lat' dir='ltr'><strong>virtute</strong></span> <span class='ocrx_word' id='word_1_478' title='bbox 1778 1398 1871 1417; x_wconf 90' lang='lat' dir='ltr'><strong>nonten</strong></span> <span class='ocrx_word' id='word_1_479' title='bbox 1886 1391 2077 1425; x_wconf 83' lang='lat' dir='ltr'><strong>assumpsisse,</strong></span> <span class='ocrx_word' id='word_1_480' title='bbox 2102 1392 2174 1426; x_wconf 83' lang='lat' dir='ltr'><strong>quod</strong></span> <span class='ocrx_word' id='word_1_481' title='bbox 2185 1392 2217 1417; x_wconf 87' lang='lat' dir='ltr'><strong>ad</strong></span> 
     </span>
    </p>
   </div>
   <div class='ocr_carea' id='block_1_67' title="bbox 1428 1434 2217 1471">
    <p class='ocr_par' dir='ltr' id='par_1_67' title="bbox 1428 1434 2217 1471">
     <span class='ocr_line' id='line_1_67' title="bbox 1428 1434 2217 1471; baseline 0.004 -10"><span class='ocrx_word' id='word_1_482' title='bbox 1428 1434 1496 1461; x_wconf 88' lang='lat' dir='ltr'><strong>illud</strong></span> <span class='ocrx_word' id='word_1_483' title='bbox 1507 1439 1584 1470; x_wconf 87' lang='lat' dir='ltr'><strong>aptus</strong></span> <span class='ocrx_word' id='word_1_484' title='bbox 1595 1440 1662 1462; x_wconf 85' lang='lat' dir='ltr'><strong>esset</strong></span> <span class='ocrx_word' id='word_1_485' title='bbox 1672 1444 1703 1462; x_wconf 89' lang='lat' dir='ltr'><strong>ac</strong></span> <span class='ocrx_word' id='word_1_486' title='bbox 1715 1435 1833 1468; x_wconf 84' lang='lat' dir='ltr'><strong>idoneus,</strong></span> <span class='ocrx_word' id='word_1_487' title='bbox 1846 1435 1879 1463; x_wconf 84' lang='lat' dir='ltr'><strong>ad</strong></span> <span class='ocrx_word' id='word_1_488' title='bbox 1890 1436 2099 1470; x_wconf 86' lang='lat' dir='ltr'><strong>consolandum,</strong></span> <span class='ocrx_word' id='word_1_489' title='bbox 2109 1443 2217 1471; x_wconf 83' lang='lat' dir='ltr'><strong>nempe,</strong></span> 
     </span>
    </p>
   </div>
   <div class='ocr_carea' id='block_1_68' title="bbox 1393 1477 2216 1517">
    <p class='ocr_par' dir='ltr' id='par_1_68' title="bbox 1393 1477 2216 1517">
     <span class='ocr_line' id='line_1_68' title="bbox 1393 1477 2216 1517; baseline -0.001 -9"><span class='ocrx_word' id='word_1_490' title='bbox 1393 1477 1414 1504; x_wconf 80' lang='grc' dir='ltr'><strong>Β</strong></span> <span class='ocrx_word' id='word_1_491' title='bbox 1428 1489 1461 1509; x_wconf 91' lang='lat' dir='ltr'><strong>ac</strong></span> <span class='ocrx_word' id='word_1_492' title='bbox 1475 1481 1689 1509; x_wconf 83' lang='lat' dir='ltr'><strong>exhortandum.</strong></span> <span class='ocrx_word' id='word_1_493' title='bbox 1706 1481 1819 1510; x_wconf 84' lang='lat' dir='ltr'><strong>Accedit</strong></span> <span class='ocrx_word' id='word_1_494' title='bbox 1833 1482 1887 1510; x_wconf 88' lang='lat' dir='ltr'><strong>huc</strong></span> <span class='ocrx_word' id='word_1_495' title='bbox 1909 1482 2094 1517; x_wconf 84' lang='lat' dir='ltr'><strong>veriloquium</strong></span> <span class='ocrx_word' id='word_1_496' title='bbox 2118 1482 2216 1510; x_wconf 45' lang='lat' dir='ltr'><strong>Hiero,</strong></span> 
     </span>
    </p>
   </div>
   <div class='ocr_carea' id='block_1_69' title="bbox 1429 1528 2218 1563">
    <p class='ocr_par' dir='ltr' id='par_1_69' title="bbox 1429 1528 2218 1563">
     <span class='ocr_line' id='line_1_69' title="bbox 1429 1528 2218 1563; baseline 0.003 -9"><span class='ocrx_word' id='word_1_497' title='bbox 1429 1528 1589 1563; x_wconf 82' lang='lat' dir='ltr'><strong>nymianum</strong></span> <span class='ocrx_word' id='word_1_498' title='bbox 1605 1539 1610 1556; x_wconf 73' lang='grc' dir='ltr'>ι</span> <span class='ocrx_word' id='word_1_499' title='bbox 1628 1528 1777 1561; x_wconf 84' lang='lat' dir='ltr'><strong>Barnabas,</strong></span> <span class='ocrx_word' id='word_1_500' title='bbox 1792 1528 1864 1563; x_wconf 81' lang='lat' dir='ltr'><strong>ﬁlius</strong></span> <span class='ocrx_word' id='word_1_501' title='bbox 1879 1528 2027 1563; x_wconf 68' lang='lat' dir='ltr'><strong>propheta,</strong></span> <span class='ocrx_word' id='word_1_502' title='bbox 2042 1533 2091 1555; x_wconf 89' lang='lat' dir='ltr'><strong>aut</strong></span> <span class='ocrx_word' id='word_1_503' title='bbox 2103 1529 2218 1563; x_wconf 76' lang='lat' dir='ltr'><strong>prophe-</strong></span> 
     </span>
    </p>
   </div>
   <div class='ocr_carea' id='block_1_70' title="bbox 1430 1573 2219 1609">
    <p class='ocr_par' dir='ltr' id='par_1_70' title="bbox 1430 1573 2219 1609">
     <span class='ocr_line' id='line_1_70' title="bbox 1430 1573 2219 1609; baseline 0.001 -9"><span class='ocrx_word' id='word_1_504' title='bbox 1430 1573 1485 1606; x_wconf 70' lang='lat' dir='ltr'><strong>tia,</strong></span> <span class='ocrx_word' id='word_1_505' title='bbox 1502 1574 1554 1601; x_wconf 89' lang='lat' dir='ltr'><strong>hoc</strong></span> <span class='ocrx_word' id='word_1_506' title='bbox 1576 1579 1618 1602; x_wconf 84' lang='lat' dir='ltr'><strong>est</strong></span> <span class='ocrx_word' id='word_1_507' title='bbox 1642 1575 1783 1609; x_wconf 83' lang='lat' dir='ltr'><strong>propheta.</strong></span> <span class='ocrx_word' id='word_1_508' title='bbox 1813 1573 2010 1609; x_wconf 84' lang='lat' dir='ltr'><strong>Prophetarum</strong></span> <span class='ocrx_word' id='word_1_509' title='bbox 2033 1574 2143 1601; x_wconf 84' lang='lat' dir='ltr'><strong>scilicet</strong></span> <span class='ocrx_word' id='word_1_510' title='bbox 2163 1575 2219 1602; x_wconf 72' lang='lat' dir='ltr'><strong>sim</strong></span> 
     </span>
    </p>
   </div>
   <div class='ocr_carea' id='block_1_71' title="bbox 1428 1620 2217 1656">
    <p class='ocr_par' dir='ltr' id='par_1_71' title="bbox 1428 1620 2217 1656">
     <span class='ocr_line' id='line_1_71' title="bbox 1428 1620 2217 1656; baseline -0.004 -6"><span class='ocrx_word' id='word_1_511' title='bbox 1428 1622 1572 1650; x_wconf 90' lang='lat' dir='ltr'><strong>doctorum</strong></span> <span class='ocrx_word' id='word_1_512' title='bbox 1588 1626 1639 1655; x_wconf 88' lang='lat' dir='ltr'><strong>est,</strong></span> <span class='ocrx_word' id='word_1_513' title='bbox 1659 1621 1799 1649; x_wconf 83' lang='lat' dir='ltr'><strong>adhortari</strong></span> <span class='ocrx_word' id='word_1_514' title='bbox 1821 1625 1847 1649; x_wconf 87' lang='lat' dir='ltr'><strong>et</strong></span> <span class='ocrx_word' id='word_1_515' title='bbox 1868 1621 2004 1649; x_wconf 90' lang='lat' dir='ltr'><strong>consolari</strong></span> <span class='ocrx_word' id='word_1_516' title='bbox 2028 1620 2077 1648; x_wconf 91' lang='lat' dir='ltr'><strong>Dei</strong></span> <span class='ocrx_word' id='word_1_517' title='bbox 2099 1621 2217 1656; x_wconf 82' lang='lat' dir='ltr'><strong>plebem.</strong></span> 
     </span>
    </p>
   </div>
   <div class='ocr_carea' id='block_1_72' title="bbox 1428 1665 2218 1701">
    <p class='ocr_par' dir='ltr' id='par_1_72' title="bbox 1428 1665 2218 1701">
     <span class='ocr_line' id='line_1_72' title="bbox 1428 1665 2218 1701; baseline -0.005 -6"><span class='ocrx_word' id='word_1_518' title='bbox 1428 1667 1574 1701; x_wconf 86' lang='lat' dir='ltr'><strong>Quocirca,</strong></span> <span class='ocrx_word' id='word_1_519' title='bbox 1589 1667 1650 1695; x_wconf 83' lang='lat' dir='ltr'><strong>Act.</strong></span> <span class='ocrx_word' id='word_1_520' title='bbox 1670 1675 1715 1699; x_wconf 85' lang='lat' dir='ltr'><strong>xv,</strong></span> <span class='ocrx_word' id='word_1_521' title='bbox 1729 1667 1778 1699; x_wconf 74' lang='lat'><strong>52,</strong></span> <span class='ocrx_word' id='word_1_522' title='bbox 1800 1667 1916 1694; x_wconf 88' lang='lat' dir='ltr'><strong>habetur</strong></span> <span class='ocrx_word' id='word_1_523' title='bbox 1930 1675 1937 1692; x_wconf 92' lang='lat'>:</span> <span class='ocrx_word' id='word_1_524' title='bbox 1955 1665 2054 1698; x_wconf 86' lang='grc' dir='ltr'><strong>Ἰούδας</strong></span> <span class='ocrx_word' id='word_1_525' title='bbox 2068 1665 2097 1692; x_wconf 80' lang='grc' dir='ltr'><strong>δὲ</strong></span> <span class='ocrx_word' id='word_1_526' title='bbox 2112 1666 2162 1692; x_wconf 75' lang='grc' dir='ltr'>καὶ</span> <span class='ocrx_word' id='word_1_527' title='bbox 2175 1666 2218 1691; x_wconf 77' lang='grc' dir='ltr'><strong>Σί-</strong></span> 
     </span>
    </p>
   </div>
   <div class='ocr_carea' id='block_1_73' title="bbox 1428 1713 2220 1750">
    <p class='ocr_par' dir='ltr' id='par_1_73' title="bbox 1428 1713 2220 1750">
     <span class='ocr_line' id='line_1_73' title="bbox 1428 1713 2220 1750; baseline -0.001 -9"><span class='ocrx_word' id='word_1_528' title='bbox 1428 1714 1476 1746; x_wconf 89' lang='grc' dir='ltr'><strong>λας</strong></span> <span class='ocrx_word' id='word_1_529' title='bbox 1491 1715 1538 1742; x_wconf 75' lang='grc' dir='ltr'>καὶ</span> <span class='ocrx_word' id='word_1_530' title='bbox 1553 1714 1629 1741; x_wconf 79' lang='grc' dir='ltr'>αὐτοὶ</span> <span class='ocrx_word' id='word_1_531' title='bbox 1643 1714 1779 1750; x_wconf 80' lang='grc' dir='ltr'><strong>προφῆται</strong></span> <span class='ocrx_word' id='word_1_532' title='bbox 1792 1713 1928 1747; x_wconf 73' lang='grc' dir='ltr'><strong>δντες,δι.³ι</strong></span> <span class='ocrx_word' id='word_1_533' title='bbox 1938 1713 2017 1748; x_wconf 87' lang='grc' dir='ltr'>λόγου</span> <span class='ocrx_word' id='word_1_534' title='bbox 2033 1713 2132 1741; x_wconf 81' lang='grc' dir='ltr'>πολλοῦ</span> <span class='ocrx_word' id='word_1_535' title='bbox 2149 1722 2220 1748; x_wconf 78' lang='grc' dir='ltr'>παρ·</span> 
     </span>
    </p>
   </div>
   <div class='ocr_carea' id='block_1_74' title="bbox 1428 1759 2220 1796">
    <p class='ocr_par' dir='ltr' id='par_1_74' title="bbox 1428 1759 2220 1796">
     <span class='ocr_line' id='line_1_74' title="bbox 1428 1759 2220 1796; baseline -0.001 -10"><span class='ocrx_word' id='word_1_536' title='bbox 1428 1759 1559 1787; x_wconf 80' lang='grc' dir='ltr'>εκάλεσαν</span> <span class='ocrx_word' id='word_1_537' title='bbox 1589 1760 1652 1791; x_wconf 80' lang='grc' dir='ltr'>τοὺς</span> <span class='ocrx_word' id='word_1_538' title='bbox 1675 1759 1825 1794; x_wconf 83' lang='grc' dir='ltr'>ἀδελφοὺς,</span> <span class='ocrx_word' id='word_1_539' title='bbox 1851 1760 1900 1786; x_wconf 74' lang='grc' dir='ltr'><strong>καὶ</strong></span> <span class='ocrx_word' id='word_1_540' title='bbox 1923 1759 2114 1796; x_wconf 78' lang='grc' dir='ltr'><strong>ἐπεστήριξαν.</strong></span> <span class='ocrx_word' id='word_1_541' title='bbox 2138 1759 2220 1786; x_wconf 76' lang='lat' dir='ltr'><strong>Juxta</strong></span> 
     </span>
    </p>
   </div>
   <div class='ocr_carea' id='block_1_75' title="bbox 1429 1805 2218 1840">
    <p class='ocr_par' dir='ltr' id='par_1_75' title="bbox 1429 1805 2218 1840">
     <span class='ocr_line' id='line_1_75' title="bbox 1429 1805 2218 1840; baseline 0 -8"><span class='ocrx_word' id='word_1_542' title='bbox 1429 1811 1552 1833; x_wconf 89' lang='lat' dir='ltr'><strong>nostrum</strong></span> <span class='ocrx_word' id='word_1_543' title='bbox 1577 1806 1776 1840; x_wconf 86' lang='lat' dir='ltr'><strong>interpretem:</strong></span> <span class='ocrx_word' id='word_1_544' title='bbox 1806 1805 1893 1833; x_wconf 74' lang='lat' dir='ltr'><strong>ludas</strong></span> <span class='ocrx_word' id='word_1_545' title='bbox 1918 1811 2007 1833; x_wconf 89' lang='lat' dir='ltr'><strong>autem</strong></span> <span class='ocrx_word' id='word_1_546' title='bbox 2031 1811 2057 1833; x_wconf 89' lang='lat' dir='ltr'><strong>et</strong></span> <span class='ocrx_word' id='word_1_547' title='bbox 2082 1805 2170 1840; x_wconf 84' lang='lat' dir='ltr'><strong>Silas,</strong></span> <span class='ocrx_word' id='word_1_548' title='bbox 2195 1811 2218 1832; x_wconf 81' lang='lat' dir='ltr'><strong>et</strong></span> 
     </span>
    </p>
   </div>
   <div class='ocr_carea' id='block_1_76' title="bbox 1428 1850 2218 1886">
    <p class='ocr_par' dir='ltr' id='par_1_76' title="bbox 1428 1850 2218 1886">
     <span class='ocr_line' id='line_1_76' title="bbox 1428 1850 2218 1886; baseline 0.003 -10"><span class='ocrx_word' id='word_1_549' title='bbox 1428 1850 1478 1884; x_wconf 84' lang='lat' dir='ltr'><strong>ipsi</strong></span> <span class='ocrx_word' id='word_1_550' title='bbox 1502 1858 1561 1877; x_wconf 89' lang='lat' dir='ltr'><strong>cum</strong></span> <span class='ocrx_word' id='word_1_551' title='bbox 1581 1855 1666 1877; x_wconf 83' lang='lat' dir='ltr'><strong>essent</strong></span> <span class='ocrx_word' id='word_1_552' title='bbox 1685 1850 1838 1885; x_wconf 63' lang='lat' dir='ltr'><strong>prophetae,</strong></span> <span class='ocrx_word' id='word_1_553' title='bbox 1862 1850 1937 1878; x_wconf 78' lang='lat' dir='ltr'><strong>uerbo</strong></span> <span class='ocrx_word' id='word_1_554' title='bbox 1953 1851 2068 1886; x_wconf 88' lang='lat' dir='ltr'><strong>plurimo</strong></span> <span class='ocrx_word' id='word_1_555' title='bbox 2086 1852 2218 1878; x_wconf 86' lang='lat' dir='ltr'><strong>consolati</strong></span> 
     </span>
    </p>
   </div>
   <div class='ocr_carea' id='block_1_77' title="bbox 1427 1896 2216 1932">
    <p class='ocr_par' dir='ltr' id='par_1_77' title="bbox 1427 1896 2216 1932">
     <span class='ocr_line' id='line_1_77' title="bbox 1427 1896 2216 1932; baseline 0.003 -9"><span class='ocrx_word' id='word_1_556' title='bbox 1427 1901 1489 1923; x_wconf 84' lang='lat' dir='ltr'><strong>sunt</strong></span> <span class='ocrx_word' id='word_1_557' title='bbox 1514 1896 1622 1932; x_wconf 74' lang='lat' dir='ltr'><strong>fratres,</strong></span> <span class='ocrx_word' id='word_1_558' title='bbox 1640 1901 1665 1924; x_wconf 91' lang='lat' dir='ltr'><strong>et</strong></span> <span class='ocrx_word' id='word_1_559' title='bbox 1685 1897 1914 1932; x_wconf 75' lang='lat' dir='ltr'><strong>confirmaverunt.</strong></span> <span class='ocrx_word' id='word_1_560' title='bbox 1938 1897 1970 1924; x_wconf 80' lang='lat' dir='ltr'><strong>Et</strong></span> <span class='ocrx_word' id='word_1_561' title='bbox 1989 1897 2000 1924; x_wconf 79' lang='grc' dir='ltr'><strong>Ι</strong></span> <span class='ocrx_word' id='word_1_562' title='bbox 2021 1897 2088 1925; x_wconf 86' lang='lat' dir='ltr'><strong>Cor.</strong></span> <span class='ocrx_word' id='word_1_563' title='bbox 2106 1906 2166 1930; x_wconf 82' lang='lat' dir='ltr'><strong>xtv,</strong></span> <span class='ocrx_word' id='word_1_564' title='bbox 2180 1898 2216 1924; x_wconf 81' lang='lat'><strong>3:</strong></span> 
     </span>
    </p>
   </div>
   <div class='ocr_carea' id='block_1_78' title="bbox 1435 1943 2217 1979">
    <p class='ocr_par' dir='ltr' id='par_1_78' title="bbox 1435 1943 2217 1979">
     <span class='ocr_line' id='line_1_78' title="bbox 1435 1943 2217 1979; baseline 0 -9"><span class='ocrx_word' id='word_1_565' title='bbox 1435 1943 1462 1970; x_wconf 82' lang='lat'><strong>&#39;0</strong></span> <span class='ocrx_word' id='word_1_566' title='bbox 1481 1943 1510 1970; x_wconf 84' lang='grc' dir='ltr'><strong>δὲ</strong></span> <span class='ocrx_word' id='word_1_567' title='bbox 1530 1943 1708 1979; x_wconf 80' lang='grc' dir='ltr'><strong>προφητεύων</strong></span> <span class='ocrx_word' id='word_1_568' title='bbox 1733 1943 1886 1979; x_wconf 82' lang='grc' dir='ltr'>ἀνθρώποις</span> <span class='ocrx_word' id='word_1_569' title='bbox 1906 1943 1981 1971; x_wconf 85' lang='grc' dir='ltr'>λαλεῖ</span> <span class='ocrx_word' id='word_1_570' title='bbox 2006 1944 2154 1979; x_wconf 77' lang='grc' dir='ltr'>οἰκοδομὴν</span> <span class='ocrx_word' id='word_1_571' title='bbox 2172 1945 2217 1970; x_wconf 72' lang='grc' dir='ltr'><strong>καὶ</strong></span> 
     </span>
    </p>
   </div>
   <div class='ocr_carea' id='block_1_79' title="bbox 1427 1988 2216 2025">
    <p class='ocr_par' dir='ltr' id='par_1_79' title="bbox 1427 1988 2216 2025">
     <span class='ocr_line' id='line_1_79' title="bbox 1427 1988 2216 2025; baseline -0.003 -9"><span class='ocrx_word' id='word_1_572' title='bbox 1427 1988 1598 2025; x_wconf 82' lang='grc' dir='ltr'>παράκλησιν</span> <span class='ocrx_word' id='word_1_573' title='bbox 1616 1990 1663 2016; x_wconf 75' lang='grc' dir='ltr'>καὶ</span> <span class='ocrx_word' id='word_1_574' title='bbox 1681 1988 1868 2025; x_wconf 75' lang='grc' dir='ltr'>παραμυθίαν.</span> <span class='ocrx_word' id='word_1_575' title='bbox 1896 1988 1968 2015; x_wconf 90' lang='lat' dir='ltr'><strong>Nam</strong></span> <span class='ocrx_word' id='word_1_576' title='bbox 1993 1989 2039 2024; x_wconf 87' lang='lat' dir='ltr'><strong>qui</strong></span> <span class='ocrx_word' id='word_1_577' title='bbox 2065 1989 2216 2024; x_wconf 82' lang='lat' dir='ltr'><strong>prophetat,</strong></span> 
     </span>
    </p>
   </div>
   <div class='ocr_carea' id='block_1_80' title="bbox 1427 2035 2217 2070">
    <p class='ocr_par' dir='ltr' id='par_1_80' title="bbox 1427 2035 2217 2070">
     <span class='ocr_line' id='line_1_80' title="bbox 1427 2035 2217 2070; baseline -0.003 -8"><span class='ocrx_word' id='word_1_578' title='bbox 1427 2035 1576 2062; x_wconf 86' lang='lat' dir='ltr'><strong>hominibus</strong></span> <span class='ocrx_word' id='word_1_579' title='bbox 1590 2035 1708 2070; x_wconf 84' lang='lat' dir='ltr'><strong>loquitur</strong></span> <span class='ocrx_word' id='word_1_580' title='bbox 1722 2035 1756 2061; x_wconf 91' lang='lat' dir='ltr'><strong>ad</strong></span> <span class='ocrx_word' id='word_1_581' title='bbox 1769 2035 1973 2069; x_wconf 64' lang='lat' dir='ltr'><strong>aediﬁcationem</strong></span> <span class='ocrx_word' id='word_1_582' title='bbox 1983 2054 1990 2067; x_wconf 87' lang='lat'><strong>,</strong></span> <span class='ocrx_word' id='word_1_583' title='bbox 2013 2039 2038 2061; x_wconf 87' lang='lat' dir='ltr'><strong>et</strong></span> <span class='ocrx_word' id='word_1_584' title='bbox 2052 2035 2217 2062; x_wconf 70' lang='lat' dir='ltr'><strong>exhortatio-</strong></span> 
     </span>
    </p>
   </div>
   <div class='ocr_carea' id='block_1_81' title="bbox 1426 2080 2217 2115">
    <p class='ocr_par' dir='ltr' id='par_1_81' title="bbox 1426 2080 2217 2115">
     <span class='ocr_line' id='line_1_81' title="bbox 1426 2080 2217 2115; baseline -0.004 -6"><span class='ocrx_word' id='word_1_585' title='bbox 1426 2090 1502 2115; x_wconf 87' lang='lat' dir='ltr'><strong>nem,</strong></span> <span class='ocrx_word' id='word_1_586' title='bbox 1524 2086 1549 2108; x_wconf 82' lang='lat' dir='ltr'><strong>et</strong></span> <span class='ocrx_word' id='word_1_587' title='bbox 1573 2081 1790 2109; x_wconf 88' lang='lat' dir='ltr'><strong>consolationem.</strong></span> <span class='ocrx_word' id='word_1_588' title='bbox 1831 2080 1908 2108; x_wconf 84' lang='lat' dir='ltr'><strong>Vers.</strong></span> <span class='ocrx_word' id='word_1_589' title='bbox 1933 2080 1965 2107; x_wconf 79' lang='grc'><strong>51</strong></span> <span class='ocrx_word' id='word_1_590' title='bbox 1985 2089 1992 2107; x_wconf 89' lang='lat'><strong>:</strong></span> <span class='ocrx_word' id='word_1_591' title='bbox 2018 2080 2143 2107; x_wconf 82' lang='grc' dir='ltr'>Δύνασθε</span> <span class='ocrx_word' id='word_1_592' title='bbox 2165 2081 2217 2115; x_wconf 69' lang='grc' dir='ltr'><strong>γὰρ</strong></span> 
     </span>
    </p>
   </div>
   <div class='ocr_carea' id='block_1_82' title="bbox 1427 2126 2216 2163">
    <p class='ocr_par' dir='ltr' id='par_1_82' title="bbox 1427 2126 2216 2163">
     <span class='ocr_line' id='line_1_82' title="bbox 1427 2126 2216 2163; baseline -0.004 -8"><span class='ocrx_word' id='word_1_593' title='bbox 1427 2128 1487 2155; x_wconf 79' lang='grc' dir='ltr'>καθ’</span> <span class='ocrx_word' id='word_1_594' title='bbox 1500 2128 1548 2154; x_wconf 72' lang='grc' dir='ltr'>ἕνα</span> <span class='ocrx_word' id='word_1_595' title='bbox 1561 2127 1662 2158; x_wconf 85' lang='grc' dir='ltr'>πάντες</span> <span class='ocrx_word' id='word_1_596' title='bbox 1673 2127 1864 2163; x_wconf 78' lang='grc' dir='ltr'>προφητεύειν,</span> <span class='ocrx_word' id='word_1_597' title='bbox 1877 2127 1920 2153; x_wconf 80' lang='grc' dir='ltr'>ἵνα</span> <span class='ocrx_word' id='word_1_598' title='bbox 1934 2126 2034 2158; x_wconf 77' lang='grc' dir='ltr'>πάντες</span> <span class='ocrx_word' id='word_1_599' title='bbox 2048 2126 2216 2161; x_wconf 68' lang='grc' dir='ltr'>μανθάνωσι,</span> 
     </span>
    </p>
   </div>
   <div class='ocr_carea' id='block_1_83' title="bbox 1428 2172 2215 2209">
    <p class='ocr_par' dir='ltr' id='par_1_83' title="bbox 1428 2172 2215 2209">
     <span class='ocr_line' id='line_1_83' title="bbox 1428 2172 2215 2209; baseline -0.001 -9"><span class='ocrx_word' id='word_1_600' title='bbox 1428 2175 1475 2201; x_wconf 72' lang='grc' dir='ltr'><strong>καὶ</strong></span> <span class='ocrx_word' id='word_1_601' title='bbox 1498 2174 1598 2206; x_wconf 82' lang='grc' dir='ltr'>πάντες</span> <span class='ocrx_word' id='word_1_602' title='bbox 1620 2173 1841 2209; x_wconf 77' lang='grc' dir='ltr'>παρακαλῶνται.</span> <span class='ocrx_word' id='word_1_603' title='bbox 1868 2172 1906 2200; x_wconf 85' lang='lat' dir='ltr'><strong>Ex</strong></span> <span class='ocrx_word' id='word_1_604' title='bbox 1932 2173 2030 2200; x_wconf 86' lang='lat' dir='ltr'><strong>eadem</strong></span> <span class='ocrx_word' id='word_1_605' title='bbox 2068 2174 2215 2201; x_wconf 75' lang='lat' dir='ltr'><strong>versione:</strong></span> 
     </span>
    </p>
   </div>
   <div class='ocr_carea' id='block_1_84' title="bbox 1426 2217 2218 2254">
    <p class='ocr_par' dir='ltr' id='par_1_84' title="bbox 1426 2217 2218 2254">
     <span class='ocr_line' id='line_1_84' title="bbox 1426 2217 2218 2254; baseline -0.003 -9"><span class='ocrx_word' id='word_1_606' title='bbox 1426 2218 1542 2246; x_wconf 83' lang='lat' dir='ltr'><strong>Potestis</strong></span> <span class='ocrx_word' id='word_1_607' title='bbox 1564 2219 1634 2245; x_wconf 89' lang='lat' dir='ltr'><strong>enim</strong></span> <span class='ocrx_word' id='word_1_608' title='bbox 1657 2226 1745 2245; x_wconf 87' lang='lat' dir='ltr'><strong>omnes</strong></span> <span class='ocrx_word' id='word_1_609' title='bbox 1767 2226 1813 2254; x_wconf 82' lang='lat' dir='ltr'><strong>per</strong></span> <span class='ocrx_word' id='word_1_610' title='bbox 1839 2219 1956 2253; x_wconf 83' lang='lat' dir='ltr'><strong>singulos</strong></span> <span class='ocrx_word' id='word_1_611' title='bbox 1983 2217 2161 2252; x_wconf 87' lang='lat' dir='ltr'><strong>prophetare,</strong></span> <span class='ocrx_word' id='word_1_612' title='bbox 2187 2223 2218 2243; x_wconf 79' lang='lat' dir='ltr'><strong>ut</strong></span> 
     </span>
    </p>
   </div>
   <div class='ocr_carea' id='block_1_85' title="bbox 1427 2264 1983 2298">
    <p class='ocr_par' dir='ltr' id='par_1_85' title="bbox 1427 2264 1983 2298">
     <span class='ocr_line' id='line_1_85' title="bbox 1427 2264 1983 2298; baseline -0.004 -6"><span class='ocrx_word' id='word_1_613' title='bbox 1427 2273 1515 2292; x_wconf 86' lang='lat' dir='ltr'><strong>omnes</strong></span> <span class='ocrx_word' id='word_1_614' title='bbox 1528 2265 1644 2298; x_wconf 84' lang='lat' dir='ltr'><strong>discant,</strong></span> <span class='ocrx_word' id='word_1_615' title='bbox 1658 2269 1683 2292; x_wconf 86' lang='lat' dir='ltr'><strong>et</strong></span> <span class='ocrx_word' id='word_1_616' title='bbox 1700 2272 1787 2291; x_wconf 89' lang='lat' dir='ltr'><strong>omnes</strong></span> <span class='ocrx_word' id='word_1_617' title='bbox 1804 2264 1983 2291; x_wconf 85' lang='lat' dir='ltr'><strong>exhortentur.</strong></span> 
     </span>
    </p>
   </div>
   <div class='ocr_carea' id='block_1_86' title="bbox 1462 2308 2217 2338">
    <p class='ocr_par' dir='ltr' id='par_1_86' title="bbox 1462 2308 2217 2338">
     <span class='ocr_line' id='line_1_86' title="bbox 1462 2308 2217 2338; baseline -0.003 -1"><span class='ocrx_word' id='word_1_618' title='bbox 1462 2309 1540 2338; x_wconf 84' lang='lat' dir='ltr'><strong>Hunc</strong></span> <span class='ocrx_word' id='word_1_619' title='bbox 1553 2310 1708 2337; x_wconf 83' lang='lat' dir='ltr'><strong>Barnabam</strong></span> <span class='ocrx_word' id='word_1_620' title='bbox 1722 2309 1861 2337; x_wconf 86' lang='lat' dir='ltr'><strong>exstitisse</strong></span> <span class='ocrx_word' id='word_1_621' title='bbox 1872 2317 1958 2337; x_wconf 90' lang='lat' dir='ltr'><strong>unum</strong></span> <span class='ocrx_word' id='word_1_622' title='bbox 1973 2316 2007 2336; x_wconf 89' lang='lat' dir='ltr'><strong>ex</strong></span> <span class='ocrx_word' id='word_1_623' title='bbox 2020 2308 2094 2336; x_wconf 76' lang='lat' dir='ltr'><strong>LXX</strong></span> <span class='ocrx_word' id='word_1_624' title='bbox 2108 2309 2217 2337; x_wconf 88' lang='lat' dir='ltr'><strong>Domini</strong></span> 
     </span>
    </p>
   </div>
   <div class='ocr_carea' id='block_1_87' title="bbox 1426 2355 2218 2391">
    <p class='ocr_par' dir='ltr' id='par_1_87' title="bbox 1426 2355 2218 2391">
     <span class='ocr_line' id='line_1_87' title="bbox 1426 2355 2218 2391; baseline -0.004 -7"><span class='ocrx_word' id='word_1_625' title='bbox 1426 2356 1569 2391; x_wconf 86' lang='lat' dir='ltr'><strong>discipulis</strong></span> <span class='ocrx_word' id='word_1_626' title='bbox 1584 2355 1758 2390; x_wconf 85' lang='lat' dir='ltr'><strong>comprobari</strong></span> <span class='ocrx_word' id='word_1_627' title='bbox 1782 2359 1872 2390; x_wconf 80' lang='lat' dir='ltr'><strong>potest</strong></span> <span class='ocrx_word' id='word_1_628' title='bbox 1897 2355 2054 2383; x_wconf 81' lang='lat' dir='ltr'><strong>testimonio</strong></span> <span class='ocrx_word' id='word_1_629' title='bbox 2067 2355 2218 2383; x_wconf 87' lang='lat' dir='ltr'><strong>Clementis</strong></span> 
     </span>
    </p>
   </div>
   <div class='ocr_carea' id='block_1_88' title="bbox 1426 2399 2218 2435">
    <p class='ocr_par' dir='ltr' id='par_1_88' title="bbox 1426 2399 2218 2435">
     <span class='ocr_line' id='line_1_88' title="bbox 1426 2399 2218 2435; baseline -0.004 -6"><span class='ocrx_word' id='word_1_630' title='bbox 1426 2401 1615 2434; x_wconf 79' lang='lat' dir='ltr'><strong>Alexandrini,</strong></span> <span class='ocrx_word' id='word_1_631' title='bbox 1630 2409 1692 2428; x_wconf 86' lang='lat' dir='ltr'><strong>cum</strong></span> <span class='ocrx_word' id='word_1_632' title='bbox 1707 2400 1754 2428; x_wconf 89' lang='lat' dir='ltr'><strong>lib.</strong></span> <span class='ocrx_word' id='word_1_633' title='bbox 1768 2408 1788 2427; x_wconf 93' lang='grc' dir='ltr'>ιι</span> <span class='ocrx_word' id='word_1_634' title='bbox 1801 2399 1979 2433; x_wconf 86' lang='lat' dir='ltr'><strong>Stramateon,</strong></span> <span class='ocrx_word' id='word_1_635' title='bbox 2002 2405 2061 2427; x_wconf 88' lang='lat' dir='ltr'><strong>tum</strong></span> <span class='ocrx_word' id='word_1_636' title='bbox 2077 2400 2106 2427; x_wconf 91' lang='lat' dir='ltr'><strong>in</strong></span> <span class='ocrx_word' id='word_1_637' title='bbox 2125 2400 2218 2435; x_wconf 69' lang='lat' dir='ltr'><strong>Hypo~</strong></span> 
     </span>
    </p>
   </div>
   <div class='ocr_carea' id='block_1_89' title="bbox 1428 2445 2217 2484">
    <p class='ocr_par' dir='ltr' id='par_1_89' title="bbox 1428 2445 2217 2484">
     <span class='ocr_line' id='line_1_89' title="bbox 1428 2445 2217 2484; baseline 0 -8"><span class='ocrx_word' id='word_1_638' title='bbox 1428 2448 1561 2484; x_wconf 84' lang='lat' dir='ltr'><strong>typosibus</strong></span> <span class='ocrx_word' id='word_1_639' title='bbox 1570 2447 1641 2483; x_wconf 84' lang='lat' dir='ltr'><strong>apud</strong></span> <span class='ocrx_word' id='word_1_640' title='bbox 1653 2446 1811 2480; x_wconf 83' lang='lat' dir='ltr'><strong>Eusebium,</strong></span> <span class='ocrx_word' id='word_1_641' title='bbox 1824 2445 1898 2474; x_wconf 84' lang='lat' dir='ltr'><strong>Hist.</strong></span> <span class='ocrx_word' id='word_1_642' title='bbox 1923 2446 1988 2475; x_wconf 84' lang='lat' dir='ltr'><strong>eccl.</strong></span> <span class='ocrx_word' id='word_1_643' title='bbox 1997 2447 2046 2474; x_wconf 92' lang='lat' dir='ltr'><strong>lib.</strong></span> <span class='ocrx_word' id='word_1_644' title='bbox 2061 2455 2083 2480; x_wconf 83' lang='grc' dir='ltr'><strong>ι,</strong></span> <span class='ocrx_word' id='word_1_645' title='bbox 2094 2454 2158 2482; x_wconf 85' lang='lat' dir='ltr'><strong>cap.</strong></span> <span class='ocrx_word' id='word_1_646' title='bbox 2171 2447 2217 2476; x_wconf 73' lang='grc' dir='ltr'><strong>Β,</strong></span> 
     </span>
    </p>
   </div>
   <div class='ocr_carea' id='block_1_90' title="bbox 1426 2492 2217 2527">
    <p class='ocr_par' dir='ltr' id='par_1_90' title="bbox 1426 2492 2217 2527">
     <span class='ocr_line' id='line_1_90' title="bbox 1426 2492 2217 2527; baseline -0.001 -6"><span class='ocrx_word' id='word_1_647' title='bbox 1426 2499 1453 2521; x_wconf 90' lang='lat' dir='ltr'><strong>et</strong></span> <span class='ocrx_word' id='word_1_648' title='bbox 1468 2494 1514 2521; x_wconf 91' lang='lat' dir='ltr'><strong>lib.</strong></span> <span class='ocrx_word' id='word_1_649' title='bbox 1531 2502 1551 2520; x_wconf 94' lang='grc' dir='ltr'>ιι</span> <span class='ocrx_word' id='word_1_650' title='bbox 1564 2514 1572 2527; x_wconf 84' lang='grc'><em>,</em></span> <span class='ocrx_word' id='word_1_651' title='bbox 1590 2501 1650 2527; x_wconf 89' lang='lat' dir='ltr'><strong>cap.</strong></span> <span class='ocrx_word' id='word_1_652' title='bbox 1668 2493 1698 2526; x_wconf 80' lang='lat' dir='ltr'><strong>l;</strong></span> <span class='ocrx_word' id='word_1_653' title='bbox 1717 2499 1834 2527; x_wconf 81' lang='lat' dir='ltr'><strong>eamque</strong></span> <span class='ocrx_word' id='word_1_654' title='bbox 1859 2492 2034 2519; x_wconf 83' lang='lat' dir='ltr'><strong>traditionem</strong></span> <span class='ocrx_word' id='word_1_655' title='bbox 2060 2498 2217 2527; x_wconf 82' lang='lat' dir='ltr'><strong>sequuntur</strong></span> 
     </span>
    </p>
   </div>
   <div class='ocr_carea' id='block_1_91' title="bbox 1427 2536 2216 2573">
    <p class='ocr_par' dir='ltr' id='par_1_91' title="bbox 1427 2536 2216 2573">
     <span class='ocr_line' id='line_1_91' title="bbox 1427 2536 2216 2573; baseline 0.001 -9"><span class='ocrx_word' id='word_1_656' title='bbox 1427 2537 1594 2573; x_wconf 82' lang='lat' dir='ltr'><strong>Epiphanius</strong></span> <span class='ocrx_word' id='word_1_657' title='bbox 1609 2538 1637 2565; x_wconf 89' lang='lat' dir='ltr'><strong>in</strong></span> <span class='ocrx_word' id='word_1_658' title='bbox 1656 2537 1708 2564; x_wconf 87' lang='lat' dir='ltr'><strong>[ine</strong></span> <span class='ocrx_word' id='word_1_659' title='bbox 1723 2541 1789 2564; x_wconf 85' lang='lat' dir='ltr'><strong>tom.</strong></span> <span class='ocrx_word' id='word_1_660' title='bbox 1806 2536 1826 2569; x_wconf 90' lang='lat' dir='ltr'><strong>I,</strong></span> <span class='ocrx_word' id='word_1_661' title='bbox 1844 2537 1892 2564; x_wconf 93' lang='lat' dir='ltr'><strong>lib.</strong></span> <span class='ocrx_word' id='word_1_662' title='bbox 1909 2545 1930 2570; x_wconf 88' lang='grc' dir='ltr'><strong>ι,</strong></span> <span class='ocrx_word' id='word_1_663' title='bbox 1943 2537 2078 2564; x_wconf 78' lang='lat' dir='ltr'><strong>Adversus</strong></span> <span class='ocrx_word' id='word_1_664' title='bbox 2091 2538 2216 2570; x_wconf 62' lang='lat' dir='ltr'><strong>hereses,</strong></span> 
     </span>
    </p>
   </div>
   <div class='ocr_carea' id='block_1_92' title="bbox 1426 2582 2216 2616">
    <p class='ocr_par' dir='ltr' id='par_1_92' title="bbox 1426 2582 2216 2616">
     <span class='ocr_line' id='line_1_92' title="bbox 1426 2582 2216 2616; baseline 0 -5"><span class='ocrx_word' id='word_1_665' title='bbox 1426 2588 1522 2611; x_wconf 87' lang='lat' dir='ltr'><strong>auctor</strong></span> <span class='ocrx_word' id='word_1_666' title='bbox 1549 2584 1674 2613; x_wconf 79' lang='lat' dir='ltr'><strong>Chronici</strong></span> <span class='ocrx_word' id='word_1_667' title='bbox 1694 2582 1760 2610; x_wconf 86' lang='lat' dir='ltr'><strong>dicti</strong></span> <span class='ocrx_word' id='word_1_668' title='bbox 1784 2583 1982 2616; x_wconf 77' lang='lat' dir='ltr'><strong>Alexandrini,</strong></span> <span class='ocrx_word' id='word_1_669' title='bbox 2007 2582 2163 2611; x_wconf 84' lang='lat' dir='ltr'><strong>Dorotheus</strong></span> <span class='ocrx_word' id='word_1_670' title='bbox 2186 2584 2216 2610; x_wconf 92' lang='lat' dir='ltr'><strong>in</strong></span> 
     </span>
    </p>
   </div>
   <div class='ocr_carea' id='block_1_93' title="bbox 1426 2626 2215 2664">
    <p class='ocr_par' dir='ltr' id='par_1_93' title="bbox 1426 2626 2215 2664">
     <span class='ocr_line' id='line_1_93' title="bbox 1426 2626 2215 2664; baseline 0.004 -10"><span class='ocrx_word' id='word_1_671' title='bbox 1426 2627 1540 2663; x_wconf 80' lang='lat' dir='ltr'><strong>Synopsi</strong></span> <span class='ocrx_word' id='word_1_672' title='bbox 1550 2648 1558 2661; x_wconf 88' lang='lat'><strong>,</strong></span> <span class='ocrx_word' id='word_1_673' title='bbox 1578 2632 1606 2654; x_wconf 84' lang='lat' dir='ltr'><strong>et</strong></span> <span class='ocrx_word' id='word_1_674' title='bbox 1619 2627 1638 2653; x_wconf 90' lang='lat' dir='ltr'><strong>ii</strong></span> <span class='ocrx_word' id='word_1_675' title='bbox 1655 2628 1700 2662; x_wconf 90' lang='lat' dir='ltr'><strong>qui</strong></span> <span class='ocrx_word' id='word_1_676' title='bbox 1717 2626 1849 2655; x_wconf 64' lang='lat' dir='ltr'><strong>Barnabas</strong></span> <span class='ocrx_word' id='word_1_677' title='bbox 1870 2635 1914 2655; x_wconf 87' lang='lat' dir='ltr'><strong>res</strong></span> <span class='ocrx_word' id='word_1_678' title='bbox 1929 2632 2021 2663; x_wconf 78' lang='lat' dir='ltr'><strong>gestas</strong></span> <span class='ocrx_word' id='word_1_679' title='bbox 2039 2629 2215 2664; x_wconf 79' lang='lat' dir='ltr'><strong>conscripse-</strong></span> 
     </span>
    </p>
   </div>
   <div class='ocr_carea' id='block_1_94' title="bbox 1427 2673 2213 2709">
    <p class='ocr_par' dir='ltr' id='par_1_94' title="bbox 1427 2673 2213 2709">
     <span class='ocr_line' id='line_1_94' title="bbox 1427 2673 2213 2709; baseline 0 -8"><span class='ocrx_word' id='word_1_680' title='bbox 1427 2678 1500 2701; x_wconf 90' lang='lat' dir='ltr'><strong>runt.</strong></span> <span class='ocrx_word' id='word_1_681' title='bbox 1520 2673 1620 2701; x_wconf 80' lang='lat' dir='ltr'><strong>Contra</strong></span> <span class='ocrx_word' id='word_1_682' title='bbox 1635 2673 1730 2708; x_wconf 76' lang='lat' dir='ltr'><strong>objicit</strong></span> <span class='ocrx_word' id='word_1_683' title='bbox 1749 2673 1822 2701; x_wconf 87' lang='lat' dir='ltr'><strong>Beda</strong></span> <span class='ocrx_word' id='word_1_684' title='bbox 1844 2673 1873 2700; x_wconf 90' lang='lat' dir='ltr'><strong>iu</strong></span> <span class='ocrx_word' id='word_1_685' title='bbox 1894 2673 1954 2701; x_wconf 80' lang='lat' dir='ltr'><strong>Act.</strong></span> <span class='ocrx_word' id='word_1_686' title='bbox 1981 2682 2029 2701; x_wconf 86' lang='lat' dir='ltr'><strong>tv:</strong></span> <span class='ocrx_word' id='word_1_687' title='bbox 2047 2674 2148 2701; x_wconf 79' lang='lat' dir='ltr'><strong>Mirum</strong></span> <span class='ocrx_word' id='word_1_688' title='bbox 2161 2683 2213 2709; x_wconf 74' lang='lat' dir='ltr'><strong>quo</strong></span> 
     </span>
    </p>
   </div>
   <div class='ocr_carea' id='block_1_95' title="bbox 1425 2718 2213 2755">
    <p class='ocr_par' dir='ltr' id='par_1_95' title="bbox 1425 2718 2213 2755">
     <span class='ocr_line' id='line_1_95' title="bbox 1425 2718 2213 2755; baseline -0.001 -9"><span class='ocrx_word' id='word_1_689' title='bbox 1425 2720 1502 2747; x_wconf 87' lang='lat' dir='ltr'><strong>modo</strong></span> <span class='ocrx_word' id='word_1_690' title='bbox 1513 2719 1580 2746; x_wconf 86' lang='lat' dir='ltr'><strong>hunc</strong></span> <span class='ocrx_word' id='word_1_691' title='bbox 1594 2718 1757 2752; x_wconf 87' lang='lat' dir='ltr'><strong>Barnabam,</strong></span> <span class='ocrx_word' id='word_1_692' title='bbox 1769 2719 1814 2754; x_wconf 81' lang='lat' dir='ltr'><strong>qui</strong></span> <span class='ocrx_word' id='word_1_693' title='bbox 1827 2723 1916 2753; x_wconf 83' lang='lat' dir='ltr'><strong>postea</strong></span> <span class='ocrx_word' id='word_1_694' title='bbox 1928 2728 1988 2746; x_wconf 90' lang='lat' dir='ltr'><strong>cum</strong></span> <span class='ocrx_word' id='word_1_695' title='bbox 1998 2719 2087 2746; x_wconf 82' lang='lat' dir='ltr'><strong>Paulo</strong></span> <span class='ocrx_word' id='word_1_696' title='bbox 2097 2720 2213 2755; x_wconf 68' lang='lat' dir='ltr'><strong>gentium</strong></span> 
     </span>
    </p>
   </div>
   <div class='ocr_carea' id='block_1_96' title="bbox 1425 2765 2211 2800">
    <p class='ocr_par' dir='ltr' id='par_1_96' title="bbox 1425 2765 2211 2800">
     <span class='ocr_line' id='line_1_96' title="bbox 1425 2765 2211 2800; baseline -0.003 -7"><span class='ocrx_word' id='word_1_697' title='bbox 1425 2771 1464 2793; x_wconf 85' lang='lat' dir='ltr'><strong>est</strong></span> <span class='ocrx_word' id='word_1_698' title='bbox 1481 2765 1619 2793; x_wconf 84' lang='lat' dir='ltr'><strong>ordinatus</strong></span> <span class='ocrx_word' id='word_1_699' title='bbox 1631 2765 1781 2799; x_wconf 84' lang='lat' dir='ltr'><strong>apostolus,</strong></span> <span class='ocrx_word' id='word_1_700' title='bbox 1799 2773 1831 2792; x_wconf 88' lang='lat' dir='ltr'><strong>ac</strong></span> <span class='ocrx_word' id='word_1_701' title='bbox 1851 2770 1910 2800; x_wconf 82' lang='lat' dir='ltr'><strong>post</strong></span> <span class='ocrx_word' id='word_1_702' title='bbox 1925 2765 2034 2800; x_wconf 83' lang='lat' dir='ltr'><strong>longum</strong></span> <span class='ocrx_word' id='word_1_703' title='bbox 2046 2765 2104 2800; x_wconf 84' lang='lat' dir='ltr'><strong>ejus</strong></span> <span class='ocrx_word' id='word_1_704' title='bbox 2119 2769 2211 2792; x_wconf 51' lang='lat' dir='ltr'><strong>contu-</strong></span> 
     </span>
    </p>
   </div>
   <div class='ocr_carea' id='block_1_97' title="bbox 1426 2810 2212 2848">
    <p class='ocr_par' dir='ltr' id='par_1_97' title="bbox 1426 2810 2212 2848">
     <span class='ocr_line' id='line_1_97' title="bbox 1426 2810 2212 2848; baseline -0.003 -9"><span class='ocrx_word' id='word_1_705' title='bbox 1426 2811 1559 2846; x_wconf 86' lang='lat' dir='ltr'><strong>bernium,</strong></span> <span class='ocrx_word' id='word_1_706' title='bbox 1573 2811 1658 2839; x_wconf 85' lang='lat' dir='ltr'><strong>demto</strong></span> <span class='ocrx_word' id='word_1_707' title='bbox 1673 2810 1804 2847; x_wconf 76' lang='lat' dir='ltr'><strong>Cyprum,</strong></span> <span class='ocrx_word' id='word_1_708' title='bbox 1822 2811 1890 2839; x_wconf 82' lang='lat' dir='ltr'><strong>unde</strong></span> <span class='ocrx_word' id='word_1_709' title='bbox 1904 2815 1979 2838; x_wconf 78' lang='lat' dir='ltr'><strong>ortus</strong></span> <span class='ocrx_word' id='word_1_710' title='bbox 1993 2811 2102 2848; x_wconf 81' lang='lat' dir='ltr'><strong>fuerat,</strong></span> <span class='ocrx_word' id='word_1_711' title='bbox 2115 2810 2212 2847; x_wconf 62' lang='lat' dir='ltr'><strong>pradi-</strong></span> 
     </span>
    </p>
   </div>
  </div>
