2290 3110
76 152 127 180 ὗῶ

744 152 1007 180 PROLEGOMENA.

1634 153 1687 182 65‘

73 219 179 240 taturus
193 212 290 246 rediit,
307 212 435 240 Eusebius
445 235 452 246 ,
477 215 506 241 in
520 213 638 242 llistoria
660 215 855 246 ecclesiastica,
870 215 893 244 Α
907 215 1057 242 intercedat
1075 216 1180 243 ratione
1194 215 1379 247 auctoritatis,
1393 214 1559 242 Clementem
1577 215 1647 242 inter
1661 219 1688 243 et

71 260 102 286 de
113 267 220 287 numero
231 268 288 287 esse
308 267 361 286 Lxx
386 260 577 294 discipulorum
587 260 694 287 Domini
707 260 857 288 Saluatoris

70 305 232 337 arbitratur;
243 313 303 332 cum
312 306 451 340 manifeste
467 306 564 332 scribat
578 305 610 332 B.
621 305 784 335 Lucas.eum
798 310 856 340 post

68 351 248 378 ascensionem
265 350 387 383 Domini,
404 352 438 377 ad
466 351 654 386 discipulatum
678 352 856 385 apostolorum

68 397 169 423 uenisse
178 403 186 422 :
195 397 247 423 nisi
257 397 326 431 forte
333 398 479 432 putandum
486 402 524 424 est
532 405 589 424 cum
602 398 675 432 prius
688 398 725 423 ita
739 398 856 431 discipu-

66 441 152 468 larum
166 441 268 469 Christi
282 447 410 475 secutum,
430 448 459 470 ut
474 443 582 470 necdum
598 443 787 470 renuntiaverit
800 451 856 469 om-

66 487 146 514 nibus
163 495 223 522 qua:
239 488 389 522 possidebat
405 496 415 514 :
432 489 502 523 quod
518 493 607 515 utrum
629 489 784 524 euangelici:
807 490 855 516 do-

66 534 162 560 clrimt
177 534 334 566 convenerit,
346 534 429 561 cuivis
440 533 566 568 facillime
579 539 661 569 patet.
674 534 773 562 Verum
789 543 855 570 pace

66 579 119 606 viri
142 580 319 612 venerabilis,
343 588 393 607 nec
416 580 504 607 Lucas
529 581 595 608 dicit
618 580 770 608 Barnabam
793 586 855 616 post

66 625 259 652 ascensionem
281 625 387 653 Domini
410 625 527 660 coepisse
539 625 661 658 credere,
681 634 731 654 nec
749 627 854 654 videtur

66 680 183 700 necesse
197 677 229 700 ut
245 681 339 700 omnes
354 673 481 708 discipuli
499 673 592 701 omnia
612 681 662 701 sua
683 674 852 709 abjecerint:

65 718 141 753 quod
155 718 282 753 quamvis
295 722 368 746 esset
379 739 387 750 ,
412 718 501 753 potuit
515 717 613 745 Noster
627 725 723 746 recens
738 718 853 746 haeredi-

63 768 124 791 tate
145 764 273 798 adeptum
291 771 388 798 agrum
408 763 545 796 vendere,
569 770 627 798 quo
648 763 791 798 pecuniam
818 764 853 791 ad

63 809 150 853 pedes
164 809 349 843 apostolorum
366 813 486 844 poneret.

100 854 237 881 Caeterum
258 854 292 881 de
311 853 434 880 Barnaba
449 853 535 881 multa
555 858 702 881 narrantur
724 854 751 881 in
777 853 853 881 Novo

64 899 245 927 Testamento
267 909 274 926 :
298 900 369 927 inter
391 900 462 932 alia,
485 900 546 927 Act.
571 908 615 932 ιι,
631 900 681 933 29,
709 900 754 932 50,
778 900 851 935 quod

62 945 220 973 Christiani
246 945 410 974 Antiocheni
439 946 564 973 miserint
587 946 786 982 eleemosynam
818 946 851 972 ad

63 990 331 1027 Hierosolymitanos
343 999 391 1027 per
403 1000 500 1019 manus
515 991 588 1019 illius
602 1001 609 1019 :
633 999 667 1019 ex
678 999 734 1027 quo
747 991 850 1019 factum

62 1038 199 1070 arbitror,
224 1041 254 1064 ut
273 1037 359 1065 Graeci
381 1037 408 1064 in
425 1037 596 1065 ordinatione
611 1038 702 1072 magni
715 1038 850 1065 mconomi

60 1083 190 1110 dicerent
200 1102 208 1114 ,
223 1083 314 1118 εὐχαῖς
330 1083 376 1110 καὶ
394 1083 552 1120 πρεσϐείαις
566 1083 614 1110 τοῦ
628 1083 705 1118 ἁγίου
721 1084 768 1110 καὶ
781 1092 850 1110 παν-

59 1129 191 1164 ευφήμου
217 1129 343 1164 Βαρνάϐα
364 1128 409 1156 τοῦ
433 1129 581 1156 ἀποστόλου
603 1130 649 1156 ιέαὶ
671 1129 849 1166 γενναιομάρ-

59 1181 157 1210 τυροῖς,
186 1175 305 1209 precibus
325 1179 350 1201 et
378 1175 605 1202 intercessionibus
626 1175 711 1202 sancti
739 1181 764 1203 et
785 1175 851 1203 cete;

59 1220 214 1247 bratissimi
229 1220 379 1253 Barnabaa,
399 1221 513 1256 apostoli
525 1226 550 1248 et
570 1221 686 1256 generosi
706 1223 848 1257 martyris;

58 1266 296 1302 quemadmodum
309 1267 400 1296 videre
423 1272 465 1296 est
490 1268 516 1295 in
540 1267 619 1295 Joan.
643 1267 741 1295 Morini
757 1268 848 1295 Sacris

66 1314 288 1341 ordinationibus
305 1318 382 1348 parte
397 1322 432 1346 ιι,
453 1322 514 1349 pag.
531 1314 591 1342 “5.
607 1314 720 1350 Reliqua
735 1315 768 1342 ad
782 1322 848 1350 apo-

57 1360 165 1388 smlum
182 1360 265 1388 istum
280 1361 454 1396 pertinentia,
476 1368 552 1393 vera,
577 1360 710 1394 fabulosa,
722 1365 748 1389 et
767 1361 848 1396 vulgo

55 1411 277 1442 cognoscuntur,
297 1411 325 1434 et
338 1407 372 1434 ad
387 1407 543 1435 institutum
558 1411 684 1436 nostrum
700 1415 754 1435 non
769 1407 848 1435 valde

53 1452 169 1480 faciunt
183 1461 191 1479 :
206 1461 290 1488 quare
305 1460 336 1481 ea
350 1455 434 1481 missa
451 1454 578 1482 facimus.

95 1499 221 1534 Epistola
233 1499 374 1527 Barnabas.
390 1499 522 1528 Venimus
536 1500 569 1528 ad
584 1500 732 1536 Epistolam
746 1508 846 1528 nomen

53 1545 134 1572 illius
148 1544 336 1579 praeferentem
347 1565 354 1578 ,
370 1545 505 1573 veteribus
521 1546 656 1573 laudatam
673 1553 754 1581 saepe,
772 1547 846 1574 desi-
859 1559 880 1588 ο

53 1591 184 1618 deratam
200 1590 387 1625 superioribus
401 1591 525 1624 saeculis,
544 1596 639 1619 nostro
656 1592 769 1620 feliciter
787 1593 846 1620 edi-

53 1639 114 1661 tam
130 1641 146 1661 a
163 1634 230 1662 viris
241 1635 407 1673 doctissimis
422 1635 536 1671 Hugoue
551 1636 680 1665 Menardo
701 1642 728 1664 et
752 1637 846 1665 lsaaco

54 1679 171 1708 Vossio.
190 1679 335 1708 Dubitatur
349 1688 383 1708 an
399 1682 435 1709 sit
447 1682 583 1717 genuinus
598 1682 679 1716 fetus,
696 1691 730 1710 an
744 1691 846 1718 suppo-

51 1729 139 1756 situs.
159 1727 349 1756 Existimatum
373 1728 482 1764 quidem
496 1728 629 1756 Clementi
650 1730 844 1764 Alexandrino,

50 1775 170 1810 Origeni
187 1781 219 1801 ac
241 1774 404 1810 Hieronymo
415 1795 422 1808 ,
437 1775 553 1802 summis
566 1775 633 1802 viris
645 1796 652 1808 ,
668 1776 768 1811 quibus
782 1784 845 1811 pro—

51 1828 151 1857 pterea
171 1821 237 1848 fides
263 1820 342 1848 facile
363 1821 488 1855 abrogari
511 1828 566 1848 non
585 1821 686 1855 debet,
707 1821 774 1848 nihil
800 1822 846 1850 hic

51 1867 165 1894 fraudis
177 1866 344 1894 delitescere.
356 1865 391 1893 At
401 1865 546 1898 Eusebius,
558 1866 669 1901 quando
694 1865 766 1894 Hist.
779 1867 843 1894 εδει.

51 1914 106 1940 lib.
133 1921 166 1940 HI
180 1934 188 1945 ,
211 1920 271 1947 cap.
299 1912 334 1939 25
345 1933 351 1945 ,
377 1911 526 1946 Epistulam
543 1912 660 1940 collocat
674 1912 744 1939 inter
759 1912 844 1940 libros

52 1959 179 1994 spurios,
196 1959 224 1985 ὲν
240 1957 342 1990 νόθοις,
363 1958 457 1986 dolum
475 1958 580 1985 videtur
595 1957 750 1992 suspicatus
769 1967 774 1984 :
791 1958 843 1985 nisi

51 2006 78 2032 si
104 2005 169 2039 quis
195 2004 309 2031 nothum
331 2004 460 2031 volumen
482 2011 516 2030 eo
540 2003 593 2030 loci
617 2007 745 2037 exponat,
770 2003 842 2030 utin

52 2050 245 2085 Amphilochii
261 2049 382 2085 Epistula
402 2049 519 2077 iambica
538 2049 571 2076 ad
587 2048 728 2076 Seleucum
744 2069 751 2081 ,
778 2049 843 2075 illud

49 2095 132 2131 quod
150 2103 204 2122 non
218 2099 260 2123 est
273 2095 419 2130 genuinum
435 2102 519 2122 sacrae
532 2094 692 2129 Scripturte,
706 2095 762 2121 sive
776 2094 843 2121 alias

52 2146 201 2170 auctorem
214 2149 309 2168 verum
325 2141 405 2168 titulo
427 2139 568 2175 praeferat,
596 2140 653 2167 sive
670 2140 840 2167 ementitum.

51 2188 138 2215 Certe
149 2187 193 2214 vix
207 2186 279 2214 credi
290 2190 390 2221 potest,
403 2186 474 2221 quod
488 2186 555 2213 adeo
562 2186 680 2213 eximius
690 2185 841 2220 apestolus,

906 261 1057 288 Barnabam
1071 283 1078 293 ,
1101 262 1180 296 cuius
1204 261 1323 296 Epistola
1346 265 1451 288 tantum
1476 260 1554 288 fama:
1576 268 1629 287 non
1647 265 1690 289 est

905 313 1050 336 consecuta
1065 315 1097 335 ac
1119 308 1162 335 illa
1187 309 1345 336 Clementis.
1372 307 1411 334 Ad
1435 307 1492 334 haec
1517 313 1687 341 argumento,

905 361 959 388 quo
975 354 1061 381 utitur
1081 359 1192 382 sanctus
1215 354 1381 389 Augustinus
1392 374 1400 386 ,
1416 353 1463 379 lib.
1486 360 1494 378 l
1519 349 1618 378 Contra
1634 351 1687 378 ad-

904 400 1051 426 versarium
1076 400 1141 434 legis
1158 404 1183 426 et
1204 400 1405 434 prophetarum,
1427 405 1488 432 cap.
1502 396 1552 429 20,
1571 401 1600 423 ut
1619 404 1687 431 apo—

905 446 1004 480 crypha
1021 445 1071 473 sub
1087 446 1244 473 nominibus
1264 445 1378 472 Andreae
1398 443 1564 478 Joannisque
1586 443 1687 476 scripta

904 491 1029 519 exsibilet
1043 495 1124 525 atque
1138 491 1264 526 explodat
1279 489 1332 524 (Si
1351 490 1461 516 illorum
1475 493 1569 521 essent,
1584 492 1688 523 recepta

904 542 988 564 essent
1000 537 1032 564 ab
1048 537 1185 570 Ecclesia;
1200 545 1244 571 eo,
1260 538 1387 572 inquam,
1404 540 1564 571 argumento
1579 535 1605 563 in
1621 542 1691 577 suo,

904 583 1038 618 picionem
1056 583 1201 618 illegitima:
1215 583 1299 618 prolis
1314 583 1386 610 venit
1401 582 1532 617 Epistola,
1552 589 1613 609 cum
1627 581 1685 616 jam

903 627 950 654 diu
967 628 1067 662 rejecta
1091 632 1118 655 et
1141 628 1174 655 ad
1196 628 1365 663 apocryphas
1378 627 1527 662 scripturas
1540 627 1685 654 amandata

904 673 995 700 fuerit.
1012 673 1166 708 Apacryplm
1177 694 1184 706 ,
1198 674 1286 708 inquit
1308 673 1498 708 Hieronymus,
1514 672 1593 706 epist.
1610 671 1636 705 7,
1651 671 1685 699 ad

904 717 1016 750 Laetam,
1031 719 1098 745 sciat
1113 727 1165 745 non
1178 727 1269 745 eorum
1279 726 1337 745 esse
1351 726 1463 752 quorum
1478 718 1563 744 titulis
1583 725 1686 752 prmio-

904 767 1004 789 tantur.
1021 763 1191 798 Quapropter
1204 763 1348 797 Origenes,
1363 762 1410 796 qui
1425 761 1530 796 putavit
1542 769 1611 796 opus
1624 768 1686 788 esse

903 809 1044 842 Barnabas,
1060 809 1175 836 credidit
1188 808 1270 836 etiam
1287 815 1347 836 esse
1361 808 1534 835 canonicum.
1551 806 1629 837 Sunt,
1643 806 1686 832 in—

903 854 962 889 quit
989 855 1023 881 ad
1048 862 1118 881 vers.
1141 854 1185 885 25,
1202 861 1261 888 cap.
1287 861 1295 880 ι
1325 853 1452 888 Epistolas
1475 853 1507 880 ad
1535 851 1683 885 Romanos,

901 906 1027 936 prtcterea
1043 901 1125 935 (sicut
1140 901 1167 927 in
1181 900 1272 927 multis
1286 899 1433 934 Scriptura:
1448 899 1512 926 locis
1527 898 1683 931 invenimus)

901 947 982 973 etiam
996 947 1133 981 utriusque
1146 947 1245 980 partis,
1258 946 1297 973 vel
1317 947 1453 980 utriusque
1473 946 1521 972 vim
1533 965 1541 976 ,
1565 945 1683 979 fautores

900 993 1008 1026 quidam
1024 997 1048 1018 et
1064 992 1197 1026 adjutores
1215 992 1311 1027 angeli,
1325 996 1390 1025 etc.,
1407 992 1454 1019 ubi
1468 992 1530 1026 quis
1543 998 1598 1018 non
1610 990 1684 1018 videt

901 1039 983 1066 alludi
999 1039 1031 1065 ad
1047 1043 1129 1073 caput
1145 1038 1178 1066 l8
1192 1043 1291 1066 nostrae
1304 1038 1440 1073 Epistolas,
1456 1038 1489 1064 de
1500 1037 1606 1065 duabus
1619 1037 1689 1069 viis,"

900 1089 927 1111 et
948 1085 982 1112 de
1006 1084 1109 1119 angelis
1131 1084 1242 1119 utrique
1263 1084 1314 1111 vias
1335 1083 1508 1118 praapositis?
1533 1082 1594 1109 Jam
1617 1089 1682 1110 vero

900 1130 947 1157 lib.
970 1138 978 1156 ι
1004 1135 1096 1156 contra
1120 1129 1225 1157 Celsum
1246 1129 1317 1156 idem
1340 1129 1519 1156 Adamantius
1544 1135 1639 1155 vocem
1665 1135 1681 1154 a

899 1175 1024 1203 Barnaba
1041 1176 1123 1210 paulo
1140 1175 1237 1203 durius
1256 1175 1282 1202 in
1299 1175 1437 1209 apostolos
1458 1175 1589 1208 prolatam
1601 1193 1609 1206 ,
1631 1181 1687 1211 ne-1

899 1230 1036 1257 quaquam
1061 1222 1170 1256 reiicit,
1192 1222 1248 1248 imo
1271 1221 1406 1248 similibus
1433 1220 1580 1258 Scriptura}
1600 1219 1680 1247 dictis

899 1269 989 1296 munit
1012 1275 1043 1296 ac
1068 1268 1176 1299 ﬁrmat,
1205 1268 1370 1302 insuperque
1398 1266 1548 1301 Epistolam
1574 1273 1680 1293 sacram

897 1323 959 1343 esse
982 1316 1092 1348 innuit,
1117 1319 1144 1341 et
1167 1319 1245 1341 vocat
1268 1313 1435 1341 Catholicam
1461 1322 1468 1340 :
1493 1320 1548 1347 quo
1569 1312 1679 1347 quidem

897 1362 1009 1390 nomine
1025 1362 1106 1389 etiam
1126 1361 1263 1388 indicatur
1279 1367 1340 1388 eam
1363 1360 1458 1387 saltem
1481 1367 1496 1386 a
1519 1359 1613 1386 multis
1627 1358 1680 1386 Ca-

896 1408 1007 1435 tholicis
1018 1407 1104 1434 fuisse
1119 1406 1277 1438 admissam,
1289 1410 1370 1440 atque
1384 1404 1470 1432 instar
1482 1401 1678 1431 catholicariim

896 1452 1062 1484 lectitatam;
1089 1459 1145 1478 non
1168 1451 1258 1479 solum
1282 1455 1374 1478 autem
1398 1450 1576 1485 signiﬁcatur,
1605 1448 1685 1491 quod

897 1499 974 1526 aiunt
993 1505 1025 1525 ex
1042 1497 1157 1525 Leontio
1170 1497 1218 1525 lib.
1235 1497 1274 1524 De
1288 1498 1379 1529 sectis,
1396 1497 1502 1524 actione
1518 1496 1551 1529 2,
1569 1503 1586 1523 a
1600 1495 1679 1530 cujus

897 1543 1025 1578 opinione
1040 1543 1194 1570 nullatenus
1206 1542 1331 1570 dissentit
1343 1541 1535 1573 (Ecumenius,
1549 1541 1679 1575 scriptam

896 1597 957 1617 esse
970 1589 1003 1616 ad
1019 1596 1114 1617 omnes
1127 1589 1301 1625 generaliter,
1320 1595 1374 1615 non
1390 1595 1454 1615 vero
1467 1587 1502 1614 ad
1516 1595 1598 1614 unam
1613 1583 1684 1622 gen-'

895 1640 960 1663 tem.
976 1634 1044 1662 Nam
1062 1635 1084 1663 si
1105 1635 1132 1662 id
1147 1639 1253 1662 tantum
1267 1634 1419 1662 declararet
1433 1641 1465 1661 ea
1479 1641 1530 1660 vox
1540 1654 1548 1666 ,
1565 1633 1610 1661 cui
1626 1641 1679 1660 un-

895 1688 979 1716 quam
993 1681 1114 1708 venisset
1129 1681 1156 1707 in
1172 1684 1289 1708 mentem
1303 1700 1310 1713 ,
1333 1678 1447 1706 Joannis
1461 1679 1607 1707 secundam
1620 1699 1628 1712 ,
1643 1678 1678 1706 ad

895 1735 978 1754 unam
993 1727 1124 1760 domum,
1151 1731 1179 1754 et
1205 1726 1332 1759 tertiam,
1357 1725 1391 1752 ad
1418 1733 1504 1752 unum
1538 1725 1676 1752 hominem

893 1778 1030 1806 exaratas,
1044 1774 1070 1800 in
1085 1773 1280 1801 catholicarum
1295 1779 1407 1800 censum
1422 1771 1544 1799 referre?
1555 1771 1678 1799 Pruden-

894 1820 949 1847 tius
967 1820 1057 1854 itaque
1071 1819 1172 1846 factum
1186 1819 1220 1846 ab
1236 1818 1340 1846 Isidoro
1362 1817 1464 1853 Hispal.
1480 1818 1527 1844 lib.
1543 1825 1569 1845 v1
1585 1818 1677 1851 0rigi~

893 1874 968 1898 num,
983 1873 1043 1900 cap.
1058 1865 1075 1892 ἓ
1091 1866 1170 1900 (nam
1189 1863 1324 1891 confutari
1338 1872 1390 1891 non
1407 1868 1527 1891 meretur
1541 1865 1674 1892 sententia

893 1910 1056 1946 Hebedjesu,
1074 1911 1195 1938 auctoris
1208 1909 1364 1942 Chaldaiei,
1379 1909 1537 1937 aﬂirmantis
1550 1910 1577 1937 in
1592 1909 1675 1937 Cata-

893 1958 956 1993 logo
982 1958 1133 1989 librorum,
1160 1956 1310 1983 catholicas
1339 1956 1400 1983 ideo
1423 1956 1517 1982 vocari
1541 1955 1675 1990 Epistolas

893 2004 1005 2037 Jacobi,
1030 2003 1120 2036 Petri,
1135 2003 1250 2031 Joannis
1267 2008 1293 2030 et
1313 2002 1406 2035 Judte,
1421 2003 1494 2037 quod
1511 2003 1545 2030 ab
1561 2003 1594 2031 iis
1609 2010 1675 2037 apo—

893 2049 970 2076 stolis
997 2049 1072 2076 omni
1103 2049 1259 2076 charactere
1280 2053 1307 2076 et
1329 2048 1421 2083 lingua
1458 2048 1560 2076 fuerint
1583 2049 1674 2075 consi-

893 2095 998 2130 gnatae)
1011 2116 1018 2127 ,
1034 2095 1081 2129 qui
1097 2102 1158 2121 cum
1174 2094 1333 2129 przedictum
1352 2094 1514 2121 vocabulum
1528 2093 1674 2128 posteriori

893 2148 975 2168 sensu
999 2145 1162 2175 usurparet,
1197 2140 1347 2177 catholicas
1375 2144 1514 2174 nuncupat
1539 2139 1675 2174 Epistolas

892 2185 977 2218 Petri,
989 2194 1041 2213 non
1055 2186 1117 2213 item
1130 2185 1367 2218 Jacobi,.|oanuis,
1375 2190 1403 2213 et
1412 2185 1487 2213 Iudae
1500 2194 1506 2212 :
1517 2193 1674 2221 quanquam

51 2235 97 2262 vir
111 2234 207 2268 plenus
230 2231 333 2267 Spiritu
352 2238 443 2259 sancto
463 2237 487 2259 et
510 2232 561 2266 ﬁde
573 2232 596 2265 ¹,
606 2235 763 2266 segregatus
787 2238 841 2257 una
858 2227 880 2255 Ι)
891 2232 967 2260 .luda:
980 2236 1007 2259 et
1019 2231 1112 2259 Jacobi
1128 2231 1309 2267 generaliores
1325 2232 1380 2259 sint
1391 2233 1479 2266 prima
1492 2232 1565 2259 Petri
1579 2241 1586 2259 :
1603 2232 1675 2259 unde

51 2288 119 2308 cum
135 2279 222 2306 Paulo
240 2287 257 2306 a
276 2283 372 2306 saneto
390 2278 492 2312 Spiritu
509 2278 535 2304 in
552 2284 621 2312 opus
636 2276 790 2312 Evangelii,
814 2280 841 2303 et

51 2326 163 2360 collega
177 2324 299 2360 ejusdem
315 2323 428 2359 apostoli
450 2324 477 2350 in
492 2323 612 2358 gentium
628 2321 793 2357 apostolatu,
808 2329 840 2348 ea

50 2370 202 2406 scripserit
224 2377 284 2404 qua:
305 2371 333 2396 in
353 2369 484 2404 opusculo
503 2368 630 2404 praesenti
647 2368 839 2395 continentur:

48 2421 169 2445 coactas
184 2415 246 2442 dico
259 2414 418 2450 allegorias,
435 2414 622 2441 enarrationes
639 2412 841 2448 Scripturarum

51 2462 151 2489 minus
165 2459 339 2491 verisimiles,
356 2459 463 2486 fabulas
477 2458 511 2486 de
524 2458 688 2486 animalibus
701 2478 708 2490 ,
735 2458 841 2492 aliaque

51 2508 90 2536 de
105 2507 209 2543 quibus
222 2511 315 2541 postea
339 2513 461 2541 agemus.
487 2504 551 2532 Haec
565 2508 654 2531 tamen
667 2524 675 2537 ,
691 2504 736 2531 vix
753 2503 841 2531 credi-

53 2555 142 2587 bilia,
169 2560 224 2580 non
248 2556 384 2580 remorata
409 2556 473 2579 sunt
494 2551 637 2586 praedictos
662 2550 839 2580 Clementem,

51 2599 223 2634 Origenem,
251 2597 446 2633 Hieronymum
471 2607 478 2624 :
503 2597 573 2624 sicut
596 2596 675 2631 pauci
701 2596 769 2623 naevi
793 2596 840 2630 qui

53 2647 201 2673 honestam
214 2643 312 2671 faciem
330 2642 459 2678 Epistolas
473 2650 488 2670 a
503 2642 642 2670 Clemente
663 2641 788 2668 Romano
807 2641 840 2667 ad

51 2692 215 2721 Corinthios
237 2691 427 2718 Romanorum
449 2689 560 2717 nomine
581 2688 741 2723 conscriptae
763 2695 840 2714 com-

55 2739 212 2772 maculant,
237 2745 293 2765 non
317 2736 501 2772 impedierunt
519 2736 586 2770 quin
607 2735 676 2763 tanti
696 2742 727 2762 ea
745 2734 839 2768 ﬁeret;

54 2785 181 2821 quamvis
194 2790 293 2819 magna
305 2803 312 2816 ,
340 2789 401 2809 meo
412 2781 522 2817 quidem
542 2781 663 2817 judicio,
688 2780 839 2809 differentia

91 2866 101 2882 '
112 2863 170 2893 Act.
187 2872 225 2898 xl,
240 2863 373 2895 24;:111,
392 2862 419 2889 2.

891 2282 1014 2306 notatum
1039 2277 1090 2305 fuit
1112 2286 1128 2305 a
1150 2278 1268 2312 quodam
1294 2277 1440 2305 scholiaste
1462 2278 1495 2305 ad
1523 2277 1672 2312 Epistolam

891 2323 994 2356 Jacobi,
1006 2331 1057 2351 ms.
1077 2323 1161 2358 Regio
1176 2323 1246 2351 705:
1261 2324 1443 2360 Πρσιέτακται
1456 2325 1472 2359 ἡ
1484 2325 1532 2351 τοῦ
1546 2325 1672 2352 Ἰακώϐου

897 2368 1037 2404 Ἐπιστολὴ
1050 2369 1104 2395 τῶν
1117 2369 1219 2401 ἄλλων,
1236 2369 1277 2396 ὅτι
1291 2378 1321 2396 τε
1337 2369 1445 2405 πρῶτος
1463 2370 1610 2402 ἐπίσκοπος
1627 2369 1672 2406 ἦν,

890 2416 937 2443 καὶ
960 2416 1000 2442 ἂι
1022 2416 1072 2451 τῆς
1095 2416 1199 2452 Πέτρου
1223 2416 1437 2452 καθολικωτέρα·
1461 2417 1521 2448 ταῖς
1544 2416 1597 2452 γὰρ
1622 2417 1673 2444 ἀνὰ

891 2462 980 2488 πᾶσαν
999 2462 1048 2498 τὴν
1065 2461 1117 2497 γῆν
1141 2462 1351 2498 διεσπαρμέναις
1371 2462 1477 2498 ἐγράφη
1499 2461 1602 2489 δώδεκα
1623 2471 1673 2497 φυ-

890 2508 957 2540 λσιῖς⁴
995 2508 1051 2536 Hoc
1070 2513 1135 2536 est:
1157 2508 1250 2536 Posito
1272 2514 1309 2536 est
1332 2513 1392 2536 ante
1407 2508 1497 2541 liulius
1522 2509 1672 2536 catholicas

892 2554 1012 2589 Epistula
1025 2554 1137 2586 Jacobi;
1153 2560 1207 2582 tum
1221 2555 1283 2589 quia
1300 2555 1324 2581 is
1339 2555 1440 2589 primus
1455 2559 1511 2581 erat
1524 2555 1670 2589 episcopus,

891 2605 946 2627 tum
959 2601 1020 2635 quia
1036 2600 1085 2627 illa
1100 2599 1274 2627 universalior
1291 2604 1329 2626 est
1350 2599 1461 2634 epistola
1475 2599 1548 2626 Petri
1565 2600 1670 2635 (prima

891 2646 1025 2680 scilicet);
1050 2645 1187 2672 duodecim
1211 2645 1304 2680 quippe
1325 2641 1443 2672 tribubus
1460 2653 1506 2679 per
1520 2645 1670 2672 universum

891 2693 978 2719 orbem
1001 2692 1125 2726 dispersis
1150 2692 1249 2725 scripta
1274 2695 1312 2717 est
1342 2691 1464 2725 Denique
1484 2690 1515 2718 S.
1539 2690 1669 2725 Hierony-

891 2745 969 2770 mus,
994 2737 1020 2764 in
1048 2737 1117 2764 libro
1132 2744 1213 2771 quem
1238 2736 1276 2762 De
1298 2736 1509 2771 interpretatione
1534 2735 1668 2762 nominum

894 2783 1101 2816 llcbruicorum,
1130 2782 1252 2810 imitatus
1273 2781 1414 2810 Philonem
1442 2789 1474 2810 ac
1498 2777 1674 2816 Origenem,1
