2290 3110
570 151 622 180 655

1119 149 1147 177 S.
1169 148 1351 176 BARNABAS
1375 148 1593 177 APOSTOLUS.

2149 149 2196 176 636

570 210 726 246 composuit
738 229 745 243 ,
770 209 841 237 inter
858 208 927 237 Novi
942 207 1109 237 Testamenti
1129 210 1215 237 libros
1232 217 1286 236 non
1302 215 1358 237 sta-
1372 210 1393 239 A
1407 209 1498 244 ginem
1513 209 1588 237 illius
1603 214 1749 244 repeteret,
1765 217 1780 237 a
1797 210 1968 245 temporibus
1981 208 2119 236 excidium
2137 216 2194 235 mox

569 257 668 285 tuisset
686 256 835 292 Epistolam
850 255 983 282 Barnabae
995 275 1003 288 ,
1025 255 1096 282 sicut
1110 254 1184 289 facit,
1200 263 1282 290 quam
1298 255 1357 290 ipse

569 309 632 330 cum
647 302 811 337 apocrypliis
824 300 975 335 Scripturis
991 300 1107 335 legebat,
1125 301 1177 328 nisi
1194 301 1306 328 vidisset
1319 301 1357 327 ita

570 348 604 375 ab
618 347 735 383 Origene
749 347 834 374 fuisse
849 347 1002 374 actitatum.
1024 345 1153 374 Eamdem
1170 355 1281 382 quoque
1292 355 1357 374 sen-

571 395 684 422 tentiam
709 393 941 428 deprehendimus
966 393 993 420 in
1024 392 1136 427 antiqua
1165 392 1356 420 Stichometria

571 440 678 472 Latina,
695 448 756 475 quae
772 443 861 467 exstat
882 439 909 466 in
929 439 1038 466 duobus
1062 438 1141 465 libris
1165 446 1245 471 mss.,
1271 438 1356 466 altero

571 493 625 512 non
642 485 745 520 pridem
760 484 944 511 Puteanorum
964 483 1090 511 Fratrum
1102 504 1110 517 ,
1133 491 1207 511 nunc
1222 484 1356 511 Christia-

571 532 679 560 nissimi
693 531 775 567 regis,
791 531 877 558 altero
892 530 1089 557 monachorum
1108 529 1202 557 Sancti
1216 530 1356 557 Germani.

570 577 628 606 Illic
652 577 773 612 Epistola
796 576 928 604 Barnabte
949 576 1100 604 collocatur
1124 579 1187 610 post
1207 574 1356 610 Epistolam

570 624 663 657 Iudae,
680 628 743 651 ante
756 622 870 651 Joannis
888 621 1089 649 Revelatiouem
1103 625 1131 648 et
1144 621 1228 649 Actus
1247 626 1358 656 ap03to»

570 670 671 697 lorum.

607 714 707 742 Verum
724 715 750 741 in
766 713 858 740 omnia
876 713 982 740 diversa
997 712 1101 739 abierat
1122 715 1272 746 praeceptor
1294 709 1356 738 Ori-

571 759 664 796 genis,
689 759 816 787 Clemens
838 757 1055 789 Alexandrinus,
1078 757 1177 792 quippe
1205 757 1251 791 qui
1275 765 1355 791 opus,

571 805 646 840 quod
671 805 759 832 credit
780 811 841 832 esse
864 803 1006 835 Barnahar,
1032 802 1182 837 impugnat,
1206 803 1268 828 licet
1293 809 1357 836 sup-

571 858 684 887 presso,
713 850 828 877 honoris
858 856 961 880 causa,
989 848 1116 880 nomine;
1143 846 1285 881 Pwdagogi
1315 855 1354 879 ιι,

571 903 631 930 cap.
647 894 691 922 10.
704 894 732 922 ld
750 901 832 929 porro
843 900 1014 929 nequaquam
1023 891 1217 924 commisisset,
1230 891 1252 919 si
1263 890 1296 918 ad
1305 891 1355 918 Ca-
1374 887 1395 914 Β

571 949 670 968 nonem
682 941 819 976 pertinere
831 939 926 967 fuisset
936 938 1095 966 arbitratus.
1104 938 1144 965 Ac
1155 936 1225 964 forte
1235 937 1356 972 suspicio

570 987 623 1015 erit
633 987 725 1020 alicui,
737 986 858 1014 variasse
870 984 1049 1016 Clementem,
1060 988 1108 1010 aut
1122 991 1151 1011 se
1161 983 1194 1010 ad
1207 983 1355 1010 multorum

569 1033 726 1068 opinionem
743 1030 981 1062 accommodasse,
998 1033 1055 1056 tum
1074 1036 1137 1056 cum
1151 1027 1355 1063 Seripturarum

569 1079 663 1106 Canon
680 1082 770 1104 certos
783 1076 882 1104 limites
898 1075 1018 1102 nondum
1033 1078 1185 1110 acceperat.
1201 1072 1229 1100 Si
1245 1073 1355 1108 quidem

569 1125 598 1151 in
621 1124 698 1151 libris
719 1121 960 1153 Ὺκοτυπὼσεων,
983 1120 1120 1148 referente
1141 1119 1257 1147 Eusebio
1281 1118 1354 1145 Hist.

570 1170 618 1197 lib.
636 1177 673 1202 γι,
690 1177 750 1203 cap.
768 1168 820 1201 l4,
844 1175 897 1194 una
915 1174 976 1194 cum
998 1165 1067 1193 Novi
1089 1165 1256 1193 Testamenti
1280 1164 1357 1192 libris

570 1218 746 1242 enarraverat
770 1213 918 1248 Epistolam
945 1211 1101 1244 Barnabas;
1130 1218 1211 1246 quam
1240 1210 1357 1239 fortasse

571 1259 832 1295 pseudepigrapham
848 1257 970 1290 rebatur,
986 1257 1096 1292 quando
1110 1255 1279 1284 confutabat.
1303 1254 1356 1282 Sed

570 1311 598 1334 et
613 1305 806 1341 Hieronymus,
822 1311 906 1338 supra
920 1303 1020 1330 citatus
1033 1302 1067 1330 de
1078 1302 1190 1329 notione
1201 1301 1276 1329 vocis
1290 1301 1357 1336 Apo-

571 1353 699 1388 cryphum
711 1359 761 1386 pro
772 1358 854 1385 opere
867 1349 928 1377 falsi
942 1349 1029 1382 tituli;
1041 1353 1132 1376 tamen
1146 1348 1173 1374 in
1184 1348 1251 1374 locis
1264 1347 1356 1374 relatis

572 1401 642 1427 inter
655 1405 777 1426 veterum
792 1395 977 1429 Testimonia,
992 1394 1142 1431 Epistolam
1161 1394 1355 1429 apocrypham,

572 1453 627 1472 non
650 1442 915 1479 pseudepigrapham
939 1441 1007 1469 vult.
1030 1440 1185 1474 Quinetiam
1209 1447 1223 1466 a
1247 1439 1356 1467 Gelasio

572 1490 728 1526 apocrypha
752 1496 806 1515 non
824 1495 874 1522 pro
898 1486 1141 1522 pseudepigraphis
1157 1485 1289 1513 duntaxat
1311 1492 1357 1512 su-

573 1540 695 1568 muntur,
709 1535 751 1562 vel
774 1540 891 1569 quorum
915 1533 1014 1560 secreti
1033 1536 1161 1559 auctores
1175 1535 1258 1566 atque
1280 1531 1357 1558 inco-

572 1583 651 1619 gniti,
662 1588 755 1608 verum
771 1587 819 1615 pro
831 1579 958 1607 omnibus
970 1585 1041 1614 quae,
1054 1578 1118 1613 quia
1131 1582 1223 1605 notam
1236 1577 1355 1612 aliquam

572 1628 669 1656 mereri
693 1626 831 1659 videntur,
845 1625 904 1653 sive
925 1625 1138 1660 suppositionis,
1155 1624 1213 1652 sive
1237 1623 1355 1657 erroris,

572 1675 630 1703 sive
655 1672 820 1708 impietatis,
853 1671 983 1699 abscondi
1007 1671 1106 1698 debent
1133 1675 1215 1705 atque
1235 1669 1356 1705 ignorari

572 1720 751 1756 (dmxputpﬁ;
766 1718 864 1755 μᾶλλον
875 1718 892 1754 ἢ
905 1717 1083 1753 ἀναγνώσεως
1094 1717 1166 1751 ἄξια,
1180 1717 1247 1744 dicit
1262 1720 1358 1744 auctor

576 1771 723 1807 Synopseos
753 1776 836 1797 sacra
863 1766 1008 1800 Scriptum
1028 1764 1149 1792 creditus
1163 1762 1356 1796 Athanasius),

573 1821 624 1842 nec
645 1814 674 1841 in
696 1812 806 1848 publica
819 1810 923 1839 versari
939 1810 1057 1842 notitia,
1074 1810 1145 1838 sicut
1158 1809 1220 1836 libri
1233 1808 1357 1837 canonici

573 1858 775 1894 Seripturarum
787 1877 794 1890 ,
807 1861 835 1884 et
855 1856 876 1883 ii
895 1855 1074 1884 ecclesiastici
1088 1854 1210 1885 Patrum.
1226 1854 1272 1889 qui
1285 1853 1358 1882 inof-

573 1905 650 1932 fenso
664 1903 733 1939 pede
746 1903 855 1931 decurri
870 1906 982 1937 queunt.
999 1901 1091 1934 Quare
1111 1900 1182 1928 inter
1203 1899 1358 1935 apocrypha

573 1953 696 1979 recenset
716 1950 864 1978 Clementis
888 1948 1066 1976 Alexandrini
1079 1947 1227 1983 opuscula,
1248 1946 1358 1974 Tertul-

572 1997 639 2024 liani
649 2017 657 2030 ,
672 1995 819 2031 Cypriani,
833 1994 963 2027 Arnobii,
984 1993 1134 2027 Lactantii,
1148 1992 1274 2025 Eusebii,
1291 1993 1359 2020 alio-

573 2050 645 2075 rum,
660 2041 786 2077 quamvis
799 2039 923 2067 indubia.

608 2087 649 2115 Ex
672 2087 773 2122 quibus
799 2084 929 2113 omnibus
951 2084 1111 2117 coniicitur,
1136 2091 1189 2110 non
1213 2083 1358 2111 admodum

573 2135 678 2162 clarere
693 2137 784 2160 utrum
797 2136 958 2167 praesentem
978 2129 1128 2166 Epistolam
1142 2128 1298 2163 adjudicare
1313 2128 1360 2156 de-

574 2182 686 2209 beamus
701 2179 833 2206 Barnabae
845 2178 982 2213 apostolo,
995 2185 1028 2204 an
1042 2177 1120 2204 alteri
1132 2176 1237 2203 homini
1250 2180 1360 2210 aposto-

1407 255 1659 291 subsequentibus;
1681 256 1717 284 ita
1738 256 1809 284 male
1827 263 1875 290 per
1888 255 2039 283 secundum
2053 254 2195 282 conclude-

1407 307 1483 330 retur
1497 303 1600 330 natales
1615 302 1737 337 ejusdem
1754 303 1904 337 contigisse
1914 322 1922 335 ,
1938 301 2030 328 statim
2049 306 2196 335 antequam

1407 348 1532 375 Clemens
1547 348 1632 375 libros
1647 356 1713 376 suos
1725 351 1913 383 componeret.
1931 347 1972 374 An
1991 347 2064 374 enim
2086 354 2196 374 necesse

1408 393 1477 426 fuit,
1497 397 1527 421 ut
1541 393 1641 428 ingenii
1658 398 1868 421 monumentum
1887 393 2094 427 apocryphum,
2116 392 2196 419 simul

1408 446 1440 465 ac
1454 446 1469 465 e
1484 438 1612 466 manibus
1628 439 1771 474 scriptoris
1789 439 1904 470 exierat.
1919 439 1994 466 illico
2014 438 2049 465 ad
2070 445 2196 465 commu~

1408 492 1470 512 nem
1483 484 1607 511 notitiam
1616 485 1781 519 perveniret,
1793 489 1875 519 atque
1886 492 1900 511 a
1912 483 2041 511 Patribus
2051 482 2198 511 citaretur?

1408 538 1441 558 eo
1454 531 1605 565 praesertim
1620 535 1757 565 tempore,
1777 538 1833 566 quo
1850 535 1878 558 et
1889 530 2048 557 scribebant
2061 529 2157 564 pauci.
2170 532 2199 556 et

1408 576 1455 610 qui
1470 583 1519 603 sua
1531 575 1628 603 litteris
1642 575 1860 608 committebant,
1877 575 1952 603 solos
1964 574 2022 602 fere
2034 573 2062 601 in
2075 574 2198 601 testimo-

1409 621 1485 648 nium
1506 621 1674 649 adhibebant
1687 629 1782 649 sacros
1795 621 1881 648 libros
1897 630 1903 647 :
1917 624 1948 648 ut
1960 627 2015 647 non
2029 626 2198 647 commemo-

1409 674 1466 694 rem
1491 665 1726 694 luctuosissimam
1752 665 1923 693 voluminum
1946 664 2197 692 ecclesiasticarum

1408 711 1547 746 prioribus
1562 711 1671 739 saeculis
1683 715 1860 738 exaratorum
1871 711 2019 746 iacturam.
2034 709 2129 745 Itaque
2141 717 2199 737 me-

1408 758 1452 785 tlia
1470 758 1513 785 via
1535 757 1715 785 incedendum
1738 756 1864 788 videtur;
1886 761 1913 784 et
1935 755 2108 784 referendum
2128 763 2199 791 opus

1409 803 1442 830 ad
1468 808 1574 837 tempus
1593 803 1665 837 quod
1691 803 1763 830 inter
1784 806 1934 837 utrumque
1963 802 2126 835 intercedit;
2162 802 2198 828 ita

1409 857 1500 878 tamen
1520 854 1551 877 ut
1574 850 1608 877 ad
1630 849 1748 885 primum
1767 849 1855 884 magis
1869 849 1983 876 accedat
2004 857 2011 875 :
2034 856 2117 883 quam
2140 855 2198 875 rem

1408 897 1548 924 character
1560 895 1679 928 dicendi,
1703 895 1882 931 apostolicam
1901 894 2092 929 antiquitatem
2115 895 2199 922 redo-

1407 943 1476 973 lens,
1492 949 1546 969 non
1563 942 1679 969 obscure
1694 941 1839 976 signiﬁcat.

1442 989 1555 1021 Quanta:
1567 988 1744 1015 auctoritatis.
1757 987 1895 1021 Quantum
1909 987 1943 1014 ad
1955 987 2102 1015 secundam
2117 987 2199 1014 inter-

1408 1035 1575 1070 rogationem
1589 1054 1596 1066 ,
1611 1034 1645 1061 de
1653 1033 1782 1068 praesenti
1798 1038 1919 1068 tempore
1937 1033 2012 1060 nulla
2026 1033 2114 1060 oritur
2129 1033 2199 1072 difﬁ-

1407 1082 1504 1109 cultas.
1517 1081 1633 1108 Constat
1645 1080 1715 1107 inter
1730 1087 1837 1113 omnes,
1862 1079 2012 1114 Epistolam
2038 1079 2067 1106 in
2091 1087 2200 1107 canone

1407 1127 1496 1153 locum
1504 1133 1558 1153 non
1568 1126 1677 1154 habere.
1687 1124 1742 1153 Nec
1752 1124 1844 1152 minus
1851 1129 1978 1152 constare
1986 1124 2076 1156 debet,
2085 1125 2198 1160 dignam

1406 1181 1467 1200 esse
1486 1180 1584 1207 magna
1592 1172 1777 1204 veneratione,
1788 1179 1849 1207 quae
1861 1175 1966 1199 tantum
1975 1170 2045 1198 ferat
2058 1172 2148 1199 aetatis
2157 1176 2200 1198 at-

1406 1226 1459 1254 que
1468 1218 1690 1246 existimationis.
1701 1217 1730 1244 Si
1739 1221 1830 1244 autem
1840 1216 2044 1244 consideremus
2053 1217 2145 1251 prima
2152 1224 2201 1244 saa-

1407 1263 1479 1297 eula,
1502 1264 1612 1298 quando
1633 1270 1738 1291 canone
1760 1263 1870 1291 diverso
1891 1263 2037 1290 utebantur
2048 1262 2198 1297 Ecclesia;

1407 1310 1483 1338 varia
1495 1310 1522 1337 in
1539 1310 1628 1338 studia
1648 1310 1727 1337 scissi
1739 1309 1851 1337 fuerunt
1860 1309 2021 1337 Christiani.
2032 1309 2062 1337 Id
2075 1314 2106 1337 ut
2119 1310 2200 1337 intel-

1407 1355 1517 1390 ligatur,
1533 1355 1680 1383 observare
1698 1359 1816 1390 oportet,
1841 1355 2058 1390 Seripturarum,
2075 1364 2139 1391 quae
2154 1361 2202 1383 aut

1408 1408 1493 1428 sacrae
1504 1405 1579 1434 sunt,
1594 1404 1640 1428 aut
1660 1400 1728 1428 tales
1744 1405 1809 1428 sunt
1822 1400 1922 1427 habitae
1938 1407 1953 1427 a
1974 1401 2129 1433 nonnullis,
2144 1409 2201 1428 non

1408 1454 1490 1473 unam
1504 1447 1574 1482 apud
1589 1451 1700 1474 sanctos
1715 1446 1810 1474 Patres
1832 1446 1945 1481 reperiri
1960 1446 2137 1475 divisionem.
2153 1447 2202 1474 ln-

1407 1493 1514 1520 terdum
1528 1492 1627 1528 duplex
1644 1493 1816 1520 solummodo
1834 1492 1863 1519 fit
1879 1492 2035 1528 Scriptura;
2054 1495 2201 1526 canonica,

1407 1537 1487 1572 cujus
1501 1537 1618 1565 dictator
1627 1536 1745 1572 Spiritus
1754 1543 1876 1570 sanctus,
1885 1543 1911 1565 et
1925 1539 2095 1574 apocrypha,
2116 1541 2201 1574 cuius

1407 1588 1504 1611 auctor
1513 1584 1595 1611 homo
1603 1584 1688 1611 solus.
1698 1583 1736 1610 Ita
1749 1583 1931 1619 Hieronymus
1942 1585 1968 1611 in
1982 1585 2099 1620 Prologo
2109 1586 2203 1621 galea—

1408 1634 1445 1663 to,
1462 1629 1643 1665 Augustinus,
1666 1630 1685 1656 l.
1702 1638 1721 1657 ιι
1737 1630 1775 1657 De
1788 1631 1911 1657 doctrina
1926 1630 2091 1663 Christiana,
2100 1640 2163 1667 cap.
2174 1633 2202 1665 8,

1407 1680 1435 1704 et
1451 1675 1582 1710 Isidorus,
1602 1676 1742 1712 Originum
1758 1677 1807 1704 lib.
1822 1685 1860 1710 vr,
1876 1685 1936 1712 cap.
1949 1677 1977 1704 2.
1992 1677 2039 1705 Sic
2049 1678 2134 1706 etiam
2145 1679 2203 1707 duo

1407 1727 1506 1757 genera
1515 1721 1717 1756 Seripturarum
1727 1727 1866 1756 ponuntur
1875 1723 1901 1749 in
1910 1722 2042 1756 Eusebio,
2051 1723 2126 1752 Hist.
2135 1726 2202 1752 sccl.

1408 1768 1455 1795 lib.
1475 1776 1516 1801 Ill,
1529 1775 1590 1802 cap.
1603 1768 1631 1801 5,
1650 1767 1900 1802 ὁμολογουμένων
1912 1768 1962 1796 καὶ
1976 1769 2205 1804 ἀηντιρῤήτων

1407 1817 1435 1840 et
1449 1812 1507 1839 τῶν
1519 1813 1562 1847 μὴ
1576 1813 1728 1846 τοιούτων,
1745 1813 1773 1840 in
1789 1813 1932 1842 Athanasii
1945 1822 1993 1842 seu
2007 1815 2203 1851 alteriusSyn—

1409 1859 1476 1893 opai,
1491 1858 1726 1893 κανονιζομένων
1744 1863 1771 1887 et
1783 1860 1826 1894 μὴ
1841 1860 2084 1895 κανονιζομὲνων,
2102 1862 2129 1888 in
2148 1862 2203 1898 (1y-

1410 1905 1463 1931 rilli
1485 1904 1721 1940 Hierosolymitani
1744 1910 1841 1941 quarta
1863 1906 2009 1939 eatechesi,
2025 1906 2082 1941 τῆς
2096 1907 2202 1941 διαθή-

1409 1959 1465 1985 κης
1481 1951 1530 1978 καὶ
1547 1951 1627 1985 παρὰ
1649 1951 1744 1979 πᾶσιν
1763 1953 2010 1987 ὁμολογουμένων
2026 1958 2053 1981 et
2067 1955 2203 1988 ἀποκρύ-

1409 2005 1473 2031 φων
1487 1996 1536 2024 καὶ
1550 1997 1828 2032 ἀμφιϐαλλομένων,
1845 1999 1873 2026 in
1891 1998 2015 2034 Gregorii
2033 1999 2201 2029 Nazianzeni

1410 2043 1531 2070 carmine
1548 2043 1593 2076 3'5,
1610 2043 1697 2070 θείων
1710 2051 1758 2071 seu
1775 2044 1909 2078 γνησίων
1922 2050 1949 2072 et
1966 2047 2202 2080 zapemdxrwr

1410 2096 1457 2116 seu
1479 2089 1522 2123 μὴ
1538 2089 1686 2123 amotam;
1705 2089 1777 2124 apud
1794 2089 1989 2125 Hieronymum
2005 2093 2124 2126 epistola
2136 2093 2200 2123 429.

1409 2138 1436 2162 et
1450 2133 1477 2161 in
1493 2138 1574 2168 caput
1596 2142 1615 2161 ιι
1639 2133 1768 2169 Epistolte
1785 2135 1819 2162 ad
1834 2135 1936 2168 Titum,
1951 2141 1978 2164 et
1990 2136 2201 2166 Commentario

1410 2179 1438 2206 in
1448 2178 1582 2212 Psalmos,
1596 2179 1620 2205 si
1635 2183 1726 2206 tamen
1747 2179 1828 2214 huius
1845 2180 1907 2207 libri
1925 2185 2021 2208 auctor
2035 2182 2202 2210 existiman—

575 2228 642 2260 lico,
668 2226 716 2261 qui
740 2229 788 2252 aut
809 2224 941 2260 Barnabat
966 2231 1066 2251 nomen
1089 2222 1284 2257 assumpserit,
1312 2225 1359 2249 aut
1375 2230 1397 2257 ι)
1411 2225 1462 2252 dus
1476 2228 1528 2257 est,
1543 2225 1576 2252 ad
1589 2225 1722 2259 psalmum
1735 2232 1826 2259 chtx,
1841 2225 2082 2254 ecclesiasticarum
2096 2233 2125 2255 et
2137 2237 2204 2263 apo-

575 2272 708 2300 Barnabte
729 2270 812 2299 fuerit
833 2270 1018 2306 cognominis,
1036 2273 1118 2304 prout
1140 2276 1155 2295 a
1173 2268 1270 2303 primis
1282 2267 1361 2295 Chri-

576 2318 674 2346 stianis
694 2317 804 2344 nomina
828 2316 1015 2351 apostolorum
1031 2315 1158 2342 aﬂ‘ectata
1181 2314 1266 2342 fuisse
1283 2314 1362 2342 docet

575 2372 627 2392 nos
653 2363 801 2399 Dionysius
829 2361 1030 2389 Alexandrinus
1056 2361 1127 2396 apud
1146 2359 1293 2388 Eusebium
1312 2360 1359 2387 lib.

575 2419 625 2444 vn,
639 2417 698 2445 cap.
716 2409 761 2437 25.
777 2408 816 2436 Eo
829 2408 918 2444 magis
933 2408 1045 2440 inclino,
1057 2411 1087 2435 ut
1097 2414 1223 2434 censeam
1236 2414 1290 2434 non
1301 2413 1362 2434 esse

575 2457 703 2492 apostoli.
719 2455 796 2489 Quod
812 2456 835 2483 si
850 2455 912 2490 quis
935 2455 1050 2482 certiora
1074 2453 1214 2488 proferat,
1237 2452 1361 2488 gratissi-

575 2512 649 2532 mam
663 2504 708 2531 ille
720 2510 777 2530 rem
792 2501 882 2529 faciet.
897 2501 953 2535 Ego
966 2501 1037 2535 quod
1052 2500 1155 2531 nescio,
1169 2499 1240 2527 scire
1252 2505 1295 2525 me
1308 2506 1361 2525 non

575 2558 687 2586 possum
701 2549 832 2584 profiteri.

612 2595 735 2631 Epistola
750 2593 892 2625 Barnabas,
908 2592 1013 2627 quando
1025 2590 1136 2624 scripta.
1151 2589 1230 2617 Dices
1243 2599 1249 2616 :
1265 2588 1294 2616 Si
1307 2596 1362 2616 non

559 2673 562 2677 λ
576 2647 618 2670 est
632 2642 759 2678 apostoli,
775 2641 885 2676 quando
901 2639 1001 2673 scripta
1025 2637 1097 2664 fuit?
1116 2641 1225 2670 quantae
1240 2635 1362 2663 habenda

556 2686 604 2722 )et
616 2689 708 2716 habita
723 2686 913 2714 auctoritatis?
935 2685 972 2714 De
987 2684 1086 2719 primo,
1101 2687 1175 2718 patet
1189 2690 1223 2710 ex
1236 2681 1362 2716 Epistulae

557 2730 564 2750 ³
578 2741 640 2768 cap.
655 2733 689 2760 16
701 2733 792 2760 datam
808 2731 895 2758 fuisse
907 2733 969 2765 post
987 2728 1122 2756 excidium
1140 2726 1363 2762 Hierosolymita-

578 2787 654 2806 num.
670 2778 767 2813 Liquet
782 2777 866 2804 etiam
879 2784 915 2804 ex
927 2776 1066 2804 Clemente
1084 2773 1269 2801 Alexandrino
1279 2793 1286 2806 ,
1303 2772 1363 2799 lau-

579 2825 674 2852 datore
692 2824 821 2858 Epistolze
834 2844 842 2856 ,
867 2827 930 2850 ante
952 2823 1032 2849 linem
1059 2819 1172 2848 secundi
1192 2819 1285 2847 saeculi
1299 2826 1363 2854 pro-

581 2870 672 2898 diissc.
689 2869 765 2897 Sicut
777 2875 864 2896 autem
879 2876 926 2903 per
939 2868 1057 2903 primum
1070 2875 1124 2895 non
1144 2867 1212 2896 bene
1232 2866 1294 2902 quis
1307 2867 1362 2895 ori-

1412 2271 1589 2305 crypharum;
1620 2270 1692 2304 apud
1719 2269 1908 2298 Innocentium
1932 2278 2043 2306 papam,
2063 2274 2149 2307 epist.
2174 2275 2201 2305 5,

1410 2324 1471 2351 cap.
1493 2316 1520 2349 7,
1542 2320 1705 2351 receptarum
1727 2316 1755 2342 in
1776 2324 1876 2344 canone
1901 2324 1933 2344 ac
1959 2318 2202 2352 repudiandarunt.

1411 2362 1564 2397 Aliquando
1581 2361 1676 2396 triplex
1690 2361 1830 2396 Scriptura
1845 2363 2023 2397 perhibetur;
2049 2365 2203 2396 canonica.

1410 2407 1522 2435 omnino
1537 2408 1709 2442 recipienda:
1726 2409 1892 2444 apocrypha,
1908 2409 2018 2443 penitus
2033 2410 2203 2445 rejicienda;

1410 2458 1438 2482 et
1452 2454 1544 2486 dubia,
1558 2455 1628 2481 inter
1643 2458 1787 2489 utramque
1801 2454 1907 2489 posita;
1923 2455 1957 2482 ab
1967 2456 2110 2491 aliquibus
2123 2458 2206 2485 vidc-

1412 2500 1475 2527 lieet
1498 2500 1628 2532 admissa,
1650 2499 1792 2535 repudiata
1815 2501 1850 2529 ab
1865 2501 1940 2535 aliis;
1961 2502 2044 2530 mista
2062 2507 2092 2531 et
2111 2505 2205 2531 media

1412 2546 1483 2574 inter
1498 2546 1644 2581 genuinam
1655 2553 1687 2573 ac
1699 2547 1827 2580 notham;
1844 2555 1916 2575 verte
1930 2549 2067 2583 proxima,
2080 2551 2126 2578 cui
2139 2559 2207 2578 con-

1411 2592 1555 2619 tradicitur
1571 2591 1692 2626 quidem,
1706 2592 1794 2620 honor
1809 2597 1900 2621 tamen
1915 2595 2032 2622 habetur
2047 2601 2080 2623 ut
2095 2596 2206 2632 legatur

1412 2638 1633 2672 eatechumenis;
1650 2645 1733 2673 quam
1756 2639 1868 2666 demum
1891 2640 1955 2667 licet
1976 2648 2032 2668 non
2057 2642 2156 2670 eodem
2173 2643 2204 2669 in

1411 2684 1498 2719 pretio
1513 2684 1631 2711 habeant
1641 2684 1772 2713 Catholici
1786 2693 1818 2713 ac
1831 2686 2003 2721 canonicam,
2022 2693 2052 2715 nt
2068 2695 2103 2715 ex
2117 2696 2149 2716 ea
2167 2689 2203 2715 ti-

1412 2729 1456 2757 dei
1472 2729 1598 2765 dogmata
1615 2729 1788 2763 conﬁrment,
1805 2739 1861 2759 non
1883 2731 1945 2760 ideo
1966 2734 2200 2768 quemadmodum

1412 2776 1597 2811 apocrypham
1613 2776 1820 2811 abominantur,
1835 2782 1918 2813 atque
1943 2785 1960 2806 e
1983 2779 2094 2814 templis
2111 2779 2201 2807 elimi-

1412 2826 1489 2854 nant,
1503 2821 1627 2856 quinimo
1643 2829 1706 2849 cum
1721 2824 1874 2850 reverentia
1892 2824 2043 2859 excipiunt,
2058 2833 2092 2853 ac
2116 2826 2142 2852 in
2154 2832 2201 2851 ec-

1413 2867 1503 2895 clesiis
1518 2866 1551 2894 ad
1566 2866 1652 2902 plebis
1665 2867 1872 2897 aediﬁcationem
1889 2869 2023 2899 lectitant.
2037 2872 2092 2899 Ista
2105 2872 2201 2900 edoce-
