2290 3110
49 152 91 180 637

49 215 102 247 m_ur
113 207 145 235 ab
157 207 273 243 Origene
295 208 328 236 ad
350 207 463 240 Joannis
482 220 518 245 iv,
533 212 584 245 22;
598 211 722 245 Eusebio,
741 211 811 238 Hist.
830 214 850 241 Δ

49 253 88 280 lib.
105 261 142 285 In,
157 261 215 288 cap.
235 254 262 286 5,
281 254 326 288 25,
341 256 386 289 51,
403 262 431 285 et
445 258 509 286 alibi
522 267 530 291 ;
544 259 692 286 Athanasio
706 258 733 285 in
749 257 814 292 Epi-

49 299 107 326 smla
120 298 226 331 Festali,
242 304 270 327 et
282 300 308 328 in
329 301 442 337 Synopsi
454 304 548 331 diviute
567 304 725 338 Scriptum;
749 304 814 330 Am-

49 344 173 378 philochia
186 345 213 371 in
229 344 348 373 lambico
363 347 484 375 carmine
496 349 530 376 ad
550 349 703 382 Seleucum,
719 348 814 376 Hiero—

50 397 120 425 nymo
139 390 166 417 in
190 391 398 425 praefationibus
411 393 445 420 ad
457 392 562 428 Judith,
577 399 605 422 et
619 394 653 422 ad
669 394 719 422 tria
737 393 814 421 Salo-

49 435 126 463 monis
139 436 294 470 volumina;
309 437 407 465 Rntino
421 438 448 466 in
466 437 584 473 Symboli
603 441 777 475 expositione,
788 445 815 467 et

48 481 183 516 Nicephoro
194 482 496 519 Constantinopolitano
517 485 544 512 in
560 484 667 513 Conone
691 483 812 518 Scriptu-

48 536 135 556 rarum.
158 527 242 555 Porro
264 529 407 565 utriusque
436 530 518 566 hujus
535 530 676 558 divisionis
693 531 813 558 membra

48 573 250 603 subdividuntur.
287 574 315 602 In
343 576 451 610 prima,
481 576 621 604 canonica:
646 575 813 610 Scripturre.

45 620 111 652 juxta
134 621 297 648 sententiam
319 622 407 649 sancti
427 621 588 657 Augustini,
607 621 667 649 loco
683 622 765 648 citato
780 629 813 648 cx

48 665 159 693 Doctrina
181 665 345 698 Christiano,
369 667 412 695 vel
437 667 471 695 ab
491 667 620 695 omnibus
644 667 813 702 accipiuntur

47 710 160 740 Ecclesiis
172 713 326 746 catholicis,
342 714 385 741 vel
408 721 424 740 a
443 713 566 748 pluribus
583 718 610 741 et
632 714 812 749 gravioribus,

46 758 105 784 vela
118 758 291 792 paucioribus
306 758 475 793 minorisque
490 758 672 790 auctoritatis,
688 757 729 784 vel
744 757 813 785 forte

46 810 58 828 a
72 803 185 837 pluribus
206 808 235 831 at
256 811 312 831 non
329 804 511 840 gravioribus,
530 807 577 830 aut
591 803 708 838 denique
719 803 812 830 forsan

46 854 57 872 a
71 846 230 880 gravioribus
255 849 303 875 sed
326 855 380 875 non
399 848 538 883 pluribus;
555 848 651 882 sicque
665 852 712 875 aut
723 848 812 875 omni-

45 891 128 923 nitidae,
144 896 189 919 aut
215 893 343 927 majoris,
362 879 409 921 aut
434 879 547 928 aqualis
562 879 733 922 auctoritatis
747 901 812 921 cen-
828 879 848 905 Β

45 937 88 964 seri
105 937 208 966 debent.
225 938 315 972 Quam
339 939 549 974 inaequalitatem
573 939 744 967 auctoritatis
765 938 812 966 .lu-

44 983 97 1010 dtcis
107 991 157 1011 non
173 984 258 1013 fuisse
267 985 416 1013 inauditam
431 985 530 1021 colligo
541 993 574 1013 ex
584 985 707 1019 Philone,
718 986 764 1014 lib.
776 986 813 1014 De

44 1031 87 1056 vita
96 1031 291 1065 contemplativa
299 1039 309 1063 ,'
320 1030 449 1066 Josepho,
457 1031 527 1059 libro
538 1040 547 1059 ι
559 1038 650 1059 contra
657 1032 811 1067 Appionem,

43 1075 291 1113 atquellieronymo,
301 1077 328 1104 in
340 1076 545 1112 praefationibus
559 1078 592 1105 ad
605 1077 701 1114 Reges,
713 1078 746 1106 ad
759 1078 812 1105 To-

44 1121 112 1155 biam,
123 1123 154 1150 ad
170 1121 322 1155 Juditham,
337 1122 473 1159 ad-Opera
489 1123 646 1152 Salomonis
668 1128 696 1152 et
707 1124 741 1152 ad
758 1124 811 1152 Da.

44 1167 134 1194 nielem.
155 1168 196 1195 Ab
211 1169 308 1196 eodem
333 1169 557 1204 Augustino,lib.
573 1178 638 1197 xvtu
654 1169 691 1197 De
706 1170 812 1198 ciuitate

46 1211 91 1246 Dei,
104 1220 159 1248 cap.
174 1213 220 1247 36,
237 1214 340 1249 duplex
361 1222 450 1242 canon
478 1214 681 1250 Scriptum-um
704 1214 810 1243 Veteris

44 1257 189 1287 Testamenti
214 1260 300 1288 statui
326 1260 446 1302 videtur;
468 1268 561 1288 earum
575 1267 645 1296 quas
657 1259 743 1288 Judaei
760 1268 810 1296 pro

43 1306 163 1334 canonicis
176 1307 289 1339 habent,
305 1312 332 1334 et
347 1315 442 1334 earum
456 1315 526 1342 quas
544 1307 667 1335 Ecclesia
683 1317 690 1334 :
703 1315 755 1342 qua
776 1308 810 1335 de

44 1359 66 1379 re
85 1353 249 1381 consulendo;
272 1352 370 1380 lsidori
388 1352 520 1389 Origines,
542 1353 590 1381 lib.
607 1361 650 1387 vr,
664 1361 724 1388 cap.
742 1354 767 1381 i.
781 1353 809 1381 In

42 1397 120 1425 eadem
133 1398 217 1433 prima
232 1398 369 1427 divisione
383 1399 446 1427 libri
457 1399 606 1435 apocryphi
621 1399 722 1434 gradus
733 1399 811 1427 simi-

44 1442 93 1471 liter
110 1445 238 1477 obtinent,
261 1451 344 1480 prout
357 1445 390 1472 ad
407 1445 548 1473 veritatem
563 1453 595 1472 ac
606 1446 745 1480 pietatem,
759 1445 810 1472 [alo

43 1493 133 1521 sitatem
146 1498 172 1521 et
183 1494 353 1530 impietatem
367 1493 455 1529 magis
471 1497 518 1520 aut
533 1493 625 1520 minus
641 1496 765 1528 vergunt.
780 1492 809 1520 In

43 1540 144 1568 secunda
163 1541 267 1575 pariter
290 1540 434 1572 divisione,
456 1539 546 1567 dubia:
561 1539 719 1574 Scriptura,
735 1539 806 1575 apud
822 1552 845 1582 ε

43 1583 170 1613 Eusebium
185 1586 232 1614 lib.
250 1594 282 1619 Il,
298 1593 358 1621 cap.
374 1586 427 1619 23;
443 1586 490 1613 lib.
509 1593 551 1618 ιιι,
565 1593 626 1620 cap.
639 1586 655 1612 5
670 1589 697 1612 et
707 1585 759 1617 25,
767 1585 809 1612 di-

43 1632 179 1660 rersitalem
195 1633 335 1668 accipiunt
354 1640 388 1660 ex
402 1632 578 1667 proximitate
603 1631 638 1659 ad
662 1631 809 1659 canonicos

43 1677 77 1704 Vel
88 1678 117 1705 ad
128 1680 297 1716 apocryphas
309 1688 316 1711 ;
329 1687 391 1706 cum
402 1687 416 1705 a
429 1678 554 1713 pluribus
564 1677 694 1704 Ecclesiis
702 1677 809 1712 publice

45 1722 187 1759 lectitantur,
203 1733 267 1753 cum
283 1725 318 1752 ab
330 1724 449 1759 antiquis
462 1723 621 1751 doctoribus
635 1722 808 1758 reperiuntur

44 1767 156 1804 allegatis,
174 1778 296 1806 cumque
321 1771 421 1805 spuria:
445 1769 571 1796 videntur
594 1776 625 1796 ac
652 1769 686 1796 de
709 1768 808 1803 quibus

44 1821 112 1848 quam
122 1816 235 1844 maxime
250 1817 402 1844 dubitatur.

71 1858 112 1888 llis
131 1862 164 1889 ita
183 1862 293 1897 positis,
307 1863 447 1890 evanescit
464 1863 555 1890 omnis
572 1861 726 1889 dillicultas.
743 1859 804 1895 Epi.

44 1905 100 1932 stola
113 1905 238 1936 Barnabas
254 1907 290 1935 ab
304 1907 420 1943 Origene
439 1912 469 1943 et
487 1907 650 1942 quibusdam
677 1905 808 1933 Ecclesiis

44 1952 155 1980 canonica
163 1958 288 1989 reputata
305 1953 372 1987 fuit;
388 1961 403 1981 a
416 1954 557 1981 Clemente
568 1953 752 1981 Alexandrino
764 1953 806 1980 in-

46 1998 132 2026 terdum
156 2001 298 2033 canonica,
318 2000 453 2027 interdum
478 1999 572 2033 dubia,
589 2000 725 2027 interdum
750 2006 806 2026 non

45 2044 165 2077 canonica,
178 2053 225 2073 seu
243 2044 398 2080 apocrypha
415 2045 441 2071 in
457 2045 529 2072 bono
539 2052 621 2072 sensu
634 2044 728 2079 prima;
737 2043 807 2070 divi-

45 2086 131 2116 sionis:
147 2089 179 2117 ab
192 2089 312 2118 Eusebio
324 2089 418 2122 dubia,
433 2089 536 2124 spuria,
552 2089 635 2117 citata
648 2089 758 2124 quidem
773 2087 807 2114 ab

45 2134 156 2169 antiquis,
167 2142 194 2163 at
208 2136 330 2164 melioris
341 2139 412 2163 notas
427 2135 590 2171 apocrypbis
606 2135 783 2170 propinquior
797 2143 804 2160 :

175 2255 269 2284 Versus
283 2255 483 2291 Script-urorum
499 2265 647 2284 sacrorum.
822 2237 842 2264 ι)

44 2308 162 2340 ῦευεδὶε..
200 2335 205 2340 .
247 2335 253 2340 .
296 2335 302 2340 .
341 2335 347 2341 .
387 2335 392 2341 .
433 2335 439 2340 .
478 2314 580 2342 Versus
634 2322 738 2341 IMIIIID.

45 2354 163 2386 Exodusu
201 2381 207 2386 .
247 2382 253 2387 .
294 2381 299 2386 .
341 2381 346 2386 .
387 2381 393 2386 .
433 2381 439 2387 .
481 2381 487 2387 .
526 2381 532 2386 .
571 2381 577 2387 .
634 2368 749 2387 uulncc.

45 2399 203 2433 Leviticum..
245 2427 252 2433 .
293 2427 298 2433 .
340 2427 347 2432 .
387 2427 392 2432 .
433 2427 439 2432 .
480 2427 486 2433 .
527 2427 532 2432 .
572 2427 577 2432 .
634 2414 747 2433 πίσυρες.

45 2445 155 2479 Numeri“
192 2473 199 2480 .
239 2473 246 2479 .
288 2474 293 2479 .
334 2472 340 2478 .
382 2474 388 2479 .
429 2473 434 2478 .
475 2473 481 2479 .
523 2473 528 2479 .
570 2473 575 2478 .
632 2460 748 2479 uluncu.

45 2492 259 2526 Deuteronominui
285 2519 293 2524 .
331 2517 338 2524 .
379 2518 386 2524 .
428 2518 434 2524 .
476 2519 481 2524 .
521 2519 526 2524 .
569 2518 574 2523 .
631 2505 746 2524 nuuccc.

45 2539 198 2571 lesuNave..
240 2566 245 2570 .
290 2565 296 2572 .
336 2564 343 2570 .
383 2564 389 2570 .
430 2565 435 2570 .
477 2564 483 2569 .
523 2564 531 2570 .
571 2564 576 2570 .
635 2552 680 2570 uit.

45 2585 680 2617 lmiicum..........uu.

46 2631 690 2663 lluth...........cct.

45 2677 187 2714 Regnorum.
200 2682 308 2710 Primus
323 2682 398 2709 liber.
432 2703 437 2708 .
479 2701 484 2707 .
526 2703 531 2708 .
571 2702 576 2707 .
634 2689 697 2708 uno.

99 2739 131 2744 ·-
197 2727 339 2754 Secundus
355 2727 430 2753 liber.
475 2747 482 2753 .
523 2747 529 2752 .
570 2746 576 2752 .
633 2734 679 2752 uti.

72 2794 104 2828 (l)
122 2794 231 2830 Hujusce
246 2795 407 2832 Patrologio:
422 2801 441 2823 t.
454 2795 475 2830 l,
488 2795 540 2823 col.
556 2794 615 2822 467.

700 150 967 183 PROLEGOMENA.

1594 151 1647 178 658

865 211 898 238 ab
914 210 1080 246 Hieronymo
1095 210 1259 245 apocrypha,
1281 216 1328 237 seu
1355 213 1430 237 extra
1451 215 1595 242 canonum,
1611 209 1645 236 ad

866 257 993 284 Ecclesiae
1016 256 1221 284 aedificationem
1247 257 1384 291 pertinens
1413 265 1419 283 :
1448 263 1465 283 a
1492 255 1645 290 Nicephoio

865 302 1165 338 Constantinopolitano
1185 310 1239 329 non
1254 302 1393 333 canonica,
1410 309 1463 329 non
1478 301 1644 337 apocrypha,

865 347 913 375 sed
928 348 973 375 cui
983 347 1197 375 contradicitur:
1212 354 1227 374 a
1243 346 1318 374 nullo
1333 346 1486 382 apocrypha
1502 345 1645 373 deterioris

865 398 947 427 notae,
963 401 1034 421 noxa
1053 393 1166 427 scilicet,
1185 393 1321 427 haeretica,
1334 393 1431 428 impia;
1447 392 1526 427 cujus
1539 391 1646 427 generis

865 439 972 467 videtur
985 438 1072 467 fuisse
1087 438 1261 474 Evangelium
1278 439 1439 473 inscriptum
1454 437 1564 465 nomine
1580 436 1646 464 Bar-

865 485 956 519 nabas;
973 485 1044 520 quod
1059 485 1086 512 in
1100 485 1217 512 concilio
1229 484 1352 512 Romano
1365 491 1446 518 opera
1458 482 1558 511 Gelasii
1568 483 1646 510 dam-

865 535 959 558 natum
973 535 1024 558 est.
1041 530 1107 558 Vide
1123 537 1205 565 supra
1221 529 1300 557 initio
1320 534 1447 556 notarum
1463 529 1489 555 in
1509 528 1641 556 Constitu-

868 577 949 603 tiones
967 575 1131 610 {apostolicos
1155 574 1205 610 (l),
1219 574 1371 602 lndiculum
1400 573 1614 608 Scripturarutn,
1630 579 1646 600 e

865 619 1029 647 bibliotheca
1046 619 1129 655 Regia
1145 620 1346 655 depromptum.

902 665 1005 693 Titulus
1019 665 1155 701 Epistula.
1170 665 1263 694 Restat
1276 666 1348 694 aliud
1365 666 1443 698 nihil,
1455 666 1508 694 nisi
1523 666 1557 693 de
1567 666 1646 694 titulo

864 711 991 746 Epistolis
1006 712 1156 747 inquirere,
1171 712 1204 739 ad
1219 719 1290 747 quos
1307 711 1408 746 scripta
1423 711 1515 739 fuerit.
1527 710 1581 740 Res
1591 719 1645 739 non

864 756 955 792 magni
968 761 1010 785 est
1020 758 1160 785 momenti.
1169 757 1205 785 Ut
1217 758 1290 785 enim
1304 757 1433 792 praeclare
1443 756 1643 784 Tertullianus:

865 801 942 829 Nihil
957 802 988 830 de
1007 803 1093 830 titulis
1115 804 1232 834 interest,
1246 811 1305 830 cum
1329 803 1364 830 ad
1383 810 1470 830 omnes
1493 803 1646 838 scripserint

863 847 986 883 apostoli,
1011 854 1065 875 tum
1094 849 1128 875 ad
1147 849 1284 884 quosdam.
1309 849 1348 876 Ac
1371 848 1440 876 forte
1462 849 1646 884 ἀνεπίγραφος

864 901 970 928 semper
982 894 1085 921 exstitit
1097 903 1104 925 ;
1124 894 1231 928 qualem
1244 895 1384 922 cernimus
1401 893 1517 922 Joannis
1530 894 1645 929 apostoli

863 939 989 974 primam.
1006 937 1084 972 Quod
1101 940 1123 966 si
1138 939 1216 966 aliter
1226 947 1255 967 se
1268 947 1312 967 res
1329 940 1437 973 habeat,
1452 940 1595 975 conjiciam
1610 947 1644 968 ex

864 989 919 1012 tota
933 984 1067 1012 orationis
1087 985 1169 1018 serie,
1191 985 1224 1013 ad
1248 985 1418 1013 Christianos
1434 985 1562 1015 llebraaos
1576 986 1644 1013 mis-

863 1039 934 1065 sam,
949 1035 1058 1058 tenaces
1076 1030 1190 1058 nimium
1207 1032 1353 1067 antiquata!
1373 1032 1450 1068 legis,
1464 1032 1499 1059 ad
1517 1031 1644 1060 Hebraeos

862 1076 1022 1111 inscriptam
1037 1075 1132 1104 fuisse.
1147 1075 1269 1112 Hincque
1282 1077 1371 1112 potuit
1396 1077 1455 1104 ﬁeri
1478 1082 1518 1110 ut,
1534 1081 1644 1112 accepto

862 1130 972 1150 rumore
994 1123 1028 1150 de
1049 1122 1170 1158 Epistola
1188 1123 1305 1158 quadam
1326 1122 1457 1150 Barnabas
1469 1122 1502 1150 ad
1517 1122 1644 1151 Hebrrcos

862 1175 877 1195 a
890 1175 920 1195 se
931 1175 989 1195 non
1000 1169 1069 1202 visa,
1087 1168 1273 1196 Tertullianus
1284 1176 1345 1204 cap.
1361 1167 1406 1202 20,
1424 1168 1473 1196 lib.
1488 1168 1528 1195 De
1539 1169 1644 1203 pudici-

861 1214 909 1246 tia,
925 1213 1074 1248 Epistolam
1084 1214 1162 1242 Pauli
1175 1215 1334 1243 canonicam
1352 1214 1385 1242 ad
1398 1213 1537 1248 Hebraeos,
1550 1215 1582 1242 de
1592 1223 1643 1242 cu-

858 1260 904 1295 jus
917 1265 1028 1288 auctore
1039 1268 1072 1288 ac
1087 1262 1250 1289 auctoritate
1263 1261 1462 1296 ambigebatur,
1477 1262 1612 1296 putaverit
1626 1269 1643 1289 ι

860 1305 984 1334 Barnaba
1000 1306 1084 1334 fuisse
1096 1307 1270 1335 destinatam.
1281 1307 1370 1342 Atque
1383 1307 1516 1335 hactenus
1530 1308 1562 1336 de
1577 1307 1642 1343 Epi-

861 1352 945 1380 stola.

895 1399 1011 1434 Antiquo
1035 1400 1129 1426 venia.
1142 1399 1226 1426 Vetus
1239 1404 1328 1427 autem
1346 1398 1534 1434 interpretatio
1546 1397 1644 1426 barba-

859 1444 926 1471 riem
943 1444 1055 1480 ubique,
1068 1445 1169 1480 ubique
1190 1444 1382 1480 negligentiam
1406 1444 1536 1477 ostendit,
1548 1448 1643 1479 estque

861 1490 1018 1525 imperfecta
1033 1495 1060 1518 et
1073 1491 1181 1524 mutila,
1193 1495 1251 1519 tum
1262 1491 1375 1527 passim,
1390 1495 1448 1518 tum
1461 1491 1596 1526 praecipue
1609 1491 1642 1518 ad

860 1535 950 1569 tinent,
963 1536 1009 1563 ubi
1029 1537 1186 1571 posteriora
1202 1537 1291 1572 capita
1307 1541 1474 1569 resecantur,
1498 1535 1568 1563 forte
1578 1535 1642 1571 quia

863 1582 954 1609 minus
967 1585 1047 1610 docta
1065 1583 1226 1610 videbantur
1239 1583 1388 1618 interpreti,
1405 1588 1486 1618 atque
1502 1583 1537 1610 ad
1551 1589 1642 1610 mores

863 1629 949 1661 magis
963 1629 1124 1663 pertinentia
1141 1638 1147 1656 :
1162 1630 1245 1664 igitur
1257 1630 1367 1657 omissis
1380 1630 1424 1662 iis,
1436 1630 1586 1664 paucisque
1597 1635 1643 1655 vo-

861 1673 940 1701 cibus
956 1674 1077 1706 iusertis,
1092 1675 1271 1709 colophonem
1295 1682 1342 1709 per
1364 1674 1536 1709 doxologiam
1555 1674 1642 1708 impo-

861 1721 911 1748 nit.
928 1720 1014 1748 Suuin
1033 1726 1123 1749 tamen
1145 1721 1184 1749 illi
1201 1722 1321 1750 versioni
1345 1722 1461 1756 pretium
1476 1730 1483 1748 :
1499 1720 1543 1748 cui
1565 1719 1643 1748 debe«

862 1775 924 1796 mus
939 1768 1029 1803 priora
1045 1768 1145 1803 capita,
1157 1776 1218 1796 cum
1236 1776 1289 1796 non
1302 1768 1396 1803 paucis
1407 1768 1642 1796 emendationibus

861 1813 946 1841 Graeci
957 1818 1111 1847 contextus,
1127 1819 1156 1841 ut
1171 1814 1238 1841 nihil
1249 1814 1336 1841 dicam
1349 1814 1382 1842 de
1394 1814 1555 1849 antiquitate
1568 1815 1641 1842 illius

861 1867 892 1887 ac
907 1859 1092 1895 simplicitate.

896 1902 1091 1934 Stichometria.
1109 1905 1241 1934 Ceterum
1254 1907 1383 1934 ineditam
1410 1906 1639 1939 Stichometriam,

860 1952 939 1986 cujus
961 1952 1084 1985 memini,
1098 1952 1200 1987 placuit
1216 1953 1260 1980 hic
1275 1960 1421 1988 apponere,
1434 1953 1541 1993 tametsi
1559 1953 1641 1980 mnti-

860 1997 914 2025 lam
936 2002 962 2026 et
986 2003 1161 2034 corruptam;
1179 1998 1243 2034 quia
1259 2006 1313 2026 non
1336 1998 1499 2026 mediocrem
1522 1998 1640 2026 fructum

860 2043 953 2071 aﬂ'eret
975 2044 1136 2080 legentibus,
1147 2050 1230 2080 atque
1245 2044 1447 2072 conferentibus
1460 2052 1522 2072 cum
1537 2044 1582 2072 illa
1594 2043 1641 2071 Ni-

859 2089 1289 2126 ceph0riConstantinopolitani.
1312 2097 1374 2118 cum
1400 2098 1466 2118 mss.
1491 2090 1639 2119 Bibliorum

860 2135 1010 2169 codicibus,
1026 2144 1143 2171 cumque
1159 2136 1297 2164 laterculis
1314 2135 1526 2170 Scripturarum.

859 2245 1014 2281 Regnorum
1031 2248 1140 2276 Tertitts
1154 2249 1229 2276 liber.
1265 2270 1270 2275 .
1312 2271 1317 2276 .
1359 2271 1364 2276 .
1406 2271 1412 2277 .
1469 2259 1550 2278 nunc.

928 2308 962 2312 —-
1033 2294 1152 2326 Quartus
1169 2295 1268 2322 liher..
1310 2317 1314 2321 .
1358 2316 1364 2321 .
1404 2316 1410 2322 .
1468 2304 1575 2324 uucccc.

926 2351 934 2385 (
948 2350 1085 2379 Excidisse
1105 2352 1225 2379 videntur
1240 2353 1302 2379 libri
1317 2352 1547 2388 Paralipomenon.
1561 2358 1568 2388 )

856 2406 957 2434 Psalmi
973 2406 1101 2434 Davidici.
1124 2427 1130 2432 .
1171 2427 1177 2434 .
1217 2428 1223 2434 .
1264 2429 1270 2434 .
1311 2428 1318 2434 .
1358 2428 1364 2435 .
1405 2429 1410 2435 .
1467 2417 1572 2436 uulua.

857 2453 1011 2481 Proverbia.
1034 2474 1041 2480 .
1078 2474 1084 2480 .
1125 2475 1130 2480 .
1172 2474 1178 2479 .
1219 2475 1226 2482 .
1265 2474 1272 2480 .
1312 2475 1318 2480 .
1358 2475 1365 2482 .
1404 2475 1410 2481 .
1468 2464 1528 2482 ηε.

857 2499 1045 2527 Ecclesiastes.
1082 2519 1089 2525 .
1130 2520 1135 2525 .
1178 2520 1183 2525 .
1222 2520 1229 2525 .
1268 2519 1274 2525 .
1313 2519 1319 2525 .
1357 2520 1364 2526 .
1404 2520 1410 2526 .
1466 2508 1506 2527 nc.

857 2544 969 2572 Cantica
983 2545 1179 2571 caltticorum..
1220 2565 1226 2570 .
1268 2565 1272 2570 .
1312 2565 1317 2570 .
1358 2565 1364 2571 .
1404 2565 1409 2570 .
1465 2553 1520 2572 ccc.

859 2589 1004 2624 Sapientia.
1034 2609 1040 2616 .
1080 2610 1086 2616 .
1127 2610 1132 2616 .
1172 2610 1177 2616 .
1217 2610 1222 2615 .
1264 2610 1269 2615 .
1310 2611 1316 2616 .
1355 2611 1360 2616 .
1401 2611 1407 2617 .
1463 2599 1490 2618 Μ.

858 2634 1083 2669 Sapientialesu.
1121 2655 1127 2660 .
1167 2656 1172 2661 .
1213 2655 1218 2660 .
1260 2655 1265 2661 .
1307 2655 1312 2660 .
1355 2656 1360 2661 .
1403 2656 1408 2661 .
1466 2645 1529 2663 uno.

859 2681 1005 2709 Duodecim
1019 2680 1168 2715 Prophetas
1211 2700 1218 2707 .
1259 2700 1264 2705 .
1306 2700 1312 2706 .
1352 2701 1358 2707 .
1401 2701 1406 2707 .
1462 2685 1581 2710 ωηεν.

857 2726 1547 2755 Osee...........nux.

73 2851 82 2858 ‘
99 2848 223 2880 Numerus
233 2853 368 2888 generalis
381 2861 442 2882 cum
455 2852 667 2889 particularihus
677 2859 732 2880 non
742 2850 899 2879 concordat.
