2290 3110
14 154 58 182 661

712 158 978 188 PROLEGOMENA.

1595 163 1646 191 662

46 214 132 242 Illius
145 221 220 249 saepe
242 216 372 244 meminit
387 218 599 253 Alexandrinus,
615 221 771 256 multosque
783 229 816 248 ex
831 228 852 256 Α
868 221 972 249 Christo
988 223 1036 254 est,
1058 222 1084 248 in
1102 230 1181 256 quam
1200 222 1269 250 beati
1287 230 1374 248 omnes
1389 222 1434 256 qui
1451 222 1593 249 intrarunt.
1607 221 1645 249 Ex

12 268 41 286 ea
62 259 181 295 profert
194 262 282 295 locos,
305 263 534 297 quemadmodum
551 269 577 292 et
590 265 729 301 Origenes,
745 274 814 301 quos

11 312 116 332 omnes
136 305 168 332 in
181 307 286 334 nostris
297 308 535 337 observationibus
548 311 702 338 notavimus
719 322 725 338 :
741 320 815 339 eam-

12 358 63 384 que
73 351 155 378 citat
168 357 283 380 sanctus
293 353 440 389 Gregorius
451 353 638 384 Nazianzenus
650 357 676 383 in
688 356 813 385 Philoco-

11 397 55 424 lin.
70 396 207 425 Sanctus
223 397 405 434 Hieronymus
423 401 449 427 in
468 401 536 428 libro
550 401 587 428 De
602 403 814 437 interpretatione

12 444 163 470 nominum
185 443 391 478 Hebraicorum,
410 451 472 481 post
494 447 700 482 explicationem
718 457 812 476 eorum

11 497 68 523 qua:
87 489 277 523 reperiuntur
285 489 312 516 in
325 490 498 526 Apocalypsi,
508 492 700 526 interpretatur
709 501 740 520 ea
754 501 814 528 quae

10 538 129 562 exstant
158 535 188 562 in
214 535 300 562 sancti
325 535 455 564 Barnaba:
482 537 611 572 Epistula,
637 539 689 566 hoc
708 539 811 567 modo:

12 580 45 607 De
61 580 206 614 Epistula
225 580 365 609 Barnabw.
378 582 521 616 Abraham,
537 589 611 618 pater
627 585 714 612 videns
729 593 812 620 popu-

9 626 74 657 lum,
91 631 156 653 etc.

42 671 76 698 Hi
97 677 175 699 sunt
187 678 292 701 veteres
307 678 432 702 auctores
446 675 491 708 qui
508 675 541 702 de
559 676 609 703 hac
619 676 732 710 epistola
746 677 813 704 scri-

8 722 134 751 pserunt.
160 722 211 745 aut
235 719 425 747 meminerunt.
450 719 515 753 Quae
536 721 644 756 quidem
666 722 727 756 jure
745 722 813 749 inter

9 763 176 798 scripturas
197 765 366 800 apocryphas
387 773 401 792 a
423 766 513 793 citatis
528 767 687 794 auctoribus
711 775 813 795 connu-

8 814 155 842 meratur,
169 816 229 837 tum
245 810 320 845 quia,
346 819 380 838 an
395 810 528 838 Bai-nabat
543 811 578 838 sit
600 812 733 840 incertum
755 817 810 845 est,

9 860 65 882 tum
82 856 158 890 quia
174 855 201 882 in
218 863 249 883 ea
264 857 385 890 quaedam
398 857 569 892 reperiuntur
583 865 643 892 qua:
655 858 813 886 difﬁcultate

866 275 920 302 quo
940 267 1000 294 loco
1027 267 1169 302 legendum
1192 272 1233 294 est
1254 267 1325 302 apud
1340 266 1506 294 Clementem
1527 267 1645 293 Alexan-

865 312 974 338 drinum
990 312 1008 345 ιὴ
1020 312 1055 338 ἐν
1072 311 1257 347 δικαιοσύνῃ,
1272 317 1299 339 et
1313 312 1502 347 exponendum
1513 333 1520 344 ,
1537 320 1568 338 ea
1588 320 1646 346 qua:

864 358 891 383 in
912 357 1021 391 justitia
1044 362 1092 383 est.
1120 357 1147 384 id
1170 358 1251 385 etiam
1276 362 1348 392 patet
1375 366 1407 384 ex
1427 357 1485 391 ipso
1509 356 1646 383 Clemente

864 402 1058 434 Alexandrino,
1072 402 1119 429 lib.
1133 411 1141 429 ι
1154 401 1330 435 Stromatum,
1350 402 1396 429 ubi
1411 403 1482 430 idem
1500 402 1586 434 locus,
1599 402 1646 428 sed

864 448 983 483 longior,
1002 449 1102 475 citatur
1116 455 1148 476 ex
1164 449 1258 476 eadem
1272 449 1386 483 epistola
1399 448 1485 475 sancti
1500 447 1647 475 Clementis

864 493 896 520 ad
913 493 1070 522 Corinthios
1084 516 1092 528 ,
1118 494 1259 522 nominato
1275 498 1379 521 tantum
1395 497 1490 520 sancto
1509 491 1648 520 Clemente

863 539 935 566 circa
951 539 1032 566 tinem
1046 544 1191 567 contextus
1205 560 1212 572 ,
1233 540 1326 574 paucis
1340 539 1430 566 verbis
1443 538 1554 566 mutatis
1567 546 1574 570 ;
1594 538 1647 565 hoc

863 585 962 612 modo:
980 594 989 610 ι
1006 585 1070 612 Ilwc
1097 592 1134 612 est
1151 589 1226 619 porta
1243 585 1348 612 Domini
1360 585 1445 619 ,Justi
1468 584 1604 611 intrabunt
1618 584 1645 610 in

862 637 936 656 eam:
949 641 957 656 ι
968 629 1033 658 Cum
1043 639 1103 666 ergo
1117 631 1206 658 multa:
1221 637 1318 665 apertie
1333 631 1386 657 sint
1398 631 1516 665 portaain
1527 630 1645 664 justitia,

862 676 917 702 hac
923 676 974 710 fuit
985 677 1012 702 in
1018 677 1133 709 Christo,
1142 678 1167 704 in
1177 685 1256 712 quam
1266 677 1334 703 beati
1345 685 1432 703 omnes
1444 677 1489 712 qui
1499 677 1645 709 intrarunt,

861 726 886 748 et
901 723 950 748 iter
960 730 1037 748 suum
1054 722 1204 749 direxerant
1221 723 1248 749 in
1262 722 1404 750 sanctitate
1414 722 1586 757 cognoscendi
1597 729 1629 756 po
1640 736 1646 741 -

863 771 954 794 testate
968 768 1090 803 prwdita.
1104 768 1205 795 Αὐτίκα
1218 770 1231 795 ὁ
1247 769 1362 804 Κλήμης
1378 769 1406 794 ἐν
1420 769 1453 803 τῇ
1468 768 1536 802 πρὸς
1550 769 1644 802 Κοριν-

862 813 934 844 θίους
956 814 1082 849 ἐπιστολῇ
1096 814 1167 840 κατὰ
1187 814 1258 846 λέξιν
1275 815 1341 849 φησὶ
1357 815 1406 846 τὰς
1425 813 1553 849 διαφορὰς
1571 815 1645 840 ἐκτι-

862 857 974 893 θέμενος
986 859 1041 886 τῶν
1059 859 1129 886 κατὰ
1141 860 1190 895 τὴν
1218 860 1377 895 Ἐκκλησίαν
1395 860 1522 895 δοκίμων·
1543 869 1551 884 ι
1569 860 1643 885 Ἤτω

8 901 132 929 minime
152 906 261 929 carent.
277 901 415 937 Siquidem
441 903 576 930 nonnullis
592 908 656 932 sunt
671 904 697 931 in
715 912 746 931 ea
762 912 807 932 sa-
823 900 844 926 Β
857 906 899 936 τις

740 912 807 932 tsa-
823 900 844 926 Β
857 906 899 936 τις
919 906 1027 939 πιστὸς,
1048 907 1104 941 ἤτω
1121 906 1231 939 δυνατός
1257 915 1300 939 τις
1322 907 1420 941 γνῶσιν
1442 907 1568 939 ἐξειπεῖν,
1589 907 1644 941 ητω

8 946 107 979 lebra,
120 947 161 974 ad
177 955 248 982 quas
263 948 353 975 minus
375 948 446 976 cauti
463 948 598 976 oll'endere
617 950 730 984 possint,
742 956 810 984 quas

9 997 106 1021 tamen
135 1000 192 1028 pro
207 994 317 1021 modulo
333 994 494 1029 explanavi;
511 1002 566 1022 non
580 1003 613 1023 eo
627 996 735 1030 quidem
751 997 810 1023 ani-

9 1047 66 1071 mo,
90 1039 182 1074 quasi
196 1039 277 1066 velim
292 1047 351 1067 eam
363 1041 397 1067 ab
412 1041 486 1068 omni
498 1049 574 1069 naevo
588 1042 753 1076 pertinacius
764 1050 811 1069 ex-

7 1093 114 1113 cusare
126 1095 134 1118 ;
165 1086 396 1120 quemadmodum
412 1086 492 1115 hodie
503 1087 582 1116 video
596 1089 751 1122 nonnullos,
764 1089 809 1124 qui

8 1135 105 1158 vetera
123 1131 257 1166 quaedam
278 1139 452 1161 monumenta
465 1141 479 1161 a
493 1141 523 1162 se
538 1134 620 1168 edita,
643 1135 808 1162 continentia

7 1185 104 1205 meras
131 1177 334 1205 nutricularum
354 1179 466 1212 nenias,
485 1188 533 1207 seu
551 1181 641 1215 potius
657 1182 750 1217 aegroti
762 1189 810 1209 ve—

6 1224 77 1251 teris
101 1223 230 1256 somnia,
252 1231 313 1258 quat
327 1223 360 1251 ad
374 1225 492 1259 primum
504 1225 632 1253 intuitum
646 1226 713 1254 viris
724 1227 809 1254 doctis

6 1276 152 1296 nauseam
170 1273 298 1304 moveant
310 1289 318 1303 ,
332 1274 406 1297 tanta
420 1271 504 1298 animi
518 1271 691 1300 contentione
702 1272 809 1307 (quam-

7 1314 48 1341 vis
77 1315 145 1341 sine
175 1315 295 1350 ratione)
316 1313 459 1343 defendere
473 1321 616 1349 conantur,
631 1322 661 1344 ut
680 1317 764 1345 velint
777 1325 808 1344 ea

5 1360 187 1394 scriptorum
199 1360 323 1388 omnium
339 1366 458 1390 veterum
472 1370 505 1390 ac
519 1363 700 1391 recentiorum
715 1367 808 1390 aucto—

4 1405 85 1432 ritati
112 1405 252 1440 prml‘crri.
268 1405 323 1434 Nec
347 1407 373 1434 id
395 1415 505 1435 movere
527 1416 693 1443 quemquam
718 1409 807 1442 debet,

4 1450 85 1484 quod
118 1449 252 1478 Clemens
278 1452 496 1487 Alexandrinus,
519 1458 546 1480 et
573 1453 719 1489 Origenes,
744 1462 806 1481 cum

4 1496 83 1523 banc
105 1496 197 1523 citant
212 1496 364 1531 epistolam,
385 1507 523 1534 nunquam
550 1507 609 1527 eam
625 1500 806 1535 apocrypham

2 1550 70 1568 esse
98 1541 235 1569 dixerint.
260 1541 399 1578 Siquidem
421 1545 555 1579 ejusmodi
580 1551 704 1574 auctores
734 1554 804 1579 saepe

4 1592 132 1614 utuntur
161 1589 323 1623 apocryphis
352 1599 358 1617 :
388 1594 417 1617 ut
445 1591 514 1618 libro
542 1591 645 1625 Enocb,
671 1591 803 1625 Pastoris,

2 1631 136 1658 Matthiae
149 1631 337 1660 Traditionum
350 1634 429 1668 libro,
439 1635 511 1663 Petri
526 1636 702 1672 Apocalypsi,
718 1637 805 1665 Evan-

3 1678 82 1712 gelio
97 1677 306 1713 Egyptiorum,
320 1684 347 1707 et
362 1681 506 1709 similibus.
527 1681 614 1709 Unum
635 1687 724 1711 tamen
745 1691 805 1712 cer-

2 1729 66 1750 tum
84 1729 141 1756 est,
163 1724 234 1751 hanc
248 1725 401 1759 epistolam,
425 1735 485 1762 qua:
507 1728 587 1754 modo
605 1735 621 1755 a
644 1729 724 1756 nobis
738 1730 804 1762 exit,

0 1776 69 1794 eam
100 1775 165 1795 esse
194 1776 276 1803 quam
307 1775 418 1798 sanctus
448 1771 651 1808 Hieronymus.
679 1774 804 1802 Clemens

0 1814 231 1848 Alexandrinus,
252 1820 278 1842 et
293 1815 423 1852 Origenes
450 1819 513 1846 olim
530 1827 584 1853 pra:
606 1820 732 1847 manibus
755 1821 804 1848 ha-

1 1859 157 1892 buerunt;
174 1867 236 1886 cum
256 1868 351 1889 omnes
370 1862 443 1890 locos
466 1863 500 1891 ab
514 1863 567 1891 illis
588 1873 621 1892 ex
642 1872 672 1892 ea
695 1866 802 1898 citatos,

2 1905 35 1932 in
54 1905 111 1931 hac
123 1912 209 1939 quam
220 1905 338 1940 edimus,
350 1908 473 1942 epistola,
486 1910 605 1944 reperire
619 1910 708 1938 liceat.
721 1910 752 1937 Et
769 1918 803 1938 ex

3 1950 121 1978 nostris
149 1951 386 1980 observationibus
409 1954 582 1982 manifestum
598 1956 649 1983 erit
665 1966 671 1983 :
687 1964 742 1984 uno
753 1966 802 1984 ex-

2 2001 104 2030 cepto,
128 1996 177 2031 qui
200 1997 337 2032 profertur
353 2006 368 2026 a
390 1999 526 2027 Clemente
548 2000 740 2034 Alexandrino,
753 2002 800 2030 lib.

1 2050 35 2068 τι
54 2041 239 2076 Stromatum,
261 2050 323 2070 cum
340 2052 480 2079 exponens
505 2046 577 2073 hunc
597 2046 748 2075 Psalmistaa
762 2048 802 2075 lo-

2 2096 76 2115 cum
96 2097 102 2114 :
119 2087 187 2114 Ηωσ
202 2094 279 2122 porta
300 2089 419 2122 Domini,
430 2091 498 2125 justi
517 2092 655 2119 intrabunt
673 2101 719 2128 per
732 2102 800 2127 eam,

2 2136 51 2162 sic
62 2135 121 2161 ait:
138 2133 333 2170 Ἑξηγούμενος
342 2136 372 2162 τὺ
384 2137 463 2171 ῥητὸν
474 2137 520 2164 τοῦ
531 2138 684 2173 Προφήτου,
697 2139 802 2175 Βαρνά-

0 2182 60 2213 6a.;
71 2180 211 2215 ἐπιφέρει·
221 2181 327 2208 Πολλῶν
334 2182 424 2210 πυλῶν
435 2183 599 2218 ἁνεῳγυιῶν,
609 2185 625 2220 ἡ
635 2184 800 2221 δικαιοσύνη,

862 952 944 985 σοφὸς
967 953 995 978 ἐν
1011 951 1144 987 διακρίσει
1164 952 1260 987 λόγων,
1278 953 1335 987 ῆτω
1354 952 1452 988 γοργὸς
1466 953 1494 979 ὲν
1509 952 1607 988 ἔργοις.
1632 961 1641 977 ι

860 993 888 1021 1d
900 994 1026 1022 estzlam
1046 995 1163 1023 Clemens
1186 997 1213 1022 in
1229 995 1349 1031 Epistula
1375 997 1409 1023 ad
1436 996 1586 1024 Corinthios
1602 996 1643 1023 his

860 1040 942 1067 verbis
974 1041 1073 1076 inquit,
1088 1049 1217 1076 exponens
1228 1041 1405 1075 differentiam
1423 1050 1513 1068 eorum
1526 1041 1571 1076 qui
1581 1045 1644 1067 sunt

859 1086 962 1119 probati
977 1087 1004 1112 in
1011 1085 1131 1113 Ecclesia
1146 1096 1154 1113 :
1167 1097 1174 1113 ι
1187 1086 1229 1114 Sit
1241 1086 1336 1122 aliquis
1352 1086 1448 1121 ﬁdelis,
1463 1088 1498 1114 sit
1512 1091 1601 1122 patens
1615 1088 1643 1113 in

859 1131 1016 1166 explicanda
1032 1132 1190 1167 cognitione,
1202 1132 1238 1158 sit
1251 1133 1359 1167 sapiens
1374 1133 1402 1159 in
1416 1132 1571 1159 discretione
1586 1141 1642 1158 ser-

859 1185 964 1204 monum
976 1197 984 1210 ,
999 1177 1033 1204 sit
1047 1177 1189 1212 stupendus
1204 1178 1232 1204 in
1245 1178 1375 1213 operibus.
1389 1188 1398 1203 ›
1411 1178 1529 1205 Tandem
1543 1183 1642 1205 notan-

859 1222 923 1249 dum
944 1226 986 1250 est
1007 1223 1139 1257 quosdam
1159 1223 1331 1252 existimasse
1347 1224 1404 1252 haec
1419 1224 1500 1251 verba
1519 1222 1643 1250 Clemen—

859 1269 893 1296 tis
910 1268 1086 1297 Alexandrini
1105 1269 1152 1296 lib.
1169 1277 1189 1296 ιι
1205 1268 1384 1302 Stromatum,
1397 1271 1414 1297 ὁ
1431 1270 1521 1303 ’νόμος
1533 1270 1643 1303 ἀπαγο-

854 1315 935 1348 ρεύει
949 1314 1070 1350 ἀδελφῷ
1088 1314 1240 1349 δανείζειν,
1258 1316 1283 1342 id
1303 1319 1354 1347 est,
1376 1315 1418 1342 lea:
1430 1315 1547 1350 prohibet
1563 1314 1642 1349 fratri

859 1362 984 1395 fenerari,
997 1367 1063 1397 etc.,
1078 1363 1156 1390 citari
1168 1371 1201 1390 ex
1215 1363 1335 1398 Epistola
1349 1362 1489 1396 Barnabas,
1504 1362 1576 1397 quod
1587 1369 1641 1389 non

859 1408 893 1434 ita
909 1412 970 1435 est:
987 1409 1033 1435 sed
1051 1408 1131 1443 paulo
1150 1413 1213 1435 ante
1227 1409 1347 1436 citantur
1360 1409 1417 1435 ha-c
1436 1408 1516 1436 verba
1528 1416 1559 1435 ex
1574 1407 1642 1434 Bar-

858 1454 927 1481 naba
941 1475 948 1486 ,
973 1462 1034 1489 qua:
1052 1455 1078 1481 in
1098 1455 1149 1482 hac
1164 1455 1283 1490 Epistola
1306 1455 1440 1482 habentur
1455 1455 1506 1482 sub
1519 1455 1597 1481 linem
1611 1454 1640 1480 il-

857 1499 919 1532 lius,
946 1499 1051 1534 Ἀμέλει
1082 1499 1219 1534 μυστικῶς
1239 1501 1253 1526 ὁ
1274 1499 1424 1535 Βαρνάϐας·
1453 1500 1480 1526 '0
1499 1500 1526 1525 δὲ
1543 1500 1607 1531 Θεὸς
1628 1500 1642 1526 ὁ

856 1543 903 1570 τοῦ
927 1545 1028 1576 παντὸς
1045 1545 1146 1580 κόσμου
1162 1545 1306 1580 κυριεύων,
1326 1546 1402 1581 φησι,
1430 1545 1484 1580 δῴη
1511 1546 1556 1572 καὶ
1578 1547 1641 1581 ὑμῖν

857 1590 967 1624 γνῶσιν,
992 1595 1044 1618 etc.
1057 1611 1064 1623 ,
1092 1598 1177 1626 usque
1198 1591 1230 1618 ad
1251 1591 1296 1618 illa
1311 1592 1390 1618 verba
1402 1612 1409 1624 ,
1422 1591 1538 1625 ἀγάπης
1552 1591 1642 1617 τέκνα

858 1636 907 1662 καὶ
933 1635 1064 1670 εἰρήνης,
1087 1641 1151 1669 etc.,
1177 1644 1237 1672 quae
1257 1641 1321 1664 sunt
1341 1644 1374 1664 ex
1395 1641 1469 1664 textu
1493 1636 1640 1664 Clementis

857 1681 1043 1715 Alexandrini,
1058 1683 1105 1717 qui
1122 1683 1230 1710 tandem
1247 1683 1401 1718 subjungit,
1416 1683 1515 1718 sufﬁcit
1532 1683 1580 1709 hoc
1595 1683 1638 1709 di-

857 1735 923 1759 cere,
940 1726 1009 1761 quod
1024 1726 1066 1753 lea;
1083 1727 1201 1761 prohibet
1217 1727 1298 1761 fratri
1311 1727 1436 1761 fenerari.
1455 1733 1516 1761 quae
1530 1726 1638 1761 quidem

856 1773 937 1800 verba
954 1781 1007 1800 non
1023 1777 1130 1800 exstant
1143 1773 1169 1800 in
1188 1773 1238 1800 hac
1249 1772 1374 1808 epistola,
1390 1781 1451 1807 qua:
1465 1778 1558 1800 sancto
1578 1773 1641 1799 Bar-

857 1818 934 1844 nabas
950 1817 1107 1845 ascribitur.
1130 1816 1232 1845 Tenuis
1251 1817 1375 1852 quaedam
1396 1817 1543 1844 dil‘licultas
1557 1822 1640 1844 restat

856 1863 926 1890 circa
945 1862 1054 1890 nomina
1078 1861 1222 1893 Hebraica.
1246 1870 1307 1897 quae
1330 1866 1440 1891 sanctus
1459 1862 1639 1898 Hieronymus

855 1909 957 1944 profert
971 1916 1004 1935 ex
1021 1907 1140 1942 Epistola
1162 1909 1248 1936 sancti
1268 1907 1398 1936 Barnabas
1412 1909 1438 1935 in
1453 1909 1523 1936 libro
1540 1908 1576 1935 De
1591 1917 1639 1935 no-

855 1954 970 1981 minibus
987 1953 1138 1981 Hebraicis.
1161 1952 1303 1988 Siquidem
1321 1961 1406 1980 unum
1420 1961 1526 1985 eorum,
1543 1961 1639 1988 nempe

859 2001 978 2034 Nahum,
1001 2001 1028 2027 in
1044 2000 1158 2035 epistola
1173 2000 1342 2028 desideratur
1362 2009 1369 2026 :
1390 2000 1430 2027 sic
1441 2000 1512 2027 enim
1526 2000 1563 2026 ait
1576 2008 1639 2026 san-

855 2051 917 2073 ctus
930 2045 1112 2080 Hieronymus
1126 2065 1133 2078 ,
1150 2044 1297 2078 Manimos,
1313 2044 1421 2078 oblitus,
1444 2044 1562 2077 Nahum,
1582 2053 1639 2080 ger-

854 2100 922 2118 men.
951 2091 1003 2118 Sed
1022 2099 1099 2118 error
1115 2091 1248 2125 obrepsit,
1277 2095 1304 2118 et
1324 2091 1467 2126 legendum
1482 2095 1531 2122 est,
1553 2089 1637 2124 Nave,

855 2141 884 2163 ut
909 2137 1023 2164 habetur
1045 2137 1072 2163 in
1089 2137 1141 2163 hac
1162 2136 1293 2170 Epistula,
1318 2136 1363 2170 qui
1385 2135 1435 2162 fuit
1449 2140 1525 2170 pater
1540 2135 1634 2168 Josue,

853 2183 929 2216 juxta
947 2182 1140 2217 Septuaginta;
1163 2182 1204 2209 vel
1226 2181 1299 2214 Nun,
1315 2181 1386 2216 quod
1403 2182 1471 2208 idem
1483 2185 1525 2208 est
1539 2189 1638 2209 secun-

0 2226 84 2260 αὕτη
97 2226 172 2251 ἐστὶν
192 2226 210 2260 ἡ
225 2226 254 2252 ὲν
265 2226 383 2262 Χριστῷ,
404 2228 433 2254 ὲν
478 2229 502 2254 οἱ
520 2229 649 2264 μακάριοι
664 2230 763 2262 πάντες
778 2232 802 2256 οἱ
819 2234 841 2260 ι)
855 2229 904 2255 (ιιιι

734 2239 763 2262 ες
778 2232 802 2256 οἱ
819 2234 841 2260 ι)
855 2229 919 2255 dum
937 2232 1038 2255 textum
1055 2228 1228 2255 Hebraicnm.
1253 2227 1284 2254 Et
1293 2227 1362 2254 ratio
1378 2232 1431 2259 est,
1448 2228 1512 2263 quia
1530 2228 1637 2256 Nahum

1 2273 193 2304 εξτελίιόντες.
216 2272 242 2300 id
268 2278 330 2301 est:
352 2273 488 2302 Enarrans
520 2276 619 2303 dictum
653 2275 801 2311 Propheta,

1 2320 157 2347 Barnabas
167 2320 248 2354 infert
260 2328 270 2346 .'
280 2320 347 2347 Cum
361 2321 451 2349 multm
465 2327 549 2357 porta:
559 2323 612 2349 sint
623 2327 730 2357 apertae,
745 2331 802 2357 qua:

0 2372 47 2392 ut
59 2366 182 2399 iustitia,
195 2373 226 2392 ea
241 2370 278 2392 est
289 2366 316 2392 in
332 2365 447 2399 Christo,
459 2367 486 2393 in
501 2375 578 2402 quant
594 2368 663 2394 beati
674 2373 734 2394 sunt
748 2376 803 2394 om-

1 2421 68 2444 nes,
89 2411 136 2445 qui
151 2415 215 2437 sunt
238 2412 360 2446 ingressi.
383 2411 435 2439 Sed
453 2417 534 2447 puto,
559 2417 606 2440 aut
624 2414 728 2448 lapsum
742 2421 802 2441 esse

3 2457 151 2484 memoria
157 2457 325 2484 Clementem
335 2457 560 2490 Alexandrinum,
573 2464 620 2485 aut
631 2460 801 2486 certelocum

0 2504 208 2536 depravatum,
229 2507 257 2530 et
272 2503 414 2537 legendum
433 2511 494 2531 esse
511 2503 645 2539 Κλήμης,
661 2513 714 2532 ιιοιι
727 2506 801 2538 Βαρ-

0 2549 116 2580 νάϐας.
143 2546 212 2574 Nam
235 2548 279 2575 hic
301 2549 378 2576 locus
401 2549 515 2577 habetur
531 2550 557 2576 in
582 2550 694 2584 epistola
715 2551 801 2577 sancti

0 2593 164 2621 Clementis
180 2594 215 2621 ad
232 2594 401 2628 Corinthios,
418 2596 464 2622 ubi
480 2596 550 2622 idem
567 2596 642 2623 locus
653 2595 803 2623 Psalmistaa

0 2639 158 2674 exponitur
176 2649 183 2667 :
202 2649 211 2666 ι
227 2639 300 2676 Αὕτη
316 2640 415 2676 ἡπύλη
435 2640 481 2667 τοῦ
504 2641 616 2676 Κυρίου,
633 2641 730 2668 δίκαιοι
748 2642 803 2668 εἰσ-

0 2686 168 2713 ελεύσονται
182 2685 212 2712 ἐν
226 2686 305 2720 αὐτῇ.
324 2695 333 2710 ι
351 2685 458 2713 Πολλῶν
469 2685 514 2713 οὖν
527 2686 617 2713 πυλῶν
637 2687 800 2722 ἀνεῳγυιῶν,

0 2732 24 2766 ή
37 2733 68 2758 ἐν
84 2731 246 2767 δικαιοσύνῃ
258 2730 328 2764 αὕτη
347 2731 420 2757 ἐστὶι
433 2732 449 2766 ἠ
464 2733 491 2758 ὲν
508 2732 617 2767 Χριστῷ
634 2733 662 2758 ὲν
715 2733 802 2767 μακά-

2 2785 62 2810 ριοι
79 2776 180 2808 πάντες
194 2776 220 2802 oi
238 2774 414 2806 εἰσελθόντες.
430 2776 458 2803 ld
471 2782 514 2804 est
529 2786 535 2803 :
555 2786 563 2802 ι
579 2776 642 2804 Haec
656 2782 733 2811 porta
750 2777 802 2803 Do-

0 2822 85 2851 mini,
96 2822 168 2856 justi
183 2821 323 2848 intrabunt
336 2821 437 2848 iiteam.
451 2832 459 2847 ι
472 2822 537 2849 Cum
549 2823 631 2858 igitur
642 2823 731 2850 multm
742 2831 802 2857 por-

7 2873 42 2894 ια’
63 2872 164 2903 aperite
184 2869 257 2902 sint,
282 2875 342 2903 qua!
358 2869 384 2894 in
402 2868 511 2902 justitia
534 2873 591 2901 est,
614 2870 703 2896 eadem
726 2874 750 2896 et
776 2870 801 2896 in

854 2281 906 2301 non
925 2274 1061 2309 signiﬁcat
1084 2282 1205 2310 germen,
1223 2274 1268 2301 sed
1288 2273 1479 2300 consolatorem
1493 2292 1501 2305 ,
1517 2278 1583 2301 teste
1595 2282 1637 2302 eo-

853 2321 914 2347 dem
929 2319 1094 2354 Hieronymo
1105 2341 1112 2352 ,
1130 2320 1192 2347 libri
1211 2320 1286 2347 citati
1299 2320 1388 2355 capite
1402 2320 1435 2347 de
1446 2319 1524 2351 Jona,
1545 2324 1572 2346 et
1585 2320 1637 2346 Na-

853 2366 929 2393 hum.
945 2365 1064 2397 Nahum,
1085 2367 1181 2400 inquit,
1205 2366 1364 2399 consolator,
1382 2373 1397 2392 a
1415 2365 1505 2392 radice
1524 2370 1586 2398 om,
1610 2365 1636 2391 id

853 2415 895 2438 est
907 2411 1049 2439 consolari.
1070 2412 1104 2438 At
1118 2411 1202 2444 Nave,
1226 2420 1272 2439 seu
1296 2411 1356 2438 Nun
1369 2415 1411 2438 est
1423 2418 1544 2446 germen.
1558 2410 1636 2444 juxta

853 2456 978 2484 eumdem
997 2456 1201 2493 Hieronymum,
1214 2458 1337 2492 ejusdem
1351 2457 1400 2484 lib.
1414 2464 1472 2491 cap.
1491 2456 1504 2482 1
1524 2465 1530 2482 :
1551 2455 1634 2488 Nave,

854 2511 950 2535 semen,
966 2511 1079 2538 germen,
1093 2503 1131 2529 vel
1146 2503 1326 2537 pulchritudo,
1339 2511 1354 2530 a
1373 2503 1455 2530 verbo
1469 2502 1636 2537 conjugatio—

854 2548 896 2574 nis
909 2546 1009 2582 Niphal
1020 2551 1075 2591 ἴω,
1091 2547 1118 2574 ιιι
1135 2552 1176 2574 est
1189 2547 1362 2582 germinabitq

888 2593 957 2621 Cum
976 2600 1066 2621 autem
1091 2595 1148 2621 hmc
1174 2596 1253 2621 unica
1275 2593 1380 2621 feratur
1403 2595 1488 2622 sancti
1508 2595 1638 2622 Barnabas

853 2640 989 2674 Epistola,
1006 2640 1155 2667 notandum
1171 2644 1259 2667 tamen
1284 2647 1345 2667 esse
1360 2641 1468 2674 putavi,
1487 2640 1636 2675 Epistolam

853 2686 939 2712 sancti
955 2685 1029 2712 Pauli
1046 2686 1078 2712 ad
1093 2685 1219 2712 Hebraeos
1232 2694 1246 2712 ιι
1261 2685 1437 2717 Tertulliano,
1454 2685 1524 2712 libro
1538 2686 1574 2712 Dc
1588 2695 1638 2720 pu-

853 2733 957 2765 dicitia,
976 2737 1070 2760 sancto
1091 2733 1221 2760 Barnabas
1235 2732 1359 2766 attribui,
1380 2737 1408 2759 ut
1428 2733 1531 2759 clarum
1550 2738 1590 2759 est
1605 2741 1636 2759 cx

853 2779 912 2813 ejus
928 2779 1037 2805 verbis:
1055 2778 1228 2805 Exstntenint
1240 2783 1263 2805 et
1276 2778 1407 2805 Barnaba:
1419 2777 1512 2804 titulus
1529 2778 1563 2804 ad
1580 2777 1636 2804 lle—

854 2825 953 2855 bra'os;
969 2824 1033 2850 adeo
1050 2824 1115 2850 satis
1128 2825 1296 2851 auctoritatis
1310 2824 1376 2855 uiro,
1396 2829 1422 2850 ut
1438 2832 1514 2859 quem
1534 2823 1636 2850 Paulus

850 2870 928 2904 juxta
945 2877 970 2896 se
988 2869 1151 2896 constituerit
1165 2870 1190 2895 in
1205 2869 1369 2897 abstinentia:
1384 2875 1489 2896 tenore:
1506 2870 1574 2896 (Aut
1591 2877 1636 2904 ego
