  <div class='ocr_page' id='page_1' title='image "/cluster/home/n/w/nwhite01/storage/ocr_20150623/2/njp.32101077772349/473.png"; bbox 0 0 2290 3110; ppageno 0'>
   <div class='ocr_carea' id='block_1_1' title="bbox 606 175 662 203">
    <p class='ocr_par' dir='ltr' id='par_1_1' title="bbox 606 175 662 203">
     <span class='ocr_line' id='line_1_1' title="bbox 606 175 662 203; baseline 0 0"><span class='ocrx_word' id='word_1_1' title='bbox 606 175 662 203; x_wconf 69' lang='lat'><strong><em>633</em></strong></span> 
     </span>
    </p>
   </div>
   <div class='ocr_carea' id='block_1_2' title="bbox 1155 165 1614 199">
    <p class='ocr_par' dir='ltr' id='par_1_2' title="bbox 1155 165 1614 199">
     <span class='ocr_line' id='line_1_2' title="bbox 1155 165 1614 199; baseline -0.011 -1"><span class='ocrx_word' id='word_1_2' title='bbox 1155 170 1185 199; x_wconf 87' lang='lat' dir='ltr'><strong><em>S.</em></strong></span> <span class='ocrx_word' id='word_1_3' title='bbox 1204 168 1388 197; x_wconf 76' lang='lat' dir='ltr'><strong><em>BARNABAS</em></strong></span> <span class='ocrx_word' id='word_1_4' title='bbox 1402 165 1614 194; x_wconf 80' lang='lat' dir='ltr'><strong><em>APOSTOLUS.</em></strong></span> 
     </span>
    </p>
   </div>
   <div class='ocr_carea' id='block_1_3' title="bbox 2176 163 2224 191">
    <p class='ocr_par' dir='ltr' id='par_1_3' title="bbox 2176 163 2224 191">
     <span class='ocr_line' id='line_1_3' title="bbox 2176 163 2224 191; baseline 0.021 -1"><span class='ocrx_word' id='word_1_5' title='bbox 2176 163 2224 191; x_wconf 68' lang='grc'><strong><em>666</em></strong></span> 
     </span>
    </p>
   </div>
   <div class='ocr_carea' id='block_1_4' title="bbox 605 219 2223 269">
    <p class='ocr_par' dir='ltr' id='par_1_4' title="bbox 605 219 2223 269">
     <span class='ocr_line' id='line_1_4' title="bbox 605 219 2223 269; baseline -0.01 -6"><span class='ocrx_word' id='word_1_6' title='bbox 605 235 690 269; x_wconf 73' lang='lat' dir='ltr'><strong><em>solus,</em></strong></span> <span class='ocrx_word' id='word_1_7' title='bbox 700 241 748 262; x_wconf 79' lang='lat' dir='ltr'><strong><em>aut</em></strong></span> <span class='ocrx_word' id='word_1_8' title='bbox 762 233 911 267; x_wconf 73' lang='lat' dir='ltr'><strong><em>Barnabas,</em></strong></span> <span class='ocrx_word' id='word_1_9' title='bbox 923 239 974 259; x_wconf 86' lang='lat' dir='ltr'><strong><em>non</em></strong></span> <span class='ocrx_word' id='word_1_10' title='bbox 986 231 1110 257; x_wconf 78' lang='lat' dir='ltr'><strong><em>habemus</em></strong></span> <span class='ocrx_word' id='word_1_11' title='bbox 1121 228 1168 254; x_wconf 82' lang='lat' dir='ltr'><strong><em>hoc</em></strong></span> <span class='ocrx_word' id='word_1_12' title='bbox 1180 226 1305 262; x_wconf 84' lang='lat' dir='ltr'><strong><em>operandi</em></strong></span> <span class='ocrx_word' id='word_1_13' title='bbox 1320 230 1392 260; x_wconf 87' lang='lat' dir='ltr'><strong><em>pote-</em></strong></span> <span class='ocrx_word' id='word_1_14' title='bbox 1406 228 1429 255; x_wconf 82' lang='grc' dir='ltr'><strong>Α</strong></span> <span class='ocrx_word' id='word_1_15' title='bbox 1444 225 1527 251; x_wconf 87' lang='lat' dir='ltr'><strong><em>altera</em></strong></span> <span class='ocrx_word' id='word_1_16' title='bbox 1541 223 1715 258; x_wconf 71' lang='lat' dir='ltr'><strong><em>paratuetica,</em></strong></span> <span class='ocrx_word' id='word_1_17' title='bbox 1734 222 1761 248; x_wconf 92' lang='lat' dir='ltr'><strong><em>in</em></strong></span> <span class='ocrx_word' id='word_1_18' title='bbox 1777 229 1830 257; x_wconf 89' lang='lat' dir='ltr'><strong><em>qua</em></strong></span> <span class='ocrx_word' id='word_1_19' title='bbox 1846 221 1975 258; x_wconf 75' lang='lat' dir='ltr'><strong><em>praeclara</em></strong></span> <span class='ocrx_word' id='word_1_20' title='bbox 1991 224 2018 248; x_wconf 84' lang='lat' dir='ltr'><strong><em>et</em></strong></span> <span class='ocrx_word' id='word_1_21' title='bbox 2036 219 2114 248; x_wconf 87' lang='lat' dir='ltr'><strong><em>utilia</em></strong></span> <span class='ocrx_word' id='word_1_22' title='bbox 2127 220 2223 248; x_wconf 82' lang='lat' dir='ltr'><strong><em>monita</em></strong></span> 
     </span>
    </p>
   </div>
   <div class='ocr_carea' id='block_1_5' title="bbox 609 272 1392 316">
    <p class='ocr_par' dir='ltr' id='par_1_5' title="bbox 609 272 1392 316">
     <span class='ocr_line' id='line_1_5' title="bbox 609 272 1392 316; baseline -0.015 -7"><span class='ocrx_word' id='word_1_23' title='bbox 609 280 737 316; x_wconf 75' lang='lat' dir='ltr'><strong><em>statem&#39;(l</em></strong></span> <span class='ocrx_word' id='word_1_24' title='bbox 747 279 810 307; x_wconf 90' lang='lat' dir='ltr'><strong><em>Cor.</em></strong></span> <span class='ocrx_word' id='word_1_25' title='bbox 821 279 859 315; x_wconf 75' lang='lat' dir='ltr'><strong><em>Ix)</em></strong></span> <span class='ocrx_word' id='word_1_26' title='bbox 871 287 895 305; x_wconf 70' lang='lat' dir='ltr'><strong><em>:i</em></strong></span> <span class='ocrx_word' id='word_1_27' title='bbox 905 283 929 304; x_wconf 87' lang='lat' dir='ltr'><strong><em>et</em></strong></span> <span class='ocrx_word' id='word_1_28' title='bbox 942 278 1032 312; x_wconf 87' lang='lat' dir='ltr'><strong><em>utique</em></strong></span> <span class='ocrx_word' id='word_1_29' title='bbox 1044 275 1171 309; x_wconf 78' lang='lat' dir='ltr'><strong><em>rereptior</em></strong></span> <span class='ocrx_word' id='word_1_30' title='bbox 1185 274 1255 308; x_wconf 81' lang='lat' dir='ltr'><strong><em>apud</em></strong></span> <span class='ocrx_word' id='word_1_31' title='bbox 1263 272 1392 298; x_wconf 75' lang='lat' dir='ltr'><strong><em>Ecclesias</em></strong></span> 
     </span>
    </p>
   </div>
   <div class='ocr_carea' id='block_1_6' title="bbox 609 318 1390 359">
    <p class='ocr_par' dir='ltr' id='par_1_6' title="bbox 609 318 1390 359">
     <span class='ocr_line' id='line_1_6' title="bbox 609 318 1390 359; baseline -0.013 -6"><span class='ocrx_word' id='word_1_32' title='bbox 609 325 741 352; x_wconf 62' lang='lat' dir='ltr'><strong><em>Barnabas</em></strong></span> <span class='ocrx_word' id='word_1_33' title='bbox 757 324 869 359; x_wconf 79' lang='lat' dir='ltr'><strong><em>epistola</em></strong></span> <span class='ocrx_word' id='word_1_34' title='bbox 879 323 925 350; x_wconf 90' lang='lat' dir='ltr'><strong><em>illo</em></strong></span> <span class='ocrx_word' id='word_1_35' title='bbox 934 320 1083 357; x_wconf 79' lang='lat' dir='ltr'><strong><em>apocrypha</em></strong></span> <span class='ocrx_word' id='word_1_36' title='bbox 1099 319 1211 347; x_wconf 81' lang='lat' dir='ltr'><strong><em>Pastore</em></strong></span> <span class='ocrx_word' id='word_1_37' title='bbox 1224 318 1390 345; x_wconf 75' lang='lat' dir='ltr'><strong><em>mwcltorunt.</em></strong></span> 
     </span>
    </p>
   </div>
   <div class='ocr_carea' id='block_1_7' title="bbox 607 363 1392 404">
    <p class='ocr_par' dir='ltr' id='par_1_7' title="bbox 607 363 1392 404">
     <span class='ocr_line' id='line_1_7' title="bbox 607 363 1392 404; baseline -0.013 -7"><span class='ocrx_word' id='word_1_38' title='bbox 607 371 716 397; x_wconf 70' lang='lat' dir='ltr'><strong><em>Moriens</em></strong></span> <span class='ocrx_word' id='word_1_39' title='bbox 729 371 817 404; x_wconf 86' lang='lat' dir='ltr'><strong><em>itaque</em></strong></span> <span class='ocrx_word' id='word_1_40' title='bbox 826 367 978 402; x_wconf 83' lang='lat' dir='ltr'><strong><em>discipulos,</em></strong></span> <span class='ocrx_word' id='word_1_41' title='bbox 992 366 1095 393; x_wconf 80' lang='lat' dir='ltr'><strong><em>omissis</em></strong></span> <span class='ocrx_word' id='word_1_42' title='bbox 1111 364 1229 391; x_wconf 83' lang='lat' dir='ltr'><strong><em>omnibus</em></strong></span> <span class='ocrx_word' id='word_1_43' title='bbox 1247 363 1343 393; x_wconf 86' lang='lat' dir='ltr'><strong><em>initiis,</em></strong></span> <span class='ocrx_word' id='word_1_44' title='bbox 1357 363 1392 388; x_wconf 85' lang='lat' dir='ltr'><strong><em>ad</em></strong></span> 
     </span>
    </p>
   </div>
   <div class='ocr_carea' id='block_1_8' title="bbox 606 409 1392 450">
    <p class='ocr_par' dir='ltr' id='par_1_8' title="bbox 606 409 1392 450">
     <span class='ocr_line' id='line_1_8' title="bbox 606 409 1392 450; baseline -0.013 -7"><span class='ocrx_word' id='word_1_45' title='bbox 606 416 792 450; x_wconf 72' lang='lat' dir='ltr'><strong><em>perfectionem</em></strong></span> <span class='ocrx_word' id='word_1_46' title='bbox 810 414 892 449; x_wconf 86' lang='lat' dir='ltr'><strong><em>magis</em></strong></span> <span class='ocrx_word' id='word_1_47' title='bbox 908 414 1027 443; x_wconf 81' lang='lat' dir='ltr'><strong><em>tendere;</em></strong></span> <span class='ocrx_word' id='word_1_48' title='bbox 1048 419 1094 437; x_wconf 80' lang='lat' dir='ltr'><strong><em>nec</em></strong></span> <span class='ocrx_word' id='word_1_49' title='bbox 1112 417 1204 436; x_wconf 80' lang='lat' dir='ltr'><strong><em>rursus</em></strong></span> <span class='ocrx_word' id='word_1_50' title='bbox 1218 409 1392 443; x_wconf 80' lang='lat' dir='ltr'><strong><em>fundamenta</em></strong></span> 
     </span>
    </p>
   </div>
   <div class='ocr_carea' id='block_1_9' title="bbox 605 452 1391 494">
    <p class='ocr_par' dir='ltr' id='par_1_9' title="bbox 605 452 1391 494">
     <span class='ocr_line' id='line_1_9' title="bbox 605 452 1391 494; baseline -0.01 -8"><span class='ocrx_word' id='word_1_51' title='bbox 605 461 763 494; x_wconf 66' lang='lat' dir='ltr'><strong><em>pmnitentiie</em></strong></span> <span class='ocrx_word' id='word_1_52' title='bbox 772 458 899 493; x_wconf 43' lang='lat' dir='ltr'><strong><em>jacerelab</em></strong></span> <span class='ocrx_word' id='word_1_53' title='bbox 913 456 1034 492; x_wconf 79' lang='lat' dir='ltr'><strong><em>operibus</em></strong></span> <span class='ocrx_word' id='word_1_54' title='bbox 1050 460 1229 482; x_wconf 79' lang='lat' dir='ltr'><strong><em>mortuorum:</em></strong></span> <span class='ocrx_word' id='word_1_55' title='bbox 1247 452 1391 487; x_wconf 72' lang='lat' dir='ltr'><strong><em>«Impossi-</em></strong></span> 
     </span>
    </p>
   </div>
   <div class='ocr_carea' id='block_1_10' title="bbox 579 500 1388 540">
    <p class='ocr_par' dir='ltr' id='par_1_10' title="bbox 579 500 1388 540">
     <span class='ocr_line' id='line_1_10' title="bbox 579 500 1388 540; baseline -0.011 -6"><span class='ocrx_word' id='word_1_56' title='bbox 579 530 580 535; x_wconf 50' lang='grc' dir='ltr'><strong>η</strong></span> <span class='ocrx_word' id='word_1_57' title='bbox 606 507 656 534; x_wconf 83' lang='lat' dir='ltr'><strong><em>bile</em></strong></span> <span class='ocrx_word' id='word_1_58' title='bbox 675 508 744 534; x_wconf 87' lang='lat' dir='ltr'><strong><em>enim</em></strong></span> <span class='ocrx_word' id='word_1_59' title='bbox 759 511 807 537; x_wconf 88' lang='lat' dir='ltr'><strong><em>est,</em></strong></span> <span class='ocrx_word' id='word_1_60' title='bbox 823 506 920 540; x_wconf 89' lang='lat' dir='ltr'><strong><em>inquit,</em></strong></span> <span class='ocrx_word' id='word_1_61' title='bbox 938 512 981 531; x_wconf 85' lang='lat' dir='ltr'><strong><em>eos</em></strong></span> <span class='ocrx_word' id='word_1_62' title='bbox 1001 503 1046 538; x_wconf 85' lang='lat' dir='ltr'><strong><em>qui</em></strong></span> <span class='ocrx_word' id='word_1_63' title='bbox 1064 501 1142 529; x_wconf 82' lang='lat' dir='ltr'><strong><em>semel</em></strong></span> <span class='ocrx_word' id='word_1_64' title='bbox 1157 500 1302 528; x_wconf 86' lang='lat' dir='ltr'><strong><em>illuminati</em></strong></span> <span class='ocrx_word' id='word_1_65' title='bbox 1316 504 1388 531; x_wconf 78' lang='lat' dir='ltr'><strong><em>sunt,</em></strong></span> 
     </span>
    </p>
   </div>
   <div class='ocr_carea' id='block_1_11' title="bbox 605 544 1390 586">
    <p class='ocr_par' dir='ltr' id='par_1_11' title="bbox 605 544 1390 586">
     <span class='ocr_line' id='line_1_11' title="bbox 605 544 1390 586; baseline -0.011 -6"><span class='ocrx_word' id='word_1_66' title='bbox 605 559 630 580; x_wconf 83' lang='lat' dir='ltr'><strong><em>et</em></strong></span> <span class='ocrx_word' id='word_1_67' title='bbox 642 554 741 579; x_wconf 85' lang='lat' dir='ltr'><strong><em>donum</em></strong></span> <span class='ocrx_word' id='word_1_68' title='bbox 756 552 856 579; x_wconf 77' lang='lat' dir='ltr'><strong><em>cwleste</em></strong></span> <span class='ocrx_word' id='word_1_69' title='bbox 870 553 1040 586; x_wconf 80' lang='lat' dir='ltr'><strong><em>gustaverunt</em></strong></span> <span class='ocrx_word' id='word_1_70' title='bbox 1055 553 1079 575; x_wconf 89' lang='lat' dir='ltr'><strong><em>et</em></strong></span> <span class='ocrx_word' id='word_1_71' title='bbox 1096 548 1320 582; x_wconf 83' lang='lat' dir='ltr'><strong><em>participauerunt</em></strong></span> <span class='ocrx_word' id='word_1_72' title='bbox 1333 544 1390 580; x_wconf 78' lang='lat' dir='ltr'><strong><em>Spi-</em></strong></span> 
     </span>
    </p>
   </div>
   <div class='ocr_carea' id='block_1_12' title="bbox 605 594 1388 630">
    <p class='ocr_par' dir='ltr' id='par_1_12' title="bbox 605 594 1388 630">
     <span class='ocr_line' id='line_1_12' title="bbox 605 594 1388 630; baseline -0.009 -5"><span class='ocrx_word' id='word_1_73' title='bbox 605 599 687 625; x_wconf 83' lang='lat' dir='ltr'><strong><em>ritum</em></strong></span> <span class='ocrx_word' id='word_1_74' title='bbox 694 604 825 630; x_wconf 84' lang='lat' dir='ltr'><strong><em>sanctum,</em></strong></span> <span class='ocrx_word' id='word_1_75' title='bbox 833 601 857 623; x_wconf 87' lang='lat' dir='ltr'><strong><em>et</em></strong></span> <span class='ocrx_word' id='word_1_76' title='bbox 865 599 969 623; x_wconf 81' lang='lat' dir='ltr'><strong><em>verbum</em></strong></span> <span class='ocrx_word' id='word_1_77' title='bbox 979 595 1026 621; x_wconf 84' lang='lat' dir='ltr'><strong><em>Dei</em></strong></span> <span class='ocrx_word' id='word_1_78' title='bbox 1038 594 1114 620; x_wconf 84' lang='lat' dir='ltr'><strong><em>dulce</em></strong></span> <span class='ocrx_word' id='word_1_79' title='bbox 1122 596 1302 628; x_wconf 82' lang='lat' dir='ltr'><strong><em>gustaverunt,</em></strong></span> <span class='ocrx_word' id='word_1_80' title='bbox 1310 596 1388 625; x_wconf 75' lang='lat' dir='ltr'><strong><em>tetc.,</em></strong></span> 
     </span>
    </p>
   </div>
   <div class='ocr_carea' id='block_1_13' title="bbox 605 638 1389 679">
    <p class='ocr_par' dir='ltr' id='par_1_13' title="bbox 605 638 1389 679">
     <span class='ocr_line' id='line_1_13' title="bbox 605 638 1389 679; baseline -0.009 -8"><span class='ocrx_word' id='word_1_81' title='bbox 605 653 665 679; x_wconf 64' lang='lat' dir='ltr'><strong><em>qum</em></strong></span> <span class='ocrx_word' id='word_1_82' title='bbox 686 644 768 671; x_wconf 74' lang='lat' dir='ltr'><strong><em>verba</em></strong></span> <span class='ocrx_word' id='word_1_83' title='bbox 791 645 880 678; x_wconf 86' lang='lat' dir='ltr'><strong><em>legere</em></strong></span> <span class='ocrx_word' id='word_1_84' title='bbox 906 642 968 669; x_wconf 87' lang='lat' dir='ltr'><strong><em>licet</em></strong></span> <span class='ocrx_word' id='word_1_85' title='bbox 995 641 1022 669; x_wconf 93' lang='lat' dir='ltr'><strong><em>in</em></strong></span> <span class='ocrx_word' id='word_1_86' title='bbox 1046 640 1164 675; x_wconf 87' lang='lat' dir='ltr'><strong><em>Epistola</em></strong></span> <span class='ocrx_word' id='word_1_87' title='bbox 1185 638 1263 666; x_wconf 82' lang='lat' dir='ltr'><strong><em>Pauli</em></strong></span> <span class='ocrx_word' id='word_1_88' title='bbox 1285 639 1318 665; x_wconf 90' lang='lat' dir='ltr'><strong><em>ad</em></strong></span> <span class='ocrx_word' id='word_1_89' title='bbox 1334 638 1389 664; x_wconf 88' lang='lat' dir='ltr'><strong><em>He-</em></strong></span> 
     </span>
    </p>
   </div>
   <div class='ocr_carea' id='block_1_14' title="bbox 603 683 1387 723">
    <p class='ocr_par' dir='ltr' id='par_1_14' title="bbox 603 683 1387 723">
     <span class='ocr_line' id='line_1_14' title="bbox 603 683 1387 723; baseline -0.009 -7"><span class='ocrx_word' id='word_1_90' title='bbox 603 690 702 721; x_wconf 78' lang='lat' dir='ltr'><strong><em>brzeos,</em></strong></span> <span class='ocrx_word' id='word_1_91' title='bbox 713 696 773 723; x_wconf 94' lang='lat' dir='ltr'><strong><em>cap.</em></strong></span> <span class='ocrx_word' id='word_1_92' title='bbox 797 696 834 715; x_wconf 89' lang='lat' dir='ltr'><strong><em>vt.</em></strong></span> <span class='ocrx_word' id='word_1_93' title='bbox 856 687 925 714; x_wconf 88' lang='lat' dir='ltr'><strong><em>Hinc</em></strong></span> <span class='ocrx_word' id='word_1_94' title='bbox 942 686 1089 720; x_wconf 82' lang='lat' dir='ltr'><strong><em>capiendus</em></strong></span> <span class='ocrx_word' id='word_1_95' title='bbox 1103 689 1144 713; x_wconf 89' lang='lat' dir='ltr'><strong><em>est</em></strong></span> <span class='ocrx_word' id='word_1_96' title='bbox 1163 683 1326 711; x_wconf 88' lang='lat' dir='ltr'><strong><em>Philastrius</em></strong></span> <span class='ocrx_word' id='word_1_97' title='bbox 1340 683 1387 710; x_wconf 88' lang='lat' dir='ltr'><strong><em>lib.</em></strong></span> 
     </span>
    </p>
   </div>
   <div class='ocr_carea' id='block_1_15' title="bbox 604 729 1389 768">
    <p class='ocr_par' dir='ltr' id='par_1_15' title="bbox 604 729 1389 768">
     <span class='ocr_line' id='line_1_15' title="bbox 604 729 1389 768; baseline -0.009 -6"><span class='ocrx_word' id='word_1_98' title='bbox 604 735 643 762; x_wconf 85' lang='lat' dir='ltr'><strong><em>De</em></strong></span> <span class='ocrx_word' id='word_1_99' title='bbox 655 735 807 766; x_wconf 79' lang='lat' dir='ltr'><strong><em>Iueresibus,</em></strong></span> <span class='ocrx_word' id='word_1_100' title='bbox 821 741 880 768; x_wconf 96' lang='lat' dir='ltr'><strong><em>cap.</em></strong></span> <span class='ocrx_word' id='word_1_101' title='bbox 894 734 928 760; x_wconf 83' lang='lat'><strong>60</strong></span> <span class='ocrx_word' id='word_1_102' title='bbox 943 743 949 760; x_wconf 91' lang='lat'>:</span> <span class='ocrx_word' id='word_1_103' title='bbox 965 733 1032 760; x_wconf 86' lang='lat' dir='ltr'><strong><em>Sunt</em></strong></span> <span class='ocrx_word' id='word_1_104' title='bbox 1043 733 1090 760; x_wconf 88' lang='lat' dir='ltr'><strong><em>alii</em></strong></span> <span class='ocrx_word' id='word_1_105' title='bbox 1102 732 1146 767; x_wconf 86' lang='lat' dir='ltr'><strong><em>qui</em></strong></span> <span class='ocrx_word' id='word_1_106' title='bbox 1159 731 1308 765; x_wconf 79' lang='lat' dir='ltr'><strong><em>Epistulam</em></strong></span> <span class='ocrx_word' id='word_1_107' title='bbox 1319 729 1389 756; x_wconf 82' lang='lat' dir='ltr'><strong><em>beati</em></strong></span> 
     </span>
    </p>
   </div>
   <div class='ocr_carea' id='block_1_16' title="bbox 605 776 1388 809">
    <p class='ocr_par' dir='ltr' id='par_1_16' title="bbox 605 776 1388 809">
     <span class='ocr_line' id='line_1_16' title="bbox 605 776 1388 809; baseline -0.006 -3"><span class='ocrx_word' id='word_1_108' title='bbox 605 780 685 806; x_wconf 82' lang='lat' dir='ltr'><strong><em>Pauli</em></strong></span> <span class='ocrx_word' id='word_1_109' title='bbox 702 780 736 807; x_wconf 84' lang='lat' dir='ltr'><strong><em>ad</em></strong></span> <span class='ocrx_word' id='word_1_110' title='bbox 750 779 873 807; x_wconf 76' lang='lat' dir='ltr'><strong><em>liebrteos</em></strong></span> <span class='ocrx_word' id='word_1_111' title='bbox 889 788 941 806; x_wconf 88' lang='lat' dir='ltr'><strong><em>non</em></strong></span> <span class='ocrx_word' id='word_1_112' title='bbox 953 784 1078 806; x_wconf 77' lang='lat' dir='ltr'><strong><em>asserunt</em></strong></span> <span class='ocrx_word' id='word_1_113' title='bbox 1088 786 1160 809; x_wconf 75' lang='lat' dir='ltr'><strong><em>esse;</em></strong></span> <span class='ocrx_word' id='word_1_114' title='bbox 1175 776 1219 803; x_wconf 77' lang='lat' dir='ltr'><strong><em>sed</em></strong></span> <span class='ocrx_word' id='word_1_115' title='bbox 1231 776 1333 808; x_wconf 88' lang='lat' dir='ltr'><strong><em>dicunt,</em></strong></span> <span class='ocrx_word' id='word_1_116' title='bbox 1342 780 1388 801; x_wconf 88' lang='lat' dir='ltr'><strong><em>aut</em></strong></span> 
     </span>
    </p>
   </div>
   <div class='ocr_carea' id='block_1_17' title="bbox 603 820 1387 859">
    <p class='ocr_par' dir='ltr' id='par_1_17' title="bbox 603 820 1387 859">
     <span class='ocr_line' id='line_1_17' title="bbox 603 820 1387 859; baseline -0.006 -7"><span class='ocrx_word' id='word_1_117' title='bbox 603 826 735 853; x_wconf 72' lang='lat' dir='ltr'><strong><em>Barnaba:</em></strong></span> <span class='ocrx_word' id='word_1_118' title='bbox 756 834 811 853; x_wconf 78' lang='lat' dir='ltr'><strong><em>esse</em></strong></span> <span class='ocrx_word' id='word_1_119' title='bbox 833 826 901 852; x_wconf 82' lang='lat' dir='ltr'><strong><em>beati</em></strong></span> <span class='ocrx_word' id='word_1_120' title='bbox 929 824 1062 859; x_wconf 80' lang='lat' dir='ltr'><strong><em>apostoli,</em></strong></span> <span class='ocrx_word' id='word_1_121' title='bbox 1093 827 1140 850; x_wconf 89' lang='lat' dir='ltr'><strong><em>aut</em></strong></span> <span class='ocrx_word' id='word_1_122' title='bbox 1166 822 1318 849; x_wconf 79' lang='lat' dir='ltr'><strong><em>Clementis.</em></strong></span> <span class='ocrx_word' id='word_1_123' title='bbox 1336 820 1387 848; x_wconf 90' lang='lat' dir='ltr'><strong><em>Ubi</em></strong></span> 
     </span>
    </p>
   </div>
   <div class='ocr_carea' id='block_1_18' title="bbox 603 867 1387 904">
    <p class='ocr_par' dir='ltr' id='par_1_18' title="bbox 603 867 1387 904">
     <span class='ocr_line' id='line_1_18' title="bbox 603 867 1387 904; baseline -0.008 -5"><span class='ocrx_word' id='word_1_124' title='bbox 603 872 676 899; x_wconf 94' lang='lat' dir='ltr'><strong><em>haud</em></strong></span> <span class='ocrx_word' id='word_1_125' title='bbox 701 871 783 899; x_wconf 82' lang='lat' dir='ltr'><strong><em>dubie</em></strong></span> <span class='ocrx_word' id='word_1_126' title='bbox 803 871 999 898; x_wconf 89' lang='lat' dir='ltr'><strong><em>Tcrtullianum</em></strong></span> <span class='ocrx_word' id='word_1_127' title='bbox 1023 869 1157 904; x_wconf 79' lang='lat' dir='ltr'><strong><em>intelligit.</em></strong></span> <span class='ocrx_word' id='word_1_128' title='bbox 1174 867 1226 895; x_wconf 86' lang='lat' dir='ltr'><strong><em>Sed</em></strong></span> <span class='ocrx_word' id='word_1_129' title='bbox 1238 868 1271 894; x_wconf 87' lang='lat' dir='ltr'><strong><em>de</em></strong></span> <span class='ocrx_word' id='word_1_130' title='bbox 1287 867 1330 894; x_wconf 88' lang='lat' dir='ltr'><strong><em>his</em></strong></span> <span class='ocrx_word' id='word_1_131' title='bbox 1343 875 1387 894; x_wconf 89' lang='lat' dir='ltr'><strong><em>sa-</em></strong></span> 
     </span>
    </p>
   </div>
   <div class='ocr_carea' id='block_1_19' title="bbox 602 913 1387 950">
    <p class='ocr_par' dir='ltr' id='par_1_19' title="bbox 602 913 1387 950">
     <span class='ocr_line' id='line_1_19' title="bbox 602 913 1387 950; baseline -0.005 -7"><span class='ocrx_word' id='word_1_132' title='bbox 602 918 636 944; x_wconf 96' lang='lat' dir='ltr'><strong><em>tis</em></strong></span> <span class='ocrx_word' id='word_1_133' title='bbox 651 927 658 944; x_wconf 88' lang='lat'><strong>:</strong></span> <span class='ocrx_word' id='word_1_134' title='bbox 675 925 748 944; x_wconf 90' lang='lat' dir='ltr'><strong><em>nunc</em></strong></span> <span class='ocrx_word' id='word_1_135' title='bbox 762 921 850 944; x_wconf 84' lang='lat' dir='ltr'><strong><em>restat</em></strong></span> <span class='ocrx_word' id='word_1_136' title='bbox 867 921 896 944; x_wconf 89' lang='lat' dir='ltr'><strong><em>ut</em></strong></span> <span class='ocrx_word' id='word_1_137' title='bbox 916 916 949 943; x_wconf 89' lang='lat' dir='ltr'><strong><em>de</em></strong></span> <span class='ocrx_word' id='word_1_138' title='bbox 971 916 1043 943; x_wconf 90' lang='lat' dir='ltr'><strong><em>illius</em></strong></span> <span class='ocrx_word' id='word_1_139' title='bbox 1059 919 1230 950; x_wconf 80' lang='lat' dir='ltr'><strong><em>argumento,</em></strong></span> <span class='ocrx_word' id='word_1_140' title='bbox 1246 913 1303 940; x_wconf 83' lang='lat' dir='ltr'><strong><em>sive</em></strong></span> <span class='ocrx_word' id='word_1_141' title='bbox 1321 913 1387 940; x_wconf 88' lang='lat' dir='ltr'><strong><em>sub-</em></strong></span> 
     </span>
    </p>
   </div>
   <div class='ocr_carea' id='block_1_20' title="bbox 598 961 909 997">
    <p class='ocr_par' dir='ltr' id='par_1_20' title="bbox 598 961 909 997">
     <span class='ocr_line' id='line_1_20' title="bbox 598 961 909 997; baseline 0 -9"><span class='ocrx_word' id='word_1_142' title='bbox 598 961 672 996; x_wconf 83' lang='lat' dir='ltr'><strong><em>jecto</em></strong></span> <span class='ocrx_word' id='word_1_143' title='bbox 687 961 806 989; x_wconf 82' lang='lat' dir='ltr'><strong><em>breviter</em></strong></span> <span class='ocrx_word' id='word_1_144' title='bbox 819 969 909 997; x_wconf 85' lang='lat' dir='ltr'><strong><em>agam.</em></strong></span> 
     </span>
    </p>
   </div>
   <div class='ocr_carea' id='block_1_21' title="bbox 637 1005 1385 1046">
    <p class='ocr_par' dir='ltr' id='par_1_21' title="bbox 637 1005 1385 1046">
     <span class='ocr_line' id='line_1_21' title="bbox 637 1005 1385 1046; baseline -0.004 -11"><span class='ocrx_word' id='word_1_145' title='bbox 637 1007 764 1046; x_wconf 76' lang='lat' dir='ltr'><strong><em>Episton</em></strong></span> <span class='ocrx_word' id='word_1_146' title='bbox 785 1013 978 1043; x_wconf 86' lang='lat' dir='ltr'><strong><em>argumentum,</em></strong></span> <span class='ocrx_word' id='word_1_147' title='bbox 1002 1007 1108 1034; x_wconf 82' lang='lat' dir='ltr'><strong><em>divisio.</em></strong></span> <span class='ocrx_word' id='word_1_148' title='bbox 1133 1006 1204 1034; x_wconf 90' lang='lat' dir='ltr'><strong><em>Cutn</em></strong></span> <span class='ocrx_word' id='word_1_149' title='bbox 1221 1005 1307 1033; x_wconf 71' lang='lat' dir='ltr'><strong><em>Iudazi</em></strong></span> <span class='ocrx_word' id='word_1_150' title='bbox 1322 1006 1385 1041; x_wconf 80' lang='lat' dir='ltr'><strong><em>qui-—</em></strong></span> 
     </span>
    </p>
   </div>
   <div class='ocr_carea' id='block_1_22' title="bbox 598 1053 1386 1092">
    <p class='ocr_par' dir='ltr' id='par_1_22' title="bbox 598 1053 1386 1092">
     <span class='ocr_line' id='line_1_22' title="bbox 598 1053 1386 1092; baseline -0.008 -6"><span class='ocrx_word' id='word_1_151' title='bbox 598 1059 660 1086; x_wconf 89' lang='lat' dir='ltr'><strong><em>dam</em></strong></span> <span class='ocrx_word' id='word_1_152' title='bbox 681 1058 715 1085; x_wconf 89' lang='lat' dir='ltr'><strong><em>ad</em></strong></span> <span class='ocrx_word' id='word_1_153' title='bbox 739 1058 818 1086; x_wconf 84' lang='lat' dir='ltr'><strong><em>ﬁdem</em></strong></span> <span class='ocrx_word' id='word_1_154' title='bbox 842 1055 944 1085; x_wconf 76' lang='lat' dir='ltr'><strong><em>Christi</em></strong></span> <span class='ocrx_word' id='word_1_155' title='bbox 969 1054 1093 1085; x_wconf 84' lang='lat' dir='ltr'><strong><em>conversi</em></strong></span> <span class='ocrx_word' id='word_1_156' title='bbox 1116 1053 1327 1092; x_wconf 83' lang='lat' dir='ltr'><strong><em>galaticarentur</em></strong></span> <span class='ocrx_word' id='word_1_157' title='bbox 1345 1054 1386 1088; x_wconf 83' lang='lat' dir='ltr'><strong><em>(ut</em></strong></span> 
     </span>
    </p>
   </div>
   <div class='ocr_carea' id='block_1_23' title="bbox 599 1098 1384 1138">
    <p class='ocr_par' dir='ltr' id='par_1_23' title="bbox 599 1098 1384 1138">
     <span class='ocr_line' id='line_1_23' title="bbox 599 1098 1384 1138; baseline -0.008 -7"><span class='ocrx_word' id='word_1_158' title='bbox 599 1113 662 1132; x_wconf 87' lang='lat' dir='ltr'><strong><em>cum</em></strong></span> <span class='ocrx_word' id='word_1_159' title='bbox 677 1104 844 1132; x_wconf 85' lang='lat' dir='ltr'><strong><em>Tertulliano</em></strong></span> <span class='ocrx_word' id='word_1_160' title='bbox 858 1103 976 1138; x_wconf 90' lang='lat' dir='ltr'><strong><em>loquar),</em></strong></span> <span class='ocrx_word' id='word_1_161' title='bbox 1003 1103 1055 1130; x_wconf 91' lang='lat' dir='ltr'><strong><em>hoc</em></strong></span> <span class='ocrx_word' id='word_1_162' title='bbox 1069 1106 1122 1135; x_wconf 78' lang='lat' dir='ltr'><strong><em>est,</em></strong></span> <span class='ocrx_word' id='word_1_163' title='bbox 1138 1102 1223 1136; x_wconf 84' lang='lat' dir='ltr'><strong><em>legem</em></strong></span> <span class='ocrx_word' id='word_1_164' title='bbox 1237 1098 1384 1127; x_wconf 75' lang='lat' dir='ltr'><strong><em>Masaicam</em></strong></span> 
     </span>
    </p>
   </div>
   <div class='ocr_carea' id='block_1_24' title="bbox 600 1145 1384 1183">
    <p class='ocr_par' dir='ltr' id='par_1_24' title="bbox 600 1145 1384 1183">
     <span class='ocr_line' id='line_1_24' title="bbox 600 1145 1384 1183; baseline -0.006 -6"><span class='ocrx_word' id='word_1_165' title='bbox 600 1157 654 1177; x_wconf 85' lang='lat' dir='ltr'><strong><em>una</em></strong></span> <span class='ocrx_word' id='word_1_166' title='bbox 668 1156 731 1176; x_wconf 89' lang='lat' dir='ltr'><strong><em>cum</em></strong></span> <span class='ocrx_word' id='word_1_167' title='bbox 741 1148 887 1183; x_wconf 83' lang='lat' dir='ltr'><strong><em>Evangelio</em></strong></span> <span class='ocrx_word' id='word_1_168' title='bbox 896 1147 1066 1175; x_wconf 83' lang='lat' dir='ltr'><strong><em>retinendam</em></strong></span> <span class='ocrx_word' id='word_1_169' title='bbox 1080 1154 1141 1175; x_wconf 87' lang='lat' dir='ltr'><strong><em>esse</em></strong></span> <span class='ocrx_word' id='word_1_170' title='bbox 1152 1151 1289 1181; x_wconf 82' lang='lat' dir='ltr'><strong><em>putarent,</em></strong></span> <span class='ocrx_word' id='word_1_171' title='bbox 1303 1145 1384 1180; x_wconf 89' lang='lat' dir='ltr'><strong><em>idque</em></strong></span> 
     </span>
    </p>
   </div>
   <div class='ocr_carea' id='block_1_25' title="bbox 599 1192 1382 1229">
    <p class='ocr_par' dir='ltr' id='par_1_25' title="bbox 599 1192 1382 1229">
     <span class='ocr_line' id='line_1_25' title="bbox 599 1192 1382 1229; baseline -0.004 -7"><span class='ocrx_word' id='word_1_172' title='bbox 599 1195 692 1222; x_wconf 91' lang='lat' dir='ltr'><strong><em>multis</em></strong></span> <span class='ocrx_word' id='word_1_173' title='bbox 703 1195 868 1222; x_wconf 82' lang='lat' dir='ltr'><strong><em>Christianis</em></strong></span> <span class='ocrx_word' id='word_1_174' title='bbox 882 1194 1089 1229; x_wconf 79' lang='lat' dir='ltr'><strong><em>persuaderent,</em></strong></span> <span class='ocrx_word' id='word_1_175' title='bbox 1110 1198 1221 1221; x_wconf 86' lang='lat' dir='ltr'><strong><em>sanctus</em></strong></span> <span class='ocrx_word' id='word_1_176' title='bbox 1232 1192 1382 1226; x_wconf 86' lang='lat' dir='ltr'><strong><em>Barnabas,</em></strong></span> 
     </span>
    </p>
   </div>
   <div class='ocr_carea' id='block_1_26' title="bbox 597 1238 1381 1275">
    <p class='ocr_par' dir='ltr' id='par_1_26' title="bbox 597 1238 1381 1275">
     <span class='ocr_line' id='line_1_26' title="bbox 597 1238 1381 1275; baseline -0.003 -8"><span class='ocrx_word' id='word_1_177' title='bbox 597 1241 654 1267; x_wconf 88' lang='lat' dir='ltr'><strong><em>sive</em></strong></span> <span class='ocrx_word' id='word_1_178' title='bbox 674 1241 736 1275; x_wconf 85' lang='lat' dir='ltr'><strong><em>quis</em></strong></span> <span class='ocrx_word' id='word_1_179' title='bbox 752 1240 834 1273; x_wconf 88' lang='lat' dir='ltr'><strong><em>alius,</em></strong></span> <span class='ocrx_word' id='word_1_180' title='bbox 848 1244 974 1267; x_wconf 88' lang='lat' dir='ltr'><strong><em>sanctutu</em></strong></span> <span class='ocrx_word' id='word_1_181' title='bbox 997 1239 1114 1266; x_wconf 86' lang='lat' dir='ltr'><strong><em>Paulum</em></strong></span> <span class='ocrx_word' id='word_1_182' title='bbox 1129 1238 1266 1271; x_wconf 82' lang='lat' dir='ltr'><strong><em>imitatus,</em></strong></span> <span class='ocrx_word' id='word_1_183' title='bbox 1286 1246 1381 1265; x_wconf 88' lang='lat' dir='ltr'><strong><em>eorum</em></strong></span> 
     </span>
    </p>
   </div>
   <div class='ocr_carea' id='block_1_27' title="bbox 596 1284 1383 1320">
    <p class='ocr_par' dir='ltr' id='par_1_27' title="bbox 596 1284 1383 1320">
     <span class='ocr_line' id='line_1_27' title="bbox 596 1284 1383 1320; baseline -0.004 -7"><span class='ocrx_word' id='word_1_184' title='bbox 596 1286 750 1313; x_wconf 82' lang='lat' dir='ltr'><strong><em>doctrinam</em></strong></span> <span class='ocrx_word' id='word_1_185' title='bbox 775 1286 827 1313; x_wconf 89' lang='lat' dir='ltr'><strong><em>hac</em></strong></span> <span class='ocrx_word' id='word_1_186' title='bbox 847 1285 963 1320; x_wconf 84' lang='lat' dir='ltr'><strong><em>epistola</em></strong></span> <span class='ocrx_word' id='word_1_187' title='bbox 981 1285 1133 1312; x_wconf 84' lang='lat' dir='ltr'><strong><em>convellere</em></strong></span> <span class='ocrx_word' id='word_1_188' title='bbox 1150 1288 1276 1317; x_wconf 89' lang='lat' dir='ltr'><strong><em>conatur,</em></strong></span> <span class='ocrx_word' id='word_1_189' title='bbox 1291 1284 1383 1311; x_wconf 91' lang='lat' dir='ltr'><strong><em>docet-</em></strong></span> 
     </span>
    </p>
   </div>
   <div class='ocr_carea' id='block_1_28' title="bbox 597 1330 1384 1366">
    <p class='ocr_par' dir='ltr' id='par_1_28' title="bbox 597 1330 1384 1366">
     <span class='ocr_line' id='line_1_28' title="bbox 597 1330 1384 1366; baseline 0.001 -9"><span class='ocrx_word' id='word_1_190' title='bbox 597 1339 651 1366; x_wconf 86' lang='lat' dir='ltr'><strong><em>que</em></strong></span> <span class='ocrx_word' id='word_1_191' title='bbox 672 1331 765 1358; x_wconf 91' lang='lat' dir='ltr'><strong><em>multis</em></strong></span> <span class='ocrx_word' id='word_1_192' title='bbox 779 1331 927 1366; x_wconf 74' lang='lat' dir='ltr'><strong><em>Scripturze</em></strong></span> <span class='ocrx_word' id='word_1_193' title='bbox 942 1331 1019 1363; x_wconf 85' lang='lat' dir='ltr'><strong><em>locis,</em></strong></span> <span class='ocrx_word' id='word_1_194' title='bbox 1036 1339 1068 1358; x_wconf 89' lang='lat' dir='ltr'><strong><em>ac</em></strong></span> <span class='ocrx_word' id='word_1_195' title='bbox 1083 1331 1187 1366; x_wconf 85' lang='lat' dir='ltr'><strong><em>ﬁguris,</em></strong></span> <span class='ocrx_word' id='word_1_196' title='bbox 1204 1330 1290 1365; x_wconf 84' lang='lat' dir='ltr'><strong><em>legem</em></strong></span> <span class='ocrx_word' id='word_1_197' title='bbox 1308 1330 1384 1366; x_wconf 84' lang='lat' dir='ltr'><strong><em>Moy-</em></strong></span> 
     </span>
    </p>
   </div>
   <div class='ocr_carea' id='block_1_29' title="bbox 597 1375 1383 1411">
    <p class='ocr_par' dir='ltr' id='par_1_29' title="bbox 597 1375 1383 1411">
     <span class='ocr_line' id='line_1_29' title="bbox 597 1375 1383 1411; baseline 0 -9"><span class='ocrx_word' id='word_1_198' title='bbox 597 1376 636 1402; x_wconf 87' lang='lat' dir='ltr'><strong><em>sis</em></strong></span> <span class='ocrx_word' id='word_1_199' title='bbox 647 1375 703 1410; x_wconf 86' lang='lat' dir='ltr'><strong><em>jam</em></strong></span> <span class='ocrx_word' id='word_1_200' title='bbox 722 1376 880 1410; x_wconf 88' lang='lat' dir='ltr'><strong><em>abrogatam</em></strong></span> <span class='ocrx_word' id='word_1_201' title='bbox 896 1383 967 1408; x_wconf 86' lang='lat' dir='ltr'><strong><em>esse,</em></strong></span> <span class='ocrx_word' id='word_1_202' title='bbox 985 1376 1064 1411; x_wconf 89' lang='lat' dir='ltr'><strong><em>eique</em></strong></span> <span class='ocrx_word' id='word_1_203' title='bbox 1083 1375 1259 1410; x_wconf 83' lang='lat' dir='ltr'><strong><em>Evangelium</em></strong></span> <span class='ocrx_word' id='word_1_204' title='bbox 1274 1383 1383 1402; x_wconf 81' lang='lat' dir='ltr'><strong><em>succes-</em></strong></span> 
     </span>
    </p>
   </div>
   <div class='ocr_carea' id='block_1_30' title="bbox 597 1420 1383 1457">
    <p class='ocr_par' dir='ltr' id='par_1_30' title="bbox 597 1420 1383 1457">
     <span class='ocr_line' id='line_1_30' title="bbox 597 1420 1383 1457; baseline 0.001 -9"><span class='ocrx_word' id='word_1_205' title='bbox 597 1421 677 1448; x_wconf 84' lang='lat' dir='ltr'><strong><em>sisse.</em></strong></span> <span class='ocrx_word' id='word_1_206' title='bbox 692 1420 741 1448; x_wconf 92' lang='lat' dir='ltr'><strong><em>llic</em></strong></span> <span class='ocrx_word' id='word_1_207' title='bbox 756 1427 798 1449; x_wconf 91' lang='lat' dir='ltr'><strong><em>est</em></strong></span> <span class='ocrx_word' id='word_1_208' title='bbox 813 1421 895 1456; x_wconf 89' lang='lat' dir='ltr'><strong><em>hujus</em></strong></span> <span class='ocrx_word' id='word_1_209' title='bbox 910 1422 1032 1456; x_wconf 78' lang='lat' dir='ltr'><strong><em>epistola:</em></strong></span> <span class='ocrx_word' id='word_1_210' title='bbox 1045 1429 1144 1456; x_wconf 88' lang='lat' dir='ltr'><strong><em>scopus</em></strong></span> <span class='ocrx_word' id='word_1_211' title='bbox 1156 1431 1163 1455; x_wconf 87' lang='lat'><strong>;</strong></span> <span class='ocrx_word' id='word_1_212' title='bbox 1177 1422 1210 1449; x_wconf 87' lang='lat' dir='ltr'><strong><em>ad</em></strong></span> <span class='ocrx_word' id='word_1_213' title='bbox 1220 1430 1300 1457; x_wconf 85' lang='lat' dir='ltr'><strong><em>quem</em></strong></span> <span class='ocrx_word' id='word_1_214' title='bbox 1315 1430 1383 1449; x_wconf 89' lang='lat' dir='ltr'><strong><em>non-</em></strong></span> 
     </span>
    </p>
   </div>
   <div class='ocr_carea' id='block_1_31' title="bbox 597 1467 1382 1503">
    <p class='ocr_par' dir='ltr' id='par_1_31' title="bbox 597 1467 1382 1503">
     <span class='ocr_line' id='line_1_31' title="bbox 597 1467 1382 1503; baseline 0.001 -10"><span class='ocrx_word' id='word_1_215' title='bbox 597 1467 670 1494; x_wconf 85' lang='lat' dir='ltr'><strong><em>nulla</em></strong></span> <span class='ocrx_word' id='word_1_216' title='bbox 689 1467 744 1500; x_wconf 86' lang='lat' dir='ltr'><strong><em>hic,</em></strong></span> <span class='ocrx_word' id='word_1_217' title='bbox 766 1475 826 1502; x_wconf 66' lang='lat' dir='ltr'><strong><em>qua:</em></strong></span> <span class='ocrx_word' id='word_1_218' title='bbox 841 1475 895 1494; x_wconf 92' lang='lat' dir='ltr'><strong><em>non</em></strong></span> <span class='ocrx_word' id='word_1_219' title='bbox 912 1472 976 1494; x_wconf 89' lang='lat' dir='ltr'><strong><em>sunt</em></strong></span> <span class='ocrx_word' id='word_1_220' title='bbox 990 1467 1207 1503; x_wconf 79' lang='grc' dir='ltr'><strong><em>προηγουμένου,</em></strong></span> <span class='ocrx_word' id='word_1_221' title='bbox 1227 1475 1275 1496; x_wconf 88' lang='lat' dir='ltr'><strong><em>seu</em></strong></span> <span class='ocrx_word' id='word_1_222' title='bbox 1288 1468 1382 1502; x_wconf 70' lang='lat' dir='ltr'><strong><em>praeci-</em></strong></span> 
     </span>
    </p>
   </div>
   <div class='ocr_carea' id='block_1_32' title="bbox 596 1513 1382 1549">
    <p class='ocr_par' dir='ltr' id='par_1_32' title="bbox 596 1513 1382 1549">
     <span class='ocr_line' id='line_1_32' title="bbox 596 1513 1382 1549; baseline 0 -8"><span class='ocrx_word' id='word_1_223' title='bbox 596 1514 643 1549; x_wconf 82' lang='lat' dir='ltr'><strong><em>pui</em></strong></span> <span class='ocrx_word' id='word_1_224' title='bbox 667 1513 830 1549; x_wconf 81' lang='lat' dir='ltr'><strong><em>argumenti.</em></strong></span> <span class='ocrx_word' id='word_1_225' title='bbox 847 1514 895 1541; x_wconf 85' lang='lat' dir='ltr'><strong><em>sed</em></strong></span> <span class='ocrx_word' id='word_1_226' title='bbox 910 1514 994 1541; x_wconf 88' lang='lat' dir='ltr'><strong><em>veluti</em></strong></span> <span class='ocrx_word' id='word_1_227' title='bbox 1016 1514 1171 1541; x_wconf 87' lang='lat' dir='ltr'><strong><em>secundarii</em></strong></span> <span class='ocrx_word' id='word_1_228' title='bbox 1187 1518 1330 1547; x_wconf 85' lang='lat' dir='ltr'><strong><em>tractatus,</em></strong></span> <span class='ocrx_word' id='word_1_229' title='bbox 1352 1518 1382 1541; x_wconf 91' lang='lat' dir='ltr'><strong><em>ut</em></strong></span> 
     </span>
    </p>
   </div>
   <div class='ocr_carea' id='block_1_33' title="bbox 1446 268 1860 304">
    <p class='ocr_par' dir='ltr' id='par_1_33' title="bbox 1446 268 1860 304">
     <span class='ocr_line' id='line_1_33' title="bbox 1446 268 1860 304; baseline -0.005 -7"><span class='ocrx_word' id='word_1_230' title='bbox 1446 270 1542 298; x_wconf 86' lang='lat' dir='ltr'><strong><em>salutis</em></strong></span> <span class='ocrx_word' id='word_1_231' title='bbox 1558 276 1585 296; x_wconf 87' lang='lat' dir='ltr'><strong><em>ct</em></strong></span> <span class='ocrx_word' id='word_1_232' title='bbox 1601 273 1734 304; x_wconf 67' lang='lat' dir='ltr'><strong><em>praecepta</em></strong></span> <span class='ocrx_word' id='word_1_233' title='bbox 1750 268 1860 295; x_wconf 85' lang='lat' dir='ltr'><strong><em>dantur.</em></strong></span> 
     </span>
    </p>
   </div>
   <div class='ocr_carea' id='block_1_34' title="bbox 1479 311 2223 348">
    <p class='ocr_par' dir='ltr' id='par_1_34' title="bbox 1479 311 2223 348">
     <span class='ocr_line' id='line_1_34' title="bbox 1479 311 2223 348; baseline -0.004 -8"><span class='ocrx_word' id='word_1_234' title='bbox 1479 314 1561 340; x_wconf 87' lang='lat' dir='ltr'><strong><em>Prior</em></strong></span> <span class='ocrx_word' id='word_1_235' title='bbox 1572 321 1634 348; x_wconf 84' lang='lat' dir='ltr'><strong><em>pars</em></strong></span> <span class='ocrx_word' id='word_1_236' title='bbox 1649 312 1777 348; x_wconf 70' lang='lat' dir='ltr'><strong><em>epistolae.</em></strong></span> <span class='ocrx_word' id='word_1_237' title='bbox 1803 312 1883 340; x_wconf 84' lang='lat' dir='ltr'><strong><em>Prior</em></strong></span> <span class='ocrx_word' id='word_1_238' title='bbox 1904 320 1968 347; x_wconf 89' lang='lat' dir='ltr'><strong><em>pars</em></strong></span> <span class='ocrx_word' id='word_1_239' title='bbox 1981 312 2072 346; x_wconf 79' lang='lat' dir='ltr'><strong><em>capita</em></strong></span> <span class='ocrx_word' id='word_1_240' title='bbox 2086 311 2223 338; x_wconf 75' lang='lat' dir='ltr'><strong><em>duodecim</em></strong></span> 
     </span>
    </p>
   </div>
   <div class='ocr_carea' id='block_1_35' title="bbox 1443 358 2223 395">
    <p class='ocr_par' dir='ltr' id='par_1_35' title="bbox 1443 358 2223 395">
     <span class='ocr_line' id='line_1_35' title="bbox 1443 358 2223 395; baseline -0.004 -8"><span class='ocrx_word' id='word_1_241' title='bbox 1443 360 1643 395; x_wconf 82' lang='lat' dir='ltr'><strong><em>complectitur.</em></strong></span> <span class='ocrx_word' id='word_1_242' title='bbox 1665 359 1694 386; x_wconf 90' lang='lat' dir='ltr'><strong><em>In</em></strong></span> <span class='ocrx_word' id='word_1_243' title='bbox 1710 360 1799 394; x_wconf 90' lang='lat' dir='ltr'><strong><em>primo</em></strong></span> <span class='ocrx_word' id='word_1_244' title='bbox 1812 359 1846 387; x_wconf 85' lang='lat' dir='ltr'><strong><em>de</em></strong></span> <span class='ocrx_word' id='word_1_245' title='bbox 1861 359 2015 387; x_wconf 87' lang='lat' dir='ltr'><strong><em>cessatione</em></strong></span> <span class='ocrx_word' id='word_1_246' title='bbox 2028 358 2223 386; x_wconf 81' lang='lat' dir='ltr'><strong><em>sacriﬁcioru</em></strong></span> 
     </span>
    </p>
   </div>
   <div class='ocr_carea' id='block_1_36' title="bbox 1442 403 2223 441">
    <p class='ocr_par' dir='ltr' id='par_1_36' title="bbox 1442 403 2223 441">
     <span class='ocr_line' id='line_1_36' title="bbox 1442 403 2223 441; baseline -0.006 -8"><span class='ocrx_word' id='word_1_247' title='bbox 1442 406 1568 433; x_wconf 56' lang='lat' dir='ltr'><strong><em>Mosaicae</em></strong></span> <span class='ocrx_word' id='word_1_248' title='bbox 1591 405 1656 440; x_wconf 81' lang='lat' dir='ltr'><strong><em>legis</em></strong></span> <span class='ocrx_word' id='word_1_249' title='bbox 1684 406 1789 441; x_wconf 83' lang='lat' dir='ltr'><strong><em>agitur;</em></strong></span> <span class='ocrx_word' id='word_1_250' title='bbox 1815 405 1842 432; x_wconf 89' lang='lat' dir='ltr'><strong><em>in</em></strong></span> <span class='ocrx_word' id='word_1_251' title='bbox 1869 405 1990 432; x_wconf 84' lang='lat' dir='ltr'><strong><em>secundo</em></strong></span> <span class='ocrx_word' id='word_1_252' title='bbox 2007 404 2042 431; x_wconf 89' lang='lat' dir='ltr'><strong><em>de</em></strong></span> <span class='ocrx_word' id='word_1_253' title='bbox 2060 403 2223 438; x_wconf 87' lang='lat' dir='ltr'><strong><em>jejuniorum</em></strong></span> 
     </span>
    </p>
   </div>
   <div class='ocr_carea' id='block_1_37' title="bbox 1441 449 2225 486">
    <p class='ocr_par' dir='ltr' id='par_1_37' title="bbox 1441 449 2225 486">
     <span class='ocr_line' id='line_1_37' title="bbox 1441 449 2225 486; baseline -0.006 -7"><span class='ocrx_word' id='word_1_254' title='bbox 1441 452 1563 486; x_wconf 83' lang='lat' dir='ltr'><strong><em>ejusdem</em></strong></span> <span class='ocrx_word' id='word_1_255' title='bbox 1578 452 1643 486; x_wconf 83' lang='lat' dir='ltr'><strong><em>legis</em></strong></span> <span class='ocrx_word' id='word_1_256' title='bbox 1659 451 1824 484; x_wconf 87' lang='lat' dir='ltr'><strong><em>abolitione;</em></strong></span> <span class='ocrx_word' id='word_1_257' title='bbox 1841 451 1868 478; x_wconf 93' lang='lat' dir='ltr'><strong><em>in</em></strong></span> <span class='ocrx_word' id='word_1_258' title='bbox 1884 450 1965 478; x_wconf 90' lang='lat' dir='ltr'><strong><em>tertio</em></strong></span> <span class='ocrx_word' id='word_1_259' title='bbox 1973 449 2063 485; x_wconf 83' lang='lat' dir='ltr'><strong><em>agitur</em></strong></span> <span class='ocrx_word' id='word_1_260' title='bbox 2076 449 2110 476; x_wconf 90' lang='lat' dir='ltr'><strong><em>de</em></strong></span> <span class='ocrx_word' id='word_1_261' title='bbox 2124 449 2225 475; x_wconf 86' lang='lat' dir='ltr'><strong><em>instan-</em></strong></span> 
     </span>
    </p>
   </div>
   <div class='ocr_carea' id='block_1_38' title="bbox 1442 494 2226 530">
    <p class='ocr_par' dir='ltr' id='par_1_38' title="bbox 1442 494 2226 530">
     <span class='ocr_line' id='line_1_38' title="bbox 1442 494 2226 530; baseline -0.005 -6"><span class='ocrx_word' id='word_1_262' title='bbox 1442 497 1514 524; x_wconf 83' lang='lat' dir='ltr'><strong><em>tibus</em></strong></span> <span class='ocrx_word' id='word_1_263' title='bbox 1525 497 1724 524; x_wconf 87' lang='lat' dir='ltr'><strong><em>calamitatibus</em></strong></span> <span class='ocrx_word' id='word_1_264' title='bbox 1737 518 1744 530; x_wconf 92' lang='lat'><strong><em>,</em></strong></span> <span class='ocrx_word' id='word_1_265' title='bbox 1765 496 2002 530; x_wconf 86' lang='lat' dir='ltr'><strong><em>admonenturque</em></strong></span> <span class='ocrx_word' id='word_1_266' title='bbox 2019 494 2113 522; x_wconf 86' lang='lat' dir='ltr'><strong><em>ﬁdeles</em></strong></span> <span class='ocrx_word' id='word_1_267' title='bbox 2126 494 2159 521; x_wconf 82' lang='lat' dir='ltr'><strong><em>ad</em></strong></span> <span class='ocrx_word' id='word_1_268' title='bbox 2173 494 2226 520; x_wconf 89' lang='lat' dir='ltr'><strong><em>vir-</em></strong></span> 
     </span>
    </p>
   </div>
   <div class='ocr_carea' id='block_1_39' title="bbox 1442 540 2227 577">
    <p class='ocr_par' dir='ltr' id='par_1_39' title="bbox 1442 540 2227 577">
     <span class='ocr_line' id='line_1_39' title="bbox 1442 540 2227 577; baseline -0.005 -8"><span class='ocrx_word' id='word_1_269' title='bbox 1442 547 1530 569; x_wconf 90' lang='lat' dir='ltr'><strong><em>tutum</em></strong></span> <span class='ocrx_word' id='word_1_270' title='bbox 1554 543 1674 570; x_wconf 88' lang='lat' dir='ltr'><strong><em>studium</em></strong></span> <span class='ocrx_word' id='word_1_271' title='bbox 1689 563 1696 575; x_wconf 92' lang='lat'><strong><em>,</em></strong></span> <span class='ocrx_word' id='word_1_272' title='bbox 1712 542 1785 577; x_wconf 89' lang='lat' dir='ltr'><strong><em>quod</em></strong></span> <span class='ocrx_word' id='word_1_273' title='bbox 1800 541 1886 569; x_wconf 67' lang='lat' dir='ltr'><strong><em>Iudaei</em></strong></span> <span class='ocrx_word' id='word_1_274' title='bbox 1907 541 1964 569; x_wconf 87' lang='lat' dir='ltr'><strong><em>suis</em></strong></span> <span class='ocrx_word' id='word_1_275' title='bbox 1975 540 2093 576; x_wconf 84' lang='lat' dir='ltr'><strong><em>jejuniis</em></strong></span> <span class='ocrx_word' id='word_1_276' title='bbox 2104 544 2132 567; x_wconf 87' lang='lat' dir='ltr'><strong><em>et</em></strong></span> <span class='ocrx_word' id='word_1_277' title='bbox 2145 546 2227 566; x_wconf 65' lang='lat' dir='ltr'><strong><em>care-</em></strong></span> 
     </span>
    </p>
   </div>
   <div class='ocr_carea' id='block_1_40' title="bbox 1440 585 2226 623">
    <p class='ocr_par' dir='ltr' id='par_1_40' title="bbox 1440 585 2226 623">
     <span class='ocr_line' id='line_1_40' title="bbox 1440 585 2226 623; baseline -0.004 -8"><span class='ocrx_word' id='word_1_278' title='bbox 1440 588 1541 615; x_wconf 88' lang='lat' dir='ltr'><strong><em>moniis</em></strong></span> <span class='ocrx_word' id='word_1_279' title='bbox 1579 588 1796 623; x_wconf 79' lang='lat' dir='ltr'><strong><em>postponebant;</em></strong></span> <span class='ocrx_word' id='word_1_280' title='bbox 1835 587 1863 614; x_wconf 90' lang='lat' dir='ltr'><strong><em>in</em></strong></span> <span class='ocrx_word' id='word_1_281' title='bbox 1899 591 1998 621; x_wconf 84' lang='lat' dir='ltr'><strong><em>quarto</em></strong></span> <span class='ocrx_word' id='word_1_282' title='bbox 2031 590 2166 613; x_wconf 84' lang='lat' dir='ltr'><strong><em>tractatur</em></strong></span> <span class='ocrx_word' id='word_1_283' title='bbox 2193 585 2226 612; x_wconf 89' lang='lat' dir='ltr'><strong><em>de</em></strong></span> 
     </span>
    </p>
   </div>
   <div class='ocr_carea' id='block_1_41' title="bbox 1440 631 2225 668">
    <p class='ocr_par' dir='ltr' id='par_1_41' title="bbox 1440 631 2225 668">
     <span class='ocr_line' id='line_1_41' title="bbox 1440 631 2225 668; baseline -0.006 -6"><span class='ocrx_word' id='word_1_284' title='bbox 1440 634 1541 662; x_wconf 87' lang='lat' dir='ltr'><strong><em>Christi</em></strong></span> <span class='ocrx_word' id='word_1_285' title='bbox 1562 635 1679 662; x_wconf 87' lang='lat' dir='ltr'><strong><em>adventu</em></strong></span> <span class='ocrx_word' id='word_1_286' title='bbox 1692 654 1700 667; x_wconf 88' lang='lat'><strong><em>,</em></strong></span> <span class='ocrx_word' id='word_1_287' title='bbox 1729 634 1861 661; x_wconf 87' lang='lat' dir='ltr'><strong><em>missione</em></strong></span> <span class='ocrx_word' id='word_1_288' title='bbox 1885 633 2073 668; x_wconf 89' lang='lat' dir='ltr'><strong><em>apostolorum</em></strong></span> <span class='ocrx_word' id='word_1_289' title='bbox 2087 652 2095 665; x_wconf 92' lang='lat'><strong><em>,</em></strong></span> <span class='ocrx_word' id='word_1_290' title='bbox 2123 631 2225 658; x_wconf 83' lang='lat' dir='ltr'><strong><em>Christi</em></strong></span> 
     </span>
    </p>
   </div>
   <div class='ocr_carea' id='block_1_42' title="bbox 1439 678 2226 716">
    <p class='ocr_par' dir='ltr' id='par_1_42' title="bbox 1439 678 2226 716">
     <span class='ocr_line' id='line_1_42' title="bbox 1439 678 2226 716; baseline -0.005 -8"><span class='ocrx_word' id='word_1_291' title='bbox 1439 681 1567 716; x_wconf 87' lang='lat' dir='ltr'><strong><em>passione</em></strong></span> <span class='ocrx_word' id='word_1_292' title='bbox 1583 685 1610 708; x_wconf 88' lang='lat' dir='ltr'><strong><em>et</em></strong></span> <span class='ocrx_word' id='word_1_293' title='bbox 1629 680 1811 713; x_wconf 83' lang='lat' dir='ltr'><strong><em>exaltatione;</em></strong></span> <span class='ocrx_word' id='word_1_294' title='bbox 1831 679 1858 706; x_wconf 90' lang='lat' dir='ltr'><strong><em>in</em></strong></span> <span class='ocrx_word' id='word_1_295' title='bbox 1872 679 1969 714; x_wconf 89' lang='lat' dir='ltr'><strong><em>quinto</em></strong></span> <span class='ocrx_word' id='word_1_296' title='bbox 1985 679 2019 706; x_wconf 88' lang='lat' dir='ltr'><strong><em>de</em></strong></span> <span class='ocrx_word' id='word_1_297' title='bbox 2040 678 2163 706; x_wconf 88' lang='lat' dir='ltr'><strong><em>hominis</em></strong></span> <span class='ocrx_word' id='word_1_298' title='bbox 2184 685 2226 704; x_wconf 85' lang='lat' dir='ltr'><strong><em>re-</em></strong></span> 
     </span>
    </p>
   </div>
   <div class='ocr_carea' id='block_1_43' title="bbox 1439 722 2226 762">
    <p class='ocr_par' dir='ltr' id='par_1_43' title="bbox 1439 722 2226 762">
     <span class='ocr_line' id='line_1_43' title="bbox 1439 722 2226 762; baseline -0.006 -8"><span class='ocrx_word' id='word_1_299' title='bbox 1439 727 1579 762; x_wconf 88' lang='lat' dir='ltr'><strong><em>paratione</em></strong></span> <span class='ocrx_word' id='word_1_300' title='bbox 1603 727 1777 761; x_wconf 86' lang='lat' dir='ltr'><strong><em>disputatur;</em></strong></span> <span class='ocrx_word' id='word_1_301' title='bbox 1796 725 1823 753; x_wconf 92' lang='lat' dir='ltr'><strong><em>in</em></strong></span> <span class='ocrx_word' id='word_1_302' title='bbox 1842 730 1919 753; x_wconf 79' lang='lat' dir='ltr'><strong><em>sexto</em></strong></span> <span class='ocrx_word' id='word_1_303' title='bbox 1941 733 2038 752; x_wconf 91' lang='lat' dir='ltr'><strong><em>rursus</em></strong></span> <span class='ocrx_word' id='word_1_304' title='bbox 2063 724 2099 752; x_wconf 86' lang='lat' dir='ltr'><strong><em>de</em></strong></span> <span class='ocrx_word' id='word_1_305' title='bbox 2124 722 2226 750; x_wconf 86' lang='lat' dir='ltr'><strong><em>Christi</em></strong></span> 
     </span>
    </p>
   </div>
   <div class='ocr_carea' id='block_1_44' title="bbox 1438 769 2224 806">
    <p class='ocr_par' dir='ltr' id='par_1_44' title="bbox 1438 769 2224 806">
     <span class='ocr_line' id='line_1_44' title="bbox 1438 769 2224 806; baseline -0.005 -7"><span class='ocrx_word' id='word_1_306' title='bbox 1438 772 1576 806; x_wconf 86' lang='lat' dir='ltr'><strong><em>passione,</em></strong></span> <span class='ocrx_word' id='word_1_307' title='bbox 1593 775 1619 799; x_wconf 89' lang='lat' dir='ltr'><strong><em>et</em></strong></span> <span class='ocrx_word' id='word_1_308' title='bbox 1637 771 1670 799; x_wconf 87' lang='lat' dir='ltr'><strong><em>de</em></strong></span> <span class='ocrx_word' id='word_1_309' title='bbox 1683 771 1845 806; x_wconf 91' lang='lat' dir='ltr'><strong><em>quibusdam</em></strong></span> <span class='ocrx_word' id='word_1_310' title='bbox 1861 771 1934 799; x_wconf 91' lang='lat' dir='ltr'><strong><em>illius</em></strong></span> <span class='ocrx_word' id='word_1_311' title='bbox 1948 770 2183 801; x_wconf 82' lang='lat' dir='ltr'><strong><em>circumstantiis;</em></strong></span> <span class='ocrx_word' id='word_1_312' title='bbox 2200 769 2224 795; x_wconf 94' lang='lat' dir='ltr'><strong><em>in</em></strong></span> 
     </span>
    </p>
   </div>
   <div class='ocr_carea' id='block_1_45' title="bbox 1438 816 2226 853">
    <p class='ocr_par' dir='ltr' id='par_1_45' title="bbox 1438 816 2226 853">
     <span class='ocr_line' id='line_1_45' title="bbox 1438 816 2226 853; baseline -0.004 -8"><span class='ocrx_word' id='word_1_313' title='bbox 1438 818 1554 853; x_wconf 90' lang='lat' dir='ltr'><strong><em>septimo</em></strong></span> <span class='ocrx_word' id='word_1_314' title='bbox 1577 818 1610 845; x_wconf 89' lang='lat' dir='ltr'><strong><em>de</em></strong></span> <span class='ocrx_word' id='word_1_315' title='bbox 1632 817 1818 852; x_wconf 85' lang='lat' dir='ltr'><strong><em>antiquatione</em></strong></span> <span class='ocrx_word' id='word_1_316' title='bbox 1833 816 2052 844; x_wconf 84' lang='lat' dir='ltr'><strong><em>circumcisionis</em></strong></span> <span class='ocrx_word' id='word_1_317' title='bbox 2070 816 2184 848; x_wconf 86' lang='lat' dir='ltr'><strong><em>veteris,</em></strong></span> <span class='ocrx_word' id='word_1_318' title='bbox 2200 820 2226 842; x_wconf 90' lang='lat' dir='ltr'><strong><em>et</em></strong></span> 
     </span>
    </p>
   </div>
   <div class='ocr_carea' id='block_1_46' title="bbox 1437 861 2226 896">
    <p class='ocr_par' dir='ltr' id='par_1_46' title="bbox 1437 861 2226 896">
     <span class='ocr_line' id='line_1_46' title="bbox 1437 861 2226 896; baseline -0.005 -5"><span class='ocrx_word' id='word_1_319' title='bbox 1437 864 1470 891; x_wconf 88' lang='lat' dir='ltr'><strong><em>de</em></strong></span> <span class='ocrx_word' id='word_1_320' title='bbox 1483 863 1692 891; x_wconf 86' lang='lat' dir='ltr'><strong><em>circumcisione</em></strong></span> <span class='ocrx_word' id='word_1_321' title='bbox 1704 863 1811 890; x_wconf 86' lang='lat' dir='ltr'><strong><em>aurium</em></strong></span> <span class='ocrx_word' id='word_1_322' title='bbox 1824 867 1851 890; x_wconf 87' lang='lat' dir='ltr'><strong><em>et</em></strong></span> <span class='ocrx_word' id='word_1_323' title='bbox 1866 863 1972 896; x_wconf 85' lang='lat' dir='ltr'><strong><em>cordis;</em></strong></span> <span class='ocrx_word' id='word_1_324' title='bbox 1989 863 2015 889; x_wconf 92' lang='lat' dir='ltr'><strong><em>in</em></strong></span> <span class='ocrx_word' id='word_1_325' title='bbox 2027 867 2128 889; x_wconf 84' lang='lat' dir='ltr'><strong><em>octavo</em></strong></span> <span class='ocrx_word' id='word_1_326' title='bbox 2137 861 2172 889; x_wconf 86' lang='lat' dir='ltr'><strong><em>de</em></strong></span> <span class='ocrx_word' id='word_1_327' title='bbox 2182 870 2226 888; x_wconf 85' lang='lat' dir='ltr'><strong><em>cs-</em></strong></span> 
     </span>
    </p>
   </div>
   <div class='ocr_carea' id='block_1_47' title="bbox 1436 907 2225 945">
    <p class='ocr_par' dir='ltr' id='par_1_47' title="bbox 1436 907 2225 945">
     <span class='ocr_line' id='line_1_47' title="bbox 1436 907 2225 945; baseline -0.005 -8"><span class='ocrx_word' id='word_1_328' title='bbox 1436 910 1477 938; x_wconf 88' lang='lat' dir='ltr'><strong><em>cis</em></strong></span> <span class='ocrx_word' id='word_1_329' title='bbox 1491 910 1636 945; x_wconf 87' lang='lat' dir='ltr'><strong><em>prohibitis</em></strong></span> <span class='ocrx_word' id='word_1_330' title='bbox 1653 910 1681 936; x_wconf 93' lang='lat' dir='ltr'><strong><em>in</em></strong></span> <span class='ocrx_word' id='word_1_331' title='bbox 1695 910 1778 937; x_wconf 85' lang='lat' dir='ltr'><strong><em>veteri</em></strong></span> <span class='ocrx_word' id='word_1_332' title='bbox 1792 910 1860 944; x_wconf 88' lang='lat' dir='ltr'><strong><em>lege,</em></strong></span> <span class='ocrx_word' id='word_1_333' title='bbox 1879 909 1967 943; x_wconf 81' lang='lat' dir='ltr'><strong><em>deque</em></strong></span> <span class='ocrx_word' id='word_1_334' title='bbox 1979 908 2088 935; x_wconf 88' lang='lat' dir='ltr'><strong><em>illarum</em></strong></span> <span class='ocrx_word' id='word_1_335' title='bbox 2109 907 2225 942; x_wconf 83' lang='lat' dir='ltr'><strong><em>mystica</em></strong></span> 
     </span>
    </p>
   </div>
   <div class='ocr_carea' id='block_1_48' title="bbox 1437 953 2226 990">
    <p class='ocr_par' dir='ltr' id='par_1_48' title="bbox 1437 953 2226 990">
     <span class='ocr_line' id='line_1_48' title="bbox 1437 953 2226 990; baseline -0.004 -8"><span class='ocrx_word' id='word_1_336' title='bbox 1437 956 1676 990; x_wconf 87' lang='lat' dir='ltr'><strong><em>interpretatione;</em></strong></span> <span class='ocrx_word' id='word_1_337' title='bbox 1694 955 1721 982; x_wconf 91' lang='lat' dir='ltr'><strong><em>in</em></strong></span> <span class='ocrx_word' id='word_1_338' title='bbox 1747 962 1820 982; x_wconf 85' lang='lat' dir='ltr'><strong><em>nono</em></strong></span> <span class='ocrx_word' id='word_1_339' title='bbox 1832 955 1865 982; x_wconf 88' lang='lat' dir='ltr'><strong><em>de</em></strong></span> <span class='ocrx_word' id='word_1_340' title='bbox 1876 954 2012 988; x_wconf 74' lang='lat' dir='ltr'><strong><em>baptismo</em></strong></span> <span class='ocrx_word' id='word_1_341' title='bbox 2031 958 2058 981; x_wconf 89' lang='lat' dir='ltr'><strong><em>et</em></strong></span> <span class='ocrx_word' id='word_1_342' title='bbox 2080 961 2185 986; x_wconf 86' lang='lat' dir='ltr'><strong><em>cruce;</em></strong></span> <span class='ocrx_word' id='word_1_343' title='bbox 2199 953 2226 979; x_wconf 88' lang='lat' dir='ltr'><strong><em>in</em></strong></span> 
     </span>
    </p>
   </div>
   <div class='ocr_carea' id='block_1_49' title="bbox 1436 1000 2225 1036">
    <p class='ocr_par' dir='ltr' id='par_1_49' title="bbox 1436 1000 2225 1036">
     <span class='ocr_line' id='line_1_49' title="bbox 1436 1000 2225 1036; baseline -0.005 -7"><span class='ocrx_word' id='word_1_344' title='bbox 1436 1001 1542 1029; x_wconf 87' lang='lat' dir='ltr'><strong><em>decimo</em></strong></span> <span class='ocrx_word' id='word_1_345' title='bbox 1554 1001 1588 1029; x_wconf 87' lang='lat' dir='ltr'><strong><em>de</em></strong></span> <span class='ocrx_word' id='word_1_346' title='bbox 1604 1001 1791 1036; x_wconf 70' lang='lat' dir='ltr'><strong><em>reprobatione</em></strong></span> <span class='ocrx_word' id='word_1_347' title='bbox 1803 1001 1894 1035; x_wconf 91' lang='lat' dir='ltr'><strong><em>populi</em></strong></span> <span class='ocrx_word' id='word_1_348' title='bbox 1909 1000 2026 1033; x_wconf 83' lang='lat' dir='ltr'><strong><em>Iudaici,</em></strong></span> <span class='ocrx_word' id='word_1_349' title='bbox 2042 1004 2071 1027; x_wconf 87' lang='lat' dir='ltr'><strong><em>et</em></strong></span> <span class='ocrx_word' id='word_1_350' title='bbox 2081 1000 2225 1034; x_wconf 80' lang='lat' dir='ltr'><strong><em>gentilium</em></strong></span> 
     </span>
    </p>
   </div>
   <div class='ocr_carea' id='block_1_50' title="bbox 1436 1045 2227 1082">
    <p class='ocr_par' dir='ltr' id='par_1_50' title="bbox 1436 1045 2227 1082">
     <span class='ocr_line' id='line_1_50' title="bbox 1436 1045 2227 1082; baseline -0.003 -8"><span class='ocrx_word' id='word_1_351' title='bbox 1436 1047 1584 1080; x_wconf 87' lang='lat' dir='ltr'><strong><em>electione;</em></strong></span> <span class='ocrx_word' id='word_1_352' title='bbox 1602 1048 1630 1074; x_wconf 92' lang='lat' dir='ltr'><strong><em>in</em></strong></span> <span class='ocrx_word' id='word_1_353' title='bbox 1641 1047 1786 1074; x_wconf 87' lang='lat' dir='ltr'><strong><em>undecimo</em></strong></span> <span class='ocrx_word' id='word_1_354' title='bbox 1799 1047 1832 1074; x_wconf 89' lang='lat' dir='ltr'><strong><em>de</em></strong></span> <span class='ocrx_word' id='word_1_355' title='bbox 1844 1046 2021 1082; x_wconf 81' lang='lat' dir='ltr'><strong><em>abrogatione</em></strong></span> <span class='ocrx_word' id='word_1_356' title='bbox 2039 1045 2156 1072; x_wconf 88' lang='lat' dir='ltr'><strong><em>Sabbati</em></strong></span> <span class='ocrx_word' id='word_1_357' title='bbox 2178 1045 2227 1072; x_wconf 86' lang='lat' dir='ltr'><strong><em>Iu-</em></strong></span> 
     </span>
    </p>
   </div>
   <div class='ocr_carea' id='block_1_51' title="bbox 1436 1091 2225 1127">
    <p class='ocr_par' dir='ltr' id='par_1_51' title="bbox 1436 1091 2225 1127">
     <span class='ocr_line' id='line_1_51' title="bbox 1436 1091 2225 1127; baseline -0.003 -7"><span class='ocrx_word' id='word_1_358' title='bbox 1436 1094 1527 1127; x_wconf 89' lang='lat' dir='ltr'><strong><em>daici;</em></strong></span> <span class='ocrx_word' id='word_1_359' title='bbox 1547 1093 1575 1120; x_wconf 93' lang='lat' dir='ltr'><strong><em>in</em></strong></span> <span class='ocrx_word' id='word_1_360' title='bbox 1604 1093 1767 1121; x_wconf 89' lang='lat' dir='ltr'><strong><em>duodecimo</em></strong></span> <span class='ocrx_word' id='word_1_361' title='bbox 1786 1093 1819 1120; x_wconf 89' lang='lat' dir='ltr'><strong><em>de</em></strong></span> <span class='ocrx_word' id='word_1_362' title='bbox 1843 1093 1936 1127; x_wconf 84' lang='lat' dir='ltr'><strong><em>templi</em></strong></span> <span class='ocrx_word' id='word_1_363' title='bbox 1961 1091 2070 1119; x_wconf 83' lang='lat' dir='ltr'><strong><em>Iudaici</em></strong></span> <span class='ocrx_word' id='word_1_364' title='bbox 2094 1092 2225 1127; x_wconf 79' lang='lat' dir='ltr'><strong><em>repudia--</em></strong></span> 
     </span>
    </p>
   </div>
   <div class='ocr_carea' id='block_1_52' title="bbox 1436 1138 2225 1174">
    <p class='ocr_par' dir='ltr' id='par_1_52' title="bbox 1436 1138 2225 1174">
     <span class='ocr_line' id='line_1_52' title="bbox 1436 1138 2225 1174; baseline -0.004 -6"><span class='ocrx_word' id='word_1_365' title='bbox 1436 1140 1510 1168; x_wconf 88' lang='lat' dir='ltr'><strong><em>tione</em></strong></span> <span class='ocrx_word' id='word_1_366' title='bbox 1529 1147 1562 1167; x_wconf 86' lang='lat' dir='ltr'><strong><em>ac</em></strong></span> <span class='ocrx_word' id='word_1_367' title='bbox 1583 1140 1769 1173; x_wconf 87' lang='lat' dir='ltr'><strong><em>demolitione,</em></strong></span> <span class='ocrx_word' id='word_1_368' title='bbox 1786 1138 1859 1166; x_wconf 83' lang='lat' dir='ltr'><strong><em>etde</em></strong></span> <span class='ocrx_word' id='word_1_369' title='bbox 1875 1138 1968 1174; x_wconf 87' lang='lat' dir='ltr'><strong><em>templi</em></strong></span> <span class='ocrx_word' id='word_1_370' title='bbox 1985 1138 2140 1174; x_wconf 88' lang='lat' dir='ltr'><strong><em>spiritualis</em></strong></span> <span class='ocrx_word' id='word_1_371' title='bbox 2160 1138 2225 1165; x_wconf 70' lang='lat' dir='ltr'><strong><em>tedi-</em></strong></span> 
     </span>
    </p>
   </div>
   <div class='ocr_carea' id='block_1_53' title="bbox 1435 1186 1572 1213">
    <p class='ocr_par' dir='ltr' id='par_1_53' title="bbox 1435 1186 1572 1213">
     <span class='ocr_line' id='line_1_53' title="bbox 1435 1186 1572 1213; baseline -0.007 0"><span class='ocrx_word' id='word_1_372' title='bbox 1435 1186 1572 1213; x_wconf 88' lang='lat' dir='ltr'><strong><em>ﬁcatioue.</em></strong></span> 
     </span>
    </p>
   </div>
   <div class='ocr_carea' id='block_1_54' title="bbox 1470 1229 2225 1266">
    <p class='ocr_par' dir='ltr' id='par_1_54' title="bbox 1470 1229 2225 1266">
     <span class='ocr_line' id='line_1_54' title="bbox 1470 1229 2225 1266; baseline -0.003 -7"><span class='ocrx_word' id='word_1_373' title='bbox 1470 1231 1593 1259; x_wconf 84' lang='lat' dir='ltr'><strong><em>Secunda</em></strong></span> <span class='ocrx_word' id='word_1_374' title='bbox 1612 1239 1675 1266; x_wconf 83' lang='lat' dir='ltr'><strong><em>pars</em></strong></span> <span class='ocrx_word' id='word_1_375' title='bbox 1687 1230 1815 1266; x_wconf 71' lang='lat' dir='ltr'><strong><em>opistolte.</em></strong></span> <span class='ocrx_word' id='word_1_376' title='bbox 1838 1229 1962 1257; x_wconf 87' lang='lat' dir='ltr'><strong><em>Secunda</em></strong></span> <span class='ocrx_word' id='word_1_377' title='bbox 1978 1237 2041 1264; x_wconf 89' lang='lat' dir='ltr'><strong><em>pars</em></strong></span> <span class='ocrx_word' id='word_1_378' title='bbox 2058 1229 2169 1257; x_wconf 85' lang='lat' dir='ltr'><strong><em>duobus</em></strong></span> <span class='ocrx_word' id='word_1_379' title='bbox 2181 1238 2225 1257; x_wconf 83' lang='lat' dir='ltr'><strong><em>ca-</em></strong></span> 
     </span>
    </p>
   </div>
   <div class='ocr_carea' id='block_1_55' title="bbox 1434 1276 2224 1313">
    <p class='ocr_par' dir='ltr' id='par_1_55' title="bbox 1434 1276 2224 1313">
     <span class='ocr_line' id='line_1_55' title="bbox 1434 1276 2224 1313; baseline -0.003 -8"><span class='ocrx_word' id='word_1_380' title='bbox 1434 1278 1537 1313; x_wconf 89' lang='lat' dir='ltr'><strong><em>pitibus</em></strong></span> <span class='ocrx_word' id='word_1_381' title='bbox 1561 1277 1723 1305; x_wconf 88' lang='lat' dir='ltr'><strong><em>absolvitur.</em></strong></span> <span class='ocrx_word' id='word_1_382' title='bbox 1750 1276 1779 1303; x_wconf 84' lang='lat' dir='ltr'><strong><em>in</em></strong></span> <span class='ocrx_word' id='word_1_383' title='bbox 1800 1276 1891 1310; x_wconf 86' lang='lat' dir='ltr'><strong><em>primo</em></strong></span> <span class='ocrx_word' id='word_1_384' title='bbox 1914 1276 2004 1311; x_wconf 88' lang='lat' dir='ltr'><strong><em>agitur</em></strong></span> <span class='ocrx_word' id='word_1_385' title='bbox 2028 1277 2063 1303; x_wconf 91' lang='lat' dir='ltr'><strong><em>de</em></strong></span> <span class='ocrx_word' id='word_1_386' title='bbox 2079 1277 2123 1304; x_wconf 88' lang='lat' dir='ltr'><strong><em>via</em></strong></span> <span class='ocrx_word' id='word_1_387' title='bbox 2144 1277 2224 1309; x_wconf 77' lang='lat' dir='ltr'><strong><em>lucis,</em></strong></span> 
     </span>
    </p>
   </div>
   <div class='ocr_carea' id='block_1_56' title="bbox 1435 1323 2224 1358">
    <p class='ocr_par' dir='ltr' id='par_1_56' title="bbox 1435 1323 2224 1358">
     <span class='ocr_line' id='line_1_56' title="bbox 1435 1323 2224 1358; baseline -0.001 -7"><span class='ocrx_word' id='word_1_388' title='bbox 1435 1326 1487 1351; x_wconf 86' lang='lat' dir='ltr'><strong><em>hoc</em></strong></span> <span class='ocrx_word' id='word_1_389' title='bbox 1510 1327 1563 1357; x_wconf 87' lang='lat' dir='ltr'><strong><em>est,</em></strong></span> <span class='ocrx_word' id='word_1_390' title='bbox 1589 1325 1623 1351; x_wconf 91' lang='lat' dir='ltr'><strong><em>de</em></strong></span> <span class='ocrx_word' id='word_1_391' title='bbox 1647 1323 1682 1351; x_wconf 88' lang='lat' dir='ltr'><strong><em>iis</em></strong></span> <span class='ocrx_word' id='word_1_392' title='bbox 1706 1331 1767 1358; x_wconf 64' lang='lat' dir='ltr'><strong><em>qua:</em></strong></span> <span class='ocrx_word' id='word_1_393' title='bbox 1789 1323 1947 1350; x_wconf 86' lang='lat' dir='ltr'><strong><em>Christiano</em></strong></span> <span class='ocrx_word' id='word_1_394' title='bbox 1965 1324 2070 1358; x_wconf 79' lang='lat' dir='ltr'><strong><em>agenda</em></strong></span> <span class='ocrx_word' id='word_1_395' title='bbox 2088 1329 2174 1355; x_wconf 84' lang='lat' dir='ltr'><strong><em>sunt;</em></strong></span> <span class='ocrx_word' id='word_1_396' title='bbox 2199 1324 2224 1349; x_wconf 91' lang='lat' dir='ltr'><strong><em>in</em></strong></span> 
     </span>
    </p>
   </div>
   <div class='ocr_carea' id='block_1_57' title="bbox 1433 1366 2225 1400">
    <p class='ocr_par' dir='ltr' id='par_1_57' title="bbox 1433 1366 2225 1400">
     <span class='ocr_line' id='line_1_57' title="bbox 1433 1366 2225 1400; baseline -0.003 -5"><span class='ocrx_word' id='word_1_397' title='bbox 1433 1368 1518 1395; x_wconf 86' lang='lat' dir='ltr'><strong><em>altero</em></strong></span> <span class='ocrx_word' id='word_1_398' title='bbox 1541 1368 1574 1394; x_wconf 90' lang='lat' dir='ltr'><strong><em>de</em></strong></span> <span class='ocrx_word' id='word_1_399' title='bbox 1588 1367 1632 1394; x_wconf 87' lang='lat' dir='ltr'><strong><em>via</em></strong></span> <span class='ocrx_word' id='word_1_400' title='bbox 1646 1366 1831 1399; x_wconf 85' lang='lat' dir='ltr'><strong><em>tenebrarum,</em></strong></span> <span class='ocrx_word' id='word_1_401' title='bbox 1845 1366 1896 1393; x_wconf 89' lang='lat' dir='ltr'><strong><em>hoc</em></strong></span> <span class='ocrx_word' id='word_1_402' title='bbox 1911 1370 1953 1393; x_wconf 88' lang='lat' dir='ltr'><strong><em>est</em></strong></span> <span class='ocrx_word' id='word_1_403' title='bbox 1964 1386 1972 1399; x_wconf 85' lang='lat'><strong><em>,</em></strong></span> <span class='ocrx_word' id='word_1_404' title='bbox 1990 1366 2026 1393; x_wconf 88' lang='lat' dir='ltr'><strong><em>de</em></strong></span> <span class='ocrx_word' id='word_1_405' title='bbox 2040 1366 2076 1393; x_wconf 86' lang='lat' dir='ltr'><strong><em>iis</em></strong></span> <span class='ocrx_word' id='word_1_406' title='bbox 2091 1374 2155 1400; x_wconf 75' lang='lat' dir='ltr'><strong><em>qua:</em></strong></span> <span class='ocrx_word' id='word_1_407' title='bbox 2167 1367 2225 1393; x_wconf 88' lang='lat' dir='ltr'><strong><em>aui-</em></strong></span> 
     </span>
    </p>
   </div>
   <div class='ocr_carea' id='block_1_58' title="bbox 1433 1411 2227 1448">
    <p class='ocr_par' dir='ltr' id='par_1_58' title="bbox 1433 1411 2227 1448">
     <span class='ocr_line' id='line_1_58' title="bbox 1433 1411 2227 1448; baseline -0.001 -8"><span class='ocrx_word' id='word_1_408' title='bbox 1433 1421 1484 1440; x_wconf 70' lang='lat' dir='ltr'><strong><em>mze</em></strong></span> <span class='ocrx_word' id='word_1_409' title='bbox 1498 1413 1569 1440; x_wconf 83' lang='lat' dir='ltr'><strong><em>ﬁdeli</em></strong></span> <span class='ocrx_word' id='word_1_410' title='bbox 1582 1412 1709 1448; x_wconf 82' lang='lat' dir='ltr'><strong><em>fugienda</em></strong></span> <span class='ocrx_word' id='word_1_411' title='bbox 1720 1419 1753 1439; x_wconf 90' lang='lat' dir='ltr'><strong><em>ac</em></strong></span> <span class='ocrx_word' id='word_1_412' title='bbox 1765 1411 1876 1439; x_wconf 88' lang='lat' dir='ltr'><strong><em>vitanda</em></strong></span> <span class='ocrx_word' id='word_1_413' title='bbox 1885 1416 1949 1440; x_wconf 90' lang='lat' dir='ltr'><strong><em>sunt</em></strong></span> <span class='ocrx_word' id='word_1_414' title='bbox 1963 1421 1970 1438; x_wconf 94' lang='lat'>:</span> <span class='ocrx_word' id='word_1_415' title='bbox 1987 1416 2045 1439; x_wconf 91' lang='lat' dir='ltr'><strong><em>tum</em></strong></span> <span class='ocrx_word' id='word_1_416' title='bbox 2057 1412 2170 1439; x_wconf 89' lang='lat' dir='ltr'><strong><em>demum</em></strong></span> <span class='ocrx_word' id='word_1_417' title='bbox 2184 1422 2227 1439; x_wconf 77' lang='lat' dir='ltr'><strong><em>se-</em></strong></span> 
     </span>
    </p>
   </div>
   <div class='ocr_carea' id='block_1_59' title="bbox 1433 1458 1676 1493">
    <p class='ocr_par' dir='ltr' id='par_1_59' title="bbox 1433 1458 1676 1493">
     <span class='ocr_line' id='line_1_59' title="bbox 1433 1458 1676 1493; baseline 0 -8"><span class='ocrx_word' id='word_1_418' title='bbox 1433 1458 1527 1493; x_wconf 87' lang='lat' dir='ltr'><strong><em>quitur</em></strong></span> <span class='ocrx_word' id='word_1_419' title='bbox 1541 1458 1676 1493; x_wconf 74' lang='lat' dir='ltr'><strong><em>epilogus.</em></strong></span> 
     </span>
    </p>
   </div>
   <div class='ocr_carea' id='block_1_60' title="bbox 1468 1513 2227 1550">
    <p class='ocr_par' dir='ltr' id='par_1_60' title="bbox 1468 1513 2227 1550">
     <span class='ocr_line' id='line_1_60' title="bbox 1468 1513 2227 1550; baseline 0 -9"><span class='ocrx_word' id='word_1_420' title='bbox 1468 1514 1531 1542; x_wconf 68' lang='lat' dir='ltr'><strong><em>llaec</em></strong></span> <span class='ocrx_word' id='word_1_421' title='bbox 1545 1519 1637 1542; x_wconf 89' lang='lat' dir='ltr'><strong><em>autem</em></strong></span> <span class='ocrx_word' id='word_1_422' title='bbox 1653 1514 1766 1550; x_wconf 87' lang='lat' dir='ltr'><strong><em>epistola</em></strong></span> <span class='ocrx_word' id='word_1_423' title='bbox 1782 1514 1816 1542; x_wconf 87' lang='lat' dir='ltr'><strong><em>ab</em></strong></span> <span class='ocrx_word' id='word_1_424' title='bbox 1826 1513 1952 1550; x_wconf 78' lang='lat' dir='ltr'><strong><em>Origene,</em></strong></span> <span class='ocrx_word' id='word_1_425' title='bbox 1968 1515 2016 1542; x_wconf 88' lang='lat' dir='ltr'><strong><em>lib.</em></strong></span> <span class='ocrx_word' id='word_1_426' title='bbox 2031 1523 2040 1542; x_wconf 95' lang='grc' dir='ltr'><strong><em>ι</em></strong></span> <span class='ocrx_word' id='word_1_427' title='bbox 2054 1520 2150 1542; x_wconf 85' lang='lat' dir='ltr'><strong><em>contra</em></strong></span> <span class='ocrx_word' id='word_1_428' title='bbox 2166 1515 2227 1543; x_wconf 81' lang='lat' dir='ltr'><strong><em>Cel-</em></strong></span> 
     </span>
    </p>
   </div>
   <div class='ocr_carea' id='block_1_61' title="bbox 596 1559 2226 1596">
    <p class='ocr_par' dir='ltr' id='par_1_61' title="bbox 596 1559 2226 1596">
     <span class='ocr_line' id='line_1_61' title="bbox 596 1559 2226 1596; baseline 0.001 -10"><span class='ocrx_word' id='word_1_429' title='bbox 596 1560 630 1587; x_wconf 87' lang='lat' dir='ltr'><strong><em>de</em></strong></span> <span class='ocrx_word' id='word_1_430' title='bbox 646 1560 762 1587; x_wconf 79' lang='lat' dir='ltr'><strong><em>adventu</em></strong></span> <span class='ocrx_word' id='word_1_431' title='bbox 773 1559 1031 1594; x_wconf 80' lang='lat' dir='ltr'><strong><em>Christi,passione,</em></strong></span> <span class='ocrx_word' id='word_1_432' title='bbox 1046 1563 1113 1592; x_wconf 88' lang='lat' dir='ltr'><strong><em>etc.,</em></strong></span> <span class='ocrx_word' id='word_1_433' title='bbox 1127 1559 1283 1586; x_wconf 82' lang='lat' dir='ltr'><strong><em>referuntur</em></strong></span> <span class='ocrx_word' id='word_1_434' title='bbox 1298 1570 1304 1586; x_wconf 89' lang='lat'>:</span> <span class='ocrx_word' id='word_1_435' title='bbox 1318 1566 1381 1586; x_wconf 87' lang='lat' dir='ltr'><strong><em>nam</em></strong></span> <span class='ocrx_word' id='word_1_436' title='bbox 1396 1568 1416 1596; x_wconf 75' lang='grc' dir='ltr'><em>ε</em></span> <span class='ocrx_word' id='word_1_437' title='bbox 1433 1569 1492 1588; x_wconf 82' lang='lat' dir='ltr'><strong><em>sum</em></strong></span> <span class='ocrx_word' id='word_1_438' title='bbox 1510 1561 1562 1588; x_wconf 88' lang='lat' dir='ltr'><strong><em>sub</em></strong></span> <span class='ocrx_word' id='word_1_439' title='bbox 1582 1562 1676 1594; x_wconf 86' lang='lat' dir='ltr'><strong><em>linem,</em></strong></span> <span class='ocrx_word' id='word_1_440' title='bbox 1699 1560 1851 1594; x_wconf 86' lang='lat' dir='ltr'><strong><em>Catholica,</em></strong></span> <span class='ocrx_word' id='word_1_441' title='bbox 1878 1561 1903 1587; x_wconf 94' lang='lat' dir='ltr'><strong><em>id</em></strong></span> <span class='ocrx_word' id='word_1_442' title='bbox 1928 1566 1970 1588; x_wconf 85' lang='lat' dir='ltr'><strong><em>est</em></strong></span> <span class='ocrx_word' id='word_1_443' title='bbox 1990 1562 2160 1588; x_wconf 81' lang='lat' dir='ltr'><strong><em>universalis</em></strong></span> <span class='ocrx_word' id='word_1_444' title='bbox 2177 1570 2226 1596; x_wconf 80' lang='lat' dir='ltr'><strong><em>ap—</em></strong></span> 
     </span>
    </p>
   </div>
   <div class='ocr_carea' id='block_1_62' title="bbox 596 1604 1380 1640">
    <p class='ocr_par' dir='ltr' id='par_1_62' title="bbox 596 1604 1380 1640">
     <span class='ocr_line' id='line_1_62' title="bbox 596 1604 1380 1640; baseline -0.003 -8"><span class='ocrx_word' id='word_1_445' title='bbox 596 1606 670 1633; x_wconf 86' lang='lat' dir='ltr'><strong><em>illius</em></strong></span> <span class='ocrx_word' id='word_1_446' title='bbox 685 1605 772 1640; x_wconf 83' lang='lat' dir='ltr'><strong><em>gratia</em></strong></span> <span class='ocrx_word' id='word_1_447' title='bbox 785 1610 946 1638; x_wconf 85' lang='lat' dir='ltr'><strong><em>tractantur,</em></strong></span> <span class='ocrx_word' id='word_1_448' title='bbox 966 1613 1028 1632; x_wconf 90' lang='lat' dir='ltr'><strong><em>cum</em></strong></span> <span class='ocrx_word' id='word_1_449' title='bbox 1047 1605 1081 1632; x_wconf 86' lang='lat' dir='ltr'><strong><em>ad</em></strong></span> <span class='ocrx_word' id='word_1_450' title='bbox 1100 1605 1160 1639; x_wconf 86' lang='lat' dir='ltr'><strong><em>ejus</em></strong></span> <span class='ocrx_word' id='word_1_451' title='bbox 1172 1604 1380 1639; x_wconf 77' lang='lat' dir='ltr'><strong><em>intelligentiam</em></strong></span> 
     </span>
    </p>
   </div>
   <div class='ocr_carea' id='block_1_63' title="bbox 595 1650 1380 1686">
    <p class='ocr_par' dir='ltr' id='par_1_63' title="bbox 595 1650 1380 1686">
     <span class='ocr_line' id='line_1_63' title="bbox 595 1650 1380 1686; baseline 0.001 -9"><span class='ocrx_word' id='word_1_452' title='bbox 595 1658 650 1678; x_wconf 91' lang='lat' dir='ltr'><strong><em>non</em></strong></span> <span class='ocrx_word' id='word_1_453' title='bbox 669 1658 764 1685; x_wconf 86' lang='lat' dir='ltr'><strong><em>parum</em></strong></span> <span class='ocrx_word' id='word_1_454' title='bbox 779 1650 932 1684; x_wconf 81' lang='lat' dir='ltr'><strong><em>conferant,</em></strong></span> <span class='ocrx_word' id='word_1_455' title='bbox 949 1651 1027 1685; x_wconf 77' lang='lat' dir='ltr'><strong><em>juxta</em></strong></span> <span class='ocrx_word' id='word_1_456' title='bbox 1040 1658 1143 1678; x_wconf 88' lang='lat' dir='ltr'><strong><em>morem</em></strong></span> <span class='ocrx_word' id='word_1_457' title='bbox 1159 1656 1312 1683; x_wconf 83' lang='lat' dir='ltr'><strong><em>oratorum,</em></strong></span> <span class='ocrx_word' id='word_1_458' title='bbox 1333 1651 1380 1686; x_wconf 90' lang='lat' dir='ltr'><strong><em>qui</em></strong></span> 
     </span>
    </p>
   </div>
   <div class='ocr_carea' id='block_1_64' title="bbox 595 1696 1380 1732">
    <p class='ocr_par' dir='ltr' id='par_1_64' title="bbox 595 1696 1380 1732">
     <span class='ocr_line' id='line_1_64' title="bbox 595 1696 1380 1732; baseline 0 -8"><span class='ocrx_word' id='word_1_459' title='bbox 595 1696 732 1724; x_wconf 83' lang='lat' dir='ltr'><strong><em>interdum</em></strong></span> <span class='ocrx_word' id='word_1_460' title='bbox 746 1697 800 1724; x_wconf 86' lang='lat' dir='ltr'><strong><em>alio</em></strong></span> <span class='ocrx_word' id='word_1_461' title='bbox 819 1697 1021 1732; x_wconf 78' lang='lat' dir='ltr'><strong><em>digrediuntur,</em></strong></span> <span class='ocrx_word' id='word_1_462' title='bbox 1037 1705 1092 1724; x_wconf 92' lang='lat' dir='ltr'><strong><em>non</em></strong></span> <span class='ocrx_word' id='word_1_463' title='bbox 1113 1697 1246 1724; x_wconf 88' lang='lat' dir='ltr'><strong><em>inutiliter</em></strong></span> <span class='ocrx_word' id='word_1_464' title='bbox 1259 1697 1380 1732; x_wconf 87' lang='lat' dir='ltr'><strong><em>quidem,</em></strong></span> 
     </span>
    </p>
   </div>
   <div class='ocr_carea' id='block_1_65' title="bbox 594 1741 1379 1777">
    <p class='ocr_par' dir='ltr' id='par_1_65' title="bbox 594 1741 1379 1777">
     <span class='ocr_line' id='line_1_65' title="bbox 594 1741 1379 1777; baseline 0.003 -9"><span class='ocrx_word' id='word_1_465' title='bbox 594 1749 657 1768; x_wconf 89' lang='lat' dir='ltr'><strong><em>cum</em></strong></span> <span class='ocrx_word' id='word_1_466' title='bbox 677 1741 703 1768; x_wconf 88' lang='lat' dir='ltr'><strong><em>id</em></strong></span> <span class='ocrx_word' id='word_1_467' title='bbox 714 1741 844 1776; x_wconf 88' lang='lat' dir='ltr'><strong><em>plenioris</em></strong></span> <span class='ocrx_word' id='word_1_468' title='bbox 855 1742 1046 1769; x_wconf 83' lang='lat' dir='ltr'><strong><em>elucidationis</em></strong></span> <span class='ocrx_word' id='word_1_469' title='bbox 1061 1742 1148 1777; x_wconf 84' lang='lat' dir='ltr'><strong><em>gratia</em></strong></span> <span class='ocrx_word' id='word_1_470' title='bbox 1161 1742 1251 1770; x_wconf 83' lang='lat' dir='ltr'><strong><em>facere</em></strong></span> <span class='ocrx_word' id='word_1_471' title='bbox 1264 1743 1379 1770; x_wconf 86' lang='lat' dir='ltr'><strong><em>soleant.</em></strong></span> 
     </span>
    </p>
   </div>
   <div class='ocr_carea' id='block_1_66' title="bbox 595 1786 1381 1823">
    <p class='ocr_par' dir='ltr' id='par_1_66' title="bbox 595 1786 1381 1823">
     <span class='ocr_line' id='line_1_66' title="bbox 595 1786 1381 1823; baseline 0.004 -10"><span class='ocrx_word' id='word_1_472' title='bbox 595 1787 652 1814; x_wconf 86' lang='lat' dir='ltr'><strong><em>Sub</em></strong></span> <span class='ocrx_word' id='word_1_473' title='bbox 672 1787 751 1814; x_wconf 87' lang='lat' dir='ltr'><strong><em>ﬁnem</em></strong></span> <span class='ocrx_word' id='word_1_474' title='bbox 777 1787 899 1821; x_wconf 67' lang='lat' dir='ltr'><strong><em>epistolae</em></strong></span> <span class='ocrx_word' id='word_1_475' title='bbox 920 1788 1006 1814; x_wconf 89' lang='lat' dir='ltr'><strong><em>multa</em></strong></span> <span class='ocrx_word' id='word_1_476' title='bbox 1021 1788 1100 1815; x_wconf 86' lang='lat' dir='ltr'><strong><em>docet</em></strong></span> <span class='ocrx_word' id='word_1_477' title='bbox 1121 1786 1303 1821; x_wconf 83' lang='lat' dir='ltr'><strong><em>Christianos,</em></strong></span> <span class='ocrx_word' id='word_1_478' title='bbox 1320 1796 1381 1823; x_wconf 76' lang='lat' dir='ltr'><strong><em>qua:</em></strong></span> 
     </span>
    </p>
   </div>
   <div class='ocr_carea' id='block_1_67' title="bbox 593 1832 1380 1867">
    <p class='ocr_par' dir='ltr' id='par_1_67' title="bbox 593 1832 1380 1867">
     <span class='ocr_line' id='line_1_67' title="bbox 593 1832 1380 1867; baseline 0.003 -9"><span class='ocrx_word' id='word_1_479' title='bbox 593 1833 627 1859; x_wconf 90' lang='lat' dir='ltr'><strong><em>ad</em></strong></span> <span class='ocrx_word' id='word_1_480' title='bbox 644 1833 727 1860; x_wconf 75' lang='lat' dir='ltr'><strong><em>vitam</em></strong></span> <span class='ocrx_word' id='word_1_481' title='bbox 743 1837 816 1860; x_wconf 87' lang='lat' dir='ltr'><strong><em>recte</em></strong></span> <span class='ocrx_word' id='word_1_482' title='bbox 836 1832 1033 1860; x_wconf 83' lang='lat' dir='ltr'><strong><em>instituendam</em></strong></span> <span class='ocrx_word' id='word_1_483' title='bbox 1051 1833 1200 1867; x_wconf 89' lang='lat' dir='ltr'><strong><em>plurimum</em></strong></span> <span class='ocrx_word' id='word_1_484' title='bbox 1213 1834 1380 1861; x_wconf 90' lang='lat' dir='ltr'><strong><em>conducunt.</em></strong></span> 
     </span>
    </p>
   </div>
   <div class='ocr_carea' id='block_1_68' title="bbox 594 1877 1381 1914">
    <p class='ocr_par' dir='ltr' id='par_1_68' title="bbox 594 1877 1381 1914">
     <span class='ocr_line' id='line_1_68' title="bbox 594 1877 1381 1914; baseline 0.003 -9"><span class='ocrx_word' id='word_1_485' title='bbox 594 1877 662 1905; x_wconf 83' lang='lat' dir='ltr'><strong><em>Hinc</em></strong></span> <span class='ocrx_word' id='word_1_486' title='bbox 678 1878 717 1910; x_wconf 84' lang='lat' dir='ltr'><strong><em>ﬁt,</em></strong></span> <span class='ocrx_word' id='word_1_487' title='bbox 733 1883 762 1906; x_wconf 93' lang='lat' dir='ltr'><strong><em>ut</em></strong></span> <span class='ocrx_word' id='word_1_488' title='bbox 783 1878 842 1906; x_wconf 68' lang='lat' dir='ltr'><strong><em>haec</em></strong></span> <span class='ocrx_word' id='word_1_489' title='bbox 862 1879 975 1913; x_wconf 86' lang='lat' dir='ltr'><strong><em>epistola</em></strong></span> <span class='ocrx_word' id='word_1_490' title='bbox 989 1878 1017 1905; x_wconf 89' lang='lat' dir='ltr'><strong><em>in</em></strong></span> <span class='ocrx_word' id='word_1_491' title='bbox 1038 1878 1106 1906; x_wconf 89' lang='lat' dir='ltr'><strong><em>duas</em></strong></span> <span class='ocrx_word' id='word_1_492' title='bbox 1128 1884 1219 1914; x_wconf 87' lang='lat' dir='ltr'><strong><em>partes</em></strong></span> <span class='ocrx_word' id='word_1_493' title='bbox 1240 1881 1381 1908; x_wconf 89' lang='lat' dir='ltr'><strong><em>commode</em></strong></span> 
     </span>
    </p>
   </div>
   <div class='ocr_carea' id='block_1_69' title="bbox 594 1923 1380 1960">
    <p class='ocr_par' dir='ltr' id='par_1_69' title="bbox 594 1923 1380 1960">
     <span class='ocr_line' id='line_1_69' title="bbox 594 1923 1380 1960; baseline 0.004 -10"><span class='ocrx_word' id='word_1_494' title='bbox 594 1923 720 1951; x_wconf 80' lang='lat' dir='ltr'><strong><em>distribui</em></strong></span> <span class='ocrx_word' id='word_1_495' title='bbox 745 1925 832 1959; x_wconf 84' lang='lat' dir='ltr'><strong><em>possit</em></strong></span> <span class='ocrx_word' id='word_1_496' title='bbox 852 1934 859 1951; x_wconf 90' lang='lat'>:</span> <span class='ocrx_word' id='word_1_497' title='bbox 884 1932 1001 1960; x_wconf 86' lang='lat' dir='ltr'><strong><em>quarum</em></strong></span> <span class='ocrx_word' id='word_1_498' title='bbox 1027 1925 1112 1952; x_wconf 87' lang='lat' dir='ltr'><strong><em>altera</em></strong></span> <span class='ocrx_word' id='word_1_499' title='bbox 1141 1929 1183 1952; x_wconf 91' lang='lat' dir='ltr'><strong><em>est</em></strong></span> <span class='ocrx_word' id='word_1_500' title='bbox 1206 1925 1380 1959; x_wconf 86' lang='lat' dir='ltr'><strong><em>didascalica,</em></strong></span> 
     </span>
    </p>
   </div>
   <div class='ocr_carea' id='block_1_70' title="bbox 594 1970 1381 2006">
    <p class='ocr_par' dir='ltr' id='par_1_70' title="bbox 594 1970 1381 2006">
     <span class='ocr_line' id='line_1_70' title="bbox 594 1970 1381 2006; baseline 0.004 -10"><span class='ocrx_word' id='word_1_501' title='bbox 594 1977 655 2004; x_wconf 76' lang='lat' dir='ltr'><strong><em>qua:</em></strong></span> <span class='ocrx_word' id='word_1_502' title='bbox 676 1970 769 1997; x_wconf 87' lang='lat' dir='ltr'><strong><em>multis</em></strong></span> <span class='ocrx_word' id='word_1_503' title='bbox 783 1971 952 2006; x_wconf 85' lang='lat' dir='ltr'><strong><em>argumentis</em></strong></span> <span class='ocrx_word' id='word_1_504' title='bbox 967 1971 1046 1997; x_wconf 88' lang='lat' dir='ltr'><strong><em>docet</em></strong></span> <span class='ocrx_word' id='word_1_505' title='bbox 1067 1971 1172 1998; x_wconf 90' lang='lat' dir='ltr'><strong><em>nullum</em></strong></span> <span class='ocrx_word' id='word_1_506' title='bbox 1187 1979 1248 1999; x_wconf 85' lang='lat' dir='ltr'><strong><em>esse</em></strong></span> <span class='ocrx_word' id='word_1_507' title='bbox 1263 1972 1381 2006; x_wconf 88' lang='lat' dir='ltr'><strong><em>amplius</em></strong></span> 
     </span>
    </p>
   </div>
   <div class='ocr_carea' id='block_1_71' title="bbox 594 2015 1379 2049">
    <p class='ocr_par' dir='ltr' id='par_1_71' title="bbox 594 2015 1379 2049">
     <span class='ocr_line' id='line_1_71' title="bbox 594 2015 1379 2049; baseline 0.003 -7"><span class='ocrx_word' id='word_1_508' title='bbox 594 2015 661 2049; x_wconf 76' lang='lat' dir='ltr'><strong><em>legis</em></strong></span> <span class='ocrx_word' id='word_1_509' title='bbox 675 2015 810 2049; x_wconf 62' lang='lat' dir='ltr'><strong><em>Mosaicae,</em></strong></span> <span class='ocrx_word' id='word_1_510' title='bbox 822 2021 848 2043; x_wconf 89' lang='lat' dir='ltr'><strong><em>ct</em></strong></span> <span class='ocrx_word' id='word_1_511' title='bbox 860 2015 1035 2043; x_wconf 87' lang='lat' dir='ltr'><strong><em>Iudaicarum</em></strong></span> <span class='ocrx_word' id='word_1_512' title='bbox 1047 2017 1271 2044; x_wconf 66' lang='lat' dir='ltr'><strong><em>caeremoniarum</em></strong></span> <span class='ocrx_word' id='word_1_513' title='bbox 1281 2025 1360 2044; x_wconf 89' lang='lat' dir='ltr'><strong><em>usum</em></strong></span> <span class='ocrx_word' id='word_1_514' title='bbox 1373 2027 1379 2044; x_wconf 83' lang='lat'><strong>:</strong></span> 
     </span>
    </p>
   </div>
   <div class='ocr_carea' id='block_1_72' title="bbox 602 2098 1204 2111">
    <p class='ocr_par' dir='ltr' id='par_1_72' title="bbox 602 2098 1204 2111">
     <span class='ocr_line' id='line_1_72' title="bbox 602 2098 1204 2111; baseline -0.003 -6"><span class='ocrx_word' id='word_1_515' title='bbox 602 2098 1204 2111; x_wconf 51' lang='grc' dir='ltr'>Ἢ</span> 
     </span>
    </p>
   </div>
   <div class='ocr_carea' id='block_1_73' title="bbox 1432 1604 2226 1641">
    <p class='ocr_par' dir='ltr' id='par_1_73' title="bbox 1432 1604 2226 1641">
     <span class='ocr_line' id='line_1_73' title="bbox 1432 1604 2226 1641; baseline -0.004 -8"><span class='ocrx_word' id='word_1_516' title='bbox 1432 1606 1548 1641; x_wconf 80' lang='lat' dir='ltr'><strong><em>pellatur</em></strong></span> <span class='ocrx_word' id='word_1_517' title='bbox 1562 1615 1569 1632; x_wconf 86' lang='lat'><strong>:</strong></span> <span class='ocrx_word' id='word_1_518' title='bbox 1584 1605 1679 1632; x_wconf 68' lang='lat' dir='ltr'><strong><em>Exstat</em></strong></span> <span class='ocrx_word' id='word_1_519' title='bbox 1694 1613 1757 1632; x_wconf 85' lang='lat' dir='ltr'><strong><em>sane</em></strong></span> <span class='ocrx_word' id='word_1_520' title='bbox 1771 1606 1798 1631; x_wconf 86' lang='lat' dir='ltr'><strong><em>in</em></strong></span> <span class='ocrx_word' id='word_1_521' title='bbox 1814 1604 1945 1631; x_wconf 60' lang='lat' dir='ltr'><strong><em>Barnabas</em></strong></span> <span class='ocrx_word' id='word_1_522' title='bbox 1961 1604 2095 1631; x_wconf 83' lang='lat' dir='ltr'><strong><em>catholica</em></strong></span> <span class='ocrx_word' id='word_1_523' title='bbox 2110 1605 2226 1639; x_wconf 73' lang='lat' dir='ltr'><strong><em>epistula</em></strong></span> 
     </span>
    </p>
   </div>
   <div class='ocr_carea' id='block_1_74' title="bbox 1432 1651 2228 1687">
    <p class='ocr_par' dir='ltr' id='par_1_74' title="bbox 1432 1651 2228 1687">
     <span class='ocr_line' id='line_1_74' title="bbox 1432 1651 2228 1687; baseline -0.003 -9"><span class='ocrx_word' id='word_1_524' title='bbox 1432 1651 1712 1687; x_wconf 82' lang='lat' dir='ltr'><strong><em>scriptum,etc.,quia</em></strong></span> <span class='ocrx_word' id='word_1_525' title='bbox 1724 1659 1777 1678; x_wconf 91' lang='lat' dir='ltr'><strong><em>non</em></strong></span> <span class='ocrx_word' id='word_1_526' title='bbox 1790 1651 1823 1678; x_wconf 88' lang='lat' dir='ltr'><strong><em>ad</em></strong></span> <span class='ocrx_word' id='word_1_527' title='bbox 1836 1658 1917 1677; x_wconf 84' lang='lat' dir='ltr'><strong><em>unam</em></strong></span> <span class='ocrx_word' id='word_1_528' title='bbox 1931 1655 2034 1677; x_wconf 85' lang='lat' dir='ltr'><strong><em>certam</em></strong></span> <span class='ocrx_word' id='word_1_529' title='bbox 2046 1655 2167 1685; x_wconf 79' lang='lat' dir='ltr'><strong><em>gentem,</em></strong></span> <span class='ocrx_word' id='word_1_530' title='bbox 2178 1655 2228 1677; x_wconf 86' lang='lat' dir='ltr'><strong><em>aut</em></strong></span> 
     </span>
    </p>
   </div>
   <div class='ocr_carea' id='block_1_75' title="bbox 1432 1696 2225 1732">
    <p class='ocr_par' dir='ltr' id='par_1_75' title="bbox 1432 1696 2225 1732">
     <span class='ocr_line' id='line_1_75' title="bbox 1432 1696 2225 1732; baseline -0.003 -8"><span class='ocrx_word' id='word_1_531' title='bbox 1432 1698 1570 1726; x_wconf 88' lang='lat' dir='ltr'><strong><em>nationem</em></strong></span> <span class='ocrx_word' id='word_1_532' title='bbox 1592 1698 1693 1732; x_wconf 86' lang='lat' dir='ltr'><strong><em>scripta</em></strong></span> <span class='ocrx_word' id='word_1_533' title='bbox 1713 1702 1773 1729; x_wconf 90' lang='lat' dir='ltr'><strong><em>est,</em></strong></span> <span class='ocrx_word' id='word_1_534' title='bbox 1797 1697 1845 1724; x_wconf 87' lang='lat' dir='ltr'><strong><em>sed</em></strong></span> <span class='ocrx_word' id='word_1_535' title='bbox 1859 1696 1893 1723; x_wconf 87' lang='lat' dir='ltr'><strong><em>ad</em></strong></span> <span class='ocrx_word' id='word_1_536' title='bbox 1908 1704 2005 1724; x_wconf 87' lang='lat' dir='ltr'><strong><em>omnes</em></strong></span> <span class='ocrx_word' id='word_1_537' title='bbox 2019 1696 2198 1723; x_wconf 80' lang='lat' dir='ltr'><strong><em>Christianos</em></strong></span> <span class='ocrx_word' id='word_1_538' title='bbox 2220 1706 2225 1722; x_wconf 92' lang='lat'>:</span> 
     </span>
    </p>
   </div>
   <div class='ocr_carea' id='block_1_76' title="bbox 1431 1741 2227 1775">
    <p class='ocr_par' dir='ltr' id='par_1_76' title="bbox 1431 1741 2227 1775">
     <span class='ocr_line' id='line_1_76' title="bbox 1431 1741 2227 1775; baseline 0 -7"><span class='ocrx_word' id='word_1_539' title='bbox 1431 1742 1468 1768; x_wconf 84' lang='lat' dir='ltr'><strong><em>ita</em></strong></span> <span class='ocrx_word' id='word_1_540' title='bbox 1489 1742 1560 1769; x_wconf 88' lang='lat' dir='ltr'><strong><em>enim</em></strong></span> <span class='ocrx_word' id='word_1_541' title='bbox 1578 1742 1746 1769; x_wconf 87' lang='lat' dir='ltr'><strong><em>deﬁniuntur</em></strong></span> <span class='ocrx_word' id='word_1_542' title='bbox 1759 1741 1899 1768; x_wconf 65' lang='lat' dir='ltr'><strong><em>catholicae</em></strong></span> <span class='ocrx_word' id='word_1_543' title='bbox 1911 1741 2100 1775; x_wconf 85' lang='lat' dir='ltr'><strong><em>apostolorum</em></strong></span> <span class='ocrx_word' id='word_1_544' title='bbox 2119 1742 2227 1775; x_wconf 84' lang='lat' dir='ltr'><strong><em>episto-</em></strong></span> 
     </span>
    </p>
   </div>
   <div class='ocr_carea' id='block_1_77' title="bbox 1430 1786 2225 1820">
    <p class='ocr_par' dir='ltr' id='par_1_77' title="bbox 1430 1786 2225 1820">
     <span class='ocr_line' id='line_1_77' title="bbox 1430 1786 2225 1820; baseline -0.003 -6"><span class='ocrx_word' id='word_1_545' title='bbox 1430 1788 1478 1820; x_wconf 67' lang='lat' dir='ltr'><strong><em>lae,</em></strong></span> <span class='ocrx_word' id='word_1_546' title='bbox 1506 1792 1535 1814; x_wconf 91' lang='lat' dir='ltr'><strong><em>ut</em></strong></span> <span class='ocrx_word' id='word_1_547' title='bbox 1559 1787 1733 1814; x_wconf 82' lang='lat' dir='ltr'><strong><em>manifestum</em></strong></span> <span class='ocrx_word' id='word_1_548' title='bbox 1755 1792 1796 1814; x_wconf 88' lang='lat' dir='ltr'><strong><em>est</em></strong></span> <span class='ocrx_word' id='word_1_549' title='bbox 1814 1795 1846 1814; x_wconf 81' lang='lat' dir='ltr'><strong><em>ex</em></strong></span> <span class='ocrx_word' id='word_1_550' title='bbox 1859 1786 1985 1820; x_wconf 83' lang='lat' dir='ltr'><strong><em>Leontio,</em></strong></span> <span class='ocrx_word' id='word_1_551' title='bbox 2001 1786 2050 1813; x_wconf 90' lang='lat' dir='ltr'><strong><em>lib.</em></strong></span> <span class='ocrx_word' id='word_1_552' title='bbox 2071 1786 2112 1812; x_wconf 84' lang='lat' dir='ltr'><strong><em>De</em></strong></span> <span class='ocrx_word' id='word_1_553' title='bbox 2134 1787 2225 1817; x_wconf 74' lang='lat' dir='ltr'><strong><em>sectis,</em></strong></span> 
     </span>
    </p>
   </div>
   <div class='ocr_carea' id='block_1_78' title="bbox 1428 1833 2226 1869">
    <p class='ocr_par' dir='ltr' id='par_1_78' title="bbox 1428 1833 2226 1869">
     <span class='ocr_line' id='line_1_78' title="bbox 1428 1833 2226 1869; baseline -0.003 -9"><span class='ocrx_word' id='word_1_554' title='bbox 1428 1841 1487 1868; x_wconf 86' lang='lat' dir='ltr'><strong><em>cap.</em></strong></span> <span class='ocrx_word' id='word_1_555' title='bbox 1512 1834 1529 1860; x_wconf 76' lang='grc' dir='ltr'><strong>Ξ</strong></span> <span class='ocrx_word' id='word_1_556' title='bbox 1547 1843 1553 1861; x_wconf 87' lang='grc'>;</span> <span class='ocrx_word' id='word_1_557' title='bbox 1573 1834 1721 1861; x_wconf 72' lang='grc' dir='ltr'><strong><em>Καθολικπὶ</em></strong></span> <span class='ocrx_word' id='word_1_558' title='bbox 1742 1833 1771 1860; x_wconf 78' lang='grc' dir='ltr'><strong><em>δὲ</em></strong></span> <span class='ocrx_word' id='word_1_559' title='bbox 1796 1833 1964 1869; x_wconf 71' lang='grc' dir='ltr'><strong><em>ἐκλήθησαν,</em></strong></span> <span class='ocrx_word' id='word_1_560' title='bbox 1990 1833 2086 1868; x_wconf 76' lang='grc' dir='ltr'><strong><em>ἐπειδὴ</em></strong></span> <span class='ocrx_word' id='word_1_561' title='bbox 2108 1833 2140 1859; x_wconf 74' lang='grc' dir='ltr'><strong><em>οὗ</em></strong></span> <span class='ocrx_word' id='word_1_562' title='bbox 2156 1834 2226 1868; x_wconf 72' lang='grc' dir='ltr'><strong><em>πρὸς</em></strong></span> 
     </span>
    </p>
   </div>
   <div class='ocr_carea' id='block_1_79' title="bbox 1431 1879 2226 1915">
    <p class='ocr_par' dir='ltr' id='par_1_79' title="bbox 1431 1879 2226 1915">
     <span class='ocr_line' id='line_1_79' title="bbox 1431 1879 2226 1915; baseline -0.001 -9"><span class='ocrx_word' id='word_1_563' title='bbox 1431 1879 1460 1906; x_wconf 80' lang='grc' dir='ltr'>ἓν</span> <span class='ocrx_word' id='word_1_564' title='bbox 1478 1879 1553 1912; x_wconf 74' lang='grc' dir='ltr'><strong><em>ἔθνος</em></strong></span> <span class='ocrx_word' id='word_1_565' title='bbox 1573 1880 1747 1915; x_wconf 77' lang='grc' dir='ltr'><strong><em>ἐγράφησαν,</em></strong></span> <span class='ocrx_word' id='word_1_566' title='bbox 1768 1880 1805 1911; x_wconf 82' lang='grc' dir='ltr'>ὡς</span> <span class='ocrx_word' id='word_1_567' title='bbox 1819 1881 1846 1906; x_wconf 82' lang='grc' dir='ltr'><strong>αἱ</strong></span> <span class='ocrx_word' id='word_1_568' title='bbox 1860 1880 1906 1906; x_wconf 78' lang='grc' dir='ltr'><strong><em>τοῦ</em></strong></span> <span class='ocrx_word' id='word_1_569' title='bbox 1922 1879 2039 1912; x_wconf 83' lang='grc' dir='ltr'><strong><em>Παύλου,</em></strong></span> <span class='ocrx_word' id='word_1_570' title='bbox 2055 1879 2127 1906; x_wconf 71' lang='grc' dir='ltr'><strong><em>ἀλλὰ</em></strong></span> <span class='ocrx_word' id='word_1_571' title='bbox 2142 1879 2226 1906; x_wconf 66' lang='grc' dir='ltr'><strong><em>καθό-</em></strong></span> 
     </span>
    </p>
   </div>
   <div class='ocr_carea' id='block_1_80' title="bbox 1430 1924 2226 1961">
    <p class='ocr_par' dir='ltr' id='par_1_80' title="bbox 1430 1924 2226 1961">
     <span class='ocr_line' id='line_1_80' title="bbox 1430 1924 2226 1961; baseline 0.001 -11"><span class='ocrx_word' id='word_1_572' title='bbox 1430 1924 1476 1951; x_wconf 83' lang='grc' dir='ltr'><strong><em>λου</em></strong></span> <span class='ocrx_word' id='word_1_573' title='bbox 1495 1926 1562 1961; x_wconf 77' lang='grc' dir='ltr'><strong><em>πρὸς</em></strong></span> <span class='ocrx_word' id='word_1_574' title='bbox 1587 1925 1685 1958; x_wconf 85' lang='grc' dir='ltr'><strong><em>πάντα,</em></strong></span> <span class='ocrx_word' id='word_1_575' title='bbox 1711 1925 1738 1952; x_wconf 92' lang='lat' dir='ltr'><strong><em>id</em></strong></span> <span class='ocrx_word' id='word_1_576' title='bbox 1752 1930 1804 1958; x_wconf 85' lang='lat' dir='ltr'><strong><em>est,</em></strong></span> <span class='ocrx_word' id='word_1_577' title='bbox 1814 1925 1957 1952; x_wconf 79' lang='lat' dir='ltr'><strong><em>Catholica:</em></strong></span> <span class='ocrx_word' id='word_1_578' title='bbox 1968 1925 2048 1952; x_wconf 69' lang='lat' dir='ltr'><strong><em>dicte</em></strong></span> <span class='ocrx_word' id='word_1_579' title='bbox 2065 1931 2140 1957; x_wconf 84' lang='lat' dir='ltr'><strong><em>sunt,</em></strong></span> <span class='ocrx_word' id='word_1_580' title='bbox 2155 1925 2226 1960; x_wconf 70' lang='lat' dir='ltr'><strong><em>quod</em></strong></span> 
     </span>
    </p>
   </div>
   <div class='ocr_carea' id='block_1_81' title="bbox 1432 1970 2225 2006">
    <p class='ocr_par' dir='ltr' id='par_1_81' title="bbox 1432 1970 2225 2006">
     <span class='ocr_line' id='line_1_81' title="bbox 1432 1970 2225 2006; baseline 0 -9"><span class='ocrx_word' id='word_1_581' title='bbox 1432 1979 1483 1998; x_wconf 81' lang='lat' dir='ltr'><strong><em>non</em></strong></span> <span class='ocrx_word' id='word_1_582' title='bbox 1495 1972 1529 1998; x_wconf 89' lang='lat' dir='ltr'><strong><em>ad</em></strong></span> <span class='ocrx_word' id='word_1_583' title='bbox 1549 1979 1629 1998; x_wconf 84' lang='lat' dir='ltr'><strong><em>unam</em></strong></span> <span class='ocrx_word' id='word_1_584' title='bbox 1647 1972 1753 2006; x_wconf 79' lang='lat' dir='ltr'><strong><em>scripta:</em></strong></span> <span class='ocrx_word' id='word_1_585' title='bbox 1771 1976 1832 1998; x_wconf 86' lang='lat' dir='ltr'><strong><em>sunt</em></strong></span> <span class='ocrx_word' id='word_1_586' title='bbox 1849 1976 1961 2006; x_wconf 77' lang='lat' dir='ltr'><strong><em>gentem,</em></strong></span> <span class='ocrx_word' id='word_1_587' title='bbox 1973 1976 2002 1997; x_wconf 87' lang='lat' dir='ltr'><strong><em>ut</em></strong></span> <span class='ocrx_word' id='word_1_588' title='bbox 2018 1970 2103 1998; x_wconf 83' lang='lat' dir='ltr'><strong><em>Pauli</em></strong></span> <span class='ocrx_word' id='word_1_589' title='bbox 2118 1970 2225 2006; x_wconf 78' lang='lat' dir='ltr'><strong><em>Episto—</em></strong></span> 
     </span>
    </p>
   </div>
   <div class='ocr_carea' id='block_1_82' title="bbox 1431 2017 1855 2051">
    <p class='ocr_par' dir='ltr' id='par_1_82' title="bbox 1431 2017 1855 2051">
     <span class='ocr_line' id='line_1_82' title="bbox 1431 2017 1855 2051; baseline 0.002 -9"><span class='ocrx_word' id='word_1_590' title='bbox 1431 2017 1475 2048; x_wconf 74' lang='grc' dir='ltr'><strong><em>ιω,</em></strong></span> <span class='ocrx_word' id='word_1_591' title='bbox 1489 2017 1534 2043; x_wconf 81' lang='lat' dir='ltr'><strong><em>sed</em></strong></span> <span class='ocrx_word' id='word_1_592' title='bbox 1545 2017 1700 2051; x_wconf 82' lang='lat' dir='ltr'><strong><em>generaliter</em></strong></span> <span class='ocrx_word' id='word_1_593' title='bbox 1711 2017 1745 2042; x_wconf 86' lang='lat' dir='ltr'><strong><em>ad</em></strong></span> <span class='ocrx_word' id='word_1_594' title='bbox 1757 2024 1855 2043; x_wconf 77' lang='lat' dir='ltr'><strong><em>omnes.</em></strong></span> 
     </span>
    </p>
   </div>
   <div class='ocr_carea' id='block_1_83' title="bbox 1367 2172 1464 2216">
    <p class='ocr_par' dir='ltr' id='par_1_83' title="bbox 1367 2172 1464 2216">
     <span class='ocr_line' id='line_1_83' title="bbox 1367 2172 1464 2216; baseline 0.021 -2"><span class='ocrx_word' id='word_1_595' title='bbox 1367 2172 1464 2216; x_wconf 87' lang='lat' dir='ltr'><strong><em>Ill.</em></strong></span> 
     </span>
    </p>
   </div>
   <div class='ocr_carea' id='block_1_84' title="bbox 591 2249 2223 2300">
    <p class='ocr_par' dir='ltr' id='par_1_84' title="bbox 591 2249 2223 2300">
     <span class='ocr_line' id='line_1_84' title="bbox 591 2249 2223 2300; baseline 0.007 -21"><span class='ocrx_word' id='word_1_596' title='bbox 591 2249 732 2288; x_wconf 71' lang='lat' dir='ltr'><strong><em>{lsaacus</em></strong></span> <span class='ocrx_word' id='word_1_597' title='bbox 759 2252 931 2290; x_wconf 88' lang='lat' dir='ltr'><strong><em>VOSSlUS,</em></strong></span> <span class='ocrx_word' id='word_1_598' title='bbox 951 2254 1098 2300; x_wconf 62' lang='lat' dir='ltr'><strong><em>Praefatio</em></strong></span> <span class='ocrx_word' id='word_1_599' title='bbox 1124 2257 1161 2300; x_wconf 72' lang='lat' dir='ltr'><strong><em>ad</em></strong></span> <span class='ocrx_word' id='word_1_600' title='bbox 1187 2257 1365 2300; x_wconf 61' lang='lat' dir='ltr'><strong><em>Epistolas]</em></strong></span> <span class='ocrx_word' id='word_1_601' title='bbox 1397 2259 1427 2300; x_wconf 91' lang='lat' dir='ltr'><strong><em>_S.</em></strong></span> <span class='ocrx_word' id='word_1_602' title='bbox 1461 2259 1622 2296; x_wconf 71' lang='lat' dir='ltr'><strong><em>Barnabae,</em></strong></span> <span class='ocrx_word' id='word_1_603' title='bbox 1641 2260 1871 2300; x_wconf 82' lang='lat' dir='ltr'><strong><em>Amstelodami</em></strong></span> <span class='ocrx_word' id='word_1_604' title='bbox 1894 2268 1979 2291; x_wconf 80' lang='lat' dir='ltr'><strong><em>anno</em></strong></span> <span class='ocrx_word' id='word_1_605' title='bbox 1998 2261 2077 2291; x_wconf 64' lang='lat'><strong><em>1656</em></strong></span> <span class='ocrx_word' id='word_1_606' title='bbox 2091 2262 2133 2292; x_wconf 79' lang='lat' dir='ltr'><strong><em>ab</em></strong></span> <span class='ocrx_word' id='word_1_607' title='bbox 2149 2261 2223 2300; x_wconf 82' lang='lat' dir='ltr'><strong><em>ipso</em></strong></span> 
     </span>
    </p>
   </div>
   <div class='ocr_carea' id='block_1_85' title="bbox 957 2295 1872 2340">
    <p class='ocr_par' dir='ltr' id='par_1_85' title="bbox 957 2295 1872 2340">
     <span class='ocr_line' id='line_1_85' title="bbox 957 2295 1872 2340; baseline 0.005 -15"><span class='ocrx_word' id='word_1_608' title='bbox 957 2295 1074 2326; x_wconf 83' lang='lat' dir='ltr'><strong><em>editam</em></strong></span> <span class='ocrx_word' id='word_1_609' title='bbox 1093 2297 1132 2328; x_wconf 83' lang='lat' dir='ltr'><strong><em>ad</em></strong></span> <span class='ocrx_word' id='word_1_610' title='bbox 1148 2295 1267 2328; x_wconf 83' lang='lat' dir='ltr'><strong><em>calcem</em></strong></span> <span class='ocrx_word' id='word_1_611' title='bbox 1283 2298 1499 2337; x_wconf 82' lang='lat' dir='ltr'><strong><em>Epistolarum</em></strong></span> <span class='ocrx_word' id='word_1_612' title='bbox 1516 2299 1548 2330; x_wconf 87' lang='lat' dir='ltr'><strong><em>S.</em></strong></span> <span class='ocrx_word' id='word_1_613' title='bbox 1565 2299 1682 2338; x_wconf 81' lang='lat' dir='ltr'><strong><em>lgnatii</em></strong></span> <span class='ocrx_word' id='word_1_614' title='bbox 1697 2299 1872 2340; x_wconf 82' lang='lat' dir='ltr'><strong><em>martyris.)</em></strong></span> 
     </span>
    </p>
   </div>
   <div class='ocr_carea' id='block_1_86' title="bbox 626 2382 2223 2420">
    <p class='ocr_par' dir='ltr' id='par_1_86' title="bbox 626 2382 2223 2420">
     <span class='ocr_line' id='line_1_86' title="bbox 626 2382 2223 2420; baseline 0.001 -11"><span class='ocrx_word' id='word_1_615' title='bbox 626 2382 737 2417; x_wconf 82' lang='lat' dir='ltr'><strong><em>Aliquot</em></strong></span> <span class='ocrx_word' id='word_1_616' title='bbox 755 2383 811 2417; x_wconf 87' lang='lat' dir='ltr'><strong><em>jam</em></strong></span> <span class='ocrx_word' id='word_1_617' title='bbox 827 2389 892 2411; x_wconf 86' lang='lat' dir='ltr'><strong><em>sunt</em></strong></span> <span class='ocrx_word' id='word_1_618' title='bbox 913 2384 976 2411; x_wconf 85' lang='lat' dir='ltr'><strong><em>anni</em></strong></span> <span class='ocrx_word' id='word_1_619' title='bbox 991 2384 1064 2419; x_wconf 87' lang='lat' dir='ltr'><strong><em>quod</em></strong></span> <span class='ocrx_word' id='word_1_620' title='bbox 1077 2384 1146 2411; x_wconf 86' lang='lat' dir='ltr'><strong><em>hanc</em></strong></span> <span class='ocrx_word' id='word_1_621' title='bbox 1159 2383 1291 2412; x_wconf 67' lang='lat' dir='ltr'><strong><em>Barnabm</em></strong></span> <span class='ocrx_word' id='word_1_622' title='bbox 1312 2383 1375 2420; x_wconf 86' lang='lat' dir='ltr'><strong><em>Epi-</em></strong></span> <span class='ocrx_word' id='word_1_623' title='bbox 1392 2386 1413 2413; x_wconf 90' lang='lat' dir='ltr'>D</span> <span class='ocrx_word' id='word_1_624' title='bbox 1429 2385 1614 2419; x_wconf 73' lang='lat' dir='ltr'><strong><em>maximopere</em></strong></span> <span class='ocrx_word' id='word_1_625' title='bbox 1635 2385 1745 2420; x_wconf 77' lang='lat' dir='ltr'><strong><em>gavisus</em></strong></span> <span class='ocrx_word' id='word_1_626' title='bbox 1771 2393 1842 2418; x_wconf 88' lang='lat' dir='ltr'><strong><em>sum,</em></strong></span> <span class='ocrx_word' id='word_1_627' title='bbox 1861 2385 1887 2412; x_wconf 91' lang='lat' dir='ltr'><strong><em>in</em></strong></span> <span class='ocrx_word' id='word_1_628' title='bbox 1903 2385 1963 2411; x_wconf 88' lang='lat' dir='ltr'><strong><em>illas</em></strong></span> <span class='ocrx_word' id='word_1_629' title='bbox 1978 2392 2079 2412; x_wconf 84' lang='lat' dir='ltr'><strong><em>manus</em></strong></span> <span class='ocrx_word' id='word_1_630' title='bbox 2096 2383 2223 2411; x_wconf 76' lang='lat' dir='ltr'><strong><em>incidere</em></strong></span> 
     </span>
    </p>
   </div>
   <div class='ocr_carea' id='block_1_87' title="bbox 592 2429 1376 2466">
    <p class='ocr_par' dir='ltr' id='par_1_87' title="bbox 592 2429 1376 2466">
     <span class='ocr_line' id='line_1_87' title="bbox 592 2429 1376 2466; baseline 0.005 -10"><span class='ocrx_word' id='word_1_631' title='bbox 592 2429 700 2463; x_wconf 84' lang='lat' dir='ltr'><strong><em>stolam,</em></strong></span> <span class='ocrx_word' id='word_1_632' title='bbox 723 2438 805 2465; x_wconf 84' lang='lat' dir='ltr'><strong><em>quam</em></strong></span> <span class='ocrx_word' id='word_1_633' title='bbox 828 2431 863 2458; x_wconf 87' lang='lat' dir='ltr'><strong><em>ab</em></strong></span> <span class='ocrx_word' id='word_1_634' title='bbox 885 2431 1091 2466; x_wconf 85' lang='lat' dir='ltr'><strong><em>incomparabili</em></strong></span> <span class='ocrx_word' id='word_1_635' title='bbox 1112 2430 1247 2458; x_wconf 85' lang='lat' dir='ltr'><strong><em>Salmasio</em></strong></span> <span class='ocrx_word' id='word_1_636' title='bbox 1264 2439 1376 2466; x_wconf 85' lang='lat' dir='ltr'><strong><em>accepe-</em></strong></span> 
     </span>
    </p>
   </div>
   <div class='ocr_carea' id='block_1_88' title="bbox 590 2475 1374 2506">
    <p class='ocr_par' dir='ltr' id='par_1_88' title="bbox 590 2475 1374 2506">
     <span class='ocr_line' id='line_1_88' title="bbox 590 2475 1374 2506; baseline 0.004 -5"><span class='ocrx_word' id='word_1_637' title='bbox 590 2482 659 2506; x_wconf 83' lang='lat' dir='ltr'><strong><em>ram.</em></strong></span> <span class='ocrx_word' id='word_1_638' title='bbox 675 2475 702 2502; x_wconf 94' lang='lat' dir='ltr'><strong><em>in</em></strong></span> <span class='ocrx_word' id='word_1_639' title='bbox 717 2475 804 2503; x_wconf 89' lang='lat' dir='ltr'><strong><em>lucem</em></strong></span> <span class='ocrx_word' id='word_1_640' title='bbox 820 2477 941 2504; x_wconf 88' lang='lat' dir='ltr'><strong><em>emittere</em></strong></span> <span class='ocrx_word' id='word_1_641' title='bbox 957 2477 1139 2504; x_wconf 85' lang='lat' dir='ltr'><strong><em>decreveram.</em></strong></span> <span class='ocrx_word' id='word_1_642' title='bbox 1157 2476 1208 2504; x_wconf 91' lang='lat' dir='ltr'><strong><em>Sed</em></strong></span> <span class='ocrx_word' id='word_1_643' title='bbox 1221 2477 1271 2504; x_wconf 86' lang='lat' dir='ltr'><strong><em>iter</em></strong></span> <span class='ocrx_word' id='word_1_644' title='bbox 1283 2485 1374 2504; x_wconf 88' lang='lat' dir='ltr'><strong><em>meum</em></strong></span> 
     </span>
    </p>
   </div>
   <div class='ocr_carea' id='block_1_89' title="bbox 590 2521 1374 2558">
    <p class='ocr_par' dir='ltr' id='par_1_89' title="bbox 590 2521 1374 2558">
     <span class='ocr_line' id='line_1_89' title="bbox 590 2521 1374 2558; baseline 0.004 -11"><span class='ocrx_word' id='word_1_645' title='bbox 590 2521 706 2555; x_wconf 90' lang='lat' dir='ltr'><strong><em>obstitit,</em></strong></span> <span class='ocrx_word' id='word_1_646' title='bbox 731 2522 880 2556; x_wconf 82' lang='lat' dir='ltr'><strong><em>quominus</em></strong></span> <span class='ocrx_word' id='word_1_647' title='bbox 903 2522 1056 2550; x_wconf 90' lang='lat' dir='ltr'><strong><em>institutum</em></strong></span> <span class='ocrx_word' id='word_1_648' title='bbox 1079 2522 1146 2550; x_wconf 85' lang='lat' dir='ltr'><strong><em>illud</em></strong></span> <span class='ocrx_word' id='word_1_649' title='bbox 1164 2527 1220 2550; x_wconf 92' lang='lat' dir='ltr'><strong><em>tum</em></strong></span> <span class='ocrx_word' id='word_1_650' title='bbox 1244 2524 1374 2558; x_wconf 85' lang='lat' dir='ltr'><strong><em>temporis</em></strong></span> 
     </span>
    </p>
   </div>
   <div class='ocr_carea' id='block_1_90' title="bbox 589 2566 1372 2603">
    <p class='ocr_par' dir='ltr' id='par_1_90' title="bbox 589 2566 1372 2603">
     <span class='ocr_line' id='line_1_90' title="bbox 589 2566 1372 2603; baseline 0.004 -10"><span class='ocrx_word' id='word_1_651' title='bbox 589 2566 717 2601; x_wconf 90' lang='lat' dir='ltr'><strong><em>perﬁcere</em></strong></span> <span class='ocrx_word' id='word_1_652' title='bbox 741 2566 858 2594; x_wconf 90' lang='lat' dir='ltr'><strong><em>licuerit.</em></strong></span> <span class='ocrx_word' id='word_1_653' title='bbox 880 2567 949 2595; x_wconf 91' lang='lat' dir='ltr'><strong><em>Dum</em></strong></span> <span class='ocrx_word' id='word_1_654' title='bbox 967 2577 1032 2596; x_wconf 88' lang='lat' dir='ltr'><strong><em>vero</em></strong></span> <span class='ocrx_word' id='word_1_655' title='bbox 1054 2569 1179 2603; x_wconf 79' lang='lat' dir='ltr'><strong><em>Angliam</em></strong></span> <span class='ocrx_word' id='word_1_656' title='bbox 1199 2569 1296 2602; x_wconf 88' lang='lat' dir='ltr'><strong><em>lustro,</em></strong></span> <span class='ocrx_word' id='word_1_657' title='bbox 1320 2570 1372 2596; x_wconf 88' lang='lat' dir='ltr'><strong><em>alia</em></strong></span> 
     </span>
    </p>
   </div>
   <div class='ocr_carea' id='block_1_91' title="bbox 588 2613 1372 2650">
    <p class='ocr_par' dir='ltr' id='par_1_91' title="bbox 588 2613 1372 2650">
     <span class='ocr_line' id='line_1_91' title="bbox 588 2613 1372 2650; baseline 0.004 -11"><span class='ocrx_word' id='word_1_658' title='bbox 588 2620 649 2640; x_wconf 87' lang='lat' dir='ltr'><strong><em>sese</em></strong></span> <span class='ocrx_word' id='word_1_659' title='bbox 662 2613 761 2640; x_wconf 88' lang='lat' dir='ltr'><strong><em>obtulit</em></strong></span> <span class='ocrx_word' id='word_1_660' title='bbox 777 2614 885 2641; x_wconf 87' lang='lat' dir='ltr'><strong><em>occasio</em></strong></span> <span class='ocrx_word' id='word_1_661' title='bbox 898 2636 905 2647; x_wconf 95' lang='lat'><strong><em>,</em></strong></span> <span class='ocrx_word' id='word_1_662' title='bbox 922 2623 975 2650; x_wconf 87' lang='lat' dir='ltr'><strong><em>qua</em></strong></span> <span class='ocrx_word' id='word_1_663' title='bbox 993 2616 1124 2650; x_wconf 88' lang='lat' dir='ltr'><strong><em>scriptmu</em></strong></span> <span class='ocrx_word' id='word_1_664' title='bbox 1141 2616 1217 2648; x_wconf 87' lang='lat' dir='ltr'><strong><em>illud,</em></strong></span> <span class='ocrx_word' id='word_1_665' title='bbox 1230 2616 1304 2650; x_wconf 89' lang='lat' dir='ltr'><strong><em>quod</em></strong></span> <span class='ocrx_word' id='word_1_666' title='bbox 1315 2616 1372 2650; x_wconf 90' lang='lat' dir='ltr'><strong><em>jam</em></strong></span> 
     </span>
    </p>
   </div>
   <div class='ocr_carea' id='block_1_92' title="bbox 587 2657 1370 2695">
    <p class='ocr_par' dir='ltr' id='par_1_92' title="bbox 587 2657 1370 2695">
     <span class='ocr_line' id='line_1_92' title="bbox 587 2657 1370 2695; baseline 0.005 -11"><span class='ocrx_word' id='word_1_667' title='bbox 587 2657 634 2684; x_wconf 89' lang='lat' dir='ltr'><strong><em>diu</em></strong></span> <span class='ocrx_word' id='word_1_668' title='bbox 658 2658 746 2685; x_wconf 87' lang='lat' dir='ltr'><strong><em>lucem</em></strong></span> <span class='ocrx_word' id='word_1_669' title='bbox 769 2660 934 2693; x_wconf 86' lang='lat' dir='ltr'><strong><em>merebatur,</em></strong></span> <span class='ocrx_word' id='word_1_670' title='bbox 960 2661 1068 2688; x_wconf 84' lang='lat' dir='ltr'><strong><em>tandem</em></strong></span> <span class='ocrx_word' id='word_1_671' title='bbox 1088 2661 1235 2695; x_wconf 89' lang='lat' dir='ltr'><strong><em>aliquando</em></strong></span> <span class='ocrx_word' id='word_1_672' title='bbox 1247 2661 1370 2695; x_wconf 77' lang='lat' dir='ltr'><strong><em>divulga-</em></strong></span> 
     </span>
    </p>
   </div>
   <div class='ocr_carea' id='block_1_93' title="bbox 588 2704 1373 2741">
    <p class='ocr_par' dir='ltr' id='par_1_93' title="bbox 588 2704 1373 2741">
     <span class='ocr_line' id='line_1_93' title="bbox 588 2704 1373 2741; baseline 0.005 -12"><span class='ocrx_word' id='word_1_673' title='bbox 588 2708 672 2730; x_wconf 84' lang='lat' dir='ltr'><strong><em>retur.</em></strong></span> <span class='ocrx_word' id='word_1_674' title='bbox 695 2704 811 2732; x_wconf 86' lang='lat' dir='ltr'><strong><em>Parabat</em></strong></span> <span class='ocrx_word' id='word_1_675' title='bbox 827 2710 883 2732; x_wconf 90' lang='lat' dir='ltr'><strong><em>tum</em></strong></span> <span class='ocrx_word' id='word_1_676' title='bbox 902 2714 1003 2734; x_wconf 84' lang='lat' dir='ltr'><strong><em>novam</em></strong></span> <span class='ocrx_word' id='word_1_677' title='bbox 1025 2707 1120 2741; x_wconf 86' lang='lat' dir='ltr'><strong><em>lguatii</em></strong></span> <span class='ocrx_word' id='word_1_678' title='bbox 1135 2707 1280 2734; x_wconf 86' lang='lat' dir='ltr'><strong><em>editionem</em></strong></span> <span class='ocrx_word' id='word_1_679' title='bbox 1296 2714 1373 2733; x_wconf 77' lang='lat' dir='ltr'><strong><em>reve-</em></strong></span> 
     </span>
    </p>
   </div>
   <div class='ocr_carea' id='block_1_94' title="bbox 587 2747 1374 2785">
    <p class='ocr_par' dir='ltr' id='par_1_94' title="bbox 587 2747 1374 2785">
     <span class='ocr_line' id='line_1_94' title="bbox 587 2747 1374 2785; baseline 0.006 -13"><span class='ocrx_word' id='word_1_680' title='bbox 587 2747 767 2776; x_wconf 81' lang='lat' dir='ltr'><strong><em>rendissimus</em></strong></span> <span class='ocrx_word' id='word_1_681' title='bbox 788 2749 925 2777; x_wconf 71' lang='lat' dir='ltr'><strong><em>Hiberniae</em></strong></span> <span class='ocrx_word' id='word_1_682' title='bbox 943 2751 1057 2785; x_wconf 84' lang='lat' dir='ltr'><strong><em>primas,</em></strong></span> <span class='ocrx_word' id='word_1_683' title='bbox 1078 2751 1203 2779; x_wconf 89' lang='lat' dir='ltr'><strong><em>Usscrius</em></strong></span> <span class='ocrx_word' id='word_1_684' title='bbox 1227 2751 1374 2778; x_wconf 82' lang='lat' dir='ltr'><strong><em>Armacha-</em></strong></span> 
     </span>
    </p>
   </div>
   <div class='ocr_carea' id='block_1_95' title="bbox 587 2791 1370 2828">
    <p class='ocr_par' dir='ltr' id='par_1_95' title="bbox 587 2791 1370 2828">
     <span class='ocr_line' id='line_1_95' title="bbox 587 2791 1370 2828; baseline 0.009 -12"><span class='ocrx_word' id='word_1_685' title='bbox 587 2799 652 2817; x_wconf 84' lang='lat' dir='ltr'><strong><em>nus.</em></strong></span> <span class='ocrx_word' id='word_1_686' title='bbox 673 2791 713 2818; x_wconf 87' lang='lat' dir='ltr'><strong><em>llli</em></strong></span> <span class='ocrx_word' id='word_1_687' title='bbox 734 2793 825 2828; x_wconf 81' lang='lat' dir='ltr'><strong><em>itaque</em></strong></span> <span class='ocrx_word' id='word_1_688' title='bbox 841 2795 987 2828; x_wconf 84' lang='lat' dir='ltr'><strong><em>postulanti</em></strong></span> <span class='ocrx_word' id='word_1_689' title='bbox 1003 2800 1031 2823; x_wconf 88' lang='lat' dir='ltr'><strong><em>et</em></strong></span> <span class='ocrx_word' id='word_1_690' title='bbox 1051 2796 1174 2823; x_wconf 74' lang='lat' dir='ltr'><strong><em>oﬂ‘ereuti</em></strong></span> <span class='ocrx_word' id='word_1_691' title='bbox 1189 2801 1219 2823; x_wconf 87' lang='lat' dir='ltr'><strong><em>ut</em></strong></span> <span class='ocrx_word' id='word_1_692' title='bbox 1239 2804 1292 2823; x_wconf 87' lang='lat' dir='ltr'><strong><em>una</em></strong></span> <span class='ocrx_word' id='word_1_693' title='bbox 1309 2805 1370 2824; x_wconf 90' lang='lat' dir='ltr'><strong><em>cum</em></strong></span> 
     </span>
    </p>
   </div>
   <div class='ocr_carea' id='block_1_96' title="bbox 588 2835 1369 2877">
    <p class='ocr_par' dir='ltr' id='par_1_96' title="bbox 588 2835 1369 2877">
     <span class='ocr_line' id='line_1_96' title="bbox 588 2835 1369 2877; baseline 0.012 -16"><span class='ocrx_word' id='word_1_694' title='bbox 588 2835 735 2870; x_wconf 76' lang='lat' dir='ltr'><strong><em>lgnatianis</em></strong></span> <span class='ocrx_word' id='word_1_695' title='bbox 757 2839 815 2866; x_wconf 66' lang='grc' dir='ltr'><strong><em>ικεο</em></strong></span> <span class='ocrx_word' id='word_1_696' title='bbox 835 2848 943 2874; x_wconf 85' lang='lat' dir='ltr'><strong><em>quoque</em></strong></span> <span class='ocrx_word' id='word_1_697' title='bbox 965 2840 1097 2869; x_wconf 80' lang='lat' dir='ltr'><strong><em>Barnasz</em></strong></span> <span class='ocrx_word' id='word_1_698' title='bbox 1113 2843 1292 2869; x_wconf 80' lang='lat' dir='ltr'><strong><em>excuderetur</em></strong></span> <span class='ocrx_word' id='word_1_699' title='bbox 1314 2843 1369 2877; x_wconf 89' lang='lat' dir='ltr'><strong><em>cpi-</em></strong></span> 
     </span>
    </p>
   </div>
   <div class='ocr_carea' id='block_1_97' title="bbox 590 2881 1367 2921">
    <p class='ocr_par' dir='ltr' id='par_1_97' title="bbox 590 2881 1367 2921">
     <span class='ocr_line' id='line_1_97' title="bbox 590 2881 1367 2921; baseline 0.012 -15"><span class='ocrx_word' id='word_1_700' title='bbox 590 2881 670 2913; x_wconf 77' lang='lat' dir='ltr'><strong><em>stola,</em></strong></span> <span class='ocrx_word' id='word_1_701' title='bbox 695 2891 749 2910; x_wconf 80' lang='lat' dir='ltr'><strong><em>non</em></strong></span> <span class='ocrx_word' id='word_1_702' title='bbox 774 2888 878 2912; x_wconf 87' lang='lat' dir='ltr'><strong><em>tantum</em></strong></span> <span class='ocrx_word' id='word_1_703' title='bbox 892 2886 1007 2914; x_wconf 85' lang='lat' dir='ltr'><strong><em>libenter</em></strong></span> <span class='ocrx_word' id='word_1_704' title='bbox 1031 2887 1058 2914; x_wconf 92' lang='lat' dir='ltr'><strong><em>id</em></strong></span> <span class='ocrx_word' id='word_1_705' title='bbox 1078 2887 1212 2921; x_wconf 82' lang='lat' dir='ltr'><strong><em>concessi,</em></strong></span> <span class='ocrx_word' id='word_1_706' title='bbox 1230 2889 1275 2915; x_wconf 88' lang='lat' dir='ltr'><strong><em>scd</em></strong></span> <span class='ocrx_word' id='word_1_707' title='bbox 1288 2888 1367 2915; x_wconf 82' lang='lat' dir='ltr'><strong><em>etiam</em></strong></span> 
     </span>
    </p>
   </div>
   <div class='ocr_carea' id='block_1_98' title="bbox 1429 2429 2223 2465">
    <p class='ocr_par' dir='ltr' id='par_1_98' title="bbox 1429 2429 2223 2465">
     <span class='ocr_line' id='line_1_98' title="bbox 1429 2429 2223 2465; baseline 0.001 -10"><span class='ocrx_word' id='word_1_708' title='bbox 1429 2429 1649 2463; x_wconf 85' lang='lat' dir='ltr'><strong><em>antiquissimum</em></strong></span> <span class='ocrx_word' id='word_1_709' title='bbox 1674 2430 1745 2457; x_wconf 85' lang='lat' dir='ltr'><strong><em>istud</em></strong></span> <span class='ocrx_word' id='word_1_710' title='bbox 1765 2434 1982 2462; x_wconf 85' lang='lat' dir='ltr'><strong><em>monumentum,</em></strong></span> <span class='ocrx_word' id='word_1_711' title='bbox 2008 2437 2032 2457; x_wconf 86' lang='lat' dir='ltr'><strong><em>a.</em></strong></span> <span class='ocrx_word' id='word_1_712' title='bbox 2049 2430 2152 2465; x_wconf 85' lang='lat' dir='ltr'><strong><em>quibus</em></strong></span> <span class='ocrx_word' id='word_1_713' title='bbox 2170 2431 2223 2456; x_wconf 82' lang='lat' dir='ltr'><strong><em>im—</em></strong></span> 
     </span>
    </p>
   </div>
   <div class='ocr_carea' id='block_1_99' title="bbox 1428 2475 2222 2511">
    <p class='ocr_par' dir='ltr' id='par_1_99' title="bbox 1428 2475 2222 2511">
     <span class='ocr_line' id='line_1_99' title="bbox 1428 2475 2222 2511; baseline 0.003 -10"><span class='ocrx_word' id='word_1_714' title='bbox 1428 2483 1551 2503; x_wconf 85' lang='lat' dir='ltr'><strong><em>mensum</em></strong></span> <span class='ocrx_word' id='word_1_715' title='bbox 1578 2481 1710 2510; x_wconf 85' lang='lat' dir='ltr'><strong><em>quantum</em></strong></span> <span class='ocrx_word' id='word_1_716' title='bbox 1733 2476 1886 2511; x_wconf 86' lang='lat' dir='ltr'><strong><em>splendoris</em></strong></span> <span class='ocrx_word' id='word_1_717' title='bbox 1909 2475 2029 2502; x_wconf 87' lang='lat' dir='ltr'><strong><em>mutuari</em></strong></span> <span class='ocrx_word' id='word_1_718' title='bbox 2044 2476 2096 2503; x_wconf 83' lang='lat' dir='ltr'><strong><em>sibi</em></strong></span> <span class='ocrx_word' id='word_1_719' title='bbox 2113 2482 2222 2510; x_wconf 70' lang='lat' dir='ltr'><strong><em>posset.</em></strong></span> 
     </span>
    </p>
   </div>
   <div class='ocr_carea' id='block_1_100' title="bbox 1427 2522 2222 2558">
    <p class='ocr_par' dir='ltr' id='par_1_100' title="bbox 1427 2522 2222 2558">
     <span class='ocr_line' id='line_1_100' title="bbox 1427 2522 2222 2558; baseline 0.003 -10"><span class='ocrx_word' id='word_1_720' title='bbox 1427 2522 1460 2549; x_wconf 90' lang='lat' dir='ltr'><strong><em>Et</em></strong></span> <span class='ocrx_word' id='word_1_721' title='bbox 1472 2522 1525 2549; x_wconf 90' lang='lat' dir='ltr'><strong><em>nisi</em></strong></span> <span class='ocrx_word' id='word_1_722' title='bbox 1542 2523 1637 2558; x_wconf 85' lang='lat' dir='ltr'><strong><em>ingens</em></strong></span> <span class='ocrx_word' id='word_1_723' title='bbox 1652 2523 1740 2550; x_wconf 88' lang='lat' dir='ltr'><strong><em>isthoc</em></strong></span> <span class='ocrx_word' id='word_1_724' title='bbox 1751 2523 1916 2556; x_wconf 82' lang='lat' dir='ltr'><strong><em>incendium,</em></strong></span> <span class='ocrx_word' id='word_1_725' title='bbox 1931 2523 2003 2557; x_wconf 85' lang='lat' dir='ltr'><strong><em>quod</em></strong></span> <span class='ocrx_word' id='word_1_726' title='bbox 2016 2530 2071 2549; x_wconf 92' lang='lat' dir='ltr'><strong><em>non</em></strong></span> <span class='ocrx_word' id='word_1_727' title='bbox 2086 2522 2222 2557; x_wconf 78' lang='lat' dir='ltr'><strong><em>exiguam</em></strong></span> 
     </span>
    </p>
   </div>
   <div class='ocr_carea' id='block_1_101' title="bbox 1427 2568 2223 2605">
    <p class='ocr_par' dir='ltr' id='par_1_101' title="bbox 1427 2568 2223 2605">
     <span class='ocr_line' id='line_1_101' title="bbox 1427 2568 2223 2605; baseline 0 -10"><span class='ocrx_word' id='word_1_728' title='bbox 1427 2574 1531 2603; x_wconf 90' lang='lat' dir='ltr'><strong><em>partem</em></strong></span> <span class='ocrx_word' id='word_1_729' title='bbox 1558 2569 1634 2597; x_wconf 88' lang='lat' dir='ltr'><strong><em>urbis</em></strong></span> <span class='ocrx_word' id='word_1_730' title='bbox 1647 2569 1820 2605; x_wconf 41' lang='lat' dir='ltr'><strong><em>‘Oxoniensis</em></strong></span> <span class='ocrx_word' id='word_1_731' title='bbox 1842 2569 1967 2601; x_wconf 81' lang='lat' dir='ltr'><strong><em>vastavit,</em></strong></span> <span class='ocrx_word' id='word_1_732' title='bbox 1989 2568 2083 2596; x_wconf 82' lang='lat' dir='ltr'><strong><em>omnia</em></strong></span> <span class='ocrx_word' id='word_1_733' title='bbox 2102 2576 2223 2604; x_wconf 79' lang='lat' dir='ltr'><strong><em>quoque</em></strong></span> 
     </span>
    </p>
   </div>
   <div class='ocr_carea' id='block_1_102' title="bbox 1425 2615 2222 2650">
    <p class='ocr_par' dir='ltr' id='par_1_102' title="bbox 1425 2615 2222 2650">
     <span class='ocr_line' id='line_1_102' title="bbox 1425 2615 2222 2650; baseline 0 -9"><span class='ocrx_word' id='word_1_734' title='bbox 1425 2615 1590 2649; x_wconf 77' lang='lat' dir='ltr'><strong><em>exemplaria</em></strong></span> <span class='ocrx_word' id='word_1_735' title='bbox 1601 2615 1809 2650; x_wconf 83' lang='lat' dir='ltr'><strong><em>absumpsisset,</em></strong></span> <span class='ocrx_word' id='word_1_736' title='bbox 1822 2615 2032 2650; x_wconf 83' lang='lat' dir='ltr'><strong><em>pulcherrimam</em></strong></span> <span class='ocrx_word' id='word_1_737' title='bbox 2045 2615 2107 2649; x_wconf 84' lang='lat' dir='ltr'><strong><em>ejus</em></strong></span> <span class='ocrx_word' id='word_1_738' title='bbox 2117 2620 2222 2642; x_wconf 75' lang='lat' dir='ltr'><strong><em>aucto-</em></strong></span> 
     </span>
    </p>
   </div>
   <div class='ocr_carea' id='block_1_103' title="bbox 1425 2659 2220 2696">
    <p class='ocr_par' dir='ltr' id='par_1_103' title="bbox 1425 2659 2220 2696">
     <span class='ocr_line' id='line_1_103' title="bbox 1425 2659 2220 2696; baseline 0 -9"><span class='ocrx_word' id='word_1_739' title='bbox 1425 2661 1464 2688; x_wconf 87' lang='lat' dir='ltr'><strong><em>ris</em></strong></span> <span class='ocrx_word' id='word_1_740' title='bbox 1486 2661 1634 2688; x_wconf 88' lang='lat' dir='ltr'><strong><em>editionem</em></strong></span> <span class='ocrx_word' id='word_1_741' title='bbox 1656 2661 1761 2696; x_wconf 90' lang='lat' dir='ltr'><strong><em>jamdiu</em></strong></span> <span class='ocrx_word' id='word_1_742' title='bbox 1786 2661 1988 2688; x_wconf 85' lang='lat' dir='ltr'><strong><em>habuissemus.</em></strong></span> <span class='ocrx_word' id='word_1_743' title='bbox 2012 2659 2074 2688; x_wconf 88' lang='lat' dir='ltr'><strong><em>Non</em></strong></span> <span class='ocrx_word' id='word_1_744' title='bbox 2100 2660 2220 2687; x_wconf 75' lang='lat' dir='ltr'><strong><em>defuere</em></strong></span> 
     </span>
    </p>
   </div>
   <div class='ocr_carea' id='block_1_104' title="bbox 1424 2706 2218 2741">
    <p class='ocr_par' dir='ltr' id='par_1_104' title="bbox 1424 2706 2218 2741">
     <span class='ocr_line' id='line_1_104' title="bbox 1424 2706 2218 2741; baseline 0 -8"><span class='ocrx_word' id='word_1_745' title='bbox 1424 2710 1512 2733; x_wconf 87' lang='lat' dir='ltr'><strong><em>tamen</em></strong></span> <span class='ocrx_word' id='word_1_746' title='bbox 1534 2706 1562 2733; x_wconf 84' lang='lat' dir='ltr'><strong><em>in</em></strong></span> <span class='ocrx_word' id='word_1_747' title='bbox 1583 2706 1669 2733; x_wconf 85' lang='lat' dir='ltr'><strong><em>Gallia</em></strong></span> <span class='ocrx_word' id='word_1_748' title='bbox 1688 2707 1738 2733; x_wconf 86' lang='lat' dir='ltr'><strong><em>vi&#39;ri</em></strong></span> <span class='ocrx_word' id='word_1_749' title='bbox 1751 2706 1834 2738; x_wconf 83' lang='lat' dir='ltr'><strong><em>docti.</em></strong></span> <span class='ocrx_word' id='word_1_750' title='bbox 1849 2706 1896 2741; x_wconf 86' lang='lat' dir='ltr'><strong><em>qui</em></strong></span> <span class='ocrx_word' id='word_1_751' title='bbox 1911 2706 2053 2740; x_wconf 78' lang='lat' dir='ltr'><strong><em>indignum</em></strong></span> <span class='ocrx_word' id='word_1_752' title='bbox 2066 2706 2218 2741; x_wconf 76' lang='lat' dir='ltr'><strong><em>putabam.</em></strong></span> 
     </span>
    </p>
   </div>
   <div class='ocr_carea' id='block_1_105' title="bbox 1423 2750 2216 2785">
    <p class='ocr_par' dir='ltr' id='par_1_105' title="bbox 1423 2750 2216 2785">
     <span class='ocr_line' id='line_1_105' title="bbox 1423 2750 2216 2785; baseline 0 -8"><span class='ocrx_word' id='word_1_753' title='bbox 1423 2750 1556 2785; x_wconf 82' lang='lat' dir='ltr'><strong><em>scriptum</em></strong></span> <span class='ocrx_word' id='word_1_754' title='bbox 1576 2751 1629 2779; x_wconf 88' lang='lat' dir='ltr'><strong><em>hoc</em></strong></span> <span class='ocrx_word' id='word_1_755' title='bbox 1650 2751 1753 2778; x_wconf 87' lang='lat' dir='ltr'><strong><em>diutius</em></strong></span> <span class='ocrx_word' id='word_1_756' title='bbox 1778 2751 1806 2778; x_wconf 93' lang='lat' dir='ltr'><strong><em>in</em></strong></span> <span class='ocrx_word' id='word_1_757' title='bbox 1829 2751 1947 2778; x_wconf 86' lang='lat' dir='ltr'><strong><em>tenebris</em></strong></span> <span class='ocrx_word' id='word_1_758' title='bbox 1972 2751 2094 2778; x_wconf 82' lang='lat' dir='ltr'><strong><em>latitare.</em></strong></span> <span class='ocrx_word' id='word_1_759' title='bbox 2111 2750 2216 2785; x_wconf 82' lang='lat' dir='ltr'><strong><em>Itaque</em></strong></span> 
     </span>
    </p>
   </div>
   <div class='ocr_carea' id='block_1_106' title="bbox 1423 2796 2216 2832">
    <p class='ocr_par' dir='ltr' id='par_1_106' title="bbox 1423 2796 2216 2832">
     <span class='ocr_line' id='line_1_106' title="bbox 1423 2796 2216 2832; baseline 0.003 -10"><span class='ocrx_word' id='word_1_760' title='bbox 1423 2804 1508 2830; x_wconf 89' lang='lat' dir='ltr'><strong><em>nuper</em></strong></span> <span class='ocrx_word' id='word_1_761' title='bbox 1534 2796 1611 2832; x_wconf 81' lang='lat' dir='ltr'><strong><em>Hugo</em></strong></span> <span class='ocrx_word' id='word_1_762' title='bbox 1630 2796 1793 2830; x_wconf 83' lang='lat' dir='ltr'><strong><em>Mcnardus,</em></strong></span> <span class='ocrx_word' id='word_1_763' title='bbox 1819 2797 1970 2824; x_wconf 86' lang='lat' dir='ltr'><strong><em>monachus</em></strong></span> <span class='ocrx_word' id='word_1_764' title='bbox 1993 2797 2100 2824; x_wconf 90' lang='lat' dir='ltr'><strong><em>ordinis</em></strong></span> <span class='ocrx_word' id='word_1_765' title='bbox 2115 2796 2216 2824; x_wconf 70' lang='lat' dir='ltr'><strong><em>Sancti</em></strong></span> 
     </span>
    </p>
   </div>
   <div class='ocr_carea' id='block_1_107' title="bbox 1422 2841 2217 2876">
    <p class='ocr_par' dir='ltr' id='par_1_107' title="bbox 1422 2841 2217 2876">
     <span class='ocr_line' id='line_1_107' title="bbox 1422 2841 2217 2876; baseline 0.001 -8"><span class='ocrx_word' id='word_1_766' title='bbox 1422 2841 1520 2875; x_wconf 85' lang='lat' dir='ltr'><strong><em>Mauri,</em></strong></span> <span class='ocrx_word' id='word_1_767' title='bbox 1546 2850 1644 2869; x_wconf 85' lang='lat' dir='ltr'><strong><em>novam</em></strong></span> <span class='ocrx_word' id='word_1_768' title='bbox 1672 2843 1752 2871; x_wconf 89' lang='lat' dir='ltr'><strong><em>nobis</em></strong></span> <span class='ocrx_word' id='word_1_769' title='bbox 1781 2843 1929 2870; x_wconf 85' lang='lat' dir='ltr'><strong><em>editionem</em></strong></span> <span class='ocrx_word' id='word_1_770' title='bbox 1957 2843 2110 2870; x_wconf 88' lang='lat' dir='ltr'><strong><em>adornavit.</em></strong></span> <span class='ocrx_word' id='word_1_771' title='bbox 2135 2843 2217 2876; x_wconf 78' lang='lat' dir='ltr'><strong><em>Quin</em></strong></span> 
     </span>
    </p>
   </div>
   <div class='ocr_carea' id='block_1_108' title="bbox 1423 2889 2216 2925">
    <p class='ocr_par' dir='ltr' id='par_1_108' title="bbox 1423 2889 2216 2925">
     <span class='ocr_line' id='line_1_108' title="bbox 1423 2889 2216 2925; baseline 0.004 -11"><span class='ocrx_word' id='word_1_772' title='bbox 1423 2889 1568 2923; x_wconf 82' lang='lat' dir='ltr'><strong><em>plurimum</em></strong></span> <span class='ocrx_word' id='word_1_773' title='bbox 1582 2889 1634 2918; x_wconf 90' lang='lat' dir='ltr'><strong><em>hoc</em></strong></span> <span class='ocrx_word' id='word_1_774' title='bbox 1647 2898 1757 2919; x_wconf 80' lang='lat' dir='ltr'><strong><em>nomine</em></strong></span> <span class='ocrx_word' id='word_1_775' title='bbox 1768 2890 1884 2918; x_wconf 88' lang='lat' dir='ltr'><strong><em>meritus</em></strong></span> <span class='ocrx_word' id='word_1_776' title='bbox 1896 2889 1931 2918; x_wconf 87' lang='lat' dir='ltr'><strong><em>sit</em></strong></span> <span class='ocrx_word' id='word_1_777' title='bbox 1942 2889 1976 2917; x_wconf 87' lang='lat' dir='ltr'><strong><em>de</em></strong></span> <span class='ocrx_word' id='word_1_778' title='bbox 1992 2890 2111 2925; x_wconf 83' lang='lat' dir='ltr'><strong><em>publico,</em></strong></span> <span class='ocrx_word' id='word_1_779' title='bbox 2124 2897 2216 2917; x_wconf 81' lang='lat' dir='ltr'><strong><em>nemo</em></strong></span> 
     </span>
    </p>
   </div>
  </div>
