2290 3110
33 176 78 204 665

712 172 980 202 PROLEGOMENA.

1605 171 1659 200 6σό

31 238 76 265 est,
99 232 143 267 qui
163 232 276 259 inticias
299 232 387 260 iverit.
406 233 471 261 Plus
493 237 584 261 tamen
607 234 764 266 meruisset,
791 234 813 261 si
830 238 850 264 Α
868 234 895 260 in
918 234 971 262 ltoc
988 234 1190 269 reprehendere
1202 234 1274 269 quod
1287 234 1314 260 in
1335 233 1421 261 altero
1439 237 1583 261 excusant.
1599 233 1657 260 No-

32 279 181 314 contigisset
198 278 240 305 illi
263 278 341 313 plura
356 279 449 306 videre
464 279 642 314 exemplaria.
658 279 727 306 Cum
741 279 814 306 enim

32 331 79 353 tota
97 326 140 352 illa
156 325 244 352 editio
256 333 289 353 ex
300 333 355 353 uno
367 326 539 360 promanarit
552 325 655 359 codice,
666 326 725 353 lieri
738 326 815 353 aliter

31 380 79 398 non
104 371 192 406 potuit
217 371 286 406 quin
310 371 562 399 inemendatissima
587 371 718 407 prodiret.
738 371 814 404 Mihi,

31 419 85 445 licet
109 426 162 444 non
177 425 270 452 usque
285 417 353 445 adeo
368 417 478 445 fortuna
501 417 610 450 faverit,
626 421 656 444 ut
668 418 814 452 quisquam

32 464 144 491 invidere
160 463 272 496 debeat,
295 472 327 491 ea
343 468 433 491 tamen
449 465 562 499 contigit
585 464 710 495 felicitas,
728 469 757 491 ut
770 463 816 490 tri-

31 512 75 538 bus
88 512 113 538 in
125 511 177 538 hoc
192 511 358 547 corrigendo
370 520 437 539 usus
454 512 506 539 sim
523 520 589 539 mss.
611 512 734 539 Primum
749 512 815 538 mihi

32 557 166 584 Florentia:
182 557 372 592 suppeditavit
388 557 551 585 bibliotheca
572 557 705 591 Mctlicea,
731 557 816 584 altera

33 605 79 632 duo
92 604 258 631 bibliotheca
277 603 409 631 Vaticana
430 608 457 631 et
471 602 680 637 Theatinorum,
698 603 744 638 qui
760 603 816 630 Ro-

33 659 77 678 mae
96 655 188 687 agunt.
203 651 317 678 Illorum
333 659 412 678 usum
429 656 570 685 acceptum
583 650 640 678 fero
655 650 736 677 Luete
752 649 817 676 Hol-

34 697 119 730 stenio,
140 697 199 724 viro
215 705 328 724 summo
350 702 377 724 et
397 705 537 732 nunquam
561 704 614 723 non
632 696 702 723 intra
720 696 815 723 merita

34 751 75 770 sua
87 743 235 771 laudando.
253 742 324 776 Quid
339 744 432 777 itaque
447 750 498 777 ope
523 743 637 770 istorum
663 742 745 769 trium
770 749 816 768 co-

35 789 113 816 dicum
126 789 280 823 praestitum
303 789 350 820 sit,
366 789 469 816 videbit
484 789 517 821 is,
532 789 578 823 qui
591 796 680 823 operte
693 787 812 822 pretium

35 834 140 867 duxerit,
165 834 316 862 editionem
342 835 413 862 hanc
436 842 497 863 cum
524 834 623 867 altera,
647 841 729 868 quam
748 833 816 866 dixi,

35 881 203 908 committere.
830 899 851 927 Β

62 925 154 954 Nescio
176 931 272 954 autem
286 935 335 955 cur
348 927 459 962 quidam
477 926 579 961 opinati
596 926 653 954 sint
666 927 739 954 hanc
748 925 814 961 Epi-

34 973 121 998 stolam
140 979 196 999 non
213 981 279 1000 esse
293 973 435 1006 Barnaba,
451 981 512 1000 cutn
526 978 616 999 tamen
633 976 660 999 et
676 972 813 1004 Clemens,

33 1023 55 1045 et
68 1017 208 1054 Origenes,
224 1022 253 1046 et
269 1019 327 1050 alii,
345 1019 418 1046 illam
435 1019 459 1046 ei
476 1019 608 1046 tribuant.
622 1018 725 1046 Oll‘ensi
739 1023 813 1051 sunt,

34 1064 114 1096 credo,
133 1064 183 1090 viri
209 1064 296 1096 docti,
322 1063 395 1098 quod
420 1063 462 1090 hic
479 1063 538 1090 loca
554 1063 678 1098 quaedam
696 1062 724 1089 S.
740 1061 816 1089 Scri-

35 1114 110 1143 ptura;
133 1110 215 1137 aliter
230 1110 415 1144 explicentur,
428 1117 511 1144 quam
525 1109 656 1144 explicari
668 1108 812 1136 debebant.

35 1153 186 1182 Persuaderi
203 1159 358 1191 nequeunt,
375 1155 416 1182 sic
437 1155 560 1189 potuisse
585 1162 616 1182 ea
642 1154 702 1189 capi
727 1162 741 1181 a
756 1153 815 1180 viro

36 1204 106 1228 tanta}
119 1201 296 1228 auctoritatis
306 1221 314 1235 ,
330 1201 409 1236 cujus
427 1201 506 1228 toties
517 1201 588 1228 sacri
608 1201 669 1227 libri
682 1200 815 1227 memine-

36 1247 91 1279 rint,
107 1248 207 1282 quique
233 1255 346 1282 semper
374 1246 452 1274 Pauli
480 1247 597 1282 apostoli
619 1253 712 1273 comes
734 1245 816 1272 fuerit

37 1292 194 1326 individuus,
214 1298 242 1321 et
257 1294 316 1328 ipse
329 1301 438 1328 quoque
455 1301 527 1320 unus
540 1301 555 1320 e
570 1292 724 1320 minoribus
748 1299 816 1327 apo-

37 1340 112 1367 stolis.
129 1339 180 1367 Sed
198 1341 264 1375 quis
281 1347 296 1366 a
319 1340 416 1375 primis
443 1340 496 1367 illis
511 1339 676 1366 Christianis
692 1338 816 1373 omnige-

37 1393 91 1412 nam
114 1386 258 1413 scientiam
275 1389 302 1413 et
324 1385 477 1412 doctrinam
492 1384 662 1419 cxpostulct;
677 1384 740 1418 quis
755 1383 816 1410 illos

37 1438 82 1458 non
94 1439 167 1466 reque
184 1431 375 1458 hallucinatos
394 1431 544 1462 existimet,
565 1436 647 1465 atque
658 1437 753 1457 eorum
772 1437 816 1456 ne‘

36 1481 116 1510 potes;
133 1477 290 1511 praesertim
307 1477 336 1504 in
352 1477 436 1504 rebus
453 1476 521 1503 nihil
533 1476 566 1504 ad
581 1476 660 1503 tidem
677 1475 816 1510 pertinen-

38 1523 120 1550 tibus?
133 1523 265 1558 Nunquid
283 1527 310 1549 et
324 1523 351 1549 in
366 1523 480 1558 epistola
494 1522 653 1553 Clementis,
670 1529 751 1556 quam
766 1529 815 1547 tto-

38 1567 73 1594 bis
92 1568 162 1595 dedit
177 1569 221 1595 vir
237 1568 377 1595 maximus
391 1567 527 1594 Patricius
541 1566 650 1600 Junius,
672 1567 818 1593 bibliothe-
831 1567 854 1598 ο

39 1614 117 1641 carius
131 1615 221 1649 regius
245 1615 302 1649 (cui
327 1622 377 1648 ego
398 1619 503 1641 tantum
525 1613 620 1645 debeo,
646 1619 674 1639 ut
690 1613 767 1647 plura
790 1613 814 1639 ei

39 1659 123 1687 debere
155 1669 209 1688 uon
241 1661 382 1696 possim),
416 1660 516 1687 similia
546 1659 721 1686 occurrunt?
748 1657 815 1691 Quis

40 1706 100 1732 enim
112 1706 181 1734 bono
196 1708 292 1734 animo
307 1714 484 1741 concoquere,
492 1706 578 1741 possit
592 1705 717 1733 fabellam
730 1705 815 1736 illam,

40 1759 110 1784 quant
134 1753 167 1780 de
192 1753 323 1788 phrenice
345 1757 448 1785 narrat,
473 1753 561 1787 deque
591 1752 716 1786 pluribus
745 1751 816 1778 ultra

41 1795 164 1824 Oceanum
179 1799 310 1826 mundis?
325 1798 383 1825 Non
396 1803 462 1832 puto
471 1797 553 1825 etiam
567 1804 733 1832 quemquam
749 1796 817 1822 velle

41 1832 167 1870 admittere
178 1844 378 1878 expositionem
389 1844 481 1875 istam,
494 1847 522 1869 ut
534 1842 646 1869 linteum
660 1841 817 1868 coccineum

42 1884 106 1913 llaab
125 1889 289 1921 meretricis,
313 1889 421 1924 signum
444 1888 526 1915 fuerit
546 1886 689 1922 sanguinis
703 1885 817 1917 Christi,

42 1935 64 1957 et
77 1932 123 1967 alia
139 1934 263 1967 quaedam
285 1934 311 1960 id
337 1942 433 1969 genus,
454 1941 515 1968 qua:
539 1940 593 1959 non
611 1935 653 1958 est
669 1930 751 1965 hujus
766 1929 818 1956 loci

44 1976 142 2004 rrl'errc.
159 1979 240 2014 Atqui
255 1984 347 2006 tamett
363 1979 412 2006 iste
425 1978 562 2010 Clemens,
586 1977 644 2012 pari
658 1976 721 2011 jure
735 1981 816 2010 atque

44 2020 180 2056 Barnabas,
202 2025 296 2052 dictus
310 2029 351 2052 est
366 2025 517 2059 apostolus.
536 2024 594 2050 Non
610 2023 711 2050 debent
725 2022 818 2056 itaque

864 285 922 308 tum
945 285 987 309 est
1010 281 1131 314 cuilibet,
1148 289 1230 316 quam
1248 281 1364 308 nimium
1373 273 1498 316 "mystice
1517 283 1544 307 et
1562 287 1659 314 super-

864 327 970 354 stitiose
994 328 1074 362 (pene
1099 328 1183 355 etiam
1208 327 1310 362 inepte)
1335 326 1417 361 primi
1443 326 1483 353 illi
1506 317 1658 353 Christiani

865 373 1023 408 Seripturas
1041 381 1136 401 sacras
1159 373 1215 402 sint
1237 373 1419 407 interpretati.
1443 371 1471 400 Si
1487 373 1581 406 itaque
1592 377 1619 399 et
1631 372 1659 398 in

864 421 917 448 hoc
940 424 1054 447 auctore
1075 420 1200 455 quaedam
1217 424 1366 447 occurrant
1388 427 1449 454 qua:
1463 419 1580 446 eruditis
1601 418 1660 446 dis-

864 466 991 501 pliceant,
1014 465 1134 492 dandum
1149 466 1174 492 id
1190 465 1281 500 potius
1301 465 1425 492 moribus
1440 470 1564 492 veterum
1578 464 1659 491 Chri-

865 512 1018 539 stianorum
1033 520 1116 546 quam
1131 516 1161 539 ut
1184 515 1294 546 putetur
1307 512 1440 546 scriptum
1454 519 1515 539 esse
1528 511 1658 546 supposi-

865 557 970 585 titium.
992 558 1045 585 Sed
1072 565 1161 592 neque
1184 557 1237 584 ltoc
1258 565 1427 592 quemquam
1443 564 1553 584 movere
1567 557 1658 590 debet,

865 603 938 638 quod
957 602 1092 630 Eusebius
1109 608 1137 630 et
1148 602 1235 630 Graeci
1248 603 1416 637 posteriores
1430 603 1501 630 inter
1512 602 1659 636 ὰπὸιρυφα

865 649 1038 683 reposuerint
1059 648 1209 684 Epistolam
1227 649 1370 676 Barnabas
1388 647 1447 675 Non
1461 649 1533 675 enim
1552 648 1605 675 hoc
1625 655 1658 675 eo

865 691 968 719 factum
990 692 1064 727 quod
1089 693 1246 720 dubitarent
1261 694 1294 720 de
1309 697 1439 725 auctore,
1455 693 1502 720 sed
1516 693 1589 727 quod
1603 701 1657 720 non

865 738 1014 771 probarent
1026 737 1156 773 mystieas
1174 738 1241 765 istas
1254 737 1494 771 interpretationes
1509 736 1658 763 multorutn

867 782 896 809 S.
914 782 1064 818 Scriptura:
1082 784 1218 811 locorum.
1235 783 1336 811 Eadem
1353 783 1458 810 ratione
1471 787 1497 810 et
1510 783 1660 810 Clementis

866 828 1054 862 Alexandrini,
1082 833 1109 856 et
1132 829 1218 856 multa
1245 829 1372 864 Origenis
1391 837 1487 864 opera,
1507 829 1578 856 inter
1592 837 1659 864 apo—

866 874 970 909 crypha
987 874 1072 901 relata
1095 879 1170 901 sunt.
1191 874 1285 910 Neque
1306 879 1396 902 tamen
1413 883 1534 909 unquam
1549 874 1660 902 dubita-

867 926 924 948 tum
940 920 992 947 l'uit
1005 921 1072 956 quin
1088 922 1206 956 genuina
1229 925 1321 948 essent
1335 921 1378 948 illa
1395 928 1490 955 opera.
1515 920 1549 948 Et
1566 925 1656 948 certe:

866 966 890 993 si
918 966 1011 993 omnia
1031 974 1092 1001 qua;
1118 966 1266 1001 aliquando
1290 966 1360 993 inter
1385 965 1542 1001 apocrypha
1566 965 1659 992 habita

868 1011 923 1038 sint
942 1011 1056 1046 rejicerc
1085 1011 1213 1044 velimus,
1238 1010 1388 1046 rejicienda
1405 1019 1516 1046 quoque
1534 1015 1607 1038 esset
1624 1010 1657 1038 Ι).

865 1057 944 1084 Pauli
956 1057 990 1084 ad
1005 1056 1134 1084 Hebraeos
1147 1056 1279 1091 Epistola,
1295 1057 1358 1084 item
1374 1056 1449 1084 Judae
1464 1057 1579 1091 apostoli
1596 1056 1659 1092 Epi-

867 1101 946 1134 stola,
971 1105 997 1128 et
1013 1100 1057 1127 illa
1073 1099 1222 1128 Clctnentis
1241 1101 1274 1127 ad
1291 1100 1459 1128 Corinthius.
1475 1100 1554 1133 Quod
1575 1108 1657 1135 quattt

866 1147 1016 1176 absurdum
1030 1147 1076 1178 sit.
1093 1147 1155 1181 quis
1171 1147 1271 1181 estqui
1288 1154 1342 1173 non
1362 1146 1463 1173 rideat.

902 1191 954 1218 Alii
969 1199 1002 1218 ex
1016 1191 1086 1227 stylo
1098 1195 1125 1218 et
1141 1191 1300 1226 scriptionis
1317 1199 1416 1226 genere
1431 1192 1576 1224 dixerunt,
1599 1199 1660 1219 sese

866 1236 1070 1272 deprehendere
1080 1237 1222 1272 epistolam
1236 1237 1305 1263 hanc
1317 1244 1378 1264 esse
1391 1237 1522 1271 spuriam.
1535 1236 1572 1264 De
1583 1236 1660 1272 lgna—

867 1284 1027 1319 tiiepistolis
1042 1283 1112 1310 idem
1121 1282 1366 1310 altirmabaut.Sed
1382 1283 1495 1310 nimium
1508 1291 1574 1310 sane
1588 1287 1660 1312 acuti

866 1331 960 1358 volunt
973 1329 1076 1363 videri,
1090 1330 1138 1365 qui
1158 1329 1222 1356 talia
1239 1329 1354 1364 jactant.
1378 1328 1437 1356 Non
1461 1329 1498 1356 ita
1519 1329 1599 1356 facile
1619 1333 1662 1356 est

867 1377 961 1411 spuria
978 1377 1079 1411 scripta
1092 1384 1107 1403 a
1124 1375 1251 1412 genuinis
1262 1375 1431 1410 distinguere
1441 1395 1448 1407 ,
1463 1383 1545 1410 quam
1562 1375 1598 1402 sit
1611 1383 1661 1402 Ita-

866 1423 937 1450 tivas
952 1430 1074 1457 gctnmas
1090 1422 1252 1455 dignoscere
1265 1421 1300 1447 ab
1311 1421 1484 1448 adulterinis.
1500 1420 1569 1447 Cum
1585 1420 1659 1448 enitn

866 1469 924 1496 veri
939 1468 1024 1503 lapilli
1037 1475 1099 1494 cutn
1114 1467 1218 1494 tietitiis
1231 1467 1442 1493 comtnittuntur
1453 1470 1481 1493 el.
1495 1473 1660 1501 comparan-

867 1519 922 1546 tur,
940 1518 997 1540 tnnt
1015 1517 1045 1540 ut
1061 1512 1209 1548 plurimum
1231 1512 1311 1539 fucus
1328 1516 1440 1546 apparet
1459 1523 1465 1539 :
1482 1512 1520 1539 ita
1540 1520 1660 1547 purpura

870 1560 902 1586 ad
917 1567 1066 1594 purpuram
1087 1558 1266 1594 dijudicatur,
1289 1558 1326 1585 ita
1346 1562 1373 1585 et
1394 1557 1420 1584 in
1438 1557 1500 1585 aliis
1523 1558 1661 1585 mercibus

869 1606 907 1633 ﬁt.
924 1606 975 1633 Sed
995 1605 1059 1640 quid
1075 1611 1134 1637 est,
1154 1605 1224 1631 unde
1240 1604 1303 1637 isti,
1318 1604 1364 1638 qui
1391 1608 1509 1638 negant,
1532 1604 1661 1638 epistolas

870 1653 920 1680 has
931 1660 992 1679 esse
1011 1651 1156 1683 Barnabas,
1174 1655 1201 1677 et
1223 1649 1337 1684 Ignatii,
1360 1649 1450 1677 istboc
1469 1649 1596 1684 colligere
1612 1657 1662 1684 po-

870 1699 972 1727 tuerint
985 1697 1133 1732 ?Nunquid
1150 1697 1203 1723 alia
1217 1703 1312 1723 eorum
1330 1695 1431 1730 scripta
1444 1695 1588 1722 viderunt?
1601 1694 1661 1722 Non

871 1749 954 1772 certe.
968 1743 1045 1771 Unde
1058 1751 1124 1778 ergo
1141 1742 1176 1769 iis
1199 1741 1336 1773 innotuit,
1362 1748 1417 1775 quo
1438 1740 1509 1775 stylo
1537 1740 1580 1767 usi
1606 1740 1663 1767 sint

871 1790 1011 1817 Barnabas
1041 1793 1068 1815 et
1084 1787 1223 1823 lgnatius?
1249 1786 1284 1813 At
1304 1786 1433 1820 inquiunt
1446 1786 1490 1813 isti
1512 1793 1572 1813 sese
1587 1786 1662 1812 nihi-

871 1836 992 1862 lominus
1015 1835 1084 1862 scire
1104 1841 1167 1860 vera
1183 1840 1261 1865 esse,
1280 1840 1342 1866 quae
1355 1832 1483 1859 sentiant.
1501 1831 1529 1858 Si
1546 1832 1582 1858 ita
1604 1836 1660 1864 est,

866 1882 925 1916 jatn
940 1881 1053 1908 verbum
1071 1887 1126 1906 non
1149 1879 1258 1906 addam.
1278 1877 1441 1912 Pergamus,
1456 1881 1483 1904 ct
1500 1877 1660 1910 videamus,

870 1927 968 1962 ecquid
981 1934 1070 1962 opera:
1082 1924 1198 1960 pretium
1213 1924 1295 1951 fuerit
1309 1924 1342 1950 ad
1360 1924 1430 1951 hanc
1446 1922 1595 1958 Epistolam
1611 1923 1663 1950 ad-

872 1978 993 2001 notasse.

43 2094 1650 2111 Μ

794 2140 857 2184 IV

410 2233 467 2273 (Ex
485 2233 671 2273 praefatione
691 2229 852 2262 Editionis

74 2302 131 2330 Cum
143 2304 169 2332 in
181 2306 298 2333 editione
315 2305 480 2342 Scriptorum
496 2313 611 2334 celerant
626 2307 819 2334 ccrlesiastiro-
835 2307 857 2334 D

46 2355 93 2374 non
106 2358 226 2385 versarer,
246 2354 385 2387 prwterire
398 2361 449 2380 non
464 2354 540 2381 licuit
558 2353 587 2381 S.
606 2353 738 2380 Barnabas
755 2352 820 2387 Epi-

46 2395 141 2430 stulam,
161 2400 294 2433 primwvw
311 2400 497 2434 antiquitatis,
516 2401 665 2435 argumenti
688 2401 776 2433 sacri,
793 2403 818 2426 et

47 2444 145 2470 auctoris
161 2445 240 2480 (quod
259 2446 378 2481 prrufert)
399 2447 502 2474 nomine
521 2447 621 2481 pariter
635 2447 722 2477 sacri,
743 2455 816 2473 com-

46 2489 264 2518 mendatissimam.
280 2491 346 2518 Ηιεε
363 2497 502 2527 pastquam
521 2501 567 2527 per
586 2492 703 2526 plurima
718 2492 817 2518 swcula

47 2530 68 2555 in
82 2531 289 2562 bibliothecarum
308 2535 403 2570 pluteis
426 2537 588 2568 delituissct,
607 2537 814 2564 rcuercndissimi

49 2573 147 2610 Uuerii,
174 2580 338 2608 Arntacltani
357 2582 497 2616 primatis,
524 2583 613 2609 studio
641 2588 663 2609 et
689 2583 817 2617 auspiciis

46 2622 106 2652 prelo
119 2622 164 2650 hoc
179 2626 205 2652 in
219 2626 279 2652 loco
299 2626 489 2661 subjiciebatur
504 2635 549 2654 an.
573 2627 652 2653 1645.
673 2626 725 2654 Sed
742 2628 814 2654 urbis

49 2663 144 2694 Ozoniw
162 2674 233 2703 parte
255 2679 353 2705 magna
366 2672 439 2705 graui
454 2671 574 2698 incendio
589 2677 724 2706 correpta,
741 2677 816 2706 typo-

47 2712 171 2744 grapheum
180 2737 186 2748 ,
205 2724 264 2742 cunt
282 2721 339 2742 tota
352 2716 513 2750 supellectile
522 2737 529 2749 ,
545 2717 647 2744 schedia
661 2718 796 2751 impressis
807 2738 815 2748 ,

48 2762 68 2780 ει
83 2761 213 2794 exemplari
226 2764 284 2797 ipso
295 2783 302 2793 ,
317 2763 501 2797 conﬂagravit,
521 2763 561 2789 ita
580 2769 609 2789 ut
628 2771 660 2789 ex
673 2763 747 2789 clade
765 2763 817 2789 ista

50 2801 105 2828 nihil
118 2812 272 2841 superesset,
288 2812 384 2841 printer
397 2809 509 2843 paginas
529 2808 686 2840 nonnullas,
700 2816 758 2843 qua:
773 2816 817 2842 pc-

51 2856 87 2874 net
101 2857 276 2886 correctorem,
294 2859 422 2888 quantum
438 2854 566 2888 conjicere
580 2854 670 2886 datur,
690 2855 795 2889 [uerunt
808 2863 816 2886 ,'

52 2901 150 2930 measque
170 2899 205 2925 vir
223 2900 418 2927 eruditissimus
436 2899 580 2928 Eduard;m
594 2900 747 2928 Bernartius
765 2901 815 2929 SS.

868 2226 1069 2260 Oxonicnsis
1084 2226 1158 2257 anni
1178 2221 1280 2261 1680),

873 2303 952 2330 theol.
967 2303 1069 2335 doctor,
1084 2306 1108 2329 et
1118 2301 1288 2328 astronomite
1305 2299 1438 2334 professor
1452 2297 1603 2325 Sacilinnus
1613 2296 1671 2323 red-

872 2353 933 2379 cntit
946 2372 954 2384 ,
990 2350 1104 2384 mihith
1121 2349 1228 2384 benigne
1249 2346 1462 2374 communicarit.
1487 2344 1571 2371 Paulo
1586 2348 1662 2379 post,

869 2407 958 2433 nempe
970 2406 1039 2425 anno
1054 2397 1139 2428 ιϐιδ,
1155 2405 1219 2431 opus
1235 2395 1267 2422 ab
1283 2395 1394 2430 Ilugunc
1409 2393 1538 2420 Memmio
1548 2413 1555 2425 ,
1571 2399 1663 2418 mona-

873 2443 922 2471 c/to
935 2443 1144 2478 congregationis
1160 2441 1189 2469 S.
1203 2441 1308 2473 Mauri,
1324 2438 1540 2466 adnotationibus
1551 2437 1664 2464 eruditis

867 2490 1033 2516 illustratum
1041 2509 1048 2522 ,
1059 2497 1123 2516 cura
1134 2488 1278 2523 confratris
1290 2486 1369 2513 Lucra
1380 2485 1506 2512 Duc/tcrii
1514 2505 1522 2516 ,
1535 2483 1663 2513 Menordo

869 2541 954 2562 morte
975 2540 1120 2570 praerepto,
1149 2535 1176 2560 in
1198 2533 1283 2560 lucem
1306 2532 1422 2559 Parisiis
1442 2531 1551 2565 prodiit.
1578 2528 1664 2555 Porro

869 2589 913 2608 an.
931 2581 1000 2607 1646
1011 2579 1210 2607 illustrissimus
1224 2578 1256 2604 D.
1276 2577 1388 2604 Isaarus
1408 2576 1532 2608 Vossius,
1544 2575 1664 2602 luculen-

869 2627 980 2655 tissimw
998 2627 1055 2662 ejus
1071 2625 1254 2660 Epistolarum
1275 2623 1303 2650 S.
1321 2623 1423 2658 Ignotii
1437 2622 1548 2648 editioni
1564 2621 1663 2656 episto-

868 2673 923 2700 lam
937 2674 1004 2699 hanc
1015 2672 1157 2707 adjunxit;
1170 2675 1194 2696 et
1208 2673 1282 2696 notas
1294 2689 1300 2699 ,
1314 2667 1401 2695 breues
1413 2667 1532 2702 quidem,
1545 2667 1590 2693 sed
1602 2675 1663 2693 eru-

868 2719 939 2745 ditas
952 2717 1066 2744 addidit.
1077 2716 1187 2743 Demum
1197 2723 1241 2741 an.
1251 2712 1320 2740 1672
1326 2712 1407 2739 Joan.
1422 2710 1661 2745 Bapt.Cotelerius,

868 2765 1007 2793 Societatis
1019 2763 1170 2792 Sorbonicw
1182 2762 1316 2796 theologus
1326 2781 1333 2794 ,
1353 2758 1523 2787 Bibliotheca»
1537 2766 1593 2786 sua:
1610 2756 1660 2785 SS.

871 2810 984 2837 Patrum
999 2810 1044 2845 qui
1061 2809 1222 2843 temporibus
1239 2807 1394 2843 apostolicis
1410 2807 1575 2841 ﬂoruerunt,
1596 2804 1662 2839 Epi-

870 2857 966 2884 stolam
982 2857 1049 2883 hanc
1060 2856 1188 2889 inseruit,
1200 2855 1394 2890 rationemque
1406 2860 1498 2881 novam
1510 2851 1661 2882 adornavit,

871 2907 995 2933 notasque
1011 2901 1210 2929 laudatissima;
1223 2901 1355 2936 apposuit.
