2290 3110
583 160 634 188 667

1150 161 1179 190 S.
1202 160 1386 188 BARNABAS
1407 157 1623 187 APOSTOLUS.

2165 159 2213 187 668

619 219 686 252 Qui:
716 219 748 246 de
777 227 853 254 opere
875 220 932 255 ipso
956 220 1070 248 dicenda
1090 227 1248 256 supersunt,
1269 227 1298 248 ut
1323 222 1373 248 viri
1388 222 1411 251 Α
1424 219 1504 245 stolos
1518 227 1580 245 suo:
1597 218 1716 253 elegisset
1729 217 1826 252 Iesus,
1838 217 1969 253 quierant
1981 217 2055 244 animi
2070 217 2214 252 iniquitate

582 264 671 299 magni
693 265 827 292 memoriae
844 265 936 297 litem,
953 266 1036 293 verbis
1057 267 1234 294 illustrissimi
1249 267 1370 302 primatis

582 309 704 342 praadicti
714 329 721 341 ,
736 318 795 344 qua:
812 311 935 344 ﬂammas
948 318 1084 339 evaserant
1093 334 1100 344 ,
1114 312 1247 340 exhibebo.

580 381 672 400 JACOBI
689 382 841 401 ARIACHANI
852 382 886 401 DE
901 383 1026 402 ΒΛΒΝΛΒᾸΞ
1044 384 1173 404 EPISTULA
1187 385 1368 404 PREMONITIO.

620 441 629 456 ι
642 430 785 466 Polycarpi
800 432 832 458 ad
843 431 1030 467 Philippenses
1044 433 1203 468 Epistulam,
1217 434 1294 469 longe
1305 442 1369 469 pro—

581 477 707 504 lixiorem
730 477 774 504 illa
798 485 859 512 qum
883 478 999 505 habetur
1021 481 1092 514 typis
1105 487 1221 512 excusa,
1245 479 1316 514 apud
1339 488 1368 507 se

581 522 675 549 Graece
701 522 832 557 scriptam
853 523 1006 555 exstitisse,
1033 523 1173 551 Baronio’
1195 529 1368 558 persuaserat

580 566 744 594 Franciscus
770 566 939 600 Turrianus,
962 567 1105 595 Societatis
1132 568 1196 596 Jesu
1215 569 1364 605 presbyter.

581 612 633 639 Sed
657 613 803 647 exemplari
826 613 899 640 illius
921 613 1078 648 diligentius
1102 614 1240 649 inspecto,
1263 618 1366 648 partem

579 657 665 692 ipsius
681 658 827 685 maximam
843 659 876 685 ad
890 659 1033 693 epistolam
1045 680 1053 691 ,
1076 668 1136 694 qme
1151 659 1282 687 Barnabw
1300 668 1366 695 apo-

578 702 638 730 stoli
654 702 793 730 ferebatur
804 703 868 730 olim
886 704 994 731 nomine
1005 725 1012 737 ,
1024 705 1202 739 pertinuisse,
1214 705 1364 739 deprchen—

578 748 618 774 dit
631 753 725 782 postea
743 747 861 776 Jacobus
882 748 1061 782 Sirmondus,
1076 750 1197 784 ejusdem
1221 750 1365 778 Soeietatis

578 793 729 829 theologus.
754 793 847 830 Neque
867 795 945 822 aliter
969 795 1116 829 habuisse,
1133 796 1174 823 vel
1195 796 1365 824 bibliotheca:

577 838 731 873 Vaticanae,
744 841 785 868 vel
800 841 946 868 cardinalis
967 841 1115 869 Columnmi
1130 842 1239 869 codices
1250 862 1257 874 ,
1269 847 1362 869 osten-

576 883 616 911 dit
629 883 725 912 Petrus
739 884 890 913 Halloixius
900 886 921 919 ³,
939 890 965 913 et
980 887 1037 921 ipse
1052 886 1163 922 jesuita.

613 950 623 968 ε
635 940 736 977 Nempe
749 942 776 969 in
788 942 877 977 primo
889 944 1037 978 exemplari
1049 965 1056 977 ,
1072 952 1105 971 ex
1120 951 1175 979 quo
1190 944 1364 972 Columnaeus

575 986 620 1014 ille
641 987 726 1014 codex
746 989 803 1024 (qui
822 989 944 1016 omnium
965 994 1076 1024 putatur
1096 990 1318 1024 antiquissimusl
1337 995 1364 1018 et

574 1033 670 1068 reliqui
684 1033 730 1068 qui
746 1039 893 1068 supersunt
906 1035 986 1062 hodie
1003 1040 1067 1063 sunt
1080 1036 1225 1071 descripti,
1238 1036 1364 1064 librario-

573 1086 634 1105 rum
653 1078 719 1106 vitio
741 1081 884 1114 quaternio
909 1081 950 1107 vel
971 1081 1091 1108 omissus
1113 1082 1155 1108 vel
1181 1082 1363 1117 transpositus

572 1127 615 1150 est
628 1132 636 1150 :
653 1124 731 1159 cujus
744 1124 850 1153 defectu
870 1125 973 1153 factum
988 1131 1048 1159 est,
1064 1131 1094 1154 ut
1109 1127 1135 1153 in
1150 1126 1253 1155 Graecis
1265 1135 1362 1162 super-

572 1170 682 1198 stitibus
697 1176 725 1198 et
739 1171 819 1198 linem
833 1172 956 1207 epistola:
971 1172 1113 1208 Polycarpi
1127 1172 1324 1206 desideremus,
1335 1178 1362 1201 et

572 1215 737 1250 principium
753 1215 896 1246 Barnabar.

610 1269 619 1287 ι
634 1260 702 1288 Nam
717 1262 794 1297 longe
808 1264 1009 1298 antiquioribus
1024 1264 1106 1291 etiam
1119 1265 1297 1299 temporibus,
1307 1273 1361 1294 non

572 1305 668 1342 lgnatii
683 1308 772 1335 solum
787 1309 890 1336 litteras
905 1309 969 1336 huic
983 1309 1126 1345 Polycarpi
1139 1309 1267 1344 Epistolas!
1279 1310 1361 1345 (quod

571 1360 605 1379 ex
626 1353 679 1380 line
697 1354 782 1388 ipsius
807 1354 902 1389 liquet)
929 1355 1065 1390 subjectas
1084 1355 1187 1387 fuisse,
1209 1355 1262 1382 sed‘
1280 1356 1361 1382 simul

571 1405 634 1424 cum
652 1398 693 1426 eis
704 1403 729 1425 et
742 1398 822 1425 istam
838 1398 969 1426 Barnabm
982 1409 989 1426 :
1002 1408 1035 1426 ex
1047 1399 1093 1427 illo
1108 1399 1266 1435 Hieronymi
1289 1400 1359 1432 loco,

571 1442 598 1469 in
612 1443 682 1471 libro
703 1451 734 1470 Ill
758 1443 881 1472 adversus
902 1445 1075 1481 Pelagianos,
1088 1445 1244 1473 blandiente
1267 1446 1361 1481 conje-

571 1492 665 1520 ctura,
684 1494 713 1516 ut
728 1490 882 1522 crederem,
900 1491 1102 1525 peneinductus
1118 1499 1178 1518 sum
1195 1501 1201 1518 :
1218 1491 1340 1527 Ignatius
1351 1511 1358 1524 ,

570 1536 611 1562 air
630 1536 789 1569 apostolicus
812 1541 835 1563 et
858 1541 969 1572 martyr,
988 1537 1079 1564 scribit
1102 1537 1253 1564 audacter:
1273 1538 1360 1573 Elegit

1420 265 1574 299 iniquiores.
1588 263 1639 290 Ubi
1651 263 1815 290 Catholicam
1831 264 1901 292 hanc
1915 264 2035 299 appellat
2046 264 2193 298 epistolam
2203 285 2210 295 ,

1420 311 1492 345 quod
1517 310 1584 337 nulli
1608 309 1766 345 particulari
1793 310 1833 337 vel
1861 317 1998 344 personae,
2018 310 2060 337 vel
2084 309 2211 336 Ecclesia:

1421 356 1552 390 inscripta
1575 363 1606 382 ea
1635 359 1727 388 esset,
1757 355 1805 382 sed
1829 355 2049 382 Christianorum
2075 353 2210 387 fratrum,

1419 400 1578 434 ubicunque
1591 399 1747 435 degentium
1758 419 1766 431 ,
1782 400 1831 434 ipsi
1844 399 2026 426 universitati.
2039 398 2134 433 Neque
2145 405 2210 426 vero

1419 446 1574 479 mirabitur,
1600 445 1697 481 lgnatii
1730 448 1841 473 nomine
1868 446 2029 480 productum
2057 445 2145 472 fuisse
2175 445 2210 473 ab

1418 491 1594 528 Hieronymo,
1606 491 1678 527 quod
1689 496 1749 518 erat
1759 491 1888 518 Barnabas
1901 500 1908 524 ;
1923 491 1970 526 qui
1982 490 2115 518 Barnabze
2125 491 2209 518 etiam

1418 538 1497 566 titulo
1525 546 1540 565 a
1563 538 1703 565 Clemente
1717 537 1902 564 Alexandrino
1923 537 2064 564 laudatum
2084 537 2212 569 animad—

1417 585 1545 618 verterit,
1562 585 1635 619 quod
1656 584 1781 611 Romano
1806 583 1941 611 Clementi
1960 583 2049 610 fuerat
2064 583 2209 610 ascriben-

1415 630 1491 658 dum.
1505 630 1530 658 Is
1540 630 1613 657 enim
1630 630 1712 657 citato
1725 631 1786 657 loco
1810 629 1909 664 psalmi
1934 629 2052 665 (Aperite
2065 629 2132 655 mihi
2147 637 2209 662 por-

1417 680 1457 702 tas
1472 675 1605 709 justitiw,
1625 676 1651 702 in
1668 676 1740 709 ipsas
1763 676 1894 709 ingressus
1914 674 2058 708 conﬁtebor
2077 673 2208 705 Domino;

1415 720 1470 747 haec
1487 725 1525 747 est
1547 725 1624 755 porta
1645 720 1769 754 Domini,
1782 721 1850 755 justi
1874 719 2026 747 transibunt
2041 728 2089 755 per
2102 727 2162 746 eam
2173 720 2207 753 ε),

1414 766 1554 800 propheta:
1565 766 1666 793 dictum
1681 766 1731 794 hoc
1742 774 1757 793 a
1769 766 1893 794 Barnaba
1904 766 1944 793 sic
1953 766 2109 800 expositum
2123 765 2210 792 fuisse

1414 810 1468 837 ait:
1483 810 1590 837 Πολλῶν
1617 810 1708 837 πυλῶν
1731 811 1902 847 ἀνειιηκυιῶν,
1926 812 1943 847 ἡ
1964 810 2029 847 [ὲν]
2048 810 2208 846 δικαιοσύνῃ

1415 854 1484 891 αὕτη
1511 856 1618 891 ἑστὶνή
1644 857 1673 884 ὲν
1687 856 1812 892 Χριστῷ,
1830 853 1888 893 ἐνῇ
1907 857 2035 892 μακάριοι
2057 857 2159 888 πάντες
2181 857 2207 882 οἰ

1379 910 1400 937 Β
1414 901 1586 933 εἰσελθόντες.
1609 902 1676 929 Cum
1699 902 1790 930 multm
1815 907 1898 937 portte
1920 903 1974 930 sint
2005 907 2123 938 apertw;
2148 910 2207 938 qua

1413 947 1594 982 estjustitiw,
1613 956 1645 975 ea
1661 953 1699 975 est
1715 949 1743 975 in
1764 948 1870 976 Christo
1884 956 1893 974 :
1911 957 1939 975 m
1955 957 2032 984 quam
2055 949 2127 975 beati
2145 953 2207 975 sunt

1413 1000 1501 1019 omnes
1521 994 1566 1028 qui
1588 998 1649 1020 sunt
1665 994 1787 1029 ingressi.
1807 993 1873 1027 Qua:
1891 994 2017 1029 quidem,
2033 994 2059 1020 in
2081 993 2207 1021 Barnaba

1413 1036 1517 1063 frustra
1541 1037 1673 1072 quaesita,
1701 1038 1729 1064 in
1756 1039 1847 1073 priore
1867 1038 2015 1066 Clementis
2041 1038 2163 1073 Epistula
2180 1042 2207 1072 (a

1412 1082 1571 1109 doctissimo
1582 1082 1701 1111 Patricio
1711 1083 1794 1111 Junio
1808 1092 1862 1111 non
1877 1084 1913 1112 ita
1925 1084 2028 1120 pridem
2042 1085 2127 1120 edita)
2142 1086 2208 1113 toti-

1412 1126 1473 1154 dcm
1488 1126 1578 1154 verbis
1592 1135 1721 1162 expressa
1736 1129 1902 1156 invenimus.

1453 1180 1463 1197 ι
1479 1170 1564 1203 Porro
1578 1172 1647 1199 duas
1663 1173 1746 1200 hasce
1764 1173 1937 1208 imperfectas
1949 1173 2090 1209 Polycarpi
2102 1178 2131 1201 et
2142 1173 2207 1200 Bar-

1411 1218 1490 1246 nabze
1504 1219 1613 1248 Graacas
1628 1221 1757 1255 epistolas
1767 1241 1774 1255 ,
1793 1229 1825 1248 ex
1841 1221 1957 1249 Andreae
1971 1221 2076 1250 Schotti
2089 1230 2206 1258 apugra-

1412 1264 1466 1299 pho
1481 1272 1530 1292 sua
1553 1273 1634 1293 manu
1656 1267 1807 1301 descriptas
1823 1268 1865 1294 vir
1885 1267 2056 1296 clarissimus
2071 1269 2206 1296 Claudius

1412 1310 1580 1344 Salmasius,
1596 1320 1649 1339 una
1669 1320 1733 1340 cum
1747 1313 1860 1348 antiqua
1879 1313 1974 1341 Latina
1988 1314 2121 1342 Barnabas
2142 1323 2206 1342 ver-

1411 1357 1508 1391 sione,
1529 1365 1562 1384 ex
1574 1363 1664 1386 vetere
1683 1358 1856 1387 Corbeiensis
1878 1360 2050 1388 bibliothecae
2071 1361 2166 1388 codice
2191 1370 2206 1389 a

1410 1401 1517 1429 Joanne
1531 1402 1665 1431 Cordesio
1678 1404 1812 1439 exscripta
1825 1425 1832 1438 ,
1848 1403 1942 1432 lsaaco
1956 1404 2053 1433 Vossio
2062 1427 2069 1438 ,
2081 1406 2206 1432 celeber-

1411 1447 1474 1474 rimi
1498 1448 1571 1476 illius
1588 1448 1702 1476 Gerardi
1722 1450 1777 1476 ﬁlio
1789 1470 1796 1483 ,
1813 1458 1927 1477 summie
1943 1451 1998 1485 spei
2016 1451 2130 1485 juveni,
2148 1457 2205 1478 tra<

1411 1494 1501 1522 didit:
1533 1503 1614 1530 quam
1637 1503 1699 1522 cum
1723 1496 1817 1523 GNBCO
1839 1496 1970 1524 Barnaba:
1990 1501 2063 1524 textu
2087 1498 2206 1532 conjun—

1411 1545 1499 1573 ctam,
1525 1541 1623 1569 additis
1645 1542 1853 1569 ctiamcruditis
1871 1542 2002 1575 notis,ad
2025 1543 2130 1577 prelum
2157 1542 2202 1569 ille

570 1580 699 1607 Domitius
715 1582 863 1616 apostolos,
877 1583 922 1618 qui
939 1590 1017 1616 super
1031 1591 1118 1609 omnes
1134 1583 1250 1609 homines
1268 1591 1359 1618 pecca-
1373 1581 1394 1611 C
1410 1587 1561 1622 apparavit.
1575 1585 1611 1614 Ut
1628 1587 1709 1622 igitur
1730 1587 1756 1614 in
1776 1586 1898 1623 Sylloges
1916 1588 1998 1622 hujus
2013 1588 2109 1621 initio,
2127 1587 2207 1615 Cm:-

571 1631 639 1653 tares
663 1633 749 1654 erant.
775 1626 810 1655 Ut
837 1628 909 1654 enim
933 1629 959 1654 in
985 1629 1136 1663 posteriore
1156 1628 1359 1664 lgnatianarum

569 1672 753 1707 Epistolarum
767 1674 927 1701 collectione
937 1695 944 1706 ,
954 1682 1016 1701 cum
1035 1675 1147 1710 reliquis
1158 1675 1276 1710 praeﬁxa:
1291 1675 1360 1703 fuis-

570 1720 637 1746 sent‘
653 1718 745 1746 Marizc
763 1719 936 1747 Castabalitze
956 1721 1066 1747 nomine
1089 1721 1226 1756 inscripta:
1247 1722 1359 1755 litterae,

569 1773 616 1792 eas
627 1766 710 1793 etiam
727 1766 813 1801 ipsius
829 1766 925 1800 lgnatii
942 1767 1073 1802 inscripto
1089 1767 1184 1801 titulo,
1205 1768 1231 1794 in
1248 1768 1359 1795 Antonii

569 1812 701 1839 Melissa‘
729 1813 875 1848 productas
910 1813 996 1841 fuisse
1020 1813 1263 1841 animadvertimus
1288 1823 1294 1841 :
1323 1815 1359 1841 ita

568 1860 650 1887 etiam
665 1860 692 1886 in
711 1861 800 1895 priore
819 1861 880 1892 illa,
893 1868 955 1888 cum
972 1861 1043 1888 inter
1059 1860 1201 1895 Polycarpi
1220 1865 1247 1888 et
1263 1860 1358 1896 lgnatii

568 1906 655 1933 eidem
670 1906 830 1941 subjunctas
845 1907 990 1941 epistolas,
1003 1907 1085 1934 etiam
1105 1907 1150 1933 illa
1171 1906 1303 1934 Barnabas
1318 1907 1359 1933 in-

570 1952 701 1985 terposita
732 1951 888 1987 legeretur;
917 1960 970 1979 non
999 1953 1099 1979 mirum
1129 1952 1151 1978 si
1179 1952 1358 1988 ἁμαρτήματι

570 1997 727 2031 μνημονικῷ
744 1997 901 2030 consimili,
925 2001 952 2024 et
977 1998 1072 2024 eodem
1097 1997 1177 2024 modo
1190 1996 1356 2030 excusabili,

568 2042 663 2077 Ignatii
679 2044 789 2070 nomine
804 2044 928 2070 citaverit
946 2043 1145 2079 Hieronymus,
1161 2044 1234 2078 quod
1249 2043 1357 2078 proprie

567 2093 627 2115 erat
640 2088 813 2115 tribuendum
828 2089 968 2116 Barnabte.

606 2142 616 2159 ‹
629 2133 658 2160 ln
675 2142 706 2160 ea
721 2134 812 2167 enim,
823 2142 906 2168 quam
924 2142 997 2161 nunc
1010 2134 1124 2167 damus,
1139 2134 1212 2162 illius
1223 2134 1356 2169 Epistola,

568 2180 703 2208 sententia
726 2180 784 2208 haec
797 2185 904 2215 reperta
920 2181 1062 2212 est:‘l‘obc;
1086 2180 1166 2212 ἰδίους
1194 2181 1357 2213 ἀποστόλους

567 2226 630 2258 τοὺς
648 2226 792 2261 μέλλοντας
807 2226 954 2262 κηρύσσειν
970 2226 1000 2253 τὸ
1009 2225 1171 2261 Εὐαγγέλιον
1183 2227 1265 2253 αὐτοῦ
1277 2247 1284 2259 ,
1299 2227 1358 2260 ἐξε-

567 2272 663 2305 λέξατο
681 2272 761 2304 ὄντας
784 2272 854 2308 ὑπὲρ
879 2273 968 2299 πᾶσαν
989 2273 1124 2308 ἁμαρτίαν
1156 2273 1353 2309 ἀνομωτέρους.

568 2321 654 2354 Quam
664 2325 688 2347 et
699 2320 923 2355 antellieronymi
933 2325 1054 2354 tempora
1066 2320 1090 2346 in
1102 2319 1196 2346 eadem
1209 2320 1358 2353 exstitisse,

566 2368 649 2394 verba
672 2367 716 2394 illa
733 2366 858 2401 Origenis
871 2367 881 2382 ⁵
895 2366 974 2393 fidem
990 2366 1092 2392 faciunt
1107 2374 1113 2391 ε
1137 2374 1145 2390 ι
1159 2365 1313 2401 Γέγραπται
1329 2366 1357 2392 δὲ

567 2414 595 2440 ἐν
607 2415 639 2449 τῇ
651 2414 777 2449 Βαρνάϐα
788 2412 924 2447 Καθολικῇ
939 2411 1067 2447 ἐπιστολῇ
1085 2411 1155 2444 (ὅθεν
1168 2412 1181 2438 ὸ
1194 2411 1295 2443 Κέλσος
1308 2412 1356 2437 λα-

567 2459 621 2486 ὕὼν
637 2461 706 2495 τάχα
721 2459 808 2490 εἶπεν,
826 2457 893 2485 εἶναι
907 2459 1072 2493 ὲπιῤῥήτους
1088 2457 1134 2483 καὶ
1157 2458 1356 2492 πονηροτάτους

566 2507 629 2539 τοὺς
654 2506 887 2540 ἁποστόλο·.›ς),ὅτι
904 2505 1043 2538 ἐξελέξατο
1057 2505 1119 2532 τοὺς
1135 2503 1215 2534 ἰδίους
1242 2503 1357 2529 ἀποστά-

567 2553 628 2585 λους
648 2553 750 2588 Ἰησοῦς
773 2552 852 2583 ὖντας
879 2551 949 2587 ὑπὲρ
972 2551 1061 2577 πᾶσαν
1081 2549 1193 2584 ἀνομίαν
1218 2549 1354 2584 ἀνομωτέ-

567 2608 655 2634 pauc.»
666 2598 800 2632 Scriptum
822 2602 861 2624 cst
886 2605 948 2623 sane
965 2597 990 2623 in
1002 2595 1134 2622 Barnast
1150 2593 1288 2621 Catholica
1299 2595 1355 2629 cpi--

566 2645 635 2670 stola
668 2644 747 2678 (unde
765 2644 879 2679 fortasse
895 2642 986 2670 Celsus
1001 2643 1165 2668 occasionem
1178 2641 1307 2675 arripuit,
1324 2647 1353 2668 ut

566 2689 699 2723 apostolos
716 2689 827 2724 infantes
842 2694 865 2715 et
882 2688 1053 2722 nequissimos
1068 2686 1194 2722 diceret),
1206 2686 1276 2721 quod
1290 2695 1354 2720 apo-

603 2760 613 2775 '
625 2759 736 2791 Baron.,
748 2758 840 2786 Natat.
859 2759 886 2784 in
897 2757 1070 2792 .llarlyrolog.
1090 2757 1163 2784 Rom.
1174 2756 1286 2784 Ianuar.
1303 2757 1348 2783 26.

595 2794 695 2822 Meliss.
710 2793 757 2820 lib.
772 2802 800 2825 ιι,
815 2801 898 2820 scrin.
930 2793 973 2820 19.

1376 2249 1395 2276 D

1412 1639 1475 1658 cum
1498 1631 1676 1667 Polycarpum
1687 1652 1695 1665 ,
1710 1633 1860 1667 posteriore
1885 1633 1927 1660 sui
1949 1637 2025 1667 parte
2041 1640 2073 1660 cx
2090 1634 2206 1668 antiqua

1413 1678 1540 1705 versione
1558 1677 1654 1704 Latina
1671 1677 1824 1712 suppletum
1835 1698 1843 1711 ,
1860 1678 2033 1705 exhibuimus
2047 1687 2053 1704 :
2072 1679 2108 1704 ita
2125 1682 2154 1705 et
2171 1679 2206 1704 ad

1410 1724 1470 1759 ejus
1490 1724 1570 1751 tinem
1591 1723 1747 1750 Barnabam
1759 1743 1766 1756 ,
1787 1723 1877 1758 priore
1891 1724 1932 1750 sui
1948 1728 2026 1758 parte
2040 1731 2074 1751 ex
2088 1724 2144 1750 alia
2159 1732 2206 1751 ve-

1411 1774 1468 1797 tere
1495 1769 1719 1805 interpretatione
1743 1769 1867 1796 similiter
1889 1769 2103 1805 redintegratum
2131 1770 2204 1802 (non

1410 1816 1470 1843 sine
1492 1815 1681 1843 humanissimi
1704 1815 1794 1843 Vossii
1813 1816 1973 1850 consensu)
2006 1822 2206 1850 repraesentare

1410 1862 1499 1889 visum
1524 1861 1585 1888 fuit.
1603 1861 1642 1888 Ex
1665 1861 1745 1896 cujus
1767 1861 1912 1896 utriusque
1933 1861 2080 1889 collatione
2106 1867 2205 1889 mutua

1409 1911 1450 1934 est
1460 1907 1670 1942 deprehensum,
1686 1914 1739 1933 non
1752 1907 1841 1933 solum
1858 1907 1975 1940 primam
1992 1906 2121 1941 Epistolte
2141 1915 2205 1941 par-

1410 1958 1463 1981 tem
1478 1953 1504 1980 in
1520 1952 1670 1988 exemplari
1682 1952 1780 1979 Latino
1796 1952 1881 1980 fuisse
1894 1958 2084 1980 conservatam
2094 1974 2101 1985 ,
2119 1961 2204 1988 quam

1408 1999 1528 2026 defuisse
1549 1999 1670 2026 diximus
1692 1999 1718 2025 in
1735 1998 1845 2031 Graeco;
1868 1999 1914 2025 sed
1933 1999 2014 2025 etiam
2035 2003 2204 2033 postremam

1409 2045 1468 2071 vice
1480 2052 1558 2071 versa
1574 2048 1706 2071 retentam
1722 2043 1806 2070 fuisse
1831 2043 1857 2070 in
1873 2043 1983 2075 Graeco,
1999 2051 2059 2078 quae
2077 2044 2174 2071 aberat
2190 2052 2205 2071 τι

1409 2089 1521 2122 Latino,
1538 2094 1619 2124 atque
1632 2091 1658 2116 in
1672 2089 1841 2116 intermediis
1855 2094 1995 2123 prater-ca,
2008 2091 2142 2116 nonnulla
2157 2090 2206 2116 ha-

1409 2136 1472 2163 bere
1491 2135 1615 2163 Graecum
1634 2143 1694 2170 qua:
1712 2135 1812 2162 desunt
1831 2135 1858 2161 in
1879 2134 1976 2162 Latino
1988 2135 2008 2168 ⁷,
2028 2139 2054 2162 et
2073 2135 2204 2163 Latinum

1410 2188 1506 2208 rursus
1522 2189 1583 2215 quae
1600 2188 1654 2207 non
1669 2180 1842 2214 reperiuntur
1856 2180 1882 2206 in
1895 2180 2007 2213 Graeco;
2027 2181 2107 2215 cujus
2120 2190 2204 2216 gene-

1410 2227 1448 2255 ris
1467 2234 1498 2254 ea
1516 2231 1598 2259 sunt,
1617 2233 1679 2260 qua:
1694 2226 1722 2252 in
1738 2229 1855 2260 utroque
1871 2231 1999 2253 contextu
2018 2228 2096 2254 tineis
2116 2228 2206 2254 inclu-

1411 2272 1499 2299 denda
1517 2272 1684 2299 curavimus.

1448 2327 1457 2343 σ
1473 2317 1512 2345 Ex
1527 2318 1634 2345 duobus
1648 2323 1739 2345 autem
1757 2319 1903 2354 prmeipuis
1923 2319 2053 2345 membris
2069 2322 2126 2346 tota
2146 2319 2205 2346 lucc

1409 2367 1515 2391 constat
1534 2362 1652 2397 Epistula
1666 2373 1672 2390 :
1690 2372 1752 2398 qua;
1773 2364 1800 2390 in
1818 2369 1944 2391 contextu
1957 2363 2052 2391 Graeco
2067 2364 2118 2391 hac
2132 2365 2205 2391 inter

1408 2418 1437 2437 sc
1453 2412 1613 2439 transitione
1626 2419 1748 2439 connexa
1764 2412 1898 2439 videmus.
1917 2412 2010 2438 Ταῦτα
2021 2411 2080 2446 μὲν
2094 2412 2203 2444 οὕτως.

1407 2457 1624 2492 Μεταλάϐωμεν
1638 2457 1672 2484 δὲ
1690 2458 1740 2484 καὶ
1759 2457 1808 2484 ἐπὶ
1829 2457 1934 2491 ἑτέραν
1951 2456 2064 2491 γνῶσιν
2084 2457 2135 2482 καὶ
2159 2457 2203 2482 δι-

1407 2501 1516 2536 δαχὴν·
1538 2503 1583 2530 ubi
1603 2511 1653 2538 pro
1670 2502 1897 2542 μεταλάϐωμεν,
1915 2503 1959 2529 alii
1976 2502 2200 2536 μεταϐάίωμῢκ

1406 2547 1540 2576 Patricius
1554 2549 1652 2577 Junius
1674 2554 1767 2576 noster
1783 2549 1953 2583 μεταϐῶμεν
1974 2549 2119 2583 legendum
2135 2557 2202 2576 con-

1403 2594 1473 2629 jicit.
1487 2595 1515 2621 In
1527 2595 1617 2629 priore
1633 2600 1725 2622 autem
1742 2600 1819 2630 parte
1830 2595 1963 2622 sententia
1977 2595 2034 2621 haec
2047 2595 2128 2630 longe
2139 2600 2201 2621 ante

1405 2645 1581 2675 praecesserat
1607 2649 1613 2668 :
1638 2641 1729 2676 Ἔχεις
1758 2641 1805 2668 καὶ
1825 2642 1853 2668 ἐν
1883 2641 1969 2677 τούτῳ
1984 2640 2032 2676 τὴν
2052 2640 2134 2672 δόξαν
2153 2640 2199 2666 τοῦ

1411 2686 1515 2721 Ἰησοῦ,
1538 2687 1578 2713 ὅτι
1596 2687 1625 2713 ὲν
1647 2686 1719 2721 αὐτῷ
1739 2686 1846 2719 πάντα,
1869 2687 1914 2713 καὶ
1928 2688 1967 2718 εἰς
1991 2685 2090 2721 αὐτόνἰ
2115 2693 2198 2720 quant

1388 2757 1398 2772 ⁸
1412 2756 1442 2783 P.
1455 2757 1571 2786 Halloix.
1581 2757 1677 2785 Natat.
1690 2759 1715 2785 in
1725 2758 1777 2785 Vit.
1793 2757 1945 2792 Polycarpi,
1958 2764 2019 2792 cap.
2036 2756 2080 2788 16,
2096 2756 2139 2786 i7.
2153 2755 2195 2792 18.

1029 2789 1274 2828 lxVOrigeuacontra
1296 2791 1411 2828 Celsum,
1424 2793 1471 2819 lib.
1491 2801 1510 2826 I,
1525 2802 1550 2828 p.
1567 2793 1611 2820 50.
1650 2795 1660 2808 ’⁵
1676 2793 1748 2820 Psal.
1766 2789 1868 2822 cxvui.
1888 2789 1925 2828 al.
1944 2789 2016 2819 cxvii
2029 2812 2036 2823 ,
2049 2800 2074 2828 υ.
2091 2792 2138 2824 19,
2150 2789 2195 2828 20.

599 2829 745 2863 Ιιιιυτίιιιω
768 2834 795 2856 et
821 2827 906 2860 illul,
943 2836 957 2854 a
987 2827 1127 2855 Cletnenle
1151 2826 1299 2854 Alexandr.
1331 2835 1344 2853 ν
1370 2826 1498 2855 Stromat.

1293 2847 1299 2854 .
1331 2835 1344 2853 ν
1370 2826 1498 2855 Stromat.
1525 2826 1673 2856 'citatum:
1698 2828 1894 2864 Ἀτλούσ-τερον
1915 2827 1980 2863 ὑμῖν
2011 2827 2130 2862 γράφω,
2153 2826 2194 2852 ἳνα

573 2864 695 2898 συνξητε.
