2290 3110
28 173 68 202 €69

29 240 90 262 vetus
100 233 204 261 Latinus
220 233 354 268 interpres
372 241 423 262 suo
437 234 498 262 loco
510 238 611 262 motam
630 235 783 263 huctrans-
798 241 820 267 Α

29 281 90 313 tulit,
102 280 178 308 totius
197 279 325 314 Epistolis
353 280 489 316 epilogum
508 281 581 308 hunc
600 281 666 308 satis
690 281 785 308 incon-

26 327 117 354 cinuum
129 329 258 354 statuens.
273 325 337 353 Ηιτο
351 332 439 353 autem
450 327 488 354 sic
502 331 572 354 sunt.
589 326 697 354 Habetis
715 327 783 354 inte-

26 373 65 400 rim
74 372 102 400 de
112 373 243 407 majestate
257 373 373 403 Christi,
389 374 518 408 quomodo
537 375 625 400 omnia
646 374 674 400 in
691 374 784 408 illum,

26 423 45 445 et
56 427 94 452 per
104 418 174 445 illum
185 419 257 454 facta
269 424 340 447 sunt.
355 419 406 447 Cui
420 420 455 446 sit
466 419 559 452 Itonor,
575 421 667 452 uirtus,
687 419 783 455 gloria,

23 471 80 490 nunc
100 468 122 490 et
143 465 169 490 in
189 464 287 492 sitcula
309 465 475 492 saeculorum.
502 465 627 492 Secunda
657 465 784 500 Epistolae

27 512 85 543 parte
101 508 212 542 penitus
222 509 405 544 prietermissa
419 519 425 536 :
439 517 522 544 quam
546 510 663 543 idcirco,
689 510 784 538 Latina

26 554 178 582 eruditissimi
201 555 315 583 Gcrardi
330 555 482 591 Langbaini
508 557 651 590 versione,
677 557 704 584 in
733 557 784 585 hac

26 599 121 626 editione
131 600 345 635 locupletaudam
360 602 527 630 curavimus.

54 654 62 670 ι
73 645 108 671 Ab
124 645 173 673 hac
192 653 257 673 vero
274 647 387 673 duarum
400 648 502 674 viarum
522 649 696 677 distinctione
722 658 784 685 pars

26 690 65 717 ista
82 691 148 718 ducit
168 692 332 720 exordium:
363 693 430 720 ’0δοὶ
458 693 505 720 δύο
531 695 584 721 εἰσὶ
607 695 716 730 διδαχῆς
739 695 785 722 καὶ

25 735 138 768 ἐξουσίας·
155 737 172 772 ἢ
187 746 215 763 τε
231 737 280 764 τοῦ
297 738 384 772 φωτὸς
395 759 402 770 ,
426 740 499 775 καὶή
521 739 567 766 τοῦ
587 741 706 772 σκότους.
723 742 786 768 Δια-

26 781 81 816 φορέι
88 782 112 808 δὲ
124 782 204 818 πολλὴ
219 783 274 810 τῶν
284 783 330 810 δύο
338 784 414 811 ὁδῶν·
429 785 470 819 ἐφ’
477 782 511 820 ἦς
521 785 569 820 μὲν
577 786 630 821 γάρ
638 787 690 813 εἰσι
705 795 785 813 τετα-

26 828 100 862 γμένοι
113 831 269 864 φωταγωγοὶ
282 830 390 865 ἄγγελοι
406 831 453 858 τοῦ
466 832 544 865 Θεοῦ,
559 833 600 868 ἐφ’
616 830 649 868 ἧς
656 833 685 860 δὲ
702 833 784 867 ἄγγε-

25 874 54 900 λοι
66 875 106 901 τοῦ
118 876 228 903 Σατανᾶ.
246 877 287 904 Ad
298 885 358 911 qua:
381 878 463 906 verba
479 880 631 914 respexisse
639 879 783 914 Origenem

25 928 66 947 non
79 925 115 948 est
125 922 232 949 dubium
244 943 250 954 ,
269 923 296 949 in
312 923 381 951 libro
402 932 433 951 ιιι
457 925 527 959 Περὶ
542 924 652 959 ἀρχῶν,
668 933 728 959 cap.
748 925 781 957 2,
799 916 820 942 Β

24 965 51 992 ita
61 967 207 995 scribentem
221 978 228 995 τ
243 968 343 996 Eadem
355 978 455 1005 quoque
466 970 605 997 Barnabas
620 971 646 997 in
662 970 782 1005 Epistola

25 1020 60 1038 tua
71 1013 195 1047 declarat,
213 1024 275 1041 cum
288 1016 355 1043 duas
370 1017 425 1043 vias
439 1025 493 1044 esse
509 1017 589 1050 dicit,
605 1025 685 1044 unam
696 1017 763 1044 lucis
773 1037 781 1051 ,

24 1058 112 1084 alterum
127 1059 309 1092 tenebrarum;
329 1061 422 1096 quibus
435 1066 460 1088 et
475 1070 586 1096 prwetse
605 1066 689 1088 certas
704 1070 783 1096 quos-
807 1068 810 1071 '

23 1111 59 1136 que
72 1104 166 1139 angelos
182 1105 267 1132 dicit:
283 1106 331 1132 via:
348 1107 453 1141 quidem
475 1107 542 1133 lucis
555 1127 562 1139 ,
577 1107 682 1142 angelos
699 1107 781 1138 lucis,

24 1149 161 1176 tenebrarum
176 1155 264 1177 autem
286 1151 352 1185 vite,
371 1151 476 1187 angelos
496 1151 615 1179 Satanae.
634 1151 691 1179 Etsi
708 1153 781 1179 enim

23 1193 43 1218 in
64 1194 142 1228 priore
165 1204 276 1231 quoque
301 1196 428 1231 Epistula:
454 1203 529 1233 parte
560 1198 621 1233 (uti
646 1198 728 1225 etiam
754 1198 781 1225 itt

23 1240 295 1272 pseudo-Clementinis
311 1243 559 1271 Constitutionibus
568 1244 588 1278 ⁸,
600 1252 716 1279 quarum
734 1252 782 1271 au-

22 1288 102 1312 ctorem
112 1306 119 1318 ,
132 1290 160 1313 ut
175 1294 207 1314 ex
223 1286 350 1315 Romano
363 1287 516 1323 Clemente,
533 1289 655 1325 Ignatio,
673 1294 700 1317 et
720 1290 781 1317 aliis

23 1330 75 1364 alia,
87 1331 119 1359 ita
133 1340 191 1367 quae
209 1333 243 1360 de
260 1333 367 1362 duabus
385 1335 447 1362 vita:
460 1335 612 1371 mortisque
629 1336 680 1364 viis
693 1336 781 1364 fusius

22 1381 123 1411 enarrat,
133 1386 164 1405 ex
177 1379 228 1406 hac
238 1379 300 1414 ipsa
311 1379 441 1408 Barnabas
454 1381 568 1416 epistola
586 1382 780 1415 intervertisse,

23 1422 52 1449 vel
65 1423 140 1457 prima
161 1424 231 1452 facie
257 1425 355 1461 legenti
375 1426 529 1462 constabit)
545 1427 658 1454 duarum
680 1428 781 1454 viarum

22 1465 76 1494 facta
87 1469 118 1496 sit
133 1470 232 1498 mentio
242 1492 250 1504 ,
267 1471 321 1498 hoc
335 1476 424 1499 tamen
439 1476 543 1499 tantum
557 1473 583 1499 in
600 1473 660 1500 loco
670 1493 677 1505 ,
697 1481 781 1509 ange-

21 1513 90 1542 lorum
102 1515 166 1544 lucis
177 1521 204 1544 et
215 1515 326 1545 Satanae
335 1538 343 1551 ,
358 1517 452 1545 iisdem
463 1518 652 1553 praefectorum
662 1539 669 1551 ,
683 1527 781 1547 occur-

21 1559 47 1586 rit
58 1563 277 1590 commemoratio.
293 1563 368 1591 Adde
379 1564 452 1599 quod
466 1568 492 1591 et
504 1563 612 1592 Satanas
626 1565 714 1600 ipsunt
728 1574 780 1593 no-
793 1582 815 1610 ο

21 1612 67 1632 men
86 1607 116 1634 ab
135 1607 317 1644 Hieronymo,
341 1609 368 1636 in
392 1610 446 1637 ﬁne
468 1610 551 1637 libelli
571 1610 610 1638 De
631 1612 779 1639 nominibus

22 1650 150 1686 Hebraicis,
174 1655 243 1683 inter
264 1663 296 1683 ea
327 1661 490 1690 rccensetur,
511 1665 572 1691 qua:
599 1665 632 1685 ex
659 1657 778 1692 Epistola

21 1697 128 1727 Barnabae
146 1705 209 1728 sunt
223 1701 341 1735 selecta,
361 1710 411 1730 nec
433 1703 460 1729 in
486 1703 577 1737 priore
590 1708 680 1731 tamen
698 1705 780 1738 hujus

20 1741 123 1777 Epistolas
135 1751 210 1780 parte
223 1747 332 1782 uspiam
343 1753 446 1782 exstat,
462 1748 488 1775 in
505 1757 558 1784 qua
569 1749 672 1784 reliqua
689 1751 780 1778 omnia

22 1795 70 1818 sunt
89 1798 185 1827 reperta
210 1803 217 1820 :
241 1794 265 1821 si
291 1795 373 1822 modo
394 1794 468 1822 Nave
492 1796 558 1830 (quo
576 1797 687 1824 nomine
699 1796 779 1830 Jesu,

21 1835 65 1862 sive
80 1836 155 1866 Josue
172 1844 278 1873 patrem
307 1839 393 1867 Graeci
415 1840 578 1876 indigitant)
603 1849 653 1876 pro
674 1841 781 1868 Nattam

21 1885 257 1920 reposueris;quem
281 1886 383 1914 librarii
405 1888 556 1915 temeritate
573 1887 617 1915 hic
630 1887 715 1916 fuisse
737 1888 781 1915 in-

21 1925 115 1962 lultum,
127 1931 248 1965 germinis
267 1931 397 1966 adjuncta
420 1932 607 1966 interpretatio
623 1933 688 1960 satis
700 1932 780 1960 evin-

21 1974 56 2000 cit.
69 1974 127 2003 Cum
145 1976 250 2004 Nahum
267 1977 303 2004 sit
319 1977 479 2011 consolator,
494 1978 566 2006 Nave
581 1986 645 2006 vero
655 1999 663 2012 ,
676 1987 762 2006 semen
773 2000 781 2012 ,

21 2023 152 2053 germenvel
171 2024 419 2057 pulchritudo:uti
447 2025 503 2059 jam
528 2025 604 2060 prius
635 2025 662 2052 ln
686 2025 781 2052 eodem

22 2064 77 2094 libro
87 2075 246 2103 exposuerat
261 2069 321 2104 ipse
334 2068 515 2106 Hieronymus
530 2071 550 2097 ’.

50 2113 225 2150 «Longiorem
258 2122 372 2150 quoque
400 2115 471 2143 hanc
499 2115 585 2143 fuisse
613 2115 780 2151 Epistolam,

24 2157 180 2196 Στιχομετρία
200 2160 246 2188 illa
259 2160 327 2187 satis
347 2161 558 2196 indicat,quam
581 2160 687 2188 Latinis
708 2162 782 2194 (nant

22 2202 96 2231 Gneca
106 2206 183 2233 editio
197 2206 243 2234 hic
257 2210 300 2234 est
315 2206 427 2240 mutila)
445 2214 478 2233 ex
506 2205 650 2241 Nicephori
668 2206 784 2240 patriar-

668 172 934 201 PROLEGOMENA.

1571 178 1622 207 670

834 235 935 262 τούτων
967 235 1133 268 ἐπιϐούλους.
1171 237 1292 273 Ἀγάπης
1322 237 1405 264 τέκνα
1435 238 1482 265 καὶ
1512 240 1623 276 εἰρήνης

835 281 992 316 γνωστικῶς
1023 283 1236 318 προσηγόρευσε.
1265 282 1316 310 Ubi
1336 289 1472 318 postretna
1494 284 1540 314 illa
1554 305 1562 316 ,
1588 294 1622 312 ex

835 327 965 355 Barnabaa
975 328 1061 355 nostri
1077 333 1206 356 contextu
1215 350 1222 362 ,
1234 329 1272 356 ita
1282 334 1347 357 sunt
1357 330 1522 358 restituenda
1532 340 1538 357 :
1557 331 1623 358 Ἵνα

835 371 949 406 σωθῆτε
969 374 1003 400 ἐν
1026 374 1121 409 ἡμέρᾳ
1146 376 1280 409 κρίσεως.
1307 376 1421 402 Τούτων
1445 377 1623 410 ἐπιϐούλους

835 419 889 454 (vel
903 420 1062 453 ὲπιϐόλους
1073 442 1080 453 ,
1098 426 1128 449 ut
1145 422 1272 448 emendat
1290 421 1485 458 Sylburgius,)
1504 422 1624 457 ἀγάπης

835 465 925 492 τέκνα
932 465 981 492 καὶ
992 466 1114 500 εἰρήνης
1121 466 1290 501 γνωστικῶς
1302 467 1537 501 προσηγόρευσε,
1550 468 1621 495 idem

835 518 874 538 sc.
891 510 1048 544 Barnabas;
1066 511 1117 538 sub
1129 511 1216 547 ipsius
1227 511 1355 546 Epistolas
1365 512 1526 543 clausulam.
1539 512 1623 548 patilo

835 559 913 589 post,
936 563 984 583 eos
1000 556 1033 583 ad
1048 564 1118 590 quos
1135 556 1244 590 scribit,
1261 556 1298 583 ita
1313 556 1436 584 salutans
1450 566 1456 584 :
1473 556 1622 591 σώζεσθε,

834 600 951 636 ἀγάπης
966 601 1055 628 τέκνα
1069 601 1118 628 καὶ
1131 601 1262 636 εἰρήνης.
1277 602 1312 629 Ut
1335 608 1392 630 tum
1413 611 1445 630 ex
1470 603 1619 639 principio,

836 650 892 673 tum
907 654 940 673 ex
957 647 1009 674 line
1022 647 1165 674 manifeste
1179 648 1377 682 deprehensum
1397 653 1540 683 appareat,
1569 657 1620 684 po-

835 691 936 718 sterius
947 692 1099 720 membrum
1112 693 1164 720 hoc
1179 694 1328 728 (utcunque
1338 701 1352 721 a
1364 693 1461 721 Latino
1474 694 1621 729 interprete

835 738 943 766 silentio
968 740 1205 775 prmtermissum),
1225 741 1347 776 ejusdem
1369 742 1492 776 corporis
1515 747 1619 776 partem

835 792 911 817 esse,
927 785 1005 819 cujus
1022 790 1048 813 et
1063 786 1192 820 primum.

874 840 883 856 ι
899 831 939 858 Ad
955 832 1038 859 totius
1048 840 1113 859 vero
1129 831 1256 867 Epistolas
1274 837 1413 860 auctorem
1430 836 1457 859 et
1471 831 1621 859 auctorita-

836 882 888 904 tem
904 877 975 912 quod
986 877 1084 905 ‘attinct
1095 898 1105 912 ,
1119 879 1190 905 idem
1202 879 1246 906 ille
1257 878 1431 914 Clemens(ut
1440 878 1472 905 de
1485 877 1619 912 discipulo

835 923 920 957 ipsius
934 922 1050 957 Origene
1066 924 1134 950 nihil
1148 924 1250 957 dicam)
1266 929 1293 952 et
1304 925 1423 952 auctoris
1437 923 1577 956 Barnabai,
1593 927 1620 950 et

834 968 1006 996 auctoritatis
1017 969 1171 1003 apostolicae
1180 989 1188 1003 ,
1199 978 1260 997 eam
1277 970 1362 998 fuisse
1373 970 1496 998 credidit.
1508 969 1536 996 ltt
1550 969 1620 996 libro

833 1014 905 1041 enim
921 1014 968 1042 illo
983 1023 1002 1041 ιι
1018 1014 1183 1042 Stromatum
1193 1037 1200 1049 ,
1215 1015 1267 1042 alia
1276 1020 1369 1050 postea
1382 1016 1535 1043 testimonia
1546 1023 1580 1042 ex
1587 1022 1619 1042 ea

832 1059 987 1094 producetts
998 1080 1005 1092 ,
1022 1059 1073 1086 hac
1087 1061 1173 1087 utitur
1186 1059 1344 1095 prmfatiottc
1359 1068 1366 1087 :
1381 1061 1473 1091 Ὅπως
1493 1060 1515 1086 δ’
1539 1060 1620 1095 ἡμεῖς

832 1105 879 1132 τοῦ
901 1105 1022 1132 διαϐόλου
1047 1106 1096 1138 τὰς
1124 1106 1261 1142 ἐνεργείας
1288 1107 1334 1132 καὶ
1363 1106 1398 1132 τὰ
1420 1105 1561 1141 πνεύματα
1585 1105 1620 1132 τὰ

833 1151 974 1187 ἀκάθαρτα
992 1152 1032 1183 εἰς
1047 1151 1096 1187 τὴν
1112 1152 1159 1178 τοῦ
1175 1152 1337 1188 ἀμαρτωλοῦ
1353 1152 1440 1188 ψυχὴν
1452 1152 1620 1188 ὲπισπείρειν

833 1198 931 1233 φαμὲν⁷
944 1197 974 1224 οὗ
983 1207 1026 1234 μοι
1033 1199 1074 1225 δεῖ
1080 1198 1207 1225 πλειόνων
1215 1199 1311 1233 λόγων,
1324 1199 1503 1236 παραθεμένῳ
1515 1199 1620 1235 μάρτυν

832 1242 877 1269 τὸν
891 1243 1067 1270 ἀποστολικὸν
1079 1244 1219 1280 Βαρνάὗαν
1236 1244 1259 1280 (ὁ
1267 1244 1295 1271 δὲ
1307 1245 1361 1272 τῶν
1377 1245 1559 1281 ἐϐδομήκοντα
1573 1242 1618 1280 ἦν,

832 1288 880 1315 καὶ
905 1289 1034 1324 συνεργὸς
1060 1289 1108 1315 τοῦ
1141 1290 1268 1326 Παύλου)
1296 1290 1366 1317 κατὰ
1383 1290 1465 1324 ,λέξιν
1489 1287 1540 1317 ὧδέ
1561 1298 1620 1321 πως

832 1335 954 1369 λέγοντα.
982 1335 1118 1368 Quomodo
1138 1342 1225 1364 autem
1251 1346 1296 1364 nos
1324 1337 1619 1372 diabolioperationes,

831 1386 855 1408 et
869 1381 978 1414 spiritus
993 1382 1143 1410 immundos
1159 1383 1186 1409 in
1199 1384 1344 1418 peccatoris
1358 1385 1474 1410 animant
1490 1384 1620 1410 seminare

832 1425 952 1452 dicamus
963 1446 970 1459 ,
995 1434 1048 1454 non
1067 1427 1132 1454 milii
1149 1428 1270 1462 pluribus
1286 1427 1369 1456 verbis
1383 1437 1448 1463 opus
1463 1433 1516 1462 est,
1532 1428 1556 1454 si
1568 1427 1620 1454 ad-

831 1469 932 1497 duxero
949 1475 1039 1497 testem
1056 1470 1211 1498 Barnabam
1225 1473 1398 1507 apostolicum
1411 1473 1478 1507 (erat
1495 1477 1582 1499 autem
1596 1472 1619 1498 is

831 1523 864 1543 ea:
886 1515 1081 1552 Septuaginta,
1101 1522 1126 1544 et
1144 1516 1226 1545 Pauli
1243 1518 1352 1553 adjutor
1367 1519 1400 1553 ¹⁹)
1423 1519 1464 1545 his
1484 1519 1566 1545 verbis
1581 1518 1619 1544 sic

832 1563 970 1589 dicentem.
986 1562 1019 1589 Et
1032 1563 1060 1589 in
1076 1571 1092 1590 v
1108 1572 1114 1591 :
1135 1563 1292 1600 Βαρνάϐας,
1313 1565 1328 1591 ὀ
1343 1565 1390 1591 καὶ
1410 1564 1493 1596 αὐτὸς
1520 1572 1620 1598 συγκη-

832 1606 915 1643 ρῦξας
932 1607 972 1643 τῷ
994 1608 1146 1644 Ἀποστόλῳ
1164 1608 1233 1635 κατὰ
1251 1609 1299 1644 τὴν
1316 1608 1452 1635 διακονίαν
1468 1608 1521 1636 τῶν
1535 1608 1620 1635 ἐθνῶν

831 1655 876 1682 τὸν
893 1655 983 1690 λόγον.
1010 1655 1170 1690 Barnabas,
1198 1657 1244 1692 qui
1264 1658 1319 1692 ipse
1340 1666 1440 1693 quoque
1459 1658 1486 1684 in
1504 1658 1620 1692 gentium

831 1701 977 1728 ministerio
987 1702 1141 1736 prwdicavit
1152 1702 1257 1730 verbum
1265 1711 1317 1729 una
1326 1711 1384 1729 cum
1393 1702 1510 1738 apostolo
1521 1702 1617 1730 Paulo.

830 1747 923 1783 Neque
934 1748 1073 1783 apostolici
1087 1749 1176 1777 solum
1185 1769 1192 1781 ,
1205 1749 1254 1777 sed
1265 1749 1347 1776 etiam
1361 1748 1473 1783 apostoli
1487 1748 1619 1776 Barnast

832 1793 942 1820 nomine
952 1813 959 1826 ,
977 1794 1003 1820 in
1019 1801 1038 1821 tt
1064 1793 1227 1822 Stromatum
1238 1794 1307 1821 libro
1317 1815 1324 1827 ,
1338 1793 1461 1821 eamdem
1476 1793 1618 1828 epistolam

832 1839 924 1866 laudat
940 1849 946 1866 :
965 1840 1160 1875 ejusdemque,
1176 1849 1231 1868 non
1247 1841 1337 1868 mintts
1349 1848 1430 1875 quam
1452 1840 1618 1874 reliquarum

833 1883 1037 1920 Scripturarum
1053 1887 1249 1914 canonicarum
1260 1907 1267 1920 ,
1283 1887 1309 1913 in
1324 1887 1402 1914 libris
1415 1885 1618 1921 Hypotyposeon

832 1935 985 1958 contractas
999 1931 1193 1966 explicationes
1210 1932 1332 1959 exhibuit
1345 1932 1376 1960 “.

871 1985 881 2002 ι
902 1976 1040 2003 Barnabas
1056 1975 1180 2011 Cyprius,
1198 1977 1242 2012 qui
1262 1981 1286 2004 et
1304 1977 1400 2012 Ioseph
1423 1976 1533 2010 Levites,
1559 1985 1618 2004 cum

833 2022 918 2048 Paulo
929 2023 1046 2057 gentiunt
1059 2023 1193 2058 apostolus
1207 2023 1357 2055 ordinatus,
1375 2031 1455 2050 unant
1473 2024 1507 2050 ad
1531 2024 1617 2057 cedi/i-

834 2070 964 2096 cationem
989 2069 1116 2096 Ecclesia:
1145 2069 1315 2104 pertinentem
1334 2069 1481 2104 Epistulam
1510 2077 1618 2104 compo-

833 2116 900 2148 suit,
916 2123 975 2150 quat
994 2116 1063 2142 inter
1074 2116 1240 2151 apocryphas
1255 2116 1401 2151 scripturas
1416 2116 1522 2151 legitur,
1539 2116 1576 2143 ait
1591 2116 1619 2143 itt

840 2159 1085 2189 Ecclesiasticorunt
1121 2162 1278 2196 scriptorum
1315 2161 1440 2197 Catalogo
1464 2163 1494 2190 Β.
1523 2161 1619 2189 lliero-

835 2214 945 2241 nytnus,
970 2211 997 2233 ει
1013 2206 1082 2233 libro
1096 2214 1147 2233 xttt
1177 2206 1433 2234 Commentariorum
1447 2208 1475 2234 in
1487 2207 1619 2240 Ezechiel,

23 2248 67 2275 clue
94 2250 384 2287 Constantinopolitani
411 2251 636 2286 Cltronograpltia.
672 2252 784 2279 tradidit
802 2248 822 2275 Ι)
835 2259 894 2285 cap.
911 2251 944 2277 ΔΞ
961 2260 968 2276 :
990 2251 1118 2285 Vitulum,
1135 2251 1234 2287 inquit,
1250 2253 1296 2287 qui
1309 2261 1357 2287 pro
1371 2252 1443 2280 nobis
1467 2253 1620 2280 immolatus

22 2294 159 2325 Anastasius
169 2319 176 2331 ,
201 2299 334 2326 Romanae
349 2298 476 2325 Ecclesiae
490 2298 732 2325 'hibliotltecarius.
754 2298 783 2325 ιιι

23 2347 78 2373 qua,
91 2347 116 2369 ut
130 2348 231 2378 septem
255 2343 404 2371 Catholicae
422 2342 494 2378 (qua:
508 2343 650 2378 vocantur)
670 2342 783 2376 Jacobi,

23 2385 93 2420 Petri,
104 2388 210 2418 Joannis
225 2395 253 2418 et
267 2389 344 2417 Judaa
357 2390 499 2424 Epistulae,
513 2389 582 2416 i300
592 2389 716 2416 versibus
726 2409 734 2422 ,
748 2389 783 2415 ita

23 2436 44 2458 et
55 2433 102 2462 luec
119 2435 264 2469 Barnabas,
281 2436 350 2463 1506
362 2435 556 2470 comprehensa
573 2435 657 2462 fuisse
673 2435 783 2462 dicitur.

23 2475 46 2504 lu
65 2481 203 2513 posteriore
223 2481 343 2516 denique
364 2480 492 2516 Epistolas:
514 2485 589 2515 parte
608 2484 715 2514 reperta
733 2481 785 2508 ista

24 2530 88 2559 sunt,
110 2535 123 2554 η
144 2527 284 2556 Clemente
298 2528 499 2560 Alexandrino,
522 2527 549 2554 in
578 2527 649 2554 libro
672 2535 690 2554 tt
709 2527 786 2554 Stro~

25 2576 121 2606 malum,
135 2582 166 2602 ex
180 2575 305 2602 Barnaba
321 2575 401 2602 citata
429 2584 435 2601 :
463 2575 491 2601 '0
508 2574 537 2601 δὲ
552 2574 640 2605 θεὸςό
655 2573 700 2600 τοῦ
719 2582 786 2600 παν-

23 2615 59 2647 τὸς
69 2618 159 2654 κόσμου
175 2620 321 2656 γυριεύων,
338 2620 392 2656 δῴη
405 2620 451 2647 καὶ
466 2621 528 2656 ὑμῖν
543 2619 638 2655 σοφίαν
650 2621 695 2646 καὶ
710 2620 786 2646 σύνε-

24 2670 65 2695 σιν,
76 2665 336 2702 hinnitum-{vitatu
348 2666 401 2692 τῶν
415 2666 603 2701 δικαιωμάτων
614 2665 706 2698 αὑτοῦ,
719 2666 785 2692 ὑπο-

25 2711 102 2745 μσνήκὶ.
110 2712 214 2739 Γίνεσθε
226 2709 273 2739 οὖν
286 2712 456 2745 θεοδίδακτοι,
465 2711 642 2748 ὲκζητοῦντες
653 2712 679 2738 τί
692 2712 788 2747 ζητεῖὸ

25 2753 108 2789 “Pio;
117 2758 159 2792 ἀφ’
169 2759 254 2793 ὑμῶν.
271 2759 331 2785 "Iv:
344 2757 442 2794 εὕρητε
450 2758 478 2784 ἐν
490 2758 580 2793 ἡμέρᾳ
597 2757 712 2792 κρίσεως
725 2757 788 2788 τοὺς

836 2302 884 2329 est,
901 2302 926 2324 et
940 2298 1025 2324 multa
1050 2297 1251 2332 Scripturarum
1271 2298 1341 2332 loca,
1357 2303 1382 2325 et
1401 2299 1532 2334 prwcipue
1548 2299 1620 2326 Bar-

837 2343 912 2370 nabw
929 2342 1059 2377 Epistula,
1075 2351 1134 2378 qua:
1158 2343 1269 2370 habetur
1290 2345 1359 2371 inter
1381 2344 1533 2380 Scripturas
1557 2353 1621 2380 apo-

837 2388 960 2423 crypltas,
976 2389 1106 2416 nominat.
1125 2388 1222 2416 Utrum
1235 2397 1300 2416 vero
1311 2398 1341 2417 ex
1356 2391 1465 2425 propria
1481 2395 1571 2417 mente
1586 2390 1621 2417 ab

838 2435 956 2470 apostolo
968 2435 1001 2461 ad
1013 2435 1215 2469 wdi/icutionem
1232 2435 1357 2464 Ecclesiw
1368 2438 1539 2471 compositam
1551 2437 1621 2463 battc

838 2481 923 2508 fuisse
952 2480 1100 2516 Epistulam
1131 2481 1176 2509 ille
1202 2481 1311 2515 dixerit,
1333 2490 1366 2509 ex
1391 2483 1507 2509 aliorum
1529 2486 1620 2509 autem

838 2536 921 2555 sensu
935 2527 963 2554 in
982 2528 1202 2562 apocryphorum
1216 2527 1330 2555 classem
1347 2527 1503 2562 coajcccrit,
1525 2528 1621 2562 exqui—

837 2578 899 2601 rant
910 2574 955 2601 alii
970 2583 976 2600 :
990 2574 1017 2600 in
1028 2582 1087 2601 eattt
1098 2578 1171 2601 certe
1184 2574 1345 2601 sententiam
1358 2574 1534 2608 propendisse
1543 2574 1621 2602 illum

838 2621 996 2655 aliquando,
1009 2628 1042 2647 ex
1056 2620 1202 2647 Nominum
1217 2619 1410 2646 Ilebraicorum
1426 2620 1516 2647 libello
1529 2620 1621 2656 colligi

839 2675 920 2701 posse
944 2667 1083 2700 videatur;
1099 2667 1125 2693 in
1141 2674 1207 2701 quo,
1222 2673 1284 2693 cum
1312 2666 1425 2700 reliquis
1439 2664 1507 2693 Novi
1524 2665 1621 2693 Testa-

841 2713 924 2740 tnenti
939 2713 1098 2748 Scripturis,
1114 2713 1196 2739 etiam
1217 2711 1348 2739 Barnabas
1374 2712 1452 2739 istam
1472 2711 1620 2747 Epistulam

840 2758 1014 2793 coniunctam
1027 2758 1061 2785 ab
1074 2765 1106 2785 eo
1118 2757 1204 2784 fuisse
1213 2757 1361 2784 cernimus.

53 2811 214 2848 f_Cotzstitut.
243 2814 380 2848 apostolic.
399 2814 447 2841 lib.
464 2822 512 2846 vn,
537 2822 597 2848 cap.
616 2814 642 2846 1,
658 2814 686 2846 ‘2,
715 2819 741 2841 et
768 2814 907 2848 deinceps.
944 2814 955 2830 ’
971 2813 1081 2840 Hieron.
1104 2812 1284 2848 DeAnominib.
1310 2811 1448 2843 Hebraic.,
1474 2811 1501 2839 in
1513 2812 1619 2840 Exodo.

27 2843 43 2858 "
56 2844 118 2874 Idem
139 2849 219 2877 etiam
236 2843 351 2877 afﬁrmat
374 2850 400 2876 in
424 2850 492 2876 libro
506 2843 545 2876 ’νε-ι

27 2879 96 2913 μένας
111 2885 250 2921 πεποίηται
261 2886 409 2923 διηγήσεις.
424 2884 512 2913 Euscb
528 2906 535 2920 ,
553 2879 743 2919 ιίιιῖ’γιἨί.ςι.,
757 2879 819 2920 xeo}.

592 2854 766 2884 ypotyposeon
794 2846 876 2884 (apud
895 2848 1006 2883 Ettscb.,
1033 2848 1080 2877 lib.
1099 2855 1118 2875 tt
1144 2846 1235 2882 Hist.,
1253 2855 1316 2883 κεφ.
1339 2848 1383 2883 α’).
1424 2849 1444 2864 ¹¹
1460 2847 1620 2884 Ἐπιτειομη-

838 2887 881 2918 ιγ’,
895 2884 933 2911 ιδ’.
