1916 3104
262 145 310 173 671

797 144 826 172 S.
847 143 1031 172 BAR‘NABAS
1050 144 1266 174 APOSTOLUS.

1839 148 1889 175 673

297 211 306 227 ‹
326 201 354 229 In
375 202 419 229 illa
444 201 590 238 Nicephori
606 203 908 240 Constantinopolitani
935 205 1052 240 patriar-
1066 208 1089 235 Α
1104 214 1196 233 nomen
1217 207 1367 241 appositum
1381 214 1390 232 :
1404 211 1461 240 aut,
1486 207 1510 233 si
1528 206 1620 240 libeat,
1644 206 1799 242 Epistulam
1824 207 1888 234 hanc

257 248 318 275 clue
335 248 528 284 Στιχομετριᾳ,
545 257 627 284 quam
652 249 758 278 Latinis
788 251 964 278 Anastasium
990 251 1047 278 Ilo-

258 301 347 320 manze
361 293 489 322 Ecclesia:
505 295 744 323 bibliothecarium
756 297 900 325 tradidisse
915 297 1045 330 diximus,

259 347 273 366 a
288 338 356 366 Novi
372 339 540 368 Testamenti
564 343 726 378 apocrypltis
745 343 855 378 quidem
880 344 990 378 scriptis
1002 352 1046 372 se-

258 389 383 420 paratur,
407 386 454 413 sed
478 387 548 413 inter
569 395 601 414 ea
618 389 712 422 quibus
735 389 929 415 contradicitur
955 389 998 423 (ut
1021 394 1048 416 et

259 431 439 466 Apocalypsis
462 431 587 468 Joannis)
612 439 779 461 reccnsctur.
809 434 838 461 ln
870 436 956 462 altero
979 443 1045 462 vero

261 475 395 509 lndiculo,
414 486 495 512 quem
516 480 654 507 Anastasii
673 479 774 508 Nicanti
788 481 814 507 itt
829 480 857 509 S.
875 480 1046 516 Scripturam

260 521 465 555 Quaestionibus
493 525 647 559 subjectum
676 526 803 560 vidimus,
818 535 871 554 una
888 535 949 554 cum
980 536 1047 563 apo-

261 569 372 603 cryphis
395 569 556 604 simpliciter
570 571 768 600 adnumeratur
782 582 788 600 :
800 577 828 600 ct
844 573 929 608 ipsius
953 574 1048 601 lliero-

262 614 336 649 nymi
366 614 393 641 in
422 614 538 651 Prolayo
563 617 666 652 galeato
691 618 821 654 sulfragio
847 620 1003 652 accedente,
1022 624 1049 647 ct

263 660 425 688 universalis
443 660 573 690 Ecclesia
596 663 681 690 simul
704 664 818 699 judicio,
837 673 898 699 quae
916 665 1049 692 Barttaltm

262 705 395 739 scriptum
412 706 516 734 nullum
534 707 561 734 in
589 716 697 735 sacrant
712 708 852 736 Canouem
868 718 988 744 unquam
1001 711 1046 737 ad-

263 750 371 778 misisse
383 758 521 787 comperta
534 757 584 780 est.
598 753 720 782 Montani
738 756 810 782 eniut
825 756 925 790 spiritu
941 756 1048 784 alllatus

263 795 314 823 fuit
326 796 512 826 Tertullianus
524 799 554 831 ",
568 807 630 826 cutn
644 801 767 834 epistula:
782 801 816 828 ad
836 801 967 828 Hebraeos
980 801 1048 827 Bar-

264 843 341 870 nabas:
363 843 447 870 allixit
472 845 642 873 titulum:et
670 846 754 874 altera
783 847 849 880 haec,
864 847 883 881 ἡ
898 847 1047 882 φερομένη

1099 253 1304 280 consolatoriam
1326 253 1394 288 (quae
1418 253 1514 287 stepius
1531 253 1632 280 dicitur
1656 254 1715 280 ideo
1736 253 1847 288 scripta,
1861 260 1888 280 It

1099 297 1210 324 lectores
1246 298 1322 324 laetos
1335 297 1459 332 faceret),
1474 305 1507 324 ea:
1522 298 1670 332 argumenti
1694 298 1888 333 designatione,

1097 342 1130 368 ab
1147 347 1254 369 auctore
1268 343 1335 377 ipso,
1350 341 1500 376 Barnabas,
1516 342 1569 369 sive
1584 342 1753 375 consolator,
1767 342 1887 377 appella-

1098 393 1171 420 tam;
1186 397 1216 415 eo
1231 388 1285 422 fere
1307 388 1385 415 modo
1414 397 1464 423 quo
1481 388 1547 415 liber
1570 387 1721 416 Salomonis
1743 389 1888 424 Colteleth.

1097 434 1151 459 sive
1167 433 1357 466 Ecclesiastes,
1375 433 1490 466 dicitur;
1505 437 1552 460 aut
1568 432 1675 460 Hermia
1697 441 1764 468 opus
1788 433 1889 462 Pastor

1097 478 1262 505 inscribitur.
1290 479 1428 513 Quidquid
1443 479 1489 512 sit,
1506 487 1608 506 necesse
1622 483 1660 506 est
1686 484 1714 505 ut
1740 479 1888 513 fateamur,

1098 524 1198 558 optima
1209 523 1261 558 ﬁde
1278 524 1435 558 scriptorem
1449 524 1518 550 hunc
1539 532 1617 550 nsunt
1640 523 1737 558 fuisse;
1754 532 1807 550 non
1819 524 1888 550 alie-

1099 578 1156 603 nos,
1179 571 1231 597 itno
1252 578 1302 597 non
1328 570 1443 605 aliquos,
1463 570 1611 605 captavisse
1625 570 1734 602 titulos;
1757 570 1807 596 hoc
1828 578 1889 596 vero

1098 616 1185 642 solum
1209 616 1260 642 sibi
1284 624 1434 651 arrogasse,
1456 621 1485 642 ut
1501 624 1547 643 ceu
1560 624 1573 642 e
1585 616 1704 651 ﬁdelium
1718 624 1797 651 grege
1813 616 1890 642 mini—

1100 670 1158 688 mus
1171 661 1278 697 aliquis,
1293 670 1360 689 unus
1374 670 1406 689 ea:
1419 661 1484 695 illis,
1501 662 1584 696 frater
1597 661 1727 696 fratribus
1753 661 1890 688 salutaria

1100 708 1200 734 monita
1213 712 1378 742 proponeret,
1393 715 1438 742 per
1453 707 1542 734 omnia
1554 707 1714 734 orthodoxus
1737 711 1763 733 et
1779 712 1890 740 aposta-

1100 755 1199 788 lorum,
1213 756 1361 790 prcesertim
1378 754 1407 782 S.
1424 754 1514 788 Pauli,
1528 753 1644 790 vestigiis
1665 754 1791 781 insistens
1803 759 1852 781 :ut
1867 754 1890 780 si

1100 809 1152 828 non
1167 801 1287 828 laborum
1299 806 1324 828 et
1339 801 1475 834 itinerum,
1490 800 1584 827 saltem
1601 801 1755 835 dogmatum
1776 800 1892 834 partici-

1100 856 1158 882 pem
1172 847 1267 882 ubique
1281 855 1465 882 agnoscamus.
1485 846 1593 873 Interea
1613 846 1890 877 animaduertendum,

263 889 401 923 Βαρνάϐα
412 891 567 925 ἐπιστολή,
580 893 613 919 ab
628 892 746 921 Eusebio
756 893 777 909 ¹⁸
790 902 844 921 tton
860 895 949 921 solunt
975 894 1045 920 inter

1102 894 1247 921 Historiam
1262 893 1335 927 Jobi,
1361 893 1444 927 Ruth,
1464 893 1594 925 Esthcris,
1612 898 1636 920 et
1652 892 1889 927 Paralipomenon,

264 936 413 970 scripturas
429 937 522 972 quibus
534 939 738 973 contradicitur,
756 940 802 967 sed
817 940 899 966 ctiatn
915 941 985 967 inter
1001 948 1049 966 tto-

266 982 324 1009 tltas
339 983 499 1010 collocatur.
516 983 549 1011 Ut
572 985 617 1011 hic
638 986 720 1013 ctiam
736 986 825 1013 locum
852 986 960 1018 habeat,
975 986 1047 1021 quod

263 1029 296 1054 de
311 1028 371 1056 aliis
379 1029 500 1064 ejusdem
515 1031 621 1065 generis
634 1032 668 1058 ab
681 1032 866 1067 Augustino”
877 1038 919 1059 est
933 1033 1046 1059 dictutn.

264 1072 329 1100 llwc
342 1075 441 1109 scripto
455 1078 566 1103 castitas
581 1077 698 1104 (Iunonis
711 1086 762 1104 non
777 1078 872 1112 recepit
890 1088 898 1105 :
911 1086 963 1104 non
980 1078 1049 1113 quod

262 1127 353 1146 eorum
382 1121 528 1154 hominum,
557 1123 602 1157 qui
628 1123 681 1149 Deo
704 1123 872 1158 placuerunt,
897 1124 1050 1159 reprobetur

264 1166 430 1198 auctoritas;
458 1167 503 1193 sed
530 1167 600 1202 quod
618 1168 670 1194 ista
698 1176 749 1195 non
774 1168 917 1195 credantur
931 1169 1049 1204 ipsorum

263 1219 328 1238 8888.

301 1265 311 1282 ‹
330 1257 492 1292 Quanquam
503 1266 555 1285 non
572 1259 651 1294 longe
663 1264 725 1294 post
736 1260 822 1294 ipsius
838 1260 968 1288 "tl‘llnbiﬂ
982 1265 1050 1288 teut-

264 1309 330 1336 pora
348 1307 489 1329 exaratam
518 1303 603 1330 fuisse
627 1304 697 1331 hanc
726 1304 888 1338 Epistolam,
913 1310 951 1333 tot
975 1307 1020 1333 illa
1035 1315 1050 1334 a

262 1348 403 1376 Clemente
418 1349 605 1376 Alexandrino
629 1350 686 1385 (qui
708 1351 835 1385 proximo
855 1357 917 1386 post
942 1357 1050 1386 aposto-

265 1394 306 1421 los
318 1395 417 1421 smculo
430 1395 538 1430 claruit)
557 1402 590 1422 ex
611 1403 654 1428 ea,
672 1396 698 1422 in
714 1395 878 1423 Stromatum
889 1397 976 1430 libris,
992 1398 1051 1424 lau-

264 1441 329 1467 data
345 1440 512 1473 testimonia,
528 1441 608 1468 iidem
623 1441 735 1469 faciunt.
746 1442 853 1475 Quibus
870 1447 897 1470 et
915 1443 960 1470 illa
975 1443 1050 1478 ejus-

265 1486 326 1514 dem
339 1486 364 1513 in
377 1486 538 1522 Ptedagoga,
551 1487 599 1514 lib.
613 1496 643 1520 ll,
657 1496 715 1522 cap.
730 1488 773 1521 10,
787 1488 937 1523 adjungere
950 1489 1029 1516 liceat
1043 1498 1049 1516 ι

266 1534 321 1560 Καὶ
348 1533 393 1560 τὸν
415 1535 463 1570 μὲν
492 1535 581 1569 λαγὼν
591 1536 650 1562 κατ’
665 1536 722 1568 ἔτος
737 1536 907 1563 πλεονεκτεῖν
921 1545 986 1570 φασι
1001 1537 1050 1572 τὴν

266 1579 416 1613 ἀφόδευσιν,
435 1581 474 1612 εἰς
486 1581 619 1616 ἀριθμοὺς
631 1578 672 1612 οἷς
686 1581 816 1616 βεϐίωκεν
833 1582 919 1609 ἔτεσιν
943 1582 1051 1617 ἴσχοντα

265 1625 381 1660 τρυπάς.
394 1626 459 1658 Qum
475 1635 506 1653 ex
526 1627 585 1653 istis
595 1628 720 1662 Epistolze
732 1628 813 1662 hujus
826 1632 1050 1654 mutuatttuteuut

266 1670 364 1704 fuisse,
377 1672 480 1699 monuit
495 1681 537 1700 tne
546 1672 575 1700 D.
589 1673 685 1701 Petrus
693 1674 844 1706 Turnerus,
860 1673 1012 1702 Savilianns
1024 1674 1050 1700 in

266 1717 412 1744 Academia
420 1717 566 1746 Oxoniensi
578 1721 732 1747 matheseos
742 1720 882 1754 professor
894 1719 1051 1747 eruditissi-

268 1772 350 1792 mus:
373 1765 433 1791 Ὂτι
448 1766 464 1800 ἡ
478 1765 581 1800 λαγῶος
601 1766 661 1793 κατ’
688 1766 808 1793 ἐνιαυτὸν
829 1766 984 1794 πλεονεκτεῖ
1003 1767 1052 1802 τὴν

266 1810 424 1845 ἀφόδευσινν
441 1812 489 1838 ὅσα
510 1812 563 1848 γὰρ
576 1812 623 1848 ἔτη
636 1813 679 1848 ζῇ,
701 1813 834 1845 τοσαύτας
857 1813 914 1848 ἔχει
937 1814 1050 1849 τρυπάς.

268 1858 320 1885 Sed
335 1863 362 1885 et
383 1858 503 1894 aliquam
521 1859 566 1886 hic
581 1859 729 1894 praeferunt
754 1861 896 1888 vetustatis
922 1862 1051 1896 speciem,

267 1905 389 1940 ipsarum
404 1905 624 1941 apocrypharum
645 1907 856 1942 scripturarum,
871 1908 1051 1943 quarumjam

267 1952 313 1978 diu
329 1951 356 1978 in
375 1950 493 1978 Ecclesia
520 1951 655 1979 obsolevit
678 1953 820 1986 metnoria,
838 1953 981 1982 citationes
999 1957 1051 1981 aen

267 2005 361 2033 paucae
377 2006 383 2023 :
397 1997 467 2024 ittter
482 2005 551 2032 quas
567 2003 594 2025 et
609 1998 681 2024 illam
706 1998 823 2026 fortasse
844 1999 907 2034 quis
921 2007 1053 2026 annume-

268 2044 383 2071 raverit:
400 2043 490 2078 Regna
503 2044 529 2070 in
544 2045 620 2070 terris
637 2047 723 2071 decem
739 2045 906 2079 regnabant:
923 2050 947 2073 et
966 2053 1053 2073 resur-

267 2095 308 2125 get
324 2094 393 2116 retro
417 2089 541 2123 pusillus,
566 2090 611 2125 qui
635 2091 746 2124 deponet
761 2096 813 2118 tres
830 2092 858 2118 in
879 2100 976 2125 unum;
991 2092 1054 2120 licet

267 2143 299 2162 ea
315 2135 436 2162 Danielis
451 2134 570 2169 capitulo
585 2143 633 2168 vn,
646 2136 685 2162 uti
708 2136 772 2162 olim
790 2137 816 2162 itt
832 2136 901 2163 LXX
919 2136 1054 2172 Interpre-

270 2185 326 2207 tum
345 2180 463 2208 editione
481 2181 634 2214 legebatur,
647 2182 817 2217 desumptam
834 2183 918 2210 fuisse
930 2191 980 2218 ego
992 2183 1053 2218 qui—

1099 940 1217 975 aliosque
1236 947 1268 967 e1:
1286 938 1362 966 libris
1387 939 1413 966 in
1440 938 1599 965 Hebraicum
1614 937 1747 964 Cononem
1760 938 1889 971 receptis,

1099 989 1168 1022 quod
1190 986 1290 1021 pariter
1305 985 1404 1013 obtinet
1415 986 1442 1012 in
1460 984 1581 1020 Epistula
1597 983 1631 1011 ad
1647 983 1785 1016 Hebraeos,
1799 988 1892 1009 aucto—

1092 1041 1158 1060 .rum
1173 1032 1281 1059 nomitta
1296 1032 1404 1058 minime
1415 1031 1550 1066 prwferre,
1563 1036 1586 1057 et
1607 1035 1695 1056 tamen
1720 1030 1752 1056 de
1779 1029 1891 1055 illorum

1099 1077 1152 1112 [ide
1174 1078 1249 1104 nulla
1271 1082 1309 1104 est
1338 1077 1528 1104 controversia.
1559 1075 1671 1102 Interim
1695 1075 1891 1109 dispiciendum

1100 1123 1213 1156 videtur,
1227 1132 1262 1150 an
1277 1132 1323 1150 nos
1349 1123 1399 1150 hac
1426 1126 1578 1157 tempestate
1599 1122 1694 1148 rectius
1711 1122 1743 1147 de
1759 1120 1891 1155 Epistolis

1100 1169 1179 1204 hujus
1206 1173 1313 1196 tractare
1337 1169 1468 1204 possimus
1494 1168 1629 1202 judicare,
1652 1176 1729 1203 quatit
1755 1167 1804 1202 qui
1830 1175 1891 1201 pro-

1099 1215 1172 1241 ximo
1187 1215 1298 1242 vixerint
1325 1214 1431 1246 steculo,
1446 1214 1563 1242 Clemens
1587 1213 1796 1246 Alexandrinus,
1815 1219 1892 1247 atque

1101 1260 1236 1296 Origenes,
1263 1262 1309 1297 qui
1329 1260 1357 1288 S.
1374 1260 1506 1288 Barnabte
1530 1261 1683 1294 ascripsere.
1704 1259 1793 1286 Porro
1809 1259 1892 1285 adno-

1101 1307 1221 1340 tandum,
1238 1308 1335 1341 scripto
1359 1307 1440 1334 alicui
1465 1315 1517 1334 non
1536 1307 1594 1333 ideo
1618 1307 1709 1332 statim
1735 1306 1817 1339 ﬁdem
1832 1315 1891 1332 om-

1101 1362 1158 1380 nem
1176 1353 1310 1388 abrogari,
1332 1354 1355 1379 si
1381 1353 1413 1379 de
1439 1352 1496 1387 ejus
1521 1357 1629 1379 auctore
1644 1351 1792 1387 aliquando
1811 1351 1891 1386 fuerit

1101 1399 1265 1430 dubitatum,
1282 1404 1327 1425 aut
1347 1399 1370 1425 si
1394 1399 1479 1433 ipsum
1506 1406 1552 1432 per
1566 1397 1673 1432 aliquod
1699 1400 1802 1431 tempus
1826 1397 1893 1422 deli-

1102 1446 1192 1472 tuerit.
1209 1444 1316 1472 Norant
1341 1444 1439 1471 eruditi
1455 1444 1509 1471 haec
1530 1444 1588 1477 ipsa
1607 1443 1714 1477 scriptis
1730 1442 1893 1476 quibusdam

1102 1493 1128 1518 in
1143 1491 1275 1518 Cononem
1290 1498 1360 1518 nunc
1377 1495 1402 1517 et
1416 1489 1480 1516 oliui
1504 1489 1612 1523 receptis
1633 1488 1781 1520 accidisse;
1799 1493 1822 1515 et
1835 1497 1894 1522 qui:

1101 1537 1133 1563 de
1148 1536 1176 1564 S.
1193 1537 1323 1563 Barnabw
1335 1535 1447 1569 epistola
1462 1535 1541 1569 refert
1562 1533 1702 1567 Eusebius,
1721 1533 1816 1560 cadent
1833 1542 1893 1560 eum

1103 1592 1154 1610 non
1175 1582 1251 1608 modo
1272 1582 1303 1608 de
1326 1582 1354 1608 S.
1376 1580 1489 1607 Joannis
1508 1579 1669 1614 Apocalypsi
1685 1584 1707 1606 et
1728 1578 1757 1606 S.
1772 1579 1856 1605 Juda:
1870 1586 1893 1605 et

1103 1628 1241 1656 catholicis
1269 1627 1389 1654 omnibus
1415 1625 1553 1660 Epistolis,
1579 1626 1624 1652 sed
1648 1626 1729 1652 etiam
1748 1625 1781 1651 de
1798 1626 1847 1651 illa
1862 1626 1894 1651 ad

1105 1675 1241 1704 ilebrteos.
1259 1682 1317 1708 quae
1339 1681 1408 1700 nunc
1424 1671 1453 1699 S.
1469 1672 1555 1699 Paulo
1575 1671 1732 1702 ascribitur,
1749 1670 1812 1697 licet
1830 1671 1896 1697 olim

1104 1720 1133 1747 S.
1155 1719 1286 1747 Barnabas
1304 1720 1493 1753 imputaretur,
1511 1717 1641 1743 retulisse.

1139 1766 1248 1793 Constat
1263 1763 1494 1799 Epistulam/iano,
1506 1771 1564 1798 quce
1572 1763 1626 1798 fere
1640 1767 1697 1790 tota
1710 1767 1749 1790 est
1772 1763 1800 1788 in
1822 1762 1895 1798 Syn-

1106 1821 1198 1848 agogte
1214 1812 1319 1843 ritibus,
1340 1815 1364 1838 et
1384 1815 1537 1837 sanctarum
1554 1809 1756 1844 Scripturarum
1774 1810 1895 1844 mysticis

1109 1859 1228 1885 sensibus
1250 1857 1408 1889 euoluendis,
1424 1856 1459 1883 ad
1483 1856 1556 1883 rudis
1582 1856 1654 1890 vulgi
1679 1861 1788 1890 captant
1807 1857 1894 1882 minus

1104 1903 1343 1936 accommodatam,
1357 1907 1382 1929 et
1408 1902 1518 1936 proinde
1543 1901 1684 1928 verisimile
1696 1907 1735 1928 est
1750 1911 1766 1928 a
1783 1902 1893 1928 lectione

1103 1950 1160 1984 ejus
1179 1949 1286 1984 publica
1312 1948 1460 1975 Ecclesium
1477 1954 1534 1983 post
1550 1953 1651 1982 tempus
1678 1948 1790 1982 aliquod
1810 1948 1894 1975 absti-

1103 1996 1213 2023 nuisse:
1231 1994 1300 2030 quod
1320 1999 1345 2022 et
1367 1994 1443 2022 hodie
1464 1994 1564 2028 factum
1591 1993 1623 2020 de
1651 1993 1791 2020 nonnullis
1805 2002 1895 2020 recon-

1104 2042 1210 2068 ditioris
1232 2040 1382 2076 argumenti
1404 2038 1535 2074 periochis
1560 2046 1618 2072 qua
1643 2038 1671 2064 in
1693 2046 1774 2064 sacro
1787 2037 1895 2065 Conone

1104 2088 1283 2115 continentur.
1302 2085 1359 2117 Hoc
1381 2093 1440 2112 vero
1465 2084 1576 2119 fidenter
1594 2083 1720 2116 dixerim,
1743 2083 1894 2118 Epistulam

1104 2135 1171 2162 [tunc
1184 2142 1234 2169 quo
1249 2133 1363 2168 penitius
1382 2131 1556 2166 intelligetur,
1581 2138 1610 2157 eo
1624 2130 1801 2164 acceptiorem
1818 2131 1893 2165 futu-

1105 2190 1173 2214 rant,
1188 2185 1212 2208 et
1228 2180 1262 2207 ad
1281 2187 1419 2207 sacrarum
1432 2177 1609 2211 Litterarum,
1623 2185 1670 2204 nec
1687 2185 1740 2204 nott
1756 2178 1895 2212 antiquis-

267 2225 329 2252 dem
341 2225 552 2253 cxistimaverim
569 2235 574 2252 :
590 2234 650 2252 cum
675 2226 869 2255 Tlteodotionis
890 2228 1052 2262 interpreta—
1069 2226 1089 2253 D
1105 2229 1232 2254 simorum
1255 2225 1370 2253 Patrum
1396 2225 1571 2259 cognitionem
1584 2223 1731 2258 plurimum
1746 2223 1895 2257 facturam.

269 2271 318 2302 tio,
335 2278 417 2306 quatit
435 2271 461 2297 itt
480 2269 599 2302 Daniele,
613 2271 697 2297 altera
713 2271 755 2298 illa
780 2272 944 2306 posthabita,
960 2272 1053 2300 Eccle—

267 2318 338 2344 siam
363 2320 457 2351 postea
485 2316 622 2350 recepisse
650 2317 794 2344 conlinunt
822 2317 1004 2353 Hieronymus
1019 2319 1051 2352 “’,

269 2365 340 2391 Itane
353 2364 433 2391 nobis
450 2364 530 2390 ltodie
545 2363 688 2390 lectionem
708 2364 835 2392 exhibeat
849 2374 855 2392 :
868 2364 944 2392 Δέκα
959 2366 1052 2397 ,βασι-

266 2409 331 2442 λεῖς
344 2408 580 2442 ἀναστήσθντιιι,
596 2409 644 2435 καὶ
659 2410 811 2438 ὀπίσω.....
827 2420 837 2436 t

303 2455 413 2490 Reliqua
427 2455 629 2482 desiderantur:
644 2456 707 2490 qttid
734 2461 823 2482 autem
842 2456 1051 2491 eruditissimus,

270 2501 404 2528 Hibernia:
424 2501 505 2536 juxta
530 2507 555 2528 et
574 2502 688 2529 melioris
709 2502 871 2530 litteratura:
893 2504 1004 2537 primas,
1019 2505 1052 2531 de

267 2546 385 2580 episton
406 2547 485 2581 hujus
507 2552 614 2573 auctore
637 2547 758 2579 senserit,
774 2556 925 2583 quanquam
953 2557 1004 2576 non
1020 2557 1052 2576 ea:

268 2594 347 2620 dictis
377 2593 478 2628 liquido
503 2599 639 2629 appareat,
661 2594 762 2620 indicia
786 2599 872 2620 tamen
896 2599 958 2621 sunt
985 2595 1052 2621 satis

268 2639 342 2665 clara
356 2647 415 2674 qua:
435 2640 515 2674 [idem
538 2640 652 2674 faciant,
672 2640 842 2674 propeudisse
856 2648 915 2667 eam
933 2640 962 2667 in
985 2640 1053 2667 hanc

268 2686 435 2718 sententiam,
461 2689 489 2712 ut
517 2685 632 2712 crederet
658 2694 722 2720 opus
742 2685 790 2711 hoc
817 2686 942 2720 scriptori
966 2687 1054 2721 ignoto

268 2730 365 2757 deberi.
381 2730 445 2758 Esto
456 2739 516 2766 ergo
530 2731 591 2758 huic
602 2732 674 2765 operi
687 2731 773 2758 aliena
787 2740 865 2758 manu
878 2731 907 2759 S.
923 2731 1055 2759 Barnabte

1106 2272 1265 2307 Quanquam
1284 2271 1353 2298 enirn
1376 2275 1517 2306 perpetuus
1540 2269 1640 2297 Veteris
1661 2269 1844 2296 Instrumenti
1863 2270 1896 2295 ad

1105 2318 1233 2345 Messium
1258 2322 1389 2352 respectus
1410 2316 1485 2343 nobis
1513 2316 1591 2351 quasi
1605 2323 1651 2350 per
1665 2319 1842 2341 transennam
1865 2323 1895 2340 es

1106 2364 1228 2391 Chaldwi
1240 2363 1434 2398 Paraphrastis
1446 2362 1592 2395 stricturis,
1606 2361 1768 2396 scriptorum
1785 2361 1896 2388 Talmu-

1105 2410 1235 2442 dicorum,
1252 2409 1481 2443 Rabbinorumque
1500 2407 1624 2442 malignis
1649 2407 1894 2441 interpretamentis

1104 2460 1256 2490 compareat
1272 2453 1357 2481 :olim
1377 2458 1464 2480 tamen
1486 2453 1591 2488 quando
1614 2453 1640 2479 in
1663 2453 1737 2479 omni
1752 2451 1895 2487 Sgnagogu

1104 2501 1319 2529 hebdomadatim
1338 2508 1391 2527 non
1414 2499 1489 2527 lecta:
1504 2504 1624 2532 tantum,
1640 2499 1685 2525 sed
1710 2503 1738 2527 et
1760 2504 1896 2525 enarrata

1103 2552 1178 2576 erant
1195 2547 1357 2581 Scriptum,“
1368 2545 1504 2572 Midrasch
1513 2545 1561 2572 iste
1569 2545 1707 2579 mysticus,
1715 2545 1770 2571 sive
1782 2553 1893 2579 euange-

1104 2595 1171 2621 licus
1185 2593 1287 2620 Veteris
1303 2591 1649 2623 Instrumentisensus,non
1659 2590 1747 2617 ntinus
1773 2591 1893 2617 omnibus

1104 2639 1307 2674 iunotuitquant
1329 2638 1384 2673 ipse
1397 2645 1472 2664 sacer
1489 2641 1576 2664 textus
1589 2643 1598 2663 :
1611 2641 1638 2662 et
1648 2636 1759 2670 proinde
1777 2644 1829 2662 non
1843 2637 1893 2662 mi-

1106 2694 1154 2712 nus
1170 2685 1266 2711 idonea
1281 2683 1467 2718 suppeditabat
1486 2686 1642 2717 argumenta
1653 2682 1689 2708 ad
1702 2682 1892 2708 conuincendos

1105 2731 1226 2763 ludwos,
1235 2737 1314 2765 quam
1321 2737 1352 2756 ea
1360 2737 1419 2761 quia
1425 2736 1456 2755 ex
1462 2727 1645 2754 disertissimis
1659 2735 1802 2754 sacrarum
1811 2727 1841 2754 Li
1844 2732 1891 2752 tte-

306 2789 327 2805 ¹²
343 2788 501 2826 Tertullian.
518 2789 553 2826 De
567 2790 695 2824 pudicitia
705 2810 713 2822 ,
728 2798 788 2824 cap.
800 2790 844 2823 ‘20,
856 2795 883 2817 ct
895 2798 926 2818 ex
936 2799 978 2819 eo.
996 2790 1165 2826 llieronym.,
1176 2789 1298 2826 Catalog.
1308 2789 1399 2826 script.
1410 2774 1591 2826 ecclesiirst._in_
1607 2785 1703 2826 Paulo.
1713 2821 1719 2826 _
1744 2785 1888 2826 ‘_'__Euseb..

271 2824 358 2860 liltlrw
377 2823 478 2860 lltstor.
493 2823 654 2860 ecclesiast.,
671 2834 731 2858 κεφ.
754 2823 796 2852 ιϐ’.
812 2825 850 2852 ιδ’.
868 2825 905 2852 Id.
920 2826 996 2858 ibid.,
1012 2826 1030 2852 l.
1046 2834 1049 2852 ι

1102 2823 1163 2860 itaqu.
1182 2829 1230 2852 κε’.

272 2859 353 2885 (258.
393 2858 413 2873 ”
444 2858 599 2891 l’ra'fat.in
628 2859 730 2886 Daniel.

1271 2821 1293 2841 ῖδ
1308 2823 1465 2858 Augustin.,
1483 2821 1518 2849 De
1541 2822 1642 2850 civitat.
1670 2821 1730 2855 Dei,
1754 2821 1889 2850 tunmu,
