1916 3104
19 142 63 171 6Ἰῖ

682 137 949 166 ῙΒΟΙΑΕΟΟΜΕΝΑ.

1574 142 1627 168 674

19 208 95 227 rarum
121 199 226 226 uocibus
249 198 359 233 fuissent
382 198 506 225 deducta.
529 196 599 224 [line
623 197 724 231 factum
736 203 784 227 est.
801 198 822 222 A
837 197 928 230 fuerit,
944 196 1070 223 invidiam
1086 197 1188 232 facere;
1203 206 1234 224 ne
1246 198 1366 232 iniquum
1376 197 1500 232 petendo,
1512 206 1541 225 eo
1554 199 1624 233 quod

19 246 75 281 quod
101 245 227 271 Dominus
255 251 343 271 noster
364 248 389 270 et
413 243 469 278 ejus
484 242 609 277 apostoli,
619 244 672 276 fere
685 242 786 276 passim

17 293 125 318 adversus
148 290 259 318 Iudtzos
279 290 373 318 exinde
395 293 550 325 argumenta
561 288 785 322 deprompserint;

16 344 35 364 ct
46 339 66 364 si
78 338 141 372 forte
166 337 259 371 aliqua
270 336 340 371 apud
358 341 492 362 auctorem
508 339 626 361 nostrum
642 339 784 360 occurrant

16 392 63 418 aute
78 383 177 418 longius
201 381 285 416 petita
307 380 437 412 videntur,
466 378 514 406 illa
529 379 600 413 ipsa,
623 381 670 404 aut
693 385 784 404 eorum

16 429 96 454 saltem
107 426 214 461 uestigia
229 426 256 452 in
267 424 395 460 Epistolis
408 424 530 451 Paulinis
550 423 609 458 quis
628 423 724 457 poterit
740 431 783 449 re-

16 475 94 508 perire.

42 520 86 548 Sed
102 520 221 547 nolumus
246 518 374 554 pertinaci
398 517 477 544 nimis
501 516 650 551 patrocinio
666 514 694 542 S.
709 514 780 541 Bar-

16 568 86 600 nabte,
101 572 144 594 aut
165 567 310 602 quicunque
325 563 452 598 Epistola:
465 563 545 597 ltujus
566 567 660 589 auctor
678 561 780 588 demum

838 249 941 276 a'quum
960 246 998 268 est
1026 242 1192 269 cxcidamus.
1221 242 1329 268 Modica
1357 247 1418 268 sunt
1442 251 1501 277 qum
1526 244 1552 269 in
1567 243 1624 277 ejus

838 288 953 322 gratiam
973 287 1117 321 poscimus,
1141 296 1198 320 nec,
1221 292 1250 314 ut
1274 293 1349 322 puto,
1365 288 1444 323 facile
1458 289 1624 316 recusanda:

837 337 866 358 ut
883 332 1009 358 nimirum
1024 332 1046 358 si
1064 341 1114 358 non
1128 333 1191 367 ipsi,
1203 332 1298 360 saltem
1313 334 1390 359 annis
1405 334 1462 366 eius
1477 335 1559 361 Itonos
1573 334 1624 360 ha-

838 378 931 405 beatur
944 385 952 404 :
964 378 987 405 si
1011 386 1062 404 non
1089 379 1238 413 apostolum
1265 387 1449 414 agnoscamus,
1464 387 1523 406 eum
1537 385 1625 407 tamen

837 431 882 450 ceu
897 423 1007 450 Patrem
1019 432 1183 452 rcuoreamur
1198 431 1242 452 :et
1263 426 1380 456 demum,
1394 427 1480 452 sinon
1494 426 1521 452 in
1537 426 1626 452 Cano—

837 478 895 496 nem
909 470 986 497 illum
1009 470 1186 505 recipiendum
1204 472 1447 504 ducamus,saltem
1461 473 1489 499 in
1504 473 1624 500 classicis

836 515 1021 549 scriptoribus,
1038 525 1085 551 pro
1099 517 1230 552 dignitate
1249 526 1328 553 quant
1343 518 1407 545 olim
1421 519 1536 546 obtinuit
1552 520 1622 553 apud

836 560 962 588 Ecclesia:
971 563 1112 596 scriptores
1128 564 1339 599 antiquissimos,
1356 573 1532 593 numeremus.

20 622 1615 640 ——_—————————*—-—————————

780 677 839 722 V.

44 771 99 811 Π).
127 773 177 802 LE
193 770 369 807 NOURRY,
395 768 577 808 Apparatus
609 764 776 835 ad

832 766 1103 844 ecrgg)mamimam
1129 774 1189 800 vet.
1219 769 1324 807 Patr.,
1355 771 1453 802 Paris.
1491 773 1579 811 1703,

207 897 403 926 ARTICULUS
422 897 561 925 PRIMUS.

151 955 276 991 Analysis
290 955 417 990 Epistola:
433 954 462 982 S.
477 953 619 981 Barnabw.

41 1015 130 1042 Auctor
144 1013 228 1048 hujus
243 1012 369 1048 Epistolas
379 1033 386 1046 ,
400 1012 541 1047 praemissa
554 1018 648 1038 eorum
663 1009 695 1036 ad
708 1015 778 1044 quos

14 1061 92 1088 scribit
109 1060 181 1088 brevi
212 1059 397 1091 salutatione,
426 1058 521 1085 laudat
545 1057 653 1083 illorum
681 1056 777 1087 (idem,

13 1108 153 1134 charitatem
164 1128 172 1139 ,
187 1106 308 1141 aliaque,
324 1105 425 1140 quibus
440 1103 537 1138 repleti
552 1106 641 1134 erant,
660 1101 778 1136 Spiritus

14 1154 84 1180 sancti
96 1152 176 1180 dona.
198 1151 279 1179 Nulla
291 1158 355 1178 vero
370 1150 423 1178 alia
440 1151 547 1176 ratione
562 1147 684 1175 animum
701 1155 729 1174 se
744 1147 777 1173 ad

14 1199 167 1227 scribendum
182 1199 322 1233 appulisse
339 1196 491 1232 proﬁtetur,
508 1195 566 1223 nisi
577 1199 608 1222 ut
620 1194 700 1222 ﬁdem
719 1194 779 1220 illo-

15 1253 62 1272 rum
81 1244 265 1280 peri‘ectiorem
294 1243 436 1275 redderet,
459 1241 666 1276 ostenderetque
693 1239 777 1268 Deum

15 1291 62 1318 ideo
72 1291 212 1326 prophetas
233 1297 283 1318 suo
307 1289 408 1324 Spiritu
432 1289 556 1321 amasse,
573 1291 603 1314 ut
618 1286 706 1314 foedus
728 1294 779 1313 no-

15 1344 83 1368 rum,
102 1336 290 1364 incarnatione
314 1335 375 1362 Filii
401 1336 445 1363 sui
463 1334 629 1365 ineundum,
650 1333 778 1360 omnibus

13 1382 216 1414 pmnuntiarent.
243 1380 313 1409 Hine
336 1381 380 1408 ille
406 1384 598 1416 argumentum
625 1387 705 1406 suum
732 1387 778 1414 ag-

14 1435 116 1461 gressus,
129 1436 162 1456 ex
178 1428 338 1456 eorumdem
354 1427 552 1462 prophetarum
565 1425 684 1453 oraculis
696 1425 777 1452 Chri-

14 1477 71 1499 stum
90 1473 231 1500 Dominum
256 1473 317 1507 jure
351 1472 448 1499 merito
476 1471 543 1506 legis
578 1470 704 1498 Mosaicae
730 1470 778 1496 ab.

14 1525 107 1553 rogasse
119 1518 252 1546 sacriﬁcia
264 1539 271 1551 ,
286 1518 416 1552 nullaque
430 1517 482 1544 alia
494 1537 501 1550 ,
521 1524 604 1552 quam
621 1515 734 1551 spiritus
751 1519 778 1542 ct

14 1550 87 1591 coidis
100 1565 236 1599 postulare
253 1550 431 1591 demonstrat.
444 1550 626 1596 Quamobrem
646 1562 708 1588 illos
720 1561 777 1589 sol-
790 1550 812 1579 (ἶ

14 1609 72 1637 licite
83 1610 214 1642 admonet,
229 1609 264 1636 ab
278 1609 311 1636 iis
322 1613 454 1641 caveant,
465 1607 511 1642 qui
533 1607 618 1642 legem
632 1606 733 1642 Moysis
750 1610 777 1633 et

14 1655 98 1683 Christi
107 1656 186 1683 simul
201 1655 400 1683 observandam
409 1662 469 1681 esse
481 1654 620 1680 docerent.
637 1653 701 1680 Ideo
712 1659 776 1679 vero

14 1701 73 1728 illam
92 1702 231 1730 rescissam
256 1708 317 1729 esse
339 1700 436 1733 probat
451 1708 457 1726 :
471 1704 500 1726 ut
514 1698 619 1725 dilectio
633 1698 697 1725 Iesu
714 1706 777 1725 con-

13 1747 111 1782 signatur
126 1749 152 1775 in
167 1747 292 1775 cordibus
305 1747 398 1774 uestris
411 1746 438 1772 in
451 1753 522 1780 spem
539 1745 600 1780 fidei
611 1745 704 1777 illius;
720 1745 776 1772 his-

14 1802 55 1828 que
65 1795 144 1822 tribus
157 1794 304 1822 virtutibus
316 1813 324 1826 ,
336 1792 494 1819 meditemur
517 1792 638 1818 timorem
659 1791 726 1824 Dei,
750 1796 775 1818 et

13 1840 170 1868 custodiamus
185 1840 314 1867 mandata
335 1840 418 1867 illius.
444 1838 564 1866 Subinde
581 1838 641 1865 aliis
659 1837 772 1872 prophe-

14 1889 85 1912 tarum
107 1886 172 1913 locis
198 1886 310 1921 planum
335 1885 429 1921 utique
452 1884 517 1912 facit
541 1883 683 1911 Christum
714 1883 775 1910 ideo

14 1938 104 1958 carnem
128 1932 249 1959 induisse
261 1951 269 1964 ,
294 1935 465 1966 mortemque
480 1930 581 1958 obiisse
591 1951 598 1963 ,
614 1934 643 1957 ut
653 1951 660 1961 ,
679 1929 775 1957 mortis

14 1976 108 2011 imperio
120 1979 269 2011 destructo,
283 1978 413 2005 mundum
430 1977 564 2012 sanguine
580 1983 630 2003 suo
656 1976 775 2003 redime-

15 2026 55 2050 ret.
64 2023 134 2056 Quod
150 2024 235 2052 Judaei
250 2032 311 2052 cum
330 2025 441 2052 credere
456 2025 611 2056 noluerint,
624 2023 712 2050 voluit
730 2023 775 2049 ille

15 2067 167 2104 Evangelium
188 2079 270 2099 suum
287 2071 417 2099 omnibus
441 2071 568 2106 gentibus
590 2071 625 2097 ab
642 2069 775 2104 apostolis

16 2115 144 2147 praedicari.
157 2117 240 2144 Addit
253 2117 395 2144 Christum
411 2117 463 2144 etsi
475 2123 508 2144 ex
522 2115 612 2143 Patris
627 2119 773 2150 praecepto,

15 2160 80 2187 sicuti
92 2162 244 2196 praedictum
261 2162 361 2195 fuerat,
374 2163 471 2190 lubens
486 2167 611 2189 mortuus
625 2162 672 2195 sit,
684 2162 774 2196 ipsum

796 885 816 911 Β
830 889 890 909 rum
904 882 994 910 locum
1008 884 1130 919 adoptati
1150 885 1299 913 Christiani
1319 887 1546 921 snbrogarentur.
1562 888 1616 916 De-

832 927 913 961 nique
933 933 1076 963 postquam
1090 930 1123 957 dc
1137 929 1248 958 Sabbati
1265 932 1458 966 celebratione,
1472 934 1621 962 Dominicte

830 972 883 999 diei
910 973 1098 1008 institutione,
1122 977 1215 1011 templi
1243 977 1480 1014 Hierosolymitani
1509 981 1619 1008 destru-

829 1018 929 1051 ctione,
946 1019 1048 1054 Deique
1072 1020 1098 1046 in
1119 1022 1250 1049 cordibus
1263 1024 1366 1050 nostris
1378 1024 1548 1052 habitatione
1561 1026 1619 1053 dis-

829 1065 925 1096 seruit,
938 1065 1053 1099 primam
1066 1066 1169 1094 claudit
1180 1068 1306 1102 Epistulae
1320 1074 1436 1103 partem.

865 1109 894 1137 In
917 1113 1055 1145 secunda,
1077 1121 1139 1148 qua:
1157 1114 1268 1141 brevior
1280 1120 1336 1148 est,
1358 1116 1458 1151 stylnm
1476 1117 1509 1144 ad
1533 1117 1620 1144 infor-

829 1157 944 1185 mandos
964 1158 1184 1187 Christianorum
1208 1168 1298 1188 mores
1316 1163 1470 1195 convertit;
1495 1163 1620 1198 duasque

829 1208 974 1238 eapropter
1007 1205 1178 1233 demonstrat
1215 1214 1275 1233 esse
1303 1207 1446 1235 hominum
1478 1209 1548 1236 vias.
1585 1209 1620 1237 Et

829 1250 946 1283 priorem
967 1251 1076 1285 quidem
1089 1273 1097 1284 ,
1113 1251 1155 1279 cui
1170 1252 1258 1287 angeli
1279 1257 1417 1287 przesunt,
1438 1262 1554 1289 quaeque
1576 1256 1618 1282 via

830 1295 896 1323 lucis
917 1296 1036 1330 dicitur,
1060 1306 1123 1325 cum
1145 1298 1282 1333 explicat,
1299 1299 1336 1326 ibi
1355 1299 1420 1334 quid
1443 1300 1618 1328 Christianus

829 1349 918 1377 agere,
935 1343 999 1377 quid
1013 1343 1108 1378 fugere
1121 1344 1229 1376 debeat.
1251 1345 1374 1371 omnium
1388 1345 1477 1372 oculis
1494 1346 1617 1381 subjicit.

828 1388 1010 1417 Posteriorem
1027 1398 1183 1425 vero,qua:
1206 1393 1295 1418 subest
1318 1391 1418 1426 angelis
1442 1391 1569 1423 Saturne,
1592 1397 1619 1419 et

829 1436 870 1462 ria
886 1437 1051 1463 tenebrarum
1078 1437 1305 1472 cognominatur,
1333 1438 1506 1472 explanando
1528 1439 1618 1473 palam

830 1481 873 1508 ille
889 1481 954 1509 facit
967 1490 1028 1517 qua:
1044 1483 1100 1510 sint.
1114 1483 1190 1515 vitia,
1211 1487 1238 1510 et
1259 1484 1331 1510 mala
1343 1491 1442 1518 opera,
1459 1485 1560 1520 quibus
1576 1485 1618 1512 in-

829 1527 940 1561 quinata
967 1527 1058 1554 anima
1075 1529 1164 1562 pmnis
1181 1528 1280 1556 inferni
1304 1529 1452 1557 addicitur.
1470 1529 1617 1557 Postremo

830 1577 858 1599 ut
879 1572 1020 1607 imperatis
1041 1574 1141 1601 divinis
1172 1581 1276 1601 morem
1303 1579 1417 1610 gerant,
1443 1574 1615 1607 adhortatur,

827 1623 1072 1654 comprecaturque
1097 1624 1127 1646 ut
1153 1621 1194 1647 sui
1217 1620 1392 1647 meminerint
1420 1620 1492 1655 apud
1518 1620 1616 1652 Deum.

826 1662 906 1697 cujus
930 1662 958 1689 in
981 1665 1067 1698 gratia
1086 1669 1116 1691 ut
1141 1672 1249 1700 semper
1275 1669 1422 1699 maneant,
1444 1666 1615 1700 expetendo.

827 1707 955 1743 Epistolas
970 1710 1128 1737 coronidem
1146 1710 1271 1747 imponit.

1089 1765 1288 1793 ARTICULUS
1308 1766 1338 1794 ll.

828 1811 904 1838 Hanc
920 1811 1058 1847 epistolam
1075 1812 1192 1847 eamdem
1206 1821 1272 1844 esse,
1286 1820 1344 1847 qua:
1368 1811 1400 1838 ab
1421 1812 1615 1846 antiquissimis

1011 1846 1138 1873 Ecclesite
1152 1846 1279 1873 Pati-ibus
1293 1846 1431 1874 laudatur.

861 1891 976 1919 Constat
991 1891 1140 1926 Epistolam
1164 1892 1235 1919 hanc
1251 1892 1374 1919 eamdem
1388 1899 1466 1923 esse,
1481 1899 1562 1926 quam
1579 1892 1615 1919 ab

827 1937 1084 1972 antiquissimorum
1097 1936 1226 1964 Ecclesiae
1241 1941 1394 1971 temporum
1407 1935 1534 1963 Patribus
1546 1935 1614 1962 Bar-

826 1985 903 2011 nahae
918 1982 1030 2010 nomine
1043 1982 1155 2009 citatam
1171 1982 1257 2009 fuisse
1269 1990 1302 2009 ex
1316 1982 1475 2009 eorumdem
1491 1981 1616 2008 testimo-

826 2030 879 2057 niis
894 2029 1005 2064 planum
1027 2029 1066 2055 lit.
1086 2028 1115 2055 Id
1138 2032 1229 2055 autem
1257 2027 1298 2054 vel
1323 2035 1356 2054 ex
1381 2027 1439 2054 sola
1465 2026 1615 2054 Clementis

825 2074 1004 2102 Alexandrini
1020 2073 1184 2101 auctoritate
1200 2072 1382 2100 invictissime
1397 2073 1612 2100 demonstratur.

826 2121 900 2152 Quos
915 2120 986 2147 enim
1001 2127 1034 2147 ex
1045 2127 1076 2147 ea
1089 2119 1165 2146 locos
1180 2118 1305 2152 protulit,
1322 2119 1339 2145 ii
1362 2126 1396 2145 ex
1411 2117 1540 2153 Epistolas
1559 2118 1613 2144 ini-

826 2167 876 2198 tio,
897 2166 944 2193 ubi
967 2165 1060 2193 Graeca
1073 2165 1154 2192 verba
1175 2165 1280 2197 deleta,
1297 2168 1378 2199 atque
1400 2171 1433 2191 ex
1449 2164 1557 2197 medio,
1581 2171 1615 2191 ac

15 2209 88 2234 “me”
99 2216 186 2236 "erum
200 2217 263 2237 esse
275 2208 320 2237 θεῖ
335 2209 447 2236 Filium-
457 2209 581 2244 Explicat
595 2208 693 2236 deinde
704 2215 774 2242 QUO'
789 2216 813 2246 ο
826 2213 935 2240 tandem
948 2219 981 2239 ex
994 2212 1046 2238 [inc
1059 2232 1066 2243 ,
1078 2211 1124 2238 ubi
1138 2210 1234 2237 Latina
1250 2209 1437 2244 interpretatio
1450 2209 1550 2240 deficit,
1565 2217 1615 2236 ex—

15 2252 80 2279 modo
101 2255 236 2289 prophetae
258 2259 285 2282 et
304 2255 396 2282 verbis
420 2259 447 2282 et
471 2255 566 2289 ﬁguris
593 2253 774 2288 signiﬁcat-int

15 2297 132 2328 Christum
146 2302 172 2328 in
185 2301 314 2336 passione
329 2305 406 2329 aceto
417 2305 444 2328 et
456 2300 517 2328 felle
532 2300 692 2335 potandum,
709 2307 774 2334 pur-

15 2349 69 2377 pura
88 2346 266 2380 induendum,
291 2347 377 2382 spinis
404 2346 612 2379 coronandum;
640 2345 687 2372 sed
717 2345 775 2371 haec

15 2390 88 2417 omnia
109 2393 195 2420 surdis
212 2392 369 2420 Iudaeorum
393 2392 506 2419 auribus
530 2391 683 2418 decantata.
710 2387 775 2416 Inde

15 2439 88 2462 autem
105 2438 203 2473 colligit
217 2446 298 2466 aures
312 2438 402 2466 cordis
417 2436 663 2468 circumcidendas,
681 2436 774 2463 docet-

15 2487 56 2514 Que
66 2483 290 2513 circumcisionem
302 2483 459 2512 Judzeorum
478 2483 660 2517 antiquatam,
674 2480 774 2508 Mosai-

16 2533 98 2563 “Sque
114 2530 193 2566 leges,
212 2532 313 2567 quibus
328 2530 381 2558 cibi
406 2529 531 2557 nonnulli
545 2527 772 2563 prohibebantur,

16 2573 130 2605 spirituali
143 2584 224 2604 sensu
236 2575 437 2611 intelligendas.
450 2575 517 2602 Post
534 2575 592 2601 haec
606 2572 727 2600 ostendit
739 2572 773 2599 ah

17 2616 94 2647 “ﬁdem
114 2623 248 2657 prophetis
282 2622 394 2657 insuper
424 2621 636 2656 praenuntiatum
658 2619 716 2646 fore
745 2622 775 2645 ut

16 2662 85 2693 Iudici
106 2676 152 2696 nec
164 2669 264 2697 Christi
278 2669 414 2704 baptismo
432 2667 623 2700 abluerentur,
647 2674 697 2693 nec
711 2674 775 2692 cru-

17 2717 65 2740 cem
78 2715 131 2749 ejus
140 2720 325 2751 agnoscerent,
337 2720 419 2750 atque
429 2715 465 2742 ob
478 2714 599 2749 ejusdem
615 2711 717 2740 Christi
733 2711 768 2739 ab

18 2757 60 2787 ilﬁs
73 2761 193 2796 ejuratam
207 2763 381 2791 divinitatem
394 2760 550 2790 exharedes
568 2759 631 2788 facti
645 2778 653 2792 ,
673 2759 700 2786 in
722 2765 770 2786 eo-

49 2854 66 2869 “
73 2854 143 2883 Varia
157 2865 238 2884 sacra.

827 2262 935 2293 cerptos
953 2265 1014 2285 esse
1038 2255 1294 2284 manifestissimum
1319 2259 1370 2283 est.
1394 2255 1501 2282 Erravit
1529 2255 1614 2289 igitr?

827 2304 952 2339 Moynius
966 2303 997 2336 ¹⁶,
1011 2302 1178 2330 Calvinianae
1200 2306 1280 2328 sectae
1293 2301 1358 2327 olim
1382 2300 1546 2335 Rothomagi
1562 2300 1615 2326 mi-

828 2352 928 2384 nister,
942 2350 989 2385 qui
1004 2349 1184 2385 posteriorem
1206 2349 1289 2384 hujus
1304 2347 1431 2383 Epistolte
1444 2351 1547 2382 partem
1563 2354 1614 2374 nec

828 2396 951 2432 ejusdem
968 2395 1125 2430 scriptoris,
1142 2402 1193 2421 nec
1207 2394 1330 2429 ejusdem
1355 2393 1419 2428 styli
1445 2400 1477 2419 ac
1493 2392 1612 2427 priorem

828 2442 914 2470 videri
929 2441 1078 2469 arbitratus
1093 2445 1144 2468 est.
1167 2439 1244 2467 llane
1259 2439 1359 2474 quippe
1384 2439 1470 2472 ipsam
1488 2441 1612 2472 portent,

827 2493 925 2524 pratter
938 2485 1308 2514 memoratumClementem
1324 2484 1359 2510 ab
1375 2483 1490 2517 Origene
1510 2481 1614 2516 Grego-

828 2535 923 2569 rioque
937 2533 1112 2561 Nazianzeno
1125 2533 1220 2559 eodem
1234 2530 1366 2557 Barnabas
1378 2528 1488 2555 nomine
1499 2527 1613 2554 citatam

827 2581 954 2616 legimus.

1084 2621 1282 2651 ARTICULUS
1302 2620 1348 2648 Ill.

826 2674 866 2701 De
889 2678 996 2700 auctore
1015 2671 1092 2706 hujus
1116 2669 1234 2710 epistola:
1257 2668 1425 2702 antiquorum
1450 2670 1611 2699 scriptorum

1141 2711 1289 2739 opiniones.

863 2755 931 2784 Tota
954 2755 1036 2790 igitur
1049 2753 1082 2781 de
1097 2752 1148 2780 hac
1165 2750 1282 2785 Epistola
1301 2747 1446 2776 difﬁcultas
1461 2747 1489 2774 in
1501 2753 1535 2774 eo
1550 2751 1612 2774 var-
