1916 3104
274 99 328 126 07-5

808 95 835 122 S.
856 93 1041 122 BARNABAS
1060 94 1275 122 APOSTOLUS.

1854 93 1910 119 676

274 161 367 190 satur,
392 161 486 184 utrum
510 163 525 183 a
545 151 671 183 Bainaba
698 152 837 188 apostolo,
852 152 932 186 cujus
950 150 1059 185 praefert
1073 153 1097 183 Α
1112 151 1189 178 Ιιεῦεε
1216 151 1323 186 penitus
1345 142 1520 184 abjudicant,
1545 153 1573 176 et
1600 149 1792 184 apocrypham
1819 152 1909 182 atque

274 210 384 235 nomen,
401 209 465 230 vere
481 201 602 237 profecta
625 200 671 227 sit.
684 198 742 225 Non
761 205 815 224 una
830 196 963 231 siquidem
976 203 1007 223 ea
1025 196 1059 223 de

274 257 304 277 re
329 249 504 284 antiquorum
531 246 660 274 Ecclesiae
679 244 792 272 Patrum
823 243 876 271 fuit
910 242 1056 270 sententia.

273 295 444 323 Posteriores
463 301 529 321 vero
543 292 691 326 scriptores
706 291 733 317 in
748 290 840 324 plures
861 289 1003 323 magisque
1017 287 1058 315 di-

273 349 367 369 versas
382 341 525 376 opiniones
536 338 671 365 abierunt.
687 336 813 364 Clemens
826 334 925 362 etenim
941 334 1058 360 Alexan-

273 387 370 414 drinus
387 386 478 414 nullus
492 391 612 419 unquam
627 381 761 410 dubitavit
774 388 833 408 eam
851 388 946 408 verum
962 378 1057 414 genui-

274 440 396 468 numque
417 431 502 459 fetum
529 437 590 458 esse
611 428 761 460 Barnabas,
784 434 864 461 quem
880 426 1034 461 apostolum
1048 446 1056 457 ,

273 480 362 507 virum
379 477 570 513 apostolicum,
585 482 669 502 unum
682 481 716 500 ex
740 473 920 507 septuaginta,
938 477 966 499 et
980 471 1057 499 Pauli

274 525 425 560 adiutorem
439 522 567 557 appellat.
580 520 643 547 Haec
655 519 746 546 videre
758 521 799 545 est
813 518 840 544 in
853 518 927 545 illius
936 517 1058 544 Struma-

275 576 330 598 tum
347 570 423 597 libris
438 567 558 596 secundo
570 587 578 600 ,
604 565 700 601 quinto
723 568 750 591 et
772 567 850 590 sexto
862 564 895 590 ”.
921 563 1056 591 Clementi

273 620 363 643 autem
398 612 556 649 praeceptori
579 619 629 639 suo
653 609 819 644 subscripsit
845 608 974 644 Origenes
997 617 1003 634 :
1026 617 1057 636 ae

272 666 366 697 postea
379 659 527 694 Gregorius
538 657 726 684 Nazianzenus
738 655 863 690 Origenis
879 655 964 689 ipsius
975 655 1056 681 verba

272 705 490 738 transcribendo,
504 704 529 731 in
543 704 638 731 eadem
659 709 769 737 quoque
784 701 913 735 opinione
929 708 958 728 se
973 700 1057 727 fuisse

273 753 346 780 baud
359 752 474 779 obscure
489 748 664 785 signiﬁcavit.

311 798 409 826 Verum
425 797 556 824 adversus
567 794 734 821 Clementem
750 800 871 828 pugnare
886 793 991 819 videtur
1006 792 1056 820 Eu-

273 843 413 875 sebius";
427 840 648 877 quandoquidem
666 839 712 866 ubi
726 839 760 866 de
772 839 895 873 ejusdem
909 838 1057 865 Clementis

273 889 406 924 Operibus
430 893 583 915 sermonem
606 884 725 912 instituit
742 891 747 907 ε
767 883 799 910 In
822 883 934 916 iisdem,
955 884 1059 919 inquit,

274 935 348 962 libris
359 935 436 969 affert
450 932 599 963 testimonia
613 931 823 965 Scripturarum,
833 938 890 964 qua:
900 939 915 956 ιι
928 930 1060 956 nonnullis

274 982 457 1016 repudiantur,
471 987 559 1014 nempe
570 987 603 1006 ea;
616 978 755 1012 Sapientia
771 977 935 1010 Salomonis,
952 977 1015 1003 item
1028 984 1061 1002 ea:

274 1026 395 1063 Epistula
417 1026 559 1054 Clementis
585 1032 616 1051 ac
630 1024 773 1051 Barnabaz.
793 1022 826 1050 Et
845 1023 927 1058 paulo
948 1022 1058 1057 post":

274 1075 350 1102 Idem
363 1074 390 1100 in
405 1072 480 1099 libris
500 1069 718 1098 Ύποτυπώσεων
730 1069 859 1101 omnium,
877 1073 905 1095 ut
920 1077 972 1095 uno
986 1068 1061 1095 verbo

273 1122 362 1148 dicam
375 1141 382 1154 ,
398 1119 534 1154 utriusque
558 1116 718 1143 Testamenti
733 1115 928 1150 scripturarum
938 1122 1061 1149 compen—

273 1168 376 1194 diosum
389 1164 499 1192 instruit
515 1163 708 1194 narrationem,
721 1169 752 1188 ne
764 1161 820 1188 illis
833 1160 938 1196 quidem
952 1165 1062 1195 prwter-

274 1213 360 1240 missis
375 1210 526 1246 scripturis,
544 1209 575 1236 de
588 1207 682 1243 quibus
700 1207 770 1233 inter
788 1206 886 1233 multos
906 1205 1060 1241 ambigitur,

273 1259 354 1286 Jutlte
367 1257 513 1292 Epistolam
523 1275 530 1288 ,
541 1260 565 1283 et
581 1254 722 1286 Barnabas,
740 1261 771 1279 at:
788 1252 904 1287 reliquas
916 1251 1060 1279 catholicas

275 1304 411 1340 Epistolas
435 1302 565 1337 intelligo.
593 1300 664 1328 Tum
687 1299 807 1334 denique
822 1305 856 1326 ex
876 1305 926 1325 sua
943 1297 984 1324 sic
1004 1297 1062 1331 ipse

275 1350 409 1379 sententia
434 1348 593 1384 pronuntiat
603 1347 647 1373 "z
664 1346 719 1373 Pro
744 1345 843 1380 spuriis
867 1343 980 1371 habendi
1000 1347 1061 1370 sunt

274 1398 355 1424 etiam
374 1396 456 1422 Actus
476 1393 591 1421 Pauli...
607 1391 740 1424 Barnabaz
751 1391 815 1418 item
836 1389 968 1425 Epistula.
985 1388 1062 1417 Unde

275 1442 411 1477 intelligas
426 1439 573 1467 Eusebium
586 1459 595 1472 ,
611 1436 793 1473 quorumdam
808 1435 994 1470 antiquiorum
1017 1443 1061 1462 ve-

1110 197 1312 231 supposititiam
1335 204 1396 224 esse
1421 196 1600 223 contendunt.
1623 195 1726 223 Contra
1748 201 1819 222 vero
1848 193 1906 220 Ha-

1110 244 1394 277 mondus,\'ossius,
1417 243 1509 271 Bullus
1536 247 1564 270 et
1587 242 1723 277 aninius
1748 249 1813 269 eam
1850 249 1907 268 non

1109 291 1192 318 alium
1213 298 1294 325 quam
1321 289 1474 317 Barnabam
1502 293 1643 317 auctorem
1666 289 1772 316 habere
1798 296 1910 324 propn-

1109 340 1202 367 gnanL

1371 390 1570 418 ARTlCULUS
1592 390 1622 418 V.

1234 436 1356 464 Primum
1376 442 1560 472 argumentum
1578 436 1759 463 examinatum

1144 483 1195 517 Qui
1215 483 1364 518 Epistulam
1379 484 1450 510 hanc
1463 482 1593 510 Barnabas
1609 482 1781 517 abjudicant,
1797 482 1849 508 his
1865 482 1909 508 ni-

1110 535 1203 558 tuntur
1218 529 1396 565 argumentis.
1412 529 1444 556 Et
1456 529 1545 564 primo
1562 528 1671 563 quidem
1687 527 1706 554 ii
1729 526 1853 554 Eusebii
1867 532 1910 554 at-

1107 583 1161 610 que
1185 575 1363 611 Hieronymi,
1386 575 1433 610 qui
1457 583 1516 602 eam
1540 575 1572 602 ad
1588 573 1744 609 apocrypha
1759 577 1788 600 et
1807 573 1908 607 spuria

1107 620 1236 656 ablegant
1247 642 1254 653 ,
1277 621 1439 648 auctoritate
1453 627 1467 646 a
1481 619 1560 646 nubis
1574 619 1701 653 superius
1713 619 1799 645 allata
1816 623 1908 645 utun-

1108 671 1162 694 tur.
1182 667 1266 694 Docet
1285 666 1385 701 quippe
1403 666 1474 693 idem
1490 665 1671 700 Hieronymus
1679 665 1703 680 "
1717 673 1723 690 :
1736 664 1909 699 Apocryplta

1107 722 1197 740 eorum
1218 722 1268 740 non
1282 721 1337 740 esse
1353 721 1464 748 quorum
1479 711 1565 740 titulis
1577 715 1785 746 prteuotantur:
1802 711 1862 743 vel,
1880 715 1908 737 ut

1108 760 1185 787 addit
1196 760 1321 787 Gelasius
1339 767 1420 794 papa,
1438 760 1530 794 aliquo
1546 758 1705 786 inliciuntur
1718 765 1834 785 errore.
1853 759 1906 784 Alii

1108 810 1197 833 tamen
1219 809 1318 840 negant
1339 805 1448 832 Eusebii
1468 804 1678 839 llieronymique
1703 803 1737 830 de
1764 802 1909 830 Barnabas

1111 851 1229 887 Epistula
1253 851 1334 878 verba
1350 851 1448 878 debere
1464 850 1595 877 alterutro
1617 857 1697 876 sensu
1715 848 1821 882 accipi.
1846 847 1907 875 Non

1110 899 1219 933 quidem
1232 897 1331 932 primo,
1348 904 1409 923 cum
1434 895 1580 929 Epistulam
1603 895 1674 921 hanc
1694 893 1837 920 Barnabas
1858 901 1908 918 1104

1111 944 1184 970 mitte
1199 943 1312 970 inscribi
1328 950 1381 969 non
1401 941 1566 972 inlicicutur,
1592 948 1623 967 ac
1637 939 1830 974 Hieronymus
1845 947 1906 965 eam

1111 997 1127 1017 a
1149 989 1273 1016 Barnaba
1294 988 1476 1022 compositam
1498 994 1559 1013 esse
1585 985 1710 1012 aliirmet.
1735 984 1840 1019 Neque
1863 993 1906 1011 se~

1110 1035 1210 1067 eundo,
1225 1042 1285 1062 cum
1301 1034 1375 1061 illam
1389 1041 1442 1060 non
1467 1037 1570 1059 tantum
1584 1032 1673 1058 omnis
1685 1031 1794 1058 erroris
1806 1038 1903 1064 exper-

1112 1085 1177 1113 tem,
1194 1080 1239 1107 scd
1254 1081 1347 1111 etiam,
1361 1084 1391 1106 ut
1408 1078 1446 1105 ait
1460 1078 1639 1112 Hieronymus
1649 1077 1682 1109 “,
1696 1077 1731 1103 ad
1742 1076 1907 1110 tzdiﬁcatio—

1112 1135 1169 1154 nem
1182 1126 1307 1153 Ecclesia:
1320 1126 1490 1160 pertinentem
1501 1128 1655 1158 agnoscant.
1667 1122 1706 1150 Eo
1717 1123 1806 1158 igitur
1818 1130 1906 1149 sensu

1112 1181 1171 1201 eam
1196 1178 1310 1208 uterque
1334 1173 1454 1206 spuriam
1477 1175 1505 1198 et
1529 1170 1710 1205 apocrypham
1733 1176 1802 1196 esse
1823 1168 1905 1200 dixit,

1112 1219 1185 1253 qttod
1198 1219 1269 1246 inter
1283 1218 1432 1245 canonicos
1446 1216 1546 1244 divinae
1564 1215 1713 1249 Scriptura:
1735 1214 1830 1241 libros
1850 1221 1906 1240 non

1112 1266 1315 1293 adnumeretur.

1148 1310 1250 1338 Verum
1269 1317 1301 1337 ex
1318 1308 1405 1344 posita
1427 1309 1490 1335 olim
1512 1308 1546 1334 ab
1564 1306 1716 1342 Augustino
1733 1305 1836 1341 regula
1859 1313 1907 1332 ur-

1113 1360 1176 1392 gent
1186 1362 1280 1382 eorum
1296 1354 1463 1387 adversarii;
1486 1360 1518 1380 ea
1542 1359 1656 1387 quinque
1675 1350 1781 1385 scripta
1803 1350 1842 1377 ab
1858 1349 1909 1376 Ee-

1113 1401 1194 1430 clesia
1207 1400 1290 1436 recipi
1307 1400 1443 1431 debuisse,
1459 1406 1521 1434 quae
1531 1406 1546 1426 a
1558 1398 1680 1434 quolibet
1692 1396 1828 1432 apostolo
1844 1404 1909 1431 pro-

1113 1449 1197 1477 diisse
1212 1447 1375 1475 constiterit.
1395 1446 1460 1473 lude
1479 1446 1579 1480 quippe
1603 1448 1716 1472 sanctus
1735 1443 1786 1470 ille
1806 1443 1909 1469 doctor

275 1487 364 1523 stigiis
384 1485 557 1518 inluerendo,
581 1483 729 1518 Epistulam
749 1481 881 1509 Barnaba:
896 1489 946 1516 pro
968 1480 1060 1515 spuria
1073 1495 1094 1524 α
1111 1499 1207 1523 comm
1225 1493 1410 1522 adversarium
1427 1491 1507 1527 Legis
1529 1495 1557 1518 et
1575 1490 1778 1524 Prophetarum
1805 1489 1907 1520 libros.

276 1532 415 1560 habuisse.
429 1530 610 1566 Hieronymus
626 1536 690 1556 vero
701 1528 722 1544 “
738 1528 812 1554 illam
833 1526 899 1554 inter
909 1527 1060 1561 Scripturas

275 1579 440 1614 apocryphas
469 1576 605 1604 amandat.
631 1575 752 1610 Uterque
775 1581 858 1609 porro
881 1572 1061 1608 Nicephortts,

276 1623 595 1659 Constantinopolitanus
619 1621 726 1650 scilicet
751 1625 833 1655 atque
848 1619 983 1651 Calixtus,
1005 1618 1061 1645 En-

276 1672 344 1700 sebii
366 1672 445 1699 verba
468 1677 634 1704 sensumque
648 1667 803 1703 expressit:
819 1666 866 1693 sed
882 1673 1008 1700 quamam
1027 1665 1063 1691 sit

276 1717 385 1745 Eusebii
404 1725 436 1744 ac
448 1715 604 1750 llicronymi
619 1714 652 1742 de
666 1712 884 1748 apocrypborum
901 1711 1063 1738 dclinitione

276 1764 386 1799 opinio,
402 1763 492 1792 adhuc
505 1766 546 1790 est
562 1761 587 1788 in
603 1759 799 1788 controversia.

536 1816 736 1846 ARTICULUS
754 1816 800 1844 lV.

508 1866 642 1893 Sententia
657 1863 840 1891 recentiorum.

314 1926 450 1960 Quantum
464 1924 496 1951 ad
510 1923 675 1951 recentiores
686 1943 692 1953 ,
706 1920 784 1955 [lugu
796 1918 942 1946 Menardus
953 1938 960 1949 ,
977 1917 1063 1944 Bene-

279 1973 389 2000 dictina:
404 1971 491 2006 gentis
505 1969 674 2000 monachus,
689 1968 722 1994 de
741 1967 791 1993 hac
808 1964 930 2000 Epistula
943 1964 983 1991 sic
999 1971 1062 1989 sen~

281 2019 314 2046 tit
323 2019 345 2034 ¹¹
358 2026 364 2044 :
377 2017 451 2048 Jure,
475 2015 583 2050 inquit,
603 2015 673 2041 inter
695 2012 839 2046 scripturas
864 2009 1028 2044 apocryphas
1048 2016 1065 2034 a

281 2065 370 2091 citatis
390 2061 542 2090 auctoribus
557 2063 781 2091 connumeratur;
797 2062 852 2083 tum
868 2056 931 2091 quia
943 2063 978 2081 an
992 2054 1064 2081 Bar-

282 2111 357 2138 naba:
369 2109 414 2142 sit,
429 2109 556 2135 incertum
568 2111 625 2138 est;
650 2110 705 2132 tum
716 2104 779 2138 quia
797 2102 918 2138 quietiam
931 2101 1066 2136 reperiun-

282 2162 341 2188 tur,
352 2163 410 2190 quw
424 2153 576 2188 difficultate
597 2151 705 2178 minime
726 2152 835 2180 carent;
850 2147 978 2182 siquidem
1000 2153 1066 2172 non-

282 2201 363 2228 nullw
386 2203 446 2227 sunt
467 2199 496 2225 in
514 2206 546 2224 ea
569 2196 697 2228 salebrw,
723 2194 757 2220 ad
787 2200 853 2228 quas
881 2193 967 2218 minus
991 2191 1064 2217 cauti

283 2246 412 2281 offendere
430 2244 541 2280 possint.
556 2242 612 2269 Nec
629 2241 686 2273 ulli,
709 2239 810 2271 subdit,
827 2238 926 2265 mirum
941 2243 1002 2262 esse
1015 2235 1064 2262 de-

283 2294 338 2326 bet,
352 2291 425 2327 quod
437 2290 482 2317 illa
497 2296 548 2316 nec
562 2295 577 2315 a
592 2287 742 2318 Clemente,
754 2292 805 2311 nec
817 2283 851 2311 ab
866 2281 984 2316 Origene
997 2288 1065 2315 apo-

284 2339 386 2375 crypha
419 2340 584 2369 censeatur,
617 2333 747 2369 siquidem
775 2329 924 2362 huiusmodi
946 2332 1065 2355 auctores

284 2373 395 2413 utuntur
420 2381 588 2418 aporrypln‘s.
622 2379 750 2406 Fluctuat
779 2376 871 2404 animo
897 2373 1065 2405 Cotelerius,

284 2417 455 2462 summisque
478 2433 508 2453 se
527 2425 566 2452 ait
579 2423 783 2451 diiﬁcultatibus
800 2419 941 2456 praepediri
956 2417 1066 2453 quomi-

284 2483 337 2503 nus
351 2473 482 2501 Barnaba:
494 2478 554 2498 eam
576 2470 717 2501 attribuat,
739 2475 821 2502 quam
838 2471 927 2493 tamen
950 2464 988 2491 illi
1005 2471 1066 2490 om-

284 2523 351 2549 ninu
365 2521 498 2554 abrogare
516 2525 570 2544 non
592 2516 683 2543 audet.
709 2514 748 2542 Re
763 2517 853 2541 autem
869 2518 1015 2547 perpensa,
1038 2510 1065 2537 in

286 2569 359 2595 hunc
374 2563 513 2592 concludit
527 2562 638 2590 modum
653 2570 660 2588 :
676 2560 731 2595 Ego
744 2559 825 2594 magis
845 2558 954 2590 inclina,
966 2560 994 2583 ut
1007 2563 1068 2582 cen-

283 2620 355 2639 seam
376 2618 427 2637 non
442 2617 497 2636 esse
516 2607 646 2643 apostoli;
663 2607 859 2641 proliteturque
874 2611 903 2631 se.
919 2602 1018 2638 gratias
1034 2600 1067 2627 iis

284 2657 458 2688 habiturum,
471 2654 518 2689 qui
528 2652 666 2679 voluerint
679 2650 792 2677 certiora
812 2648 939 2684 proferre.
963 2644 1066 2672 Natalis

284 2709 350 2729 vero
362 2699 525 2732 Alexander,
541 2701 764 2730 memoratusque
778 2694 903 2729 Moynius
915 2692 989 2718 illam
999 2691 1066 2717 Bar-

320 2757 341 2772 ¹⁷
361 2755 428 2782 Vide
456 2761 538 2790 supra
564 2751 724 2790 Testimmtia
737 2754 875 2790 “veterum.

928 2747 949 2762 ¹³
968 2745 1026 2772 Lib.
1056 2751 1081 2772 vt
1116 2743 1201 2773 Hist.,
1217 2749 1277 2775 cap.
1305 2740 1348 2766 15.

1112 1541 1226 1568 Andreae
1239 1544 1266 1567 et
1278 1539 1391 1567 Joannis
1405 1545 1505 1566 nomen
1522 1536 1708 1572 praeferentes,
1724 1535 1908 1569 apocryphos

1113 1595 1173 1615 esse
1183 1587 1280 1621 probat
1290 1586 1323 1619 ",
1338 1586 1401 1620 quia
1415 1585 1438 1611 si
1454 1584 1562 1612 illorum
1576 1587 1672 1616 essent,
1694 1581 1799 1614 recepti
1819 1585 1909 1607 essent

1113 1634 1145 1660 ab
1158 1633 1288 1659 Ecclesia.
1299 1631 1375 1664 Quod
1389 1631 1412 1658 si
1426 1629 1593 1664 respondeas
1608 1628 1742 1663 quosdam
1758 1627 1910 1661 putavisse

1114 1681 1185 1707 hanc
1202 1678 1350 1714 Epistulam
1366 1677 1436 1704 inter
1452 1675 1608 1710 Scripturas
1622 1673 1774 1702 canonicas
1796 1673 1834 1699 ab
1846 1673 1909 1699 Ori-

1114 1734 1182 1761 gene
1199 1724 1370 1760 computari,
1391 1728 1473 1757 atque
1494 1729 1528 1749 eo
1551 1721 1577 1748 in
1594 1726 1709 1747 numero
1727 1719 1759 1745 in
1784 1718 1911 1753 antiquis

1114 1772 1274 1801 earumdem
1295 1770 1499 1805 Scripturarum
1515 1767 1647 1801 catulogis
1661 1765 1779 1800 reperiri
1796 1774 1803 1791 :
1820 1765 1911 1792 insta-

1115 1819 1183 1846 bunt
1205 1817 1301 1845 iisdem
1318 1816 1346 1842 in
1365 1813 1496 1848 catalogis
1520 1813 1589 1839 alios
1604 1810 1695 1838 itidem
1720 1809 1813 1837 libros
1832 1817 1910 1844 repe-

1115 1865 1176 1897 riri,
1193 1863 1240 1899 qui
1255 1870 1304 1898 pro
1321 1860 1462 1889 canonicis
1474 1865 1617 1893 nunquam
1631 1855 1717 1883 babiti
1728 1860 1809 1888 sunt;
1828 1860 1910 1889 atque

1115 1910 1239 1946 Origenis
1261 1907 1353 1935 verbis
1375 1906 1401 1933 id
1422 1905 1495 1941 quod
1516 1905 1614 1936 aiunt,
1643 1901 1719 1929 nullo
1750 1902 1909 1936 signiﬁcari

1116 1957 1197 1984 modo
1208 1954 1381 1982 contendent.

1150 2000 1324 2036 Respondent
1337 1999 1428 2033 itaque
1444 1997 1489 2024 alii
1502 1994 1651 2023 secundum
1665 1993 1821 2028 Augustini
1835 2001 1910 2019 men-

1117 2053 1170 2076 tem
1183 2069 1190 2080 ,
1212 2054 1266 2074 non
1288 2045 1382 2073 omnia
1400 2043 1513 2071 omnino
1534 2040 1736 2076 apostolorum,
1755 2039 1802 2066 vel
1818 2039 1909 2074 potius

1117 2093 1328 2130 apostolicurum
1343 2091 1480 2120 virorum,
1492 2087 1572 2115 sicuti
1586 2085 1717 2113 Barnaba:
1730 2104 1737 2116 ,
1755 2085 1867 2119 scripta
1884 2085 1908 2110 in

1118 2138 1312 2168 canunicorum
1325 2142 1468 2163 numerum
1482 2141 1543 2161 esse
1555 2131 1713 2163 referenda;
1727 2132 1910 2165 quandoqui-

1081 2174 1103 2202 D
1117 2186 1178 2213 dem
1194 2189 1221 2212 et
1231 2184 1300 2211 liber
1313 2182 1420 2210 Hermae
1429 2201 1436 2214 ,
1449 2184 1477 2208 et
1489 2178 1637 2207 Clementis
1650 2176 1771 2204 Romani
1787 2177 1909 2212 Epistula

1118 2233 1191 2260 hunc
1226 2231 1254 2258 in
1284 2235 1429 2257 numerum
1462 2226 1574 2253 minime
1596 2223 1767 2251 referuntur.
1796 2222 1910 2250 Addunt

1118 2282 1247 2313 praeterea
1261 2283 1315 2302 non
1328 2282 1361 2302 eo
1371 2274 1431 2308 ipso
1445 2272 1577 2306 scriptum
1588 2268 1697 2304 aliquod
1706 2276 1758 2304 pro
1771 2270 1908 2297 canoniro

1118 2324 1273 2351 habendum
1289 2342 1296 2354 ,
1310 2321 1383 2356 quod
1399 2320 1433 2347 ab
1445 2317 1568 2354 apostolo
1583 2316 1713 2351 quopiam
1725 2315 1842 2343 editum
1859 2316 1891 2343 sit
1902 2336 1908 2346 ,

1119 2371 1166 2398 sed
1183 2371 1210 2397 id
1226 2369 1338 2403 insuper
1361 2366 1489 2393 Ecclesiae
1505 2362 1662 2392 deﬁnitione
1682 2362 1848 2389 renuntiari
1865 2362 1908 2388 de-

1118 2415 1184 2443 bere
1198 2416 1365 2442 asseverant.

1153 2461 1209 2488 Nos
1223 2465 1314 2487 autem
1333 2457 1477 2493 Augustini
1503 2458 1619 2482 mentem
1634 2459 1667 2479 ex
1688 2451 1755 2483 alia,
1771 2460 1861 2486 quam
1882 2452 1909 2478 de

1120 2507 1198 2535 libris
1213 2504 1377 2541 apocryphis
1395 2503 1501 2533 statuit,
1517 2498 1628 2528 certiori
1649 2497 1745 2531 regula
1763 2498 1910 2531 explican-

1120 2555 1182 2582 dam
1193 2560 1253 2580 esse
1268 2558 1421 2578 censemus.
1435 2548 1504 2576 Cum
1521 2547 1593 2574 enim
1611 2545 1668 2579 ipse
1687 2544 1855 2570 accuratius
1869 2545 1911 2569 de-

1121 2597 1254 2632 ﬁnitquis
1272 2596 1341 2622 liber
1363 2593 1494 2621 dicendus
1520 2590 1555 2617 sit
1578 2586 1812 2622 apocryphus“:
1841 2586 1911 2612 Scri—

1119 2631 1208 2677 ptuer
1227 2639 1399 2674 apocrypha,
1425 2636 1529 2671 inquit,
1555 2636 1757 2666 nuncupantur,
1783 2639 1815 2658 eo
1844 2631 1909 2665 quod

1118 2676 1224 2715 occulta
1247 2693 1337 2713 carum
1353 2685 1425 2718 origo
1441 2690 1491 2709 non
1507 2679 1604 2707 claruit
1620 2676 1762 2709 Patribus,
1785 2685 1802 2703 α
1818 2677 1908 2712 quibus

1387 2739 1408 2754 ¹⁹
1426 2737 1475 2764 lib.
1499 2745 1545 2770 ttt,
1567 2745 1626 2771 cap.
1654 2735 1700 2762 ‘25.
1739 2735 1766 2751 ’θ
1788 2734 1849 2771 Ibid
1864 2742 1906 2771 ,ετ

287 2791 331 2817 tt.
368 2769 546 2822 iiutieii'r'iii.
562 2769 1133 2822 5.212;?“2'5statim.inpatientia;
1151 2779 1176 2794 υ
1190 2769 1273 2822 Ergsi-
1288 2775 1330 2816 ,7,⁹
1345 2774 1377 2822 ad
1393 2773 1505 2822 {fetam-
1543 2769 1849 2822 ja‘xlk‘sfrirt-ecclei-
1886 2769 1906 2784 "

363 2833 382 2856 ι,
396 2806 694 2855 εῖῦιῖζιηὲἇὶνὲιῗδῖῖέῃῐε
707 2806 886 2852 cI
1059 2816 1082 2830 ²⁶
1095 2814 1154 2841 Lib.
1172 2806 1259 2839 κνύε
1270 2810 1375 2837 civitate
1391 2808 1437 2834 Dei
1449 2828 1456 2841 ,
1470 2815 1529 2842 cap.
1543 2808 1579 2836 ‘23
1591 2828 1599 2841 ,
1614 2806 1629 2842 ᾗ
1642 2806 1670 2834 4,
