1916 3104
30 131 74 159 677

707 131 971 160 PROLEGOMENA.

1588 133 1641 162 678

31 200 101 226 usque
113 190 148 218 ad
158 199 205 219 nos
223 192 369 219 auctoritas
385 189 516 218 veracium
528 188 729 224 Scripturarum
747 196 803 215 cer-
818 189 839 218 Α
855 187 1001 214 contrarim
1014 188 1156 215 sententia:
1171 193 1389 225 propugnatores
1404 198 1438 220 ac
1460 193 1568 227 patroni
1594 200 1639 221 re-

30 238 119 265 tissima
131 244 155 265 et
169 239 308 266 notissima
326 239 488 266 successione
501 237 626 272 pervenit.
640 235 679 262 Ex
692 236 742 262 hac
755 242 802 261 au-

29 289 73 311 tem
97 284 158 311 libri
187 285 335 321 apocryphi
363 284 521 312 deﬁnitione
544 288 618 310 recte
643 281 800 310 adversario

29 338 80 363 suo,
93 330 174 358 libros
189 331 305 359 Andreae
317 335 343 358 et
354 330 467 358 Joannis
479 329 630 364 objicienti,
640 327 796 363 respondet,

28 383 66 403 eos
79 375 154 410 plane
167 384 232 404 esse
254 377 439 412 apocryphos;
460 376 523 411 quia
538 376 562 402 si
582 375 616 402 ab
632 375 666 401 iis
680 381 796 409 quorum

28 425 90 448 tanta
113 426 170 449 erat
190 422 264 457 apud
287 421 435 449 Ecclesiam
461 421 623 453 auctoritas,
649 427 712 446 vere
733 426 798 454 pro-

28 467 136 501 diissent,
154 467 180 495 id
193 473 221 496 et
247 467 372 495 Patribus
387 472 571 503 perspectum,
583 471 610 494 et
627 466 661 493 ab
676 465 796 493 Ecclesia

26 513 109 540 ruisset
135 517 285 548 receptum.
320 513 491 548 Quapropter
519 520 581 540 cum
617 520 632 540 e
657 511 796 539 contrario

26 559 90 594 origo
110 559 234 594 epistolae
262 558 392 586 Barnabm
413 558 555 590 Palribus,
579 557 708 584 nimirum
732 557 795 584 (lle-

26 604 112 637 menti,
132 603 244 639 Origeni
265 608 346 639 atque
360 604 422 631 aliis
438 603 577 637 claruerit,
593 611 627 630 ex
642 603 723 630 allata
740 603 795 629 Au-

26 650 111 683 gustini
124 650 284 677 deﬁnitione
302 650 372 678 inter
387 651 559 686 apocryphas
580 650 730 685 scripturas
745 657 794 677 au-

26 696 146 723 numerari
162 703 217 723 non
232 696 319 724 debet.

271 762 469 790 ARTlCULUS
488 762 533 790 Vl.

131 818 282 847 Secundum
297 825 482 856 argumentum
497 820 662 855 expenditur.

51 866 198 894 Secundum
222 872 413 902 argumentum
426 888 433 900 ,
447 875 502 902 quo
516 867 573 894 haec
586 866 705 901 Epistola
724 866 789 894 Bar-
805 865 826 892 Β

22 912 85 938 nabze
97 912 278 947 abjudicetur,
287 913 349 940 inde
362 913 538 948 desumptum
550 917 602 944 est,
611 911 682 947 quod
699 912 790 939 videa-

23 962 57 983 tur
68 957 220 985 incredibile
241 957 396 992 apostolum
412 965 458 984 eas
477 958 638 993 scripsisse,
662 965 731 992 quas
751 957 788 984 ibi

21 1001 128 1036 legimus,
142 1008 253 1031 coactas
270 1003 400 1030 nimirum
417 1003 577 1038 allegorias,
599 1002 788 1030 enarrationes

22 1045 204 1081 Seripturarum
214 1048 306 1074 minus
313 1047 630 1082 verisimiles,anilesque
638 1047 672 1075 de
679 1047 786 1074 anima-

20 1091 77 1119 libus
84 1092 196 1121 tabulas.
205 1092 538 1128 Respondctllamondus,
550 1092 698 1125 Gnosticos,
713 1092 786 1120 Scri-

20 1143 89 1171 ptura:
106 1148 187 1167 sacra:
204 1141 314 1175 mystice
334 1140 539 1175 interpretanth
559 1139 714 1174 facultatem
735 1140 785 1166 sibi

20 1186 252 1220 urrogantes,mutta
261 1185 357 1213 Veteris
368 1185 528 1213 Testamenti
537 1186 687 1212 testimonia
696 1185 731 1212 ad
739 1186 787 1212 im—

19 1239 82 1263 puros
93 1240 150 1259 usus
162 1232 435 1259 accommodasse.....
445 1231 515 1258 Ilius
524 1231 663 1258 Barnabas
673 1231 722 1257 hac
731 1231 785 1265 fere

19 1278 119 1304 universa
131 1277 251 1312 Epistula
267 1286 316 1304 sua
326 1277 426 1304 Veteris
438 1276 613 1304 Instrumenti
622 1276 681 1304 loca
691 1284 782 1312 quam-

18 1323 114 1356 plurima
127 1324 253 1359 mystice,
269 1324 348 1350 eliam
362 1323 515 1350 cabalistice
529 1324 658 1358 exposita,
674 1322 782 1350 Gnosti-

18 1377 91 1396 torum
105 1370 233 1397 doctrinis
249 1370 368 1405 opponit.

46 1413 207 1450 Respondent
224 1416 271 1443 alii
295 1415 463 1443 Clementem
478 1415 702 1449 Alexandrinum,
718 1415 781 1443 Ori-

18 1467 94 1493 genem
107 1481 114 1494 ,
128 1461 253 1496 aliosque
275 1461 321 1496 qui
344 1461 415 1489 hanc
426 1460 577 1496 Epistolam
590 1461 721 1488 Barnabas
733 1461 781 1488 ad-

16 1505 127 1538 judicant,
138 1506 204 1533 nihil
221 1511 347 1539 coactum
364 1507 391 1534 in
407 1506 467 1542 ejus
482 1506 630 1542 allegoriis,
642 1506 710 1533 nihil
725 1514 780 1533 non

17 1551 141 1579 verisimile
159 1553 186 1580 in
210 1552 444 1585 enarrationibus,
460 1552 529 1580 nihil
542 1553 658 1587 denique
671 1552 778 1580 fabulo-

17 1603 64 1627 sum
85 1597 110 1625 in
128 1606 160 1626 ea
176 1599 331 1634 reperisse;
351 1599 407 1626 imo
423 1599 491 1626 nihil
512 1599 586 1634 quod
601 1606 655 1628 non
669 1603 780 1634 aposto-

16 1640 82 1669 licum
100 1643 196 1676 virum,
222 1643 292 1671 nihil
316 1644 391 1679 quod
409 1651 425 1671 a
451 1644 583 1671 Barnaba:
604 1643 691 1679 ipsius
709 1643 779 1680 stylo

16 1687 113 1716 alienum
128 1690 248 1725 aliquid,
265 1694 313 1717 aut
336 1690 382 1717 illo
405 1689 546 1726 indignum
565 1698 620 1725 prae
647 1697 677 1718 se
697 1688 776 1717 ferat.

16 1733 163 1771 Quaproer
173 1736 306 1771 quosdam
318 1740 420 1764 nostra:
434 1736 521 1764 aetatis
532 1735 607 1763 viros
618 1735 778 1763 temeritatis

15 1781 123 1810 audacter
137 1782 276 1815 incusant,
291 1782 338 1817 qui
354 1782 387 1810 de
403 1782 474 1818 stylo
485 1782 697 1817 apostolicorum
710 1781 778 1809 scri-

15 1830 106 1859 ptorum
123 1828 219 1856 melius
234 1835 316 1863 quam
339 1828 498 1856 eorumdem
514 1827 640 1862 discipuli
654 1848 662 1861 ,
678 1827 779 1862 aliique

16 1877 135 1906 suppares,
151 1878 197 1902 aut
207 1873 332 1909 ejusdem
355 1874 443 1901 aetatis
459 1873 594 1908 homines,
608 1881 638 1901 se
654 1873 778 1908 judicare

15 1922 81 1949 posse
98 1918 247 1946 conﬁdunt.
264 1917 312 1946 His
327 1918 461 1953 adjiciunt
476 1918 542 1946 illud
560 1918 646 1946 fuisse
668 1919 775 1946 Judaao-

15 1969 64 1989 rum
83 1964 113 1991 ad
131 1964 317 1992 Christianam
341 1964 436 1998 ﬁdem,
454 1964 526 1992 sicut
546 1964 605 1999 ipse
626 1964 776 1997 Barnabas,

16 2008 103 2035 naviter
115 2017 309 2038 conversorum
329 2009 482 2045 ingenium;
510 2015 539 2037 ut
555 2010 710 2045 Scripturas
734 2018 778 2037 sa-

16 2058 64 2080 cras
77 2054 205 2090 allegoriis
218 2064 252 2084 ac
279 2057 401 2092 mysticis
416 2055 635 2083 enarrationibus
648 2056 778 2090 interpre-

16 2102 134 2134 tarentur,
147 2103 287 2137 multaque
302 2102 329 2129 in
346 2102 507 2129 animalium
535 2102 712 2136 proprietates
726 2102 783 2138 ob—/

16 2151 143 2175 servarent.

43 2191 175 2228 Addemus,
194 2202 246 2223 nos
268 2195 347 2229 paulo
369 2199 432 2230 post
447 2194 684 2222 demonstraturos
706 2194 777 2221 hanc
792 2202 816 2232 ο

17 2234 141 2270 Epistolam
161 2241 183 2268 si
198 2241 330 2268 Barnabas
353 2248 408 2268 non
424 2241 470 2273 sit,
487 2240 608 2268 auctoris
622 2247 684 2267 esse
698 2240 774 2274 ejus-

16 2281 64 2309 dem
78 2292 133 2312 cum
157 2286 212 2321 illo,
230 2291 278 2314 aut
301 2291 385 2314 certa:
400 2286 530 2321 proximae
553 2286 650 2313 aetatis.
668 2285 773 2313 Nemini

16 2331 89 2356 autem
109 2338 171 2358 vero
191 2331 330 2359 videbitur
354 2331 443 2359 simile
469 2332 629 2367 scriptorem
654 2331 729 2367 pium
748 2335 775 2358 et

17 2371 117 2409 doctum,
129 2376 193 2404 viris
205 2377 362 2413 apostolicis
375 2385 506 2411 coaevum,
521 2377 624 2412 quique
635 2377 774 2412 quomodo

17 2421 112 2453 apostoli
133 2422 285 2459 Scripturas
306 2428 484 2459 exponerent,
510 2423 632 2458 apprime
650 2428 773 2454 noverat,

18 2461 44 2486 ab
57 2469 138 2490 eorum
155 2466 238 2501 stylo,
259 2470 286 2492 et
300 2467 436 2494 scribendi
452 2466 702 2503 interpretandique
718 2475 777 2494 me-

19 2505 85 2534 thodo
94 2509 140 2537 hac
153 2511 178 2538 in
195 2511 315 2548 Epistola
330 2514 438 2548 penitus
450 2513 608 2542 descivisse.

246 2579 445 2608 ARTICULUS
464 2580 520 2608 Vll.

136 2623 248 2652 Tertium
262 2632 447 2662 argumentum
465 2627 641 2654 examinatur.

45 2661 148 2695 Tertium
163 2661 352 2706 argumentum
367 2677 418 2705 est,
444 2673 593 2700 Barnabam
616 2671 696 2698 modo
718 2676 772 2699 tam

17 2705 168 2753 hyperbolico
179 2705 233 2743 non
248 2721 408 2745 vocaturum
426 2718 562 2753 apostolos
584 2718 773 2752 iniquissimos

18 2751 147 2794 hominum,
158 2766 184 2790 et
199 2771 279 2799 super
295 2772 377 2793 omne
389 2769 530 2800 peccatum
548 2769 717 2801 peccatores.
739 2765 773 2793 At

43 2838 62 2856 ”
75 2839 129 2873 Lib.
144 2851 208 2874 cont.
227 2847 342 2876 Celsum.
381 2849 404 2865 ’⁸
419 2848 430 2866 ι
442 2849 470 2866 '4‘
493 2849 528 2865 θ’

854 233 1001 266 spondent,
1016 233 1073 260 hmc
1089 234 1171 260 verba
1179 242 1237 261 ~non
1250 236 1363 263 omnino
1376 237 1409 264 ad
1433 237 1549 265 litteram
1562 258 1570 271 ,
1591 239 1639 266 sed

851 277 995 313 benignius
1011 279 1180 314 accipienda,
1202 280 1326 316 nihilque
1344 282 1416 310 aliud
1439 291 1538 312 sonare
1555 292 1637 319 quam

850 325 990 360 apostolos
999 345 1007 358 ,
1019 325 1093 360 quod
1105 326 1214 361 quidem
1230 335 1323 355 verum
1340 333 1393 361 est,
1408 333 1470 357 ante
1482 331 1638 358 conversio-

848 378 910 398 nem
927 378 1004 398 suam
1021 372 1106 400 multa
1120 380 1272 408 magnaque
1286 382 1423 409 peccasse.

882 415 938 444 Nos
953 425 1018 444 vero
1035 417 1088 445 hoc
1106 419 1177 446 idem
1192 424 1382 454 argumentum
1398 421 1433 448 ab
1447 419 1563 456 Origene
1579 421 1635 456 jam

847 462 911 490 olim
927 463 1013 491 fuisse
1027 463 1144 492 dilutum
1163 466 1361 500 respondemus
1371 468 1405 494 ’⁷.
1419 467 1487 495 Cum
1499 468 1570 495 enim
1583 469 1637 503 fon-

847 513 915 535 tasse
927 507 1024 537 Celsus
1043 517 1077 537 ex
1091 510 1187 538 iisdem
1205 512 1326 540 auctoris
1342 513 1429 540 nostri
1444 515 1535 542 verbis
1555 523 1635 543 occa-

845 554 955 586 sionem,
974 555 1033 589 ipso
1047 560 1115 584 teste
1130 556 1257 592 Origene,
1273 559 1441 592 arripuisset,
1455 564 1484 586 ut
1500 560 1633 594 apostolos

845 599 957 634 infantes
967 605 991 626 et
1004 602 1176 636 nequissimos
1189 603 1297 636 diceret,
1309 603 1401 631 Jesum
1414 605 1448 631 ad
1459 606 1633 640 apostolicam

845 645 1004 679 [unctionem
1018 647 1126 681 elegisse
1146 647 1263 675 homines
1276 650 1349 676 omni
1364 651 1505 686 iniquitate
1519 651 1634 686 iniquio-

846 699 902 724 res;
917 692 957 719 sic
971 692 1059 724 illum,
1074 698 1101 720 et
1115 694 1225 729 quidem
1241 696 1366 729 apposite
1384 697 1416 724 ad
1430 705 1487 724 rem
1509 703 1631 726 nostram

843 736 967 764 confluat
980 747 986 764 :
1001 738 1073 770 Quid
1088 739 1172 773 igitur
1179 739 1299 773 absurdi,
1314 742 1337 767 si
1352 741 1429 768 Iesus
1440 744 1575 771 ostendere
1588 752 1633 771 vo-

842 783 896 810 lens
912 784 1027 811 humano
1049 786 1137 820 generi
1156 792 1285 821 quantum
1307 788 1364 822 ejus
1389 790 1519 820 medicina
1538 797 1632 818 contra

841 834 925 863 pestes
943 830 1094 857 animarum
1107 831 1215 866 polleat,
1228 833 1341 867 infames
1353 839 1378 861 et
1393 837 1564 872 nequissimos
1578 837 1631 865 elc-

840 875 889 909 git,
909 880 937 902 ut
953 884 1054 902 morum
1075 877 1278 910 purissimorum
1296 880 1442 913 exemplum
1458 882 1550 916 fierent
1572 891 1630 910 am-

839 920 1009 955 plectentibus
1031 922 1089 956 ejus
1112 923 1294 959 Evangelium.
1317 924 1390 953 Nihil
1412 935 1478 962 ergo
1502 928 1627 961 absurdi,

839 965 908 992 nihil
931 965 1054 994 Barnaba
1078 968 1192 1003 indigni,
1218 977 1269 997 nec
1286 971 1400 998 nimium
1417 972 1582 1008 hyperbolici
1600 976 1628 1002 in

840 1011 881 1038 his
893 1011 984 1039 verbis
998 1020 1060 1040 esse
1076 1013 1117 1040 vir
1131 1022 1247 1041 summae
1258 1015 1421 1045 eruditionis
1437 1017 1568 1053 Origenes
1578 1028 1624 1047 ar-

838 1055 956 1084 bitratus
969 1061 1012 1085 est
1027 1067 1033 1084 :
1051 1057 1234 1094 Hieronymus
1259 1066 1350 1088 autem
1367 1062 1439 1090 hanc
1462 1065 1626 1093 sententiam

837 1102 896 1129 viro
913 1104 1063 1137 apostolico
1078 1104 1114 1131 ita
1129 1105 1238 1140 dignam
1254 1107 1381 1140 credidit,
1394 1109 1463 1136 utin
1477 1109 1546 1137 libro
1559 1119 1626 1138 con-

838 1151 879 1174 tra
901 1147 1062 1183 Pelagianos
1086 1151 1204 1185 scripto,
1229 1153 1354 1180 eamdem
1379 1153 1477 1190 lgnatii
1498 1157 1626 1192 martyris

836 1194 947 1222 nomine
962 1195 1074 1223 laudare
1090 1204 1144 1223 non
1160 1197 1335 1225 dubitaverit.

1088 1252 1287 1281 ARTlCULUS
1306 1255 1373 1283 Vlll.

989 1297 1090 1332 Moynii
1106 1299 1263 1334 conjecture
1275 1301 1468 1330 discutiuntur.

868 1342 993 1378 Moyuius
1009 1345 1070 1371 aliis
1085 1345 1250 1379 quibusdam
1266 1351 1364 1374 contra
1379 1349 1502 1376 eamdem
1517 1349 1620 1385 episto-

833 1393 887 1417 lam
903 1395 1006 1426 pugnat
1019 1392 1185 1426 conjecturis
1200 1401 1207 1420 :
1223 1401 1284 1428 qua:
1299 1393 1410 1429 quidem
1426 1396 1555 1430 quamvis
1569 1397 1625 1425 sint

832 1436 988 1469 levissimas,
1006 1442 1096 1465 tamen
1112 1446 1174 1465 cum
1200 1439 1293 1466 nullus
1307 1439 1442 1468 hactenus
1458 1441 1492 1470 iis
1509 1449 1624 1478 respou-

832 1480 905 1508 disse
920 1481 1039 1516 legatur',
1054 1489 1103 1516 pro
1119 1490 1194 1510 more
1209 1488 1313 1517 nostro,
1339 1492 1371 1512 ne
1392 1485 1457 1520 quid
1482 1487 1623 1522 relinqua-

793 1534 815 1563 ο
832 1534 894 1554 mus
908 1527 1051 1560 intactum,
1067 1527 1127 1557 illas
1146 1529 1304 1564 singillatim
1323 1532 1554 1561 examinabimus.
1577 1533 1624 1561 Ait

830 1572 922 1608 itaque
937 1582 943 1600 :
958 1582 967 1598 ι
984 1573 1046 1601 Haec
1060 1575 1174 1609 epistola
1187 1575 1209 1602 si
1224 1579 1296 1603 esset
1310 1575 1458 1612 Barnabas,
1475 1578 1548 1606 illam
1565 1587 1620 1607 non

829 1626 910 1646 secus
931 1626 964 1646 ac
980 1618 1157 1655 Evangelium
1184 1620 1302 1648 Matthxi
1327 1623 1435 1650 tumulo
1461 1631 1512 1651 suo
1534 1625 1617 1652 condi

827 1664 993 1700 iussisset.)
1012 1665 1115 1693 Verum
1129 1667 1191 1701 quis
1202 1666 1311 1703 Moynio
1326 1668 1478 1697 Barnabam
1493 1669 1623 1705 Epistolas

829 1718 886 1739 suae
907 1711 1047 1746 exemplar
1069 1719 1187 1747 semper.
1216 1718 1264 1740 aut
1279 1715 1388 1748 saltem,
1414 1723 1477 1742 cum
1503 1721 1620 1744 mortem

829 1756 906 1790 obiit,
928 1765 1021 1785 secum
1039 1765 1195 1786 asservasse
1215 1759 1364 1794 patefecit?
1381 1760 1451 1788 Num
1471 1762 1558 1790 moris
1577 1767 1621 1790 est

829 1803 901 1838 apud
913 1803 1037 1831 homines
1049 1804 1228 1839 epistolarnm
1243 1813 1356 1833 suarum
1372 1809 1412 1834 sic
1424 1807 1496 1842 apud
1511 1816 1541 1835 se
1558 1816 1618 1836 ser-

828 1857 893 1877 vare
915 1850 1101 1884 exemplaria?
1120 1850 1222 1879 Demus
1238 1856 1328 1879 tamen
1344 1852 1452 1888 Moynio
1467 1861 1548 1888 penes
1561 1862 1619 1882 mo-

828 1895 941 1922 rientem
959 1894 1114 1922 Barnabam
1130 1895 1216 1923 fuisse
1231 1895 1362 1932 Epistolaz
1383 1906 1440 1925 suae
1455 1899 1595 1934 exemplar
1609 1909 1617 1927 :

828 1940 950 1975 nunquid
968 1947 1032 1975 ergo
1052 1940 1270 1968 lucubrationem
1285 1949 1363 1969 suam
1383 1943 1425 1969 vir
1447 1943 1619 1972 modestissi-

828 1993 889 2013 mus
902 1985 997 2012 eodem
1012 1985 1040 2012 in
1056 1986 1144 2020 pretio
1157 1993 1190 2013 ac
1207 1986 1326 2014 Matthati
1344 1986 1521 2023 Evangelium
1535 1989 1618 2016 habe-

826 2030 890 2057 bat?
914 2030 941 2057 Si
959 2030 985 2057 id
1009 2031 1158 2058 contendat
1181 2031 1321 2067 Moynius,
1336 2032 1459 2061 dicemus
1476 2041 1539 2061 eum
1554 2035 1617 2062 ideo

827 2084 889 2115 cum
907 2076 960 2104 h0c
974 2076 1133 2112 Evangelio,
1149 2085 1203 2105 non
1218 2082 1308 2105 autem
1325 2087 1387 2106 cum
1403 2087 1452 2106 sua
1476 2078 1615 2115 Epistula,

827 2113 935 2156 sepeliri
949 2123 1086 2155 voluisse;
1102 2124 1166 2158 quia
1180 2124 1246 2152 illud
1261 2125 1404 2153 historiam
1421 2127 1493 2161 vine,
1506 2128 1614 2161 mortis,

828 2175 860 2194 ac
878 2168 1074 2196 miraculorum
1096 2170 1209 2202 Christi.
1226 2179 1309 2206 quam
1326 2179 1434 2207 semper
1452 2180 1507 2207 pra:
1527 2174 1615 2202 oculis

829 2214 972 2247 habuerat,
988 2215 1231 2250 complectebatur.

862 2259 949 2287 Instat
967 2265 1056 2288 tamen
1075 2261 1202 2297 Moyuius
1215 2263 1386 2299 apocryphos
1405 2264 1492 2293 libros
1506 2266 1541 2293 ab
1562 2274 1613 2293 au-

828 2309 902 2332 ctore
915 2311 1010 2333 nostro
1024 2307 1112 2334 citari.
1128 2306 1197 2340 Quid
1214 2308 1296 2335 inde?
1312 2308 1408 2336 Nonne
1421 2314 1448 2337 et
1462 2311 1614 2339 doctissimi

826 2350 876 2377 viri
888 2350 1003 2378 Paulum
1016 2351 1146 2380 etJudam
1162 2353 1246 2381 libros
1261 2354 1354 2382 itidem
1370 2357 1542 2391 apocryphos
1554 2357 1614 2384 lau-

826 2396 934 2423 davisse
960 2396 1097 2424 fatentur?
1125 2396 1221 2426 Nonne
1246 2405 1274 2426 et
1298 2398 1402 2427 Paulus
1425 2400 1492 2435 lipse
1521 2402 1613 2428 ethni-

827 2450 933 2475 corum,
952 2451 1021 2479 quos
1039 2444 1203 2480 apocryphis
1227 2445 1261 2472 ab
1276 2452 1388 2474 auctore
1410 2451 1504 2473 nostro
1521 2447 1613 2475 citatis

828 2492 957 2522 praaslare
972 2496 1051 2516 nemo
1066 2489 1176 2521 dixerit,
1191 2490 1281 2516 attulit
1295 2491 1503 2518 auctoritatem?

864 2532 947 2568 Urget
970 2534 1090 2561 adhuc"
1105 2534 1258 2562 Barnabam
1275 2534 1403 2571 Episrolae
1417 2537 1450 2563 ad
1465 2536 1612 2572 Hebraeos,

828 2579 938 2606 nomine
954 2579 1030 2607 Pauli
1044 2584 1212 2614 praenotatur,
1237 2580 1322 2608 fuisse
1338 2586 1488 2609 auctorem.
1511 2583 1611 2618 Atqui,

826 2625 915 2661 inquit
929 2625 983 2658 ille,
1006 2634 1058 2652 non
1070 2626 1144 2653 video
1157 2633 1238 2661 quare
1249 2627 1371 2653 secundis
1385 2627 1456 2653 curis
1469 2636 1611 2663 argumen-

826 2676 882 2698 tum
901 2671 974 2698 istud
993 2672 1088 2698 iterant
1111 2676 1297 2707 pertractasset
1313 2680 1372 2699 cum
1388 2673 1504 2708 quadam
1517 2675 1612 2709 prima:

825 2717 994 2750 delibatione,
1014 2718 1091 2752 quasi
1111 2717 1266 2752 inEpistola
1281 2717 1316 2744 ad
1333 2717 1459 2745 Hebrteos
1471 2720 1611 2746 materiam

824 2765 906 2792 istam
927 2765 1007 2793 nimis
1031 2764 1224 2799 perfunctorie,
1248 2766 1385 2802 minusque
1408 2766 1521 2802 feliciter
1543 2771 1610 2794 esset
