1916 3104
272 108 326 137 670

865 107 893 136 S.
915 107 1098 135 BARNABAS
1117 107 1332 136 APOSTOLUS.

1848 113 1893 140 680

265 171 430 203 prosecutus.
442 166 535 203 Neque
558 168 612 196 hoc
625 173 817 205 argumentum
837 169 928 204 priore
941 170 1059 196 validius
1072 171 1096 199 Α
1109 174 1209 196 verunt
1223 170 1382 205 diligentius
1416 170 1445 197 hi
1471 163 1727 206 ingenue-fatentur
1741 171 1814 205 apud
1831 173 1894 197 anti-

264 219 316 242 est.
333 213 425 241 Primo
437 215 538 249 quippe
552 213 652 242 falsum
674 219 716 243 est
744 215 899 242 Barnabam
935 215 1006 242 hanc
1026 215 1059 242 ad

266 259 396 288 llebrzeos
420 261 566 296 scripsisse
584 260 747 296 Epistolam.
766 261 880 295 Deinde,
902 266 972 293 esto,
991 269 1061 289 scrt-

265 307 361 341 pserit.
378 305 508 341 Nunquid
527 314 582 334 non
602 308 693 342 potuit
708 307 779 335 idem
795 312 891 335 auctor
907 307 1013 335 duabus
1025 307 1059 334 ad

265 352 390 380 diversos
413 352 529 379 diversae
554 353 676 387 regionis
703 353 839 385 homines,
866 361 936 388 quos
960 353 1058 380 iisdem

261 399 400 426 doctrinis
422 403 450 426 et
465 399 610 433 praeceptis
635 399 758 426 imbuere
772 399 891 431 volebat,
907 399 979 426 datis
998 399 1058 433 cpi-

263 445 355 477 stolis,
372 445 441 472 idem
457 448 576 472 tractare
591 445 802 479 argumentum?
820 444 942 479 Denique
964 452 1057 471 nonne

263 490 337 518 idem
352 494 448 517 auctor
469 490 563 524 plures
575 490 608 517 de
624 498 654 517 re
670 491 765 518 eadem
794 491 899 517 litteras
915 490 1036 518 scribere
1049 511 1056 522 ,

265 538 416 571 eademque
430 536 457 563 in
472 536 527 564 illis
550 541 671 571 repetere
686 541 713 564 et
734 537 873 564 inculcare
892 537 1058 572 quandoque

265 583 392 618 cogitur?

304 629 387 663 Urget
411 628 512 656 iterum
529 628 655 665 Moynius
676 629 747 656 hanc
770 628 921 663 Epistolam
939 637 954 656 a
975 629 1055 664 primi

265 680 292 703 et
313 675 425 702 secundi
441 675 533 702 steculi
555 675 746 709 scriptoribus,
768 679 833 708 puta
849 674 990 702 Clemente
1004 674 1058 702 Ro-

266 729 358 753 mano,
382 720 541 756 Polycarpn,
565 720 669 755 lgnatio
690 720 772 747 etiam
795 720 822 747 in
846 721 904 748 suis
927 721 1057 748 adversus

265 767 374 795 Judacos
402 767 633 802 disputationibus
658 767 755 794 nullibi
781 766 930 794 laudatam.
956 767 1056 795 Verum

265 821 336 847 quas
359 813 427 840 alias
450 812 532 839 iidem
561 813 712 847 scriptorcs
738 813 853 839 aliorum
876 813 1007 847 epistolas
1031 819 1058 841 et

266 859 367 893 scripta
391 858 550 888 citaverint,
573 857 600 884 in
623 858 743 885 medium
766 857 891 893 proferre
914 857 1056 885 debuerat.

265 903 336 937 Quid
360 911 436 935 vero,
459 904 482 931 si
507 904 565 931 haec
581 903 702 938 Epistola
720 905 747 931 in
765 911 860 931 eorum
883 912 982 932 manus
1003 912 1057 932 non

265 949 388 977 venerit?
414 949 468 977 Sed
492 949 660 983 conjecturis
688 957 742 976 non
769 955 812 977 est
835 958 922 984 opus;
953 955 1057 977 certum

265 996 364 1030 quippe
378 999 420 1023 est
435 996 507 1022 hanc
522 995 672 1030 Epistolam
687 1003 702 1023 a
718 995 857 1023 Clemente
869 996 1058 1024 Alexandrino

265 1042 358 1069 sazeuli
382 1042 496 1069 secundi
519 1047 643 1074 auctore,
659 1047 690 1069 ut
713 1050 796 1077 supra
811 1043 942 1075 vidimus,
958 1044 1056 1077 citari’;

264 1087 336 1121 quod
351 1087 385 1113 ad
400 1094 498 1114 vanam
521 1086 703 1120 objectionem
719 1086 800 1122 plane
813 1086 971 1114 diluendam
989 1087 1058 1115 satis

265 1140 402 1167 superque
416 1133 518 1160 dictum
536 1133 580 1160 sit.

300 1179 385 1205 Instat
396 1178 515 1212 denique
527 1178 598 1205 hanc
609 1177 758 1212 Epistolam
773 1185 788 1204 a
801 1177 934 1210 Barnaba,
946 1178 992 1212 qui
1005 1178 1058 1206 sub

264 1222 372 1250 Nerone
387 1224 547 1259 martyrium
563 1231 662 1258 passus
681 1227 735 1255 est,
749 1223 830 1251 scribi
843 1231 898 1250 non
917 1224 1055 1258 potuisse;

265 1269 366 1304 quippe
379 1277 440 1304 quze
452 1274 514 1304 post
526 1277 649 1297 eversam
665 1277 678 1295 a
691 1269 753 1296 Tito
765 1268 982 1304 Hierosolymam
994 1270 1057 1297 data

265 1313 358 1341 fuerit.
374 1314 462 1349 Atque
478 1315 530 1342 hoc
541 1314 606 1341 illud
620 1319 662 1342 est
679 1315 750 1349 quod
763 1315 790 1341 in
804 1314 876 1342 notis
890 1318 917 1342 et
928 1315 1058 1342 observa-

265 1359 387 1387 tionibus
402 1360 460 1387 suis
475 1364 667 1395 argumentum
691 1360 893 1387 invictissimum
913 1365 937 1387 et
952 1361 1055 1387 eviden-

267 1405 400 1433 tissimum
409 1406 535 1441 appellat.
549 1405 578 1433 Id
592 1406 683 1441 itaque
695 1406 776 1441 paulo
788 1406 930 1441 prolixiori
946 1414 1058 1442 respon-

266 1451 346 1479 sione
363 1451 523 1479 solvendnm
539 1455 591 1478 est.

533 1497 730 1525 ARTICULUS
749 1497 795 1525 IX.

381 1543 555 1576 Quandonam
575 1545 629 1571 lucc
641 1543 753 1578 epistula
768 1544 867 1579 scripta
881 1544 926 1571 sit.

304 1589 362 1616 Jam
378 1590 451 1617 enim
466 1597 520 1625 quo
535 1594 655 1625 tempore
678 1590 736 1617 hsce
750 1589 872 1624 Epistola
886 1590 987 1625 scripta
1001 1590 1054 1624 sit,

267 1634 463 1671 indagandum.
487 1634 538 1668 Qui
553 1643 613 1663 eam
636 1635 768 1663 Barnabas
790 1636 923 1668 tribuunt,
943 1636 970 1663 hi
992 1641 1055 1664 ante

264 1681 327 1716 ejus
341 1682 445 1708 obitum
460 1682 550 1708 datam
565 1689 626 1709 esse
641 1681 752 1709 indubie
773 1682 963 1716 pronuntiant.
988 1681 1055 1716 Qui-

267 1728 320 1755 bus
332 1735 396 1754 vero
411 1735 455 1755 res
472 1727 499 1754 in
516 1728 647 1762 ambiguo
659 1729 721 1760 cst,‘
732 1728 751 1754 ii
764 1732 853 1755 tamen
869 1729 943 1756 illius
957 1734 1055 1756 aucto-

266 1782 325 1800 rem
339 1774 507 1809 temporibus
529 1774 714 1808 apostolorum
728 1772 854 1801 floruisse
874 1782 939 1802 vero
958 1778 1055 1810 putant

267 1820 396 1847 similius.
412 1819 533 1854 Denique
545 1820 591 1855 qui
609 1827 624 1847 a
641 1819 763 1847 Barnaba
780 1819 927 1854 profectam
941 1826 1053 1856 negant,

265 1874 327 1893 eam
343 1870 406 1901 post
419 1865 556 1893 excidium
573 1865 862 1902 Hierosolymitauum,
886 1866 932 1893 sed
945 1873 1008 1894 ante
1020 1867 1054 1894 li-

267 1919 329 1938 nem
348 1911 461 1939 secundi
475 1911 566 1938 saeculi
581 1911 712 1946 scriptam
729 1918 789 1938 esse
807 1914 964 1946 opinantur.
979 1911 1054 1948 Moy-

267 1958 331 1984 nius
346 1957 389 1984 his
405 1957 479 1985 addit
494 1957 568 1984 illam
584 1961 648 1992 post
668 1964 763 1984 necem
777 1956 889 1990 Justiui,
912 1958 959 1992 qui
980 1965 1053 1986 anno

267 2004 320 2030 162
336 2008 384 2030 aut
404 2004 456 2031 165
476 2007 581 2036 martyr
597 2003 736 2034 occubuit,
764 2008 793 2031 et
812 2007 875 2030 ante
891 2002 1052 2031 Tertulliani

267 2054 396 2082 mortem,
411 2057 473 2084 qua:
488 2049 562 2076 circa
578 2056 679 2076 annum
703 2048 756 2075 2l5
779 2048 902 2084 contigit,
925 2049 1054 2084 obsigna-

267 2101 323 2124 tam
339 2096 433 2124 fuisse.
445 2095 538 2130 Neque
550 2099 639 2122 tamen
655 2095 698 2122 ille
711 2095 763 2122 alia
778 2095 883 2122 ratione
897 2095 1053 2129 opinionem

267 2149 346 2168 suam
364 2141 517 2172 confirmat,
533 2148 614 2175 quam
629 2140 702 2175 quod
717 2140 855 2167 nonnullm
866 2140 900 2167 de
910 2140 1054 2167 emissario

268 2185 421 2212 Iudaeorum
437 2185 513 2212 hirco
528 2183 698 2211 caeremoniae
712 2183 738 2210 in
751 2183 802 2210 hac
816 2183 937 2218 Epistola
951 2190 1055 2210 memo-

271 2234 375 2262 rentur,
391 2237 459 2265 quas
472 2229 544 2257 sicut
556 2228 627 2263 apud
643 2228 794 2261 Iustinum,
815 2229 878 2256 licet
894 2228 929 2255 de
949 2228 983 2255 iis
996 2228 1055 2255 dis-

269 2278 353 2308 serat,
367 2273 468 2301 frustra
482 2274 635 2309 qutesierls,
648 2273 684 2300 ita
698 2273 772 2308 apud
783 2272 982 2300 Tertullianum
995 2278 1055 2299 tan-

269 2319 412 2347 tummodo
430 2319 563 2347 invenias.
586 2318 688 2346 Verum
709 2326 725 2346 a
745 2326 801 2354 quo
819 2318 914 2345 didicit
928 2317 1055 2354 Moynius

269 2367 340 2394 hanc
365 2366 514 2401 Epistolam
541 2373 625 2400 penes
649 2364 788 2393 Iustinum
813 2372 933 2399 unquam
957 2364 1054 2397 fuisse,

268 2411 414 2447 ipsumque
427 2418 488 2439 eam
499 2411 617 2446 legisse?
631 2410 686 2438 Fac
702 2414 792 2437 tamen
804 2415 831 2438 et
842 2409 968 2437 habuerit
979 2414 1005 2437 ct
1017 2410 1056 2437 le-

267 2457 347 2493 gerit,
363 2457 485 2492 nunquid
500 2457 561 2484 ideo
575 2464 672 2484 omnes
685 2456 754 2483 hirci
769 2455 905 2483 emissat‘ii
920 2463 1053 2483 cazremo-

267 2504 340 2536 nias,
359 2511 394 2531 ne
407 2503 442 2530 iis
460 2502 581 2538 quidem,
596 2509 657 2537 quae
675 2502 702 2528 in
718 2501 839 2536 Epistula
856 2501 986 2528 Barnabre
1005 2508 1054 2528 oc—

267 2553 394 2583 currunt,
404 2548 609 2584 praetermissis,
625 2547 720 2575 debuit
731 2547 966 2575 commemorare?
980 2546 1053 2573 Nihil

268 2597 351 2632 igitur
364 2596 416 2623 hac
431 2595 556 2630 negativa
572 2594 730 2628 conjectura
746 2593 834 2628 magis
849 2592 989 2624 frivolum,
1004 2593 1054 2619 mi-

268 2649 376 2677 nusque
390 2641 425 2668 ad
438 2648 496 2668 rem
508 2640 628 2675 aliquam
643 2639 818 2667 asserendam
832 2639 973 2666 idoneum.

304 2687 365 2722 Quo
388 2694 470 2722 porro
493 2690 616 2721 tempore
630 2685 770 2713 Barnabas
792 2685 900 2718 obierit,
917 2685 1053 2712 incertum

268 2737 320 2761 est.
338 2732 416 2760 Unde
430 2731 523 2760 nescio
537 2730 603 2766 quid
621 2730 674 2758 sibi
697 2730 763 2757 velit
775 2729 910 2766 Moynius,
936 2736 1000 2756 cum
1020 2736 1054 2756 ex

268 2777 449 2806 communiori
469 2777 598 2812 opinione
619 2780 759 2804 asseverat
778 2775 856 2802 illum
872 2775 923 2802 sub
939 2775 1054 2809 imper-io

270 2822 385 2851 Neronis
395 2823 525 2858 martyrio
540 2821 666 2850 allectum
698 2820 846 2855 Quiﬁenim
863 2821 889 2847 id
903 2820 1051 2855 investiga-

1075 843 1095 870 Β

1069 2193 1094 2222 D

1111 224 1182 251 quos
1197 216 1347 251 scriptorcs
1362 216 1430 243 nihil
1450 224 1622 251 succurrere,
1638 217 1712 244 unde
1727 217 1895 251 quandouam

1111 261 1250 289 Barnabas
1261 262 1296 290 ab
1316 262 1406 298 Cypro
1423 263 1513 291 insula
1533 263 1656 296 redierit,
1672 263 1812 297 vitamque
1831 269 1895 289 mar-

1111 307 1181 342 tyrio
1197 308 1329 342 posuerit,
1351 312 1427 336 certo
1448 308 1606 336 definiatur.
1622 307 1735 335 Constat
1752 312 1845 334 autem
1869 307 1898 334 il-

1109 353 1164 380 lum
1180 359 1241 389 post
1256 353 1471 385 Hierosolymam
1487 361 1559 382 anno
1575 353 1619 385 '12,
1635 358 1682 380 aut
1699 353 1779 387 juxta
1792 353 1896 379 doctio-

1110 406 1153 425 res
1176 399 1360 434 chronologos
1379 399 1413 425 70
1437 407 1452 425 a
1472 398 1534 425 Tito
1549 399 1729 431 destructam,
1751 398 1835 424 vitam
1851 406 1897 432 po-

1110 445 1195 472 tuisse
1213 445 1375 479 producere.
1393 444 1490 472 Petrus
1510 444 1644 479 siquidem
1662 449 1688 472 et
1705 443 1811 471 Paulus
1825 451 1896 470 anno

1108 495 1215 517 tantum
1231 490 1277 522 66,
1292 491 1317 517 id
1335 494 1377 518 est
1390 497 1445 517 uno
1459 494 1506 517 aut
1518 490 1604 517 tribus
1617 494 1677 524 post
1688 490 1827 517 excidium
1839 489 1899 516 Hie-

1109 541 1335 576 rosolymitanum
1353 540 1442 572 annis,
1455 540 1579 575 martyrii
1591 540 1708 574 palmam
1718 540 1810 574 adepti
1825 545 1897 566 sunt.

1108 587 1180 615 Nihil
1196 594 1261 621 ergo
1275 590 1349 613 vetat
1363 586 1510 621 quominus
1521 585 1661 613 Barnabas
1677 586 1703 612 iu
1716 585 1840 620 Epistula
1852 594 1898 613 sua

1109 633 1223 667 hujusce
1238 632 1336 659 excidii
1350 631 1446 658 fecerit
1460 631 1635 658 mentionem.

1144 678 1224 705 Certo
1240 682 1330 704 autem
1346 677 1449 704 certius
1465 681 1507 704 est
1522 677 1593 705 hanc
1604 677 1726 704 eamdem
1743 676 1893 711 Epistolam

1109 733 1163 752 non
1183 725 1271 752 solum
1285 724 1319 751 ab
1332 722 1451 759 Origene
1465 722 1555 756 citari,
1574 723 1620 750 sed
1635 723 1716 749 etiam
1731 731 1746 749 a
1761 722 1899 750 Clemente

1109 770 1305 802 Alexandrino,
1322 769 1381 804 qui,
1395 774 1424 796 ut
1437 768 1476 796 ait
1490 769 1634 800 Eusebius.
1651 769 1748 803 primis
1761 769 1899 803 apostolo-

1110 825 1170 843 rum
1187 815 1357 851 temporibus
1369 815 1524 850 proximum
1540 822 1570 842 se
1581 814 1667 842 fuisse
1682 820 1808 842 testatur.
1823 813 1899 842 Unde

1112 862 1256 890 conficitur
1276 861 1454 894 Clementem,
1473 861 1520 896 qui
1536 860 1685 895 Epistolam
1708 860 1793 893 hanc,
1820 860 1899 888 sicuti

1109 914 1143 934 ex
1165 905 1397 940 frequentioribus
1418 905 1478 940 ejus
1495 905 1672 933 citationibus
1688 904 1785 938 liquet,
1810 904 1899 939 magni

1110 954 1246 981 aestimare
1261 953 1413 985 videbatur,
1430 952 1463 979 ab
1477 951 1636 987 apostolicis
1648 951 1725 983 viris,
1740 950 1804 985 quis
1820 958 1901 977 verus

1109 1000 1182 1027 illius
1194 1003 1289 1026 auctor
1302 998 1445 1030 exstiterit,
1460 998 1597 1026 curiosius
1611 997 1767 1032 indagasse,
1780 1003 1834 1023 nec
1845 995 1897 1022 dif-

1111 1044 1217 1073 ficiliter
1238 1044 1376 1071 didicisse.
1400 1043 1501 1070 Deinde
1521 1043 1591 1069 idem
1614 1041 1742 1069 Clemens
1756 1040 1834 1068 circa
1850 1049 1901 1067 au-

1109 1099 1174 1118 nnm
1188 1090 1241 1117 200
1259 1089 1314 1116 fato
1330 1090 1440 1116 functus
1454 1093 1506 1121 est,
1526 1088 1692 1122 proindeque
1706 1087 1796 1113 libros
1817 1094 1883 1113 suos
1894 1107 1900 1116 .

1111 1137 1158 1164 ubi
1184 1137 1253 1163 hanc
1267 1136 1417 1171 Epistolam
1436 1135 1566 1166 laudavit,
1581 1134 1608 1160 in
1623 1133 1711 1160 lucem
1728 1133 1808 1167 prius
1833 1133 1902 1159 etni-

1109 1188 1192 1211 serat.
1206 1183 1288 1218 Atqui
1303 1183 1376 1210 illam
1389 1189 1444 1209 non
1458 1186 1488 1208 ut
1499 1188 1594 1208 recens
1611 1180 1733 1214 aliquod,
1751 1179 1802 1206 sed
1827 1180 1903 1205 anti-

1110 1238 1170 1266 quae
1195 1229 1366 1258 auctoritatis
1391 1228 1523 1263 scriptum
1544 1226 1647 1259 laudat,
1673 1226 1792 1260 ideoque
1817 1233 1902 1259 quam

1109 1277 1222 1313 putabat
1249 1276 1380 1312 martyrio
1409 1274 1503 1310 lgnatii
1524 1273 1717 1308 antiquiorem.
1743 1271 1819 1304 Quin
1848 1272 1904 1297 imo

1108 1322 1210 1358 ubique
1233 1330 1282 1358 pro
1299 1327 1374 1349 certo
1399 1321 1476 1356 ponit
1501 1320 1575 1346 illam
1599 1327 1614 1346 a
1630 1317 1754 1345 Barnaba
1774 1317 1905 1352 apostolo

1107 1369 1248 1403 scriptam,
1267 1367 1437 1401 nullumque,
1462 1372 1544 1400 quem
1562 1367 1664 1395 nosset,
1692 1362 1757 1389 huic
1773 1360 1905 1396 opinioni

1108 1411 1250 1446 refragari.
1267 1409 1345 1437 Tanti
1368 1409 1419 1436 viri
1434 1413 1570 1443 tantaeque
1591 1406 1766 1437 eruditionis,
1784 1413 1818 1432 ae
1835 1410 1907 1431 tem-

1108 1458 1221 1492 poribus
1237 1455 1393 1491 apostolicis
1409 1454 1478 1482 adeo
1500 1453 1582 1481 vieini
1598 1452 1758 1484 auctoritas,
1787 1452 1906 1478 maximi

1108 1506 1181 1529 certe
1195 1502 1266 1537 apud
1282 1509 1377 1528 omnes
1392 1501 1472 1528 debet
1485 1507 1546 1527 esse
1560 1499 1706 1534 ponderis;
1723 1505 1789 1525 cum
1803 1498 1831 1524 in
1842 1498 1903 1532 pri-

1108 1548 1160 1575 mis
1174 1547 1248 1574 nulla
1263 1546 1339 1573 firma
1354 1545 1492 1573 rationum
1510 1548 1683 1579 argumenta,
1700 1542 1830 1577 nihilque
1847 1543 1903 1574 illi.

1105 1593 1160 1620 nisi
1175 1593 1333 1627 conjectura
1348 1592 1483 1627 quaedam,
1504 1598 1601 1625 parum
1621 1589 1709 1617 valida
1729 1594 1905 1623 opponatur.

1104 1637 1238 1665 Caeterum
1255 1636 1429 1672 quantumvis
1445 1634 1570 1663 Clemens
1591 1635 1618 1662 in
1635 1634 1765 1669 Epistula:
1779 1636 1906 1662 auctoris

1105 1682 1216 1710 nomine
1229 1689 1336 1710 errasse
1348 1682 1495 1714 diceretur,
1508 1688 1542 1708 ex
1554 1679 1613 1715 ejus
1627 1685 1718 1707 tamen
1731 1680 1906 1706 auctoritate

1105 1727 1289 1755 invictissime
1303 1727 1507 1755 demonstratur
1523 1726 1596 1753 illam
1611 1726 1652 1752 vel
1667 1725 1702 1752 ab
1717 1732 1775 1752 uno
1787 1733 1821 1752 ex
1834 1733 1904 1759 apo-

1105 1773 1193 1806 stolis,
1216 1773 1258 1801 vel
1283 1773 1378 1801 saltem
1395 1773 1429 1800 ab
1456 1773 1549 1807 aliquo
1575 1780 1608 1799 ex
1631 1771 1772 1806 proximis
1803 1778 1904 1798 eorum

1105 1819 1310 1847 successoribus
1325 1818 1411 1846 fuisse
1424 1823 1576 1846 exaratam.

1140 1865 1169 1893 Id
1185 1865 1294 1900 quidem
1317 1872 1351 1892 ex
1375 1863 1576 1898 tnanuscriptis
1597 1862 1738 1891 codicibus
1753 1861 1863 1889 Graecis
1879 1867 1904 1888 et

1105 1910 1210 1938 Latinis
1228 1909 1383 1938 conﬁrmari
1404 1909 1547 1944 potuisset,
1574 1909 1597 1936 si
1614 1908 1660 1943 qui
1676 1908 1793 1934 omnino
1809 1908 1904 1934 incor-

1105 1957 1188 1992 rupti,
1211 1963 1244 1983 ac
1267 1963 1362 1983 verum
1379 1954 1508 1990 Epistolaa
1532 1954 1640 1981 titulum
1662 1952 1849 1987 praeferentes
1872 1953 1903 1978 ad

1105 2009 1156 2029 nos
1171 2001 1367 2036 pervenissent.
1383 2000 1418 2027 At
1432 2000 1459 2027 in
1476 1999 1577 2027 Graecis
1591 1999 1732 2026 codicibus
1744 2003 1835 2033 caput
1844 1998 1903 2032 ejus

1105 2052 1275 2082 amputatum
1298 2050 1351 2079 est,
1376 2051 1403 2074 et
1420 2046 1516 2073 titulus
1538 2045 1586 2080 qui
1605 2045 1632 2071 in
1654 2044 1750 2071 Graeca
1775 2043 1903 2071 Menardi

1105 2094 1223 2122 editione
1236 2094 1345 2129 legitur,
1361 2101 1394 2120 ex
1407 2092 1525 2121 Eusebio
1538 2092 1643 2120 videtur
1657 2091 1838 2126 desumptus.
1852 2091 1905 2118 La-

1105 2140 1180 2168 tinus
1198 2147 1264 2167 vero
1281 2139 1453 2166 bibliotheca:
1474 2142 1575 2165 nostra;
1591 2137 1687 2169 codex,
1708 2136 1756 2171 qui
1771 2137 1903 2164 omnium

1107 2184 1202 2219 procul
1222 2183 1306 2211 dubio
1327 2188 1369 2211 est
1387 2183 1608 2218 antiquissimus.
1632 2182 1683 2209 hac
1703 2187 1817 2209 tantum
1845 2183 1904 2217 epi-

1106 2230 1208 2266 graphe
1222 2230 1381 2258 inscribitur
1397 2239 1404 2257 :
1421 2229 1520 2264 Incipit
1532 2229 1643 2263 epistola
1659 2229 1798 2256 Barnaba:
1814 2230 1907 2263 [elin-

1107 2281 1156 2308 ter,
1170 2279 1252 2311 atque
1268 2276 1378 2302 demum
1393 2275 1420 2302 in
1438 2275 1491 2302 fine
1503 2275 1544 2302 sic
1563 2275 1737 2302 concluditur
1752 2284 1761 2302 :
1781 2274 1907 2310 Explicit

1105 2321 1218 2357 epistola
1232 2321 1374 2348 Barnabw.

1371 2365 1569 2394 ARTICULUS
1586 2365 1621 2393 Χ.

1257 2410 1298 2438 Ad
1313 2419 1377 2445 quos
1390 2411 1446 2437 haec
1460 2410 1571 2445 epistola
1585 2411 1684 2445 scripta
1698 2411 1747 2437 sit.

1105 2455 1120 2473 ¹²
1140 2455 1239 2491 lntegri
1253 2459 1344 2483 autem
1361 2455 1384 2482 si
1405 2460 1545 2483 exstarent
1560 2456 1740 2490 manuscripti
1762 2457 1805 2484 illi
1824 2459 1907 2485 codi—

1106 2509 1162 2534 ces,
1174 2501 1253 2529 nobis
1266 2501 1360 2536 utique
1375 2508 1429 2528 non
1443 2501 1526 2529 modo
1538 2501 1667 2536 Epistolas
1683 2501 1771 2536 hujus
1788 2503 1909 2531 titulum

1105 2547 1285 2578 iudicassent,
1300 2547 1347 2574 sed
1366 2554 1415 2574 cos
1430 2547 1513 2574 etiam
1529 2547 1564 2574 ad
1576 2555 1648 2582 quos
1663 2547 1708 2574 illa
1723 2547 1840 2576 directa
1853 2556 1907 2577 est.

1105 2591 1132 2618 Id
1148 2592 1221 2618 enim
1236 2599 1285 2618 sua
1301 2599 1355 2619 non
1369 2596 1445 2619 caret
1458 2591 1625 2620 dilIicultate.
1643 2592 1745 2619 Putant
1758 2594 1908 2629 siquidem

1106 2637 1233 2664 nonnulli
1253 2645 1286 2664 ex
1301 2642 1360 2664 tota
1384 2637 1517 2665 orationis
1539 2638 1609 2666 serie
1623 2638 1722 2673 conjici
1736 2647 1829 2674 posse
1844 2649 1878 2668 ea
1888 2651 1911 2668 ιη

1106 2682 1138 2709 ad
1156 2682 1326 2710 Christianos
1343 2683 1455 2711 missam
1471 2682 1611 2716 Hebraeos,
1636 2688 1748 2711 tenaces
1764 2686 1911 2714 nimirum

1105 2728 1313 2763 antiquaalegis,
1329 2734 1356 2756 et
1373 2730 1407 2756 ad
1424 2728 1553 2757 Hebraeos
1565 2737 1626 2758 esse
1639 2729 1822 2764 inscriptam.
1852 2732 1909 2760 \‘e-

1104 2781 1167 2800 rum
1185 2773 1228 2801 vel
1248 2781 1281 2801 ex
1297 2774 1355 2809 ipsa
1372 2776 1456 2803 totius
1472 2775 1609 2810 Epistolce,
1626 2782 1642 2802 a
1665 2776 1747 2803 nobis
1770 2779 1907 2813 superius

1107 2821 1177 2849 facta
1188 2822 1309 2857 syuopsi,
1319 2821 1490 2857 exploratum
1504 2821 1544 2854 tit,
1558 2821 1621 2850 ideo
1629 2822 1775 2857 praecipue
1788 2826 1826 2852 ad
1846 2833 1907 2852 eam
