1916 3104
20 114 58 142 εει

677 121 944 152 PROLEGOMENA.

1568 137 1620 164 682

17 174 167 202 scribendam
193 180 335 205 auctorem
361 178 420 214 ejus
446 178 593 215 impulsum
617 186 647 210 ut
672 190 721 211 eos
743 185 778 212 ad
793 188 817 217 Α
867 186 994 216 Usserius
1005 189 1106 225 quippe
1119 190 1343 228 archiepiscopus
1356 192 1547 226 Armaebanus
1557 200 1616 234 pri—

17 228 73 255 quos
89 221 194 256 scripsit
205 224 391 257 praemuniret,
413 227 625 263 prohiberetun
644 237 678 257 ne
691 230 727 258 ab
748 231 781 259 iis

16 266 181 300 deciperentur
193 267 242 301 qui
257 267 342 302 legem
355 268 456 305 Moysis
471 274 499 297 et
511 270 613 299 Christi
626 273 708 301 simul
721 281 781 301 ser-

16 311 112 338 vandam
137 319 197 339 esse
212 315 383 342 asserebant.
400 315 482 351 Atqui
502 316 546 344 hic
567 325 645 345 error
659 318 781 353 ejusdem

16 357 59 385 fere
69 365 124 385 cum
139 357 294 386 Christiana
310 360 440 396 religione
455 367 498 390 est
519 364 606 392 aetatis
621 373 628 392 z
647 365 781 400 illumque

16 410 56 429 non
73 403 153 430 solum
175 404 316 438 Hebraeos,
338 407 385 434 sed
401 407 483 435 etiam
507 408 660 442 haereticos,
683 412 780 446 quales

16 454 76 475 erant
86 448 212 477 Ebionitae
225 456 252 478 et
262 451 441 487 Cerinthiani,
455 454 581 483 docuisse
593 457 778 485 certissimutn

15 498 54 520 est.
66 493 189 522 Prmlerea
200 496 251 523 etsi
266 504 281 524 a
294 497 360 525 solis
371 497 492 527 Hebraeis
502 507 580 528 error
593 501 636 529 hic
650 502 779 530 dissemi-

16 542 78 564 natus
95 537 198 571 fuisset,
221 544 345 574 poterant
369 546 459 570 tamen
478 543 529 578 ipsi
551 553 584 572 eo
607 553 662 581 quo
678 546 777 582 ﬂagra-

14 580 64 608 bant
76 582 209 617 religionis
223 592 281 612 sua:
295 586 397 619 studio,
412 587 488 614 illum
505 590 576 623 apud
596 580 692 619 omnes
713 580 776 620 cum

15 625 129 659 Hebraeos,
145 633 200 655 tum
225 631 340 664 gentiles
357 632 391 658 ad
412 633 596 662 Christianam
610 636 689 664 fidem
707 645 775 665 con-

14 680 89 700 versos
100 674 197 709 ubique
211 675 405 705 disseminare.
422 677 516 707 Potuit
528 688 593 716 ergo
608 687 705 709 auctor
728 691 778 710 no-

14 722 56 745 ster
75 727 123 746 non
143 720 177 747 ad
198 720 329 749 Hebraeos
345 725 545 758 tantummodo,
572 727 619 754 sed
644 727 726 755 etiam
743 728 777 756 ad

13 763 169 798 Christianos,
193 774 264 801 quos
288 769 322 795 ab
337 768 458 798 Hebraeis
483 771 528 798 vel
540 772 675 801 haereticis
689 774 778 810 decipi

13 810 135 843 metuebat,
152 819 229 840 suam
243 813 359 849 dirigere
374 816 528 850 epistolam.

41 855 158 890 Ohjicitur
170 862 260 886 tamen
273 859 472 889 Tertullianum
492 861 641 897 Epistolam
654 863 730 892 Pauli
742 865 776 893 ad
792 861 813 891 Β

13 899 117 930 Hebraeos
139 903 238 931 citasse
263 905 394 934 Barnabas
420 908 549 942 nomine;
581 909 706 944 forsitan,
730 911 774 938 in-

12 947 97 980 quiunt,
109 954 211 983 accepto
223 958 326 978 rumore
336 952 367 978 de
379 952 500 987 Epistola
511 955 626 989 quadam
639 955 774 984 Barnabas

12 992 38 1017 ad
54 991 165 1021 Hebrum
185 1004 202 1021 a
213 1004 240 1022 se
258 1004 308 1023 non
321 998 399 1024 uisa?
415 998 467 1026 Sed
490 999 540 1027 hac
555 1000 709 1036 objectione
734 1002 774 1029 Ie-

13 1037 41 1064 vis
53 1039 195 1073 conjectura
210 1041 265 1068 alia
288 1043 375 1070 multo
396 1043 490 1071 leviori
504 1046 646 1080 probatur.
660 1045 774 1074 Verum-

10 1084 123 1113 eninivero
146 1087 168 1113 si
192 1086 377 1116 Tertullianus
403 1089 553 1125 Epistolam
581 1092 614 1119 ad
642 1091 771 1121 llebrmos

12 1128 116 1158 Barnahaa
129 1132 261 1168 assignat,
274 1135 397 1162 eamdem
410 1135 456 1163 alii
474 1135 565 1169 Lucae.
579 1137 625 1164 alii
636 1137 771 1167 Clementi

11 1173 150 1208 adjudicant.
166 1175 295 1211 Nunquid
307 1185 370 1213 ergo
386 1178 414 1206 in
430 1179 502 1207 hanc
515 1181 678 1208 sententiam
695 1181 770 1209 abie-

11 1225 75 1247 runt:
91 1222 202 1256 forsitan
217 1231 323 1250 rumore
344 1229 448 1259 accepto
469 1225 501 1252 de
519 1225 641 1260 Epistola
657 1227 772 1262 quadam

11 1264 70 1292 Luca:
82 1267 116 1293 vel
129 1266 269 1295 Clementis
285 1268 320 1295 ad
333 1268 458 1296 Hebraeos
470 1278 486 1297 a
501 1278 528 1298 se
540 1279 592 1298 non
604 1272 661 1298 visa
670 1272 683 1298 .9
700 1271 771 1305 Quid

10 1311 48 1339 bac
60 1313 204 1348 conjectura
221 1314 347 1342 futilius?
362 1315 510 1343 Dicendum
526 1316 608 1352 igitur
620 1315 771 1352 Epistolam

9 1357 33 1383 Id
46 1356 158 1386 Hebrzeos
173 1367 188 1386 a
202 1359 373 1387 Tcrtulliano
395 1360 527 1389 Barnabas:
542 1362 653 1390 no‘mine
668 1361 771 1391 idcirco

10 1400 129 1436 laudatam,
145 1404 185 1431 vel
200 1404 267 1439 quia
279 1413 340 1432 eum
357 1413 420 1433 vere
435 1407 549 1441 putabat
567 1408 627 1443 ejus
640 1408 770 1443 Epistolte

9 1452 131 1481 auctorem,
145 1456 192 1476 seu
209 1450 301 1485 potius
316 1451 412 1484 mavis,
437 1451 613 1487 interpretem
625 1462 633 1485 ;
645 1454 687 1481 vel
705 1455 768 1489 quia

8 1499 54 1518 cum
71 1494 135 1521 illam
154 1495 187 1522 ab
208 1496 302 1531 aliquo
324 1496 402 1524 Pauli
418 1498 493 1525 socio
512 1502 538 1526 et
554 1498 688 1534 discipulo
699 1500 768 1528 scri-

8 1542 63 1570 ptam
77 1540 199 1574 crederet,
223 1542 251 1568 id
270 1542 336 1569 nulli
352 1544 449 1577 potiori
467 1543 529 1579 jure
543 1552 625 1580 quam
639 1545 769 1574 Barnabae

8 1584 151 1613 tribuendum
165 1587 300 1621 judicavit
313 1598 320 1616 :
336 1589 377 1616 vel
392 1589 509 1624 denique
524 1590 585 1618 aliis
599 1590 685 1620 fretus
700 1600 767 1620 con-

6 1628 106 1664 jecturis,
118 1640 150 1660 ex
169 1633 240 1662 falso
259 1639 402 1662 auctorum
417 1640 464 1663 aut
474 1636 600 1664 codicum
613 1639 767 1666 manuscri-

7 1679 251 1708 plorumerrantium
267 1680 425 1708 testimonio
442 1681 603 1717 dcsumptis,
620 1690 689 1718 quas
709 1683 765 1719 jatn

6 1719 104 1749 divinare
113 1729 267 1760 promptum
280 1733 334 1753 non
352 1731 404 1754 est.

31 1765 103 1795 Purro
124 1769 144 1797 si
162 1775 237 1798 certo
254 1771 359 1799 definiri
383 1781 437 1800 non
459 1773 544 1808 possit
559 1774 606 1809 qui
623 1774 763 1810 homines,

5 1812 95 1846 cujusve
111 1817 227 1851 regionis
242 1817 260 1844 ii
276 1817 377 1845 fuerint
393 1818 426 1845 ad
442 1827 510 1854 quos
534 1820 603 1847 hanc
624 1820 763 1849 Barnabas

6 1858 63 1885 misit
80 1859 220 1894 Epistolam
234 1882 242 1894 ,
265 1866 374 1889 constat
401 1867 492 1891 tamen
515 1871 562 1891 eos
591 1865 762 1894 Christianos

6 1901 80 1936 fuisse,
100 1906 142 1940 qui
164 1906 191 1933 in
213 1907 385 1942 assequenda
406 1909 467 1936 vita:
493 1908 656 1936 Christiana:
672 1910 761 1944 perfe-

5 1949 75 1977 ctione
98 1951 230 1985 profcctus
246 1953 352 1987 aliquos
365 1953 421 1988 jam
437 1954 567 1988 fecerant,
588 1963 711 1990 quosque
732 1961 762 1983 ut

6 1995 72 2027 magis
85 2003 113 2023 ac
124 1998 206 2032 magis
221 1998 250 2024 in
265 2006 296 2025 ea
313 1998 484 2033 prolicercnt.
502 2001 678 2035 adhortatur;
691 2009 760 2036 quos

5 2039 98 2075 denique
110 2043 245 2075 admonet.
265 2049 380 2071 caveant
394 2046 489 2072 sedulo
502 2047 537 2074 ab
552 2047 699 2081 haereticis,
712 2049 759 2084 qui

5 2086 63 2113 vanis
84 2088 188 2122 argutiis
212 2093 239 2116 et
265 2090 461 2118 subtilitatibus
487 2091 573 2127 legem
599 2092 700 2128 Moysis
726 2102 758 2122 ac

4 2128 82 2157 Christi
95 2132 169 2160 simul
189 2133 389 2161 observandam
408 2136 469 2163 aliis
485 2137 601 2164 suadere
618 2139 757 2165 conaban-

5 2177 45 2200 tur.
60 2175 229 2208 Quamobrem
246 2178 317 2206 idem
340 2184 436 2208 auctor
457 2185 549 2208 noster
568 2189 615 2209 eos
628 2187 682 2210 tota
700 2183 758 2218 epi-

4 2219 55 2246 stola
69 2228 112 2249 sua
123 2228 212 2251 contra
232 2225 423 2253 haereticorum
441 2226 549 2253 illorum
566 2234 673 2254 errores
695 2236 754 2256 mu-

4 2260 41 2293 nit,
53 2270 79 2291 ac
89 2264 246 2294 Christianae
262 2268 373 2302 pictatis
386 2270 528 2305 praeceptis
544 2270 686 2299 informat.

230 2324 428 2354 ARTICULUS
448 2326 496 2354 XI.

3 2369 32 2398 De
46 2373 112 2408 Iluqu
132 2376 258 2412 Epistalw
281 2379 400 2441 fungino,
423 2386 448 2409 et
469 2382 553 2410 variis
577 2382 634 2417 ejus
662 2384 757 2411 editio-

315 2423 341 2441 m
361 2424 401 2441 us.

315 2423 401 2442 mnus.

29 2451 129 2487 Epistula
143 2457 199 2485 haec
211 2458 347 2487 fortunam
361 2461 456 2489 habuit
475 2463 589 2496 variam,
602 2463 755 2500 mirumque

0 2496 18 2522 in
37 2500 131 2529 modum
152 2505 319 2532 mutabilem.
342 2505 410 2534 Cum
427 2508 499 2535 enim
516 2513 603 2542 tanto,
626 2515 656 2536 ut
671 2518 753 2545 supra

0 2542 107 2580 diximus,
119 2549 259 2583 splendore
273 2556 301 2579 et
314 2553 434 2580 secundo
447 2557 474 2580 et
489 2553 606 2587 duobus,
625 2562 657 2582 ac
673 2555 753 2583 forsi-

0 2591 32 2614 Ian
50 2592 120 2620 etiam
138 2595 221 2624 tribus
235 2598 411 2632 sequentibus
430 2597 560 2627 Ecclesiae
577 2601 683 2628 saeculis
700 2601 752 2628 mi-

0 2633 91 2682 :nisset,
104 2638 223 2676 deinceps
240 2642 277 2669 it‘a
298 2643 420 2676 evanuit,
446 2649 476 2671 ut
496 2650 594 2679 praeter
608 2651 752 2682 utrumque

0 2674 163 2717 Nicephorum.
178 2674 224 2721 qui
246 2688 327 2715 verba
343 2688 453 2717 Eusebii
473 2674 520 2718 aut
543 2691 639 2719 saltem
655 2699 749 2720 eorum

0 2729 90 2753 sensum
104 2729 273 2766 descripsere,
288 2734 334 2760 vix
349 2734 421 2761 alius
431 2736 465 2763 de
485 2743 517 2763 ea
533 2738 698 2764 mentionem
711 2737 750 2765 fe-

1 2766 56 2796 cisse
66 2774 211 2807 reperiatur.
222 2777 320 2806 Nostro
331 2780 438 2808 tandem
452 2782 551 2810 saeculo
562 2782 655 2810 Graece
664 2787 691 2810 et
701 2782 750 2811 La-

2 2811 43 2863 tine
55 2818 126 2846 variis
138 2820 162 2847 in
175 2821 347 2853 Bibliothecis
360 2825 474 2855 feliciter
487 2827 607 2863 inventa,
619 2835 634 2858 e
648 2833 688 2858 tot
698 2837 747 2858 sae~

2 2858 99 2889 culorum
112 2866 223 2896 tenebris
233 2871 355 2898 emersit.

100 2909 221 2945 PATROL.
242 2915 300 2946 Gn.
321 2916 358 2947 il.

833 239 906 260 mam
929 233 988 269 ejus
1009 235 1156 264 editionem
1171 245 1204 265 ex
1219 239 1425 275 manuscriptis,
1441 249 1504 277 quae
1516 233 1615 273 mutuo

833 278 867 305 ab
878 279 938 307 aliis
950 286 1102 316 acceperat,
1112 281 1210 311 Oxouii
1222 292 1294 313 anno
1304 286 1373 313 1642
1383 287 1536 326 adornavit.
1550 290 1615 326 Sed,

833 322 931 352 Vossio
947 330 1024 359 teste,
1042 333 1096 354 una
1111 328 1187 356 urbis
1199 329 1281 365 hujus
1295 336 1372 366 parte
1382 322 1464 367 paulo
1479 339 1541 369 post
1553 322 1616 372 igne

831 376 1004 405 consumpta,
1029 372 1082 405 hoc
1110 373 1236 403 incendio
1264 377 1356 405 omnia
1380 379 1508 409 editionis
1530 382 1615 418 hujus

831 415 995 450 exemplaria
1015 417 1163 451 perierunt.
1185 418 1262 448 Unus
1276 426 1365 451 tamen
1384 424 1480 459 codex,
1496 415 1614 457 flammis

829 465 948 494 ereptus,
963 461 990 488 in
1008 462 1171 492 bibliotheca
1186 465 1308 500 ejusdem
1323 469 1409 503 urbis,
1429 470 1453 498 si
1466 480 1520 507 qua
1539 473 1614 502 edito

829 504 916 539 ipsius
930 506 1060 542 Catalogo
1071 508 1138 537 fides
1151 509 1276 539 habenda
1290 514 1336 545 sit,
1349 504 1516 545 asservatur.

864 550 926 580 Haec
940 553 1026 588 prima
1040 553 1167 590 Epistolm
1181 563 1282 586 nostrae
1304 561 1387 589 editio
1403 563 1491 592 doctis
1503 564 1540 592 ita
1558 572 1611 601 pa‘

828 604 890 623 rum
905 597 1034 631 innotuit,
1047 605 1077 627 ut
1088 608 1148 628 eam
1162 602 1197 629 ab
1219 602 1332 640 Hugone
1346 605 1476 636 Menardo
1491 597 1611 644 prim-um

828 642 928 670 editam
947 644 991 671 vix
1013 653 1084 674 unus
1103 652 1151 675 aut
1173 649 1242 677 alter
1262 658 1317 678 non
1337 659 1478 687 agnoscat.
1491 642 1526 683 Ᾰι
1537 663 1611 686 certe

827 694 922 718 omnes
945 690 1026 720 facile
1050 694 1203 722 concedent
1221 703 1283 724 eum
1307 699 1426 732 primum
1445 700 1545 736 fuisse,
1562 705 1610 738 qui

827 734 900 763 illam
915 737 985 772 typis
1001 739 1156 767 mandatam
1175 742 1262 768 nostri
1282 742 1354 777 juris
1375 743 1478 774 fecerit.
1493 746 1518 774 Is
1536 734 1611 776 enim

827 789 889 809 cum
915 783 1054 812 incidisset
1075 785 1104 812 in
1122 788 1339 823 manuscriptum
1363 789 1490 819 Latinum
1512 794 1611 822 biblio-

826 826 912 855 theca:
924 827 1092 862 Corbeianae,
1104 838 1238 860 annorum
1253 834 1313 868 plus
1322 843 1404 870 quam
1415 837 1467 864 900
1475 839 1608 873 codicem,

827 872 966 908 aliumque
988 874 1125 909 Graecum,
1152 877 1223 905 inter
1246 878 1379 908 Thuriani
1399 884 1499 918 scripta
1515 872 1609 914 Roma:

826 917 977 952 inventum,
1001 927 1016 947 a
1040 920 1201 951 doctissimo
1226 924 1372 954 Sirmondo
1385 917 1546 964 accepisset,
1571 940 1607 960 ex

825 968 942 999 utraque
965 967 1112 1001 exemplari
1136 968 1170 995 ad
1188 971 1336 1004 parandam
1359 974 1507 1003 editionem
1528 985 1607 1006 suam

824 1008 889 1036 totis
901 1010 1006 1038 viribus
1019 1011 1152 1041 incubuit.
1167 1014 1219 1043 Sed
1235 1017 1341 1046 collatis
1355 1020 1508 1055 codicibus,
1521 1023 1607 1051 altera

824 1051 952 1087 Epistolas
970 1060 1048 1090 parte
1068 1057 1094 1084 in
1109 1057 1238 1087 Latinum
1256 1069 1343 1096 versa,
1357 1051 1607 1100 variisqueobser-

823 1099 980 1128 vationibns
1004 1104 1182 1138 compositis,
1213 1106 1374 1142 priusquam
1399 1099 1503 1145 aliquid
1528 1113 1606 1146 prelo

822 1146 955 1174 committi
972 1149 1101 1182 potuerit,
1114 1150 1261 1180 immatura
1285 1159 1373 1182 morte
1385 1156 1535 1185 exstinctus
1551 1163 1602 1186 est.

822 1189 994 1227 Quaproer
1008 1193 1097 1223 Lucas
1108 1195 1259 1227 Dacherius
1274 1205 1375 1235 paratae
1387 1202 1422 1229 ab
1438 1202 1485 1230 illo
1503 1204 1604 1232 editio-

822 1236 866 1264 nis
883 1245 977 1266 curam
1005 1239 1033 1267 in
1047 1248 1078 1268 se
1094 1243 1206 1278 recepit,
1232 1252 1348 1281 eamque
1370 1248 1513 1282 praemissa
1532 1257 1548 1276 a
1572 1257 1603 1278 se

821 1282 980 1318 praefatione
990 1292 1063 1314 anno
1076 1287 1144 1316 1645
1162 1289 1288 1319 absolvit.

856 1329 936 1358 Anno
950 1332 1132 1368 subsequente
1146 1334 1222 1364 Isaac
1233 1335 1348 1365 Vossius
1368 1337 1466 1366 iterum
1477 1341 1601 1369 eamdem

820 1373 969 1410 Epistolam
988 1384 1021 1404 ex
1044 1378 1130 1407 tribus
1146 1382 1355 1417 manuscriptis,
1376 1391 1432 1411 uno
1456 1385 1602 1414 bibliothe-

820 1428 859 1449 cae
869 1421 1043 1458 Florentium,
1058 1425 1142 1453 altero
1154 1425 1301 1462 Vaticana},
1314 1430 1393 1457 tertio
1403 1430 1600 1460 Theatinorum

820 1466 1019 1504 Romanorum,
1031 1471 1228 1501 Amstelodami
1248 1475 1339 1503 emisit
1353 1476 1380 1503 in
1396 1477 1545 1512 publicum.
1569 1478 1599 1507 ln

819 1513 863 1541 his
878 1519 970 1542 autem
984 1517 1112 1545 omnibus
1139 1519 1280 1548 codicibus
1295 1529 1377 1549 manu
1393 1524 1512 1552 exaratis
1535 1524 1601 1560 Epi-

820 1561 889 1588 stola
914 1568 990 1589 caret
1015 1563 1104 1596 initio,
1127 1568 1210 1599 atque
1225 1566 1274 1592 uni
1295 1574 1329 1594 ex
1355 1566 1452 1603 lgnatii
1469 1569 1598 1605 Epistolis

818 1607 952 1641 proxime,
965 1612 992 1636 et
1003 1609 1107 1644 absque
1123 1610 1202 1638 titulo
1218 1612 1402 1648 conjungitur.

851 1653 1004 1681 Cotelerius
1026 1662 1099 1682 anno
1113 1655 1183 1683 1672
1202 1665 1236 1684 ex
1258 1658 1397 1687 Sirmondi
1421 1669 1474 1689 ms.
1501 1662 1597 1691 Graeco

816 1698 918 1732 codice,
938 1699 972 1727 de
990 1708 1047 1736 quo
1065 1705 1127 1730 ante
1146 1702 1277 1737 diximus,
1296 1704 1370 1732 illam
1390 1714 1486 1735 rursus
1499 1708 1594 1742 edidit,

815 1752 940 1780 novaque
955 1746 1091 1781 versione,
1107 1749 1261 1783 antiquiore
1276 1754 1367 1778 tamen
1396 1760 1449 1780 non
1475 1754 1594 1788 omissa,

814 1790 940 1825 donavit;
957 1793 1128 1828 praetixitque
1143 1794 1277 1830 Operibus
1287 1802 1440 1825 sanctorum
1462 1799 1594 1835 Patrum,

812 1837 858 1871 qui
874 1838 1031 1872 temporibus
1057 1840 1235 1873 apostolorum
1261 1842 1420 1876 ﬂoruerunt.
1443 1845 1478 1872 At
1506 1847 1593 1875 multa

813 1880 894 1915 hujus
906 1881 1032 1910 editionis
1045 1885 1208 1918 exemplaria
1226 1886 1346 1915 incensis
1358 1888 1512 1925 bibliopolae
1525 1898 1591 1926 apo-

812 1927 907 1961 thecis,
923 1929 983 1964 igne
996 1934 1157 1965 consumpta
1170 1936 1243 1959 sunt.

846 1972 966 2008 Denique
983 1974 1108 2010 Moynius
1119 1983 1181 2003 cum
1200 1976 1370 2013 Rothomago
1393 1978 1520 2007 Lcisdam
1541 1980 1592 2008 do-

809 2018 901 2045 cendae
914 2019 1056 2055 theologia:
1067 2028 1150 2048 causa
1172 2028 1202 2049 se
1219 2023 1389 2057 contulisset,
1412 2024 1449 2052 ibi
1467 2026 1590 2054 eamdem

809 2062 959 2098 Epistolam
983 2065 1055 2093 inter
1071 2074 1120 2094 sua
1142 2066 1223 2094 Varia
1242 2075 1322 2095 sacra
1334 2069 1376 2096 edi
1391 2071 1505 2098 curavit.
1521 2071 1591 2099 Ulti—

808 2113 881 2133 mam
897 2111 988 2135 autem
1005 2109 1076 2136 hanc
1090 2110 1236 2138 editionem
1259 2112 1304 2139 ille
1326 2120 1359 2140 ex
1383 2113 1477 2142 codice
1492 2123 1589 2143 manu-

808 2152 909 2186 scripto
935 2151 1103 2187 Florentino,
1122 2163 1203 2190 quem
1231 2157 1258 2183 in
1274 2156 1446 2186 Hollandiant
1469 2159 1589 2190 Budaeus

774 2204 795 2231 ο
810 2197 947 2229 attulerat,
963 2203 990 2225 et
1002 2199 1028 2226 in
1041 2207 1096 2234 quo
1111 2200 1169 2228 haec
1179 2200 1301 2236 Epistula
1325 2204 1370 2230 uni
1389 2212 1423 2231 ex
1438 2204 1588 2239 Ignatianis

809 2242 911 2276 absque
927 2243 1005 2271 titulo
1019 2249 1046 2272 et
1059 2246 1192 2281 principio
1202 2249 1382 2283 connectitur,
1397 2258 1427 2277 se
1439 2251 1589 2279 adornasse

809 2288 932 2314 testatur.
950 2287 1027 2320 Quod
1044 2297 1110 2317 sane
1123 2298 1223 2326 magno
1236 2293 1316 2321 nobis
1331 2294 1432 2322 indicio
1447 2301 1491 2323 est
1514 2297 1588 2324 hunc

807 2338 890 2358 manu
904 2337 1045 2361 exaratum
1056 2335 1176 2363 codicem
1191 2345 1243 2365 non
1257 2338 1340 2366 alium
1357 2347 1417 2368 esse
1427 2349 1442 2368 a
1453 2342 1542 2376 primo
1552 2350 1586 2370 ex

806 2375 841 2404 iis
855 2377 944 2406 tribus
956 2380 1034 2414 queis
1046 2379 1172 2409 Vossium
1188 2383 1216 2410 in
1231 2385 1386 2412 accuranda
1405 2375 1585 2415 suaeditione

806 2428 887 2449 usum
907 2430 969 2451 esse
989 2425 1119 2454 diximus.
1136 2427 1271 2456 Caeterum
1296 2430 1405 2465 utrique
1422 2430 1537 2460 Vossius
1558 2438 1586 2461 et

805 2467 930 2504 Moynius
941 2477 994 2497 non
1006 2472 1087 2499 aliam
1102 2474 1254 2501 versionem
1266 2474 1401 2509 Latinam,
1417 2484 1501 2512 quam
1516 2479 1584 2506 anti-

804 2515 939 2549 quiorem,
957 2524 972 2543 a
989 2516 1117 2545 Menardo
1133 2519 1270 2547 inventam
1283 2525 1310 2548 et
1320 2521 1490 2558 adornatam,
1501 2528 1583 2558 atque

803 2568 819 2588 a
830 2560 961 2590 Dacherio
973 2564 1072 2591 editam
1090 2565 1280 2594 adhibuerunt.

1058 2632 1255 2661 ARTICULUS
1273 2634 1331 2662 XII.

852 2677 891 2705 De
900 2679 969 2705 notis
979 2683 1004 2705 et
1016 2678 1238 2706 observationibus
1252 2680 1279 2707 in
1290 2680 1357 2707 hanc
1368 2681 1524 2717 Epistolam.

835 2734 940 2769 Singuli
964 2736 1061 2763 harum
1088 2736 1238 2764 editionum
1271 2743 1394 2767 auctores
1430 2739 1578 2775 Epistolam

799 2780 873 2807 illam
898 2781 971 2808 notis
997 2785 1024 2808 et
1047 2781 1285 2811 observatioriibus
1313 2784 1370 2812 suis
1394 2784 1576 2813 illustrarunt.

798 2825 873 2859 Quas
887 2827 971 2854 edidit
985 2826 1142 2861 Menardus,
1168 2836 1207 2856 ea:
1221 2829 1277 2857 fere
1301 2838 1395 2858 omnes
1413 2831 1455 2859 vel
1467 2831 1500 2859 ad
1513 2839 1577 2860 cor-

796 2871 946 2901 rectionem
959 2872 1220 2910 explicationemque
1233 2879 1333 2910 textus,
1355 2876 1394 2904 vel
1410 2881 1439 2904 ut
1453 2877 1498 2905 illa
1514 2877 1577 2915 styii

1400 2923 1438 2953 22
