1916 3104
283 138 335 167 685

815 137 844 167 S.
866 136 1047 165 BARNABAS
1066 136 1282 167 APOSTOLUS.
1847 143 1890 170 681

281 208 341 229 esse
352 199 494 236 apostolici
505 199 647 235 probetur.
673 198 841 226 conducunt.
857 197 1008 227 Nonnullas
1023 202 1063 225 ta-
1077 199 1102 226 Α
1115 205 1238 228 ruerunt.
1251 201 1308 228 Cur
1318 209 1382 238 ergo
1393 202 1420 229 in
1434 200 1584 239 Scrlpturis
1598 203 1697 237 sacris,
1712 203 1812 239 quibus
1823 203 1893 231 Chri-

281 254 343 274 men
356 246 522 282 quandoque
533 245 666 273 admiscet
678 243 842 272 eruditionis
856 251 913 272 sua:
923 249 1016 277 testes,
1031 252 1063 271 ex

281 293 381 329 quibus
393 292 473 320 facile
487 291 623 326 intelligas
636 291 723 318 multo
736 291 924 326 perfectiorem
944 291 1065 319 futuram

281 341 368 368 fuisse
383 339 443 375 ejus
456 339 644 371 editionem,si
657 346 705 374 per
719 343 835 366 mortem
845 339 904 366 viro
916 343 971 366 tam
986 338 1065 367 docto

282 387 316 414 ad
332 386 490 414 umbilicum
505 385 578 413 illam
592 385 740 420 perducere
754 385 885 413 licuisset.

317 431 413 459 Nullus
443 429 540 458 Vossio
559 430 704 465 pauciores
724 429 919 465 brevioresque
944 430 971 457 in
994 430 1066 457 hanc

281 476 432 512 Epistolam
444 475 633 503 adnotatioues
648 475 747 506 edidit;
757 483 808 502 nec
819 475 863 503 ille
876 475 986 510 quidem
1002 482 1067 511 pro—

282 523 395 550 lixiores
409 521 497 549 facere
508 525 695 549 consueverat.
721 520 823 549 Omnes
846 520 903 548 fere
917 521 1066 549 correctio-

282 575 344 595 nem
372 571 461 595 textus
485 570 618 602 spectant.
643 566 783 600 Quaedam,
807 566 854 594 sed
881 567 1064 602 paucissimae,

282 614 414 649 quosdam
433 613 566 642 obscuros
581 612 657 640 locos
679 612 835 647 explicant;
861 617 943 648 atque
963 613 990 640 in
1005 612 1066 640 illa-

283 668 344 689 rum
369 660 507 696 praecipua
522 659 712 687 observatione
736 658 902 694 disputatur,
927 667 982 694 quo
1006 659 1065 694 spi-

282 714 380 735 narum
405 713 505 742 genere
520 713 621 733 corona
636 704 739 733 Christi
763 704 892 740 patientis
919 710 1063 741 compacta

282 753 373 782 fuerit.

317 798 366 826 His
384 798 469 826 multo
488 797 580 833 plures
599 796 791 832 longioresque
813 797 840 825 in
865 796 937 824 hanc
962 796 1066 832 Episto-

283 846 336 873 lam
359 843 609 876 animadversiones
630 850 643 870 a
658 842 793 870 Cotelerio
808 843 968 878 compositae
989 847 1065 871 sunt.

283 891 337 919 Sed
352 890 500 926 optandum
514 897 589 922 sane,
603 893 637 916 ut
651 889 678 916 in
693 888 727 917 iis
740 896 800 924 quae
811 897 864 916 non
876 888 968 917 minus
980 897 1063 925 quam

282 941 386 972 septem
403 943 486 971 supra
498 936 608 972 triginta
620 941 810 969 numerantur,
822 935 863 962 vir
877 935 922 963 ille
939 935 1064 964 eruditus

282 985 316 1013 ab
331 984 453 1012 auctoris
473 990 559 1018 scopo
572 990 627 1010 non
643 982 681 1009 ita
702 988 775 1017 saepe
792 981 933 1016 digressus
947 980 1064 1016 fuisset,

281 1031 393 1066 suisque
408 1038 463 1058 non
479 1034 534 1057 tam
545 1029 625 1057 facile
644 1028 804 1056 indulsisset
816 1028 993 1064 coniecturis.

316 1075 442 1112 Moynius
466 1080 624 1111 postremus
648 1075 772 1103 omnium
791 1079 872 1101 notas
893 1073 1066 1102 observatio-

280 1129 384 1157 nesque
399 1121 549 1156 divulgavit
562 1120 590 1148 in
605 1121 676 1148 hanc
701 1120 863 1156 Epistulam,
883 1119 990 1147 caeteris
1006 1127 1066 1147 om-

280 1167 361 1196 nibus
376 1167 456 1203 longe
468 1166 634 1200 diﬂ'usinres,
651 1170 788 1201 tantaeque
800 1165 974 1201 prolixitatis,
989 1170 1019 1193 ut
1031 1165 1066 1193 ad

280 1214 367 1242 solam
381 1212 546 1241 eruditionis
560 1220 628 1246 suae,
640 1213 790 1248 prasertim
806 1210 957 1245 Hebraicae,
973 1216 1066 1240 osten-

282 1260 413 1289 tationem
442 1259 599 1295 compositae
621 1259 776 1286 videantur.
801 1257 880 1285 Nulla
904 1258 1005 1293 quippe
1024 1262 1066 1286 est

283 1306 448 1339 observatio,
464 1304 511 1332 ubi
527 1312 582 1333 non
601 1305 657 1332 sint
679 1303 875 1340 digressiones,
890 1308 918 1331 et
943 1311 1016 1339 saepe
1030 1312 1063 1332 ex

280 1351 347 1386 ipsis
368 1350 585 1386 digressionibus
601 1350 627 1377 in
641 1349 694 1378 alia
709 1349 739 1377 lit
750 1350 848 1377 iterum
862 1349 1013 1384 digressus,
1027 1350 1064 1378 ita

280 1401 311 1425 ut
327 1401 416 1425 textus
430 1397 561 1428 auctoris,
578 1396 649 1424 notis
664 1396 790 1429 obrutus,
813 1396 949 1424 lectorum
977 1396 1064 1424 oculis

279 1447 435 1471 evanescat.
449 1442 503 1470 Nec
524 1442 569 1470 ille
584 1442 695 1478 quidem
710 1442 764 1469 alia
779 1442 885 1470 ratione
896 1449 926 1470 se
941 1447 980 1470 tot
995 1447 1066 1470 tam-

280 1497 334 1525 que
355 1489 469 1517 ditl‘usas
495 1488 746 1516 animadversiones
772 1488 928 1524 publicasse
955 1489 1063 1520 innuit;

1116 251 1175 274 stus
1190 247 1400 282 praedicabatur,
1416 250 1585 285 exponendis
1596 255 1652 278 tam
1667 250 1784 286 turpiter
1796 258 1894 278 errasse

1115 293 1317 321 criminantur?
1334 293 1461 330 Nunquid
1476 296 1578 323 ultimae
1592 300 1694 323 nostra:
1711 295 1797 323 atatis
1814 295 1894 323 homi-

1116 346 1165 367 nes
1189 339 1216 367 in
1232 339 1265 367 iis
1279 340 1447 375 explicandis
1462 341 1600 369 doctiores
1615 346 1680 369 sunt.
1694 346 1722 369 et
1745 342 1886 373 acutiores.

1115 393 1198 420 quant
1215 385 1254 413 illi
1269 386 1316 421 qui
1332 387 1366 413 ab
1380 387 1511 422 apostolis
1526 387 1568 415 vel
1592 388 1627 415 ab
1640 395 1736 415 eorum
1761 388 1894 423 discipulis

1116 431 1234 466 suscepti
1249 437 1275 459 et
1287 432 1404 463 educati,
1420 433 1447 460 in
1459 441 1554 461 eorum
1571 434 1666 461 schola
1676 434 1818 462 scientiam
1831 434 1896 462 Scri‘

1115 483 1259 511 pturarum
1267 478 1440 505 didicerunt?
1452 479 1572 506 Caveant
1583 479 1779 507 inconsiderati
1791 479 1895 507 Patrum

1116 527 1300 557 accusatores,
1315 532 1349 551 ne
1363 531 1434 551 vano
1446 524 1571 552 litteralis
1582 532 1690 557 sensus,
1704 533 1786 560 quem
1802 525 1897 560 ubique

1116 569 1268 601 venditant,
1295 574 1439 605 praetextu,
1461 578 1476 598 a
1498 570 1588 598 littera
1608 571 1750 599 occidente
1766 571 1895 606 percussi,

1116 614 1143 641 in
1160 614 1290 642 caecitatis
1315 622 1449 649 errorem,
1464 623 1547 650 quem
1571 616 1634 644 aliis
1660 620 1763 644 temere
1779 616 1896 649 inurunt,

1116 660 1226 695 ipsimet
1236 660 1425 695 prolahantur.
1615 678 1629 687 ε

1151 705 1357 733 Observandum
1377 710 1508 741 praeterea
1526 712 1665 735 auctorem
1687 712 1813 735 nostrum
1825 716 1895 743 quat-

1115 752 1178 779 dam
1194 752 1339 787 utriusque
1350 751 1519 780 Testamenti
1530 753 1631 781 citasse
1655 754 1824 787 testimonia,
1840 762 1895 789 quae

1116 805 1178 825 cum
1195 798 1222 825 in
1241 799 1327 826 sacris
1339 799 1417 827 libris
1436 808 1489 827 non
1501 797 1682 835 reperiantur,
1697 800 1742 828 illa
1764 808 1778 827 a
1792 800 1896 828 Iudaeo-

1118 852 1177 872 rum
1204 844 1481 882 Christianorumque
1508 847 1701 875 traditionibus
1714 848 1897 883 desumpsisse

1116 891 1328 919 existimandum
1348 896 1399 920 est.
1424 892 1554 926 Quaedam
1570 901 1635 921 vero
1656 901 1691 921 ex
1713 899 1813 928 quarto
1833 894 1898 921 libro

1117 937 1209 966 Esdrae
1231 938 1366 973 protulit:
1385 939 1432 967 sed
1456 939 1533 966 illum
1556 940 1682 967 censoria
1707 939 1809 976 Moynii
1837 946 1896 968 nota

1116 983 1188 1011 male
1198 984 1320 1011 inustum
1340 992 1374 1012 ex
1391 984 1446 1018 his,
1460 993 1520 1020 qua:
1532 985 1565 1013 de
1578 986 1630 1013 hoc
1644 986 1748 1021 scripto
1760 986 1786 1014 in
1799 987 1895 1014 nostris

1116 1029 1150 1057 ad
1166 1029 1303 1058 Ambrosii
1315 1029 1403 1065 Opera
1416 1031 1652 1059 admonitionibus
1663 1031 1687 1047 '°
1700 1032 1897 1067 disputavimus

1116 1075 1205 1111 quivis
1225 1074 1305 1104 facile
1318 1076 1462 1112 intelligat.

1151 1121 1344 1149 Adnotandum
1358 1129 1469 1157 quoque
1485 1121 1520 1149 ab
1530 1126 1644 1150 auctore
1663 1127 1762 1150 nostro
1774 1123 1899 1159 antiquos

1116 1175 1169 1195 non
1186 1172 1292 1195 tantum
1309 1167 1452 1196 haereticos
1467 1167 1628 1203 expugnari,
1644 1168 1692 1195 sed
1706 1167 1790 1195 etiam
1807 1169 1898 1203 impios

1115 1212 1202 1240 nostri
1214 1212 1306 1240 saaculi
1323 1211 1496 1245 Socinianos,
1513 1216 1608 1240 contra
1630 1220 1701 1248 quos
1711 1213 1817 1241 Christi
1832 1214 1897 1241 divi-

1116 1258 1189 1286 nitas
1203 1258 1230 1285 in
1243 1259 1295 1286 hac
1308 1257 1430 1293 Epistola
1445 1258 1625 1286 invictissime
1642 1259 1788 1286 asseritur.

1151 1303 1248 1332 Nonne
1262 1304 1335 1331 enim
1347 1303 1386 1331 ibi
1406 1303 1545 1331 Barnabas
1560 1304 1636 1331 illum
1658 1309 1753 1339 aperte
1768 1310 1897 1332 terrarum

1116 1350 1264 1378 Dominum
1276 1350 1406 1386 appellat,
1424 1349 1554 1385 buncque
1577 1349 1725 1385 ipsummet.
1742 1359 1804 1379 esse
1821 1356 1899 1379 testa-

1115 1401 1171 1430 tur,
1187 1396 1231 1423 cui
1247 1403 1262 1422 a
1277 1394 1357 1422 Patre
1371 1403 1422 1423 suo
1435 1399 1538 1423 aeterno
1552 1399 1615 1423 ante
1627 1396 1722 1423 mundi
1734 1396 1898 1424 creationem

1115 1441 1218 1470 dictum
1233 1445 1276 1469 est
1289 1450 1296 1468 :
1312 1440 1457 1468 Faciamus
1471 1441 1602 1469 hominem
1617 1442 1652 1468 ad
1663 1441 1807 1477 imaginem
1828 1448 1854 1470 et
1866 1443 1900 1469 si“

1116 1487 1292 1515 militudinem
1303 1491 1420 1514 nostram
1432 1487 1444 1514 .9
1456 1486 1508 1515 Sed
1523 1491 1634 1522 praestat
1646 1495 1708 1514 eum
1731 1487 1825 1515 verbis
1846 1489 1901 1515 suis

280 1535 332 1562 nisi
349 1535 412 1570 quia
435 1539 566 1570 praerepta
582 1534 634 1562 sibi
650 1535 796 1562 occasione
820 1533 892 1570 typis
915 1533 1063 1561 mandandi
1078 1538 1103 1570 α
1117 1534 1270 1570 loquentem
1286 1534 1395 1561 audire:
1409 1533 1445 1560 Et
1457 1533 1492 1560 ad
1503 1533 1551 1560 hoc
1565 1533 1692 1561 Dominus
1706 1534 1837 1561 sustinuit
1849 1534 1901 1568 pati

279 1588 379 1608 novam
392 1580 509 1616 Operum
521 1579 641 1616 Josephi,
657 1588 738 1616 quam
749 1588 766 1608 a
776 1581 858 1616 longo
870 1585 992 1616 tempore
1005 1589 1065 1609 mo-

279 1627 397 1654 liebatur
412 1626 570 1660 editionem,
583 1626 714 1662 quidquid
732 1627 819 1662 magis
833 1627 982 1660 eruditum,
1005 1635 1062 1655 ma-

279 1673 377 1708 gisque
387 1672 528 1700 curiosum
540 1672 572 1700 ad
589 1680 648 1700 eam
674 1673 865 1708 perficiendam
893 1681 1064 1709 praeparave-

279 1724 333 1752 rat,
346 1719 398 1748 hoc
412 1719 439 1747 in
455 1723 535 1747 notas
548 1719 808 1755 observationesque
824 1728 889 1749 suas
914 1727 1063 1756 congeren-

278 1765 344 1793 dum
369 1772 430 1793 esse
449 1764 595 1800 putaverit.
612 1763 671 1792 Non
685 1766 888 1794 contemnimus
914 1766 965 1794 viri
990 1766 1063 1794 docti

278 1811 471 1844 eruditionem,
485 1810 533 1839 sed
552 1811 721 1846 prudentiori
734 1811 839 1847 judicio
852 1820 884 1840 ac
897 1812 964 1841 locis
975 1812 1064 1848 aptio-

278 1857 355 1886 ribus
366 1856 526 1885 collocanda
540 1861 608 1884 erat.

528 1924 727 1956 ARTICULUS
746 1925 815 1954 Xlll.

383 1982 465 2011 Novae
476 1982 667 2011 obseruationes
680 1984 706 2011 in
720 1984 786 2011 hanc
799 1983 956 2019 Epistulam.

314 2041 344 2069 Si
363 2042 428 2077 quid
445 2041 526 2070 nobis
543 2046 583 2069 tot
597 2047 706 2078 tamque
728 2042 844 2070 diversis
861 2043 1061 2071 observationi-

279 2088 329 2116 bus
343 2088 497 2116 addendum
511 2094 675 2123 superesset,
694 2088 850 2117 Christiana
867 2089 991 2117 libertate
999 2097 1062 2117 cum

277 2133 387 2168 Moynlo
402 2133 519 2168 aliisque
535 2134 673 2161 nonnullis
685 2133 718 2161 de
730 2141 825 2162 eorum
837 2135 1000 2162 conlidentia
1014 2143 1062 2163 ex-

277 2179 491 2215 postularemus,
508 2187 562 2214 qua
582 2184 609 2207 et
633 2184 771 2208 auctorem
796 2186 919 2208 nostrum
941 2187 968 2209 et
990 2182 1061 2208 anti—

277 2212 425 2260 quiSSimos
437 2212 566 2251 Ecclesiae
578 2224 724 2258 scriptores
737 2231 770 2252 eo
780 2229 908 2260 arguunt,
925 2225 988 2260 quia
1001 2225 1062 2260 plu-
1076 2212 1099 2240 Β

276 2277 322 2298 res
337 2268 442 2297 Veteris
455 2268 621 2297 Testamenti
636 2269 711 2296 locos
723 2269 755 2297 de
775 2268 871 2298 Messia
891 2270 1061 2306 interpretati

277 2315 343 2349 sint,
361 2322 431 2350 quos
457 2314 496 2342 illi
519 2314 552 2342 ad
576 2322 639 2342 eum
665 2315 780 2342 minime
793 2315 930 2350 respicere
943 2316 1061 2344 arbitra-

276 2361 387 2388 bantur.
408 2359 481 2388 Nihil
501 2360 574 2388 cnim
589 2360 641 2388 hac
657 2361 834 2388 accusatione
855 2361 934 2389 nobis
953 2362 1061 2390 videtur

275 2407 411 2442 iniquius,
432 2406 500 2434 nihil
515 2406 596 2442 plane
616 2406 774 2435 absurdius.
790 2407 906 2436 Constat
924 2409 1059 2443 siquidem

275 2453 416 2481 Christum
428 2452 561 2488 apostolis
574 2457 602 2480 et
613 2452 755 2488 discipulis
767 2453 824 2482 suis
840 2446 963 2488 sensum,
982 2460 1013 2484 ut
1024 2457 1062 2484 ait

276 2498 418 2535 Scriptura
432 2499 502 2535 ipsa,
515 2500 666 2534 aperuisse,
688 2505 718 2527 ut
742 2500 917 2537 intelligerent
939 2501 1061 2537 Scriptu-

275 2554 319 2574 ra;
332 2546 365 2579 '9,
378 2546 496 2573 maxime
507 2553 573 2573 vero
585 2546 647 2574 illos
659 2546 782 2581 ejusdem
798 2546 946 2583 Scriptura
971 2548 1059 2582 locos,

274 2592 321 2627 qui
337 2592 483 2620 adventum
495 2592 567 2627 ejus,
587 2595 714 2626 mortem,
727 2597 879 2629 cmteraque
893 2594 978 2629 ipsius
989 2594 1060 2623 facta

275 2637 504 2672 praenuntiabant.
519 2637 603 2673 Atqui
627 2638 743 2673 apostoli
757 2643 786 2666 et
802 2639 931 2674 discipuli
955 2639 1059 2668 Christi

274 2682 384 2710 eosdem
399 2682 547 2718 Scripturae
559 2690 668 2717 sensus,
682 2691 751 2718 quos
764 2692 779 2712 a
788 2685 882 2713 divino
892 2691 1059 2721 praeceptore

276 2735 326 2755 suo
338 2733 509 2763 acceperant,
526 2730 584 2757 suis
604 2738 714 2766 quoque
735 2731 888 2766 discipulis,
910 2732 938 2758 id
953 2739 996 2760 est
1009 2741 1059 2760 au-

276 2774 343 2801 ctori
355 2779 460 2808 nostro,
475 2775 591 2811 aliisque
605 2777 727 2812 ejusdem
740 2778 790 2806 aevi
801 2778 980 2813 scriptoribus
995 2787 1059 2816 ape-

1116 1588 1164 1615 pro
1192 1579 1283 1606 anima
1319 1583 1426 1611 nostra,
1453 1586 1512 1606 cum
1535 1579 1570 1606 sit
1596 1579 1666 1606 orbis
1695 1583 1830 1606 terrarum
1851 1579 1902 1606 Do-

1116 1628 1213 1660 minus,
1226 1625 1269 1653 cui
1288 1625 1358 1653 dixit
1368 1625 1412 1652 die
1421 1629 1482 1652 ante
1493 1625 1707 1652 cattstitutionem
1718 1626 1843 1653 sa-culin
1852 1625 1902 1652 Fe-

1116 1673 1218 1700 ciamus
1242 1672 1372 1699 hominem
1384 1671 1418 1698 ad
1433 1670 1574 1706 imaginem
1593 1674 1618 1697 et
1633 1670 1841 1698 similitudinem
1858 1679 1901 1698 no-

1115 1723 1209 1747 stram.
1218 1728 1227 1744 ι

1151 1765 1221 1798 Quid
1236 1771 1301 1792 vero
1320 1764 1392 1799 quod
1410 1763 1480 1791 idem
1506 1766 1604 1790 auctor
1625 1767 1720 1790 noster
1741 1770 1800 1790 non
1824 1762 1901 1790 modo

1115 1812 1199 1840 solem
1213 1819 1276 1846 opus
1291 1818 1418 1837 manuum
1437 1810 1505 1845 ejus,
1522 1810 1625 1837 scilicet
1639 1809 1757 1838 Christi.
1782 1809 1900 1836 asserit:

1115 1859 1161 1886 sed
1176 1858 1202 1885 in
1218 1857 1278 1892 ipso
1290 1860 1317 1884 et
1328 1860 1438 1892 propter
1449 1857 1538 1892 ipsum
1546 1863 1607 1884 esse
1619 1856 1710 1884 omnia
1727 1855 1834 1882 diserte
1843 1862 1901 1889 pro-

1115 1903 1242 1931 nuntiat:
1259 1901 1348 1929 Habes
1363 1903 1454 1934 etiam,
1479 1901 1578 1936 inquit,
1598 1901 1626 1927 in
1639 1900 1687 1927 hoc
1696 1899 1815 1935 gloriam
1829 1900 1899 1931 Im.

1114 1948 1183 1985 quod
1202 1949 1230 1976 in
1242 1949 1300 1984 ipso
1314 1953 1376 1975 sunt
1387 1947 1487 1980 omnia,
1499 1951 1523 1974 et
1534 1947 1562 1974 in
1572 1946 1670 1982 ipsum.

1151 1994 1273 2030 Denique
1286 2001 1320 2021 ne
1335 1994 1414 2029 plura
1439 1993 1492 2020 alia
1511 1993 1613 2028 passim
1630 1992 1658 2020 in
1673 1992 1758 2020 haece
1780 1991 1900 2028 Epistola

1113 2041 1198 2070 simili
1213 2040 1295 2068 modo
1311 2039 1412 2068 dictata
1433 2047 1625 2074 congeramus,
1648 2039 1675 2066 id
1690 2043 1802 2066 tantum
1829 2039 1900 2074 juvat

1113 2086 1291 2121 subjungere,
1306 2093 1360 2121 quo
1372 2085 1500 2113 Christus
1522 2084 1550 2111 in
1562 2084 1693 2112 cordibus
1708 2085 1828 2118 uestris,
1845 2089 1901 2111 tau-

1113 2140 1196 2169 quam
1217 2132 1246 2160 in
1260 2131 1369 2167 templis
1380 2130 1436 2159 Deo
1450 2131 1617 2159 consecratis
1633 2130 1756 2158 habitare
1776 2130 1880 2158 dicitur
1894 2139 1900 2155 :

1114 2179 1184 2212 Quia
1196 2179 1332 2214 oportebat
1346 2186 1406 2205 eum
1421 2177 1449 2205 in
1464 2184 1544 2204 carne
1559 2184 1695 2212 apparere,
1703 2181 1729 2204 et
1740 2176 1867 2203 habitare
1877 2177 1901 2202 is

1113 2225 1188 2252 nobis
1198 2233 1208 2258 ;
1225 2224 1350 2258 templum
1365 2224 1436 2251 enim
1445 2228 1579 2256 sanctum,
1594 2223 1691 2257 fratres
1707 2222 1771 2256 mei,
1789 2222 1901 2250 Domino

1113 2278 1151 2300 est
1164 2271 1293 2300 habitatio
1308 2271 1395 2298 cordis
1409 2270 1502 2297 nostri.

1149 2318 1216 2352 Quis
1226 2322 1330 2351 autem,
1341 2316 1440 2344 amabo
1454 2321 1489 2348 te,
1508 2315 1560 2342 nisi
1574 2315 1631 2350 jam
1648 2313 1830 2349 pratjudicata
1844 2313 1901 2349 opi~

1112 2365 1195 2393 nione
1217 2365 1298 2400 plane
1315 2363 1468 2392 obcazcatus
1487 2363 1581 2394 homo,
1607 2368 1708 2396 negare
1723 2361 1830 2389 audeat
1848 2361 1901 2388 haec

1113 2411 1205 2439 omnia
1217 2411 1251 2438 ab
1263 2415 1376 2438 auctore
1390 2413 1485 2437 nostro
1494 2415 1548 2435 non
1561 2408 1595 2434 de
1608 2407 1663 2434 alio
1678 2407 1764 2434 scribi
1781 2414 1903 2442 unquam

1112 2458 1244 2492 potuisse,
1262 2456 1315 2484 nisi
1332 2456 1365 2484 de
1379 2462 1446 2483 vero
1470 2460 1655 2491 germanoque
1673 2453 1721 2481 Dei
1745 2453 1834 2487 Filio,
1859 2451 1900 2487 qui

1112 2504 1235 2539 ejusdem
1249 2503 1361 2530 omnino
1376 2509 1439 2530 cum
1454 2500 1534 2529 Patre
1548 2508 1598 2528 suo
1621 2501 1657 2528 sit
1671 2505 1779 2527 naturae
1795 2504 1825 2527 et
1838 2499 1901 2527 sub-

1112 2550 1230 2583 stantiae,
1239 2549 1346 2585 ipsique
1361 2548 1479 2584 perfecte
1492 2547 1628 2582 planeque
1640 2546 1817 2573 coaeternus?

1147 2594 1427 2624 Animadvertendum
1449 2593 1568 2628 denique
1592 2591 1663 2619 hanc
1675 2592 1800 2619 auctoris
1816 2589 1900 2618 nostri

1113 2641 1263 2677 Epistolam
1275 2641 1308 2668 ad
1315 2647 1366 2668 nos
1373 2640 1505 2674 integram
1513 2645 1567 2665 non
1577 2637 1749 2672 pervenisse:
1763 2636 1899 2671 siquidem

1113 2687 1198 2715 αι·ωοί
1207 2687 1317 2714 codices
1325 2683 1505 2718 manuscripti
1519 2681 1597 2710 titulo
1605 2685 1632 2708 et
1643 2680 1782 2716 principio
1795 2683 1898 2708 carent,

1111 2734 1291 2770 pluribusque
1306 2735 1413 2760 scatent
1432 2729 1540 2762 erratis,
1557 2735 1619 2763 quae
1630 2727 1685 2755 nisi
1709 2727 1830 2754 aliorum
1852 2731 1899 2758 ope

1111 2780 1237 2808 codicum
1259 2777 1399 2807 emendari
1424 2784 1481 2805 non
1504 2777 1619 2811 queunt.
1637 2772 1667 2801 ln
1690 2773 1785 2802 codice
1801 2771 1898 2801 Latino

310 2853 334 2870 ’⁸
348 2852 413 2881 Luc.
429 2862 503 2888 utr,
515 2855 560 2882 45.
599 2855 621 2872 ⁸⁸
640 2855 778 2883 Admonit.
790 2857 819 2885 in
833 2857 879 2885 lib.
895 2856 924 2885 S.
939 2857 1066 2887 Ambros.
1082 2858 1120 2887 De
1134 2857 1194 2886 bon.
1214 2862 1294 2886 mort.
