1916 3104
29 172 68 198 ϐΧξ

663 159 918 189 PROLEGOMENA
923 182 929 188 .

1567 159 1619 186 (536

28 220 189 259 secunda‘pars
202 222 332 258 Epistolze
347 222 452 255 deﬁcit;
479 221 575 258 prima;
588 227 654 248 vero
668 219 777 247 additus
792 223 815 251 Α
830 219 925 247 Grch
952 219 1097 252 habentur,
1121 219 1156 246 ab
1175 219 1235 254 ipso
1247 220 1431 255 prmtcrmissa
1455 220 1532 248 sunt:
1546 220 1620 254 Qua-

27 276 57 298 est
69 270 127 302 tiais,
137 269 208 303 quasi
225 268 293 295 nihil
308 268 426 303 amplius
439 266 618 294 desideretur.
627 264 711 292 Vetus
725 273 776 291 au-

27 322 66 344 tem
78 316 194 350 interpres
209 313 325 341 Latinus
353 321 408 340 nun
434 312 527 340 omnia
555 311 675 338 auctoris
691 311 775 337 verba

27 361 127 394 reddidit,
152 365 177 388 ct
191 360 322 388 nonnulla
346 359 485 394 aliquibus
507 360 533 385 tn
558 357 637 390 locis,
663 365 724 392 quae
745 357 773 383 in

31 456 154 465 ’.κέ-

829 267 939 298 propter
953 262 998 289 illc
1012 263 1054 290 νει
1064 263 1090 289 in
1101 263 1227 290 mutilum
1240 264 1363 292 codicem
1379 265 1486 299 incidit,
1498 265 1542 292 vel
1558 265 1620 292 data

828 318 911 345 opera
927 310 1051 345 quaedam
1063 310 1166 343 omisit,
1180 311 1221 338 vel
1237 311 1354 347 denique
1367 312 1488 340 auctoris
1500 313 1543 340 sui
1562 319 1622 340 seu-

827 363 887 383 sum
902 363 956 382 ιιοη
974 360 1116 383 assecutus
1126 360 1176 383 est.

767 510 851 555 Vl.

62 598 318 641 (GALLANDIUS,
341 601 403 632 Vel.
417 600 508 631 Patr.
525 599 737 636 Bibliotheca,
756 601 777 629 t.
793 598 820 635 1,

240 680 356 710 CAPUT
376 680 522 709 PRIMUM.

25 748 79 775 Nam
91 745 116 776 S.
127 749 259 776 Barnabas
276 754 369 777 aitctor
384 750 418 776 sit
434 749 563 784 Epistolaa
583 756 642 784 quia
661 747 708 774 sub
720 747 778 782 ejus

49 785 134 813 nomine
154 785 350 819 circumfertur.
380 785 499 812 Clemens
524 784 722 819 Alexandrinus
753 787 778 809 et

49 819 154 854 Origenes
162 827 217 849 eam
232 818 361 847 Barnabre
373 825 503 847 asserunt.
516 819 693 853 Hieronymus
705 818 777 854 item,

47 852 110 888 cujus
121 856 294 890 testimonium
306 856 460 882 edisseritur
472 860 550 890 atque
561 852 703 882 exstruitur.
720 852 777 879 Eu-

48 890 102 916 sebii
115 889 281 918 Cwsariensis
294 890 367 918 locus
382 887 522 926 expensus.
794 887 816 914 Β

47 955 106 984 lnter
120 958 300 987 vetustissima
331 958 423 985 szeculi
442 965 451 985 ι
470 957 656 985 ecclesiastica
681 964 779 984 monu-

22 1008 102 1036 menta,
115 1004 219 1036 tertium
247 1005 337 1032 locum
364 1007 481 1039 occupat
503 1003 625 1038 Epistola
643 1010 705 1038 qua:
729 1002 781 1030 sub

22 1047 43 1075 S.
56 1048 171 1077 Barnabaa
181 1051 293 1078 nomine
308 1049 509 1078 circumfertur.
527 1049 565 1077 De
581 1053 694 1076 auctore
705 1048 779 1076 haud

21 1102 61 1121 una
73 1099 109 1122 est
123 1096 285 1132 scriptorum
299 1100 356 1123 tum
376 1100 499 1123 veterum
520 1099 577 1122 tum
597 1094 779 1122 recentiorum

21 1142 140 1169 sententia.

47 1186 76 1214 llt
88 1193 169 1216 autem
182 1189 248 1217 hinc
268 1188 444 1217 exordiamur
455 1209 463 1222 ,
479 1188 579 1216 sarculo
600 1195 619 1214 ιι
640 1187 782 1215 desinente

20 1231 122 1261 Clemens
134 1234 333 1263 Alexandrinus
347 1234 484 1270 plerisque
501 1234 526 1261 in
546 1234 625 1266 locis,
640 1241 722 1268 supra
738 1233 782 1260 in-

20 1283 51 1305 ter
59 1285 166 1307 veterum
180 1281 338 1308 testimonia
352 1281 457 1314 relatis,
471 1280 541 1307 hanc
552 1279 702 1314 Epistolam
715 1286 782 1306 con-

19 1329 101 1352 stanter
121 1325 250 1355 Barnabie
269 1326 401 1358 attribuit,
413 1330 440 1352 et
453 1325 563 1360 quidem
578 1323 707 1358 apostolo,
721 1323 781 1350 testi

19 1371 153 1405 apostolico,
168 1373 213 1399 uni
241 1379 274 1399 ea;
297 1379 348 1398 Lxx
371 1371 478 1397 Domini
498 1369 637 1404 discipulis
659 1374 687 1397 et
700 1368 781 1396 Pauli

19 1414 126 1448 adjutori,
141 1421 170 1444 ut
183 1417 300 1452 ipsemet
315 1424 377 1444 cum
393 1416 521 1451 appellat.
538 1415 609 1449 Quin
621 1420 649 1443 et
664 1415 693 1442 in
705 1415 782 1442 libris

23 1460 222 1494 Ὑπυτυπώσεων,
247 1461 365 1489 Eusebio
386 1466 454 1489 teste
470 1461 545 1494 ³¹-”,
560 1460 781 1495 compendiosam

18 1504 70 1533 Novi
82 1506 241 1536 Testamenti
262 1507 464 1542 Scripturarum
476 1506 677 1534 enarrationem
702 1505 782 1533 iusti-

839 598 998 636 Venetiis,
1016 599 1103 635 1765,
1122 598 1247 636 in-fol.,
1266 603 1403 641 Proleg.~.
1425 609 1455 642 p.
1477 603 1577 642 nix.)

834 678 896 706 piris
912 678 1061 705 illustribus
1077 679 1171 711 edidit,
1186 679 1218 706 de
1233 678 1293 713 ejus
1304 677 1433 712 Epistola’.
1443 676 1618 708 auctoritate,

833 732 887 752 non
903 732 993 752 autem
1004 725 1037 752 de
1051 730 1173 758 auctore,
1187 725 1266 752 aliter
1278 724 1419 752 censuisse
1433 723 1616 750 existimatur.

833 771 879 800 Sic
894 773 966 800 enim
991 772 1028 799 ibi
1040 773 1082 799 ³⁸;
1102 772 1240 800 Barnabas
1264 772 1389 808 Cyprius,
1409 771 1455 807 qui
1474 775 1499 797 et
1521 770 1618 802 Ioseph

832 818 950 851 Levites,
978 827 1037 846 cum
1063 819 1148 846 Paulo
1170 819 1286 854 gentium
1305 819 1439 853 apostolus
1458 818 1596 844 ordinatus
1609 837 1618 851 ,

831 875 912 893 unam
933 866 968 893 ad
988 867 1192 901 wdi/icatiouem
1211 866 1338 894 Ecclesia:
1361 866 1531 901 pertinentem
1551 865 1618 900 Epi-

831 915 928 939 stolam
953 913 1111 946 composuit,
1127 921 1185 947 quia
1199 913 1268 939 inter
1288 912 1452 947 apocrypha:
1470 912 1618 946 scripturas

831 959 938 994 legitur.
955 958 1040 992 Quem
1058 959 1084 986 ili
1100 959 1189 986 locum
1206 959 1273 986 scite
1289 957 1485 986 Pearsouius"
1499 967 1506 984 :
1522 966 1532 983 ι
1547 957 1618 984 Bar-

831 1005 907 1032 nabw
921 1004 1070 1039 Epistolam
1083 1004 1169 1032 fuisse
1184 1004 1267 1031 tradit
1283 1003 1330 1036 (S.
1345 1003 1544 1039 Hieronymus)
1560 1011 1617 1030 non

831 1050 885 1084 ipsi
901 1049 1115 1084 supposititiam,
1133 1054 1180 1077 aut
1197 1049 1333 1084 spuriam;
1358 1049 1393 1075 ad
1414 1049 1618 1083 cediﬁcationem

832 1094 958 1123 Ecclesia:
976 1096 1134 1130 pertinuisse
1149 1095 1244 1123 asserit
1258 1104 1265 1128 ;
1282 1102 1335 1122 non
1356 1095 1448 1130 itaque
1462 1094 1617 1122 haereticam

831 1142 959 1176 putavit:
979 1141 1073 1167 lectam
1088 1145 1178 1168 tamen
1197 1142 1266 1168 inter
1285 1141 1450 1176 apocrypha:
1470 1141 1618 1176 scripturas

831 1187 921 1220 docet,
937 1194 987 1214 nec
1002 1186 1037 1213 ah
1051 1186 1173 1214 Ecclesia
1188 1187 1358 1221 repudiatam
1372 1187 1472 1214 innuit.
1485 1195 1495 1212 ι

867 1231 946 1265 Quod
964 1236 1055 1259 autem
1073 1231 1255 1268 Ilieronymus
1272 1232 1420 1268 Epistolam
1440 1232 1571 1260 Barnabae
1585 1232 1618 1260 ad

832 1278 1004 1314 apocryphas
1018 1278 1169 1313 scripturas
1195 1279 1340 1311 amandet,
1365 1286 1421 1306 non
1447 1286 1535 1314 usque
1549 1279 1619 1306 adeo

832 1325 971 1360 negotium
987 1323 1125 1353 facessere
1135 1325 1226 1358 debet,
1238 1329 1268 1352 ut
1279 1325 1373 1353 statim
1389 1325 1541 1352 adulterina
1553 1332 1618 1352 ceno

833 1371 916 1399 senda
944 1371 996 1402 sit.
1025 1371 1133 1407 ipsique
1161 1371 1287 1406 apostolo
1310 1370 1509 1407 abjudicanda;
1536 1378 1619 1406 quam

832 1422 928 1445 contra
952 1416 1038 1445 fuisse
1051 1418 1085 1445 ab
1109 1425 1142 1445 eo
1169 1417 1350 1452 compositam
1371 1417 1516 1452 perspicue
1538 1415 1620 1444 tradit

833 1466 945 1491 sanctus
975 1463 1081 1491 doctor.
1106 1462 1190 1498 quue
1212 1467 1242 1490 ut
1269 1462 1369 1490 clarius
1393 1462 1483 1490 adhuc
1508 1466 1619 1497 pateat,

833 1509 958 1544 exemplo
970 1509 1122 1537 illustrabo.
1134 1509 1245 1545 Legitur
1258 1509 1284 1536 in
1299 1509 1413 1537 Decreto
1425 1509 1569 1537 Gelasiano
1577 1508 1598 1525 "
1611 1517 1618 1535 :

18 1558 81 1580 luens
89 1554 153 1581 idem
163 1554 301 1586 Clemens,
311 1554 441 1582 Barnabas
454 1554 517 1581 item
528 1553 675 1588 Epistolam
687 1559 733 1580 eas
742 1552 783 1579 in-
796 1555 818 1586 C
836 1555 957 1583 Historia
966 1556 1074 1583 Eusebii
1084 1555 1219 1591 Pamphili
1228 1556 1387 1591 apocrypha.
1397 1556 1480 1589 Cedo,
1490 1555 1621 1583 statuitne

18 1602 49 1625 ter
59 1602 190 1628 recensuit.
203 1600 311 1628 Alicubi
324 1607 413 1628 tamen
427 1600 566 1635 presbyter
580 1598 782 1626 Alexandrinus

17 1647 140 1674 consilium
155 1652 279 1675 mutasse
301 1647 430 1674 videtur:
452 1647 516 1673 dum
533 1645 605 1674 enim
627 1653 661 1673 ex
686 1645 781 1672 eadem

18 1691 118 1727 Epistula
144 1694 275 1722 nonnulla
297 1693 444 1727 delibat”,
460 1693 593 1720 Barnaha:
617 1691 780 1720 sententiam

17 1737 132 1767 interdum
156 1740 281 1776 respuit;
306 1739 432 1775 quamvis
457 1739 524 1766 tanti
549 1738 601 1765 viri
631 1736 781 1765 reverentia

16 1788 98 1819 tactus,
111 1787 167 1822 ejus
179 1787 285 1814 nomini
296 1790 400 1822 parcat,
413 1791 443 1813 ut
457 1790 520 1821 post
529 1784 695 1812 Cotelerium
715 1783 781 1811 Pot-

15 1834 77 1860 terus
91 1834 240 1862 admonuit.

44 1878 196 1907 Clementem
223 1879 442 1908 Alexandrinum
474 1882 667 1913 prazccptorem
701 1884 781 1904 suum

16 1930 110 1953 secutus
131 1925 281 1961 Origenes,
305 1925 378 1953 circa
402 1924 521 1952 medium
546 1923 638 1951 saeculi
662 1931 710 1954 Ill,
727 1930 782 1949 non

16 1970 88 1997 solum
99 1979 113 1999 a
124 1971 249 1999 Barnaha
263 1971 392 2006 scriptam
404 1971 508 2006 putavit
517 1969 675 2004 Epistolam,
687 1976 782 1996 verum

15 2015 82 2042 etiam
104 2018 263 2045 catholicam
284 2016 416 2044 vocitavit
429 2036 436 2049 ,
453 2020 480 2044 et
498 2015 644 2051 Scriptum
670 2015 783 2042 nomine

16 2060 136 2096 insignivit
145 2064 177 2091 ³⁸.
192 2063 274 2096 Sunt,
290 2063 390 2098 inquit,
407 2067 534 2098 prtcterea
557 2062 636 2096 (sicut
649 2061 677 2088 in
692 2060 783 2088 multis

15 2107 142 2144 Scriptura»
167 2111 233 2138 locis
258 2110 514 2145 iuvenimus)etiam
538 2109 674 2144 utriusque
697 2107 782 2143 partis

15 2155 45 2180 rel
58 2157 185 2192 utriusque
207 2157 258 2184 vita
274 2156 390 2191 [autores
402 2155 511 2190 quidam
532 2160 557 2182 et
574 2155 710 2189 adjutores
735 2165 784 2183 an-

13 2201 64 2234 geli,
77 2207 127 2230 etc.
143 2203 252 2236 Quibus
272 2203 402 2229 nimirum
418 2202 508 2229 verbis
529 2200 563 2229 ad
586 2201 716 2236 Epistulae
731 2209 782 2229 no-

833 1601 877 1628 his
893 1601 983 1629 verbis
998 1605 1110 1629 sanctus
1130 1601 1253 1636 pontifex
1275 1601 1422 1629 Historiam
1442 1601 1553 1629 Eusebii
1572 1609 1619 1628 ec-

833 1647 1010 1675 clesiasticam
1029 1647 1159 1682 episcopo
1175 1648 1213 1675 illi
1229 1647 1391 1675 Cmsariensi
1408 1648 1494 1675 fuisse
1514 1654 1619 1682 suppo-

834 1693 934 1720 sitam?
947 1693 1058 1721 Minime
1075 1695 1198 1722 omnium
1213 1704 1220 1722 :
1234 1700 1262 1723 at
1283 1696 1310 1723 id
1324 1694 1499 1722 solummodo
1512 1693 1620 1721 edicere

834 1740 920 1767 voluit
934 1739 1071 1773 Gelasius,
1086 1741 1196 1769 Eusebii
1208 1741 1356 1769 Historiam
1368 1748 1422 1768 non
1437 1748 1498 1768 esse
1512 1739 1620 1775 publice

833 1784 861 1811 in
875 1784 996 1812 Ecclesia
1015 1785 1168 1820 legendam,
1185 1787 1249 1813 dum
1266 1786 1444 1822 apocrypham
1458 1784 1617 1813 declaravit.

833 1829 968 1858 Nimirum
984 1831 1066 1866 hujus
1083 1832 1158 1859 vocis
1174 1831 1333 1866 ἀπόκρυφα
1348 1833 1389 1859 vis
1407 1837 1434 1858 et
1448 1831 1522 1858 notio
1535 1831 1622 1866 probe

835 1877 960 1909 tenenda,
976 1880 1005 1903 ut
1026 1884 1069 1903 res
1087 1876 1253 1911 ejuscemodi
1276 1878 1327 1905 rite
1343 1877 1533 1912 expediantur.
1546 1875 1620 1903 Con-

834 1927 888 1950 stat
909 1923 983 1950 euim
1008 1923 1080 1950 inter
1095 1923 1234 1957 eruditos,
1261 1931 1355 1951 vocem
1377 1924 1457 1951 istam
1483 1931 1539 1951 non
1564 1931 1620 1950 uno

834 1976 917 1996 sensu
932 1968 1130 2004 accipiendam.
1143 1968 1209 1997 Rem
1226 1969 1287 1998 fuse
1301 1974 1448 2004 pertractat
1465 1969 1536 1997 inter
1550 1968 1620 1997 alius

835 2014 962 2042 Svicerus
976 2015 997 2034 ³⁸
1011 2024 1019 2046 ς
1036 2015 1082 2043 sed
1108 2016 1218 2044 brevius
1235 2017 1413 2051 exactiusque
1437 2016 1472 2043 cl.
1489 2015 1620 2043 Foutani-

834 2068 887 2088 nus
898 2060 941 2088 "2
962 2070 971 2086 ι
990 2061 1069 2096 Apud
1094 2065 1200 2090 veteres
1221 2061 1325 2094 Patres,
1347 2062 1451 2097 inquit,
1469 2062 1620 2097 apocrypha

833 2114 865 2134 ea
879 2114 942 2134 vere
958 2111 1033 2141 sunt,
1050 2115 1111 2142 quae
1125 2107 1261 2134 canonicis
1279 2112 1464 2143 opponuntur.
1478 2107 1547 2135 liinc
1561 2107 1619 2135 An-

834 2151 937 2179 nalium
966 2159 1065 2187 parens
1090 2151 1224 2180 Baronius
1241 2152 1275 2184 ⁸ο,
1304 2153 1454 2188 apocrypha
1481 2161 1536 2180 esse
1558 2153 1618 2187 ait,

833 2198 909 2233 quasi
923 2206 974 2224 non
990 2199 1189 2234 hagiographa;
1204 2207 1255 2226 non
1271 2203 1368 2232 tamen,
1384 2203 1413 2226 ut
1427 2209 1458 2227 ea
1472 2199 1618 2235 (Gelasius)

14 2251 65 2274 sine
78 2254 154 2284 caput
168 2249 202 2277 18
218 2250 335 2285 digitum
348 2249 497 2276 intendisse
510 2248 653 2284 Origenem
667 2248 762 2283 ιῑίιιιρι,
798 2243 820 2270 D
835 2244 867 2271 ab
884 2244 1004 2272 Ecclesia
1019 2245 1125 2272 omnino
1142 2246 1300 2281 proscribat.
1323 2247 1493 2282 Augustinus
1505 2247 1587 2274 tradit
1595 2246 1617 2262 “

40 2292 65 2320 In
72 2295 189 2322 eamdem
202 2302 286 2330 porro
292 2294 458 2321 sententiam
474 2293 507 2320 de
518 2293 643 2320 Barnaba
651 2292 780 2327 Epistola:

13 2343 107 2366 auctore
124 2332 213 2368 ivisse
233 2346 345 2374 quoque
368 2338 396 2365 S.
415 2337 612 2373 Hieronymum
634 2337 696 2373 jure
718 2337 780 2372 quis

12 2382 104 2417 dixerit,
118 2385 270 2413 Clementis
292 2384 408 2412 fortasse
432 2383 610 2411 Alexandrini
631 2383 673 2410 vel
691 2383 782 2418 potius

12 2430 120 2465 Origenis
142 2431 201 2459 sive
219 2430 386 2458 auctoritate
404 2429 461 2457 sive
476 2429 601 2464 exemplo
614 2434 780 2464 permotum.

12 2475 134 2511 Siquidem
148 2478 176 2504 in
194 2484 278 2512 opere
292 2475 328 2502 De
342 2475 561 2510 interpretatione
575 2475 710 2501 nominum
725 2474 781 2500 IIe-

12 2523 159 2556 braicorum,
184 2523 259 2550 inter
277 2520 344 2549 Novi
359 2521 527 2549 Testamenti
546 2521 632 2548 libros
651 2520 782 2555 Epistulae

10 2577 104 2605 quoque
123 2569 258 2597 Barnabzc
280 2568 370 2596 locum
394 2567 452 2602 ipse
471 2567 580 2595 dedisse
602 2567 780 2601 comperitur.

11 2614 74 2649 Opus
97 2616 161 2643 illud
183 2614 324 2643 scribebat
344 2614 439 2641 doctor
464 2613 603 2640 maximus
623 2620 695 2640 anno
716 2613 780 2640 388.

10 2657 127 2696 Deinceps
143 2666 222 2692 vero,
251 2665 325 2685 anno
340 2657 445 2685 scilicet
468 2657 531 2692 599.,
547 2665 602 2693 quo
617 2657 720 2685 librum
742 2657 781 2685 De

10 2757 78 2788 liis.

834 2297 864 2317 ea
885 2290 1009 2318 deuotari
1027 2291 1130 2317 nomine
1145 2292 1366 2327 apocryphorum,
1379 2301 1437 2327 qua:
1455 2292 1486 2319 ab
1499 2292 1619 2319 auctori-

836 2339 889 2361 tate
919 2336 1047 2362 canom‘ca
1071 2335 1194 2371 diligenti
1207 2337 1401 2364 examinatione
1424 2341 1525 2365 remota
1545 2342 1617 2364 sunt.

835 2379 937 2414 Duplex
953 2381 1026 2407 enim
1052 2384 1110 2408 erat
1137 2381 1294 2416 scriptura:
1313 2383 1449 2416 canonica,
1466 2383 1545 2418 cujus
1571 2390 1620 2409 au-

834 2429 893 2453 ctor
916 2425 1036 2460 Spiritus
1049 2432 1179 2460 sanctus;
1196 2433 1222 2455 et
1246 2429 1407 2463 apocrypha,
1428 2428 1507 2463 cujus
1524 2433 1620 2455 auctor

834 2472 916 2500 homo
931 2473 1018 2502 solus.
1033 2474 1079 2502 illa
1094 2475 1202 2510 publice
1218 2476 1246 2502 in
1259 2475 1401 2509 Ecclesia;
1422 2477 1481 2504 lucc
1498 2483 1553 2504 non
1570 2477 1619 2509 ita,

831 2518 884 2554 legi
900 2523 1016 2554 poterat.
1033 2521 1123 2554 Quare
1137 2522 1237 2550 librum
1253 2524 1431 2559 apocryphum
1448 2531 1520 2557 esse,
1546 2524 1618 2552 idem

834 2571 962 2593 censetur
981 2571 1065 2602 atque
1092 2569 1255 2596 auctoritate
1278 2578 1383 2603 carere,
1401 2581 1455 2608 qua
1471 2574 1575 2608 publice
1591 2574 1620 2600 in

835 2610 966 2646 Ecclesia,
983 2617 1012 2640 ut
1024 2614 1152 2640 canonica
1169 2614 1305 2650 leguntur,
1321 2617 1372 2651 legi
1388 2619 1486 2653 possit.
1498 2619 1619 2655 Duplicis

834 2657 906 2686 enim
925 2659 1032 2694 generis
1049 2661 1203 2696 apocrypha
1220 2660 1344 2691 Gclasius
1357 2670 1516 2697 enumerat,
1529 2665 1620 2696 ortho-

35 2723 89 2770 ξ¹;¹²
99 2724 211 2770 Euseb,
225 2730 296 2759 Hist.
310 2731 412 2770 acc/es"
427 2732 598 2770 lib._ercap.
610 2731 654 2770 li.
672 2731 716 2770 _”
726 2731 859 2770 Clement.
873 2732 963 2770 ᾼιςξξ,
977 2733 1097 2770 ΡιιιέιιαθἿ
1112 2734 1159 2761 lib.
1171 2742 1202 2765 ιι.
1214 2743 1274 2770 cap.
1290 2735 1332 2768 l0,
1346 2743 1372 2770 p.
1382 2736 1519 2767 22Ledit.
1529 2737 1619 2766 Orba.

127 2763 150 2805 ξι
164 2764 277 2800 Origen.
291 2787 300 2799 ,
312 2766 458 2805 Explanat.
476 2767 505 2793 in
516 2763 605 2805 Epist:
620 2767 745 2805 utiliora.
760 2775 779 2801 ι,
790 2767 836 2805 2}.
875 2768 897 2784 "
915 2763 1155 2805 Hierouqllevir.
1168 2763 1280 2804 illustri"
1295 2763 1356 2805 αήῇ
1372 2772 1398 2798 6.

14 2792 106 2839 Ῐρξάίς-
124 2792 230 2839 19421;
240 2792 892 2839 progressu;pagus."_=¥eei;.g:friécr.,
913 2792 1280 2839 ᾆῖῥξΧῖῖῖὲνῖἔέτῗῖὶὶέεἶ⁷
1294 2792 1411 2839 Elii}.
1434 2792 1518 2835 ’Αὲἐὶ

9 2831 103 2878 lfuini,
115 2831 225 2878 pfﬂASZ.
241 2831 459 2878 :_"hFo'n_tanin.,

40 2865 122 2902 Αυειζ
139 2869 176 2898 De
192 2870 273 2899 Civil.
288 2871 345 2907 Dei,
356 2872 403 2900 lib.
416 2865 462 2906 xv',
475 2873 593 2908 θαρρεῖ).

503 2836 658 2875 ἱὲι.-ᾼᾳιιὶι.
669 2858 677 2873 ,
704 2836 752 2866 lib.
769 2846 796 2872 v,
813 2843 873 2874 cap.
899 2836 1013 2874 ll,’§8,
1028 2846 1090 2875 pag.
1103 2839 1167 2868 554.

1221 2817 1272 2832 nes.
1294 2817 1370 2839 ecct.,
1387 2817 1411 2834 v.
1441 2817 1518 2835 Λποκ
1539 2817 1553 2834 υ
1576 2817 1615 2840 0;,

1221 2841 1244 2857 ⁸ο
1260 2841 1372 2876 Baron.,
1389 2843 1422 2871 ad
1437 2852 1482 2871 au.
1499 2817 1574 2882 bii:
1589 2844 1616 2872 9.
