1916 3104
265 147 317 176 687

839 147 870 175 S.
891 148 933 176 BA
938 148 1072 176 RNABAS
1091 148 1305 179 APOSTOLUS.
1831 154 1875 182 688

264 207 392 234 decorum
405 210 432 234 et
445 202 639 234 haereticorum.
652 202 715 236 llaec
727 206 840 234 omnino
863 207 1044 242 rejiciuntur:
1061 213 1082 239 Α
1100 207 1126 235 ἰη
1152 208 1314 243 praecedenti
1339 209 1426 244 capite
1453 214 1577 238 recenset
1593 210 1744 246 Epistulam
1764 210 1837 239 Iuda:
1853 217 1876 240 et

263 253 310 280 illa
324 252 466 280 canonicis
481 256 667 287 opponuntur,
683 257 711 280 et
733 253 842 288 publica
864 257 970 280 tantum
982 274 989 286 ,
1013 253 1049 281 oh

263 306 355 326 naavus
371 298 504 333 quosdam
517 319 525 332 ,
547 298 574 326 in
598 298 720 326 Ecclesia
736 299 852 326 lectione
872 299 1021 333 privamur.
1036 309 1046 325 ι

263 344 402 372 Hactenus
429 345 472 372 vir
496 344 632 372 eruditus.
661 344 755 379 Itaque
780 344 846 372 dum
867 344 1049 381 llieronymus

263 391 412 427 Epistulam
437 391 524 419 fuisse
548 399 563 418 a
589 390 713 418 Barnaba
742 390 922 425 compositam
943 391 1047 424 scribit,

261 445 320 473 qua:
336 438 405 464 inter
415 437 576 473 apocrypltas
591 438 736 472 scripturas
750 436 862 472 legitur,
887 436 947 471 ejus
966 437 1048 464 verba

262 485 302 512 sic
315 489 379 512 sunt
393 485 561 519 accipienda,
576 489 607 511 ut
623 492 686 511 vere
699 491 714 510 a
726 483 849 511 Barnaba
866 483 1047 518 compositam

261 530 410 565 Epistulam
432 535 578 563 assereret,
605 538 666 565 quae.
690 535 780 557 tamen
805 529 876 556 inter
898 529 1047 556 cauunieas

261 577 412 612 scripturas
427 577 540 604 minime
559 577 763 604 adnumeretur.
784 576 896 604 Fru’stra
914 576 986 603 enim
1006 580 1047 602 est

261 622 414 657 Basnagius
424 622 458 655 “,
482 622 546 649 dum
573 622 652 649 nobis
677 623 792 649 suadere
805 622 921 649 conatur
949 621 1046 648 llicro-

261 675 373 703 nymum
398 667 569 703 populariter
581 667 668 695 fuisse
682 668 803 695 locutum
820 673 847 695 et
867 667 938 694 tituli
954 667 1046 694 habita

261 713 381 746 ratione,
398 721 453 740 non
470 721 521 749 pro
539 713 578 740 rei
588 714 715 746 veritate,
728 714 793 741 dum
811 713 962 741 Barnabam
975 721 1046 740 cont-

260 760 378 794 posuisse
393 760 464 787 hane
477 759 626 795 Epistulam
645 760 743 788 litteris
758 760 879 788 tradidit.

296 805 424 833 Veterum
447 806 612 834 testimoniis
627 807 680 834 huc
694 814 780 842 usque
800 807 890 834 allatis
908 808 1045 836 contraire

259 852 368 879 videtur
395 851 546 886 Eusebius,
562 853 609 888 qui
634 852 764 880 Barnaba:
788 853 935 888 Epistulam
957 853 1044 886 νόθοις

259 903 384 927 accenset
394 899 427 926 “.
446 899 545 927 Verum
563 909 573 925 ι
598 900 762 935 improprie,
787 900 876 935 inquit
899 900 1041 934 Valesius,

257 946 310 973 hoc
322 953 422 972 nomen
435 951 549 980 usurpat
564 945 709 979 Eusebius,
722 953 771 980 pro
787 946 862 974 libris
878 947 981 975 scilicet
994 948 1041 984 qui

257 991 392 1027 ambiguae
406 997 470 1020 sunt
483 992 654 1021 auctoritatis
667 1002 673 1027 ;
697 1001 759 1021 cum
773 993 843 1020 νόθοι
859 994 912 1022 dici
926 994 1042 1022 debeant

257 1037 317 1064 libri
338 1038 494 1071 adulterini,
510 1043 537 1065 et
557 1038 591 1065 ab
612 1039 746 1067 haereticis
770 1040 889 1067 conﬁcti.
915 1040 993 1073 Quod
1013 1045 1042 1068 ut

257 1083 430 1112 manifestius
440 1090 579 1120 appareat,
592 1085 795 1121 intelligendum
811 1091 854 1115 est
868 1091 922 1115 tres
936 1089 1040 1122 species

255 1138 315 1158 esse
327 1130 459 1158 librorum
475 1139 628 1159 sacrorum.
641 1131 694 1159 Alii
710 1137 775 1160 sunt
791 1137 867 1160 extra
880 1139 1040 1162 controver—

256 1175 324 1203 siam
341 1176 398 1203 veri
422 1185 429 1204 :
453 1177 500 1204 alii
519 1181 596 1204 extra
621 1177 834 1205 controversiam
862 1177 943 1206 falsi:
969 1180 1040 1207 tertii

254 1226 318 1248 aunt
340 1221 374 1248 de
394 1221 495 1256 quibus
518 1221 589 1248 inter
608 1222 736 1256 antiquos
755 1222 913 1257 ambigitur.
940 1221 973 1249 lli
991 1230 1040 1258 po-

254 1267 348 1294 stremi
363 1266 434 1293 νόθοι
451 1267 505 1294 dici
520 1274 574 1294 non
590 1271 717 1302 possunt,
734 1275 797 1295 cum
815 1275 830 1295 a
845 1267 940 1295 multis
955 1268 1039 1295 habiti

253 1312 309 1339 sint
330 1319 379 1347 pro
399 1312 481 1340 veris.
504 1311 599 1340 Restat
612 1313 711 1348 igitur,
732 1317 763 1340 ut
787 1313 899 1341 secundi
914 1313 1040 1341 dicantur

253 1358 324 1385 νόθοι
347 1358 405 1385 sive
427 1358 584 1386 adulterini.
604 1368 614 1384 ›
638 1358 701 1387 Haec
728 1359 768 1387 vir
783 1359 828 1387 ille
850 1359 1038 1388 doctissimus.

253 1403 399 1430 Enimvero
422 1408 568 1439 postquam
594 1405 622 1431 ὲν
645 1406 701 1437 τοῖς
729 1405 816 1437 νόθοις
841 1404 926 1433 Actus
951 1404 1037 1440 Pauli,

253 1449 384 1477 Barnabas
411 1448 563 1484 Epistulam
602 1450 710 1485 aliaque
745 1451 876 1478 nonnulla
900 1451 1039 1480 retulisset

254 1494 407 1527 Eusebius,
434 1495 525 1523 statim
551 1496 663 1524 subdit:
681 1496 731 1523 His
754 1497 883 1532 adjunge,
904 1498 927 1525 si
950 1498 1037 1532 lubet,

251 1540 364 1568 Joannis
378 1541 582 1574 Revelationem,
597 1551 676 1577 quant
698 1544 818 1570 nonnulli
836 1551 869 1570 ex
887 1543 947 1571 albo
962 1544 1038 1572 Scri-

250 1593 390 1624 pturarum
408 1593 558 1623 «pungunt
569 1597 579 1621 ;
593 1589 641 1615 alii
661 1597 719 1616 vero
732 1589 800 1617 inter
818 1589 899 1617 libros
920 1591 1036 1617 omnium

251 1643 377 1662 consensu
400 1634 524 1669 probatos
546 1635 730 1662 adnumerant.
763 1634 953 1664 Verumtamen
977 1644 1037 1664 eer-

251 1686 309 1708 tum
325 1685 376 1713 est,
391 1680 486 1708 eodem
501 1680 619 1708 Eusebio
636 1686 703 1709 teste
716 1700 725 1714 ,
763 1681 952 1718 Apucalypsim
965 1690 1037 1710 nune

249 1734 332 1762 quam
348 1725 419 1754 inter
429 1726 515 1755 libros
527 1726 622 1758 νόθους
636 1727 694 1754 sive
708 1727 876 1755 adulterinos
889 1727 977 1756 fuisse
992 1735 1036 1756 re-

251 1771 343 1805 latam,
360 1770 407 1800 sell
424 1776 528 1799 tantum
543 1771 614 1800 inter
626 1779 675 1800 eos
688 1772 736 1808 qui
755 1772 957 1809 ἀντιλεγόμενοι
978 1774 1036 1802 sive

248 1818 324 1846 dubii
336 1817 518 1846 habebantur.
529 1817 599 1846 Cum
613 1818 695 1853 igitur
706 1818 872 1855 ἀκυρολογιᾳ
887 1819 931 1847 hic
943 1824 1035 1847 utatur

248 1864 393 1900 episcopus
407 1864 599 1898 Cmsaricnsis,
622 1864 732 1892 aliunde
753 1865 888 1893 sententia
910 1865 1034 1901 ejusdem

247 1912 289 1935 est
301 1908 457 1943 repetenda.
471 1907 543 1941 Quid
556 1907 654 1943 plura?
667 1907 802 1936 Eusebius
817 1909 946 1944 deinceps
959 1910 1033 1946 seip-

248 1961 309 1981 sum
323 1954 469 1981 emendat:
487 1954 611 1982 eamdem
627 1954 701 1981 enim
721 1953 854 1982 Barnaba:
871 1954 1032 1990 Epistulam,

247 2005 329 2032 quam
343 1999 426 2026 modo
441 1998 559 2026 vidimus
580 1999 614 2026 ab
629 2006 662 2026 eo
678 1999 766 2030 νόθοις
782 1999 953 2034 attributam,
969 2008 1032 2028 mox

246 2043 464 2080 ἀντιλεγομένοις
486 2044 610 2079 adjungit
632 2045 659 2071 in
686 2045 745 2072 hac
764 2045 846 2073 verba
857 2046 897 2073 ’δε
924 2046 1032 2082 Κέχρη-

245 2098 290 2116 ται
304 2090 326 2117 δ’
338 2091 365 2116 ὲν
379 2090 470 2121 αὐτοῖς
482 2090 529 2117 καὶ
540 2091 598 2122 ταῖς
610 2089 664 2116 ἀπὸ
674 2090 727 2117 τῶν
739 2091 951 2127 ἀντιλεγομένων
964 2101 1032 2128 γρα-

247 2135 304 2170 φῶν
320 2135 498 2172 μαρτυρίαις’
512 2136 562 2171 τῆς
579 2145 608 2162 τε
625 2136 774 2172 λεγομένης
793 2137 964 2173 Σολομῶντος
982 2139 1031 2165 Σο-

246 2180 325 2215 (plac,
354 2180 401 2206 καὶ
426 2180 478 2214 τῆς
497 2180 585 2215 Ἰησοῦ
610 2180 657 2207 τοῦ
684 2181 783 2217 Σιράχ·
811 2183 858 2209 καὶ
887 2182 937 2218 τῆς
963 2183 1031 2220 πρὸς

251 2225 391 2261 Ἐϐραίους
406 2226 548 2261 ἐπιστολῆς
558 2234 564 2241 ·
582 2227 631 2262 τῆς
645 2235 675 2253 τε
693 2227 830 2262 Βαρνάϐα,
845 2228 891 2254 καὶ
905 2229 1030 2265 Κλήμεν-

244 2279 300 2303 τος,
314 2271 361 2298 καὶ
375 2271 457 2298 Ἰούδα
474 2280 480 2298 ;
496 2271 529 2298 In
542 2272 633 2298 iisdem
646 2271 720 2298 libris
733 2273 938 2309 (Στρωματέων)
952 2275 1028 2309 a/fert

244 2318 393 2353 (Clemens)
408 2318 559 2344 testimonia
570 2317 776 2352 scripturarum,
789 2327 848 2353 ante
863 2327 879 2346 a
894 2321 1028 2348 nonnullis

243 2364 419 2399 repudiantur
430 2372 440 2391 :
453 2372 545 2399 nent]!!!
565 2373 597 2392 ea;
621 2364 760 2399 Sapientia
778 2364 939 2399 Salomonis,
958 2372 982 2393 et
996 2375 1028 2394 ea;

243 2417 274 2436 ea
286 2418 344 2445 qute
356 2410 454 2437 dicitur
479 2409 616 2445 Sapientia
628 2411 691 2438 Jesu
713 2412 764 2447 ﬁlii
788 2412 901 2440 Sirae/1:
916 2415 978 2441 item
994 2423 1027 2441 ea:

243 2453 365 2489 Epistola
377 2456 411 2482 ad
429 2454 568 2490 Hebraeos,
588 2462 614 2484 et
635 2464 668 2484 ex
682 2457 822 2485 Clementis
844 2467 875 2485 ac
896 2459 1026 2488 Barnabre

241 2501 381 2538 Epistolis.
396 2502 429 2530 Et
443 2503 525 2538 paulo
540 2508 602 2539 post
615 2504 658 2532 his
670 2506 776 2540 gemina
790 2505 901 2541 profert.
922 2506 974 2535 Ubi
988 2508 1023 2536 cl.

242 2548 368 2577 Valesius
382 2549 415 2577 ad
430 2557 488 2577 rem
500 2554 622 2578 nostram
635 2550 693 2579 haec
702 2551 832 2580 adnutat:
848 2562 857 2578 ι
869 2552 940 2581 Inter
951 2555 1025 2581 ἀντι-

241 2595 388 2631 λεγομέναις
403 2596 554 2631 scripturas
571 2596 715 2632 Eusebius,
732 2603 789 2626 tum
805 2599 858 2628 hoc
876 2599 948 2634 loco,
965 2605 1022 2628 tum

1101 255 1220 290 reliquas
1234 255 1303 282 alias
1317 256 1478 290 catholicas,
1494 257 1558 283 item
1572 256 1723 292 Epistulam
1735 257 1875 291 Barnahzeg

1099 308 1168 335 quas
1185 305 1276 328 tamen
1289 309 1370 329 nemo
1386 302 1457 329 inter
1474 303 1643 338 apueryphas
1659 303 1812 338 scripturas
1823 312 1877 331 me-

1099 347 1151 373 rito
1165 348 1343 375 recensuerit.
1360 357 1369 373 )

1134 391 1193 418 Non
1204 396 1247 419 est
1259 392 1350 427 itaque
1361 400 1411 419 cur
1421 391 1528 420 Eusebii
1542 394 1733 422 auctoritatem
1746 399 1878 430 tantopere

1099 440 1214 470 urgeant
1227 437 1351 464 nonnulli
1367 438 1532 466 recentiores
1551 439 1649 472 critici,
1663 448 1719 475 quo
1734 440 1877 475 Epistulam

1098 485 1221 507 nostram
1235 480 1367 510 Barnabze
1383 483 1551 517 abjudicent.
1573 483 1689 512 Tantum
1712 486 1786 512 enim
1808 486 1880 514 abest

1098 530 1128 553 ut
1142 526 1214 553 illam
1233 526 1369 554 Eusebius
1383 528 1504 562 spuriam
1516 550 1524 562 ,
1543 528 1736 563 adulterinam,
1757 531 1880 565 supposi-

1098 571 1185 598 titiam
1199 579 1260 599 esse
1272 573 1448 606 existimarit,
1463 579 1493 601 ut
1507 575 1624 602 maxime
1642 575 1726 602 etiam
1748 576 1879 609 integram

1098 617 1288 653 sinceramque
1308 619 1453 653 agnovisse
1479 620 1611 648 dicendus
1632 621 1688 654 sit;
1715 621 1816 657 quippe
1834 623 1879 657 qui

1096 671 1156 691 eam
1173 670 1314 693 recenseat
1328 666 1397 693 inter
1414 666 1497 694 libros
1517 667 1752 702 ἀντιλεγομένους,
1770 669 1797 696 in
1814 678 1882 704 quu-

1096 717 1157 737 rum
1170 710 1232 737 albo
1246 711 1330 739 refert
1343 712 1426 740 etiam
1439 712 1463 730 "
1480 713 1630 748 Epistotam
1645 723 1704 750 quae
1721 715 1822 742 dicitur
1834 715 1882 742 Ja-

1096 756 1163 789 cobi,
1178 762 1201 784 et
1217 765 1276 792 qua:
1286 756 1375 790 ludar,
1388 763 1412 785 et
1424 759 1565 786 secundam
1581 760 1667 793 Petri;
1684 760 1799 788 Joannis
1819 762 1880 789 item

1096 802 1209 830 alteram
1222 807 1247 830 et
1262 804 1368 831 tertiam
1379 825 1386 837 ,
1401 813 1446 832 nec
1461 813 1512 832 non
1527 805 1675 841 Epistulam
1697 807 1732 834 ad
1754 807 1880 835 Ilcbra’os

1094 853 1119 876 et
1142 849 1339 885 Apocalypsim.
1361 850 1422 878 Uno
1447 852 1546 885 verbo,
1570 853 1603 880 de
1620 852 1748 888 Epistula:
1774 858 1880 881 tantum

1059 901 1079 928 Β
1095 897 1266 931 auctoritate,
1283 905 1348 925 num
1365 897 1468 926 scilicet
1482 898 1508 926 in
1521 906 1661 927 sacrarum
1674 899 1880 935 Scripturarum

1092 949 1196 970 canone
1211 943 1366 978 reponenda
1390 948 1480 978 esset,
1503 952 1565 972 cum
1591 946 1731 974 nonnullis
1754 952 1878 975 veterum

1092 988 1246 1024 ambigebat
1262 989 1408 1024 Eusebius,
1423 995 1454 1018 ut
1469 991 1594 1026 pluribus
1607 992 1709 1020 evincit
1729 992 1882 1021 Tillemon-

1094 1036 1148 1063 tius
1158 1035 1192 1063 “.
1217 1035 1323 1069 Quibus
1351 1037 1435 1066 addas
1456 1037 1605 1072 velim,ab
1629 1044 1741 1067 auctore
1769 1047 1882 1075 quoque

1092 1081 1293 1110 Stichometriae
1310 1090 1370 1118 qua:
1392 1082 1546 1118 Nicephoro
1565 1084 1618 1112 CP.
1641 1085 1791 1119 tribuitur,
1810 1087 1882 1114 inter

1091 1136 1139 1157 cas
1153 1129 1305 1164 scripturas
1327 1137 1387 1165 qua:
1406 1130 1604 1165 ἀντιλέγονται,
1620 1130 1753 1159 Barnabae
1768 1132 1882 1168 Episto-

1091 1174 1145 1201 lam
1169 1175 1317 1203 recenscri.
1343 1175 1414 1208 Quin
1439 1180 1467 1203 et
1485 1176 1513 1203 in
1544 1176 1655 1212 antiqua
1681 1176 1881 1206 Sticbometria

1092 1218 1189 1247 Latina
1203 1238 1211 1253 ,
1227 1219 1254 1247 in
1282 1219 1443 1255 praefatione
1466 1220 1501 1248 ad
1522 1220 1674 1248 llarnabam
1702 1229 1718 1248 a
1743 1222 1883 1250 Cotelcrio

1090 1266 1173 1298 edita,
1186 1266 1281 1294 eadem
1307 1266 1428 1301 Epistula
1450 1271 1512 1301 post
1532 1266 1680 1302 Epistulam
1698 1267 1776 1296 Judre
1797 1275 1882 1304 atque

1091 1317 1154 1341 ante
1177 1312 1293 1340 Joannis
1313 1311 1517 1341 Revelationem
1532 1318 1559 1341 et
1585 1313 1670 1342 Actus
1688 1315 1880 1350 apostolorum

1091 1358 1176 1386 relata
1189 1359 1369 1394 conspicitur.

1125 1403 1194 1431 Cum
1210 1404 1292 1440 igitur
1303 1412 1336 1432 ex
1355 1404 1603 1433 vetustissimorum
1619 1404 1734 1433 Patrum
1749 1406 1881 1434 testimo-

1090 1450 1143 1478 niis
1155 1455 1273 1485 constet,
1286 1450 1416 1486 Epistulae
1434 1455 1535 1479 nostra:
1548 1455 1688 1479 auctorem
1707 1451 1794 1480 fuisse
1809 1452 1883 1480 Bar-

1090 1497 1188 1524 nabam
1208 1496 1338 1533 Cyprium
1350 1519 1357 1531 ,
1370 1498 1534 1532 apostolum,
1557 1501 1652 1525 testem
1669 1499 1858 1533 apostolicum
1874 1521 1882 1531 ,

1089 1550 1174 1570 unum
1188 1550 1221 1571 ex
1235 1550 1288 1570 ux
1299 1542 1407 1570 Domini
1419 1543 1562 1579 discipulis
1578 1548 1604 1571 et
1614 1543 1691 1572 Pauli
1706 1545 1881 1580 adjutorem;

1089 1588 1116 1615 in
1134 1587 1250 1615 nihilum
1261 1588 1318 1615 abit
1332 1587 1481 1616 Christiani
1499 1587 1627 1616 Schotani
1639 1588 1814 1624 ﬁgmentum,
1829 1592 1881 1625 qui

1087 1634 1157 1661 duos
1172 1633 1311 1661 Barnabas
1322 1634 1465 1669 distinguit
1476 1634 1517 1668 ";
1540 1642 1656 1669 quorum
1676 1643 1685 1660 ι
1708 1635 1778 1662 alter
1793 1635 1885 1664 fuerit

1086 1686 1120 1706 ex
1132 1679 1307 1715 evangelistis
1321 1684 1348 1707 et
1359 1680 1506 1708 comitibus
1520 1680 1716 1715 apostolorum,
1730 1680 1801 1708 alter
1810 1689 1884 1708 vero

1086 1731 1102 1752 e
1117 1725 1324 1753 sublimioribus
1337 1726 1478 1761 apostolis,
1502 1726 1528 1753 id
1542 1730 1584 1754 est
1598 1727 1707 1761 proprie
1726 1726 1765 1754 ita
1782 1727 1884 1763 appel-

1086 1771 1159 1799 latis.
1178 1780 1188 1797 ι
1208 1771 1259 1799 Cui
1272 1771 1382 1806 quidem
1399 1771 1507 1800 erudito
1521 1772 1581 1800 viro
1598 1773 1655 1800 hac
1668 1772 1754 1801 isaaci
1782 1773 1882 1802 V'ossii

1085 1817 1168 1845 verba
1180 1818 1330 1853 regerimus
1338 1817 1361 1834 ⁵⁸
1374 1826 1381 1846 :
1400 1827 1410 1844 α
1424 1817 1500 1846 Unde
1513 1818 1607 1852 habes,
1620 1818 1719 1854 inquit,
1734 1820 1811 1855 quod
1820 1820 1884 1848 duo

1085 1864 1187 1892 fuerint
1205 1864 1337 1891 Barnabae
1359 1865 1430 1892 inter
1453 1865 1592 1899 apostolos
1610 1870 1657 1892 aut
1681 1866 1882 1901 apostolorum

1084 1910 1254 1946 discipulos?
1278 1909 1355 1938 Unde
1377 1911 1441 1939 item
1457 1911 1542 1939 habes
1561 1912 1634 1946 quod
1650 1919 1722 1939 unus
1737 1919 1773 1939 ex
1786 1913 1882 1940 subli-

1084 1956 1226 1991 mioribus,
1240 1957 1291 1985 boc
1303 1961 1345 1984 est
1360 1964 1375 1984 e
1389 1957 1532 1985 duodecim
1552 1957 1634 1985 fuerit
1653 1958 1802 1993 apostolis,
1818 1967 1882 1987 non

1083 2008 1172 2030 autem
1186 2011 1201 2031 e
1217 2011 1271 2030 ιιι
1285 2003 1437 2038 discipulis,
1455 2003 1494 2030 uti
1508 2003 1589 2030 habet
1604 2003 1733 2031 Clemens
1746 2003 1883 2032 Alexan-

1082 2050 1200 2078 drinus?
1217 2049 1273 2085 Ego
1286 2058 1352 2078 vero
1366 2051 1438 2085 quod
1454 2050 1562 2085 scripsi,
1579 2051 1604 2078 id
1619 2051 1709 2086 ipsum
1722 2053 1883 2080 conﬁrmat

1082 2094 1223 2129 inscriptio
1245 2094 1326 2129 hujus
1349 2095 1496 2130 Epistulae,
1521 2095 1548 2122 in
1571 2103 1623 2130 qua
1643 2095 1722 2124 Pauli
1735 2098 1883 2133 συνέκδη-

1082 2148 1133 2176 μος
1143 2140 1293 2175 appellatur
1306 2149 1312 2167 :
1327 2141 1471 2169 conﬁrmat
1487 2140 1668 2177 Hieronymus
1691 2142 1719 2169 in
1739 2141 1885 2177 Catalogo

1081 2189 1237 2224 scriptorum
1264 2185 1514 2219 ecclesiasticarum,
1538 2191 1602 2220 etc.,
1619 2188 1745 2216 ut'mirer
1758 2188 1827 2224 quid
1853 2195 1884 2216 te

1046 2239 1068 2267 ι)
1082 2233 1208 2266 moverit,
1220 2233 1398 2268 quamobrem
1411 2234 1480 2262 duos
1493 2233 1604 2261 ﬁnxeris
1617 2233 1772 2262 Barnabas.
1793 2244 1802 2260 ι
1819 2235 1884 2262 Ne-

1083 2286 1136 2313 que
1150 2279 1237 2314 magis
1251 2279 1358 2313 proﬁcit
1378 2278 1532 2307 Tentzelius
1543 2281 1581 2313 ⁵⁹;
1598 2279 1644 2314 qui
1667 2279 1815 2308 nonnullis
1838 2280 1882 2308 le—

1081 2325 1162 2352 vibus
1176 2325 1343 2360 coniecturis
1363 2325 1508 2360 adductus,
1521 2326 1548 2353 in
1560 2333 1620 2353 eam
1641 2326 1809 2354 sententiam
1829 2328 1883 2354 de-

1080 2370 1166 2403 venit,
1185 2369 1334 2406 Epistolam
1359 2375 1482 2398 nostram
1509 2370 1680 2398 Alexandria
1698 2371 1725 2398 in
1748 2370 1884 2407 ASgypto

1079 2419 1209 2447 extremis
1220 2418 1332 2445 Adriani
1344 2417 1522 2451 temporibus,
1540 2417 1575 2445 ab
1590 2417 1683 2452 aliquo
1701 2418 1807 2447 schola:
1828 2428 1887 2448 ca-

1078 2465 1217 2493 techeticze
1227 2463 1417 2492 Alexandrina
1434 2464 1546 2492 doctore
1561 2464 1612 2491 sub
1623 2464 1759 2493 Barnabas
1775 2467 1885 2493 nomi-

1079 2518 1112 2537 ne
1123 2510 1208 2538 t‘uisse
1221 2510 1364 2538 conﬁctam
1372 2511 1406 2538 ὀ.
1423 2509 1562 2546 Moynium
1574 2514 1717 2544 praetereo,
1728 2512 1779 2546 qui
1788 2511 1883 2546 ejus-

1077 2556 1138 2583 dem
1152 2555 1279 2591 Epistola:
1293 2561 1431 2583 auctorem
1447 2555 1512 2583 facit
1527 2555 1555 2583 S.
1570 2555 1754 2591 Polycarpum
1771 2555 1885 2593 Smyr-

1076 2610 1188 2630 uensem
1207 2602 1368 2636 antistitem,
1382 2610 1415 2630 eo
1429 2606 1533 2630 tantum
1545 2603 1656 2630 nomine
1666 2603 1741 2638 quod
1757 2603 1786 2630 in
1807 2611 1885 2632 ma-

276 2687 435 2723 uIlasnag.,
450 2688 552 2730 ᾼλιιιιιι..
565 2688 645 2730 ροιίςἰ
658 2689 760 2730 coclea?
778 2689 874 2730 aii-an.
887 2690 932 2723 50,
949 2690 962 2725 ς
977 2690 1021 2718 54.
1037 2691 1082 2730 *δ’
1097 2693 1207 2730 Euseb,
1220 2694 1294 2722 Hist.
1310 2697 1385 2726 eccl.,
1398 2695 1446 2722 lib.
1460 2703 1572 2730 nt,rcap.
1586 2694 1633 2721 25.
1672 2694 1698 2730 ’ἕ
1713 2693 1767 2727 ld.,
1783 2694 1883 2728 ibid..

242 2722 288 2764 lib,
305 2722 483 2764 vr,'ca:p.n13
499 2728 526 2764 et_
542 2722 585 2751 14.
613 2724 712 2764 "illd?
729 2725 793 2764 fingi.
816 2725 863 2751 lib.
887 2722 930 2764 t_u_,
950 2722 1015 2764 'cap.
1036 2730 1037 2738 ‘

1106 2729 1152 2761 25,
1164 2734 1190 2757 et
1201 2722 1285 2757 'alibi.
1323 2730 1346 2746 “
1358 2722 1482 2764 Tillem.,
1495 2722 1618 2756 Mentoir.
1643 2729 1722 2760 eccl.,
1755 2722 1831 2756 (tim.
1854 2722 1881 2763 l:

241 2762 298 2800 not.
313 2759 347 2800 6,‘
356 2759 383 2785 in
399 2758 599 2800 lstllarnthp.
689 2760 710 2774 ’⁷
729 2758 973 2800 δεξιρξθηἻ-ῡέαιν.
991 2758 1023 2800 lle
1037 2758 1222 2800 uuctorL'Vcra.
1238 2764 1308 2791 LXX
1323 2765 1404 2797 Iutt.,
1420 2758 1481 2800 cap.’
1497 2765 1523 2796 4,
1537 2773 1563 2799 p.
1581 2764 1641 2792 HS.
1660 2765 1698 2800 7“
1713 2758 1749 2792 is.
1767 2758 1880 2798 μηδέ

241 2793 463 2837 (lacriment.
479 2793 745 2837 dedsxxmlnttqnp.
763 2794 824 2837 ita.
863 2794 885 2810 ιν
900 2794 1020 2830 Tentzcl,
1036 2800 1105 2832 apud
1126 2799 1206 2828 Fabr.
1224 2800 1293 2828 Bibl.
1311 2793 1414 2829 ειειέέ.
1428 2793 1544 2837 p.'ta,'§'
1560 2800 1603 2827 tu.
1642 2799 1667 2816 ι·
1686 2800 1790 2828 Viulcsis
1813 2793 1881 2829 F31

242 2826 322 2860 bric.,
337 2827 408 2855 Bibl.
424 2827 470 2854 Gr.
487 2849 494 2862 ,
516 2834 581 2855 tum.
594 2828 638 2862 lll,
651 2837 677 2864 p.
692 2826 752 2862 175,
767 2829 827 2856 174.
