1916 3104
46 133 89 161 689

44 190 175 226 nuscriptis
185 189 329 217 codicibus
342 188 387 216 illa
398 194 460 215 cum
466 185 662 223 Polycarpiarta
673 186 814 221 jungatur,
829 185 852 214 Α

44 245 119 272 neque
131 236 210 271 hujus
225 235 307 263 tinem
324 240 372 262 aut
385 235 446 270 ejus
457 233 564 261 initium
576 232 739 268 exemplaria
753 239 814 266 qure

44 287 174 319 supersunt
198 283 355 310 exhibeant.
378 282 456 316 Quod
480 282 590 317 quidem
624 285 813 316 argumentum

43 338 113 366 quam
137 329 275 357 inﬁrmum
300 329 337 357 sit
368 337 505 364 quamque
529 329 630 361 inane,
650 327 813 362 jamdudum

42 377 250 404 demonstrarunt
264 374 371 403 Caveus
382 395 390 409 ,
407 374 563 402 Tentlelius
576 375 598 390 “
610 395 618 406 ,
633 373 784 408 Basnagius
791 373 813 388 "

42 421 138 456 aliique.
162 421 278 457 Ipseque
299 421 422 457 profecto
438 420 563 456 Moynius
585 420 620 447 ab
644 427 677 447 co
693 418 814 455 urgendo

42 466 225 500 abstinuisset,
245 467 270 495 si
290 466 394 495 Usserii
410 465 493 494 verba
512 465 538 492 in
559 464 767 500 praamonitione
780 463 814 491 de

42 511 157 540 Barnabat
171 511 305 547 Epistula,
317 521 332 540 a
346 512 450 540 Joanne
465 511 538 539 Fello
549 511 621 539 edita
633 511 733 545 eoipso
741 517 814 537 anno

41 566 87 593 quo
101 566 146 586 sua
162 558 245 586 Varia
259 567 337 586 sacra
348 558 495 594 evulgavit,
511 558 599 594 legere
614 557 664 585 sibi
679 557 813 585 licuisset:

44 614 52 630 ι
66 604 168 640 Nempe,
190 606 282 641 inquit
297 606 343 635 ille
355 626 363 638 ,
379 606 407 633 in
431 605 519 640 primo
539 604 687 639 exemplari
710 611 743 631 ex
757 610 813 638 quo

41 651 201 679 Columnaeus
219 652 266 679 ille
283 652 369 679 codex
388 651 446 686 (qui
470 651 592 678 omnium
613 654 723 685 putatur
743 649 814 676 anti-

41 698 186 734 quissimus)
198 703 226 725 et
241 698 343 733 reliqui
361 698 408 732 qui
421 701 570 733 supersunt
589 697 669 725 hodie
683 701 746 725 sunt
766 696 813 724 de-

41 743 131 777 scripti,
142 743 317 770 librariorum
331 743 397 771 vitio
417 742 561 778 quaternio
575 742 618 770 vel
638 742 757 770 omissus
771 741 813 769 vel

41 790 207 823 transpositus
229 794 273 817 est
294 798 300 815 :
320 790 399 824 cujus
418 789 525 817 defectu
542 789 644 816 factum
663 792 766 821 est,.ut
784 788 812 815 in

39 834 127 863 Graecis
140 837 336 871 superstitibus
346 840 373 864 et
386 836 466 863 tinem
476 835 603 871 Epistulae
615 834 756 871 Polycarpi
765 835 812 863 de-

39 881 174 909 sideremus
189 887 217 909 et
233 882 401 918 principium
417 882 557 910 Barnabas.
574 892 584 908 ι
600 881 678 916 Quod
700 882 723 910 si
746 889 811 909 nec-

37 927 92 954 dqu
107 929 238 956 sententia
254 928 385 956 decedere
398 929 540 956 statuisset
553 929 597 956 vir
607 929 742 962 eruditus,
760 928 812 964 ipsi

38 976 120 1003 saltem
133 977 406 1005 animadvertendum
429 983 498 1011 erat,
516 978 587 1013 apud
603 982 750 1013 utrumque
763 986 811 1005 ve-

38 1025 109 1049 terem
125 1022 300 1058 interpretem
318 1023 467 1051 etiamttum
487 1028 595 1051 exstare
609 1031 670 1051 cum
685 1023 812 1058 Epistolas

37 1066 225 1104 Pulycarpianat
250 1069 353 1103 ﬁnem,
379 1073 435 1097 tum
459 1077 519 1105 qum
542 1073 583 1098 est
610 1069 741 1098 Barnabas
759 1069 812 1098 ini-

37 1114 101 1142 dunt

827 857 849 884 Β

340 1169 454 1199 CAPUT
468 1169 500 1198 11.

36 1226 141 1254 Patiures
165 1228 327 1264 objectioues
347 1228 506 1262 diluuntur,
521 1237 602 1264 eaque
625 1228 810 1264 potissimum,

110 1271 161 1298 qua
175 1263 258 1298 husz
276 1263 405 1298 Epistulae
419 1263 563 1299 integritas
575 1264 724 1298 impetitur.

65 1319 170 1354 Verum,
185 1321 231 1348 his
245 1320 350 1354 missis,
363 1320 428 1356 quid
440 1321 553 1356 insuper
571 1321 692 1349 adversat
702 1325 811 1348 senten-

36 1365 72 1392 tia:
83 1366 186 1401 patroni
200 1366 338 1402 praecipue
353 1367 494 1402 objiciant,
508 1366 696 1402 inspiciamus.
712 1366 746 1394 Et
756 1366 812 1402 pri-

34 1419 97 1439 mum
112 1413 221 1448 quidem
237 1413 372 1440 Barnabas
390 1413 549 1448 abjudicant
563 1412 722 1448 Epistulam,
737 1411 811 1448 quod

35 1462 116 1485 auctor
127 1459 253 1494 quaedam
268 1459 373 1486 Veteris
387 1458 554 1487 Testamenti
568 1459 628 1486 loca
643 1459 735 1487 minus
750 1463 811 1494 apte

35 1503 133 1539 allegata
146 1509 172 1532 et
187 1504 308 1540 mystice
326 1504 409 1532 nimis
419 1504 553 1539 exposita,
574 1505 600 1531 in
619 1504 736 1532 medium
749 1512 811 1540 pro-

34 1549 112 1577 ducat.
125 1550 193 1578 lluic
210 1555 305 1579 autent
315 1550 462 1586 objectioni
477 1551 569 1578 verbis
584 1549 747 1579 Hammondi
762 1558 810 1578 oc-

35 1601 130 1623 currere
144 1597 244 1632 placet,
266 1604 328 1631 qua:
350 1596 391 1624 sic
412 1604 442 1624 se
463 1595 593 1624 habent"
618 1605 625 1624 :
656 1606 667 1623 ι
686 1596 809 1632 Apostoli

33 1640 150 1670 Barnabaa
174 1651 236 1678 qua:
263 1650 318 1670 non
333 1642 368 1670 ita
385 1643 490 1678 pridem
510 1643 610 1678 prodiit
628 1642 760 1678 Epistula,
776 1651 810 1671 ex

33 1689 77 1717 huc
90 1698 143 1718 uno
153 1690 350 1718 Gnosticorum
360 1690 519 1718 charactere
530 1689 672 1718 commode
680 1690 810 1725 explicari

33 1737 133 1770 poterit;
147 1738 227 1770 alias,
246 1743 277 1764 ut
289 1737 481 1772 complicatum
493 1742 519 1765 et
534 1737 669 1772 prolixum
683 1738 809 1772 atnigma,

33 1781 199 1809 certissimam
215 1782 365 1810 lectoribus
381 1790 491 1810 crucem
507 1781 622 1811 factura.
647 1781 693 1810 Isti
709 1783 811 1818 quippe

33 1826 139 1855 Simonis
158 1829 291 1861 asscclat,
312 1828 422 1863 γνῶσιν,
442 1829 467 1856 id
489 1833 545 1862 est,
561 1828 710 1864 Scriptura:
726 1837 810 1857 sacrm

32 1875 133 1909 mystice
149 1875 362 1911 interpretanda:
383 1875 539 1903 facultatem
562 1875 614 1903 sibi
639 1880 809 1911 arrogantes,

33 1922 106 1948 multa
119 1921 225 1950 Veteris
239 1921 405 1949 Tcstamenti
421 1922 549 1958 mysteria
562 1922 595 1950 ad
609 1923 732 1958 impuros
743 1930 810 1950 usus

33 1974 89 1995 suos
105 1968 411 1996 accommodabant.....
433 1968 504 1996 lllnc
524 1968 664 1998 Barnabas
687 1969 739 1997 hac
754 1969 811 1997 fere

33 2015 147 2043 universa
168 2015 294 2051 Epistula
319 2023 387 2048 sua,
417 2015 522 2043 Veteris
549 2015 727 2045 Instrumenti
751 2017 810 2045 loca

31 2062 233 2096 quamplurima,
245 2062 358 2097 mystice
369 2062 453 2089 etiam
464 2067 492 2090 ct
503 2062 659 2090 cabalistice
674 2063 809 2098 exposita,

31 2105 213 2136 Guosticorum
231 2108 365 2136 doctrinis
379 2109 501 2143 opponit.
520 2119 529 2135 ι
547 2108 710 2137 Harnmondi
725 2110 810 2137 vesti-

32 2153 75 2186 giis
88 2153 214 2183 insistens
231 2154 354 2181 Joannes
371 2154 463 2182 Fellus
474 2155 497 2170 ⁵³
516 2163 523 2182 :
544 2164 553 2181 ι
571 2155 697 2188 Constat,
710 2156 809 2190 inquit,

823 1525 846 1554 ε

703 128 970 159 PROLEGOMENA.

1600 124 1652 152 690

867 182 1109 218 Rabbinorumque
1130 181 1256 217 malignis
1279 181 1526 216 interpretamentis
1543 188 1638 216 compa

865 234 933 260 reat.
952 229 1016 256 olim
1029 233 1118 256 tamen
1137 227 1246 263 quando
1263 227 1290 254 in
1304 227 1380 254 omtti
1402 234 1537 264 synagoga
1553 227 1653 254 hebdo-

865 275 995 302 madatim
1010 282 1064 301 non
1084 274 1159 301 lecta:
1175 278 1292 306 tantum,
1313 272 1360 300 sed
1379 277 1405 300 et
1426 277 1560 300 cnarratat
1575 276 1654 300 erant

865 322 1017 356 scripturze,
1043 320 1178 348 Midrasch
1194 321 1245 348 iste
1261 320 1392 355 mysticus
1406 320 1464 347 sive
1480 319 1653 354 evangelicus

866 367 973 395 Veteris
983 366 1160 394 lnstrumcnti
1174 373 1282 399 sensus,
1300 373 1354 394 non
1366 366 1458 394 minus
1472 365 1600 393 omnibus
1613 365 1654 392 in-

864 413 956 441 notuit
970 421 1053 448 quam
1072 412 1132 447 ipse
1147 420 1224 440 sacer
1240 416 1349 446 textus;
1365 416 1392 440 et
1404 412 1518 447 proinde
1532 419 1586 439 non
1599 411 1653 439 mi-

864 467 916 487 nus
930 459 1027 486 idonea
1049 458 1240 494 suppeditabat
1259 463 1420 494 argumenta
1441 458 1474 486 ad
1489 457 1655 486 convincen-

864 505 913 534 dos
924 504 1043 539 Judzeos,
1058 513 1141 540 quam
1155 512 1186 533 ea
1200 512 1259 540 qua:
1268 512 1302 533 ex
1311 503 1498 533 disertissimis
1511 511 1652 531 sacrarum

864 550 1016 578 litterarum
1043 551 1156 578 vocibus
1179 550 1295 578 fuissent
1313 550 1465 578 deducta...
1488 549 1522 578 Et
1537 549 1560 577 si
1581 549 1654 578 forte

865 597 955 633 aliqua
969 596 1040 633 apud
1052 601 1192 624 auctorem
1212 600 1338 624 nostrum
1362 599 1511 624 occurrunt
1522 595 1654 631 qutelon-

864 643 925 678 gius
939 643 1022 678 petita
1036 642 1174 675 videntur,
1191 642 1236 669 illa
1253 642 1311 677 ipsa
1327 646 1374 669 aut
1385 648 1481 669 eorum
1502 641 1598 668 saltem
1611 647 1654 668 ve-

864 688 943 723 stigia
961 689 988 715 in
1005 687 1136 722 Epistolis
1151 687 1274 716 Paulinis
1298 688 1361 723 quis
1375 687 1476 723 poterit
1489 687 1621 723 reperire.
1638 697 1649 714 ι

865 733 1002 762 Hactenus
1017 733 1071 761 illc.
1083 733 1153 761 Hinc
1167 733 1270 761 factum
1288 738 1317 761 ut
1328 741 1390 761 cum
1405 733 1472 761 viris
1487 733 1575 761 doctis
1589 740 1654 761 con-

864 780 988 812 cludam,
1005 779 1206 807 vetustissimos
1217 779 1338 811 Patrum,
1356 779 1521 811 Clementem
1534 778 1653 806 Alexan-

864 826 986 858 drinum,
1002 826 1157 861 Origenem,
1172 830 1285 853 caeteros
1298 825 1345 860 qui
1362 824 1512 860 Epistulam
1529 829 1652 853 nostram

864 876 993 907 tanquam
1013 872 1150 899 sincerum
1172 870 1303 898 Barnabas
1325 871 1410 899 fetum
1434 876 1596 906 agnoscunt,
1614 871 1653 898 ni-

863 918 902 945 hil
924 918 1057 945 absonum
1075 918 1103 945 in
1128 917 1190 953 ejus
1206 917 1446 950 enarratiouibus,
1472 917 1540 944 nihil
1562 917 1653 945 detor-

863 968 931 997 tnm,
947 969 1073 991 coactum
1090 963 1160 991 nihil
1173 963 1200 991 in
1212 963 1272 998 ejus
1286 962 1434 998 allegoriis,
1453 963 1522 990 nihil
1537 963 1654 999 denique

863 1010 922 1037 viro
932 1010 1084 1044 apostolico
1103 1009 1246 1045 indignum
1263 1009 1290 1036 in
1305 1016 1338 1036 ea
1355 1009 1510 1042 detexisse;
1526 1009 1653 1045 adc0que

863 1055 932 1084 nihil
946 1056 1019 1091 quod
1035 1056 1095 1091 ejus
1116 1060 1222 1083 aetatem
1244 1062 1299 1082 non
1319 1054 1409 1082 ferat;
1425 1061 1455 1082 ut
1474 1054 1588 1089 proinde
1602 1055 1654 1082 mi-

864 1102 938 1129 nime
954 1102 1083 1130 audiendi
1098 1102 1243 1129 videantur
1265 1100 1390 1128 nonnulli
1407 1101 1591 1135 recentiores,
1606 1101 1653 1136 qui

863 1148 896 1175 de
906 1148 977 1184 stylo
993 1147 1158 1182 scriptorutn
1170 1146 1385 1182 ap05tolicorum
1402 1147 1500 1174 melius
1516 1155 1600 1182 quam
1610 1155 1654 1175 eo-

863 1194 988 1222 runtdem
1003 1193 1145 1228 discipuli,
1167 1193 1268 1228 aliique
1289 1198 1338 1220 aut
1353 1193 1502 1229 syncltroni
1528 1198 1575 1221 aut
1591 1201 1654 1228 sup-

862 1247 941 1275 pares
957 1239 1094 1273 homines,
1110 1238 1272 1274 sejudicare
1288 1245 1370 1273 posse
1385 1239 1535 1266 conlidunt.
1549 1238 1609 1273 Qua
1619 1239 1653 1267 de

863 1293 892 1312 re
914 1285 992 1320 plura
1009 1286 1078 1313 satis
1099 1285 1221 1320 apposite
1244 1284 1306 1312 aliis
1327 1284 1472 1312 observata
1496 1285 1567 1320 apud
1586 1284 1653 1312 Zor-

862 1333 972 1360 nium"
989 1333 1119 1368 reperias.

897 1378 1018 1414 Pergunt
1032 1379 1183 1407 adversarii
1196 1398 1203 1412 ,
1223 1385 1309 1414 eaque
1323 1383 1452 1414 regerunt
1465 1385 1527 1414 quae
1541 1377 1575 1406 de
1587 1384 1654 1413 apo-

862 1425 939 1454 stolis
965 1425 1092 1461 Epistolaa
1120 1429 1215 1453 auctor
1242 1425 1286 1452 his
1315 1424 1406 1453 verbis
1434 1423 1652 1460 pronuntiat":

864 1470 975 1503 Quando
988 1475 1090 1504 autem,
1112 1470 1160 1503 ait,
1186 1470 1319 1506 apostolos
1336 1478 1397 1498 suos
1416 1471 1462 1506 qui
1481 1470 1654 1506 praedicaturi

861 1522 937 1546 erant
952 1517 1026 1544 illius
1045 1517 1218 1553 Euangelium
1231 1517 1319 1552 elegit,
1333 1517 1451 1544 homines
1461 1517 1533 1544 omni
1547 1522 1653 1552 peccato

861 1561 1025 1596 iniquiores,
1047 1561 1127 1593 ὄντας
1152 1560 1224 1597 ὑπὲρ
1245 1561 1337 1589 πᾶσαν
1363 1561 1499 1597 ἁμαρτίαν
1516 1560 1654 1597 ἀνομωτέ-

862 1616 935 1642 ρους,
949 1612 979 1634 ut
998 1607 1144 1635 ostenderet
1160 1607 1229 1642 quod
1245 1615 1297 1633 non
1310 1607 1380 1634 venit
1399 1615 1491 1635 uocare
1503 1607 1593 1642 justo;
1607 1606 1652 1634 sed

860 1658 1008 1689 peccatores
1030 1654 1065 1681 ad
1082 1654 1264 1689 paenitentiam
1276 1663 1286 1687 ,'
1301 1659 1363 1681 tunc
1377 1654 1468 1690 palam
1483 1655 1546 1689 fecit
1556 1662 1583 1682 se
1596 1661 1652 1681 esse

860 1700 964 1728 Filium
979 1700 1038 1727 Dei.
1052 1699 1119 1734 Quis
1137 1704 1227 1727 autem
1239 1699 1341 1733 credat,
1349 1700 1487 1735 inquiunt,
1502 1701 1651 1735 apostolos,

861 1745 1004 1773 hominum
1020 1746 1212 1781 iniquissimos
1219 1750 1246 1773 et
1262 1754 1339 1781 super
1355 1754 1430 1773 omne
1445 1751 1578 1781 peccatum
1592 1754 1652 1781 pec-

861 1795 979 1825 catores,
993 1799 1009 1819 a
1025 1791 1150 1819 Barnaba
1172 1792 1259 1820 fuisse
1277 1792 1409 1819 vocatus?
1426 1791 1570 1827 Simplices
1590 1793 1652 1828 qui—

861 1838 933 1872 dem,
951 1838 1045 1871 rudes,
1060 1838 1202 1873 imperitos
1214 1842 1296 1873 atque
1308 1838 1432 1866 homines
1446 1838 1581 1866 interdum
1597 1847 1652 1866 ma-

861 1883 903 1912 los
917 1883 1006 1912 fuisse
1024 1884 1085 1912 illos
1102 1884 1130 1911 in
1147 1883 1234 1911 sacris
1246 1884 1343 1912 litteris
1359 1884 1495 1919 legimus;
1513 1888 1542 1911 at
1556 1892 1649 1920 pecca-

862 1935 935 1958 tores
949 1929 1072 1958 omnium
1087 1930 1223 1958 maximos
1237 1939 1286 1959 eos
1297 1931 1437 1958 exstitisse
1452 1938 1506 1958 non
1523 1931 1651 1967 legimus.

896 1976 1002 2009 Quibus
1016 1976 1135 2011 primum
1150 1985 1183 2004 ex
1203 1976 1324 2004 virorum
1343 1977 1565 2004 doctissimorum
1587 1985 1651 2004 sen-

863 2022 945 2049 tcntia
958 2023 1128 2057 reponimus,
1137 2022 1206 2050 nihil
1220 2024 1246 2051 in
1258 2022 1408 2058 Scripturis
1418 2031 1563 2051 occurrere
1575 2023 1649 2058 quod

862 2067 927 2096 huic
941 2068 1074 2096 Barnaba:
1086 2069 1160 2096 dicto
1175 2074 1317 2105 repugnet.
1332 2068 1435 2097 Deinde
1449 2077 1515 2097 vero
1525 2070 1590 2105 quid
1603 2071 1652 2098 ob-

862 2119 916 2142 stat
931 2115 996 2150 quin
1012 2114 1072 2149 ejus
1086 2115 1168 2143 verba
1184 2115 1223 2142 sic
1240 2114 1420 2149 accipiantur,
1437 2120 1466 2143 ut
1488 2116 1556 2143 nihil
1577 2116 1652 2144 aliud

862 2164 972 2193 sonent,
985 2167 1068 2194 quam
1083 2159 1220 2194 apostolos
1233 2163 1378 2194 antequam
1388 2166 1561 2192 vocarentur,
1574 2161 1651 2196 plura

31 2196 168 2232 Epistulam
183 2201 267 2232 hanc,
285 2208 346 2234 qua:
364 2199 421 2227 fere
439 2205 495 2228 tota
513 2206 555 2227 est
570 2201 598 2227 in
613 2200 762 2237 Synagogzc
774 2202 811 2229 ri—
826 2196 849 2226 D
862 2209 888 2232 et
906 2205 997 2240 gravia
1008 2204 1118 2240 quidem
1133 2205 1281 2240 peccasse?
1299 2204 1326 2232 1d
1340 2213 1406 2233 sane
1416 2205 1450 2232 de
1464 2205 1590 2233 Mattlneo
1602 2214 1652 2241 pu-

31 2245 94 2274 tibus
110 2251 136 2274 et
153 2255 298 2275 sacrarum
322 2246 524 2282 Scripturarum
548 2249 670 2284 mysticis
683 2249 810 2277 sensibus

31 2292 184 2326 evolvendis,
203 2294 239 2321 ad
257 2293 334 2321 rudis
356 2294 430 2329 vulgi
451 2298 561 2329 captum
583 2295 674 2323 minus
686 2303 747 2324 esse
761 2303 809 2323 ac-

31 2340 240 2373 commodatam;
260 2343 287 2366 et
301 2339 414 2374 proinde
429 2340 577 2368 verisimile
591 2346 642 2374 cst,
656 2349 671 2369 a
690 2342 808 2370 lectione

30 2385 82 2418 ejus
100 2386 207 2420 publica
227 2385 378 2413 Ecclesium
401 2391 463 2421 post.
477 2392 584 2421 tempus
600 2387 709 2422 aliquod
723 2387 808 2415 absti-

30 2431 144 2459 nuisse...
161 2431 220 2460 lloc
235 2439 300 2459 vero
315 2431 428 2459 fidenter
438 2433 563 2466 dixerim,
577 2432 725 2468 Epistulam
737 2434 808 2463 hanc

30 2485 77 2511 quo
90 2479 205 2513 penitius
227 2478 411 2513 intelligatur,
425 2486 458 2507 eo
476 2480 657 2514 acceptiorcm
675 2479 807 2514 futuram,

30 2527 53 2550 et
63 2524 94 2551 ad
105 2532 247 2552 sacrarum
262 2524 414 2552 litterarum
427 2532 477 2553 nec
488 2533 541 2553 non
554 2526 806 2561 antiquissimorum

30 2567 130 2598 Patrum
138 2571 322 2607 cognitionem
335 2571 482 2606 plurimum
491 2571 635 2599 facturam.
646 2571 806 2608 Quanquam

30 2615 94 2642 enim
109 2622 256 2652 perpetuus
266 2615 374 2645 Veteris
386 2616 561 2645 lustr-umenti
575 2618 610 2646 ad
623 2618 750 2647 Messium
762 2626 807 2647 re-

31 2667 131 2696 spectus
153 2663 233 2690 nobis
253 2663 334 2698 quasi
356 2671 403 2698 per
433 2668 609 2691 transennam
633 2672 666 2692 ex
687 2664 806 2696 Chaldzei

31 2705 209 2743 Paraphrastis
225 2709 381 2742 stricturis,
396 2710 560 2746 scriptorum
584 2709 806 2740 Talmudicorum

862 2251 969 2278 blicano
985 2255 1108 2284 constat;
1132 2251 1158 2277 id
1170 2258 1280 2286 qquue
1295 2250 1328 2278 de
1339 2251 1464 2286 apostolo
1482 2250 1577 2284 Paulo,
1591 2251 1649 2285 qui,

862 2301 892 2324 ut
903 2296 1015 2330 ipsemet
1030 2297 1063 2323 de
1079 2303 1108 2323 se
1119 2295 1214 2323 scribit
1225 2296 1259 2330 ",
1278 2296 1353 2330 prius
1372 2296 1538 2331 blasphemus
1556 2296 1607 2331 fuit
1625 2300 1650 2323 et

861 2348 1009 2378 persecutor
1018 2347 1043 2370 et
1055 2342 1275 2375 contumeliosus;
1296 2342 1398 2378 quique
1423 2343 1543 2377 seipsum
1558 2343 1651 2377 appel-

861 2390 899 2418 lat
911 2394 1078 2425 peccatorum
1092 2390 1217 2424 primum,
1242 2389 1282 2417 sic
1297 2389 1424 2424 inquiens
1439 2397 1445 2415 :
1464 2389 1581 2425 Χριστὸς
1599 2389 1650 2424 Ἰη-

863 2436 926 2467 σοῦς
953 2433 1035 2471 ἦλθεν
1051 2436 1091 2468 εἰς
1116 2435 1161 2462 τδν
1178 2435 1280 2471 κόσμον
1295 2435 1476 2472 ἁμαρτωλοὺς
1491 2435 1587 2467 σῶσαι,
1612 2432 1649 2463 ὧν

861 2482 967 2518 πρῶτός
984 2483 1041 2517 ειμι
1055 2480 1110 2516 ἐγώ
1124 2490 1130 2496 ·
1147 2489 1201 2517 quo
1217 2481 1287 2509 forte
1297 2482 1324 2508 in
1340 2482 1436 2517 primis
1451 2481 1569 2516 respexit
1583 2481 1651 2509 Bar-

861 2528 964 2562 nabas,
984 2527 1105 2563 ejusdem
1127 2527 1206 2554 Pauli
1227 2527 1405 2562 συνέκδημος,
1430 2527 1494 2554 dum
1511 2528 1650 2563 apostolos

860 2573 1020 2608 priusquam
1046 2572 1224 2608 eligerentur,
1251 2571 1375 2599 homines
1388 2577 1468 2600 vocat
1482 2572 1561 2604 ὄντας
1577 2572 1649 2609 ὑπὲρ

861 2621 949 2647 πᾶσαν
958 2618 1093 2655 ἁμαρτίαν
1106 2618 1305 2654 ἁνομωτέρους·
1315 2625 1403 2653 neque
1413 2618 1485 2645 enim
1497 2619 1647 2653 quidquam

861 2674 912 2694 nos
927 2666 1010 2701 cogit,
1024 2670 1054 2693 ut
1068 2665 1102 2693 de
1117 2665 1244 2692 omnibus
1255 2669 1282 2692 et
1294 2664 1410 2699 singulis
1425 2665 1555 2699 apostolis
1569 2664 1597 2693 id
1613 2665 1648 2693 ab

859 2720 893 2741 eo
917 2712 1019 2740 dictum
1042 2711 1236 2746 intelligamus.
1260 2710 1330 2743 Quid
1343 2710 1462 2745 quaeris?
1479 2709 1554 2737 Duos
1568 2709 1647 2738 lucu-

77 2788 244 2825 "_Tcntzel.,
259 2787 501 2825 Exercit._se_lect.,
512 2794 588 2825 part.
603 2796 622 2822 ι,
635 2796 665 2825 p.
684 2789 744 2825 152.
765 2790 788 2806 δ’
804 2789 810 2817 Ι

863 2797 932 2825 uag.,
955 2788 1057 2825 Annal.
1070 2788 1144 2825 pgiit.
1156 2788 1232 2825 ccci”
1249 2788 1281 2816 ad
1295 2787 1401 2825 an.__50,
1420 2787 1433 2824 ᾖ
1451 2787 1496 2825 57.
1517 2787 1541 2804 ⁵³
1560 2786 1645 2814 llam-

32 2823 127 2860 mum|_.,
144 2824 256 2852 Dium.
274 2832 293 2858 ι,
306 2832 366 2860 cap.
386 2823 413 2860 ἶ,
425 2823 537 2860 ᾖῇιῇὃ,
554 2832 615 2860 pag.
627 2824 673 2856 Ὦ,
686 2824 731 2852 25.
770 2825 793 2860 ’ξ
808 2825 885 2859 Fell.,
896 2823 1014 2860 pra-lat.
1027 2824 1060 2852 ad
1078 2823 1164 2859 Epist.
1180 2823 1263 2852 Barn.
1303 2824 1326 2840 "
1342 2823 1436 2858 Ζοινιι.1
1454 2824 1645 2860 Optimum.

33 2861 91 2885 tum.
107 2858 125 2892 ι,
139 2867 165 2894 p.
180 2860 232 2888 648
247 2868 307 2896 seq.

347 2860 370 2876 “
390 2859 469 2888 [ξω-ιι.
483 2859 581 2895 Epist.,
594 2867 653 2895 cap.
671 2863 698 2891 5.
733 2860 757 2876 '7
783 2859 877 2889 l'l‘itn.
893 2868 912 2894 ι,
934 2859 1033 2893 13,15.
