1916 3104
244 131 277 159 ὕει
284 132 290 158 l

830 133 858 161 S.
880 132 1064 161 BARNABAS
1084 133 1297 162 APOSTOLL’S.

1816 138 1859 165 ωε

241 194 408 221 lentissimos
431 194 514 228 hujus
529 202 544 221 a
561 192 683 220 Barnaba
702 191 815 227 prolatae
829 192 971 220 sententia:
986 200 1033 228 pa-
1047 195 1070 223 Α
1085 196 1157 225 rant,
1175 199 1241 220 suas
1263 197 1368 220 tantum
1393 193 1607 228 conjectationes
1631 195 1716 222 nullis
1734 195 1858 223 rationum

241 245 346 273 tronos,
360 240 503 275 Origenem
524 245 550 267 et
571 238 766 274 Hieronymum
777 259 784 271 ,
800 238 827 264 in
843 243 968 273 promptu
982 238 1030 264 ha—

240 286 349 314 bemus.
361 285 409 313 llle
423 285 528 313 scilicet
546 290 639 313 contra
664 284 774 312 Celsum
790 284 944 319 disputans,
961 283 1028 311 Bar-

240 333 318 360 nabas
332 332 434 359 dictum
450 331 567 359 fortasse
585 331 771 365 arripientem,
787 338 842 365 quo
857 330 970 364 infames
980 330 1029 356 Ito-

240 379 322 405 mincs
336 378 418 413 fuisse
432 377 575 413 apostolos,
588 376 742 412 publicanos
754 381 779 403 et
792 381 888 403 nautas
900 376 1029 410 nequissi-

239 432 296 451 mos
317 424 437 458 diceret,
453 424 511 451 haec
534 423 668 450 habet":
695 422 728 448 Τί
748 419 795 449 οὖν
811 423 921 454 ἄτοπον,
941 421 1030 457 βουλό-

241 479 321 505 μενον
340 470 514 507 παραστῆσαι
533 469 573 505 τῷ
589 469 662 503 γένει
678 468 734 495 τῶν
754 467 905 504 ἀνθρώπων
920 467 966 494 τὸν
975 468 1027 502 ’1η-

241 516 314 549 σοῦν,
333 517 467 553 ὁπηλίκην
484 516 540 552 ἔχει
561 515 655 551 ψυχῶν
680 514 815 550 ἰατρικὴν,
834 514 898 546 τοὺς
913 514 1029 549 ὲπιῤῥή-

238 571 302 594 τους
324 563 371 589 καὶ
396 561 606 598 πονηροτάτους
629 559 821 594 ἐπιλέξασθαι,
847 560 894 586 καὶ
916 559 1028 591 τούτους

239 609 405 644 προαγαγεῖν
426 608 472 634 ἐπὶ
486 607 612 634 τοσοῦτον
624 627 631 640 ,
656 606 720 633 ὥστ’
742 606 840 637 αὐτοὺς
856 605 1028 640 παράδειγμα

239 652 308 681 εῖναι
322 653 404 690 ἠθους
418 653 611 689 καθαρωτάτου
628 654 686 685 τοῖς
697 653 731 680 δι’
748 651 838 679 αὐτῶν
853 651 1027 688 προσαγομέ-

238 709 295 733 νοις
323 700 362 736 τῷ
385 699 502 736 Χριστοῦ
527 699 702 735 Εὑαγγελίῳ’
745 698 816 731 Quid
839 706 899 734 ergo
919 697 1029 724 absurdt'

238 753 288 782 est,
304 748 328 775 si
344 747 422 775 Iesus
442 747 578 774 ostendere
598 746 686 773 volens
707 745 821 772 humano
839 744 1027 780 generi,quam

238 793 353 830 e/ﬁcacia
369 793 421 820 sint
440 800 498 828 qua?
509 792 606 819 morbis
621 791 771 819 animarum
783 789 889 816 adhibet
898 789 1026 821 remedia,

238 840 350 878 infames
365 844 390 866 et
400 839 572 874 nequissimos
583 837 699 873 elegerit,
709 836 819 872 illosque
826 844 855 863 eo
866 835 1026 871 provexerit,

238 881 429 921 ut'purissima:
450 886 510 919 vitae
533 883 681 918 exemplum
699 886 785 910 essent
804 883 849 916 iis,
874 882 919 917 qui
935 889 1027 909 eorum

237 920 383 958 ministerio
403 931 437 958 ad
453 930 623 965 Euangelium
635 929 735 957 Christi
750 928 962 956 adducerentur?
978 928 1026 955 Vi-

236 977 288 1005 den
304 977 457 1013 Origenem,
473 976 563 1013 virum
584 976 659 1003 illum
675 976 756 1011 longe
778 975 983 1008 doctissimum,
997 975 1026 1002 in

237 1031 293 1059 quo
304 1028 379 1051 tanta
390 1024 428 1050 vis
445 1022 555 1058 ingenii,
570 1027 624 1049 tam
639 1022 780 1057 profundi,
799 1026 853 1048 tam
866 1021 938 1048 acris
948 1042 955 1055 ,
971 1026 1026 1048 tant

236 1072 374 1106 elegantis,
398 1076 428 1097 ut
442 1078 530 1097 omnes
553 1077 615 1103 pene
641 1068 755 1096 multum
769 1069 894 1104 longeque
915 1077 1026 1103 supera-

237 1122 275 1144 ret
287 1118 309 1134 "
324 1126 331 1150 ;
348 1115 504 1151 Origenem,
517 1115 639 1150 inquam,
654 1114 721 1141 nihil
734 1114 829 1141 absoni
845 1113 907 1141 huic
917 1118 1025 1142 sentcn-

237 1163 281 1191 tiae
295 1163 395 1195 inesse,
412 1162 479 1189 nihil
490 1161 614 1189 Barnaba
631 1161 734 1197 indigni
748 1161 909 1188 censuisse?

271 1219 364 1255 Neque
379 1219 458 1246 aliter
472 1218 501 1247 S.
524 1218 717 1253 Hierorrymns,
738 1217 785 1252 qui
802 1217 956 1252 Pelagianis
974 1216 1025 1244 ob-

234 1266 295 1301 jicit
305 1267 428 1294 eamdem
442 1265 573 1293 Barnalne
588 1263 752 1292 sententiam
763 1263 797 1296 “,
813 1263 877 1291 licet
888 1263 1026 1291 memoria:

237 1312 315 1346 lapsu
343 1311 416 1338 illam
446 1310 549 1346 lgnatio
574 1309 687 1344 martyri
718 1308 837 1343 tribuat;
865 1313 1025 1344 tantumque

236 1357 313 1385 abest
330 1362 359 1384 ut
381 1364 442 1384 eam
459 1356 502 1383 vel
528 1356 623 1383 leviter
646 1359 742 1388 notet,
757 1360 787 1382 ut
803 1355 922 1382 maxime
942 1355 1024 1382 etiam

236 1403 323 1438 ipsam
343 1410 376 1430 ex
391 1401 564 1429 Psalmista“
581 1402 759 1435 conﬁrmans,
782 1401 822 1428 sic
839 1401 948 1428 tandem
964 1409 1025 1436 gra-

236 1449 306 1477 viter
319 1449 412 1476 statim
437 1448 601 1476 concludat:
625 1447 726 1480 Quibus
750 1448 906 1475 testimoniis
928 1448 952 1474 si
972 1456 1024 1475 non

235 1494 317 1521 uteris
330 1493 365 1520 ad
379 1493 575 1526 auctoritatem,
591 1497 662 1520 utere
674 1492 766 1520 saltent
779 1493 814 1519 ad
828 1493 1023 1528 antiquitatem,

234 1539 298 1575 quid
316 1547 404 1566 ontnes
419 1538 590 1566 ecclesiastici
602 1539 652 1566 viri
666 1540 805 1566 senserint.
824 1538 910 1567 Porro
925 1540 1025 1567 utrius-

234 1593 289 1622 que
302 1586 458 1613 testimonio
471 1585 522 1612 vim
539 1586 637 1613 addere
651 1585 757 1613 videtur
769 1585 797 1612 S.
809 1585 928 1614 Joannes
937 1586 1024 1622 Chry-

235 1636 390 1665 sustomus;
407 1631 487 1666 cujus
500 1631 582 1658 verba
597 1631 659 1659 licet
678 1631 712 1659 de
727 1632 785 1660 solo
801 1633 924 1668 apostolo
937 1632 1022 1661 Paulo

234 1677 392 1711 elici-antur,
406 1677 475 1704 mire
490 1681 582 1704 tamen
598 1677 632 1704 ad
656 1681 774 1704 mentem
798 1677 931 1705 Barnaba:
952 1686 1022 1713 qua-

234 1723 325 1760 drare,
343 1731 444 1759 nemo,
467 1729 496 1750 ut
518 1723 627 1758 opinor,
650 1723 712 1751 ierit
734 1723 849 1751 inlicias.
869 1723 914 1752 Sic
940 1724 1022 1760 igitur

234 1770 280 1798 ille
292 1771 314 1786 "
328 1779 335 1796 :
351 1770 399 1805 “Ay
414 1769 503 1804 τοζνυην
518 1769 587 1806 λέγῃ
601 1777 643 1801 τις
653 1789 660 1802 ,
677 1769 718 1795 ὅτι
736 1770 818 1796 πᾶσιν
840 1769 1021 1805 ἀφεῖναιβού-

233 1813 308 1849 λεται
323 1815 338 1840 ὁ
350 1813 485 1849 βασιλεὺς,
501 1814 550 1849 οὐχ
562 1813 632 1841 οὕτω
645 1813 818 1841 πιστεύσουσι
830 1815 869 1848 τῷ
881 1814 960 1850 λόγῳ,
970 1815 1022 1848 ἕως

233 1860 266 1889 ἂν
278 1857 352 1895 τδῳσι
369 1860 415 1887 τὸν
428 1859 535 1886 πάντων
545 1859 709 1895 φαυλότερον
720 1859 810 1886 αὐτῶν
820 1859 915 1886 τούτου
928 1861 1023 1896 τυχόν-

232 1915 284 1943 τα·
300 1907 350 1933 οὐκ
371 1906 428 1943 ἐστι
447 1905 501 1942 γὰρ
525 1905 617 1932 λοιπὸν
634 1905 847 1941 ἀμφισϐήτησις.
867 1906 952 1933 Τοῦτο
974 1906 1021 1934 καὶ

233 1952 338 1985 Παῦλὸς
356 1961 448 1989 φησιν,
465 1952 506 1978 ὅτι
526 1951 686 1988 βουλόμενος
705 1952 720 1978 ὁ
734 1952 800 1983 Θεὸς
815 1952 1022 1989 πληροφορῆσαι

231 1998 294 2030 τοὺς
311 1998 485 2034 ἀνθρώπους,
496 1999 537 2024 im
554 1998 643 2030 πάντα
660 1998 753 2036 quani;
767 1997 874 2034 ἀφίησι,
889 1998 936 2026 τὸν
952 1999 1022 2026 πάν-

231 2054 285 2080 των
306 2044 531 2080 ἀμαρτωλὸτερον
560 2044 656 2071 εΰιετο.
698 2044 728 2071 Si
750 2045 809 2080 quis
835 2053 895 2080 ergo
921 2045 1021 2073 dixerit

231 2089 296 2125 ielle
310 2097 395 2124 regem
408 2089 527 2117 omnibus
539 2089 641 2116 veniant
651 2089 725 2124 dare,
737 2098 790 2125 non
806 2094 860 2116 tam
871 2090 951 2125 facile
961 2099 1020 2118 cre-

231 2135 304 2172 dent,
318 2135 400 2162 donec
414 2126 532 2162 uiderint
547 2135 664 2161 onmium
676 2135 901 2172 improbissimum
918 2137 1020 2164 veniant

230 2185 421 2208 consecutum:
437 2179 513 2216 nulla
534 2180 604 2207 enim
622 2185 712 2215 postea
730 2181 864 2210 dubitatio
880 2185 1017 2218 supererit.

232 2224 290 2252 Hoc
302 2230 327 2252 et
347 2223 449 2252 Paulus
463 2225 529 2260 dicit
542 2232 551 2252 :
562 2224 632 2259 quod
646 2232 736 2259 nempe
747 2225 833 2253 volens
846 2226 917 2254 Deus
932 2227 1019 2254 horni-

232 2273 275 2307 »ξιτ
291 2268 414 2295 certiores
427 2268 523 2303 facere,
538 2269 608 2304 quod
625 2270 715 2296 omnia
734 2269 789 2297 illis
805 2271 943 2305 condonet,
957 2281 1017 2299 eum

233 2306 275 2349 qui
287 2314 348 2348 plus
364 2322 444 2350 quant
456 2306 545 2341 omnes
556 2320 662 2349 peccato
680 2316 808 2343 obnoxius
823 2321 891 2350 erat,
908 2317 1015 2353 delegit.

241 2353 245 2356 ’
267 2360 367 2388 Verum
377 2360 412 2387 ad
423 2360 476 2387 alia
488 2365 677 2399 properantes,
691 2370 772 2388 unam
783 2362 873 2390 adhuc
884 2363 1017 2398 objectio-

230 2414 291 2445 nem
307 2405 426 2434 breviter
440 2406 548 2446 solvere
562 2410 656 2434 nostra
671 2407 795 2441 interest,
814 2415 870 2443 qua
885 2409 1015 2437 nimirum

229 2452 368 2488 impetitur
383 2451 467 2486 hujus
480 2450 609 2490 Epistula:
623 2452 776 2488 integritas.
799 2452 944 2481 Nonnullis
964 2454 1016 2481 ita-

228 2505 282 2533 que
293 2498 359 2525 viris
367 2497 481 2525 eruditis
494 2502 700 2536 monumentum
713 2498 785 2526 istud
797 2500 1016 2528 vetustissimum

229 2545 271 2572 vel
284 2545 420 2579 plerisque
437 2544 614 2581 insitionibus
625 2544 768 2578 infectum,
790 2546 832 2572 vel
843 2546 937 2574 otiosis
949 2547 1016 2574 laci—

229 2582 283 2619 niis
298 2592 408 2619 aliunde
424 2592 521 2620 ascitis
532 2593 680 2625 adauctum
696 2593 814 2628 videtur.
833 2592 862 2620 Si
878 2599 969 2622 autem
981 2594 1016 2622 ab

230 2637 327 2678 iisdem
347 2645 455 2672 quaeras
467 2645 518 2675 cur
535 2637 644 2677 demum
657 2637 814 2675 istiusmodi
825 2638 961 2673 judicium
976 2638 1016 2666 t'e-

1081 238 1229 265 momentis
1256 238 1366 267 innixas
1390 239 1439 267 tibi
1453 240 1615 268 obtrudunt.
1633 240 1662 268 ln
1687 241 1784 276 primis
1803 250 1859 269 vero

1080 283 1258 317 posteriorem
1276 282 1405 318 Epistolas
1421 289 1524 319 partem
1535 287 1741 321 paraeneticam,
1754 293 1859 322 quatuor

1080 328 1228 362 postremis
1249 329 1384 363 capitibus
1402 330 1483 357 18-21
1500 336 1672 360 constantem
1683 353 1690 366 ,
1706 333 1785 368 plane
1803 335 1860 361 sub-

1078 371 1194 399 dititiam
1219 380 1281 400 esse
1306 375 1483 402 contendunt.
1510 375 1626 411 Jamque
1647 377 1860 413 interpolamenti

1079 419 1280 453 suspicionem,
1295 428 1311 447 a
1325 421 1428 448 coactis
1443 421 1581 458 allegoriis
1600 423 1719 459 aliisque
1734 425 1860 460 capitibus

1078 465 1199 500 petitam,
1217 467 1300 494 modo
1326 468 1394 495 satis
1410 467 1541 497 diluimus
1556 477 1563 495 :
1581 478 1655 498 nunc
1669 479 1734 498 vero
1752 472 1786 499 ad
1802 472 1861 499 illud

1076 511 1245 545 prmeipuum
1268 512 1302 539 de
1316 513 1501 541 additamento
1515 515 1589 550 quod
1612 516 1752 552 objicitur,
1768 518 1860 552 stylum

1077 557 1277 584 convertimus.
1290 557 1346 586 Nec
1358 559 1450 586 multis
1465 561 1576 595 quidem
1588 569 1668 597 opus,
1684 571 1740 598 qua.
1753 564 1861 591 evanida

1076 602 1219 630 evincatur
1232 604 1423 640 interpellatio.
1438 607 1564 636 Ciemens
1576 617 1695 645 namque
1706 610 1862 639 Alexandri-

1077 657 1129 676 nus
1140 649 1230 677 locum
1244 651 1341 678 recitat
1352 660 1384 679 ex
1401 652 1529 687 Epistula:
1543 659 1642 682 nostra:
1655 656 1746 691 capite
1760 657 1861 688 uitium,

1077 694 1246 731 descriptum
1281 698 1356 725 hisce.
1376 699 1466 727 verbis
1476 700 1499 717 ⁶⁸
1518 709 1525 727 2
1551 700 1660 736 Ἀμέλει
1691 702 1830 737 μυστικῶς
1849 704 1862 729 ὁ

1076 741 1227 776 Βαρνάϐας·
1253 743 1279 769 Ὁ
1293 743 1328 770 δὲ
1343 745 1414 779 Θεὸς
1431 748 1448 773 ό
1469 747 1521 774 τοῦ
1537 747 1650 781 παντὸς
1674 749 1792 783 κόσμου
1816 759 1862 777 κυ-

1072 785 1199 820 ριεύων,
1218 796 1295 823 φησι,
1315 789 1375 823 δῴη
1388 790 1459 824 ὑμῖν
1476 792 1605 826 σοφίαν,
1618 802 1645 820 κ.
1661 802 1688 820 τ.
1705 794 1730 821 λ.
1757 794 1863 829 Mystice

1076 832 1192 867 profecta
1203 833 1340 862 Barnabas
1350 843 1360 862 .'
1377 846 1386 861 ι
1398 835 1468 864 Deus
1481 839 1526 870 qui
1537 839 1657 866 uniuerso
1667 840 1766 866 mundo
1781 841 1863 867 domi-

1043 902 1064 929 Β
1077 884 1168 928 natur,
1187 879 1289 915 inquit,
1301 881 1343 907 det
1364 882 1435 909 nobis
1450 884 1619 918 sapientium,
1641 896 1650 911 ι
1666 891 1719 914 ctc.
1736 887 1862 922 Urigenes

1076 923 1140 951 item
1152 925 1244 953 verbis
1259 926 1461 961 disertissimis,
1476 933 1504 956 et
1523 929 1634 964 quidem
1651 931 1762 959 duobus
1776 933 1803 959 in
1824 933 1860 960 lo-

1075 970 1116 998 cis
1134 970 1167 1004 “,
1184 970 1315 1000 Barnabas
1335 975 1498 1002 sententiam
1514 975 1606 1004 laudat
1633 977 1667 1004 de
1687 978 1792 1006 duabus
1806 979 1860 1011 riis,

1074 1024 1135 1051 quae
1150 1016 1177 1043 in
1198 1018 1258 1052 ejus
1279 1017 1407 1053 Epistolas
1430 1021 1519 1055 capite
1543 1022 1576 1049 18
1596 1025 1717 1051 occurrit
1740 1033 1746 1050 :
1765 1024 1862 1053 Eadm:

1073 1070 1184 1097 quoque,
1201 1063 1307 1098 inquit,
1328 1063 1467 1092 Barnabas
1482 1066 1510 1093 in
1532 1065 1655 1102 Epistula
1669 1077 1719 1096 sua
1729 1070 1861 1103 declarat,

1073 1117 1131 1136 sum
1143 1110 1210 1137 duas
1228 1111 1282 1138 vias
1300 1119 1355 1139 esse
1373 1112 1451 1145 dicit,
1464 1121 1544 1139 unam
1556 1113 1623 1140 lucis
1635 1135 1642 1148 ,
1662 1115 1778 1142 alterum
1797 1122 1863 1144 tene-

1073 1155 1193 1188 brarum,
1204 1157 1297 1191 quibus
1319 1161 1344 1183 et
1354 1165 1466 1191 praeesse
1481 1164 1564 1185 certos
1577 1167 1692 1195 quosque
1704 1161 1812 1196 angelos
1823 1163 1862 1188 di-

1073 1201 1120 1227 cit.
1140 1200 1185 1228 Sic
1199 1207 1226 1228 et
1240 1200 1269 1228 S.
1286 1201 1470 1239 Hieronymus
1487 1204 1514 1231 in
1527 1204 1597 1232 libro
1609 1213 1704 1240 quem,
1718 1206 1859 1235 Philonem

1072 1253 1099 1274 ot
1113 1248 1254 1282 Origenem
1271 1248 1403 1282 imitatus,
1417 1249 1454 1277 De
1467 1251 1603 1278 nominum
1619 1251 1812 1280 Hebraicorum
1823 1255 1861 1281 in.

1073 1295 1260 1328 terpretatione
1274 1295 1441 1330 composuit,
1455 1296 1525 1323 inter
1537 1295 1668 1325 llebraica
1682 1299 1796 1326 nomina
1804 1307 1861 1335 qua

1073 1339 1099 1366 in
1114 1338 1244 1367 Barnabm
1256 1339 1376 1374 Epistula
1392 1346 1510 1376 exstant,
1522 1350 1616 1370 vocem
1631 1343 1717 1371 Satan
1729 1351 1860 1378 recenset,

1072 1392 1134 1419 qme
1153 1393 1219 1412 sane
1243 1393 1298 1413 non
1322 1386 1386 1414 alibi
1408 1395 1491 1422 quam
1517 1388 1543 1415 ln
1565 1388 1655 1424 capite
1680 1389 1714 1417 i8
1739 1390 1861 1426 ejusdem

1073 1429 1201 1465 Epistulae
1217 1432 1350 1459 occurrit.
1370 1432 1441 1460 Cum
1455 1433 1549 1468 itaque
1564 1433 1620 1468 jam
1638 1434 1701 1462 inde
1722 1443 1739 1462 ιι
1754 1437 1862 1464 mulis

1072 1484 1102 1507 ιι.
1116 1485 1146 1504 ιιι
1158 1482 1185 1505 ct
1199 1485 1224 1504 ιν
1251 1477 1363 1505 Patrum
1387 1480 1586 1513 vetustissimi,
1600 1480 1728 1508 Clemens
1742 1482 1861 1509 Alexan-

1073 1522 1180 1556 drinus,
1195 1524 1324 1559 Origenes
1339 1529 1421 1559 atque
1436 1524 1632 1561 Hieronymus,
1653 1527 1749 1554 eadem
1766 1535 1800 1555 ac
1813 1536 1863 1555 nos

1037 1577 1060 1608 α
1073 1569 1222 1596 etiamnum
1242 1570 1269 1597 in
1287 1570 1419 1598 Barnabas
1432 1570 1553 1606 Epistula
1569 1572 1752 1607 perlegerim;
1766 1574 1862 1601 innue-

1071 1614 1124 1641 rito
1145 1614 1285 1642 enimvero
1307 1614 1487 1650 posteriorem
1503 1615 1626 1651 ejusdem
1644 1621 1750 1651 partem
1765 1617 1862 1644 subse-

1071 1660 1141 1688 cutis
1153 1661 1322 1696 temporibus
1337 1660 1421 1688 fuisse
1441 1661 1643 1696 superadditam
1654 1682 1663 1695 ,
1680 1662 1807 1689 nonnulli
1820 1670 1862 1688 rc-

1070 1706 1208 1733 ccntiores
1232 1707 1418 1741 suspicantur.
1442 1705 1512 1734 Hinc
1526 1714 1590 1734 vero
1606 1706 1722 1741 ipsemet
1743 1708 1862 1735 Dudwel'

1071 1751 1113 1779 lus
1123 1752 1148 1768 "
1163 1756 1284 1779 veterum
1305 1753 1467 1780 auctoritate
1491 1757 1643 1787 permotus,
1659 1759 1783 1788 quatuor
1807 1754 1862 1780 lau-

1071 1797 1134 1825 data
1151 1802 1288 1832 postrema
1309 1799 1397 1833 capita
1412 1798 1545 1826 Barnabas
1560 1798 1721 1834 abjudicare
1736 1807 1794 1826 non
1814 1807 1862 1826 au-

1070 1843 1133 1876 det,
1154 1843 1218 1871 licet
1233 1851 1265 1870 ea
1283 1851 1334 1879 pro
1358 1844 1480 1879 ejusdem
1502 1844 1633 1871 Barnabas
1647 1844 1742 1880 διδαχῇ
1767 1845 1862 1872 haberi

1070 1897 1153 1925 posse
1166 1890 1304 1925 conjiciat.
1324 1890 1376 1918 Sed
1390 1896 1449 1918 esto
1463 1899 1470 1918 :
1489 1891 1599 1927 διδαχῆς
1611 1892 1721 1919 titulum
1735 1893 1864 1928 aliquan-

1069 1936 1106 1964 do
1121 1944 1176 1971 prae
1194 1944 1224 1964 se
1237 1937 1350 1964 tulerint
1368 1937 1436 1971 ista;
1449 1945 1515 1964 num
1528 1937 1590 1965 ideo
1607 1938 1747 1972 sequioris
1762 1947 1863 1967 manus

1072 1986 1259 2009 sssumentum
1274 1989 1335 2009 esse
1351 1982 1414 2016 jure
1431 1982 1494 2017 quis
1509 1982 1632 2009 dixerit?
1646 1992 1655 2008 ι
1672 1981 1824 2016 Nimirum,
1835 1989 1863 2010 ut

1073 2027 1161 2055 verbis
1177 2032 1239 2055 utar
1253 2027 1288 2055 cl.
1310 2027 1417 2060 Falli",
1432 2028 1459 2054 in
1483 2027 1580 2063 primis
1601 2029 1710 2056 saeculis
1724 2030 1861 2061 nonnulli,

1071 2077 1101 2102 ut
1113 2073 1246 2101 adversus
1264 2073 1382 2100 haereses
1396 2074 1606 2108 praescriherent
1626 2079 1675 2102 aut
1691 2075 1796 2109 placita
1813 2084 1862 2102 sua

1069 2119 1312 2152 commendarent,
1336 2118 1463 2154 dogmata
1489 2119 1705 2154 apostolicorum
1735 2121 1862 2147 virorum

1070 2165 1178 2200 scriptis
1192 2164 1370 2197 mandarunt,
1383 2169 1411 2192 et
1424 2165 1534 2192 illorum
1549 2165 1662 2202 διδαχάς
1674 2167 1861 2202 appellarem.

1071 2210 1156 2246 Hujus
1171 2210 1278 2246 generis
1298 2211 1406 2238 videtur
1422 2211 1509 2238 fuisse
1522 2211 1591 2238 liber
1602 2220 1684 2247 quem
1702 2219 1864 2240 memorant

1034 2245 1056 2272 θ
1071 2245 1204 2285 Eusebius
1213 2257 1235 2273 "
1248 2262 1275 2284 et
1297 2257 1464 2285 Athanasius
1477 2258 1509 2290 ³⁸,
1525 2245 1768 2294 crtjusepigrapbe
1777 2265 1841 2287 erat
1855 2270 1863 2287 ι

1072 2304 1124 2331 τῶν
1140 2304 1296 2330 ἀποστόλων
1311 2303 1426 2339 διδαχαι.
1445 2303 1497 2331 Sed
1509 2309 1690 2339 praeterquam
1710 2306 1789 2339 quod
1812 2314 1864 2332 nu-

1071 2356 1164 2377 merus
1172 2356 1314 2381 versuum,
1326 2349 1352 2375 in
1368 2348 1785 2383 Stichometriisantiquissimis
1799 2350 1863 2376 huic

1071 2395 1197 2430 Epistulae
1220 2395 1386 2430 assignatus,
1412 2394 1510 2422 suadet
1532 2394 1604 2422 hanc
1621 2395 1815 2423 accessionem
1829 2397 1864 2422 aJ

1069 2440 1129 2475 ejus
1145 2440 1244 2467 molem
1263 2440 1376 2466 omnino
1389 2439 1542 2467 desiderari
1557 2449 1564 2473 ;
1583 2441 1688 2475 pariter
1704 2448 1719 2467 a
1733 2440 1854 2468 Clemeu

1070 2490 1094 2513 te
1105 2484 1290 2512 Alexandrino
1306 2489 1333 2512 et
1347 2485 1472 2520 Origene,
1486 2493 1535 2513 nec
1550 2492 1604 2513 non
1620 2490 1736 2514 auctore
1751 2486 1866 2514 Cortle

1070 2532 1204 2559 tutionum
1217 2531 1354 2565 laudatur,
1375 2539 1407 2558 ac
1424 2531 1484 2558 alia:
1498 2537 1590 2567 partes
1608 2532 1691 2567 hujus
1716 2532 1863 2568 Epistolas.

1070 2577 1103 2605 Et
1116 2578 1139 2605 si
1153 2578 1181 2604 in
1201 2577 1304 2605 Latinis
1322 2579 1522 2613 exemplaribus
1537 2579 1686 2606 desiderari
1701 2599 1708 2611 ,
1726 2580 1863 2607 idoneum

1069 2625 1106 2653 sit
1124 2631 1313 2659 argumentum
1330 2625 1402 2652 unde
1420 2625 1520 2653 conlici
1538 2626 1642 2660 possit,
1658 2626 1799 2662 quidquid
1822 2628 1864 2654 sic

266 2725 289 2764 f“
303 2724 427 2764 0_r_ig_en._,
442 2729 512 2752 cont.
529 2725 665 2764 ςειιιηιίιι.Δ
676 2734 695 2757 ι,
709 2726 777 2761 ςσδ.
799 2727 820 2764 ³ξ³
835 2726 913 2764 Vino.
933 2727 1031 2764 Lirim,
1044 2727 1193 2764 common,
1209 2726 1296 2764 cap._l
1303 2726 1328 2764 7:
1349 2727 1371 2742 ⁶⁰
1391 2727 1513 2764 Hierom,
1529 2727 1577 2755 lib.
1601 2735 1631 2755 ιιι
1646 2733 1734 2755 contr.
1749 2728 1861 2764 Pelag"

322 2761 429 2802 “Ll’sal.
456 2768 490 2802 sv
501 2779 509 2788 .
522 2761 549 2786 4.
589 2761 611 2776 δ’
637 2759 888 2802 (ἐξιξγὲοειπκιιοηιῂ
900 2762 959 2802 {in
971 2762 1082 2802 Epist_._l
1101 2762 1136 2802 pd
1150 2761 1230 2802 Τὶζη.⁷
1241 2759 1297 2802 52,
1309 2761 1378 2796 Opp.
1395 2767 1460 2802 tum.
1476 2762 1524 2802 rx,
1539 2771 1601 2802 pAag.
1621 2764 1684 2791 569.
1709 2763 1750 2802 _“
1765 2759 1858 2802 Clein.

231 2795 320 2830 Aleae,
335 2794 433 2822 Strom.
459 2795 506 2822 lio.
521 2803 550 2826 ιι,
568 2803 629 2830 cap.
653 2794 737 2830 {8,p.
754 2797 815 2824 ΗΞ.

231 2804 320 2834 me},
335 2804 433 2834 orrum.
460 2804 550 2836 ιιυπιι,
563 2804 629 2836 cap.
653 2804 737 2857 ιδ,

231 2832 259 2855 ut
271 2829 318 2856 ΙιΙ).
333 2837 341 2856 ι
362 2829 488 2862 tandem,
505 2838 532 2856 ιιι
547 2830 634 2863 bpist.
650 2832 684 2856 ad
732 2840 745 2858 o

749 2840 795 2868 m.,
813 2831 889 2868 17.724.
929 2831 1071 2864 6’7Dodw.,
1087 2831 1200 2868 Dissert.
1219 2839 1227 2858 ι
1258 2833 1284 2859 in
1303 2831 1415 2868 Περι,ίὲ

868 2797 892 2812 ⁵⁵
906 2796 1023 2832 Οιίεειιη

868 2832 889 2859 ι.
929 2833 951 2848 ⁸³
966 2832 1021 2859 Dod

1073 2798 1112 2836 ερὶ
1123 2796 1224 2832 ἀρχῶν,
1240 2796 1286 2837 lib.
1305 2805 1346 2829 ιιι,
1359 2805 1419 2832 cap.
1434 2797 1462 2829 2,
1478 2796 1615 2833 μων.
1628 2803 1697 2861 torp.
1709 2798 1730 2831 1,
1746 2807 1776 2834 p.
1794 2800 1858 2829 MU.

1091 2832 1200 2859 Dissert.
1219 2839 1227 2858 l
1258 2840 1284 2859 ιιι
1303 2831 1415 2861 Iren..§
1437 2833 1481 2861 5i.
1498 2842 1524 2861 ι).
1541 2833 1586 2861 56.
1627 2835 1650 2850 εθ
1678 2834 1731 2861 ‘ell.
1746 2840 1806 2861 not.
1822 2836 1858 2861 ad

1686 2843 1702 2863 ε

1437 2833 1481 2865 δι,
1498 2842 1524 2868 p.
1541 2833 1586 2861 su.
1627 2835 1650 2850 εθ
1665 2833 1731 2863 t‘eu.
1746 2833 1806 2862 am.
1822 2836 1858 2861 ιιι

235 2863 350 2891 Barnab.
370 2864 468 2899 Εμιει.⁷
486 2872 545 2900 cap.
564 2865 607 2892 18.
647 2866 668 2882 ⁸⁷
682 2865 794 2901 Euscb.,
812 2867 885 2896 Hist.
900 2868 976 2902 εει-ιη
989 2868 1023 2897 lib

1073 2876 1093 2907 ι,
1106 2875 1166 2904 cap.
1182 2867 1227 2896 25.
1267 2868 1289 2883 ⁸³
1302 2863 1552 2904 ΑιΙιειιιΪρρίειίὸο.
