1916 3104
21 146 66 174 693

681 142 946 172 PROLEGOMENA.

1578 143 1631 174 69‘

23 202 136 239 μιιοῦρσν
152 206 207 236 est,
227 202 377 239 genuinum
399 210 453 231 non
474 209 536 231 esse
558 202 710 238 scriptum;
724 202 795 238 peri-
810 204 833 232 Α
847 203 965 230 maxime
976 203 1057 230 etiam
1082 202 1206 231 eamdem
1232 203 1343 239 insuper
1359 203 1486 232 habeam.
1512 203 1545 232 Et
1567 205 1630 240 jure

21 249 145 276 clitabitur
157 249 262 284 prioris
274 248 404 284 Epistolae
422 249 508 284 partis
531 248 609 281 ﬁdes,
624 248 796 283 quandoqui-

21 295 79 322 dem
88 293 178 322 Gratce
201 303 259 322 non
282 300 449 330 compareat.
467 294 677 322 Conc.usionem
691 301 752 329 quae
767 293 794 320 in

21 340 113 368 Latinis
133 340 341 376 exemplaribus
357 339 498 368 ltodiernis
511 344 662 375 comparet,
676 339 795 366 librariis

21 384 100 412 deberi
114 383 232 412 libenter
248 384 454 418 concesserim;
471 384 606 419 siquidem
622 383 641 411 ii
660 384 795 411 istiusmo-

21 429 43 456 di
59 429 164 465 epilogis
180 429 270 457 libros
285 437 301 457 a
316 437 345 457 se
359 429 530 464 conscriptos
546 429 611 456 alibi
631 428 735 464 passim
751 436 796 455 or-

22 479 118 504 narunt.
141 475 196 503 Sed
222 479 252 503 et
278 475 381 503 iterata:
395 475 552 511 scriptionis
571 481 633 511 post
645 475 794 503 solemnem

21 521 216 549 valedietionem
231 529 289 549 non
304 520 404 549 desunt
414 520 547 556 exempla.
564 519 610 548 Sic
624 519 710 555 Epist.
726 518 747 545 ll
761 518 795 546 ad

22 567 199 600 Timotheum,
212 572 278 602 post
299 566 488 602 doxologiam,
507 566 631 601 quaedam
655 570 795 600 resumpto

21 615 113 642 calamo
127 613 340 645 subnectuntur,
358 618 388 640 ut
403 613 458 640 alia
473 612 534 648 ejus
556 611 664 648 generis
685 615 795 646 praeter-

21 667 79 687 eam.
93 669 102 686 ι
116 658 178 687 llaec
190 659 248 686 ille.

50 706 85 733 Ad
109 706 230 741 reliquas
253 705 364 733 levioris
379 705 509 733 momenti
528 703 701 732 ditlicultates
721 704 795 739 quod

22 751 114 783 attinet,
136 750 197 778 illas
210 750 283 777 mira
304 757 371 778 sane
386 750 548 778 dexteritate
562 748 688 777 dissolvit
708 748 794 783 Pape-

22 796 136 824 broehius
147 797 189 823 vir
204 796 385 824 doctissimus
397 796 429 829 ",
443 803 525 831 quem
542 795 655 831 proinde
666 795 795 822 consule-

22 849 46 869 re
58 846 171 877 praestat.
188 841 245 870 Eas
261 842 338 876 item,
356 846 386 869 ut
407 842 523 877 tempori
544 848 665 876 parcam,
681 844 790 876 praeter-

847 248 968 284 quidem.
985 248 1053 276 Nam
1078 257 1139 284 quae
1160 250 1315 278 communis
1338 248 1425 278 fertur
1449 250 1582 279 sententia
1596 251 1630 279 de

847 294 978 322 Barnabas
995 294 1047 322 sub
1062 293 1169 323 Nerone
1187 295 1328 331 martyrio,
1346 296 1422 323 nullo
1441 295 1538 324 idoneo
1550 301 1629 330 teste.

847 340 921 367 nulla
948 345 1070 368 veterum
1102 341 1266 369 auctoritate
1282 341 1438 375 ,ﬁrmatur;
1469 341 1630 377 nullumque

847 385 919 421 apud
936 386 1064 422 antiquos
1078 387 1227 422 scriptores
1243 387 1388 423 vestigium
1409 387 1541 421 occurrit,
1558 389 1630 416 unde

846 439 901 467 quo
931 437 1054 467 tempore
1077 440 1234 468 supremum
1259 433 1331 462 diem
1359 433 1458 462 obierit
1479 433 1628 467 Barnabas.

846 482 921 505 certo
933 482 1080 506 statuatur.
1094 478 1194 506 Contra
1206 486 1281 513 vero,
1301 487 1363 507 cum
1378 484 1484 508 constet
1493 488 1528 509 ex
1543 480 1627 508 Euse-

845 522 892 550 bio
904 522 928 538 ⁷⁸
943 527 970 551 et
990 522 1155 559 Hieronymo
1167 523 1202 557 ",
1215 524 1355 559 apostolos
1375 523 1486 552 Petrum
1510 529 1538 552 et
1557 524 1631 552 Pau-

846 568 902 596 lum
920 569 1018 596 ultimo
1042 568 1158 597 Neronis
1170 577 1253 603 anno,
1263 569 1290 598 id
1300 574 1341 598 est
1354 577 1427 598 anno
1446 570 1492 603 68,
1505 570 1638 606 martyriir

846 614 965 648 palmam
977 614 1063 642 fuisse
1075 615 1188 650 adeptos
1206 624 1212 642 :
1230 615 1326 651 quidni
1337 623 1402 651 ergo
1417 615 1556 643 Barnabas
1569 619 1630 651 post

845 663 951 694 captam
966 667 981 687 a
997 658 1059 687 Tito
1082 659 1298 696 Hierosolymam
1319 668 1392 688 anno
1407 661 1452 694 70,
1467 661 1571 696 aliquot
1584 662 1630 688 ad-

846 705 899 733 huc
913 713 1000 733 annos
1011 705 1046 733 ab
1063 713 1157 734 eorum
1173 707 1360 741 apostolorum
1383 707 1515 742 martyrio
1529 707 1631 735 vixisse

844 752 977 786 potuerit,
997 756 1024 779 et
1037 751 1146 787 quidem
1169 752 1196 780 in
1219 752 1316 787 primis
1331 759 1393 780 cum
1410 752 1467 787 jam
1495 760 1511 781 c
1538 753 1629 780 medio

845 797 953 825 sublato
979 796 1097 831 Nerone,
1121 799 1276 834 persecutio
1300 799 1428 832 desierit;
1454 803 1484 826 ut
1514 799 1628 834 proinde

844 845 916 872 circa
933 851 1034 872 annum
1053 843 1087 870 72
1104 848 1151 872 aut
1167 844 1201 872 75
1212 844 1360 880 Epistolam
1374 845 1535 880 scripserit?

22 889 88 938 Tm"
102 896 160 938 (ἔξω
178 896 196 938 Ξ
218 887 330 938 Momm
351 887 470 938 Primum
482 934 487 938 _
500 887 636 920 “cumet
659 886 757 938 dfinde
777 893 793 913 ³
808 892 832 922 Β
879 901 915 928 At
930 901 1003 928 enim
1018 908 1052 929 ex
1068 901 1215 929 Alexandri
1230 901 1360 930 monachi
1376 901 1465 938 elogio
1480 902 1507 929 in
1520 900 1549 929 S.
1562 901 1629 929 Bar-

22 934 154 968 Tentzelio,
176 934 317 970 Basnagio
340 935 457 970 aliisque
481 934 641 962 instaurata:
666 933 792 966 fuerunt;

21 988 48 1007 eo
64 981 100 1008 vel
115 980 236 1008 maxime
247 980 322 1016 quod
334 980 493 1016 Moynianas
508 979 694 1014 perstringens
709 978 794 1013 potis-

21 1027 107 1055 simum
118 1027 151 1055 cl.
168 1026 306 1055 Nourrius
317 1027 352 1060 "°,
367 1027 435 1055 alias
448 1033 559 1062 quoque
575 1026 688 1054 diluisse
702 1025 793 1053 videa-

22 1078 66 1100 tur.
84 1073 229 1105 Caeterum,
247 1072 322 1108 quod
332 1072 459 1100 laudatus
478 1071 682 1106 Papebrochius
698 1078 730 1097 ex
743 1071 793 1098 liu-

19 1117 56 1151 jus
68 1117 189 1152 Epistolas
217 1118 308 1153 capite
323 1117 357 1144 15
380 1117 538 1152 conjecerit,
569 1116 644 1143 illam
670 1115 742 1143 forte
757 1116 792 1142 ab

20 1162 98 1196 aliquo
109 1162 309 1190 Chiliastarum
325 1167 386 1198 post
397 1170 499 1190 annum
518 1162 552 1190 97
575 1161 661 1189 fuisse
673 1161 792 1197 perscri-

21 1211 97 1240 ptam;
108 1215 140 1235 ex
153 1215 186 1235 ea
201 1207 316 1243 quidem
339 1207 497 1244 suspicione
513 1207 603 1242 ipsum
625 1207 793 1234 exemissent

22 1252 186 1283 Menardusin
195 1254 296 1289 primis
311 1259 338 1281 et
350 1253 515 1286 Cotelerius,
527 1260 644 1288 quorum
659 1253 792 1280 editiones

23 1299 99 1327 videre
109 1300 159 1328 sibi
174 1300 252 1328 haud
263 1299 412 1335 contigisse
432 1303 560 1327 testatur.

314 1356 428 1385 CAPUT
442 1356 486 1385 Ill.

106 1403 163 1436 Quo
179 1407 299 1438 tempore
313 1403 412 1437 scripta
426 1403 518 1438 fuerit,
536 1402 690 1438 inquiritur.

50 1447 97 1476 Sed
110 1449 217 1476 tandem
233 1448 270 1476 ad
281 1452 389 1483 tempus
408 1448 598 1483 inquirendum
618 1447 790 1481 accedamus,

22 1502 67 1530 quo
81 1495 196 1530 Epistola
209 1496 272 1530 ipsa
284 1499 397 1522 exarata
408 1494 495 1522 fuisse
505 1494 688 1523 existimatur.
706 1493 792 1521 Nimi-

22 1549 84 1574 rm,
103 1546 130 1568 ut
143 1541 247 1577 optime
259 1540 404 1574 Millius",
423 1540 504 1575 paulo
525 1543 587 1574 post
607 1547 709 1567 annum
733 1546 792 1566 acra:

22 1587 126 1622 vulgaris
137 1587 181 1621 70,
196 1587 257 1615 sive
271 1594 334 1614 cum
354 1586 411 1621 jam
434 1593 530 1613 recens
545 1585 642 1613 fuisset
666 1592 791 1612 eversum

22 1634 147 1668 templum,
163 1634 310 1668 deletaque
331 1633 399 1661 urbs
422 1631 679 1667 Hierosolymitana.
707 1630 741 1658 Et
765 1631 792 1658 id

22 1680 116 1714 quidem
128 1689 161 1708 ex
175 1682 274 1708 eadem
298 1679 419 1715 Epistola
444 1679 512 1706 satis
535 1678 630 1714 liquet.
655 1677 701 1705 Sic
717 1677 790 1705 enim

22 1726 194 1764 ἱὺίτ¹ςΠέρςις
202 1726 279 1762 γοῦν
295 1726 374 1753 πάλιν
388 1725 470 1760 λέγει·
485 1735 495 1751 ι
515 1725 579 1752 Ἰδοὺ
595 1725 619 1751 οἱ
628 1724 786 1756 καθελόντες

22 1772 58 1798 τὸν
66 1773 122 1800 ναὸν
132 1773 237 1805 τοῦτον,
245 1772 323 1799 αὐτοὶ
331 1771 411 1811 aii-rev
422 1771 635 1806 οἰκοδομήσουσι.
645 1769 792 1796 I‘lNETAl.

23 1819 63 1846 Διὰ
80 1819 130 1854 γὰρ
155 1819 186 1846 τὸ
213 1819 344 1854 πολεμεῖν
366 1818 474 1850 αὐτοὺς,
496 1816 635 1853 καθῃρέθη
657 1816 710 1843 ὑπὸ
739 1815 794 1842 τῶν

23 1864 112 1900 ἐχθρῶν
124 1865 206 1892 ΝΥΝ.
232 1875 242 1890 ι
267 1864 302 1890 Ει
330 1864 435 1891 tandem
457 1871 548 1890 rursus
576 1863 614 1889 ait
629 1862 653 1878 "
669 1870 678 1889 :
696 1871 705 1888 ε
727 1861 794 1889 Ecce

23 1911 59 1944 qui
69 1911 251 1938 destruet-unt
265 1910 389 1944 templum
402 1910 462 1941 hoc,
471 1909 523 1943 ipsi
536 1907 604 1935 illud
612 1907 794 1943 aediﬁcabant.

25 1954 96 1990 quue
116 1964 224 1983 even”.
252 1954 324 1982 Nam
339 1956 403 1991 quia
429 1955 526 1983 bellum
549 1959 651 1990 gerunt,
671 1963 738 1983 nunc
761 1954 793 1981 ab

24 2000 126 2029 hostibus
149 2002 316 2029 destructum
341 2006 391 2028 est.
414 2010 423 2027 ι
442 2000 479 2027 lta
495 2001 567 2028 enim
584 2008 646 2028 cum
668 2000 743 2028 Fello
768 2004 796 2028 et

25 2046 142 2074 Colelerio
167 2048 194 2075 in
210 2048 286 2075 edito
305 2047 514 2082 distinguendus
535 2046 580 2074 hic
604 2047 692 2080 locus,
709 2047 795 2074 recla-

25 2097 103 2120 mante
116 2093 177 2121 licet
192 2093 333 2124 Menardo,
353 2092 400 2128 qui
424 2092 456 2120 τὸ
475 2092 534 2119 νῦν
555 2092 626 2120 male
649 2092 727 2128 jungi
743 2100 795 2120 no-

27 2137 82 2164 mini
105 2139 216 2173 ἐχθρῶν
230 2138 401 2166 autumabat.

53 2182 122 2211 llaud
147 2185 277 2219 equidem
299 2184 406 2218 ignoro,
428 2183 568 2219 Moynium
587 2187 614 2211 et
626 2183 794 2212 Tentzelium

844 946 942 974 nabam
961 946 1135 982 perspicuum
1147 950 1190 974 est
1208 946 1298 982 ipsum
1311 946 1418 974 vivente
1437 946 1528 974 adhuc
1543 946 1629 974 Paulo

844 992 967 1027 apostolo
983 999 1021 1020 ex
1034 993 1085 1020 hac
1105 993 1161 1019 vita
1175 992 1307 1027 migrasse
1325 1001 1333 1019 :
1346 992 1428 1027 idque
1449 996 1522 1027 patet
1539 999 1573 1019 ex
1588 993 1628 1020 ul-

843 1039 918 1067 timis
930 1039 1003 1067 illius
1015 1039 1106 1067 verbis
1128 1038 1162 1067 ad
1178 1037 1309 1066 Joannem
1325 1037 1458 1072 Marcum,
1480 1039 1625 1066 consobri-

843 1093 908 1112 num
933 1092 1033 1118 suum,
1056 1092 1117 1119 qua:
1144 1084 1184 1112 sic
1211 1092 1241 1112 se
1261 1084 1363 1112 habent
1378 1084 1424 1111 "2
1455 1084 1499 1110 'Ev
1512 1083 1576 1119 τῇδε
1593 1084 1626 1119 τῇ

842 1132 934 1168 ἡμέραι⁵
956 1131 996 1158 δεῖ
1012 1140 1046 1167 με
1061 1130 1235 1166 τελειωθῆναι
1248 1130 1290 1162 εἰς
1311 1129 1361 1162 τὰς
1375 1130 1470 1165 χεῖρας
1484 1129 1538 1156 τῶν
1552 1129 1628 1156 ἀπει-

843 1177 960 1205 θούντων
978 1176 1119 1203 Ἰουδαίων·
1145 1175 1177 1202 σὺ
1201 1175 1230 1202 δὲ
1245 1173 1360 1208 ἐξελθὼν
1385 1173 1437 1207 ἔξω
1459 1173 1509 1209 τῆς
1525 1173 1627 1205 πόλεως

843 1221 913 1248 κατὰ
927 1220 1043 1257 δυσμὰς,
1058 1221 1185 1256 εὑρήσεις
1199 1220 1230 1246 τὸ
1247 1219 1327 1256 σῶμά
1341 1228 1403 1255 μου·
1423 1220 1471 1246 καὶ
1485 1219 1564 1247 τοῦτο
1578 1220 1627 1248 θά-

841 1266 904 1301 ψας,
922 1265 1011 1298 ἔξελθε
1027 1265 1082 1292 ἀπὸ
1099 1265 1223 1301 Κύπρου·
1241 1264 1289 1292 καὶ
1305 1264 1421 1300 πορεύου
1437 1265 1479 1296 εις
1491 1264 1537 1292 τὸν
1551 1264 1626 1292 Παῦ-

841 1312 896 1344 λον,
914 1313 960 1339 καὶ
975 1312 1027 1339 rae:
1051 1312 1109 1348 μετ’
1125 1310 1219 1343 αὑτοῦ,
1239 1311 1291 1343 ἕως
1310 1308 1341 1338 οὗ
1364 1311 1378 1337 ὁ
1400 1310 1503 1346 Κύριος
1527 1311 1628 1338 οἰκονο-

843 1359 925 1395 μήσει
949 1358 984 1385 τὰ
1000 1357 1071 1385 κατὰ
1095 1358 1136 1384 σέο
1153 1357 1245 1393 μέλλει
1264 1356 1319 1393 γὰρ
1333 1357 1365 1384 τὸ
1380 1356 1468 1392 ὄνομά
1482 1365 1529 1383 σου
1544 1365 1627 1392 μεγι-

842 1403 969 1439 λυνοῆναι
998 1403 1027 1430 ὲν
1051 1403 1100 1440 ὅλῃ
1125 1404 1159 1439 τῇ
1180 1402 1338 1439 οἰκουμένῃ.
1362 1401 1450 1429 Hodie
1479 1401 1628 1436 inﬁdelium

841 1450 998 1478 Judcarum
1009 1449 1129 1477 mortibus
1148 1458 1189 1476 me
1200 1449 1378 1476 consummari
1396 1453 1497 1484 oportet
1515 1456 1526 1476 :
1543 1453 1572 1475 tu
1585 1457 1627 1476 ue-

842 1504 872 1523 ro
895 1500 970 1523 extra
985 1495 1130 1528 ciuitatem,
1150 1494 1309 1522 occidentem
1326 1502 1416 1522 versus
1441 1497 1573 1529 egredere,
1600 1499 1626 1521 et

844 1549 937 1576 corpus
959 1549 1045 1568 meum
1063 1541 1176 1568 invenies
1192 1547 1202 1566 :
1221 1540 1290 1575 quod
1310 1548 1371 1568 eum
1390 1539 1533 1575 sepelieris.
1554 1539 1598 1567 exi
1613 1547 1628 1566 s

843 1588 940 1623 Cypro,
955 1593 981 1614 et
1001 1586 1036 1614 ad
1059 1585 1175 1613 Paulum
1189 1586 1371 1622 proﬁciscere;
1386 1590 1412 1613 et
1424 1590 1478 1613 esto
1492 1593 1552 1612 cum
1567 1585 1627 1618 illo,

843 1633 930 1669 quoad
944 1633 1072 1660 Dominus
1094 1641 1136 1660 res
1161 1636 1221 1660 tuas
1242 1631 1402 1667 disposuerit
1422 1639 1431 1659 .'
1447 1631 1567 1666 futurum
1589 1635 1629 1658 est

843 1678 924 1712 enim,
938 1683 966 1705 ut
979 1686 1070 1705 nomen
1083 1683 1156 1705 tuum
1171 1685 1216 1712 per
1228 1681 1310 1704 totum
1325 1682 1456 1704 terrarum
1475 1676 1563 1704 urbem
1585 1675 1630 1702 di-

844 1723 974 1760 eulgetur.
1000 1723 1064 1750 Haec
1082 1723 1131 1750 ibi.
1156 1721 1190 1750 Et
1211 1722 1344 1750 Barnabas
1366 1721 1478 1756 quidem
1507 1721 1628 1749 hortanti

843 1777 948 1797 morem
971 1769 1088 1805 gessisse
1112 1768 1273 1802 Marcum,e
1291 1767 1370 1795 Pauli
1393 1766 1524 1802 Epistolis
1542 1771 1627 1802 patet.

844 1815 894 1844 llic
916 1815 990 1843 enim
1014 1815 1048 1844 ad
1073 1814 1252 1843 Colossenses
1275 1813 1398 1842 scribens
1417 1814 1452 1846 ",
1466 1819 1514 1840 eos
1529 1811 1629 1839 salutat

843 1863 955 1891 nomine
979 1862 1067 1890 Marci
1097 1861 1247 1889 consobrini
1273 1859 1423 1892 Barnabat;
1447 1859 1495 1895 qui
1530 1865 1629 1894 nempe

843 1909 962 1945 primum
984 1908 1013 1936 in
1040 1916 1124 1937 causa
1147 1907 1238 1936 fuerat
1264 1914 1315 1935 cur
1343 1905 1445 1933 Paulus
1467 1913 1484 1932 a
1503 1904 1627 1932 Barnaba

844 1955 998 1988 secesserit,
1013 1959 1044 1982 ut
1062 1954 1179 1982 habetur
1194 1954 1223 1981 in
1237 1953 1314 1981 Actis
1324 1952 1367 1985 τ⁸;
1383 1951 1485 1987 quique
1499 1949 1628 1985 deinceps

844 2001 879 2029 ad
894 2000 1013 2028 otlieium
1031 2007 1168 2033 reversus,
1188 1998 1274 2029 Paulo
1296 1997 1367 2025 ﬁdus
1390 2004 1482 2025 comes
1503 1995 1627 2028 adhaesit,

844 2048 923 2083 eique
937 2048 1047 2075 demum
1062 2050 1125 2082 post
1137 2050 1253 2074 mortem
1266 2043 1398 2072 Barnabte
1411 2043 1504 2070 utilem
1516 2049 1627 2077 operam

844 2095 873 2122 in
895 2094 1049 2122 ministerio
1071 2092 1223 2128 apostolico
1239 2091 1375 2127 praestitit,
1398 2095 1428 2118 ut
1442 2090 1475 2117 ad
1491 2084 1630 2116 Philemo-

845 2145 907 2165 nem
918 2137 942 2154 "’
950 2142 977 2165 et
987 2145 1021 2165 ex
1035 2136 1234 2172 posterioribus
1246 2135 1363 2163 vinculis
1375 2135 1408 2162 ad
1419 2134 1594 2162 Timotheum
1605 2134 1629 2149 “

845 2182 978 2216 scribens,
999 2182 1071 2210 idem
1087 2185 1205 2209 testatur
1226 2180 1384 2214 Apostolus.
1401 2179 1482 2214 Atqui
1500 2181 1562 2214 quae
1576 2178 1629 2206 Co-

26 2226 78 2255 binc
88 2230 174 2263 potius
191 2229 326 2256 Barnabaa
337 2228 511 2264 abjudicandi
534 2228 683 2263 Epistolam
698 2238 794 2258 ansam
810 2232 833 2261 ι)
846 2229 1018 2258 lossensibus
1026 2232 1053 2256 et
1060 2226 1214 2255 Philemoni
1228 2226 1364 2261 inscriptae
1372 2229 1481 2253 exstant
1489 2225 1628 2260 Epistolas,

26 2273 140 2308 arripere,
155 2282 188 2302 eo
202 2275 309 2303 scilicet
321 2275 430 2302 nomine
444 2274 517 2309 quod
534 2277 658 2309 tempora
680 2276 794 2304 minime

25 2319 153 2351 quadrent.
173 2319 315 2347 Barnabas
335 2319 421 2353 enim,
444 2318 583 2354 inquiunt,
600 2327 633 2346 ex
654 2321 794 2348 communi

26 2366 142 2392 sententia
153 2365 261 2393 Nerone
272 2366 423 2401 imperante
430 2367 590 2403 martyrium
607 2366 700 2400 subiit,
712 2366 794 2394 adeo-

26 2417 70 2443 que
88 2416 146 2438 ante
172 2420 256 2447 quain
281 2412 412 2446 templum
438 2412 712 2450 llierosolymitanum
735 2413 794 2441 solo

27 2461 164 2489 aquaretur
176 2466 183 2484 :
198 2465 282 2492 quant
297 2458 406 2492 quidem
419 2458 599 2494 objectioncm
610 2460 678 2487 tanti
690 2459 794 2487 ducunt

28 2499 42 2526 ii
54 2501 98 2528 viri
121 2503 218 2536 critici,
234 2508 265 2530 ut
286 2503 417 2531 invictum
442 2510 632 2540 argumentum
659 2506 794 2540 appellare

29 2552 73 2572 non
84 2546 212 2576 dubitent.
228 2549 357 2576 Attamen
376 2554 481 2577 tantum
496 2551 572 2578 abest
592 2556 621 2578 ut
639 2551 794 2579 istiusmodi

28 2589 160 2620 didicultati
187 2593 242 2620 vim
275 2594 394 2629 aliquam
424 2595 513 2623 inesse
540 2595 585 2623 alii
611 2602 740 2624 censeant
765 2603 795 2625 ut

845 2275 924 2310 juxta
943 2273 1064 2303 virorum
1091 2271 1260 2300 eruditorum
1275 2269 1298 2286 ⁸¹
1314 2269 1487 2302 sententiam,
1501 2269 1536 2296 ab
1557 2269 1629 2303 Apo-

847 2321 918 2350 stolo
940 2323 1058 2348 exarata:
1083 2317 1209 2345 feruntur
1226 2323 1298 2343 anno
1319 2315 1371 2348 62;
1393 2322 1453 2350 quae
1471 2318 1562 2341 autem
1587 2321 1631 2341 se-

848 2366 936 2394 cunda
963 2369 1004 2392 est
1018 2364 1052 2391 ad
1067 2362 1253 2394 Timotheum,
1268 2367 1341 2388 anno
1361 2359 1406 2392 67,
1422 2367 1484 2387 cum
1499 2359 1629 2386 nimirum

844 2412 1008 2450 jampridem
1023 2419 1039 2438 c
1050 2410 1120 2437 vivis
1133 2408 1298 2436 excessisset
1312 2406 1464 2437 Barnabas,
1476 2405 1555 2440 cujus
1567 2405 1630 2431 hor-

847 2449 905 2487 tatu
926 2457 1047 2485 Joannes
1067 2455 1175 2483 Marcus
1189 2454 1287 2482 exinde
1311 2452 1397 2480 Paulo
1414 2458 1474 2478 sese
1500 2449 1628 2478 comitem

846 2505 959 2533 addidit.
976 2502 1015 2530 Ita
1027 2492 1116 2530 lerme
1131 2499 1288 2528 Tentzelius
1302 2498 1336 2530 θ’,
1354 2497 1400 2532 qui
1414 2501 1440 2524 et
1458 2496 1527 2523 hanc
1550 2494 1628 2529 obje—

847 2551 965 2579 ctionem
989 2552 1096 2576 tantum
1122 2545 1250 2582 ponderis
1281 2543 1381 2570 habere
1415 2541 1573 2572 arbitratur,
1599 2545 1630 2567 ut

847 2596 935 2624 eidem
949 2593 1017 2621 nihil
1028 2591 1133 2620 obverti
1147 2598 1227 2627 posse
1238 2592 1375 2617 asseveret
1388 2594 1470 2622 quam
1482 2585 1628 2621 Epistolain

63 2660 216 2701 “.Papebr"
229 2663 290 2690 Act.
303 2662 366 2691 $8..
379 2662 443 2691 Jun.
459 2667 525 2691 tom.
538 2663 570 2697 ll,
592 2672 623 2698 pa
645 2684 652 2691 .
676 2665 740 2698 459,
756 2664 770 2700 §
784 2665 811 2692 5.
850 2665 873 2680 "°
887 2663 986 2690 Nourr.
1004 2663 1072 2713 App.
1085 2661 1118 2689 ad
1136 2661 1208 2688 Bibl.
1222 2655 1280 2688 PP.
1293 2681 1301 2694 ,
1315 2665 1382 2690 tom.
1398 2660 1418 2692 Ι,
1435 2667 1496 2695 pag.
1517 2659 1551 2687 38
1570 2666 1627 2693 seq.

63 2695 128 2726 lltll..
143 2697 288 2726 Proleaom.
304 2699 338 2724 ad
353 2698 392 2726 N.
408 2698 451 2726 T..
468 2698 481 2726 ξ
497 2699 558 2726 144.
599 2673 750 2726 "Eilarnab.
764 2700 849 2726 Enist.
865 2707 926 2726 can.
942 2699 986 2726 16.
1038 2698 1047 2713 ³
1060 2697 1114 2725 lsa.
1129 2704 1204 2726 xux.
1224 2695 1267 2723 i7.
1307 2696 1330 2712 ⁷³
1344 2696 1454 2726 Enseb.,
1472 2695 1583 2726 Cltron.,
1595 2694 1627 2721 ad

25 2697 42 2712 τι
58 2695 338 2734 »ιῑιιη-Ρτοιεςοηείναιι
353 2698 392 2726 N.
408 2698 451 2730 T..
468 2698 481 2734 ἐ
497 2695 567 2726 tu;
593 2695 620 2716 ’τι

674 2701 750 2727 rnab.
761 2699 849 2734 Epist.
865 2707 926 2734 cap.
942 2699 986 2726 16.

26 2739 63 2758 an.
82 2739 197 2769 I_I_Lxxx.
225 2732 392 2769 r"ﬁllicr0n..
414 2734 450 2760 De
472 2732 524 2761 oir.
541 2734 653 2765 illitam.
671 2735 755 2769 cap.l
773 2732 836 2762 015.

1038 2694 1114 2725 ηερ.
1129 2704 1204 2727 xux,
1224 2695 1267 2723 i7.
1307 2696 1330 2712 ⁷³
1344 2694 1454 2727 Eusebi,
1472 2694 1583 2726 Cltron.,
1595 2694 1630 2721 ad

876 2729 995 2760 "'Atvx.
1014 2732 1099 2765 Mam,
1126 2730 1197 2765 apud
1218 2731 1352 2761 Bolland.,
1378 2731 1438 2758 Act.
1455 2729 1629 2765 SS.,,Junii.

27 2771 86 2803 tum.
100 2766 130 2799 Il,
144 2776 205 2803 pag.
218 2768 281 2795 465.
325 2769 347 2784 ⁷⁷
365 2769 473 2796 Coloss.
494 2776 530 2801 Iv,
545 2770 589 2797 i0.
627 2770 649 2785 ⁷⁸
666 2764 724 2796 Aci.
740 2778 785 2802 xv,

847 2770 892 2797 5:).
932 2770 954 2785 ⁷⁹
970 2768 1097 2797 Philoin.,
1116 2764 1192 2803 vers1
1202 2766 1310 2803 μενέω
1323 2766 1439 2803 ᾹΙνΤὶω.
1464 2773 1508 2803 _t_v,
1524 2764 1567 2792 Η.
1600 2764 1628 2803 ι⁸¹

28 2800 123 2838 Prars_..
141 2799 166 2828 in
180 2799 278 2829 Annal.
295 2803 386 2834 ΡαιιΙ..
406 2812 466 2838 pag.
484 2799 530 2835 ‘20,
543 2804 594 2837 25;
609 2804 685 2836 hlill.,
701 2806 726 2831 in
739 2799 888 2837 l’rolegom.
907 2805 940 2831 ad
959 2803 994 2831 N.
1015 2803 1058 2834 'I‘.,
1080 2802 1108 2837 ᾗῇ
1119 2801 1163 2834 80,
1179 2801 1224 2832 82,
1242 2801 1309 2838 19.57;
1323 2801 1441 2838 Tillem.,
1460 2799 1540 2829 Mem.
1551 2799 1628 2832 eccl.,

28 2840 82 2863 (om.
99 2836 118 2869 l,
133 2845 158 2872 p.
171 2837 234 2869 292,
349 2839 371 2855 "
384 2836 478 2867 Toulz.
495 2840 527 2868 ad
543 2839 666 2873 llieron.,
686 2839 723 2867 De
735 2841 783 2868 rir.
802 2836 914 2870 ἱίιιιδιν..
927 2839 991 2867 edit.
1009 2836 1128 2871 l'abrié.,
1146 2845 1205 2872 cap.
1221 2838 1248 2870 ti,
1264 2837 1318 2874 §5,
1332 2845 1392 2872 pug.
1406 2837 1449 2864 ill.
