1916 3104
246 161 299 191 695
827 151 855 179 S.
874 147 1055 178 BARNABAS

245 226 368 249 nostram
379 228 387 253 ;
404 226 465 254 quae
479 218 525 254 qui

244 266 368 302 νόμενον,
392 253 446 292 non
467 253 510 291 est
535 259 687 297 argumenti
714 259 775 286 loco
804 255 978 284 assumenda.
1001 253 1029 280 Id

245 319 312 340 sane
325 319 340 339 a
353 311 414 343 viro
428 309 535 338 erudito
548 308 648 336 nollem
667 305 782 333 dictum.

281 368 337 403 Age
362 374 436 395 nunc
449 365 595 393 videamns‘
612 371 677 390 num
691 361 758 389 adeo
776 360 854 387 firma
876 357 912 386 sit
933 355 1030 385 istius-

245 401 320 440 modi
347 411 477 447 objectio,
499 414 529 437 ut
549 417 609 438 eam
627 407 727 435 nedum
745 404 841 437 everti,
866 403 912 431 sed
927 409 961 429 ne
974 401 1030 428 ullo

245 458 356 494 quidem
370 461 450 493 pacto
469 454 590 483 hebetari
613 454 705 481 liceat.
723 450 800 485 Quod
814 454 844 477 ut
857 453 1028 484 praestemus,

245 493 442 532 advertendum
457 502 577 537 primum
595 499 729 532 omnium,
745 501 829 525 totam
844 493 974 522 Tentzelii
986 500 1030 520 ar-

246 553 478 589 gumentationem
501 550 582 578 unius
610 548 754 577 Alexandri
783 546 912 575 monachi
938 543 1029 580 Cyprii

247 597 405 626 testimonio
427 597 528 628 fulciri,
544 594 687 630 scriptoris
703 593 833 620 nimirum
852 590 961 619 obscuri
977 597 1029 617 no-

246 645 329 673 minis
342 649 423 680 atque
443 643 530 671 aztatis
545 643 665 669 incerta.
680 639 870 675 Antiquiorem
889 636 1029 664 enimvero

246 691 346 719 saeculo
371 698 399 717 ix
426 690 514 725 ipsum
530 696 585 716 non
602 686 688 714 fuisse
712 689 820 713 constat
843 682 915 718 apud
937 680 1029 709 erudi-

246 740 289 764 tos
302 735 324 752 ⁸³
345 745 351 762 :
372 734 470 762 litteris
493 740 612 767 namque
626 731 804 766 consignasse
829 728 916 756 fertur
939 725 1027 753 Vitam

244 780 402 816 Nicephori,
419 779 582 815 patriarchae
607 777 674 810 CP.,
688 776 734 811 qui
763 774 858 802 eodem
877 772 978 801 saeculo
1000 779 1028 798 Ix

246 827 357 855 ineunte
380 825 505 854 ﬂoruisse
526 823 702 858 comperitur.
728 821 827 856 Ecqua:
853 826 936 855 porro
961 817 1028 844 ﬁdes

245 872 372 908 scriptori
391 872 456 900 huic
469 870 634 901 adhibenda,
648 868 695 904 qui
707 872 734 895 et
748 866 916 894 laudatorem
935 863 1027 900 potius

245 926 327 954 quam
356 917 516 945 historicum
539 916 606 951 agit,
629 920 655 942 et
679 914 724 942 illa
747 921 808 949 qua:
837 912 930 939 multis
955 914 1027 937 retro

245 964 352 993 saeculis
375 968 438 992 ante
457 963 544 998 ipsius
568 969 654 990 aevum
679 960 828 995 contigere,
849 958 929 986 nobis
945 964 1027 985 enar-

244 1009 306 1038 rat?
329 1008 423 1044 Neque
446 1013 488 1037 est
512 1009 585 1044 quod
619 1008 681 1043 quis
709 1010 833 1042 reponat,
861 1003 1027 1032 monachum

244 1054 326 1082 istum
343 1055 393 1082 sub
403 1054 579 1082 Laudationis
586 1061 642 1081 sua:
654 1053 734 1080 linem
745 1051 888 1079 tradidisse
896 1049 929 1082 ⁸³,
942 1057 1028 1084 pauca

243 1100 294 1127 illa
308 1107 367 1135 quae
377 1100 408 1127 de
424 1099 557 1127 Barnaba:
577 1099 632 1127 vita
654 1103 679 1126 et
699 1098 827 1132 martyrio
842 1096 975 1132 perhibet,
992 1095 1027 1121 ab

243 1151 350 1172 auctore
368 1144 534 1172 Stromatum
561 1144 694 1172 Clemente
719 1143 883 1178 aliorumque
912 1145 1026 1168 ueterum

243 1191 361 1226 scriptis,
375 1198 391 1218 a
413 1198 444 1219 se
457 1191 572 1218 collecta
586 1189 671 1217 fuisse
682 1194 764 1224 atque
782 1188 917 1223 exposita.
934 1185 1027 1221 Siqui-

244 1237 305 1264 dem
318 1236 346 1263 in
364 1241 491 1272 promptu
510 1236 644 1263 habemus
655 1242 716 1270 quae
737 1234 770 1262 de
784 1233 906 1261 Barnaba
924 1231 1027 1267 prol‘ert

243 1281 370 1309 Clemens
383 1281 599 1314 Alexandrinus;
625 1287 742 1316 quorum
761 1284 853 1307 tamen
877 1278 924 1305 vix
939 1278 1026 1305 ullum

243 1327 388 1362 vestigium
401 1327 470 1362 apud
487 1327 651 1354 monachum
667 1326 796 1361 Cyprium
811 1325 941 1360 reperias.
953 1323 1026 1351 Reli-

244 1380 299 1408 qua
314 1380 378 1400 vero
398 1380 458 1407 quae
478 1371 523 1400 ille
547 1372 603 1400 sive
616 1379 631 1398 a
643 1371 788 1399 Theodoro
801 1369 926 1402 Lectore,
941 1369 998 1397 sive
1011 1376 1027 1396 a

243 1416 305 1444 Nilo
321 1416 496 1452 Doxopatrio,
513 1417 630 1452 aliisque
649 1416 718 1444 forte
730 1415 867 1450 sequioris
888 1414 937 1442 aevi
959 1414 1027 1442 seri-

243 1464 369 1500 ptoribus
385 1463 546 1498 desumpsit,
561 1463 681 1491 sublesta
700 1462 782 1490 nimis
805 1462 858 1489 lide
881 1462 1024 1495 laborant;

243 1508 358 1545 perinde
373 1515 406 1536 ac
420 1509 464 1536 illa
477 1508 609 1536 Barnabas
632 1510 734 1535 monita
748 1507 847 1535 Joanni
863 1507 955 1535 Marco
969 1511 1026 1534 tra-

244 1553 312 1587 dita,
327 1561 388 1588 quae
411 1561 484 1581 unus
498 1553 613 1588 ipsemet
626 1553 778 1580 monachus
791 1551 952 1580 Laudationi
968 1559 1025 1580 sua
1039 1562 1060 1592 ε

244 1598 383 1627 intexuiu‘:
396 1598 463 1626 adeo
476 1602 506 1626 ut
516 1598 618 1625 nullam
636 1598 749 1625 omnino
761 1597 816 1624 vim
832 1597 865 1625 ad
882 1605 1026 1626 assensum

244 1643 461 1679 extorquendum
483 1643 612 1677 habeant,
622 1650 683 1678 qua:
706 1650 721 1670 a
737 1643 917 1678 scriptoribus
930 1643 1025 1672 istius-

244 1689 319 1717 modi
343 1689 528 1725 prol'eruntur.
542 1689 665 1717 Graviter
681 1689 753 1716 enim
772 1693 801 1716 et
817 1697 880 1717 vere
894 1689 963 1717 dixit
975 1688 1028 1716 Ba-

244 1735 341 1763 ronius
355 1738 459 1767 noster,
470 1735 514 1762 vir
537 1735 674 1762 maximus
689 1734 713 1750 ⁸⁸
728 1744 734 1762 :
748 1735 825 1767 Quod
845 1744 860 1761 a
884 1735 1027 1762 recentiore

243 1784 351 1807 auctore
369 1780 398 1806 in
419 1779 494 1806 rebus
519 1779 635 1815 antiquis
665 1779 721 1806 sine
747 1779 860 1814 alicujus
876 1779 1026 1806 retustioris

244 1825 403 1852 auctoritate
433 1825 578 1860 profertur,
612 1826 797 1853 contemnitur.
823 1825 891 1852 illud
917 1833 1026 1860 quoque

243 1871 359 1904 accedit,
374 1871 478 1899 absona
502 1871 631 1906 pleraque
645 1879 678 1899 ac
692 1871 760 1898 falsa
785 1871 812 1898 in
827 1871 950 1906 ejusdem
967 1878 1026 1898 mo-

244 1917 324 1944 nachi
347 1917 517 1945 Laudatione
541 1925 700 1951 occurrere;
717 1925 778 1952 quae
797 1925 863 1945 sane
883 1917 916 1944 ad
940 1917 1026 1952 ipsius

243 1962 325 1989 ﬁdem
347 1962 550 1989 oblundendam
568 1962 784 1997 elevandamque
809 1969 863 1989 non
880 1962 1024 1990 minimum

243 2007 352 2035 valeant
366 2017 373 2034 :
392 2015 446 2042 qua
460 2007 494 2035 de
508 2015 537 2035 re
560 2007 587 2035 in
610 2008 708 2044 primis
723 2008 884 2036 consulendi
899 2007 1026 2036 laudatus

245 2052 380 2080 Baronius
397 2053 420 2071 ³⁸
431 2060 463 2080 ac
477 2053 668 2083 Tillemontius
681 2053 715 2080 η.

279 2119 328 2148 llis
337 2129 403 2148 vero
411 2121 457 2149 vix
469 2122 533 2149 dum
547 2122 583 2150 ita
597 2123 742 2156 enarratis,
758 2122 793 2150 ad
805 2130 903 2150 manus
916 2126 1026 2151 nostras

244 2167 367 2201 pervenit
379 2167 429 2195 viri
450 2168 573 2196 doctrina
586 2174 613 2196 et
630 2169 783 2196 eruditione
795 2169 951 2203 praestantis
962 2176 1026 2204 per-

243 2213 381 2240 eruditum
406 2221 471 2241 sane
483 2213 705 2241 Commentariun:
723 2215 749 2241 in
765 2219 835 2241 vetus
849 2223 1025 2242 marmoreum

244 2256 275 2285 S.
289 2257 474 2293 Neapolitana:
494 2259 610 2286 ecclesia:
632 2259 835 2293 Kalendarium,
849 2261 896 2295 qui
910 2261 1023 2288 Alexan-

243 2302 437 2334 drilmonacbi
461 2311 573 2331 causam
601 2304 799 2332 defendendam
828 2306 957 2340 suscepit,
990 2305 1023 2332 il-

243 2348 354 2383 lumque
384 2348 484 2376 saeculo
512 2356 539 2376 vr
567 2349 708 2377 desinente
748 2350 874 2378 ﬂoruisse
911 2356 1023 2379 conten-

242 2393 283 2420 dit
301 2393 334 2420 ⁸⁸.
360 2393 488 2421 Dolemus
509 2394 647 2422 enimvero
671 2395 759 2423 serius
785 2396 865 2423 nobis
888 2396 1023 2424 detectum

243 2446 322 2473 opus,
337 2446 393 2474 quo
414 2439 547 2468 hactenus
560 2439 632 2467 dicta
649 2444 790 2476 utcunque
803 2441 973 2476 temperandi
984 2440 1024 2468 fa-

243 2484 330 2512 cultas
355 2485 418 2513 data
439 2489 523 2513 esset.
539 2486 574 2513 At
588 2485 654 2513 illud
678 2486 773 2515 saltem
799 2483 923 2514 conc'edit
943 2486 977 2514 V.
991 2486 1022 2514 C.

244 2529 316 2557 hunc
335 2531 499 2558 monachum
514 2530 655 2567 Cyprium,
676 2541 685 2558 ι
707 2539 763 2559 non
782 2533 898 2560 multum
913 2532 1023 2567 quidem

242 2574 345 2608 judicio
372 2576 501 2610 valuisse,
522 2584 573 2604 nec
590 2584 653 2604 raro
668 2577 694 2604 in
720 2578 801 2613 paulo
824 2577 1024 2612 antiquioribus

244 2620 326 2648 rebus
338 2628 353 2648 a
364 2621 476 2650 veritate
487 2623 645 2656 aberrasse;
657 2623 722 2660 quin
735 2629 762 2651 et
775 2623 915 2650 insulanas
929 2629 1024 2650 narra-

1073 144 1252 174 APOSTOLL'
1258 143 1287 172 S.
1815 136 1863 164 696

528 217 600 249 dem,
620 214 722 246 subdit,
741 220 803 240 cum
821 211 856 239 sit
868 211 956 245 ipsum
972 217 1032 244 ιρι·
1046 212 1069 240 Α
1083 205 1173 233 tiones
1197 203 1327 238 majorem
1352 205 1455 236 partem
1479 199 1604 233 scriptas,
1620 196 1724 224 alicubi
1749 194 1862 223 forsitan

1081 259 1129 286 per
1148 258 1196 278 ora
1211 249 1334 279 traditas,
1346 251 1468 274 secutum
1483 252 1544 272 esse
1560 253 1567 270 :
1587 253 1598 269 ι
1617 247 1647 269 ut
1658 247 1805 278 propterea
1816 242 1864 268 mi-

1081 305 1133 325 nus
1160 297 1213 324 ﬂde
1227 296 1326 330 dignus
1348 293 1409 328 jure
1431 291 1510 319 nobis
1534 290 1670 322 videatur,
1693 288 1722 315 in
1746 287 1782 315 iis
1806 295 1864 322 qua:

1080 341 1270 378 persequimur
1286 337 1487 373 investigandis.

1116 387 1221 421 Itaque,
1235 389 1266 413 ut
1286 384 1329 411 his
1342 383 1451 410 demum
1472 381 1588 409 certiora
1606 379 1797 413 solidioraque
1817 377 1864 404 ob:

1079 433 1218 469 jiciamus,
1233 437 1293 466 quae
1314 429 1347 456 ad
1366 427 1525 456 sententiam
1553 431 1677 454 nostram
1693 424 1864 452 conﬁrman-

1080 481 1142 507 dam
1158 478 1269 514 propius
1289 475 1439 504 accedant:
1460 474 1579 509 primum
1604 471 1716 507 quidem
1742 478 1776 496 ex
1801 476 1866 503 apo-

1081 526 1212 554 stolorum
1224 523 1299 551 Actis
1312 523 1334 542 δ’
1350 521 1417 549 satis
1429 520 1524 555 liquet,
1543 517 1658 545 Paulum
1674 517 1746 544 inter
1760 519 1790 542 et
1802 514 1865 541 Bar-

1080 570 1178 597 nabam
1204 568 1370 599 dissensum,
1385 569 1448 600 post
1461 571 1546 592 unum
1564 563 1717 590 alterumve
1741 568 1864 588 mensem

1079 623 1094 643 a
1107 619 1202 642 coacto
1219 612 1464 649 Hierosolymitano
1486 610 1604 638 concilio
1619 609 1763 636 accidisse.
1785 607 1866 633 Anno

1080 664 1171 687 autem
1199 658 1366 694 Dionysiano
1386 657 1417 684 51
1446 655 1569 682 habitum
1598 654 1684 681 luisse
1714 652 1864 680 concilium

1079 706 1155 739 illud,
1165 710 1222 732 rata
1231 709 1272 732 est
1285 703 1465 732 celebriorum
1477 700 1706 735 chronologorum
1720 698 1817 732 opinio
1824 697 1862 724 "2

1079 752 1201 787 adeoque
1214 751 1266 779 hoc
1290 751 1350 785 ipso
1366 756 1449 781 anno,
1468 748 1527 775 sive
1549 752 1579 774 ut
1594 746 1715 774 maxime
1742 745 1796 773 sub
1811 744 1865 771 ini—

1080 799 1147 826 tium
1178 796 1346 832 insequentis
1372 795 1406 823 59.
1427 794 1558 822 Barnabze
1583 801 1599 820 a
1619 792 1706 820 Paulo
1730 790 1866 818 discessio

1079 844 1227 878 contigisse
1238 842 1353 869 videtur.
1370 840 1430 868 Jam
1451 847 1517 867 vero
1531 843 1650 874 quatuor
1670 841 1718 864 aut
1743 836 1866 871 quinque

1044 887 1066 915 Β
1079 894 1141 924 post
1154 895 1241 916 annos
1253 888 1288 915 ab
1303 895 1335 915 eo
1345 886 1473 917 divortio,
1488 890 1636 920 utrumque
1648 883 1749 911 iterum
1765 890 1866 910 conve-

1079 935 1162 967 nisse,
1178 934 1250 961 haud
1262 933 1388 966 obscure,
1404 939 1464 959 meo
1483 930 1595 966 quidem
1616 929 1722 962 animo,
1739 935 1755 956 e
1775 927 1866 963 priore

1078 979 1111 1006 ad
1128 978 1284 1006 Corinthios
1299 977 1420 1013 Epistola
1441 976 1580 1011 colligitur
1594 974 1628 1001 ".
1639 973 1679 1001 lbi
1703 974 1779 1000 enim
1796 972 1865 999 Bar-

1079 1026 1156 1053 nabae
1168 1025 1243 1053 velut
1258 1024 1326 1052 socii
1347 1023 1473 1051 lidissimi
1497 1021 1622 1049 meminit
1647 1019 1800 1055 Apostolus
1822 1018 1867 1045 his

1077 1073 1168 1100 verbis
1183 1081 1189 1099 :
1205 1071 1331 1106 Nunquid
1355 1078 1406 1097 non
1420 1069 1542 1096 habemus
1556 1071 1715 1102 potestatem
1727 1065 1865 1092 ntulierem

1078 1125 1192 1145 sororem
1211 1115 1434 1147 circumducendi,
1451 1115 1519 1142 sicut
1543 1119 1567 1140 et
1584 1112 1674 1140 ueteri
1697 1110 1825 1145 apostoli,
1840 1114 1867 1136 et

1078 1164 1175 1198 fratres
1189 1162 1307 1193 Domini,
1323 1166 1347 1188 et
1367 1160 1486 1194 Cephas.’
1498 1158 1551 1186 Aut
1566 1165 1613 1192 ego
1629 1155 1701 1183 solus
1716 1160 1741 1181 et
1757 1154 1865 1181 Barna-

1077 1212 1123 1239 bas
1146 1219 1196 1237 non
1220 1210 1344 1236 habemus
1365 1211 1518 1243 potestatem
1536 1205 1584 1231 hoc
1599 1202 1750 1238 operandi?
1772 1201 1866 1228 Enim-

1077 1265 1151 1290 vero,
1168 1261 1216 1284 aut
1231 1263 1281 1290 ego
1296 1254 1413 1282 maxime
1436 1252 1525 1284 fallor,
1549 1254 1597 1278 aut
1619 1248 1762 1276 Barnabas
1779 1247 1867 1274 Paulo

1077 1303 1240 1334 adhaerebat,
1264 1301 1329 1328 dum
1353 1300 1387 1327 de
1411 1306 1444 1326 eo
1466 1298 1524 1325 haec
1542 1295 1680 1324 scribebat
1703 1293 1864 1329 Apostolus.

1076 1348 1156 1376 Prior
1168 1352 1258 1375 autem
1273 1346 1307 1373 ad
1331 1344 1489 1373 Corinthios
1511 1342 1634 1377 Epistola
1651 1348 1726 1368 anno
1740 1339 1775 1367 56
1791 1339 1865 1366 desi-

1077 1399 1158 1422 nente
1169 1393 1253 1427 ",vel
1264 1392 1298 1420 5'1
1316 1392 1426 1419 ineunte
1440 1390 1474 1423 ⁸³,
1488 1389 1590 1423 scripta
1604 1384 1868 1423 perbibetur.Unde

1077 1448 1193 1475 pronum
1219 1444 1261 1467 est
1284 1444 1400 1473 arguere
1423 1435 1590 1467 Barnabam,
1618 1438 1766 1468 postquam
1797 1438 1827 1458 se
1851 1438 1868 1458 a

1077 1484 1162 1513 Paulo
1177 1484 1345 1519 sejunxerat,
1363 1489 1436 1510 anno
1450 1481 1496 1513 Si,
1517 1479 1575 1515 jam
1597 1479 1661 1506 inde
1675 1482 1738 1512 post
1749 1481 1869 1512 quatuor

1078 1530 1118 1558 vel
1131 1530 1251 1565 quinque
1266 1535 1400 1556 annorum
1421 1525 1552 1560 spatium,
1564 1529 1594 1551 ut
1606 1523 1690 1550 modo
1713 1522 1868 1552 innuimus,

1077 1576 1105 1603 in
1119 1575 1179 1610 ejus
1193 1575 1302 1602 demum
1317 1572 1474 1601 societatem
1497 1570 1614 1597 rediisse
1630 1577 1637 1596 :
1654 1573 1686 1596 ut
1698 1567 1817 1603 proinde
1827 1566 1868 1593 nil

1077 1621 1188 1653 mirum,
1209 1619 1233 1646 si
1254 1617 1367 1646 Joannis
1382 1616 1466 1643 Marci
1482 1614 1616 1641 Barnabm
1630 1612 1794 1641 consobrini
1808 1619 1869 1639 me-

1076 1665 1186 1693 minerit
1199 1663 1345 1699 Apostolus
1361 1670 1432 1689 anno
1447 1661 1492 1694 62,
1508 1661 1573 1688 dunt
1589 1659 1623 1687 ad
1649 1658 1831 1687 Colossenses
1842 1663 1870 1685 et

1076 1711 1110 1738 ad
1126 1710 1311 1737 Philemonem
1328 1707 1475 1739 scriberet;
1496 1705 1644 1740 ipsumque
1668 1703 1696 1730 in
1713 1703 1814 1738 primis
1825 1709 1869 1729 re-

1075 1760 1186 1784 censeat
1205 1762 1278 1782 anno
1303 1753 1348 1784 67,
1372 1759 1427 1787 quo
1451 1750 1601 1779 secundam
1628 1749 1663 1777 ad
1689 1748 1869 1776 Timotheum

1076 1801 1186 1836 scripsit
1210 1799 1370 1835 Epistolam,
1394 1798 1464 1825 inter
1477 1804 1525 1824 eos
1541 1796 1634 1824 socios
1655 1803 1671 1822 e
1689 1794 1795 1829 quibus
1817 1793 1869 1820 sibi

1075 1845 1267 1874 assistentibus
1284 1848 1466 1880 opportunum
1482 1842 1509 1869 in
1523 1842 1582 1869 suis
1597 1841 1716 1868 vinculis
1736 1840 1868 1868 solatium

1076 1892 1170 1920 Roma:
1184 1891 1326 1926 reciperet.

1110 1937 1203 1973 Neque
1215 1942 1319 1965 tantum
1335 1936 1477 1964 desinente
1491 1941 1564 1962 anno
1587 1933 1636 1967 56,
1652 1932 1700 1961 sed
1718 1931 1805 1959 etiam
1818 1932 1869 1959 sub

1075 1984 1216 2020 sequentis
1239 1983 1274 2010 57
1300 1983 1380 2010 linem
1407 1981 1448 2008 vel
1472 1980 1592 2008 fortasse
1619 1979 1733 2006 ineunte
1751 1978 1799 2011 58,
1815 1985 1871 2013 quo

1076 2035 1198 2065 tempore
1221 2029 1357 2064 posterior
1375 2026 1506 2061 inscripta
1521 2025 1573 2053 fuit
1589 2024 1744 2052 Corinthiis
1759 2023 1870 2058 Ερίδιοο

1076 2076 1102 2104 la
1131 2076 1164 2109 “,
1181 2075 1262 2102 vitam
1285 2074 1375 2102 adhuc
1396 2072 1484 2108 egisse
1511 2070 1678 2102 Barnabam,
1701 2074 1870 2097 censuerunt

1076 2122 1200 2150 nonnulli
1223 2119 1404 2149 ecclesiastici
1432 2117 1582 2152 scriptores
1610 2115 1719 2143 Joanne
1745 2115 1869 2150 Chryso-

1076 2174 1166 2196 stomo
1179 2167 1359 2202 antiquiores.
1375 2165 1413 2191 Ad
1427 2164 1473 2191 illa
1487 2163 1560 2190 enim
1573 2162 1699 2197 Apostoli
1714 2161 1803 2188 verba
1819 2161 1844 2178 ³⁸
1860 2170 1866 2187 :

1077 2213 1201 2240 Misimus
1222 2212 1302 2238 etiam
1321 2218 1379 2238 cum
1395 2209 1442 2236 illo
1466 2209 1590 2243 fratrem,
1614 2206 1692 2241 cujus
1711 2206 1772 2233 laus
1790 2211 1830 2233 est
1845 2207 1871 2233 in

1077 2257 1220 2295 Evangelia
1233 2265 1278 2292 per
1289 2264 1377 2283 omnes
1384 2254 1528 2286 Ecclesias,
1549 2253 1607 2280 haec
1619 2251 1736 2279 adnotat
1747 2252 1870 2286 Chrysou

1076 2310 1181 2332 stemus
1200 2303 1242 2330 πε
1276 2302 1332 2328 Καὶ
1351 2300 1393 2332 τίς
1419 2297 1496 2331 οὗτός
1520 2299 1594 2325 ἐστιν
1610 2299 1625 2326 ὀ
1641 2297 1776 2332 ἀδελφός
1793 2297 1869 2328 Τινὲ,

1078 2351 1127 2386 μὲν
1142 2350 1188 2377 τὸν
1204 2349 1319 2376 Λουκᾶν·
1338 2347 1384 2374 καί
1405 2355 1471 2381 φασι
1495 2345 1539 2372 διὰ
1563 2344 1612 2380 τὴν
1636 2343 1759 2378 ἱστορίαν
1783 2344 1870 2378 imp

1076 2396 1187 2431 ἔγραψε,
1208 2394 1286 2425 Τινὲς
1307 2393 1336 2420 δὲ
1360 2392 1405 2418 τὸν
1428 2390 1582 2426 Βαρνάϐαν·
1611 2390 1660 2416 καὶ
1687 2389 1744 2425 γὰρ
1769 2389 1821 2416 καὶ
1844 2389 1870 2414 τὸ

1077 2442 1200 2476 ἄγραφον
1225 2441 1355 2475 κήρυγμα
1374 2436 1540 2471 Εὑαγγέλιῡν
1574 2435 1661 2462 καλεῖ.
1695 2434 1728 2461 Et
1749 2434 1869 2470 quisnam

1077 2491 1115 2512 est
1134 2485 1176 2511 hic
1200 2485 1306 2519 frater?
1325 2481 1455 2509 Nonnulli
1468 2481 1573 2516 quidem
1591 2480 1632 2507 his
1655 2479 1743 2506 verbis
1770 2479 1869 2505 Lucam

1078 2531 1222 2566 significari
1246 2534 1339 2565 putant
1356 2537 1365 2555 ε
1382 2534 1460 2563 atque
1483 2528 1532 2554 hoc
1562 2527 1656 2553 dicunt
1682 2531 1794 2561 propter
1815 2533 1868 2552 eam

1078 2575 1216 2601 historiam
1233 2582 1313 2608 quam
1335 2573 1432 2599 litteris
1447 2571 1595 2598 mandavit.
1612 2571 1669 2597 Alii
1691 2579 1753 2598 uero
1764 2570 1867 2597 Barna-

1078 2619 1137 2646 bam
1151 2627 1161 2645 :
1174 2619 1269 2646 etenim
1290 2618 1507 2653 prwdicatiouem
1527 2625 1632 2652 quoque
1656 2624 1710 2643 non
1731 2617 1867 2651 scriptam,

281 2709 308 2745 "_
319 2709 438 2742 Fabric.,
455 2710 526 2738 Bibl.
542 2710 602 2741 σγ..
616 2715 682 2737 tom.
698 2710 735 2742 Χ,
748 2718 808 2745 pag.
824 2709 890 2745 473.7
901 2710 924 2725 "‘
935 2709 1012 2745 Alex.
1026 2709 1110 2745 Mon.,
1123 2709 1194 2743 apud
1209 2709 1336 2745 ‘Bojland.
1353 2709 1370 2735 l.
1387 2716 1517 2745 alnum.
1537 2707 1565 2739 8,
1581 2715 1608 2745 p_.
1625 2707 1691 2734 458.
1714 2707 1738 2745 3f
1754 2707 1866 2736 Baron..

245 2743 384 2777 pra-locut.
394 2744 429 2770 ad
444 2745 541 2772 Annal.
552 2745 627 2776 eccl.,
641 2750 705 2771 tom.
722 2743 769 2779 |,'§

246 2785 308 2804 uati.
320 2778 382 2804 412.
398 2778 451 2804 655
463 2784 489 2804 et
505 2787 582 2804 sena.
634 2780 656 2795 ⁸⁸
674 2779 766 2804 Mame

246 2785 308 2838 piae.
320 2779 382 2810 412,
398 2779 451 2805 655
463 2784 489 2806 et
505 2787 582 2814 seqq.
634 2780 656 2795 ⁸⁸
674 2779 808 2811 litamen,
821 2779 978 2809 Comment.,
992 2779 1045 2805 vol.

251 2812 496 2848 _»_em_._eecl.,;tom.
517 2814 537 2846 l,
549 2822 611 2848 pag.
626 2814 689 2840 545.
720 2815 747 2844 ,.°'
766 2813 775 2839 Ι
793 2813 913 2848 ΕΘΓ-ΔΚ,
927 2813 953 2844 5,
970 2812 1003 2848 6L
1035 2814 1058 2828 "

246 2846 292 2883 θεὶς
313 2845 392 2883 “id,
404 2843 559 2883 Ptelegon't:
568 2843 610 2883 ad
619 2848 655 2883 Ν.
668 2848 698 2874 Τ.
709 2843 745 2883 ,ξς
755 2849 781 2875 9.
791 2881 799 2883 _
820 2847 845 2864 ⁸⁸
857 2847 977 2883 TillemH
990 2846 1025 2874 Pe

1079 2867 1088 2883 ,γ
1102 2852 1133 2883 et
1146 2843 1209 2875 Mill.
1223 2843 1349 2876 luciscit.
1389 2850 1411 2865 ⁸⁸
1425 2847 1445 2874 ιι
1466 2847 1529 2875 Cor.
1542 2855 1591 2874 \‘lll
1602 2870 1610 2883 ,
1632 2846 1676 2874 18.

783 2742 826 2771 i2.
847 2744 933 2776 “1d,
948 2743 1066 2775 ibid.,ad
1083 2752 1127 2770 an.
1144 2742 1188 2772 51,
1204 2743 1261 2777 §55
1275 2749 1301 2769 et
1316 2744 1389 2770 alibi.
1410 2743 1560 2774 “Tillium,
1578 2742 1659 2769 Mem.
1670 2742 1750 2773 eccl.,
1764 2748 1831 2777 tom.
1849 2742 1866 2773 l,

634 2780 656 2795 ⁸⁸
674 2776 808 2811 Malean,
821 2778 978 2809 Comment.,
992 2779 1045 2805 vol.
1063 2778 1093 2809 Il,
1109 2786 1169 2812 pag.
1184 2779 1311 2806 555-557.
1333 2779 1355 2795 ⁸9
1375 2779 1433 2805 Act.
1447 2786 1492 2809 xv,
1512 2777 1610 2804 50-56.
1633 2778 1656 2793 ⁹⁰
1672 2777 1736 2804 Vid.
1751 2776 1865 2807 Tillem.,

1080 2812 1198 2845 Tillem.,
1211 2814 1227 2838 L
1240 2822 1264 2840 c.
1276 2833 1283 2843 ,
1303 2822 1330 2848 p.
1346 2813 1406 2840 565.
1437 2814 1470 2848 7”
1485 2812 1579 2839 Pears.
1606 2813 1710 2848 Annal.
1734 2812 1828 2848 Paul"
1843 2819 1864 2845 p.

1720 2848 1743 2864 '°
1759 2846 1863 2882 Chrys,

247 2879 323 2908 hom.
343 2879 371 2913 8,
384 2881 412 2908 in
427 2879 512 2916 Epist.
528 2881 559 2909 11
576 2882 610 2909 ad
627 2882 700 2918 Cor.,
713 2879 767 2918 §‘t,
784 2881 851 2918 Opp,
867 2881 976 2916 tom.X,
987 2889 1026 2917 pag

1079 2882 1119 2910 δι.
