1916 3104
34 156 78 184 697

685 145 949 175 PRULEGOHENA.

1587 142 1639 170 698

36 213 190 249 Ειιηηαειὶιιηι
209 215 352 245 nuncupat.
380 208 458 238 Unde
488 209 581 237 videas
605 208 802 244 Chrysostomo
816 209 840 237 Α
854 211 906 234 stet
918 205 1082 238 Barnabam,
1097 203 1220 238 adeoque
1235 201 1368 249 Joannem
1385 200 1513 249 Marcum
1528 208 1638 249 gconso-

34 260 89 287 item
100 257 179 293 proba
185 257 206 284 ri
215 264 310 284 eorum
322 259 443 284 veterum
457 255 619 290 scriptorum
630 253 803 285 sententiam,

34 305 73 340 qui
84 303 201 338 Apostoli
217 302 298 330 verba
316 302 348 329 de
365 302 488 328 Barnaba
501 301 611 328 fuerunt
622 299 802 334 interpretati.

34 351 122 378 Verum
151 349 325 383 apertissime
345 347 528 375 Theodoritus
554 347 581 373 in
611 346 738 373 eumdem
763 345 804 372 lo-

33 404 86 425 cum
100 396 120 412 "
133 406 140 422 :
155 396 208 423 Τὺν
232 394 432 430 τρισμακάριον
456 392 597 428 Βαρνάϐαν
614 391 650 418 τὰ
672 390 803 426 εἰρημένα

32 441 224 478 χαρακτηρίζει.
246 440 330 472 Αὐτὸς
346 440 400 475 γὰρ
421 439 469 466 καὶ
490 440 518 465 ὲν
536 438 686 473 Ἀντιοχείᾳ
697 438 745 464 σὺν
764 436 803 472 τῷ

34 488 145 524 μακαρίῳ
176 487 285 523 Παύλῳ,
312 487 364 522 τῆς
391 486 556 522 χειροτονίας
583 486 726 520 τετύχηκε,
755 484 802 511 τοῦ

33 534 93 560 ϐείου
107 533 174 559 Ilva-3
180 541 265 568 ματος
281 532 430 568 εἰρηκότος
455 532 625 566 Ἀφορίσατε
636 531 673 564 δή
687 539 738 565 μοι
750 529 803 557 τὸν

33 579 173 614 Βαρνάϐαν
196 580 246 607 καὶ
259 580 312 607 τὸν
324 581 452 611 Σαῦλον,
463 582 507 613 εις
521 579 554 606 τὸ
568 580 656 613 ἐρτυν
670 579 686 605 ὃ
709 586 802 612 προσ-

33 624 161 659 κέκλημαι
172 626 295 658 αὐτούς.
307 625 371 652 Hcce
387 625 463 652 verba
474 625 611 659 designant
623 624 802 651 beatissimum

31 671 178 698 Barnabam.
195 671 257 706 Ipse
272 680 382 707 namque
394 672 541 699 Autiochiw
554 679 612 698 eum
627 671 702 697 beato
714 670 801 697 Paulo

31 718 153 743 ordinatus
170 722 221 751 est,
249 718 350 744 dicente
368 718 457 745 divino
484 717 586 752 Spiritu
603 725 612 743 :
631 727 640 743 ‹
663 716 802 752 chregate

30 763 84 789 milii
97 762 249 790 Barnabam
267 769 292 791 et
307 763 430 797 SaulumI
449 764 483 790 ad
498 772 563 799 opus
585 764 619 790 ad
631 764 700 798 quod
712 763 801 790 vocavi

30 817 74 835 eos.
93 817 101 833 ι
118 807 208 843 Neque
222 809 296 836 aliud
312 817 378 836 sane
391 810 506 836 suadere
528 809 634 836 videtur
657 812 801 836 contextus

29 852 154 881 Paulinus.
171 854 313 889 Siquidem
329 855 419 882 verbis
432 855 513 882 modo
528 855 649 882 recitatis
660 855 692 880 de
704 855 797 889 fratre,

29 899 92 933 cujus
114 899 172 926 laus
202 905 242 926 est
258 900 287 926 in
311 899 454 934 Evangelia
475 908 521 934 per
536 908 625 927 omnes
653 900 797 932 Ecclesiae,

29 943 107 971 subdit
120 944 212 972 statim
229 944 377 979 Apostolus
393 954 399 972 :
414 944 475 972 Non
494 945 580 971 soluat
598 949 696 976 autem,
711 945 757 972 sed
773 949 798 971 et

29 992 151 1019 ordinatus
172 997 210 1020 est
237 1001 322 1020 comes
347 993 566 1028 peregrinationis
597 998 704 1021 nostraz.
730 993 798 1026 Quis

27 1045 96 1072 porro
106 1040 278 1066 comesiste?
289 1039 346 1066 Non
357 1039 455 1073 Lucas,
465 1048 518 1066 non
532 1039 614 1072 Silas,
625 1048 678 1067 non
690 1039 797 1074 Apollo,

27 1091 71 1110 non
85 1083 200 1113 Joannes
215 1085 334 1119 Marcus,
350 1090 380 1113 ut
399 1086 523 1113 nonnulli
543 1090 649 1113 veteres
662 1090 689 1112 et
705 1093 798 1112 recen-

26 1130 97 1157 tiores
114 1135 300 1164 censuerunt;
318 1131 365 1159 sed
386 1131 462 1159 solus
485 1131 632 1158 Barnabas.
659 1130 708 1157 llic
723 1130 796 1158 enim

27 1183 86 1202 unus
99 1176 194 1210 legitur
201 1176 401 1212 χειροτονηθεὶς
413 1175 676 1212 συνέκδημος-ἡμῶν,
688 1175 796 1203 utPau-

26 1220 61 1248 lus
84 1222 180 1250 ibidem
207 1223 348 1257 loquitur;
370 1222 403 1250 ad
416 1222 462 1250 illa
486 1223 581 1258 procul
607 1223 691 1250 dubio
711 1221 797 1257 respi-

26 1267 98 1299 ciens,
124 1275 184 1302 quae
202 1268 237 1295 de
268 1275 298 1295 se
317 1268 377 1303 ipso
399 1272 427 1296 et
452 1267 575 1295 Barnaba
601 1268 746 1294 traduntur
768 1267 796 1294 in

25 1313 87 1340 Actis
100 1313 121 1329 ’⁸
132 1323 138 1340 :
149 1314 204 1340 Kal
214 1313 364 1347 ἐπιθέντες
377 1314 431 1345 τὰς
445 1315 546 1348 χεᾶὶας
559 1313 671 1346 αὐτοῖς,
684 1313 796 1341 ἀπέλυα

26 1367 89 1390 σαν,
101 1360 170 1394 quod
187 1360 315 1394 nuspiam
329 1360 362 1387 de
376 1360 438 1388 aliis
455 1368 583 1395 expresse
598 1360 723 1395 legimus.

54 1404 115 1437 Quid
130 1405 202 1439 quod
217 1406 290 1432 idem
317 1405 347 1433 S.
368 1405 489 1433 Joannes
503 1405 716 1441 Chrysostomus
730 1413 796 1433 cen-

23 1450 101 1481 suisse
113 1459 229 1489 quoque
237 1451 396 1485 rideturgrt
411 1451 472 1479 viro
495 1451 603 1479 erudito
621 1455 744 1479 notatum
760 1453 793 1485 ",

24 1498 157 1527 Barnabam
181 1500 358 1534 superstitem
382 1499 471 1526 adhuc
489 1497 584 1531 fuisse.
605 1498 671 1526 dum
692 1497 726 1525 ad
741 1497 795 1525 Co-

24 1544 144 1573 losscnses
154 1546 305 1580 Apostolus
319 1545 460 1572 scriberet.
475 1544 503 1572 ln
512 1545 555 1572 illa
566 1545 638 1572 enim
648 1545 730 1573 verba
741 1545 793 1572 "°:
807 1543 830 1573 (ἶ

24 1589 115 1617 Salutat
141 1599 217 1619 vos...
246 1590 354 1618 Marcus
377 1591 548 1618 consobrinus
572 1591 713 1625 Barnaba',
736 1591 794 1620 inec

24 1635 92 1664 habet
107 1636 134 1664 S.
152 1637 252 1664 doctor
264 1637 290 1665 ':
307 1638 360 1664 Kal.
369 1637 463 1664 τοῦτον
474 1637 640 1673 ἐνεκωμίασε
656 1638 725 1669 τέως
740 1638 794 1665 ἀπὸ

23 1682 62 1717 τῆς
79 1683 241 1717 συγγενείας·
272 1683 357 1719 μέγας
383 1683 438 1719 γὰρ
453 1681 486 1718 ἦν
514 1683 584 1719 ἀνὴρ
607 1684 621 1710 ὁ
642 1684 791 1720 Βαρνάϐας.

23 1727 80 1760 Περὶ
93 1728 126 1754 οὗ
148 1728 271 1756 ἐλάϐετε
288 1729 423 1762 ἐντολὰς,
437 1729 491 1756 ἐὰν
510 1730 584 1764 ἔλθῃ
601 1730 676 1764 πρὸς
705 1729 793 1765 ὑμᾶς,

23 1771 133 1804 δέξασθε
160 1775 264 1802 αὐτόν.
286 1775 319 1801 Tt
335 1775 406 1811 γάρ;
423 1775 473 1802 οὐκ
499 1775 622 1810 ἐδέχοντο
636 1777 683 1803 καὶ
709 1776 794 1812 χωρὶς

22 1817 119 1851 τούτους
134 1818 187 1846 ναί⁶
204 1819 274 1846 ἀλλὰ
285 1820 359 1854 μετὰ
373 1820 492 1853 πολλῆς
507 1819 562 1854 τῆς
577 1821 716 1855 σπουδῆς
730 1821 793 1856 βού-

22 1861 105 1897 λομαι,
121 1865 195 1900 φησί·
215 1865 263 1892 καὶ
285 1865 362 1891 τοῦτο
379 1865 424 1891 τὸν
441 1865 525 1901 ἄνδρα
545 1866 664 1892 δείκνυσι
692 1867 790 1901 μέγαν.

24 1907 89 1936 llum:
104 1918 201 1946 quoque
210 1911 270 1946 jam
281 1911 400 1938 laudavit
413 1919 445 1938 ea;
460 1912 613 1946 cognatione
629 1920 638 1938 :
653 1917 709 1938 erat
723 1913 793 1940 enim

24 1954 143 1983 Barnabas
157 1957 196 1983 vir
214 1965 337 1992 magnus.
358 1967 367 1983 t
385 1957 422 1984 De
433 1966 484 1992 quo
495 1959 634 1993 accepistis
646 1960 792 1987 ntandata:

23 2001 42 2025 si
56 2003 141 2030 venerit
162 2004 195 2029 ad
211 2011 268 2034 vos,
284 2004 408 2037 suscipite
421 2003 507 2031 illum.
526 2013 535 2030 I
554 2004 625 2037 Quid
645 2006 724 2032 vero?
740 2014 793 2032 non

23 2046 88 2073 aliter
110 2050 302 2083 suscepissent!
317 2049 442 2077 Μηλίνης.
466 2050 519 2078 Sed
544 2059 602 2077 cum
629 2059 734 2086 magno,
751 2053 793 2078 in-

23 2091 77 2124 quit,
91 2094 173 2120 studio
185 2102 195 2120 .·
213 2099 240 2121 et
256 2093 303 2120 hoc
328 2102 451 2129 magnum
473 2096 559 2122 virum
579 2096 700 2123 ostendit.
719 2096 793 2124 Scri-

24 2142 86 2169 plam
100 2145 185 2167 autem
201 2148 275 2167 anno
302 2140 336 2167 62
358 2140 445 2168 fuisse
467 2142 538 2169 hanc
564 2142 596 2168 ad
615 2142 792 2170 Colosscnses

24 2181 164 2218 Epistulam,
187 2194 219 2212 ex
241 2186 360 2213 virorum
373 2186 542 2214 eruditorum
558 2188 693 2215 sententia
710 2196 791 2223 supe-

24 2228 71 2254 rius
85 2230 203 2259 vidimus.
221 2232 262 2259 Ex
278 2232 378 2267 quibus
394 2241 470 2268 ergo,
495 2233 517 2261 si
543 2233 643 2268 prioris
662 2234 791 2269 Epistola‘:

24 2273 185 2304 Corinthiaca:
209 2277 293 2305 verba
309 2277 335 2304 in
352 2278 471 2305 medium
488 2279 604 2306 adducta
620 2280 703 2314 probe
718 2280 790 2308 acci-

24 2322 130 2357 piantur;
147 2326 167 2352 si
180 2325 388 2358 Theudor-itum,
404 2325 537 2353 Joannem
560 2326 788 2362 Chrysostomum

24 2374 109 2403 eosque
120 2371 266 2406 scriptorcs
276 2371 478 2398 ecclesiasticos
499 2379 568 2406 quos
582 2371 653 2399 idem
677 2377 789 2400 sanctus

24 2413 101 2441 doctor
115 2417 259 2450 collaudat,
276 2425 332 2452 pra:
353 2417 508 2445 Alexandro
531 2418 679 2450 monacho,
693 2422 722 2445 ut
740 2426 790 2454 par

24 2463 65 2490 est.
85 2462 223 2490 audiamus
241 2472 248 2489 :
264 2463 482 2490 cencludendnm
503 2463 626 2498 proiecto
643 2464 706 2499 erit,
729 2465 789 2493 ina-

24 2511 73 2532 nem
89 2514 144 2534 esse
156 2508 284 2536 Tentzelii
308 2508 500 2543 objectionem,
516 2509 590 2536 illius
603 2513 707 2537 tantum
730 2519 785 2539 mo-

25 2552 91 2580 nachi
110 2553 196 2590 Cyprii
222 2555 381 2583 testimonio
396 2555 518 2582 innixam
532 2564 539 2589 ;
551 2563 614 2583 cum
639 2557 707 2583 satis
722 2565 789 2585 con-

805 2214 829 2243 D

53 2656 72 2671 ”
84 2656 211 2695 Theodor.
227 2661 255 2686 in
269 2658 356 2693 Epist.
371 2658 403 2686 Il
417 2659 458 2695 ad
468 2659 529 2687 Cor.
547 2668 597 2695 7\'III
609 2679 616 2691 ,
639 2660 687 2691 18,
705 2660 749 2693 19,
761 2660 830 2695 Opp.

855 251 965 279 brinum
991 257 1083 283 suum,
1112 254 1174 284 post
1201 248 1400 276 discessionem
1428 255 1443 274 a
1468 246 1554 274 Paulo
1579 254 1640 281 quae

855 306 927 326 anno
947 299 978 325 51
996 297 1145 333 contigisse
1173 296 1271 323 merito
1298 294 1483 327 existimatur,
1507 294 1639 328 Apostolo

854 345 951 372 iterum
966 344 1022 380 jam
1044 343 1192 371 atlhatsisse
1206 350 1278 368 anno
1289 342 1334 374 56,
1350 341 1416 376 quin
1430 344 1457 367 et
1470 340 1496 367 in
1510 341 1579 368 vivis
1593 341 1626 367 ad

855 392 908 419 huc
920 391 1008 426 egisse
1024 397 1095 418 anno
1110 394 1166 416 tum
1178 389 1224 421 58,
1237 394 1294 416 tum
1310 387 1354 420 62,
1370 395 1458 422 neque
1472 388 1577 421 uspiam
1593 395 1641 421 ap-

854 441 959 472 pareat,
987 436 1077 471 ipsum
1101 439 1165 462 ante
1195 433 1473 469 llierosolymitanum
1501 433 1639 460 excidiqu

854 489 1011 517 supremum
1039 481 1110 508 diem
1132 481 1255 511 obiisse:
1275 485 1302 507 ut
1325 479 1439 514 proinde
1457 479 1525 506 nihil
1550 479 1641 506 obstet

852 535 909 562 quo
920 527 1011 554 minus
1026 530 1088 561 post
1101 533 1203 553 annum
1226 525 1269 557 70,
1283 533 1338 559 quo
1355 524 1516 560 πανωλεθρία
1531 524 1576 551 illa
1592 523 1640 551 Ju-

853 573 929 600 daica
945 572 1070 607 contigit,
1094 571 1153 606 ejus
1168 571 1195 598 in
1212 571 1333 606 Epistola
1349 579 1398 599 sua
1418 571 1576 598 meminisse
1591 578 1640 598 au-

853 626 912 648 ctor
933 620 1062 656 potuerit.
1082 620 1183 647 Verum
1204 619 1255 646 hac
1269 619 1303 646 de
1322 627 1351 646 re
1375 618 1545 646 Mazorhium
1558 618 1590 645 V.
1606 617 1637 645 C.

853 666 929 693 adire
942 669 1054 700 praestat
1065 666 1075 681 '
1085 685 1093 698 ,
1113 665 1160 700 qui
1175 672 1209 692 ex
1233 665 1309 691 Actis
1323 663 1422 691 Joanni
1442 663 1533 690 Marco
1552 663 1640 690 tribu-

853 713 888 740 tis
916 712 1026 747 copiose
1055 712 1122 739 satis
1147 719 1180 739 ac
1203 710 1308 738 erudite
1333 709 1366 737 (le
1397 717 1469 736 anno
1494 708 1638 736 emortuali

854 758 882 785 S.
899 757 1031 784 Barnabzc
1057 765 1151 793 agens,
1176 763 1267 791 ipsum
1293 763 1367 783 anno
1382 755 1415 782 76
1430 755 1534 782 Christi
1558 755 1638 782 ﬁdem

852 811 904 831 suo
924 803 1058 837 sanguine
1080 803 1270 838 consignasse,
1299 802 1378 836 longe
1400 801 1549 829 verisimile
1573 809 1638 829 cen-

852 853 903 877 Set.

1157 894 1272 923 CAPUT
1288 894 1333 922 lV.

902 953 1016 986 Quanttc
1029 953 1064 980 sit
1078 953 1259 985 auctoritatis,
1269 957 1293 979 et
1305 953 1399 988 quanti
1414 953 1583 980 wslimauda.

883 998 943 1026 Jam
962 1007 1037 1032 vero,
1052 1003 1082 1026 ut
1098 1003 1208 1034 quantae
1225 998 1261 1026 sit
1275 998 1447 1025 auctoritatis
1463 999 1557 1026 eadem
1573 998 1637 1034 Epi-

849 1045 931 1078 stola,
943 1044 1051 1072 demum
1066 1043 1259 1078 dispiciamus;
1285 1044 1359 1070 illam
1385 1044 1497 1071 maximi
1515 1051 1577 1072 esse
1598 1043 1638 1070 fa-

847 1090 972 1117 ciendam
990 1089 1108 1124 quisque
1129 1089 1191 1124 jure
1209 1088 1349 1121 fatebitur,
1367 1094 1422 1116 tum
1441 1096 1490 1123 pro
1506 1088 1637 1124 dignitate

847 1140 930 1171 atque
951 1135 1153 1163 existimatione
1179 1144 1261 1171 quam
1284 1136 1349 1162 olim
1380 1136 1452 1170 apud
1479 1135 1636 1164 vetustissi-

847 1190 908 1210 mos
921 1181 1127 1210 ecclesiasticos
1148 1182 1296 1216 scriptorcs
1316 1182 1446 1214 obtinuit,
1467 1186 1522 1209 tum
1537 1181 1563 1208 in
1579 1181 1637 1216 pri-

847 1228 900 1255 niis
919 1236 968 1262 pro
988 1228 1062 1254 illius
1073 1228 1160 1263 pretio
1172 1235 1204 1255 ac
1217 1228 1333 1255 utilitate
1346 1236 1428 1263 quam
1443 1235 1476 1255 ex
1489 1235 1520 1255 ea
1536 1228 1563 1254 in
1582 1226 1636 1255 ΕΟ·-

846 1272 957 1300 clesiam
973 1273 1098 1300 derivare
1115 1278 1284 1308 compertum
1305 1280 1356 1301 est.
1375 1283 1384 1299 ι
1407 1273 1440 1301 Ει
1455 1281 1530 1305 sane.
1544 1273 1636 1300 verbis

847 1323 908 1345 utor
920 1318 1046 1346 Dacherii
1068 1317 1099 1345 V.
1125 1318 1156 1345 C.
1181 1319 1201 1352 ³,
1222 1326 1378 1353 quanquam
1400 1318 1547 1353 Epistulam
1565 1318 1637 1345 hanc

845 1371 896 1399 pro
921 1365 1053 1391 canonica
1078 1369 1105 1392 et
1129 1369 1205 1392 extra
1223 1365 1400 1392 dubitandam
1420 1365 1498 1392 tidem
1517 1364 1636 1399 legitima

846 1409 958 1437 minime
987 1409 1173 1444 proferamus;
1197 1411 1296 1446 stylum
1324 1415 1416 1438 tamen
1440 1418 1470 1438 re
1488 1417 1551 1437 vera
1576 1417 1637 1437 ma-

843 1454 950 1489 iestatis
962 1454 1120 1489 apostolicae
1137 1455 1261 1490 dignum,
1280 1456 1479 1490 materiamque
1496 1455 1636 1483 nascentis

846 1500 974 1529 Ecclesia:
999 1501 1082 1529 rebus
1111 1503 1346 1528 accommodatam
1373 1509 1428 1528 non
1449 1501 1530 1529 modo
1553 1501 1634 1536 sapit,

846 1547 893 1576 sed
904 1547 1004 1583 ingerit
1012 1547 1095 1575 etiam
1107 1547 1331 1575 clementioribus
1351 1548 1482 1575 lectorum
1501 1547 1634 1583 judiciis:

844 1594 881 1622 ita
897 1599 936 1628 ut,
962 1594 984 1621 si
1005 1594 1133 1630 πορφύρα
1155 1593 1231 1629 παρὰ
1253 1594 1302 1630 τὴν
1323 1593 1465 1630 πορφύραν
1485 1592 1634 1630 διακριτέα,

844 1639 965 1675 profecto
985 1640 1018 1668 de
1038 1647 1087 1668 sua
1102 1648 1165 1668 cum
1182 1644 1342 1667 cancrorum
1361 1639 1549 1674 ap0sto|orum
1565 1640 1636 1667 scri-

844 1686 898 1720 ptis
922 1685 1140 1720 comparatione,
1171 1685 1332 1720 sull‘ragium
1356 1685 1506 1712 secundum
1524 1693 1635 1719 sperare

844 1731 950 1759 debeat.
975 1741 984 1758 ›
1012 1731 1075 1759 ΙΙωο
1104 1731 1160 1759 ille.
1191 1731 1251 1764 Qua
1273 1731 1306 1759 de
1328 1739 1358 1759 re
1377 1738 1428 1758 nos
1442 1739 1550 1766 quoque
1562 1739 1634 1759 non-

844 1777 918 1804 nulla
933 1777 1015 1811 paulo
1029 1781 1102 1811 ante,
1118 1785 1180 1812 cap.
1193 1777 1221 1809 Ξ,
1238 1777 1390 1812 attigimus.

880 1823 947 1851 Illud
969 1831 1034 1851 vero
1055 1824 1230 1859 potissimum
1252 1824 1470 1851 animadvertere
1484 1823 1596 1858 iuverit,
1618 1831 1634 1851 ο

843 1869 975 1897 Barnabze
1000 1869 1121 1905 Epistola
1146 1869 1297 1897 Ecclesiam
1325 1870 1488 1897 catholicam
1514 1869 1632 1904 prtesidii

843 1916 990 1951 plurimum
1012 1920 1102 1950 petere
1117 1916 1151 1943 ad
1169 1915 1356 1943 Unitariorum
1373 1916 1539 1950 impietatem
1556 1924 1634 1944 ever-

844 1963 963 1996 tendam,
980 1963 1188 1997 doctrinamque
1203 1962 1382 1990 orthodoxam
1398 1962 1431 1990 de
1445 1961 1510 1989 .lesu
1528 1962 1632 1990 Christi

843 2010 904 2037 Filii
922 2009 969 2037 Dei
984 2011 1018 2046 τῇ
1039 2009 1220 2046 προῦπάρξει,
1235 2009 1349 2044 ejusque
1370 2008 1409 2044 τῷ
1421 2009 1541 2044 ὁμουσίῳ
1555 2008 1633 2036 forti-

842 2061 883 2084 ter
897 2056 1073 2083 astruendam
1087 2055 1334 2089 stabiliendamque
1349 2063 1356 2081 :
1373 2059 1404 2082 ut
1421 2060 1482 2089 post
1502 2054 1610 2082 Bullum
1621 2054 1633 2071 ⁴

841 2101 1010 2129 ctGrabium
1027 2101 1038 2116 ⁸
1051 2101 1176 2136 pluribus
1194 2099 1312 2128 ostendit
1334 2100 1376 2127 vir
1390 2101 1487 2129 doctus
1509 2100 1633 2129 Pruden-

842 2149 897 2176 tius
918 2147 1048 2175 Maranus
1074 2147 1093 2173 °.
1118 2146 1155 2173 Dc
1174 2146 1279 2174 czcteris
1298 2153 1379 2180 porro
1396 2146 1560 2174 Christiana:
1582 2147 1633 2174 do-

842 2194 936 2221 ctrinae
950 2193 1096 2228 capitibus,
1118 2200 1151 2219 ex
1171 2192 1265 2220 eadem
1287 2192 1407 2227 Epistula
1419 2193 1559 2227 emendis,
1576 2201 1632 2228 prae

844 2238 956 2273 reliquis
970 2246 1057 2273 nuper
1073 2237 1140 2264 satis
1157 2237 1263 2264 erudite
1281 2237 1412 2264 disseruit
1431 2237 1466 2264 cl.
1490 2237 1631 2265 Marecha-

841 2284 884 2311 lus
898 2284 919 2310 ⁷.
937 2282 985 2310 llis
1008 2287 1098 2310 autem
1120 2282 1252 2309 hactenus
1271 2281 1424 2309 observatis
1445 2282 1545 2309 addere
1564 2282 1632 2309 libet

841 2338 875 2358 ex
888 2328 987 2357 Vossio
1002 2329 1013 2344 ⁸
1029 2332 1056 2355 ct
1070 2327 1157 2356 llodio
1177 2327 1198 2361 ',
1221 2327 1249 2354 S.
1271 2327 1423 2354 Barnabam
1441 2327 1572 2362 quamvis
1596 2335 1630 2355 ex

842 2375 934 2403 Graeca
957 2374 1108 2402 LXXvii-ali
1139 2374 1264 2401 versione
1279 2373 1428 2408 Scriptura:
1447 2374 1507 2401 loca
1527 2373 1631 2401 descri-

842 2421 906 2449 bere
919 2419 1102 2452 consueverit,
1120 2420 1281 2454 plerumque
1304 2423 1394 2446 tamen
1415 2418 1574 2446 llebraicam
1587 2426 1631 2445 ve-

842 2468 949 2494 ritatem
963 2469 1086 2493 secutum
1100 2464 1195 2491 fuisse.
1211 2463 1296 2499 Cujus
1311 2464 1420 2499 quidem
1437 2465 1475 2491 rei
1494 2469 1524 2491 ut
1543 2472 1627 2492 unum

842 2512 883 2539 vel
905 2512 1020 2539 alterum
1040 2510 1194 2545 exemplum
1221 2510 1248 2536 in
1274 2510 1393 2537 medium
1412 2509 1575 2545 proferatur,
1594 2518 1628 2537 ex

841 2556 923 2589 LXX,
935 2556 1011 2584 lsaia:
1027 2563 1101 2589 xxvi,
1120 2555 1163 2588 16,
1184 2555 1241 2582 hac
1255 2555 1352 2582 recitat
1371 2562 1468 2582 auctor
1484 2555 1527 2582 ‘°:
1551 2555 1628 2583 Ἰδοὺ

849 2665 915 2687 tom.
937 2660 978 2692 Ill,
996 2668 1057 2695 pag.
1080 2660 1145 2687 245.
1175 2658 1281 2695 r'aiAffl.
1296 2665 1357 2689 χιιι,
1372 2658 1398 2685 3.
1420 2658 1458 2695 __’f’
1471 2657 1590 2695 Tillem_.,
1605 2658 1623 2695 ί.

25 2696 94 2731 ς-ειι).
108 2693 167 2731 ηδ.
189 2695 239 2731 _‘°°
253 2691 360 2731 Coloss.
378 2703 415 2726 ιν,
430 2694 473 2721 10.
514 2695 522 2710 ¹
541 2694 697 2731 Chrysost.,
711 2691 792 2731 hom.-

848 2696 874 2722 in
889 2691 977 2731 Epist,
994 2691 1155 2731 ὰάῖξοέοδδη
1171 2694 1184 2729 §
1200 2693 1311 2731 QLQpp.
1331 2697 1396 2720 tom.
1420 2691 1467 2725 XI,
1484 2701 1544 2731 pag.
1560 2693 1622 2731 llilii.

25 2724 33 2738 ¹
46 2725 165 2765 ᾒιὲῃεὴη
182 2729 325 2757 Comment.
339 2730 366 2756 in
382 2724 431 2756 vet.
448 2738 542 2757 marnt.
560 2724 755 2765 Kalendq'vol.
769 2730 802 2764 ll,
821 2739 848 2765 p.
869 2724 999 2758 570-512.
1041 2724 1202 2765 V'Dacherq
1218 2724 1303 2765 Epist.
1331 2736 1451 2765 nttncup.
1484 2724 1622 2765 adVAprim.

26 2736 33 2738 -
48 2736 165 2765 mazocn.,
182 2736 325 2757 comment.
339 2738 366 2756 tn
382 2736 431 2756 vet.
448 2738 542 2757 mann.
560 2736 688 2763 linteum,
702 2736 755 2757 vol.
769 2736 796 2757 tt.

25 2760 214 2825 ἓξὲὒῖίρμέτῗη,
226 2765 313 2826 Pari;i
330 2765 410 2792 1645.
424 2800 434 2816 ⁸
448 2765 460 2780 ⁸
474 2764 544 2792 ΒυΙΙ.
560 2765 626 2826 Det.
638 2765 685 2806 fid.
709 2764 783 2796 Nic..

105 2817 110 2823 .
130 2807 136 2824 ι
157 2808 170 2825 u
184 2819 191 2825 .
206 2808 266 2826 nae.
321 2821 327 2826 .
340 2800 385 2826 44.
456 2799 572 2826 Maran..
617 2808 684 2826 ιυυι.
703 2800 736 2826 D.
756 2800 792 2826 N.

869 2736 999 2758 510-512.
1053 2736 1202 2760 -uacner.,
1218 2736 1303 2789 Lglsl.
1331 2736 1451 2762 nuncup.
1488 2736 1521 2755 au
1541 2736 1620 2762 prun.

848 2770 867 2792 t.
889 2773 908 2797 ι,
921 2773 980 2806 cap.
997 2764 1051 2800 λς)
1068 2765 1096 2797 2,
1121 2771 1148 2792 et
1157 2768 1238 2804 scct._
1259 2770 1341 2806 ,_cap.
1357 2763 1385 2795 2,
1402 2762 1458 2825 Ξίί.
1496 2765 1506 2780 ⁸
1523 2762 1620 2806 Grai»,

851 2800 896 2826 ϐυ
912 2801 960 2826 Ιιι).
980 2809 1016 2826 ιν.
1036 2800 1136 2826 can.‘2.
1153 2808 1178 2826 n.
1205 2798 1338 2826 311-073.
1377 2799 1387 2815 ⁷
1430 2801 1535 2826 arech..
1552 2798 1620 2825 (ιοηε

26 2793 116 2834 Ann_ot._
130 2798 191 2834 ibid.
206 2793 266 2834 pag.
281 2800 327 2832 21,
340 2800 385 2826 44.
424 2800 434 2816 ⁸
456 2799 572 2830 Maran..
594 2793 684 2827 Dicin.
703 2800 736 2827 D.
756 2793 792 2827 Ν.
809 2799 837 2827 J.
851 2793 962 2832 C.,'lib.'
980 2793 1023 2833 Iv,
1036 2793 1096 2834 cap;
1108 2800 1136 2831 2,
1153 2808 1178 2834 p.
1205 2793 1338 2834 371F573.
1377 2793 1387 2815 ί¹
1402 2793 1535 2834 Πενθεὺς,
1552 2793 1623 2834 Con;

26 2831 87 2872 ξιιηζ.
102 2832 142 2872 de:
154 2831 306 2872 ξδςρὲνσδ,
327 2840 394 2863 tom.
406 2835 430 2872 Vl,
447 2843 506 2870 pag.
524 2835 535 2861 1
553 2843 613 2872 seq.
648 2836 660 2851 ⁸
676 2835 710 2862 Is.
727 2835 819 2872 yoss”
834 2831 1013 2872 patrandae
1024 2831 1100 2865 LXX
1114 2831 1195 2872 Iug-tu
1213 2833 1448 2872 cap.21,pag.69.
1489 2835 1499 2851 ⁹
1511 2832 1618 2862 lluml’r.

29 2861 85 2892 llod.
103 2867 135 2895 De
150 2861 217 2898 Bibl.
229 2861 393 2906 textfo’n'g,
404 2861 458 2899 Ii'b.’
467 2861 508 2903 iii,
523 2861 626 2905 capl's,
645 2861 705 2907 νιιέ.
721 2861 847 2898 977Ϊ⁷⁷ιο
859 2861 941 2899 me...
958 2861 1131 2907 castitas.
1146 2869 1173 2898 6.
