1916 3104
243 149 296 177 699

823 149 852 177 S.
873 148 1057 176 BARNABAS
1077 148 1289 176 APOSTOLUS.

1820 150 1871 177 700

242 206 380 241 ἐμϐάλλω
406 206 450 239 εὶς
470 206 506 233 τὰ
529 206 650 240 θεμέλια
671 208 748 235 Σιὼν
767 208 855 235 λίθον
867 207 1032 242 πολυτελῆ,

1092 209 1194 237 μιὼιιίιτ
1213 208 1284 242 Quid
1298 208 1371 235 dicat
1386 209 1402 244 ἡ
1416 208 1517 240 Γνῶσις
1537 207 1684 244 (Cognitio,
1705 207 1762 236 sive
1782 208 1873 236 Scien-

243 251 397 285 ὲκλεκτὸν,
426 252 649 287 ἀκρογωνιαῑον,
670 254 798 288 ἔντιμον.
833 254 919 282 Verba
942 260 1033 282 tamen

245 298 370 333 proxime
394 298 590 333 subsequentia
611 307 645 327 ex
672 298 788 328 Hebraeo
816 301 890 328 fonte
913 301 1031 336 repetit:

244 345 301 372 Καὶ
312 345 346 378 ὃς
359 345 478 372 ὲλπίσει
492 345 538 372 ἐπ’
551 346 654 379 αὐτὸν,
671 345 789 380 ζήσεται
804 349 848 381 εις
861 347 915 374 τὸν
930 347 1033 379 αἰῶνα,

246 392 281 419 Et
303 392 350 426 qui
376 392 518 426 speraverit
539 392 568 419 in
587 392 676 425 illum,
693 393 760 420 vivet
781 393 808 420 in
827 398 964 421 aeternum.
984 394 1033 422 Ubi

245 437 314 465 LXX
325 447 332 465 :
344 437 400 464 Kal
410 439 427 465 ό
440 439 590 465 πιστεύων
601 439 637 465 σὺ
647 438 690 473 μὴ
705 440 920 475 καταισχυνθῇ,
930 440 965 468 Et
977 450 1035 469 cre-

245 483 309 510 dens
334 491 386 510 non
407 483 592 518 confundetur.
613 484 684 512 Alibi
703 490 793 512 autem
814 493 847 513 ex
865 485 933 514 Gen.
953 495 983 518 ll,
1004 487 1033 519 2,

246 529 305 555 haec
325 529 407 556 habet
430 530 449 545 “
479 538 485 556 :
515 529 572 556 Kal
593 530 795 559 συνετέλεσεν
809 531 837 568 (ό
852 532 934 569 Θεὸς)
950 533 985 560 ἐν
996 533 1035 568 τῇ

245 574 342 609 ’ἡμέρᾳ
358 575 395 609 τῇ
408 575 526 611 ἐϐδόμῃ,
540 584 567 604 κ.
585 585 610 603 τ.
626 576 651 603 λ.
674 576 709 604 Et
728 580 918 606 consummavit
941 579 1034 616 (Deus)

247 620 274 646 in
287 619 328 646 die
339 620 460 654 septima,
472 625 524 647 etc.
539 621 573 648 At
588 620 670 654 LXX,
687 622 769 657 ἐνῖῇ
786 623 880 658 ἡμέρᾳ
894 623 932 658 τῇ
946 623 1016 659 ἕκτῃ
1026 645 1034 657 ,

247 665 275 691 in
288 664 330 691 die
340 671 426 692 sexta.
440 665 510 693 Hinc
534 665 563 694 S.
583 666 766 703 Hieronymus
782 669 808 695 in
829 668 1034 698 Traditionibus

248 710 387 738 Hebraicis
404 720 411 738 :
429 710 483 738 Pro
503 712 546 739 die
565 718 650 746 sexta,
670 713 697 740 iu
721 713 833 741 llebrwo
857 714 927 742 diem
954 717 1036 750 septi-

247 766 318 784 mam
331 758 416 785 liabet.
432 758 518 791 Quem
533 758 559 786 in
571 760 662 786 locum
682 760 760 794 plura
774 760 900 789 observat
911 762 1035 790 eruditus

248 804 365 832 Grabius
378 805 410 836 ",
426 805 507 840 digna
529 813 596 833 sane
614 813 675 841 quae
699 807 769 841 apud
789 807 879 841 ipsum
900 809 1034 843 legantur.

248 851 308 878 Alia
330 859 396 878 vero
421 852 557 887 ejusmodi
578 853 714 888 exempla,
731 861 764 881 ex
792 853 887 881 eadem
913 853 1035 890 Epistola

249 897 404 932 repetenda.

557 966 672 995 CAPUT
691 967 725 995 ν.

249 1027 384 1054 Iudicium
398 1027 431 1054 cl.
445 1027 597 1054 Mazocltii:
613 1029 688 1062 cujus
707 1030 788 1056 etiam
813 1029 924 1058 eruditae
948 1031 1037 1057 obser-

284 1063 400 1101 vationes
412 1063 438 1089 in
454 1064 555 1101 aliquot
568 1064 684 1101 ejusdem
702 1064 910 1101 Epistolwrloca,
927 1065 1035 1101 reliquis

283 1097 429 1125 editoribus
444 1097 591 1133 pra-terim,
610 1100 637 1126 in
651 1097 767 1126 medium
782 1100 963 1128 adducuntur.

285 1153 338 1181 Sed
367 1162 431 1182 ecce
450 1155 498 1182 tibi
522 1155 564 1182 vir
590 1155 768 1183 doctissimus
783 1157 862 1191 cujus
879 1157 962 1192 paulo
975 1161 1037 1184 ante

249 1201 436 1232 meminimus,
461 1201 526 1228 dum
546 1199 677 1228 Barnabas
698 1206 773 1238 gesta
790 1201 850 1229 fuse
863 1203 1038 1237 persequitur

250 1245 374 1280 miraque
390 1245 490 1280 ingenii
506 1246 666 1273 dexteritate
682 1246 809 1279 illustrat,
831 1247 934 1282 aliquot
956 1248 1037 1275 etiam

250 1291 311 1325 ejus
325 1291 454 1326 Epistulae
470 1292 530 1319 loca
544 1292 652 1327 egregie
663 1300 713 1326 pro
729 1300 806 1320 more
820 1300 871 1320 suo
886 1293 1014 1321 edisserit
1029 1303 1036 1321 :

251 1341 281 1364 ut
298 1337 412 1372 proinde
431 1345 519 1372 operae
531 1338 647 1373 pretium
664 1346 707 1365 me
722 1337 857 1366 facturum
872 1339 1038 1374 existimem,

251 1383 274 1410 si
291 1383 442 1411 luculentas
464 1383 537 1410 illius
564 1383 768 1411 observationes
794 1385 846 1412 hoc
868 1385 920 1412 loci
937 1385 1039 1413 descri-

251 1430 325 1456 bam.
352 1428 398 1456 Sic
418 1434 507 1456 autem
533 1436 562 1456 se
580 1429 681 1456 habent
700 1430 722 1445 "
739 1439 746 1457 ε
769 1439 777 1455 ι
796 1430 834 1458 Ex
849 1439 904 1466 quo
918 1431 1037 1466 primum

252 1478 374 1509 tempore
385 1475 420 1502 ab
432 1473 677 1509 HugoneMenardo
685 1476 822 1511 publicam
835 1476 922 1504 lucem
933 1478 1040 1512 aspexit

253 1520 375 1556 Epistola
388 1529 448 1556 qua:
464 1522 514 1549 sub
530 1521 661 1550 Barnaba:
677 1523 792 1558 apostoli
813 1524 923 1551 nomine
945 1532 960 1551 a
976 1524 1038 1551 Cle-

253 1573 343 1594 mente
356 1568 552 1602 Alexandrino,
572 1567 687 1604 Origene
702 1574 728 1597 et
748 1569 810 1597 aliis
833 1570 943 1598 laudata
968 1570 1038 1605 fuit;
1052 1558 1073 1586 (δ

252 1616 293 1639 tot
307 1612 362 1647 jam
379 1614 501 1641 virorum
524 1614 771 1642 eruditissimorum
795 1616 1039 1644 animadversioni-

253 1658 306 1685 bus
321 1659 417 1692 patuit,
431 1664 461 1686 ut
472 1668 704 1694 supervacaneum
723 1661 759 1689 sit
772 1661 921 1697 quidquam
935 1662 961 1690 in
978 1670 1038 1690 eam

253 1705 317 1730 novi
329 1705 447 1739 aggredi.
463 1704 564 1733 Tamen
579 1705 668 1733 obiter
688 1706 761 1734 illam
780 1707 950 1742 percurrcnti
972 1708 1041 1736 inci-

253 1749 353 1776 derunt
366 1749 434 1777 mihi
451 1751 575 1785 quaedam
598 1751 660 1779 aliis
675 1752 821 1787 praeterita,
838 1761 898 1788 qua:
920 1753 964 1781 hic
980 1754 1040 1782 bre-

253 1794 323 1822 viter
334 1803 516 1830 aspergerem.

292 1849 302 1867 ‹
320 1840 408 1876 Caput
421 1841 437 1868 6
451 1842 491 1873 sic
513 1842 608 1877 incipit
633 1851 641 1870 :
658 1843 726 1871 "Urs
736 1844 792 1871 οὖν
803 1845 947 1878 ἐποίησεν
959 1845 1042 1872 ἐντο-

254 1886 323 1920 λήν,
337 1892 390 1914 etc.
407 1888 473 1915 Cum
497 1893 584 1916 autent
603 1889 665 1924 fecit
692 1898 856 1918 pnacsrruu
881 1891 1041 1927 (Christus),

255 1933 318 1969 quid
330 1934 416 1960 dicit?
438 1934 502 1966 Quis
526 1939 564 1961 est
586 1936 630 1970 qui
653 1936 789 1970 jadicetur
807 1939 930 1964 mecum."
942 1942 969 1965 et
981 1946 1043 1973 quze

255 1987 338 2014 porro
360 1989 393 2008 ex
413 1981 489 2008 Isaia:
505 1989 532 2014 L,
548 1981 574 2014 8,
590 1982 617 2013 9,
634 1982 740 2010 recitat.
757 1983 806 2011 llic
821 1984 966 2011 obscrvatu
988 1993 1042 2012 non

257 2026 396 2061 indignum
409 2031 459 2060 est,
473 2027 593 2062 ἐντολήν,
612 2033 780 2063 pra-raptum,
802 2029 927 2057 absolute
949 2035 976 2057 et
996 2039 1044 2066 per

255 2072 442 2099 excellentiam
467 2073 559 2100 vocari
581 2073 670 2106 Patris
691 2074 843 2109 jussioncm
865 2075 899 2102 de
918 2075 1045 2103 Incarna-

257 2116 331 2143 tione
355 2121 382 2143 et
404 2121 460 2143 toto
487 2118 613 2144 humana:
629 2119 810 2153 reparationis
834 2119 952 2154 negotio,
970 2120 1043 2154 quod

257 2161 367 2194 ἐντολὰς
388 2163 435 2189 τοῦ
463 2163 580 2198 Πατρός,
602 2169 733 2199 ῃνωσερια
750 2163 852 2197 Patris,
879 2169 958 2192 vocat
984 2166 1043 2200 ipse

257 2207 394 2239 Christus,
407 2207 485 2235 Joan.
504 2216 549 2242 xv,
566 2207 609 2235 10.
623 2210 662 2236 Ac
673 2209 799 2237 fortassis
809 2210 938 2237 alluditur
951 2218 965 2237 a
980 2211 1042 2238 Bar-

1086 256 1134 290 tia)
1150 256 1244 282 discite
1259 265 1265 271 ·
1282 265 1291 281 t
1315 255 1424 290 Sperate
1441 256 1469 282 in
1487 264 1557 288 eum,
1570 256 1616 290 qui
1629 256 1656 282 in
1671 263 1750 282 carne
1761 256 1873 290 manife-

1084 302 1196 328 standus
1214 306 1254 328 est
1280 301 1362 334 vobis,
1386 300 1487 328 Iesum.
1519 301 1658 333 Γνώσεως,
1680 302 1808 334 scientia,
1823 310 1874 329 no-

1085 345 1158 372 mine
1172 353 1230 372 ωνό
1254 346 1404 380 apostolico
1431 345 1580 373 intellectas
1603 345 1689 373 fuisse
1711 354 1829 374 arcanas
1847 353 1876 373 et

1085 391 1246 426 allegoricae
1280 391 1379 419 veteris
1402 391 1512 419 fcederis
1534 391 1767 426 significationes,
1792 400 1875 419 nemo

1085 436 1203 472 ignorat.
1228 436 1265 465 Ea
1278 442 1321 465 est
1335 437 1424 465 Claui:
1450 438 1578 470 scientia,
1602 438 1630 464 in
1653 446 1707 472 qua
1731 438 1785 466 sibi
1807 438 1876 473 legis

1085 483 1187 518 peritos
1219 483 1357 518 placuisse
1376 484 1502 512 Christus
1523 484 1627 511 notavit
1643 484 1674 510 “.
1693 484 1728 510 At
1743 484 1798 511 hoc
1816 492 1876 510 am-

1085 529 1156 564 plius
1167 528 1211 556 hic
1225 528 1477 561 animadvertimus,
1501 529 1614 561 Γνῶσιν,
1629 529 1779 561 scientiam,
1794 529 1875 564 quasi

1085 575 1184 603 librum
1213 575 1302 608 citari,
1322 580 1349 604 et
1377 583 1410 603 ex
1431 584 1464 604 eo
1490 576 1571 603 verba
1588 575 1631 602 illa
1653 575 1770 610 proferri
1788 584 1795 602 :
1813 575 1877 609 Spe-

1085 626 1153 652 rate,
1167 625 1220 648 etc.
1237 620 1316 654 Quod
1331 621 1442 656 quidem
1458 630 1490 649 ex
1502 621 1642 649 Clemente
1655 621 1845 648 Alexandrino
1855 621 1876 636 "

1085 667 1171 694 multo
1185 671 1226 695 est
1247 667 1411 700 evidentius,
1432 668 1478 695 ubi
1505 668 1562 695 haec
1582 667 1665 695 verba
1694 674 1728 694 ex
1749 666 1875 694 Barnaba

1085 713 1125 740 sic
1143 713 1301 747 recitantur,
1321 717 1351 740 ut
1368 713 1460 748 φησιν,
1481 714 1553 748 quod
1572 713 1616 740 hic
1635 713 1722 746 deest,
1747 713 1876 747 supplea-

1087 762 1130 785 tur
1143 767 1149 785 :
1166 758 1238 791 Quid
1251 759 1323 786 dicat
1337 758 1471 794 Coguitio,
1484 758 1579 786 discite
1592 766 1601 784 :
1616 758 1773 789 Ἐλπισατε,
1782 759 1874 792 φησὶν,

1086 805 1132 832 ἐπὶ
1147 805 1204 838 τόν,
1218 810 1270 833 etc.
1290 804 1409 840 Sperate,
1432 805 1531 839 inquit,
1547 804 1574 830 in
1599 811 1669 837 eum,
1684 808 1750 836 etc.,
1773 804 1815 830 uti
1830 812 1877 830 su-

1087 858 1144 885 pra.
1164 849 1216 878 Ubi
1231 850 1436 883 animadvertis,
1457 850 1523 877 illutl
1545 850 1627 885 φησιν
1651 849 1742 877 alicrri
1768 857 1805 877 ex
1829 857 1877 876 ore

1086 896 1228 928 Barnabte,
1246 896 1341 931 utique
1359 903 1393 924 ex
1409 895 1574 931 Cognitionis
1592 896 1649 923 sive
1664 895 1791 923 Scientiw
1808 895 1877 922 libro

1082 942 1204 970 citantis.
1228 941 1325 969 Plures
1353 941 1418 969 olim
1444 941 1530 969 fuisse
1558 941 1716 976 hujusmodi
1750 940 1877 968 Scientite

1086 989 1172 1016 libros
1195 989 1382 1023 circumlatos,
1400 989 1435 1016 ab
1457 988 1559 1016 «ludatis
1581 988 1727 1023 allegorica
1745 989 1876 1016 sectami-

1087 1035 1137 1062 bus
1153 1035 1335 1070 conscriptos,
1350 1043 1404 1063 non
1419 1039 1461 1062 est
1479 1034 1602 1062 dubium.
1618 1034 1658 1061 Ad
1669 1041 1717 1062 eos
1730 1042 1798 1069 ergo
1814 1033 1878 1064 Bar-

1087 1081 1172 1108 nabas
1186 1081 1345 1116 plerumque
1370 1081 1479 1116 ablegat
1504 1080 1631 1113 lectores,
1657 1080 1704 1107 ubi
1719 1080 1754 1107 ad
1773 1079 1876 1113 allego-

1087 1126 1142 1153 rias
1153 1126 1311 1161 digreditur.
1330 1125 1438 1153 Scimus
1452 1125 1598 1153 hodienum
1613 1124 1640 1152 in
1663 1124 1822 1160 Targumim
1838 1124 1875 1150 lo-

1087 1179 1118 1198 ca
1138 1172 1278 1206 complura
1295 1171 1328 1198 ad
1349 1170 1476 1198 Messian]
1500 1169 1595 1198 referri
1612 1179 1619 1197 :
1638 1169 1712 1204 quod
1732 1176 1766 1197 ex
1782 1169 1877 1196 eadem

1087 1216 1188 1243 Γνώσει
1202 1217 1330 1244 manavit.
1352 1215 1506 1244 Notandum
1530 1220 1572 1243 est
1591 1220 1683 1243 autem
1703 1215 1732 1241 in
1756 1214 1878 1248 ascripta

1088 1264 1159 1298 loco,
1173 1265 1223 1291 etsi
1239 1264 1330 1291 omnia
1353 1263 1442 1290 verbis
1457 1263 1570 1290 totidem
1590 1269 1623 1290 ex
1636 1259 1739 1303 Γνῴσει
1760 1261 1878 1287 reciten-

1087 1315 1142 1343 tur,
1160 1310 1225 1338 illud
1237 1315 1327 1337 tamen
1350 1309 1462 1344 Ἰησοῦν,
1477 1308 1580 1341 Iesum,
1593 1308 1667 1343 quod
1680 1308 1714 1334 ad
1729 1308 1815 1334 ﬁnem
1831 1305 1878 1333 ad-

1088 1358 1172 1391 ditur,
1194 1364 1228 1384 ex
1250 1356 1380 1384 Barnaba:
1402 1363 1484 1383 manu
1503 1355 1668 1390 profectum,
1688 1361 1744 1380 non
1768 1352 1806 1380 ab
1830 1359 1878 1381 an-

1088 1409 1163 1431 ctore
1176 1402 1312 1435 Γνώσεως.
1334 1402 1420 1436 Quem
1443 1401 1553 1436 quidem
1568 1399 1693 1427 Judaeum
1720 1398 1812 1426 fuisse
1834 1406 1880 1424 ne-

1088 1457 1165 1477 cesse
1191 1454 1242 1482 est,
1269 1449 1373 1484 alioqui
1397 1456 1413 1475 a
1437 1447 1562 1475 Barnaba
1584 1446 1693 1473 Judaeos
1715 1444 1881 1472 convictum

1089 1495 1202 1522 minime
1220 1494 1371 1522 citandum.
1392 1492 1503 1520 Iudaeus
1524 1496 1615 1519 autem
1636 1490 1766 1518 Messiam
1790 1493 1879 1521 norat,

1090 1540 1186 1569 Jesum
1200 1549 1255 1568 non
1267 1545 1358 1568 norat.
1754 1546 1756 1548 '

1129 1618 1138 1634 ‹
1153 1609 1249 1636 Statim
1266 1607 1364 1635 ibidem
1380 1607 1523 1643 sequitur:
1545 1605 1632 1633 Homo
1657 1604 1738 1637 enim,
1763 1603 1804 1638 γῆ
1826 1604 1881 1630 ἐπι

1091 1653 1242 1689 πάσχουσα,
1272 1658 1344 1680 terra
1362 1657 1400 1680 est
1427 1653 1541 1687 patiens.
1566 1651 1686 1686 Apparet
1709 1649 1754 1676 hic
1778 1648 1881 1675 Baruav

1091 1700 1164 1733 bam,
1181 1703 1229 1727 aut
1256 1698 1382 1734 quisquis
1406 1702 1448 1726 est
1469 1701 1576 1728 auctor,
1603 1694 1779 1730 philosophis
1802 1701 1881 1720 aures

1091 1746 1254 1774 admovisse.
1271 1744 1338 1772 Nam
1355 1744 1421 1772 illud
1438 1744 1589 1779 πάσχουσα,
1605 1742 1721 1777 patiens,
1743 1740 1779 1768 ad
1796 1741 1881 1776 philo-

1091 1793 1240 1827 sophorum
1263 1791 1390 1826 τεχνικὴν
1412 1789 1534 1825 γλῶτταν
1559 1793 1601 1817 est
1623 1788 1814 1822 referendum,
1831 1796 1880 1823 qua

1091 1839 1233 1866 materiam
1260 1838 1317 1872 pati
1342 1837 1478 1864 dicebant.
1513 1834 1612 1868 Homo,
1646 1835 1754 1869 inquit,
1786 1841 1830 1862 est
1852 1842 1880 1861 ei

1092 1889 1176 1917 terra,
1197 1891 1251 1911 non
1268 1883 1378 1918 quidem
1401 1887 1508 1918 agente,
1524 1882 1570 1910 sed
1585 1881 1713 1916 patiente.
1726 1879 1818 1914 Cujus
1829 1884 1880 1907 sta-

1092 1932 1140 1960 tim
1154 1930 1286 1958 rationem
1307 1929 1396 1956 reddit
1417 1929 1460 1956 his
1482 1929 1574 1956 verbis
1591 1938 1596 1955 :
1632 1927 1697 1953 Ἀπὸ
1719 1926 1881 1960 προσώ-ξονι]

1093 1978 1147 2012 γὰρ
1164 1976 1218 2011 τῆς
1232 1976 1288 2010 γῆς
1299 1976 1317 2010 ἠ
1330 1974 1442 2008 πλάσαι
1455 1974 1508 2001 τοῦ
1526 1973 1616 2008 Ἀδὰμ
1631 1972 1760 2007 ἐγένετο.
1780 1972 1802 1998 Α
1821 1973 1882 2006 {acie

1092 2024 1252 2050 cuimterrw
1276 2021 1349 2056 ﬁctio
1377 2021 1437 2056 (seu
1462 2020 1601 2055 formatio)
1618 2018 1681 2045 Adte
1693 2018 1812 2044 exstitit.
1839 2016 1881 2043 Ubi

1093 2068 1276 2104 pulcherrima
1289 2066 1497 2094 Ilellenistarum
1510 2065 1613 2093 locutio
1627 2063 1759 2092 occurrit.
1773 2062 1881 2091 Hebrai'

1092 2123 1154 2143 cum
1168 2114 1241 2142 enim
1249 2118 1318 2144 ’,πετο
1326 2113 1445 2148 Mippeue
1461 2111 1543 2146 (quod
1553 2110 1639 2138 Judaei
1653 2109 1812 2137 Hellenistaa
1824 2117 1879 2144 per-

1092 2165 1184 2196 petuo,
1200 2159 1252 2186 ἀπὺ
1266 2158 1422 2195 προσώπου,
1441 2158 1468 2184 h.
1483 2164 1508 2184 e.
1529 2165 1545 2183 a
1556 2156 1624 2191 facie
1641 2155 1772 2189 reddunt)
1789 2163 1881 2190 quam-

1093 2207 1158 2234 libet
1172 2213 1295 2238 causam,
1312 2205 1394 2232 etiam
1416 2203 1595 2236 materialem,
1612 2202 1650 2229 uti
1672 2202 1832 2237 philosophi
1847 2201 1883 2228 lo—

257 2252 328 2280 mba
339 2253 372 2280 ad
385 2253 449 2280 illud
465 2253 564 2289 psalmi
578 2262 672 2286 xxxix,
690 2254 717 2288 8,
735 2255 768 2282 9:
785 2254 857 2281 Tunc
872 2256 929 2282 dixi
946 2263 955 2282 .-
976 2256 1043 2284 Ecce
1059 2254 1081 2281 Ι)
1094 2257 1227 2289 quuntur,
1247 2252 1381 2286 designat.
1407 2250 1479 2285 Ergo
1502 2248 1672 2277 tantumdem
1694 2253 1748 2280 est,
1776 2256 1794 2274 a
1823 2248 1884 2282 facit

258 2298 389 2326 πηίου...
409 2303 438 2325 ut
459 2298 556 2333 faciam
570 2298 729 2325 uoluntatem
747 2304 819 2326 tuam
832 2307 841 2326 ε
853 2307 934 2334 quam
947 2300 1043 2328 volun-

258 2348 341 2371 tatem
356 2352 417 2371 mox
433 2351 519 2371 LEGEI
535 2348 613 2371 vocat
626 2353 632 2371 :
649 2343 717 2370 Deus
735 2353 817 2377 meus,
831 2345 912 2376 rolui,
926 2350 950 2372 et
961 2345 1043 2380 legem

260 2396 333 2418 tuam
348 2390 376 2417 iu
389 2390 474 2417 medio
490 2390 576 2418 cordis
595 2391 655 2417 mei.
668 2389 785 2418 Omnino
799 2391 851 2419 hac
863 2392 1043 2426 praeceptione

259 2436 350 2464 divina
367 2437 452 2471 plena:
467 2443 531 2464 sunt
556 2437 699 2471 utriusque
713 2436 824 2465 fmdcris
847 2437 953 2472 pagina:
969 2447 974 2464 :
992 2438 1044 2465 hoc

259 2489 364 2512 tantum
390 2485 433 2513 hic
459 2493 572 2517 novum,
597 2485 670 2520 quod
691 2493 722 2512 ea
739 2486 781 2512 hic
796 2486 920 2513 absolute
937 2493 1043 2512 ιίιιεεε-

259 2538 331 2558 rrum
347 2536 526 2566 nuncupetur.
539 2532 574 2558 At
588 2535 666 2558 vetus
681 2531 815 2566 interpres
826 2531 875 2558 Dei
886 2536 1044 2566 prwceptttm

260 2577 385 2611 reddidit,
401 2584 431 2605 ut
444 2578 565 2606 insolens
580 2577 706 2613 loquendi
728 2585 813 2613 genus
832 2578 935 2605 clarius
957 2577 1045 2605 cﬂioe-

260 2627 313 2652 ret.

299 2679 308 2695 ι
328 2670 413 2698 Paulo
432 2675 503 2705 post,
519 2671 631 2698 recitato
652 2670 736 2698 Mosis
755 2670 912 2698 testimonio
932 2670 966 2697 de
987 2670 1045 2697 adi-

262 2714 389 2748 piscenda
406 2720 476 2743 terra
495 2716 593 2744 ﬂuente
615 2717 684 2743 lacte
708 2720 735 2743 et
760 2716 850 2751 melle,
876 2715 968 2744 statim
989 2715 1048 2742 lucc

298 2807 319 2842 ff
334 2805 428 2840 Barn.,
445 2806 529 2841 Epist.
564 2815 623 2842 cap.
638 2807 681 2834 15.

1096 2305 1182 2333 terrai,
1197 2307 1229 2326 ac
1243 2299 1265 2326 si
1280 2298 1403 2330 dixisset,
1418 2304 1450 2323 ea:
1463 2301 1533 2323 terra
1548 2295 1695 2322 formatum
1711 2302 1775 2322 esse
1790 2295 1881 2321 Adam.

1096 2346 1129 2373 Et
1145 2346 1202 2373 hace
1214 2344 1296 2373 ctiam
1320 2343 1419 2370 ibidem
1444 2342 1556 2369 totidem
1579 2340 1670 2368 verbis
1691 2339 1824 2368 Clemens
1846 2347 1884 2366 re-

1096 2392 1157 2419 fert.

1135 2448 1144 2464 ι
1162 2438 1227 2472 Cap.
1244 2437 1260 2463 7
1276 2435 1308 2469 ¹⁸,
1327 2435 1407 2463 sicuti
1427 2436 1509 2462 etiam
1529 2433 1557 2461 in
1577 2432 1758 2468 sequentibus
1791 2431 1883 2466 capiti.

1097 2485 1158 2517 bus,
1176 2483 1278 2519 pluries
1300 2481 1366 2509 illud
1387 2479 1549 2516 Προσέχετε,
1573 2478 1721 2510 Attendite,
1742 2477 1883 2504 intercala—

1098 2536 1162 2558 tur:
1187 2530 1261 2565 quod
1280 2528 1417 2564 peculiare
1440 2530 1482 2554 est
1499 2523 1734 2560 ἀλληγορούντων,
1753 2523 1790 2550 ad
1801 2527 1883 2550 atten-

1099 2576 1199 2603 tionem
1215 2573 1375 2602 acuendam.

1137 2630 1146 2646 ι
1162 2620 1228 2655 Cap.
1251 2619 1268 2647 9
1294 2619 1334 2645 "’:
1358 2618 1449 2645 Ἀλλὰ
1471 2617 1521 2644 καὶ
1546 2615 1604 2649 πᾶς
1618 2615 1713 2649 Σύρος
1731 2614 1884 2647 καΓΑμιςί·

1099 2667 1149 2694 καὶ
1161 2666 1272 2699 πάντες
1282 2667 1310 2692 οὶ
1330 2665 1416 2699 ἱερεῖς
1428 2664 1486 2691 τῶν
1500 2662 1639 2695 εἰδώλων,
1655 2666 1710 2688 etc.
1728 2670 1735 2687 :
1757 2659 1852 2686 Verum
1862 2662 1881 2684 ελ

1099 2714 1184 2740 omnis
1205 2711 1288 2748 Syrus
1300 2715 1325 2738 et
1339 2710 1423 2737 Arabs
1442 2714 1466 2736 et
1480 2717 1567 2736 omnes
1582 2707 1721 2743 idolorum
1740 2705 1882 2733 sacerdota

721 2808 742 2823 ¹²
756 2807 850 2839 Grab.,
869 2806 952 2841 Epist.
977 2807 1012 2833 ad
1020 2805 1048 2832 J.
1061 2803 1129 2832 Mill.
1141 2803 1183 2841 de
1197 2801 1347 2841 iib._Jttdi§.
1361 2798 1468 2841 geuuiit.
1488 2791 1879 2841 LXXintentiore.2:332:32-

264 2841 286 2876 ι]
297 2828 429 2871 Μηὶἑὲὲὶἱῖζ
445 2828 623 2876 Humi-inpii."
641 2828 682 2857 ’ἶῖ
702 2828 930 2874 ιλιιεῗὶἴδεῗ*
941 2842 962 2856 ιδ
976 2828 1038 2869 (Ξῖοιι

1092 2828 1293 2870 i.HAlexaudi‘.,
1317 2828 1414 2863 Strom.
1433 2834 1479 2862 lib.
1499 2841 1524 2865 v,
1544 2839 1603 2866 cap.
1627 2830 1676 2862 it),
1693 2837 1721 2864 p.
1745 2828 1798 2856 685
1823 2828 1879 2855 cdd.

264 2873 351 2903 Oxon.
372 2875 448 2903 Πίὲ».
489 2877 510 2893 ιο
527 2873 608 2904 Barn.
625 2876 710 2912 Epist.
732 2885 792 2913 cap.
808 2873 833 2905 7.
873 2877 894 2893 ”
915 2876 981 2904 ibid.
