1916 3104
21 154 60 182 101

668 149 933 178 PROLEGOMENA.

1572 153 1626 181 703

20 211 224 238 cirrumiduntur
247 210 314 244 Quae
331 211 430 239 merito
443 210 628 238 difﬁcultatem
644 213 783 238 crearunt.
798 211 823 239 Α
836 209 928 237 braice
948 209 1096 244 respondet
1113 217 1229 244 osazcu,
1252 211 1313 242 uia,-
1339 218 1402 238 cum
1423 216 1518 239 contra
1534 210 1626 244 οὐδός

22 258 104 285 l'erurn
118 258 171 284 hate
190 265 243 284 non
259 263 323 285 sunt
337 258 371 285 ad
391 258 557 286 severiorem
579 257 709 284 trutinam
725 257 784 285 exi-

21 305 106 338 genda,
130 303 176 331 sed
198 304 375 339 παχυτέρως,
402 304 599 336 crauiuscule,
625 304 783 339 accipienda

21 351 78 376 hunc
102 349 183 376 ferme
214 349 241 376 in
265 350 376 377 modum
404 359 411 378 :
438 350 533 384 Quivis
564 349 668 385 Syrus,
694 350 784 384 quivis

20 396 98 427 Arabs,
111 396 198 430 quivis
217 396 427 423 simulacrorum
443 396 572 424 sacerdos
593 396 784 423 circumcisio-

21 448 67 466 nem
89 440 218 474 admittit;
235 446 281 468 aut
298 450 305 468 :
324 440 363 468 Ne
384 440 445 476 Syri
461 441 571 476 quidem
589 446 616 468 et
629 441 744 472 Arabes,
757 445 784 468 et

19 484 102 517 protani
114 487 265 513 sacerdotes
276 493 291 513 a
305 486 513 515 circumcisione
531 487 690 516 abhorrent.
707 487 775 517 Nam

18 530 66 563 quia
80 530 143 558 inter
154 531 237 566 Syros
249 538 276 559 et
287 533 401 566 Arabes,
414 533 539 568 interque
549 534 678 570 profanos
690 543 779 563 sacer-

17 576 78 603 dotes
86 581 180 609 essent.
193 578 239 612 qui
251 579 298 606 illo
308 587 337 606 se
348 580 430 607 modo
441 581 598 608 mundiores
609 586 780 616 praestarent.

18 620 77 648 licuit
103 620 229 651 Barnabae
258 625 381 659 apostolo
404 625 514 658 dicere.
540 626 779 655 circumcisionem

17 667 148 700 promiscue
165 668 200 695 ab
227 669 280 697 illis
299 671 435 705 usurpari.
453 670 520 704 Quis
548 678 603 698 non
631 671 659 699 in
679 672 779 701 talibus

15 714 95 742 similia
107 715 247 750 loquitur?
258 716 394 746 Caeterum
407 718 527 747 Arabum
546 720 681 755 plurimos
694 720 781 748 fuisse

14 767 100 795 verpos,
115 762 195 791 sicuti
207 769 236 791 et
254 765 412 793 sacerdotes
427 765 581 802 Egyptios,
600 775 655 794 non
673 772 715 795 est
729 767 781 795 du-

13 807 80 834 bium.
104 808 140 836 Ac
162 817 197 837 ne
218 810 252 838 de
275 810 351 847 Syris
364 812 475 847 quidem
493 817 535 840 est
548 813 740 846 dubitandum,
755 814 779 841 si

13 853 102 887 quidem
115 862 209 883 verum
225 856 262 884 sit
275 857 348 892 quod
368 858 473 893 antiqui
495 859 681 892 crediderunt,
697 859 779 888 Phin-

12 900 70 926 uices
90 902 239 938 περιτομήν
263 903 417 931 admisisse.
441 904 573 940 Origenes
596 906 631 932 ad
650 905 726 932 Rom.
747 913 776 939 ll,

12 946 45 979 25,
67 946 132 975 inter
158 953 273 977 caeteros
297 950 519 979 circumcisionis
547 952 667 980 cultores
695 953 777 981 etiam

10 991 130 1021 Phoenices
140 996 295 1023 numeravit
312 995 356 1024 his
371 997 463 1025 verbis
478 1007 484 1024 :
498 997 529 1025 Si
545 998 678 1033 replicetis
692 999 777 1026 histo-

11 1039 50 1066 rias
63 1044 164 1072 vostras,
176 1041 314 1068 invenietis
325 1050 375 1069 non
389 1043 475 1070 solum
486 1043 676 1080 Egyptiarum
689 1055 778 1074 sacer-

9 1085 75 1117 dotes,
85 1086 126 1112 sed
137 1091 161 1112 et
178 1086 281 1114 Arabas
296 1093 322 1115 et
335 1087 478 1124 JEgyptios
493 1095 518 1117 et
532 1090 677 1120 Pumutces
692 1092 777 1121 alios-

9 1138 52 1164 que.
68 1139 170 1165 quarunt
182 1133 275 1160 studia
296 1135 385 1169 gratia
404 1135 558 1170 ltujusmodi
581 1138 776 1172 superstitionis

8 1176 99 1204 nobilius
114 1179 207 1212 vigent.

36 1231 43 1248 t
58 1223 116 1258 Cap.
131 1224 164 1252 l6
180 1226 202 1242 "
216 1234 224 1253 :
251 1227 345 1254 Adhuc
369 1232 395 1255 et
414 1228 447 1255 de
474 1229 571 1264 templo
586 1230 674 1257 dicam
691 1231 774 1265 vobis,

7 1269 111 1299 quomodo
133 1276 252 1298 errantes
279 1272 379 1304 miseri,
396 1273 442 1300 ἐπὶ
455 1274 506 1310 τὴν
530 1275 589 1302 ὁδὸν
601 1276 728 1311 ἦλπισαν,
747 1278 776 1305 in

8 1319 54 1340 mu
64 1321 233 1349 speraverant,
246 1321 272 1344 et
288 1326 339 1345 non
349 1318 378 1345 in
392 1319 476 1347 Deum
487 1321 574 1355 ipsum
587 1323 632 1357 qui
645 1323 708 1357 fecit
719 1332 772 1357 eos,

6 1361 64 1391 quasi
82 1361 169 1388 domus
196 1362 247 1390 Dei
263 1368 339 1392 esset.
363 1364 414 1393 Hic
436 1373 491 1394 non
513 1371 555 1395 est
569 1367 682 1396 dubium
707 1370 773 1404 quin

5 1405 59 1438 ws,
71 1407 124 1441 vim,
138 1409 249 1436 nomine
260 1411 390 1445 templum
403 1413 496 1440 veniat
514 1423 520 1440 :
536 1422 598 1442 nam
612 1419 641 1442 et
657 1415 685 1443 in
705 1419 774 1443 tem-

4 1453 38 1485 pio
50 1458 124 1481 totam
153 1454 313 1483 Iudaeorum
340 1457 469 1486 ﬁduciam
496 1458 583 1488 fuisse
611 1462 772 1497 repositam,

5 1502 64 1526 uolat
76 1499 117 1528 illa
138 1501 255 1530 celebris
275 1503 469 1537 conclamatio,
498 1504 634 1541 Templum
652 1507 771 1542 Domini,

835 256 999 290 respondeat
1016 255 1150 283 llebraico
1173 263 1248 289 una,
1265 257 1337 291 quod
1356 261 1398 284 est
1412 256 1503 284 limen.
1522 256 1623 284 Verum

834 301 975 328 sciendum
999 306 1043 330 est
1064 300 1228 329 llebraicum
1247 310 1361 335 neuneu,
1382 311 1444 330 eum
1465 311 1480 330 a
1494 303 1624 330 calcando

834 347 936 381 veniat,
958 355 1012 375 non
1040 352 1146 374 tantum
1166 348 1236 374 viam
1258 348 1424 383 signiﬁcare,
1442 349 1490 376 sed
1504 353 1533 376 et
1550 345 1624 383 parii-

833 398 959 426 mentum,
974 398 1001 421 et
1014 393 1041 420 in
1059 394 1181 421 recitatis
1196 394 1265 422 locis
1280 395 1362 421 ctiam
1375 394 1466 428 limen,
1477 395 1551 429 quod
1564 400 1623 422 sta-

834 439 883 466 tim
907 439 942 466 ab
963 439 1182 475 ingredientibus
1204 440 1336 468 calcatur.
1362 439 1463 468 Deinde
1485 449 1548 468 cum
1566 440 1622 468 Jer.

832 493 916 519 xxxv,
930 486 956 517 4,
964 486 1180 521 φυλάσσοντος
1193 487 1251 521 τὴν
1265 487 1346 520 ὁδόν,
1359 488 1530 515 custodienti;
1542 489 1622 520 viam,

831 539 882 567 pro
895 532 940 558 τὸν
949 532 1038 565 οὐδόν,
1051 534 1223 560 custodienti;
1238 534 1317 560 limen
1330 534 1404 569 (nam
1420 533 1486 562 Heb.
1497 540 1538 562 est
1546 538 1622 570 SAM!)

832 587 894 606 meo
908 579 1014 614 judicio
1030 580 1149 614 positum
1178 581 1348 614 inveniatur;
1377 588 1433 608 non
1456 581 1536 608 video
1556 582 1622 616 quin

831 626 925 654 eadem
945 627 1060 654 mutatio
1075 627 1144 655 locis
1166 635 1249 663 supra
1262 628 1430 663 depromptis
1445 628 1565 663 potuerit
1577 635 1624 656 ac-

830 673 931 701 cidere.
949 673 1090 700 Postremo
1104 681 1138 701 ne
1154 674 1284 701 tricemur
1306 674 1421 707 diutius,
1446 674 1469 702 si
1486 681 1622 710 gramma-

830 719 900 746 ticos
928 719 1066 753 audimus,
1093 720 1162 752 ὁδός,
1187 720 1240 752 via,
1270 724 1297 748 et
1317 720 1403 753 οὐδός,
1426 720 1517 748 limen.
1537 728 1621 748 unum

830 765 957 799 idemque
979 774 1079 793 nomen
1096 771 1169 794 sunt.
1192 766 1261 794 Nam
1286 771 1314 794 et
1339 766 1458 795 Homero
1477 767 1553 800 οὐδός
1571 776 1622 803 pro

829 812 897 844 ὁδός,
925 813 978 844 via,
1010 818 1160 848 usurpatur
1188 823 1194 841 :
1218 819 1245 841 et
1265 818 1361 841 contra
1384 814 1484 842 Suidas
1505 818 1622 841 testatur

830 866 922 886 vocem
938 859 1006 891 ὁδός,
1027 859 1050 886 si
1072 864 1199 887 tenuetur
1219 861 1306 896 prima
1328 861 1442 896 syllaba,
1467 861 1622 896 significare

829 905 916 939 οὐδόν,
939 906 956 932 i.
974 914 999 933 e.
1024 906 1114 938 limen,
1133 907 1216 934 allato
1237 906 1380 942 Sophoclis
1402 908 1474 936 loco.
1493 907 1574 935 Paria
1593 908 1619 935 in

828 949 973 978 Eustatliio
997 951 1128 986 reperies,
1149 956 1176 979 et
1200 951 1227 978 in
1252 951 1396 987 Sophoclis
1421 952 1570 980 scholiaste
1584 953 1619 980 ad

828 996 961 1023 celebrem
971 997 1030 1032 ejus
1040 997 1131 1024 locum
1143 1005 1158 1025 a
1171 996 1255 1024 Snida
1269 1002 1296 1024 et
1307 997 1451 1024 Eustatlno
1467 997 1618 1025 laudatum.

828 1042 866 1070 De
888 1043 989 1078 quibus
1015 1042 1078 1070 vide
1105 1043 1137 1071 Η.
1168 1043 1336 1079 Stephanum
1360 1045 1392 1072 ¹¹.
1411 1043 1466 1072 Nec
1481 1048 1508 1072 te
1528 1045 1620 1072 turbet

827 1089 901 1125 quod
913 1090 971 1117 haec
980 1089 1092 1125 antiqua
1104 1095 1131 1118 et
1144 1095 1287 1125 poetarum
1300 1091 1450 1126 peculiaria
1463 1092 1617 1119 videantur:

827 1144 891 1164 nam
907 1136 934 1164 in
951 1135 1022 1163 LXX
1043 1141 1072 1164 et
1094 1136 1195 1165 Judzeis
1218 1137 1374 1166 llellenistis
1389 1138 1506 1173 plurima
1518 1146 1618 1165 occur--

826 1187 902 1216 runt,
923 1183 1022 1218 partim
1050 1183 1206 1218 antiquata,
1238 1185 1337 1219 partim
1363 1184 1554 1212 Alexandrina:
1571 1189 1618 1211 aut

826 1228 942 1256 aliarum
965 1229 1120 1264 ignotarum
1141 1229 1320 1257 dialectorum
1339 1229 1498 1265 peculiaria.
1526 1239 1536 1255 ι
1563 1228 1617 1256 Ha~

826 1279 922 1302 etenus
937 1273 969 1301 V.
986 1274 1016 1302 Ο.

1130 1331 1246 1360 CAPUT
1266 1331 1310 1359 Vl.

824 1390 863 1418 De
876 1390 958 1417 variis
972 1388 1087 1424 ejusdem
1100 1388 1226 1423 Epistola'
1234 1388 1392 1416 editionibus
1403 1397 1433 1415 ac
1441 1389 1616 1420 pertionibus:

859 1426 887 1452 in
901 1426 994 1460 primi:
1008 1432 1067 1452 vero
1080 1427 1111 1452 de
1128 1430 1210 1452 vetere
1221 1424 1320 1451 Latina
1331 1444 1339 1457 ,
1354 1425 1399 1451 ubi
1418 1429 1442 1451 et
1454 1424 1570 1458 paucula
1585 1425 1617 1452 de

858 1469 923 1488 cura
937 1465 1038 1488 nostra.

859 1507 920 1535 Jam
937 1515 1001 1535 vero
1022 1514 1058 1535 ne
1071 1506 1160 1534 ofﬁcio
1176 1510 1271 1534 nostro
1285 1506 1394 1541 penitus
1416 1506 1512 1534 deesse
1523 1506 1616 1534 videa-

5 1544 107 1578 tamplum
129 1546 248 1581 Domini,
273 1553 301 1575 et
323 1549 396 1584 quod
418 1550 497 1578 initio
521 1556 615 1579 noster
630 1552 665 1580 de
677 1554 773 1588 templo
786 1557 810 1588 ε
826 1561 898 1586 mur,
913 1553 947 1580 ad
964 1553 1055 1580 varias
1071 1557 1099 1580 et
1116 1552 1228 1587 quidem
1250 1552 1370 1586 potiores
1386 1551 1514 1587 Epistolas
1534 1552 1616 1587 hujus

4 1592 120 1625 proposuit
133 1593 234 1627 dicere,
254 1599 282 1622 et
304 1595 379 1630 quod
404 1604 468 1624 mox
489 1597 592 1631 subdit,
612 1599 696 1631 Quasi
716 1599 771 1634 (via

4 1636 87 1665 Scilicet
100 1638 154 1674 illa)
170 1640 266 1667 domus
286 1640 333 1668 Dei
346 1648 423 1670 esset.
440 1642 514 1671 Vidit
526 1643 578 1672 hoc
589 1649 616 1672 et
634 1649 713 1673 vetus
729 1646 772 1673 in-

5 1686 96 1717 terpres,
113 1685 157 1719 qui
175 1693 226 1720 pro
244 1686 315 1719 ὁδόν,
328 1688 410 1720 viam,
426 1689 516 1723 posuit
528 1689 628 1722 (edem;
642 1691 682 1718 sic
697 1691 770 1719 enim

3 1728 97 1757 reddidit
111 1740 118 1758 :
134 1730 166 1758 In
181 1740 264 1760 mor-zu
278 1741 350 1768 spem
364 1733 524 1762 habuerunt.
540 1735 692 1763 Cotelerius
709 1737 771 1772 qui-

2 1773 48 1801 dem
69 1776 97 1802 ad
111 1777 233 1812 quaedam
245 1779 390 1808 Seniorum
413 1780 474 1808 loca
494 1781 614 1809 allusum
639 1782 767 1817 suspica-

2 1823 44 1851 tur,
58 1820 81 1847 in
93 1823 189 1856 quibus
206 1823 267 1856 ὁδός
280 1824 407 1853 similiter
420 1833 470 1861 pro
487 1826 584 1862 templo
600 1828 673 1854 sumi
687 1835 769 1863 posse

2 1864 96 1894 videtur.
114 1867 209 1897 Verum
224 1875 253 1898 et
265 1871 310 1898 hic
325 1870 475 1904 Barnabas,
501 1877 528 1900 et
541 1873 578 1900 ibi
597 1872 668 1900 LXX
681 1874 768 1906 οὐδόν,

1 1910 73 1945 limen,
88 1915 230 1950 scripsisse
242 1916 378 1950 videntur,
393 1922 527 1946 consueto
537 1919 676 1946 schemate
688 1925 768 1947 uten-

2 1960 41 1989 ωε.
60 1967 108 1994 quo
130 1969 192 1996 pars
213 1971 265 1997 pro
290 1967 347 1991 toto
366 1964 496 1998 sumitur,
518 1970 545 1992 et
561 1973 616 2000 quo
633 1965 768 2001 hodieque

2 2004 94 2039 utimur,
110 2008 152 2035 ubi
172 2008 282 2036 Limina
303 2009 483 2044 apostolorum
499 2011 617 2039 invisere
638 2011 766 2039 dicimur.

1 2048 129 2085 Legenda":
141 2059 182 2082 est
198 2055 282 2090 igitur
296 2055 345 2082 ἐπὶ
357 2057 410 2083 τὸν
422 2055 546 2084 adobrui
558 2057 597 2084 'in
613 2057 716 2090 limine,
737 2058 765 2084 h.

0 2098 113 2132 C.lemplo
135 2108 204 2134 spem
221 2100 392 2128 collocantes.
415 2101 550 2130 Czeterum
573 2102 597 2129 si
625 2101 765 2131 Barnabas

0 2142 62 2176 riam,
71 2144 123 2178 τὴν
134 2146 214 2179 ὁδόν,
225 2147 265 2174 uti
281 2155 354 2174 nunc
369 2147 478 2183 legitur,
487 2148 609 2176 scribere
620 2149 763 2180 voluissrt,

0 2189 24 2214 ad
35 2189 105 2218 ﬁnem
117 2192 212 2220 οὖσαν
223 2193 375 2228 posuisset,
388 2201 442 2220 non
456 2193 539 2227 ὄντα,
558 2194 631 2230 quod
643 2202 696 2222 non
711 2195 764 2222 nisi

0 2242 45 2262 tum
57 2237 139 2265 οὐδόν
150 2239 280 2267 convenit
297 2247 305 2267 :
319 2240 370 2273 ὡς,
386 2239 486 2275 inquit,
500 2240 573 2267 ὄντα
583 2241 668 2268 οἶκον
677 2241 762 2268 Θεοῦ.
779 2230 803 2261 Ῑ)

0 2277 64 2313 Idem.
75 2283 109 2310 uti
119 2283 184 2318 dixi,
195 2285 332 2320 judicium
344 2286 397 2313 erit
417 2286 451 2313 de
465 2286 534 2313 locis
557 2285 764 2315 LXXviralibus

0 2324 23 2351 lll
35 2326 90 2363 Reg.
106 2337 162 2364 vm,
185 2331 282 2364 4-5-48,
308 2331 336 2359 in
359 2332 461 2367 quibus
482 2340 556 2360 nunc
578 2333 764 2366 προσεύξω-

0 2379 61 2400 ml...
73 2374 137 2402 ὀδόν
149 2377 259 2412 legitur,
275 2385 338 2405 cum
360 2377 505 2413 legendum
519 2378 554 2406 sit
566 2378 667 2406 οὐδόν.
688 2379 762 2406 Ado—

0 2417 75 2444 rabunt
89 2420 174 2456 limen,
189 2427 244 2450 etc.
260 2422 348 2451 Sicuti
362 2423 445 2455 etiam
468 2423 489 2450 ll
501 2423 591 2450 Paral.
609 2431 646 2457 vr,
663 2424 760 2452 34-58.

0 2459 43 2490 Non
64 2465 176 2495 inaudita
201 2475 244 2497 est.
268 2469 341 2504 apud
368 2475 475 2497 veteres
501 2470 604 2497 liutinis
625 2470 760 2498 adoratio.

0 2505 81 2537 Scitum
91 2516 129 2540 est
142 2515 223 2542 etiam
237 2515 368 2550 antiquos
384 2523 399 2541 ο
413 2523 461 2550 pro
475 2516 579 2550 integra
592 2515 762 2552 diphthongo

0 2561 24 2579 ου
37 2556 147 2589 primitus
161 2561 305 2596 scripsisse
327 2562 369 2595 (ut
395 2561 422 2588 in
445 2561 566 2589 nummis
588 2562 761 2598 Συρακοσίων

0 2605 36 2631 Pro
46 2603 254 2640 Συρακουσίων,
265 2611 293 2634 et
307 2612 434 2635 sexcenta
448 2607 569 2642 ejusdem
581 2608 678 2642 modi),
687 2608 760 2643 quod

0 2649 156 2683 postmodum,
172 2651 388 2688 descriptoribus
414 2654 503 2680 fraudi
530 2653 626 2686 fuisse,
643 2661 698 2680 non
718 2658 761 2681 est

0 2689 161 2724 dubitandum.
186 2698 289 2726 Dixerit
310 2699 411 2734 aliquis
425 2699 453 2726 in
470 2699 553 2727 modo
574 2699 692 2727 laudatis
709 2699 759 2727 Se-

0 2738 88 2767 niorum
109 2742 173 2771 locis
194 2744 266 2772 ὀδόν
287 2752 348 2774 esse
369 2746 551 2780 retinendutn,
577 2746 643 2783 quia
665 2745 690 2774 ei
706 2745 759 2774 He-

25 2857 41 2872 "
54 2857 126 2888 Barn.
144 2861 238 2895 Enist.,
251 2872 274 2891 ς.
290 2863 314 2890 7.

822 1599 957 1627 editiones
967 1606 1000 1626 ac
1008 1598 1150 1626 vei-siones
1161 1597 1341 1624 recensendas
1351 1598 1525 1626 accedamus.
1539 1598 1615 1625 Illam

822 1647 914 1681 itaque
927 1646 1033 1680 primus
1061 1645 1137 1680 prelo
1161 1644 1427 1680 subjeceratOxonii
1450 1652 1523 1672 anno
1545 1644 1616 1672 1645

821 1691 939 1719 Jacobus
964 1690 1105 1723 Usserius,
1124 1701 1134 1717 ι
1156 1690 1269 1724 Verum,
1293 1691 1383 1726 inquit
1405 1690 1496 1719 Fellus
1509 1691 1543 1724 ",
1555 1691 1615 1726 ejus

822 1738 900 1765 urbis
917 1741 994 1772 parte
1015 1745 1114 1773 magna
1134 1737 1208 1773 gravi
1232 1737 1358 1764 incendio
1383 1742 1517 1772 correpta,
1535 1742 1614 1772 typo-

819 1785 969 1819 graphcnm
984 1792 1045 1811 cum
1065 1788 1121 1814 tota
1141 1782 1322 1818 supellectile,
1338 1782 1446 1810 schedis
1471 1781 1614 1818 impressis

819 1835 846 1858 et
858 1828 1008 1864 exemplari
1024 1829 1093 1864 ipso,
1109 1828 1298 1863 conflagravit.
1310 1839 1320 1855 ι

854 1875 915 1908 Quo
929 1879 1018 1902 autem
1039 1874 1125 1902 ferme
1146 1878 1269 1909 tempore
1283 1873 1381 1901 Oxonii
1406 1881 1483 1901 suam
1499 1872 1613 1908 parabat

818 1922 965 1949 editionctn
981 1920 1127 1952 Usserius,
1142 1920 1176 1948 de
1195 1920 1252 1954 ipsa
1269 1919 1387 1954 Epistola
1404 1918 1516 1946 Parisiis
1536 1919 1613 1946 evul-

818 1967 905 2003 ganda
924 1967 1063 2002 cogitabat
1083 1966 1160 2001 Hugo
1180 1965 1337 1998 Mcnardus,
1357 1964 1510 1992 monachus
1525 1964 1611 1992 Bene-

817 2013 936 2040 dictiuus
961 2020 977 2040 e
997 2012 1207 2048 congregatione
1223 2011 1251 2038 S.
1276 2010 1374 2038 Mauri.
1397 2009 1513 2046 Jamque
1540 2011 1611 2046 typis

816 2061 917 2092 praesto
935 2062 995 2084 erat
1007 2064 1088 2092 opus,
1106 2056 1222 2083 eruditis
1240 2055 1465 2083 adnotationibus
1489 2056 1612 2083 illustra-

817 2108 890 2136 tum;
905 2102 954 2130 scd
968 2110 1041 2130 anno
1064 2102 1134 2130 1644
1152 2102 1274 2136 ineunte,
1294 2106 1382 2129 morte
1404 2105 1538 2136 prterepto
1551 2101 1611 2128 viro

816 2150 907 2181 docto,
916 2149 988 2177 illius
1000 2148 1098 2176 edendi
1108 2156 1203 2176 curam
1216 2148 1242 2175 in
1251 2155 1280 2175 se
1287 2148 1387 2182 recepit
1399 2148 1459 2181 ejus
1467 2147 1610 2183 syncellita

817 2194 906 2222 Lucas
917 2194 1077 2227 Daclierius,
1092 2193 1140 2228 qui
1156 2199 1183 2220 et
1193 2199 1304 2221 auctum
1319 2193 1481 2228 praefatione
1493 2201 1553 2227 sua,
1568 2194 1610 2221 in-

817 2245 948 2276 sequente
960 2248 1034 2268 anno
1049 2239 1118 2267 1645
1128 2239 1156 2266 in
1172 2239 1260 2268 lucem
1282 2239 1384 2267 emisit.
1401 2239 1437 2267 Ut
1449 2244 1540 2268 autem
1554 2239 1610 2274 pri-

817 2297 869 2316 ma:
887 2289 969 2323 hujus
980 2288 1109 2316 editionis
1125 2288 1195 2315 ratio
1208 2287 1304 2315 lectori
1318 2292 1459 2322 utcunque
1472 2293 1608 2322 comperta

817 2335 863 2367 sit,
877 2334 964 2369 ipsius
982 2334 1017 2361 cl.
1030 2334 1143 2362 editoris
1161 2333 1244 2361 verba
1261 2333 1306 2360 hic
1327 2333 1484 2361 describere
1497 2332 1607 2368 juverit.

816 2378 862 2406 Sic
884 2380 967 2415 igitur
992 2379 1054 2407 ille:
1075 2389 1085 2405 (
1109 2379 1138 2406 in
1159 2378 1301 2406 Philastrii
1320 2378 1440 2413 episcopi
1458 2377 1609 2405 Brixicnsis

815 2426 944 2454 volumen
958 2434 1042 2453 manu
1070 2426 1202 2460 scriptum
1219 2433 1234 2452 e
1253 2424 1412 2453 Corbciensi
1430 2423 1608 2456 monasterio,

814 2481 877 2500 cum
902 2472 1045 2500 incidisset
1067 2472 1215 2507 aliquando
1228 2471 1261 2498 ll.
1278 2470 1308 2498 P.
1322 2471 1439 2498 domnus
1453 2469 1532 2504 llugo
1553 2468 1610 2496 Me--

815 2519 933 2551 nardus,
954 2518 1053 2545 ibidem
1067 2517 1190 2552 proxime
1205 2520 1266 2551 post
1285 2515 1434 2550 Epistolam
1447 2513 1607 2541 Tertulliani

815 2565 853 2592 De
873 2565 938 2592 cibis
953 2564 1089 2594 Judaicis,
1102 2563 1233 2590 Barnabm
1244 2562 1354 2588 nomine
1368 2561 1525 2596 insignitum
1542 2560 1609 2595 Epic

814 2610 911 2638 stolam
923 2618 976 2637 una
996 2618 1057 2637 cum
1071 2609 1165 2636 Jacobi
1186 2607 1302 2642 apostoli
1319 2606 1439 2641 Epistula
1454 2606 1607 2641 deprehen-

813 2657 875 2684 dit:
899 2663 1016 2690 moxquc
1041 2655 1068 2681 in
1084 2654 1206 2680 animum
1235 2651 1352 2683 induxit,
1366 2659 1426 2678 eam
1454 2655 1485 2678 ut
1497 2658 1530 2677 ex
1547 2650 1607 2684 pul-

812 2710 876 2730 vere
888 2706 915 2729 et
925 2700 1053 2736 squalore
1064 2702 1216 2730 excuteret,
1230 2697 1408 2732 appositequc
1422 2697 1494 2724 notis
1509 2696 1606 2723 diluci-

813 2749 902 2778 daret.
927 2747 1035 2783 Atquia
1056 2754 1089 2774 ex
1119 2745 1288 2781 primoribus
1313 2744 1442 2772 Ecclesite
1465 2743 1605 2776 Pati-ibus,

357 2864 376 2880 ιε’
393 2863 423 2892 ll.
440 2864 521 2899 διιιυῖι
539 2886 545 2899 ,
568 2864 656 2900 Thes”
672 2869 736 2894 tom.
755 2866 787 2900 ll,
806 2866 860 2895 col.
884 2867 962 2894 H85.
1003 2867 1024 2883 ²⁰
1044 2866 1122 2901 Fell.,
1139 2867 1244 2903 praefat.
1263 2867 1295 2896 ad
1312 2866 1397 2904 Epist.
1415 2866 1533 2897 Barnab.
