1916 3104
265 145 320 173 ’1113

266 253 344 288 gorio
358 251 543 286 Nazianzcno,
558 253 726 289 llieronymo
748 253 864 287 aliisque
880 260 935 278 non
953 252 1060 287 paucis,

268 299 320 326 hac
346 298 373 325 in
399 298 520 333 Epistula
548 299 713 332 Barnabam,
739 307 787 326 seu
813 299 938 333 quemvis
965 298 1061 329 aliuln,

269 345 364 372 Grlece
385 344 470 372 fuisse
493 346 614 373 locutum
632 347 702 373 haud
717 346 799 373 dubie
821 345 965 378 didicerat,
984 345 1063 373 haesit

267 399 322 418 non
334 399 430 426 parum
444 392 601 426 implicatus
616 402 622 419 ε
637 401 686 420 nec
696 392 830 427 ejusmodi
843 397 1062 425 monumentum,

267 437 307 464 sic
321 436 510 472 imperfectum
524 445 556 465 ac
572 438 655 465 na-vis
671 442 791 469 scatens,
806 442 837 464 ut
848 438 893 464 illa
907 445 960 472 qua
976 438 1062 465 codex

267 483 423 517 exscriptus
438 487 481 510 est
500 487 567 511 mtas
588 483 702 517 ferebat,
720 484 746 511 in
761 483 898 519 publicum
921 491 1007 511 ausus
1020 489 1063 512 cst

268 527 381 554 inferre.
400 526 499 555 Verum
513 529 652 564 suppetias
665 529 773 556 tandem
787 529 878 556 attulit
888 529 1064 557 doctissimus

268 574 442 607 Sirmoudus,
461 576 607 603 Societatis
620 575 684 603 Jesu
700 576 841 611 presbyter
857 585 864 602 :
879 576 903 603 is
917 576 1017 611 quippe
1029 577 1063 604 de

267 621 426 656 apographo
442 622 547 655 Grzeco,
570 623 642 657 quod
661 621 755 649 Romae
769 622 840 649 inter
855 630 921 651 mss.
936 628 964 650 et
984 623 1063 650 sche-

267 667 318 694 das
336 666 369 694 R.
385 666 415 694 Ρ.
433 667 561 694 Turriani
577 668 731 695 eruditione
753 675 785 695 ac
799 675 889 695 rerum
914 668 1062 695 multarunt

269 714 383 741 scientia
405 714 554 742 clarissimi
581 720 728 749 rcpercrat,
755 715 936 743 liheulissinie
952 723 1062 743 accom—

268 761 390 787 modavit
402 760 541 789 Meuardo.
556 760 634 788 Unde
652 766 742 788 auleln
758 761 937 796 exscripserit
950 770 1065 797 apogrn-

268 808 352 841 phum
369 805 532 840 Turrianus,
549 814 594 834 res
619 810 662 834 est
678 807 758 834 nobis
773 815 885 842 prorsus
912 807 1016 842 ignota.
1030 808 1064 835 At

268 860 334 879 ve:o
350 852 432 879 veluti
449 853 595 888 genuinam
622 853 733 880 nomine
752 852 885 880 Bal-nabat:
900 852 1061 888 Epistolam,

268 899 303 925 ab
317 899 439 933 antiquis
453 898 634 933 scriptoribus
647 899 783 926 laudatam
798 904 880 934 alque
892 904 1062 935 usurpatam,

269 943 368 971 Versio
381 945 438 979 ipsa
454 944 562 977 Latina,
578 946 637 972 sine
652 945 736 972 dubio
750 950 812 972 ante
825 953 926 972 annum
941 953 1064 980 nongen-

268 990 396 1018 tesimum
414 991 516 1026 scripta
545 991 711 1025 persuadet;
732 999 795 1018 cum
821 991 907 1019 ferme
932 992 1064 1019 continuo

268 1038 353 1065 textui
377 1036 472 1064 Graeco
492 1037 655 1072 respondeat
676 1037 703 1064 iu
724 1037 911 1066 omnibus.....
938 1037 1063 1065 Mutilum

267 1087 309 1110 cst
321 1082 457 1115 Graecum,
471 1083 568 1110 mutila
583 1082 673 1110 versio
686 1082 792 1110 Latina.
809 1083 935 1112 Glaucum
953 1085 1063 1120 quidem

267 1128 375 1156 lacunis
388 1133 416 1156 et
432 1129 552 1156 hiatibus
568 1129 646 1156 initio
663 1133 768 1156 tantum
784 1129 914 1164 Epistolm
928 1130 1066 1158 deforma—

269 1179 371 1203 tur.....
391 1175 486 1203 Versio
506 1180 597 1204 autem
617 1182 691 1204 caret
703 1182 780 1212 parte
799 1182 948 1211 postrema,
959 1177 1002 1204 cui
1019 1186 1066 1205 ac-

268 1222 421 1249 cessionem
445 1230 514 1249 nova
531 1223 757 1258 interpretatione
775 1231 808 1250 ex
830 1223 925 1251 Graeco
941 1223 1065 1251 Reiiiano

269 1268 361 1295 attulit
375 1267 581 1296 Menardus.....
595 1269 723 1297 Codicem
743 1270 855 1297 unicum
880 1270 987 1302 habuit,
1001 1278 1065 1298 cum

269 1316 393 1343 Graecum
407 1320 464 1342 tum
487 1314 626 1347 Latinum,
646 1323 735 1350 neque
756 1323 854 1342 sanum
868 1316 969 1351 ubique
982 1317 1064 1350 satis;

270 1367 301 1390 ιιι
315 1362 429 1397 proinde
453 1370 526 1389 nunc
546 1370 623 1394 cura,
646 1371 719 1390 nunc
737 1362 895 1397 conjectura
920 1363 958 1390 illi
986 1363 1067 1391 fuerit

269 1407 424 1435 adhibenda
442 1417 448 1434 :
465 1407 538 1442 quod
556 1412 647 1434 tamen
669 1407 709 1434 sic
724 1415 806 1442 parce
821 1412 848 1435 et
866 1408 1014 1442 prudenter
1028 1409 1067 1436 fc-

269 1453 318 1485 eit,
334 1458 363 1480 ut
379 1454 404 1479 iu
421 1453 492 1479 linea
509 1460 561 1479 non
578 1452 656 1479 facile
677 1452 795 1480 litteram
812 1457 942 1486 mutaret,
967 1453 1014 1481 sed
1032 1454 1065 1482 ad

269 1500 422 1535 marginem
445 1499 596 1527 aduolaret.
617 1509 625 1525 1
645 1498 703 1527 lluc
717 1508 803 1534 usque
817 1499 980 1529 Dacherills.

305 1541 420 1572 Postero
448 1552 521 1572 anno
551 1545 618 1572 1616
646 1545 844 1573 Amslelodami
874 1546 946 1581 typis
973 1546 1065 1574 denuo

268 1591 456 1618 excutiendam
467 1591 574 1618 curavit
585 1592 708 1619 eamdem
719 1591 868 1626 Epistolam
879 1591 989 1620 lsaacus
1001 1592 1067 1622 Vos-

270 1637 328 1664 sius
343 1637 376 1664 ad
391 1637 491 1665 calcem
505 1637 689 1672 Epistolarum
706 1637 736 1667 S.
751 1637 848 1674 lguatii
860 1638 909 1672 DL,
922 1640 993 1668 notis
1005 1640 1065 1668 bt'c-

271 1683 350 1710 vibus
372 1683 418 1710 sed
442 1684 558 1712 eruditis
583 1685 767 1712 illustratum:
790 1685 871 1720 cujus
897 1686 1064 1722 exemplara

271 1728 407 1757 Salmasio
423 1730 512 1765 primo
528 1735 669 1765 acccplurn
682 1731 799 1758 contulit
811 1739 874 1758 cum
891 1732 979 1760 tribus
995 1740 1063 1759 mss.

269 1775 421 1808 codicibus,
438 1783 470 1803 ex
496 1776 668 1803 bibliothecis
682 1776 799 1804 Medicea
824 1776 993 1811 Florentina,
1010 1777 1064 1805 Va-

270 1821 360 1848 ticana
375 1826 402 1848 et
417 1821 614 1849 Thcatinorum
632 1822 727 1850 Roma:
749 1823 907 1858 degentium
931 1824 1063 1859 repetitis.

269 1867 376 1900 Quibus
392 1869 524 1896 subsidiis
541 1869 652 1903 adjutus
671 1869 888 1897 vetustissimum
902 1871 954 1897 hoc
968 1878 1066 1898 tuonu-

270 1920 391 1942 mentum
413 1916 500 1943 multo
521 1916 684 1951 castigatius
698 1915 855 1950 evolgavit:
879 1926 888 1941 ε
909 1924 971 1943 eum
991 1917 1064 1944 enim

269 1961 391 1989 lllenardi
411 1963 506 1996 editio,
523 1969 552 1990 ut
567 1964 682 1998 ipsemet
703 1963 751 1996 ait,
771 1971 805 1990 ex
823 1972 878 1990 uno
895 1965 1066 1998 promanarit

269 2009 375 2041 codice,
391 2008 448 2036 licri
462 2009 541 2036 aliter
556 2017 609 2036 non
626 2009 716 2044 potuit
732 2009 799 2044 quin
813 2009 1066 2038 inemendatissima

270 2055 402 2089 prodiret.
423 2065 432 2080 ι

307 2111 414 2146 Elapsis
428 2119 493 2138 vero
508 2111 601 2146 viginti
620 2119 667 2139 sex
685 2111 765 2139 anuis
778 2120 792 2139 a
809 2112 895 2147 prima
910 2111 997 2140 Vossii
1009 2112 1067 2140 edi—

272 2158 356 2190 tione,
373 2157 443 2184 hanc
464 2156 597 2184 Barnaba:
618 2156 767 2192 Epistulam
791 2166 902 2186 rursum
927 2158 954 2185 in
968 2159 1066 2192 vulgus

270 2203 362 2230 emisit
377 2202 489 2231 Parisiis
512 2202 581 2229 167i
602 2210 664 2229 eum
686 2208 776 2231 vetere
803 2203 900 2230 Latina
929 2205 1064 2237 versione,

270 2257 341 2276 nova
369 2250 480 2284 insuper
508 2249 743 2285 interpretatione,
769 2251 896 2285 notisque
920 2251 1066 2279 luculentis

272 2297 435 2325 adornatam
462 2295 582 2324 Joannes
607 2296 729 2332 Baptista
755 2297 921 2329 Cotclerius,
950 2306 1067 2333 eamque

270 2344 409 2379 praeclara“.
421 2351 478 2371 suae
497 2343 612 2370 Patrum
633 2344 839 2379 apustolicorum
858 2344 971 2371 editioni
992 2344 1066 2371 insc-

269 2391 335 2418 t‘uit.
358 2390 446 2423 Quam
469 2390 579 2425 quidem
594 2389 740 2417 editionem
767 2390 819 2417 sub
841 2390 921 2417 linem
944 2390 1066 2425 ejusdem

270 2437 374 2470 steculi,
392 2443 465 2463 anno
484 2436 564 2469 1698,
583 2436 737 2470 Autuerpize
758 2444 804 2463 seu
825 2436 915 2471 potius
927 2435 1065 2463 Aiustclo-

269 2484 342 2511 dalni
359 2483 429 2519 typis
443 2483 614 2519 eousiguavit
629 2491 691 2510 cum
711 2483 782 2510 uotis
793 2483 930 2510 variarunt
946 2482 1066 2510 Joannes

269 2530 403 2563 Clericus,
433 2530 587 2564 iterumque.
610 2529 701 2556 szeculi
730 2529 866 2556 currentis
897 2537 970 2556 anno
995 2528 1066 2556 1⁵121

271 2576 410 2603 nonnullis
428 2575 544 2603 Joannis
566 2575 666 2602 Davisii
689 2575 802 2610 suisque
820 2575 1066 2602 animadversionu-

269 2621 321 2648 lius
332 2626 452 2649 auctam.
474 2621 607 2656 Denique,
626 2627 655 2649 ut
676 2621 753 2655 Felli,
771 2621 871 2657 Moynii
893 2621 1065 2656 aliorumque

271 2673 465 2702 pnetereamus
489 2668 634 2700 editiones,
659 2668 783 2695 eamdem
812 2667 960 2702 Epistulam
986 2667 1062 2702 prelo

271 2715 410 2743 commisit
434 2715 586 2742 Riehardus
616 2714 715 2742 Russel
741 2722 814 2742 anno
843 2714 933 2746 1746,
959 2713 986 2741 111
1011 2721 1061 2741 sua

307 2786 327 2801 “
349 2785 434 2812 Cotcl.
448 2785 539 2812 Jlulie.
555 2787 586 2813 dc
603 2785 688 2820 Epist.
702 2785 731 2812 S.
743 2785 839 2816 Barth,
858 2785 909 2811 sub
925 2785 972 2820 lin.

275 2820 343 2846 111111.
359 2820 418 2850 (.‘r.,
434 2821 542 2852 tom.X,
560 2819 662 2855 pag.'5,
681 2825 708 2848 ct
723 2821 828 2854 pra-.l'at.
845 2821 877 2846 all
888 2820 916 2846 ὃ.
939 2819 1066 2855 l’hilastr.

274 2863 300 2888 p.
320 2863 353 2881 xx
370 2863 443 2882 xxvi.

841 149 870 177 S.
890 149 1076 177 BARNABAS
1095 149 1311 180 APOSTOLUS.

266 204 406 233 Clemente
430 206 625 239 Alexandrino,
646 205 774 241 Origene,
791 205 971 238 Tertulliano,
993 205 1060 232 Gre-
1076 206 1097 234 A
1112 205 1226 234 Patrum

1853 154 1910 182 τοι

1275 207 1481 242 apostolicamm
1517 208 1677 236 collectione
1723 208 1910 238 Londiniensi.

1151 253 1223 280 Inter
1243 254 1381 282 rersioncs
1396 259 1485 282 autem
1504 255 1585 289 hujus
1605 255 1733 290 Epistulae
1751 257 1912 292 principem

1115 299 1205 327 locum
1231 299 1282 327 sibi
1302 301 1421 327 vindicat
1436 306 1513 328 vetus
1538 300 1654 328 Latina:
1679 302 1713 329 de
1731 310 1785 337 qua
1811 308 1912 337 prater

1113 354 1145 372 ca
1165 354 1226 380 qua:
1241 346 1357 381 sparsim
1375 347 1437 374 hinc
1452 347 1514 374 inde
1538 347 1687 382 attigimus.
1704 349 1744 376 sic
1763 354 1859 376 censet
1872 350 1912 376 el.

1113 391 1266 420 Cotelerius
1278 393 1300 408 ¹¹
1315 404 1320 420 ;
1343 401 1353 418 1
1373 391 1456 420 Vetus
1474 392 1662 427 interpretatio
1676 393 1833 421 barbariem
1846 395 1912 421 ubi-

1113 445 1177 472 que,
1194 438 1295 472 ubique
1321 438 1511 473 negligentiam
1525 439 1661 472 ostendit;
1685 444 1782 474 estque
1806 441 1912 475 imper-

1115 483 1183 511 fecta
1213 487 1240 510 et
1269 485 1375 515 inutila,
1400 488 1457 511 tum
1485 486 1599 519 passim,
1627 490 1685 512 tum
1715 487 1854 521 przecipue
1877 487 1912 513 a-l

1115 530 1207 560 liuent,
1223 529 1269 556 ubi
1285 529 1435 564 posteriora
1451 530 1539 564 capita
1558 535 1732 563 resecantur;
1748 531 1822 558 forte
1845 533 1912 566 quia

1114 575 1208 603 minus
1221 575 1300 603 docta
1323 576 1483 602 videbantur
1500 576 1652 610 interpreti,
1666 582 1748 610 atque
1763 577 1799 604 ad
1818 585 1912 605 meres

1114 621 1202 656 magis
1221 621 1384 655 pertinentia
1400 633 1406 648 :
1424 622 1505 656 igitur
1528 622 1641 649 omissis
1664 623 1708 654 iis.
1725 623 1912 657 colopbouem

1114 676 1161 702 per
1173 668 1345 702 doxolo,.jiam
1366 668 1491 702 imponit.
1509 667 1594 695 Suum
1620 673 1713 695 tamen
1737 669 1775 696 illi
1791 671 1912 697 versiont

1114 714 1229 749 pretium
1246 723 1252 741 :
1268 714 1311 741 cui
1327 714 1458 742 debemus
1472 715 1563 749 priora
1579 715 1680 750 capita,
1694 724 1756 742 cum
1772 724 1828 743 non
1843 725 1912 751 pau-

1113 762 1153 789 cis
1168 761 1408 788 emendationibus
1418 760 1505 787 Grmci
1519 766 1679 794 contextus;
1694 766 1724 788 ut
1737 762 1807 788 nihil
1821 763 1912 789 dicam

1113 808 1147 834 de
1159 808 1322 842 antiquitate
1334 808 1407 834 illius
1420 815 1451 834 ac
1466 807 1649 842 simplicitate.
1674 817 1684 833 1
1700 809 1850 835 Auctorem
1864 817 1912 835 au-

1115 859 1169 882 tem
1184 853 1267 888 hujus
1286 853 1421 880 versiouis
1436 852 1521 880 fuisse
1543 852 1572 879 S.
1587 852 1764 880 Philastrium
1787 852 1912 880 Brixia-u-

1115 908 1171 928 scm
1188 899 1345 934 episcopum
1358 897 1728 934 conjecitPapebrochius",
1739 907 1862 934 eumque
1873 909 1912 927 se-

1115 949 1196 972 cutus
1218 944 1362 971 Fabricius
1378 944 1411 971 ".
1428 943 1464 971 At
1479 944 1617 971 iuuncrito
1632 952 1709 973 sane.
1729 944 1825 980 Neque
1838 946 1912 972 enim

1115 990 1272 1023 Meuardus,
1290 991 1396 1026 primus
1410 990 1509 1018 veteris
1525 990 1599 1017 illius
1613 991 1853 1026 interpretationis
1868 993 1912 1019 dc-

1115 1043 1214 1070 tector.
1245 1045 1334 1072 neque
1359 1037 1491 1070 Vossius,
1515 1045 1603 1072 neque
1624 1037 1796 1070 Cotclerius.
1823 1046 1912 1073 neque

1115 1085 1161 1112 alii
1187 1084 1234 1119 qui
1264 1084 1393 1119 deinceps
1417 1085 1488 1112 hanc
1512 1084 1662 1119 Epistulam
1690 1084 1858 1118 vulgarunt,
1890 1085 1912 1112 id

1116 1139 1237 1165 unquam
1251 1131 1350 1158 litteris
1364 1130 1511 1158 tradidere.
1527 1130 1611 1158 Error
1626 1135 1718 1158 autem
1732 1131 1912 1158 duumvirum

1115 1177 1225 1204 illorum
1240 1185 1255 1204 e
1279 1177 1370 1204 verbis
1384 1176 1508 1204 Daeberii
1524 1177 1605 1204 modo
1620 1177 1714 1204 relatis
1734 1177 1855 1204 fortasse
1872 1186 1912 1204 or-

1115 1227 1174 1256 tus;
1191 1223 1291 1258 quibus
1305 1223 1437 1251 docemur
1454 1232 1464 1249 ι
1483 1223 1640 1251 Menardum
1656 1223 1683 1250 in
1702 1222 1844 1250 Philastrii
1857 1225 1912 1258 epi-

1115 1269 1190 1303 scopi
1207 1268 1356 1297 Brixiensis
1379 1269 1509 1296 volumen
1525 1276 1578 1296 ms.
1593 1276 1609 1296 e
1626 1268 1787 1296 Corbeiensi
1813 1276 1912 1295 mona-

1115 1315 1202 1342 sterio
1230 1315 1358 1343 incidisse
1375 1324 1383 1340 1
1404 1315 1431 1342 111
1453 1322 1508 1350 quo
1535 1322 1589 1342 una
1618 1322 1681 1342 cum
1697 1313 1759 1341 aliis
1788 1319 1912 1341 veterum

1115 1361 1269 1396 opusculis,
1293 1366 1430 1388 vetustam
1452 1368 1562 1396 quoque
1577 1360 1712 1388 Barnabas
1727 1360 1859 1396 Epistola
1875 1362 1912 1387 in‘

1117 1408 1340 1442 terpretationem
1357 1406 1546 1441 deprehendit,
1559 1414 1641 1442 quam
1657 1414 1691 1433 ex
1706 1407 1803 1434 eodem
1818 1407 1912 1434 codice

1116 1453 1262 1489 descripsit
1279 1453 1306 1480 in
1323 1454 1411 1481 lucem
1426 1453 1589 1481 emissurus.
1606 1452 1736 1480 Pluribus
1746 1453 1802 1487 egit
1816 1454 1871 1480 hac
1883 1455 1912 1480 de

1117 1507 1147 1527 re
1162 1499 1313 1527 Galeardus
1325 1498 1357 1526 V.
1371 1500 1402 1527 (ἶ.
1419 1499 1446 1526 111
1465 1498 1624 1534 praefatione
1637 1499 1672 1526 ad
1686 1499 1858 1526 luculentam
1873 1507 1912 1525 ve-

1118 1549 1206 1573 terum
1235 1544 1348 1572 Patrum
1376 1544 1513 1571 Brixiana:
1542 1543 1672 1571 Ecclesia:
1701 1544 1911 1575 collectionem;

1117 1600 1210 1627 quem,
1226 1592 1249 1620 si
1263 1598 1351 1625 vacat,
1367 1592 1454 1619 lector
1468 1592 1548 1619 adeat
1561 1592 1594 1619 ".

1153 1648 1359 1676 Recenlioribus
1381 1655 1446 1675 vero
1469 1647 1642 1675 versionibus
1668 1651 1781 1681 praestat
1800 1646 1911 1682 Anglic:

1117 1695 1254 1723 Cuilielmi
1272 1694 1360 1722 Wakii
1373 1702 1435 1722 cum
1455 1693 1583 1729 Epistolis
1597 1693 1760 1722 Clementis.
1778 1692 1858 1728 lgnal
1871 1694 1878 1719 i
1890 1698 1911 1720 el

1116 1741 1270 1778 Polycarpi,
1286 1749 1405 1768 necnon
1433 1739 1540 1767 l'lerune
1562 1739 1688 1773 Pastore,
1705 1739 1822 1767 Lundini
1847 1741 1910 1767 edita

1116 1795 1182 1814 auu.
1203 1786 1272 1813 11193
1284 1791 1311 1814 et
1331 1786 1409 1812 l'i'lO.
1428 1785 1465 1812 De
1479 1786 1531 1812 hac
1548 1790 1639 1812 autem
1654 1786 1780 1813 versione
1799 1786 1910 1821 loquens

1115 1831 1236 1859 Joannes
1251 1831 1373 1859 Clericus
1391 1831 1418 1858 111
1431 1831 1546 1866 epistola
1560 1831 1762 1866 nuncupatoria
1779 1832 1910 1866 posterio-

1118 1879 1155 1906 ris
1172 1879 1284 1905 Patrum
1305 1878 1512 1912 apostolicorum
1525 1877 1654 1905 editionis
1673 1877 1868 1909 Cotelerianx,
1883 1879 1909 1903 aJ

1116 1925 1242 1952 elundeln
1256 1924 1383 1952 Wakium
1396 1924 1453 1959 jam
1470 1924 1708 1959 archiepiscopum
1727 1923 1907 1951 Cantuarqu

1116 1979 1186 2004 sem,
1199 1972 1258 1999 haec
1272 1971 1353 1999 habet
1367 1980 1374 1999 :
1392 1981 1401 1997 ι
1419 1971 1482 1998 Fuit
1497 1975 1523 1998 et
1534 1970 1586 1997 alia
1602 1971 1683 2002 ratio,
1697 1978 1788 2005 eaque
1800 1971 1908 2005 majoris

1116 2018 1255 2053 ponderis,
1271 2023 1383 2054 propter
1393 2026 1476 2054 quam
1487 2017 1641 2045 existimavi
1655 2017 1703 2044 tibi
1715 2018 1789 2044 hanc
1802 2017 1907 2044 Patrum

1116 2065 1322 2101 apastolicorum
1347 2066 1494 2093 editionem
1516 2073 1570 2091 non
1587 2064 1803 2098 displicituram.
1831 2065 1908 2091 ﬁent.»

1117 2112 1247 2139 nimirum
1269 2116 1338 2145 erat,
1363 2112 1409 2147 qui
1438 2111 1530 2139 minus
1554 2111 1749 2145 dedignaretur
1778 2111 1906 2146 ejusmodi

1117 2158 1279 2193 scriptores;
1293 2165 1411 2192 quorum
1428 2157 1581 2192 plerosque,
1594 2161 1621 2184 et
1635 2165 1682 2184 eos
1693 2158 1810 2192 quidem
1827 2158 1908 2193 ganni-

1117 2211 1176 2235 ηαδ,
1195 2202 1224 2230 S.
1241 2202 1404 2235 Barnabam,
1428 2202 1457 2229 S.
1479 2201 1622 2237 lgnatium,
1646 2202 1674 2229 S.
1696 2203 1868 2230 Clementem
1886 2208 1906 2228 et

1119 2249 1149 2276 S.
1175 2249 1368 2284 Polycarpum,
1386 2248 1419 2275 ad
1442 2256 1512 2283 quos
1531 2256 1671 2276 accessere
1693 2247 1797 2275 Pastor
1813 2250 1907 2276 llernia:

1117 2301 1143 2323 et
1155 2295 1252 2331 lguatii
1265 2294 1437 2330 Martyrium,
1447 2295 1473 2321 iu
1485 2295 1628 2329 Anglicum
1639 2302 1799 2321 sermonem
1808 2303 1904 2322 summa

1119 2341 1171 2368 lide
1183 2345 1266 2375 atque
1279 2339 1424 2375 elegantia,
1442 2339 1533 2374 quoad
1548 2347 1592 2366 res
1609 2338 1724 2372 ferebat,
1739 2340 1903 2367 comerlisti.

1118 2393 1145 2414 et
1160 2386 1302 2422 protemiis
1316 2387 1478 2421 pereruditis
1493 2394 1525 2413 ae
1537 2386 1642 2421 judicio
1663 2394 1778 2413 summo
1795 2395 1904 2413 cuuscn-

1119 2433 1173 2467 ptis
1193 2432 1308 2460 ornasti.
1324 2441 1334 2458 1
1354 2431 1391 2459 Ita
1412 2432 1546 2459 Clericus.
1560 2431 1627 2464 Quae
1648 2432 1760 2466 quidem
1775 2433 1804 2460 in
1821 2433 1903 2468 primis

1119 2479 1164 2506 hic
1182 2478 1336 2506 describere
1359 2478 1471 2512 placuit,
1492 2484 1521 2505 ut
1542 2482 1648 2506 constet
1673 2478 1765 2513 ipsum
1796 2485 1902 2506 multis:

1118 2527 1281 2554 sententiam
1296 2535 1303 2553 :
1319 2526 1454 2560 siquidem
1478 2531 1557 2553 antea
1576 2527 1602 2553 iu
1620 2534 1670 2553 sua
1692 2527 1819 2554 Historia
1833 2528 1902 2554 adv-

1116 2575 1226 2601 sinstica
1237 2574 1260 2589 "
1277 2574 1418 2601 sinistrum
1434 2573 1532 2601 tulerat
1546 2573 1580 2601 de
1595 2574 1624 2602 S.
1640 2573 1776 2601 Barnabac
1794 2574 1900 2610 Epistula

1114 2621 1266 2656 judicium,
1292 2627 1373 2655 quam
1404 2619 1456 2646 hoc
1481 2618 1532 2646 loci
1547 2619 1659 2647 demum
1691 2621 1837 2655 genuinam
1861 2628 1900 2655 ap-

1115 2668 1208 2702 pellat.

1151 2713 1297 2748 Reliquum
1313 2717 1356 2740 est
1371 2718 1401 2740 ut
1415 2713 1510 2749 paucis
1530 2712 1720 2740 edisseramus
1735 2721 1792 2748 qua
1809 2713 1898 2740 ratione

1011 2783 1072 2810 nr

1121 2783 1168 2820 dir.
1186 2783 1244 2811 Act.
1259 2783 1309 2811 SS.
1325 2783 1401 2818 Jun.,
1413 2789 1481 2812 tom.
1501 2784 1532 2816 ll.
1546 2793 1572 2820 p.
1585 2785 1717 2812 157460.
1752 2786 1777 2802 ²³
1791 2785 1895 2815 Fabric,

1107 2820 1130 2836 ²⁴
1146 2819 1283 2849 0³11111111..
1302 2821 1404 2854 pluerat.
1425 2821 1459 2847 ad
1473 2819 1576 2848 collect.
1594 2826 1644 2848 vel.
1659 2821 1722 2850 PP.
1739 2821 1814 2849 Brit.
1829 2819 1893 2852 “CL,

482 2857 503 2871 ³³
524 2854 608 2890 ιωιῂ
625 2856 696 2883 llixt.
719 2855 796 2887 ρέα-1.,
812 2856 844 2882 111
865 2864 929 2882 allii.
944 2854 986 2886 71,
1004 2854 1017 2889 §
1033 2855 1059 2888 “2,
1089 2863 1149 2890 pag.
1173 2855 1231 2882 171.
