1916 3104
35 130 78 157 709

33 191 109 226 capite
123 190 177 219 l2:
195 200 206 217 ι
222 190 291 219 Ecce
314 191 412 219 iterum
437 190 517 219 Jcsus
542 199 598 219 non
626 191 698 219 filius
727 189 808 218 Navae

33 236 124 272 (Grece
135 237 308 269 melius,uto;
320 236 487 273 ἀνθρώπου),
496 237 544 266 sed
560 237 646 265 Filius
658 237 716 269 Dei,
731 242 808 265 ante-

32 290 103 318 quam
122 282 148 309 in
165 289 248 310 carne
270 282 492 310 manifestaretur
516 283 591 318 (18);
611 293 621 309 ι
636 285 723 318 pergit
743 290 808 311 vero

33 328 169 361 Barnabas,
195 328 238 355 loc
254 328 302 356 cit.
324 338 334 354 σ
355 328 492 361 Quoniam
515 337 580 365 ergo
606 329 706 357 dicturi
730 333 808 357 erant

32 372 158 400 Christum
173 380 236 401 esse
252 374 336 401 lilium
352 374 473 408 Davidis,
487 375 670 402 reformidans
688 380 715 402 et
729 374 808 402 intel-

33 419 105 454 ligens
120 426 240 447 errorem
257 420 463 454 sceleratorum,
491 421 590 448 iterum
611 421 678 449 dicit
702 421 806 449 David:

35 474 42 490 ι
58 464 123 491 Dixit
136 464 269 493 Dominus
287 465 402 493 Domino
425 474 497 500 meo,
514 476 524 493 ι
537 472 590 495 etc.
615 467 676 500 Quo
697 467 807 494 Davidis

32 511 91 538 dicto
106 511 162 546 jam
184 511 244 547 ipse
270 512 394 540 Salvator
415 513 584 541 divinitatem
604 521 729 549 personae
751 521 809 541 suae

32 556 118 585 ludatis
132 557 329 591 insinuaverat,
342 558 461 586 Matthaei
477 567 545 592 xxn,
561 559 605 586 Η.
621 558 716 587 Jesum
728 559 810 587 Citri-

32 608 92 630 stum
106 611 200 631 verum
215 604 306 632 'Deum
325 613 386 633 esse
409 609 437 632 et
461 605 559 632 Filium
582 605 641 637 Dei,
657 606 711 633 alio
727 613 809 641 argu-

32 656 111 677 mento
125 655 256 686 praetcrea
272 651 451 685 demonstrat,
465 653 530 680 dum
544 652 582 680 ait
598 653 654 688 (19)
668 661 675 679 ;
692 653 808 686 Quando

32 701 110 723 autem
123 697 263 731 apostolos
288 705 364 730 suos,
381 699 428 733 qui
452 698 625 734 praedicaturi
642 703 720 726 erant
735 699 808 726 illius

32 741 205 777 Erangelium,
220 743 311 778 elegit,
324 743 452 772 homines
470 744 545 772 omni
561 749 674 780 peccato
689 745 809 780 iniquio—

33 795 77 820 res,
91 793 118 815 ut
136 789 296 816 ostenderet
319 790 391 825 quod
416 797 471 817 non
488 790 563 818 venit
586 798 685 818 vocare
704 790 807 825 justos,

33 834 70 860 sed
85 839 239 868 peccatores
267 835 300 862 ad
323 836 510 870 pwnitentiam
522 857 530 869 ,
549 841 616 864 tunc
637 837 726 872 palam
740 836 806 865 fecit

32 888 55 907 se
67 888 122 908 esse
134 880 235 909 Filium
255 881 302 909 Dei
322 882 379 918 (‘20)
396 893 401 910 :

58 926 112 953 Alia
125 927 208 954 etiam
224 927 251 954 in
267 927 327 955 loco
349 928 489 963 sequentia
504 929 598 956 scribit
611 929 688 964 (el):
705 939 714 956 ι
733 929 804 964 Quid

33 972 116 1000 iterum
131 973 198 1002 dicit
217 973 324 1009 Moyses
341 974 404 1002 Jesu
428 975 484 1004 filio
507 975 588 1003 Navae
613 975 725 1012 (losum)
741 985 804 1005 cum

31 1018 60 1044 illi
72 1019 215 1054 prophetiae
227 1021 313 1055 gratia
327 1021 450 1055 praedito,
464 1022 490 1049 id
506 1022 627 1050 nominis
642 1023 804 1057 imponeret,

31 1064 80 1091 ideo
94 1065 190 1099 solum,
205 1070 237 1093 ut
251 1067 342 1094 omnis
364 1067 482 1102 populus
507 1068 678 1104 intelligeret,
694 1068 804 1097 Patrem

31 1110 56 1136 de
68 1109 130 1138 Filio
145 1119 196 1139 suo
209 1111 276 1140 Jesu
291 1118 388 1140 cuneta
408 1113 602 1142 manifestasse
627 1114 683 1142 lilio
705 1114 806 1143 Navae?

32 1154 141 1190 imposito
152 1157 237 1193 igitur
250 1165 284 1186 eo
301 1158 411 1186 nomine
425 1159 535 1194 quando
547 1159 624 1188 misit
638 1168 700 1188 eum
717 1161 744 1188 in
759 1169 807 1189 ex-

31 1201 177 1234 ploratorem
200 1207 299 1236 terrae,
319 1203 389 1231 dixit
406 1213 412 1231 :
427 1205 522 1239 Accipe
540 1205 638 1232 librum
659 1206 687 1232 in
711 1214 805 1234 manu:

32 1251 88 1280 tuas,
100 1253 123 1275 et
135 1249 219 1276 scribe
230 1258 290 1284 quae
304 1250 371 1277 dicit
386 1251 526 1283 Dominus,
537 1252 662 1286 quoniam
674 1252 702 1279 in
714 1253 805 1280 novis-

31 1294 93 1320 simis
105 1294 193 1322 diebus
211 1295 301 1322 Filius
317 1295 365 1323 Dei
383 1295 461 1324 Iesus
475 1297 610 1325 eucindet
632 1306 649 1325 ιι
670 1298 804 1326 radicibus

32 1347 117 1367 omnem
127 1341 235 1368 domum
246 1342 378 1370 Amaleci.

59 1446 107 1480 (l8)
119 1446 230 1484 GraeceL
238 1447 365 1484 Evro'apxl.
378 1449 555 1484 φανερωθείς,
570 1456 632 1484 quae
647 1457 709 1477 cum
727 1449 808 1484 plane

30 1483 202 1520 eor-sonasint
215 1482 293 1520 Pauli
306 1482 421 1520 muni
437 1482 508 1511 Tim.
526 1492 556 1511 ιιι
567 1482 639 1518 ,“16,
656 1482 804 1520 Gaiae—sqva-

31 1517 119 1556 γερόξθη
134 1518 160 1543 ὲν
171 1517 266 1556 capaci,
280 1519 314 1546 ad
327 1519 384 1547 haec
396 1519 548 1547 Barnabam
566 1517 728 1556 respexisse,
740 1517 805 1548 vero

31 1552 89 1578 haud
101 1557 139 1579 est
154 1552 290 1581 absimilc.

59 1587 108 1625 (39)
124 1587 359 1625 EpistaBaI-nahze
373 1590 462 1625 capite
476 1590 503 1618 5.

58 1622 107 1660 (20)
120 1622 237 1660 Ollendit
261 1625 304 1651 hic
324 1622 553 1660 locus'plurimos
579 1624 701 1658 criticos,
725 1624 805 1659 isque

32 1658 224 1694 reprehensione
244 1660 364 1688 maxima
379 1658 478 1693 dig—nus
492 1661 526 1687 ab
538 1660 571 1687 iis
586 1665 721 1688 censetur.
736 1658 805 1694 Quis

31 1692 90 1731 enim
103 1694 202 1726 credat,
223 1694 361 1729 inquiunt,
375 1692 514 1730 apostolos
531 1695 672 1723 hominum
687 1692 804 1731 iniquis-

32 1734 101 1755 SllllOS
158 1737 242 1763 super
260 1738 341 1757 omne
364 1735 503 1765 peccatum
528 1735 685 1764 ρεεοίιιοιθε
708 1739 723 1759 :1
743 1732 804 1759 Vll‘O

32 1763 272 1801 apostolicorl‘uisso
291 1763 423 1793 vocatos?
445 1763 588 1800 Simplices
605 1766 727 1801 quidem.
753 1775 802 1794 ru-

32 1797 78 1836 des,
87 1798 232 1836 imperitos,
243 1804 325 1836 atque
337 1801 461 1828 homines
474 1797 609 1828 interdum
615 1797 708 1829 'malos
717 1801 804 1830 fuisse

32 1832 91 1871 illos,
105 1834 129 1860 in
147 1836 234 1862 sacris
247 1832 357 1863 Liiteris
374 1836 489 1870 legimus
503 1845 511 1869 ;
528 1841 556 1863 at
571 1841 727 1870 peccatores
744 1844 803 1864 om-

32 1873 94 1905 tuum
114 1871 248 1898 maximos
264 1879 312 1898 eos
327 1871 466 1899 exstitisse
484 1879 537 1898 non
556 1871 680 1905 legimus.
703 1873 801 1899 Annon

33 1901 78 1929 haec
90 1904 176 1938 opinio
192 1905 219 1931 in
237 1905 325 1940 ipsius
337 1906 486 1934 Salvat0ris
507 1901 596 1934 nostri
607 1907 801 1934 detrimentum

33 1943 58 1963 ac
71 1940 256 1968 contumeliam
274 1941 423 1968 redundat?
447 1941 475 1968 Si
491 1942 563 1969 enim
579 1940 705 1970 Christus
721 1942 802 1971 Jcsus

33 1970 173 2013 llujusmodi
184 1976 258 2013 viros
273 1977 306 2013 ad
319 1977 520 2013 praedicandum
532 1984 611 2013 suum
624 1970 801 2013 Evangeliuui

34 2010 122 2047 {uiuere
134 2010 274 2042 voluisset,
290 2010 346 2038 haec
359 2011 456 2039 electio
469 2012 628 2039 scandalum
641 2010 802 2047 praebuisset

35 2040 135 2072 Hebraeis
148 2040 346 2081 praeoccupatis
358 2047 414 2081 jam
439 2052 466 2074 et
488 2047 607 2074 incitatis
626 2040 720 2075 contra
741 2048 802 2075 Sal-

33 2082 146 2116 vatorem,
158 2081 252 2116 eisque
263 2082 435 2109 occasionem
450 2082 577 2113 dedisset.
593 2083 752 2110 detrahendi
767 2083 801 2110 de

35 2113 83 2152 ejus
91 2113 156 2152 fama
172 2113 356 2150 ac'doetrina,
374 2117 487 2151 proinde
501 2121 528 2145 et
542 2118 692 2152 improvide
711 2119 737 2145 in
753 2118 799 2146 tali

35 2148 151 2188 electione
161 2151 273 2186 egisset,
291 2148 362 2188 quod
374 2148 504 2188 'cogitare
520 2152 554 2179 de
570 2148 676 2180 summa
692 2153 801 2188 sapien-

34 2183 64 2208 tia
77 2183 255 2219 blaspheinum
270 2183 322 2214 est.
341 2183 442 2214 Verum
465 2187 508 2215 his
525 2188 686 2216 ratiunculis
705 2183 740 2215 ei
760 2189 800 2215 vi-

693 129 946 158 PROLEGOMENA
951 149 957 155 .

820 1543 841 1572 C

1597 134 1648 160 'ilﬂ

822 193 846 221 Α
893 189 979 217 Porro
994 187 1088 217 Jesum
1103 188 1243 217 Christum
1269 196 1325 216 non
1348 190 1437 218 solum
1453 199 1546 220 verum
1563 191 1647 220 Den-m

859 243 930 268 esse,
948 235 996 262 sed
1020 240 1047 263 et
1070 243 1165 263 verum
1189 236 1327 264 hominem
1350 237 1435 265 fuisse
1454 243 1548 273 aperte
1566 241 1649 274 proﬁ-

860 287 933 310 tetur
952 283 996 310 hic
1020 287 1125 316 auctor,
1138 283 1202 310 dum
1226 283 1292 311 dicit
1313 283 1453 312 Christum
1478 285 1524 313 Dei
1549 286 1648 314 Filium

860 334 971 364 propter
980 337 1031 357 nos
1039 337 1168 365 passum:
1181 339 1190 356 ι
1202 329 1230 358 Si
1241 338 1316 366 ergo,
1331 341 1340 357 ι
1351 331 1491 366 inquitille
1500 333 1568 368 (εξ),
1579 343 1588 359 ι
1601 334 1649 361 Dei

865 376 961 409 Filius,
975 376 1022 411 qui
1044 381 1086 404 est
1106 375 1248 410 Dominus,
1265 377 1311 411 qui
1325 377 1497 412 judicaturus
1513 383 1556 406 est
1574 380 1650 409 vivos

859 426 888 450 et
911 427 1044 455 mortuos,
1058 422 1104 457 qui
1129 430 1228 457 passus
1253 427 1306 455 est,
1321 428 1351 450 ut
1366 424 1443 459 plaga
1460 424 1532 453 illius
1544 426 1658 472 vividos.

859 476 910 497 nos
932 469 1076 496 redderet:
1091 468 1235 496 credamus
1258 476 1311 495 non
1333 470 1455 504 potuisse
1475 470 1572 499 Filium
1602 472 1650 500 Dei

859 516 925 551 pati,
937 515 991 543 nisi
1012 521 1121 551 propter
1140 523 1202 548 nos,
1220 515 1267 543 sed
1282 520 1309 543 et
1321 517 1395 544 cruci
1414 516 1521 551 afﬁxus,
1536 523 1613 546 aceto
1623 524 1650 547 et

864 562 926 589 felle
941 561 1101 597 potabatur.
1123 571 1133 588 ι

893 608 1041 644 Postquam
1052 608 1096 636 hie
1107 612 1202 636 auctor
1214 608 1325 644 longum
1336 613 1460 636 texuerat
1471 617 1583 644 operum
1598 611 1649 638 bo-

859 661 957 681 norum
972 657 1000 680 et
1019 658 1215 688 praeceptorum
1238 654 1404 689 catalogum.
1419 662 1452 681 ac
1474 655 1565 683 omnia
1581 664 1650 691 pene

859 707 967 727 morum
981 700 1108 735 dogmata
1125 700 1287 735 compendio
1302 700 1390 727 fuerat
1404 702 1575 736 complexus,
1589 708 1652 730 tan-

858 746 919 773 dem
932 745 965 772 de
975 745 1030 773 vita
1042 750 1142 773 :eterna
1152 753 1183 773 ac
1196 746 1396 774 resurrectione
1408 748 1500 775 carnis
1516 748 1573 776 hanc
1588 750 1651 776 sub-

859 791 898 819 dit
911 791 988 826 (23):
1008 799 1017 817 ‹
1035 791 1193 826 Cognosces
1207 796 1297 819 autem
1315 792 1377 827 quis
1391 793 1428 820 sit
1444 793 1532 821 bonus
1546 802 1650 822 merce-

859 837 903 865 dis
915 837 1072 865 retributor.
1087 847 1096 863 ›
1116 837 1154 865 De
1165 838 1416 872 transgressoribus
1432 844 1522 866 autem
1536 841 1651 868 manda.

823 876 844 904 Β
860 886 949 909 torum
968 886 995 909 et
1015 881 1136 909 studium
1160 882 1294 909 bonorum
1317 890 1431 917 operum
1451 885 1650 919 negligentibus

859 927 898 954 ait
909 927 966 962 (24)
981 936 989 955 :
1008 937 1017 953 ε
1033 927 1091 954 Νοιι
1105 932 1309 962 consequentur
1325 928 1476 955 mercedem
1488 928 1648 962 justitiam...

858 981 966 1009 aequum
987 973 1071 1008 igitur
1084 976 1126 1001 est
1145 977 1175 1000 ut
1196 973 1284 1000 cdocti
1301 973 1511 1007 justilicationes
1527 975 1648 1009 Domini,

857 1024 992 1055 quotquot
1014 1019 1090 1054 prius
1112 1019 1220 1054 scripta:
1244 1024 1326 1053 sunt,
1346 1019 1373 1046 in
1399 1021 1439 1048 eis
1465 1021 1646 1051 ambulemus.

857 1065 910 1099 Qui
925 1065 999 1093 enim
1016 1073 1063 1093 eas
1089 1065 1164 1098 facit,
1181 1065 1208 1092 in
1226 1073 1310 1100 regno
1325 1065 1371 1093 Dei
1393 1066 1478 1101 gloria
1497 1069 1648 1096 cumulabi-

861 1115 906 1139 tur
920 1121 927 1138 :
941 1112 988 1147 qui
999 1119 1064 1138 vero
1077 1111 1129 1138 alia
1144 1111 1265 1146 elegerit,
1278 1111 1360 1139 simul
1371 1120 1434 1139 cum
1448 1114 1576 1148 operibus
1591 1115 1649 1142 suis

860 1158 969 1193 peribit.
1000 1157 1146 1193 Propterea
1176 1158 1361 1192 resurrectio,
1394 1165 1537 1194 propterea
1567 1161 1647 1188 retri-

859 1204 946 1232 butio.
971 1214 980 1231 ι

894 1251 957 1279 Haec
976 1256 1041 1279 sunt
1051 1259 1112 1287 quae
1126 1251 1364 1279 animadversione
1378 1251 1459 1287 digna
1475 1252 1502 1279 in
1516 1252 1568 1280 hac
1583 1253 1646 1288 Epi-

858 1300 927 1326 stola
943 1299 994 1335 legi
1013 1300 1104 1334 quoad
1120 1300 1230 1335 dogma.

895 1345 970 1382 §l|l.
998 1346 1037 1374 De
1061 1346 1205 1382 baptismo,
1225 1347 1436 1383 justiﬁcatz'one,
1456 1353 1508 1376 etc.
1523 1364 1559 1368 —-
1577 1348 1650 1376 Nihil

860 1451 966 1492 scilicet
989 1456 1081 1493 contra
1107 1449 1211 1493 Celsum
1227 1451 1280 1493 lib.
1302 1459 1321 1492 ιι
1338 1451 1351 1493 §
1367 1452 1412 1484 65,
1428 1451 1580 1493 dispula_ns_.
1601 1462 1651 1482 au-

858 1487 942 1514 ctoris
958 1490 1044 1522 nostri
1060 1490 1163 1514 dictum
1181 1486 1250 1522 forte
1265 1486 1450 1521 arripientem,
1465 1486 1519 1522 quo
1534 1489 1650 1518 infames

859 1522 983 1549 homines
1007 1520 1092 1548 fuisse
1106 1521 1256 1556 apostolos,
1272 1520 1433 1556 publicanos
1446 1520 1585 1551 et'nautas
1600 1533 1649 1552 ne-

858 1556 1007 1593 quissimos
1020 1556 1133 1588 diceret,
1145 1557 1208 1593 haec
1227 1557 1307 1593 habet
1323 1566 1329 1593 ς
1345 1567 1354 1583 ι
1374 1558 1443 1591 Quid
1455 1566 1521 1593 ergo
1537 1559 1648 1587 absurdi

856 1590 909 1629 est,
922 1590 1042 1629 si_Jes_us
1057 1592 1199 1619 ostendere
1212 1592 1310 1629 volens
1323 1590 1444 1619 humano
1459 1590 1551 1628 ge'neri
1566 1603 1649 1629 quam

855 1627 975 1654 etlicacia
993 1627 1059 1658 sint,
1074 1634 1135 1661 quae
1149 1627 1253 1654 morbis
1268 1628 1421 1654 animarum
1436 1627 1547 1656 adhibet
1561 1627 1648 1657 reme-

855 1663 910 1695 dia,
930 1661 1046 1698 infames
1067 1666 1094 1688 et
1121 1661 1304 1698 nequissimos
1326 1662 1447 1697 elegerit,
1473 1663 1589 1698 illosque
1615 1673 1649 1692 eo

855 1697 1020 1732 provexerit,
1035 1701 1064 1724 ut
1088 1698 1241 1731 purissima:
1255 1697 1318 1732 vita:
1333 1698 1487 1732 exemplum
1506 1697 1597 1726 essent
1616 1700 1648 1727 iis

855 1731 900 1766 qui
913 1739 1008 1759 eorum
1032 1732 1185 1767 ministerio
1202 1732 1235 1759 ad
1252 1731 1427 1767 Evangelium
1444 1733 1545 1760 Christi
1562 1735 1648 1761 addu-

855 1773 983 1794 cerentur
1014 1775 1023 1792 ι
1038 1766 1104 1803 Vide
1124 1766 1279 1801 Origenem,
1296 1766 1383 1803 virum
1404 1767 1478 1794 illum
1496 1769 1576 1803 longe
1596 1770 1648 1796 tlo~

854 1803 1019 1834 ctissimum,
1037 1802 1063 1828 in
1080 1810 1135 1836 quo
1159 1806 1234 1829 tanta
1252 1802 1291 1829 vis
1313 1802 1424 1837 ingenii,
1441 1807 1494 1829 tam
1508 1803 1646 1837 profundi,

855 1842 909 1865 tam
926 1837 1007 1868 acris,
1027 1841 1082 1864 tam
1102 1837 1245 1871 elegantis,
1265 1841 1333 1864 teste
1346 1837 1488 1864 Vincentio
1511 1838 1647 1866 Lirinensi

854 1873 882 1900 in
909 1873 1081 1904 Commonit.,
1108 1871 1237 1906 cap.rl7,
1262 1876 1292 1898 ut
1314 1879 1411 1899 omnes
1438 1880 1506 1906 pene
1530 1873 1646 1900 multum

854 1908 987 1942 longeque
1003 1905 1154 1941 superaret,
1170 1905 1315 1942 Origenem
1341 1907 1408 1933 nihil
1432 1905 1566 1934 absonum
1584 1908 1648 1936 huic

854 1941 995 1970 sententia:
1013 1943 1119 1974 inesse,
1147 1942 1213 1968 nihil
1238 1941 1362 1968 Barnaba
1389 1943 1481 1976 (quem
1505 1948 1646 1970 auctorem

854 1977 927 2005 illius
943 1976 1138 2012 arbitrabatur)
1156 1977 1298 2012 indignum
1323 1978 1473 2005 certauisse.
1489 1976 1581 2012 Neque
1597 1978 1645 2004 ali.

854 2012 936 2053 ter_S.
952 2012 1153 2053 Hieronymus,
1165 2013 1212 2053 qui
1233 2011 1387 2053 Pelagianis
1403 2012 1499 2046 objicit
1520 2011 1644 2053 eamdem

853 2048 936 2082 hujus
958 2047 1078 2075 auctoris
1097 2047 1357 2083 sententiammlihro
1380 2054 1410 2074 ιιι
1438 2052 1530 2074 contra
1552 2048 1645 2083 l’elay.

852 2083 880 2116 5,
892 2081 924 2115 ’2,
941 2083 1003 2111 licet
1017 2083 1156 2109 memoria:
1169 2082 1245 2117 lapsu
1259 2082 1333 2109 illam
1350 2081 1455 2118 lgnatio
1467 2083 1578 2118 martyri
1597 2081 1647 2110 ιι-ἰη

851 2118 924 2152 ὶ)ιιίι;
941 2123 1100 2152 tantumque
1120 2118 1206 2148 abest,
1222 2122 1251 2144 ut
1263 2125 1323 2144 eam
1336 2117 1378 2144 vel
1401 2117 1496 2145 leviter
1520 2123 1604 2151 notet,
1619 2123 1649 2147 ut

852 2153 972 2181 maxime
986 2154 1069 2181 etiam
1081 2153 1167 2187 ipsam
1184 2160 1217 2179 ex
1231 2152 1386 2185 Psalmista,
1399 2153 1497 2187 psalm.
1514 2161 1559 2186 xv,
1575 2161 1601 2180 v.
1617 2153 1646 2186 4,

852 2189 1032 2221 conlirmans,
1046 2188 1087 2215 sic
1102 2188 1210 2215 tandem
1229 2188 1348 2223 graviter
1363 2188 1530 2215 concludat:
1550 2197 1559 2213 ι
1581 2188 1642 2222 Qui-

35 2224 112 2259 τοι-ηαξ
129 2221 263 2259 aliorum»
280 2222 502 2259 doctissimorum
526 2223 661 2251 sententia
683 2224 801 2259 primum
818 2219 840 2247 Ῐ)
853 2224 905 2251 bus
917 2219 1080 2259 testimoniis
1093 2223 1115 2250 si
1131 2230 1185 2250 non
1201 2219 1285 2259 uti-ris
1298 2223 1332 2259 ad
1349 2223 1553 2259 auctoritatem,
1566 2219 1648 2259 pulvere

36 2255 266 2293 ryponi‘mus,’nihil
282 2257 308 2284 in
325 2257 474 2293 Scripturis
485 2265 639 2290 occurrere,
651 2255 724 2293 quod
738 2259 802 2286 huic

36 2285 147 2330 Barnabaa
167 2285 240 2330 dicto
257 2285 398 2330 repugnet;
415 2292 517 2330 Deinde
535 2302 598 2321 vero
614 2285 801 2330 quiilﬂobstat,

37 2327 89 2356 quin
103 2327 158 2359 ejus
173 2328 257 2354 verba
275 2327 316 2354 sic
337 2327 516 2362 accipiantur,
534 2333 563 2356 ut
580 2327 646 2356 nihil
661 2329 735 2356 aliud
758 2336 803 2356 sou

37 2363 98 2399 nent,
108 2368 184 2399 quam
205 2363 356 2399 apostolos,
371 2367 517 2399 antequam
537 2369 710 2397 vocarentur,
725 2365 802 2399 plura

37 2397 160 2434 e[gravia
184 2398 294 2433 quidem
312 2398 458 2434 peccasse?
483 2397 602 2434 ldrsane
627 2400 660 2426 de
677 2397 803 2426 hlaittliaeo

38 2429 161 2469 Publicano
179 2429 290 2461 constat
310 2429 320 2461 ἶ
337 2433 363 2460 id
379 2441 489 2468 quoque
509 2433 542 2469 de
561 2435 686 2469 apostolo
700 2434 801 2468 Paulo;

38 2467 84 2505 ‘lyl,
97 2467 246 2505 “(ipsemet
265 2469 299 2505 de
313 2475 352 2505 (se
373 2467 495 2505 scribitl
514 2467 587 2496 Tim;
612 2478 671 2505 cap.
689 2477 709 2503 ι,
730 2477 802 2498 vers.

40 2498 66 2524 l5
78 2506 101 2527 et
113 2498 153 2539 i5;
167 2504 271 2538 primus
291 2504 456 2538 blasphemus
480 2505 542 2539 fuit,
559 2509 584 2532 et
602 2498 761 2539 persecutor,
778 2510 804 2532 et

39 2538 231 2574 εοζιιιιηιειίοειιθ,
247 2540 349 2574 quique
369 2538 489 2575 seipsum
506 2538 623 2575 appellat
641 2546 803 2575 peccatorem

40 2575 146 2610 primum,
157 2575 196 2601 sic
211 2575 338 2610 inquietis
352 2584 358 2602 :
376 2574 498 2602 Christus
511 2574 588 2602 Jeaus
602 2574 669 2603 venit
683 2577 711 2603 in
724 2584 803 2602 mun-

40 2603 207 2646 ἐμπηδῆσαι-ε
231 2603 390 2645 ρὶσεαεονεε,
414 2618 525 2644 quorum
545 2619 590 2646 ego
611 2612 712 2646 primus
734 2618 802 2638 sum.

41 2638 89 2681 Quo
99 2641 160 2671 forte
173 2645 199 2672 in
211 2638 307 2680 primis
321 2638 442 2680 respexit
455 2638 639 2679 auctorIduin
655 2647 803 2681 apostolos,

42 2680 185 2717 Nusquam
198 2681 372 2716 eligerentur,
393 2681 518 2708 homines
543 2687 625 2709 vocat
649 2680 724 2708 omni
741 2688 804 2717 pec-

41 2714 91 2752 l‘flq
109 2714 251 2752 iniquiores
266 2726 273 2743 :
293 2724 381 2751 neque
404 2717 478 2743 enim
493 2717 640 2752 quidquam
658 2724 708 2744 nos
721 2714 803 2750 cogit,

42 2746 241 2786 gllde‘oninibus
254 2758 281 2778 et
291 2746 406 2786 singulis
420 2746 550 2786 apostolis
565 2746 591 2778 id
605 2753 639 2779 ab
653 2760 686 2779 eo
701 2746 804 2778 dictum

42 2782 212 2822 intelligamus.
224 2785 295 2819 Quid
310 2782 382 2822 qtiod
395 2782 464 2813 duos
478 2787 709 2814 lucnlentissimos
723 2786 805 2822 hujus

43 2814 70 2858 si)
83 2814 295 2858 auctore__no.stro
309 2814 421 2858 prolatae
433 2823 573 2850 sententia:
587 2827 725 2858 patronos,
741 2814 805 2858 0:ri-

43 2856 122 2884 Senem
141 2859 166 2883 et
189 2855 380 2893 Hieronymum
401 2857 428 2885 in
451 2855 744 2894 promplu'habemus.
758 2856 805 2885 llle

854 2259 950 2286 saltem
971 2259 1005 2286 ad
1023 2258 1224 2293 antiquitatem,
1240 2258 1305 2292 quid
1329 2265 1426 2285 omnes
1448 2258 1499 2285 viri
1516 2258 1647 2286 ecclesia-

853 2294 913 2322 stici
937 2292 1116 2321 senserintfi
1133 2292 1219 2328 Porro
1244 2293 1389 2328 utriusque
1412 2293 1568 2320 testimonio
1592 2294 1645 2320 vim

853 2329 953 2356 addere
972 2329 1079 2355 videtur
1100 2328 1129 2356 S.
1156 2327 1277 2355 Joannes
1305 2327 1539 2363 Chrysostomus;
1567 2328 1647 2362 cujus

854 2365 935 2391 verba
952 2364 1015 2391 licet
1033 2365 1066 2391 de
1088 2364 1148 2391 solo
1161 2363 1286 2398 apostolo
1302 2363 1387 2390 Paulo
1401 2363 1558 2396 etferantur,
1576 2364 1645 2390 mire

853 2403 944 2426 tamen
957 2399 990 2426 ad
1006 2403 1123 2426 mentem
1140 2399 1260 2426 auctoris
1279 2399 1364 2425 nostri
1383 2400 1529 2433 quadrare,
1554 2405 1644 2430 nemo,

854 2439 884 2461 ut
903 2434 1010 2467 opinor,
1025 2434 1087 2461 ierit
1104 2434 1222 2461 inficias.
1246 2433 1292 2460 Sic
1305 2434 1398 2468 igitur
1418 2434 1462 2460 ille
1483 2434 1555 2468 hom.
1577 2433 1595 2460 4
1617 2433 1645 2459 in

855 2468 941 2503 Epist.
955 2470 990 2496 ad
1003 2468 1071 2496 Tim.
1083 2477 1110 2501 v,
1122 2469 1150 2500 2,
1162 2476 1226 2504 opp.
1243 2473 1262 2495 ι.
1280 2467 1400 2504 Μίνως.
1414 2469 1466 2496 569
1481 2477 1487 2495 :
1503 2477 1518 2504 Vc
1535 2467 1564 2494 Si
1581 2468 1644 2503 quis

853 2511 918 2539 ergo
929 2504 1029 2531 dixerit
1041 2505 1110 2532 velle
1124 2503 1215 2539 regem
1226 2504 1355 2531 omnibus
1370 2503 1476 2539 veniam
1493 2503 1568 2539 dare,
1588 2510 1642 2529 non

853 2537 909 2566 tam
925 2539 1004 2566 facile
1019 2540 1141 2572 credent,
1156 2537 1242 2565 donec
1258 2539 1376 2565 viderint
1397 2538 1519 2565 omnium
1541 2537 1645 2571 impro-

854 2574 997 2601 bissimum
1022 2574 1130 2602 veniam
1149 2577 1347 2600 consecutum:
1366 2573 1438 2600 nulla
1459 2572 1531 2600 enim
1550 2577 1642 2606 postea

853 2610 988 2637 dubitatio
998 2610 1141 2644 supererit.
1156 2608 1212 2635 Hoc
1224 2613 1250 2635 et
1264 2608 1364 2644 Paulus
1372 2608 1449 2641 dicit,
1461 2608 1533 2644 quod
1546 2615 1644 2644 nempe

854 2645 948 2672 volens
961 2642 1039 2672 Dens‘
1049 2645 1174 2671 homines
1190 2643 1320 2670 certiores
1341 2642 1442 2676 facere,
1457 2643 1529 2677 quod
1548 2642 1642 2668 omnia

854 2680 908 2707 illis
925 2681 1072 2712 condonet,
1087 2687 1150 2706 eum
1175 2678 1222 2713 qui
1244 2678 1387 2713 plusquam
1413 2684 1508 2705 omnes
1530 2681 1643 2713 peccato

854 2715 991 2743 obnoxius
1007 2720 1076 2747 erat,
1089 2714 1198 2749 delegit.
1217 2722 1226 2738 I

891 2751 948 2786 (21)
965 2751 1049 2785 Epist.
1067 2748 1186 2786 Barira'b.
1201 2755 1261 2784 cap.
1281 2748 1325 2776 12.

891 2784 948 2821 (22)
963 2784 1042 2818 IDId.,
1057 2792 1117 2819 cap.
1131 2784 1158 2821 Ἰ.

892 2822 948 2856 (25)
965 2820 1045 2854 Ibid.,
1061 2827 1120 2854 cap.
1136 2820 1180 2856 ιε).

894 2857 951 2896 (24)
965 2856 1045 2885 lbid..
1058 2863 1119 2891 cap.
1134 2855 1179 2882 20.
