1916 3104
262 126 311 154 711

819 126 848 153 δ.
868 124 1051 152 DARNABAS
1069 124 1252 154 APOSTOLU
1257 125 1286 153 S.

1834 130 1882 157 ’112

261 182 402 217 pulchrius
414 186 504 217 potest
513 182 566 210 dici
578 182 612 210 iis
623 190 683 218 qum
696 182 741 209 hic
753 182 836 210 tradit
848 187 940 210 noster
950 187 1046 210 auctor
1060 187 1082 215 Α
1097 182 1188 211 denuo
1213 183 1324 211 formati
1354 191 1463 216 sumus,
1486 185 1720 220 quemadmodum
1737 193 1834 214 rursus
1855 187 1881 214 in

260 229 293 255 de
319 227 433 255 miriﬁca
450 227 550 255 virtute
571 228 654 255 divini
674 229 837 256 sacramenti
862 228 1044 263 baptismatis.

260 273 344 300 Docet
358 273 430 300 enim
456 274 540 308 quod,
560 274 669 309 quando
688 273 878 301 descendimus
893 275 919 301 in
934 282 1045 309 aquam,

259 319 332 354 pleni
357 327 453 347 sumus
472 320 591 354 peccatis
614 324 642 347 ct
665 320 808 354 sordibus;
835 320 882 347 sed
905 321 994 348 statim
1013 328 1046 348 ac

258 366 435 400 emcrgimus,
452 366 599 400 incipimus
614 363 730 393 fructum
746 365 842 394 afferre
867 366 893 393 in
916 366 1045 395 cordibus

259 412 361 439 nostris
386 420 434 446 per
452 413 578 438 timorem
606 411 652 439 Dei
669 416 696 439 ct
715 419 789 446 spetn
807 412 832 438 in
852 411 944 439 Jcsum
963 412 1044 439 Citri-

259 462 342 490 stum,
355 465 436 492 quam
450 457 551 492 Spiritu
565 462 659 485 sancto
673 457 780 485 aﬂlantc
794 459 924 485 habemus
938 467 944 485 :
964 468 972 484 ε
988 457 1044 486 Nos

257 503 449 531 descendimus
476 504 586 538 quidem
612 503 638 531 in
665 511 766 538 aquam
783 504 853 538 pleni
878 505 996 538 peccatis
1017 510 1045 532 et

257 549 402 581 sordibus;
419 549 480 576 inde
496 554 585 576 autem
604 550 768 584 emcrgimus
791 549 909 576 fructum
929 549 1044 577 aﬂ‘eren-

257 602 309 628 tes.
327 596 353 623 in
372 597 453 624 corde
470 596 595 623 timorem
612 601 639 624 ct
659 605 733 632 spem
756 598 783 624 in
798 597 890 625 Jesum
913 599 1044 626 habentes

256 643 287 670 in
296 643 393 678 spiritu
403 643 470 677 (‘25).
486 652 494 668 ι
506 643 601 678 Ἡμεῖς
613 643 661 678 μὲν
674 644 873 679 καταϐαινομεν
881 645 920 676 εἰς
929 644 960 671 τὸ
970 645 1044 681 ὕδωρ

254 688 384 724 γέμοντες
397 688 536 724 ἁμαρτιῶν
553 689 600 715 καὶ
618 688 713 724 ῥύπου,
727 690 773 715 καὶ
787 690 965 726 ἀναϐαίνομεν
980 699 1044 727 καρ-

255 733 446 770 ποφοροῦντες,
465 735 493 760 ὲν
504 735 537 770 τῇ
550 734 648 770 καρδίᾳ
662 734 707 761 τὸν
725 734 806 769 φόϐον
823 736 870 762 καὶ
882 735 931 771 τὴν
948 736 1043 764 ἐλπίδα

254 780 295 811 εἰς
315 779 360 806 τὸν
385 779 487 814 Ἰησοῦν
503 779 610 814 ἔχοντες
634 780 662 806 ἐν
687 780 726 815 τῷ
750 780 895 816 πνεύματι.
926 781 1041 809 Textum

254 823 377 851 Gnecum
394 824 472 851 attuli
487 825 532 851 hic
544 826 688 859 integrum,
705 826 780 859 quia,
800 831 830 853 ut
844 827 911 853 mihi
924 827 1040 859 videtur,

254 870 396 898 utilitatem
412 879 535 906 magnam
551 871 577 898 in
592 879 621 898 re
636 871 786 906 theologica
802 879 858 906 pra:
874 879 904 899 se
920 871 984 901 fert.

289 927 415 954 Ostendit
429 927 508 955 nobis
522 928 567 955 hic
579 933 675 955 auctor
687 928 876 956 excellentiam
888 929 1040 957 Christiani

253 982 335 1009 super
357 974 516 1007 llebrmum,
542 974 606 1001 dum
637 975 727 1008 docet,
756 983 811 1002 non
839 975 967 1003 Hebrteos
992 976 1040 1004 sed

252 1021 422 1049 Christianos
439 1021 611 1048 solummodo
634 1021 804 1050 introductos
818 1029 879 1050 esse
901 1030 916 1049 a
938 1022 994 1050 Deo
1012 1022 1039 1049 in

252 1063 352 1094 ter'ram
375 1066 471 1093 semini
488 1067 606 1094 Abrahze
627 1067 792 1102 promissam
811 1077 818 1094 :
840 1076 850 1093 ‹
868 1067 963 1102 Itaque
989 1075 1040 1094 nos

251 1120 360 1144 sumus.
383 1112 422 1140 ait
448 1113 493 1140 ille
518 1112 626 1148 egregie
650 1112 719 1148 (26),
740 1120 811 1148 quos
836 1113 989 1141 introduxit
1012 1114 1039 1140 in

253 1163 353 1186 terram
387 1159 499 1186 bonam.
534 1168 543 1184 ι
581 1158 683 1186 Deinde
716 1163 861 1194 postquam
893 1159 1041 1194 explicavit

251 1205 421 1239 omnia,quae
433 1205 460 1231 in
468 1204 560 1231 Veteri
576 1203 751 1232 Testamento
764 1212 812 1240 per
824 1205 940 1240 liguram
955 1205 1040 1241 signi—

250 1250 368 1277 ﬁcabant
381 1254 497 1277 mortem
512 1249 712 1284 Redemptoris,
725 1250 815 1283 docet,
824 1250 882 1278 haec
893 1250 1039 1279 manifesta

251 1303 312 1322 esse
333 1295 509 1328 Christianis,
525 1294 626 1324 Jud:eis
641 1303 717 1329 vero,
732 1304 764 1324 eo
781 1296 845 1330 quia
862 1296 999 1329 obdurati,
1013 1302 1040 1325 et

250 1341 326 1368 dura:
340 1341 466 1374 cervicis,
481 1342 600 1368 obscura
616 1350 623 1368 :
642 1350 651 1367 ι
674 1340 759 1368 Nobis
769 1342 879 1376 quidem
895 1342 1038 1370 manifesta

251 1391 327 1420 sunt,
347 1386 449 1413 Iudaeis
474 1391 564 1413 autem
593 1386 722 1420 obscura,
737 1387 800 1421 quia
819 1395 872 1414 non
895 1388 1040 1416 audierunt

250 1440 344 1460 vocem
356 1433 474 1460 Domini.
487 1443 495 1459 ι
507 1433 589 1461 Juxta
604 1433 677 1462 hunc
696 1440 836 1462 auctorem
851 1435 933 1470 igitur
954 1443 1038 1465 causa

251 1479 443 1506 obcaecationis
455 1478 610 1506 Judmorum
625 1487 678 1507 non
700 1480 752 1507 alia
769 1479 830 1514 fuit,
845 1489 927 1516 quam
943 1489 1037 1510 eorum

1097 228 1151 255 alio
1164 229 1295 263 propheta
1316 229 1383 256 dicit
1403 238 1410 257 :
1436 229 1513 264 Ecce,
1531 231 1620 266 inquit
1646 231 1790 264 Dominus.
1812 233 1883 267 aurc-

1096 282 1154 301 ram
1173 275 1205 301 ab
1224 275 1272 308 eis,
1297 275 1348 303 hoc
1363 279 1416 308 est,
1432 276 1467 303 ab
1484 276 1526 304 eis
1541 285 1612 312 quos
1628 277 1739 306 Domini
1769 278 1882 313 Spiritus

1095 320 1263 355 providebat,
1288 321 1369 348 corda
1393 321 1508 355 lapidea,
1523 327 1548 349 el
1570 323 1713 350 immittam
1736 323 1791 350 illis
1805 325 1882 350 corda

1095 374 1190 393 carnea
1211 367 1285 401 (29);
1304 367 1369 402 quia
1395 368 1536 402 oportebat
1555 376 1617 395 eum
1645 369 1672 396 in
1705 377 1789 397 carne
1805 378 1883 405 appa-

1095 421 1166 446 rere,
1177 418 1204 440 et
1219 414 1342 441 habitare
1357 414 1384 440 in
1398 414 1478 441 nobis
1494 423 1500 441 :
1514 415 1643 449 templum
1656 416 1731 442 enim
1748 420 1882 448 sanetum,

1094 457 1193 486 fratres
1209 460 1272 493 mei,
1283 459 1397 487 Domino
1409 465 1451 487 est
1460 460 1592 488 habitatio
1603 462 1697 489 cordis
1710 461 1810 488 nostri.
1827 471 1836 487 ι
1853 460 1884 488 Ει

1094 504 1158 532 alibi
1169 504 1245 539 (50):
1264 514 1272 530 ι
1288 505 1441 540 Antequam
1456 505 1511 537 Deo
1525 507 1782 538 crederemus.erat
1795 506 1884 533 cordis

1095 549 1180 575 nost:i
1200 549 1369 576 domicilium
1387 551 1556 585 corruptioni
1579 551 1741 584 obnoxium,
1753 556 1780 578 et
1797 551 1883 578 imbe~

1095 594 1165 627 cille,
1177 595 1211 622 ad
1233 595 1346 622 modum
1370 596 1462 630 templi
1481 604 1543 623 vere
1558 605 1606 631 per
1622 605 1721 624 manus
1735 598 1860 624 :edilicati
1875 606 1882 623 :

1094 640 1202 674 plenum
1218 640 1351 675 siquidem
1364 647 1423 668 erat
1434 641 1569 668 idolorum
1585 643 1669 674 cultu,
1679 646 1707 669 et
1717 647 1777 669 erat
1787 642 1884 669 domus

1094 685 1309 719 dzemoniorum;
1328 693 1384 720 quo
1399 686 1509 719 faceret,
1525 696 1695 722 quaecunque
1708 688 1764 715 Deo
1775 693 1884 715 eontra-

1093 729 1135 756 ria
1162 734 1237 757 sunt.
1254 730 1447 758 IEdiﬁcabitur
1470 739 1560 760 autem
1583 733 1609 760 in
1629 734 1742 761 nomine
1763 734 1883 761 Domini.

1093 773 1243 808 Attendite,
1258 780 1287 803 ut
1300 777 1429 811 templum
1444 776 1552 804 Domini
1567 779 1710 813 magniﬁce
1722 780 1883 807 mdiﬂcetur.

1094 819 1254 853 Quomodo?
1268 821 1381 850 discite:
1395 828 1505 858 accepta
1520 824 1681 852 remissione
1693 831 1882 859 peccatorum,

1092 871 1118 893 et
1138 874 1187 902 spe
1201 868 1293 895 habita
1314 869 1340 896 in
1364 878 1464 897 nomen
1482 870 1600 904 Domitii,
1615 872 1679 900 facti
1699 875 1882 905 suutusnuvi,

1092 912 1189 940 iterum
1206 914 1239 941 ab
1254 914 1362 950 integro
1377 917 1462 944 creati
1475 926 1481 944 :
1495 925 1580 952 quare
1595 918 1622 944 in
1634 919 1776 946 domicilio
1790 926 1882 947 nostro

1090 965 1154 986 vere
1182 959 1254 987 Deus
1280 961 1389 994 existit;
1421 962 1525 990 habitat
1549 963 1576 990 in
1604 964 1693 992 nobis.
1723 965 1884 997 Quomodo?

1090 1005 1204 1032 verbum
1218 1006 1277 1041 ejus
1296 1007 1368 1040 ﬁdei,
1391 1009 1499 1035 vocatio
1522 1009 1582 1043 ejus
1611 1010 1820 1044 promissionis,
1837 1020 1882 1038 sa-

1090 1050 1191 1085 pientia
1204 1051 1441 1087 justiﬁcationum,
1457 1055 1584 1082 mandata
1607 1055 1742 1082 doctrina).
1757 1066 1763 1082 :
1781 1057 1841 1090 ipse
1855 1058 1880 1083 in

1091 1097 1170 1124 nobis
1190 1098 1348 1132 prophetat;
1376 1099 1434 1134 ipse
1460 1100 1488 1127 in
1516 1100 1597 1128 nobis
1625 1101 1779 1133 inhabitat;
1800 1103 1881 1129 morti

1090 1142 1207 1171 addictis
1222 1145 1300 1172 nobis
1314 1146 1402 1180 aperit
1414 1145 1486 1173 fores
1507 1146 1610 1181 templi,
1631 1147 1658 1174 id
1674 1153 1717 1175 est
1733 1156 1781 1179 os;
1805 1149 1883 1176 nobis

1089 1188 1137 1215 dat
1154 1190 1353 1224 pcenitentiam,
1369 1192 1463 1228 sicque
1482 1193 1636 1220 introduxit
1646 1194 1674 1221 in
1688 1195 1823 1229 templum
1841 1195 1883 1223 in-

1090 1240 1262 1270 corruptum.
1280 1245 1290 1262 ι

1125 1290 1163 1319 De
1178 1292 1352 1322 confessione
1371 1300 1461 1322 autem
1480 1296 1523 1323 hic
1544 1301 1641 1324 auctor
1654 1305 1798 1333 exponens
1812 1307 1882 1334 pra-

1089 1343 1168 1373 cepta
1181 1339 1244 1366 vita:
1262 1341 1388 1374 moralia,
1403 1346 1431 1368 et
1452 1342 1535 1369 vitam
1554 1343 1636 1376 lucis,
1647 1344 1688 1371 sic
1705 1345 1744 1372 ait
1756 1350 1820 1380 post
1832 1354 1883 1373 c2:-

1090 1389 1147 1413 tera
1166 1395 1174 1413 :
1196 1395 1206 1412 (
1233 1386 1414 1416 Contiteberis
1434 1395 1544 1423 peccata
1563 1394 1621 1423 tua,
1637 1399 1691 1418 non
1717 1393 1834 1420 accedes
1850 1393 1881 1419 ad

1089 1432 1240 1460 orationem
1257 1438 1331 1460 tuam
1344 1434 1370 1460 in
1387 1434 1554 1462 conscientia
1572 1437 1643 1463 mala
1660 1437 1728 1471 (3t).
1748 1447 1758 1463 ι

1124 1477 1267 1506 Disserens
1280 1484 1373 1506 noster
1386 1484 1482 1507 auctor
1494 1480 1528 1507 de
1542 1481 1648 1509 duabus
1664 1483 1716 1509 viis
1731 1483 1880 1518 oppositis.

251 1525 454 1560 prazvaricatio,
484 1530 511 1553 et
523 1526 588 1561 quia
617 1525 732 1554 rebelles
755 1526 862 1554 fuerant
876 1527 960 1554 verbo
981 1527 1040 1556 Dei.
1054 1531 1076 1562 C
1091 1522 1162 1551 lueis
1173 1528 1199 1550 οι
1218 1525 1404 1558 tenebrarum:
1417 1525 1475 1552 dari
1488 1526 1526 1553 ³η
1541 1528 1652 1562 ³¹¹Βοίο⁵
1667 1527 1766 1561 bonos,
1780 1534 1808 1556 ει
1822 1537 1882 1556 111³-

251 1570 373 1598 Tandem
390 1571 456 1599 dicit
474 1571 583 1606 Moysen
605 1579 668 1599 vere
686 1571 825 1606 aceepisse
839 1572 945 1600 tabulas
956 1573 1037 1606 legis;

251 1619 299 1646 sed
315 1618 379 1653 quia
395 1617 499 1645 Hebraei
515 1622 626 1653 propter
640 1625 736 1645 eorum
756 1618 944 1646 inﬁdelitatem
962 1619 1038 1654 digni

251 1671 306 1690 non
322 1663 441 1696 fuerant,
452 1663 619 1690 Christianis
638 1663 744 1690 tradita:
762 1670 837 1695 sunt,
864 1664 911 1699 qui
929 1672 975 1691 eas
992 1672 1040 1699 per

251 1717 349 1736 manus
362 1708 511 1736 Salvatoris
534 1713 708 1744 acceperunt,
723 1713 750 1736 et
764 1709 798 1736 ob
811 1709 917 1737 infinita
941 1710 1038 1737 merita

250 1755 386 1789 passionis
401 1754 460 1789 ejus
477 1763 484 1782 :
505 1763 514 1780 ι
533 1754 644 1789 Accepit
661 1755 753 1790 itaque
771 1754 888 1790 Moyses.
902 1755 955 1790 ipsi
973 1763 1038 1782 vero

250 1801 325 1836 digni
342 1808 395 1827 non
412 1799 531 1827 fuerunt.
547 1799 689 1833 Quomodo
710 1808 761 1827 nos
782 1801 968 1834 habuerimus,
997 1801 1037 1828 di-

251 1847 327 1874 scite.
343 1846 448 1882 Moyses
460 1854 521 1873 cum
535 1850 607 1873 esset
620 1845 750 1879 famulus,
763 1854 810 1873 eas
823 1847 943 1881 accepit;
959 1847 1038 1874 nobis

250 1898 340 1920 autem
357 1893 414 1928 ipse
431 1893 574 1923 Dominus,
588 1893 632 1920 cui
653 1900 750 1920 sumus
764 1893 790 1920 in
804 1893 934 1928 populum
951 1893 1038 1920 haere-

250 1939 354 1972 ditatis,
369 1939 482 1966 tradidit
498 1947 546 1974 pro
559 1939 638 1966 nobis
656 1947 754 1973 passus
770 1938 918 1974 (27);:loca
932 1939 999 1972 haec,
1011 1943 1038 1966 ct

250 1985 283 2012 ad
299 1985 425 2020 pietatem
446 1985 581 2018 alliciunt,
602 1989 630 2012 et
655 1989 776 2011 mentem
800 1984 940 2012 erudiunt.
963 1984 1037 2011 Fieri

251 2029 354 2064 nequit.
371 2034 401 2055 ut
420 2030 492 2056 serio
513 2033 540 2056 et
564 2034 667 2056 attento
687 2030 780 2056 animo
796 2029 896 2064 aliquis
908 2029 967 2057 loca
980 2030 1038 2057 haec

250 2080 401 2111 percurrat,
421 2076 487 2110 quin
508 2075 589 2102 simul
612 2075 722 2110 plurimi
745 2074 828 2102 faciat
848 2075 1036 2102 excellentiam

251 2127 351 2149 nostra:
367 2122 527 2154 vocationis,
539 2127 566 2149 et
581 2126 721 2148 auctorem
732 2121 813 2156 hujus
822 2121 924 2156 diligat.
938 2122 1038 2149 Caveat

251 2172 342 2194 autem
356 2167 545 2202 unusquisque
556 2171 692 2200 nostrum,
708 2174 742 2194 ne
757 2166 911 2194 Judzeorum
924 2167 1037 2194 calami-

251 2219 333 2241 tatem
350 2215 471 2240 ineurrat
483 2219 509 2241 et
524 2222 572 2249 per
586 2214 723 2249 propriam
741 2213 926 2240 inﬁdelitatem
942 2220 972 2240 se
992 2213 1035 2239 in-

251 2259 364 2294 dignum
383 2259 479 2286 reddat
494 2259 601 2293 magnis
620 2258 663 2285 his
683 2258 858 2291 utilitatibus,
878 2265 939 2293 quae
953 2257 1036 2284 Chri-

251 2306 404 2332 stianorum
416 2304 574 2339 religionem
595 2304 770 2331 comitantur.

285 2359 513 2388 Justilleationem
535 2367 583 2394 per
605 2359 819 2391 renovationem,
832 2366 864 2386 ac
879 2366 970 2386 veram
992 2367 1036 2387 rc-

251 2407 410 2435 missionem
425 2411 597 2441 peccatorum
614 2405 683 2438 ﬁeri,
695 2405 849 2432 clarissime
865 2405 946 2432 etiam
960 2405 1039 2433 docet

252 2454 296 2481 hic
309 2457 414 2484 auctor,
427 2453 464 2479 ita
477 2452 601 2479 scribens
613 2450 669 2484 (‘38)
688 2459 695 2477 :
711 2459 720 2476 ‹
737 2449 789 2477 Ubi
805 2458 872 2486 ergo
883 2458 935 2478 nos
948 2451 1036 2478 refor-

251 2500 346 2533 mavit,
358 2506 405 2534 per
420 2498 609 2526 remissionem
620 2502 795 2532 peccatorum
807 2497 906 2530 eﬂ‘ecit,
916 2502 945 2524 ut
954 2498 1034 2525 aliam

251 2544 369 2572 formam
392 2543 568 2576 haberemus,
587 2543 706 2570 animam
728 2550 826 2578 nempe
841 2543 938 2578 puerili
955 2543 1035 2570 simi-

251 2590 315 2624 lem,
342 2590 402 2625 ipse
425 2590 499 2617 enim
529 2589 655 2618 formavit
687 2596 748 2616 nos.
769 2588 839 2617 Ecce
866 2588 949 2624 igitur
986 2597 1035 2617 nos

288 2717 344 2752 (‘25)
357 2717 442 2753 Epist.
458 2718 586 2751 Barnab.,
600 2725 661 2752 cap.
678 2716 774 2751 ll,sub
790 2716 882 2743 linem.

289 2754 345 2786 (26)
361 2753 438 2784 lbid.,
457 2761 517 2788 cap.
537 2754 564 2780 δ.

289 2789 344 2824 <27)
359 2788 501 2824 ιυωηπιπρ.
514 2787 541 2814 δ.

290 2823 346 2857 (‘28)
360 2822 470 2857 ibidem,
484 2830 544 2855 cap.
558 2822 601 2849 Η.

291 2857 348 2892 (29)
364 2856 461 2884 Ezech.
477 2865 505 2890 ιι¹
520 2857 563 2885 19.

1091 1569 1152 1596 los:
1167 1577 1283 1604 quorum
1307 1571 1399 1605 primi,
1419 1572 1466 1606 qui
1487 1577 1551 1600 sunt
1569 1573 1646 1600 missi
1667 1582 1682 1600 a
1697 1573 1884 1607 Deo,ducunt

1090 1622 1141 1642 nos
1157 1623 1206 1650 per
1216 1616 1276 1643 vias
1295 1617 1381 1649 locis;
1396 1617 1441 1644 alii
1459 1625 1533 1651 vero,
1546 1619 1592 1653 qui
1616 1625 1681 1646 sunt
1697 1621 1818 1648 ministri
1834 1621 1884 1649 Sa-

1090 1664 1170 1691 tame,
1179 1666 1301 1695 prmsunt
1311 1661 1361 1689 vite
1373 1662 1545 1690 tenebrarum
1561 1673 1567 1690 :
1581 1674 1589 1688 ι
1604 1664 1655 1691 Uni
1671 1665 1810 1699 siquidem
1819 1667 1885 1701 (via:

1089 1704 1170 1738 lucis)
1191 1705 1330 1740 praepositi
1348 1711 1413 1734 sunt
1431 1707 1502 1735 lucis
1519 1709 1681 1742 consiliarii,
1707 1711 1800 1745 angeli
1816 1710 1882 1743 Dei;

1089 1751 1167 1778 alteri
1182 1759 1247 1779 vero
1263 1753 1448 1787 (tenebrarum
1464 1753 1531 1786 vim)
1543 1755 1637 1792 .angeli
1654 1755 1763 1783 Satanas
1778 1756 1858 1790 (52);
1873 1766 1881 1782 ι

1089 1798 1166 1825 locus
1181 1798 1226 1825 hic
1244 1799 1318 1826 velut
1339 1799 1481 1826 imlubium
1504 1799 1565 1827 lidci
1589 1802 1779 1828 testimonium
1796 1803 1884 1829 tradi-

1090 1844 1172 1872 tionis
1186 1844 1258 1872 circa
1270 1845 1426 1880 angelorum
1442 1846 1594 1873 custodiam
1609 1848 1712 1882 suscipi
1727 1848 1822 1876 debet.
1839 1848 1884 1876 \‘i~

1088 1892 1214 1920 debimus
1238 1892 1309 1920 infra
1336 1897 1435 1928 praeter
1462 1898 1601 1921 auctorem
1630 1894 1714 1929 hujus
1735 1894 1881 1930 Epistolas,

1089 1938 1157 1966 alios
1184 1938 1278 1965 haberi
1293 1943 1399 1966 veteres
1423 1938 1550 1966 Ecclesia:
1567 1939 1673 1970 Patres.
1686 1940 1733 1974 qui
1765 1942 1883 1969 dist'nr-

1088 1984 1189 2011 tionem
1205 1984 1276 2011 hanc
1289 1988 1394 2019 ponunt
1413 1985 1502 2012 bonos
1513 1985 1584 2012 inter
1599 1989 1626 2012 et
1645 1986 1733 2013 malos
1753 1989 1881 2022 angelos.

1089 2029 1182 2057 habito
1216 2034 1342 2064 respectu
1369 2030 1401 2057 ad
1427 2031 1579 2058 custodiant
1603 2039 1685 2066 quam
1718 2032 1883 2061 hominibus

1087 2080 1229 2111 praestant.

1125 2131 1138 2168 ᾗ
1154 2131 1199 2158 1V.
1222 2131 1260 2158 De
1286 2131 1385 2159 Veteris
1413 2131 1575 2159 Testamenti
1590 2132 1776 2167 abragatione,
1793 2143 1882 2162 ncces-

1088 2176 1167 2203 aitate
1187 2177 1214 2203 iu
1228 2175 1320 2203 Iesum
1334 2176 1518 2204 Christum.——
1528 2177 1606 2204 Circa
1614 2176 1698 2216 Vetus
1714 2179 1880 2207 Testamen-

1089 2228 1146 2249 tum
1163 2227 1258 2250 auctor
1274 2221 1401 2257 Epistola:
1415 2223 1559 2250 ostendere
1573 2229 1689 2251 conatur
1702 2225 1880 2253 inutilitatem

1088 2272 1117 2296 et
1143 2268 1357 2296 ineﬂicacitatem
1383 2269 1580 2296 sacriﬁciorum
1602 2274 1628 2296 ct
1651 2272 1882 2299 ceremoniarum

1088 2314 1189 2341 veteris
1203 2314 1287 2350 legis;
1299 2314 1443 2350 docetque,
1455 2314 1538 2342 Deum
1554 2316 1645 2342 omnia
1660 2316 1719 2343 haec
1730 2318 1881 2352 repulisse.

1089 2364 1120 2387 ut
1133 2360 1223 2387 locum
1234 2360 1347 2387 haberet
1361 2360 1463 2387 oblatio
1478 2361 1596 2388 luunana
1608 2360 1673 2388 Jesu
1688 2361 1806 2396 Christi,
1819 2371 1882 2398 qua:

1089 2405 1261 2433 necessitatis
1270 2406 1366 2440 jugum
1381 2414 1436 2433 non
1449 2406 1563 2440 imponit
1580 2415 1586 2433 :
1606 2416 1615 2431 ί
1632 2406 1698 2434 Haec
1709 2416 1778 2443 ergo
1791 2417 1880 2435 vacua

1091 2450 1165 2484 fecit,
1181 2451 1271 2486 inquit
1289 2452 1344 2485 ille,
1359 2456 1389 2479 ut
1404 2459 1474 2479 nova
1499 2452 1541 2479 lex
1568 2452 1676 2480 Domini
1703 2455 1792 2481 nostri
1811 2453 1879 2481 Jcsu

1090 2496 1202 2528 Christi,
1219 2505 1281 2532 quae
1307 2497 1440 2532 sinejugo
1467 2498 1634 2526 necessitatis
1656 2503 1710 2532 est,
1728 2500 1879 2527 humanam

1090 2542 1190 2570 habeat
1203 2543 1369 2570 oblationem
1382 2543 1449 2578 (55),
1467 2552 1477 2568 ι
1489 2542 1587 2578 Jugum
1600 2544 1662 2578 hoc,
1676 2552 1734 2580 quo
1747 2549 1823 2573 caret
1836 2545 1879 2572 lex

1089 2589 1256 2624 evangelica,
1278 2589 1346 2615 nihil
1370 2588 1445 2616 aliud
1468 2588 1610 2624 est,juxta
1629 2590 1705 2618 hunc
1723 2595 1878 2624 auctorem,

1123 2715 1179 2750 ('50)
1196 2715 1280 2749 Epist.
1296 2714 1454 2749 Barn..cap.
1476 2713 1518 2741 16.

1121 2751 1177 2785 (51)
1195 2749 1272 2782 lbid.,
1287 2757 1347 2783 cap.
1359 2750 1403 2785 19.

1133 2786 1177 2819 52)
1194 2785 1273 2817 lbid.,
1289 2792 1349 2818 cap.
1363 2784 1405 2811 M.

1133 2821 1178 2856 35)
1194 2819 1274 2853 lbid.,
1291 2827 1351 2854 cap.
1366 2819 1394 2846 2.
