1916 3104
232 154 285 181 715

233 213 415 250 przcnuntiant
430 210 553 248 quidem,
580 215 687 246 tempus
713 213 802 237 autem
819 215 874 234 non
888 204 1018 234 determir
1031 205 1057 234 Λ

234 266 311 294 nant,
325 259 406 289 sicuti
422 258 630 294 peregitauctor
645 256 726 291 hujus
739 254 875 290 Epistola.

360 315 430 342 ART.
450 315 484 341 ll.
501 329 535 334 ——
558 312 757 340 Observationes
772 309 895 337 murales.

272 361 421 389 Videamus
434 359 525 393 modo,
540 366 601 394 quae
611 358 684 386 circa
697 364 785 384 mores
800 355 888 382 tradat
906 352 950 380 hic
968 359 1019 378 au-

237 412 307 434 ctor.
318 405 385 433 Post
404 404 608 433 distinctionem
622 403 738 430 duarum
752 400 870 432 viarum,
883 405 952 433 quas
971 404 1020 424 su-

238 460 288 488 pra
302 450 463 484 memoravi,
477 450 622 484 utriusque
636 453 717 476 notas
731 447 852 475 exhibet.
868 443 1021 478 lnsigniora

239 497 310 525 lucis
325 504 407 532 opera
419 500 502 524 sunt:
530 495 585 523 imo
596 494 708 529 diligere
724 492 879 528 proximum
896 493 1022 516 nostrum

239 543 384 579 plusquam
411 549 462 570 nos
476 540 683 576 ipsosttDiliges
694 538 847 574 proximum
858 541 933 564 tuum
948 535 1024 569 plus-

240 597 324 624 quam
335 588 455 615 animam
470 591 544 614 tuam
558 585 742 620 (M).DAgitur
765 583 821 616 hic,
836 587 865 610 ut
877 581 1024 615 unicuique

243 633 397 666 innotescit,
408 632 442 660 de
456 631 600 660 dilectione
613 637 676 665 erga
691 629 857 665 proximum,
869 635 930 663 quae
940 627 1025 653 vitam

242 681 325 709 etiam
337 680 413 707 daret
425 686 476 714 pro
491 678 550 712 ejus
566 677 665 709 salute.
682 676 707 703 si
720 675 830 711 quando
847 682 907 702 sese
918 673 1023 709 praebe-

242 730 285 754 ret
294 725 422 759 occasio;
445 729 471 753 et
483 725 547 751 licet
559 724 659 759 gradus
672 723 717 750 hic
727 722 880 750 dilectionis
894 721 922 748 in
935 719 1026 756 pericu

245 773 377 802 ctioribus
400 772 488 799 solum
504 769 703 802 adinveniatur,
732 768 911 796 nihilominus
921 771 1027 795 certum

244 824 332 846 estex
355 815 514 851 Scripturis,
542 820 570 842 et
594 822 627 842 ex
642 813 800 847 traditione,
814 813 848 841 ad
863 813 934 840 hanc
960 811 1027 839 dile-

245 864 363 893 ctionem
375 869 470 890 omnes
481 860 584 888 Christi
599 860 693 888 ﬁdeles
714 861 742 887 in
760 866 859 895 genere
883 858 981 890 teneri,
1000 861 1028 884 et
1043 875 1065 905 Β

245 915 374 944 peccare,
391 907 456 935 dum
479 907 640 935 occasiones
651 905 791 940 negligant
804 905 837 932 ad
859 903 1027 939 implendum

246 958 423 992 praeceptum,
434 956 508 989 quod
520 952 681 980 naturaliter
690 952 750 980 ﬂuit
763 959 796 979 ex
809 955 945 986 praecepto
962 949 1029 977 dile-

248 1002 346 1030 ctionis
353 1009 415 1037 erga
423 1001 518 1028 Deum.
532 999 669 1027 Tenemur
680 999 791 1034 diligere
801 998 956 1033 proximum
968 1004 1031 1032 prov

247 1051 308 1083 pter
320 1048 416 1081 Deum,
432 1051 459 1075 et
470 1046 554 1074 Deum
570 1046 659 1081 ipsum
676 1045 702 1072 in
715 1049 810 1072 nostro
829 1045 954 1079 proximo
969 1043 1032 1071 dili-

249 1095 355 1133 gimus:
371 1091 593 1128 atquisinﬁciari
609 1091 729 1124 audebit,
745 1091 844 1118 debere
855 1098 906 1118 nos
920 1090 1033 1125 diligere

251 1139 336 1168 Deum
351 1139 494 1175 plusquam
505 1146 555 1166 nos
570 1138 655 1173 ipsos,
670 1141 698 1164 et
716 1137 878 1172 sanguinem
893 1135 1033 1164 effundere

250 1190 360 1222 propter
377 1185 437 1221 ejus
456 1184 595 1212 amorem?

285 1230 398 1266 Oportet
409 1230 531 1258 secundo
549 1229 755 1257 communicare
774 1228 802 1255 in
821 1228 949 1256 omnibus
970 1235 1034 1255 cum

252 1277 389 1312 proximo,
403 1282 430 1304 et
441 1276 509 1303 nihil
521 1275 662 1311 proprium
675 1275 803 1302 retinere:
819 1283 829 1300 ι
844 1274 1036 1302 Communlca-

254 1323 296 1350 bis
310 1323 337 1349 in
349 1322 476 1349 omnibus
489 1328 551 1349 cum
576 1320 702 1356 proximo
721 1324 786 1354 tuo,
812 1327 862 1347 nec
885 1319 1034 1355 quidquam

256 1369 331 1396 dices
339 1367 480 1403 proprium
497 1366 566 1402 (45).
584 1376 594 1392 ι
614 1365 704 1401 Viguit
716 1365 761 1393 hic
774 1373 834 1393 mos
848 1365 920 1400 apud
933 1365 1036 1401 primos

257 1415 361 1447 ﬁdeles,
377 1418 408 1441 ut
420 1417 526 1441 constat
547 1420 580 1440 ex
594 1413 671 1440 Actis
691 1411 875 1447 apostolorum
888 1412 956 1447 (46).
971 1411 1037 1440 Ter-

255 1461 295 1489 tio
309 1461 422 1496 diligere
444 1470 454 1485 ι
470 1464 501 1488 ιιι
517 1459 647 1494 pupillam
660 1459 733 1486 oculi
743 1466 850 1491 omnes,
867 1468 876 1485 ι
894 1459 941 1494 qui
957 1458 1038 1487 nobis

257 1509 406 1542 loquuntur
419 1506 532 1534 verbum
546 1505 608 1532 Dei:
623 1514 632 1531 ι
643 1504 753 1540 Diliges,
765 1507 796 1531 ut
808 1504 938 1539 pupillam
952 1504 1038 1537 oculi,

805 146 834 173 S.
852 141 1037 172 BARNABAS
1057 138 1272 168 APOSTOLUS.

1800 129 1854 157 ἨΒ

1070 206 1181 238 possent
1195 201 1224 228 in
1243 201 1430 234 contemptum
1442 193 1592 230 religionis,
1611 195 1721 219 tantum
1741 196 1857 225 progro-

1067 235 1141 277 ditur
1152 256 1216 276 cum
1230 247 1370 282 allegoria,
1380 247 1410 270 ut
1422 242 1520 270 docere
1533 239 1667 270 videatur,
1682 235 1774 263 Deum
1786 242 1859 261 nm.-

1068 303 1152 330 quam
1171 293 1291 322 voluisse
1303 288 1485 327 qnorumdam
1496 286 1620 315 ciborum
1636 290 1720 311 usum
1735 279 1859 308 Helirzeis

1070 340 1251 372 interdicere;
1276 337 1323 365 sed
1333 333 1504 364 solummodo
1515 332 1656 359 horrorem
1677 328 1806 362 ingerere
1827 324 1861 352 de

1070 385 1105 414 iis
1116 385 1201 418 vitiis,
1219 371 1282 419 quae
1294 390 1342 418 per
1360 381 1468 409 diversa
1492 378 1537 405 illa
1556 374 1683 404 animalia
1695 371 1860 408 signiﬁcan-

1070 436 1134 460 tur:
1150 440 1160 457 ι
1173 432 1279 466 Itaque,
1302 429 1341 456 ait
1365 427 1421 460 ille,
1437 425 1595 452 mandatum
1612 421 1658 448 Dei
1684 427 1741 447 non
1757 422 1812 448 est,
1829 424 1863 444 ne

1072 463 1253 510 manducent;
1267 475 1314 503 sed
1327 472 1434 509 Moyses
1450 479 1477 499 tn
1490 469 1586 505 spiritu
1597 468 1708 495 locutus
1719 469 1766 492 est
1774 463 1861 498 (49).»

1073 523 1177 559 Opinor
1194 529 1244 558 ego
1261 524 1365 548 textum
1381 519 1453 546 hunc
1469 524 1524 543 non
1551 515 1589 542 ita
1605 513 1700 541 stricte
1710 515 1739 538 et
1753 510 1864 537 littera-

1074 570 1134 598 liter
1146 555 1334 603 accipiendum
1350 572 1421 596 esse,
1437 567 1467 590 ut
1481 569 1536 589 non
1552 559 1641 596 possit
1652 558 1680 585 in
1703 555 1865 584 orthodoxo

1075 624 1158 645 sensu
1173 602 1304 650 intelligi:
1321 612 1344 640 si
1368 617 1446 639 mens
1464 608 1535 636 enim
1551 606 1633 641 hujus
1647 602 1773 631 auctoris
1791 606 1867 628 recte

1075 649 1270 698 perpendatur,
1284 663 1311 686 et
1326 657 1398 690 ﬁnis,
1424 663 1506 691 quem
1518 653 1570 681 sibi
1582 649 1712 687 proponit
1727 655 1787 675 una
1802 654 1866 675 cum

1076 696 1134 737 toto
1147 710 1287 739 contextu,
1316 703 1396 731 facile
1410 700 1546 730 constabit
1559 703 1699 726 auctorem
1720 696 1750 724 id
1780 701 1867 722 unum

1077 755 1177 783 docere
1187 752 1268 784 velle,
1283 750 1387 778 scilicet
1400 747 1559 776 mandatum
1573 744 1620 771 Dei
1636 742 1762 771 Hebraeis
1780 742 1869 775 impo-

1077 801 1160 829 situm
1176 796 1330 826 abstinendi
1348 804 1363 823 a
1388 793 1552 830 quibusdam
1572 791 1650 823 cibis,
1676 797 1730 818 non
1758 792 1867 815 tantum

1078 844 1257 874 obstrinxisse
1266 842 1337 874 illos,
1347 848 1381 868 ne
1387 847 1451 867 vere
1459 847 1490 866 ne
1498 838 1605 866 realiter
1614 836 1689 864 hisce
1697 835 1769 862 cibis
1775 841 1868 862 vesce-

1079 896 1189 923 rentur;
1205 897 1299 916 verum
1314 889 1407 919 etiam,
1427 890 1458 913 ut
1473 892 1505 912 ea
1519 887 1628 919 peccata
1643 882 1791 908 horrerent
1809 887 1868 914 qua:

1080 938 1108 965 in
1123 937 1192 964 cibis
1215 935 1269 962 illis
1279 932 1522 969 signiﬁcabantur:
1544 929 1608 956 hinc
1626 926 1787 955 immediate
1808 930 1869 960 post

1081 983 1229 1011 adductum
1241 985 1357 1011 textum,
1373 978 1422 1011 ait,
1439 977 1524 1004 Deum
1537 975 1577 1002 sic
1593 971 1760 1009 praecepisse
1784 971 1868 998 absti-

1081 1029 1201 1057 nentiam
1216 1035 1232 1054 a
1244 1033 1325 1055 carne
1337 1024 1460 1060 porcina,
1471 1022 1550 1058 quasi
1565 1021 1588 1048 si
1601 1019 1727 1051 dixisset,
1742 1015 1874 1045 homines

1082 1084 1137 1104 non
1152 1074 1250 1102 debere
1267 1072 1406 1100 adhaerere
1416 1068 1459 1099 iis,
1467 1065 1513 1101 qui
1520 1062 1622 1092 similes
1628 1065 1693 1089 sunt
1700 1065 1796 1094 porcrs
1803 1061 1867 1097 (50).

1083 1122 1117 1149 Et
1131 1120 1201 1149 infra
1214 1120 1329 1154 loquens
1351 1122 1459 1151 semper
1481 1113 1515 1141 de
1542 1111 1668 1139 ciborum
1693 1106 1869 1136 distinctione

1083 1169 1219 1202 praecepta
1237 1151 1264 1191 in
1276 1163 1334 1198 lege
1346 1161 1458 1197 Moysis.
1477 1157 1573 1190 tradit,
1595 1155 1706 1202 Iudaeos
1731 1151 1869 1186 accepisse

1084 1197 1223 1240 verba-illa
1236 1197 1348 1245 Moysis.
1361 1214 1394 1234 ac
1408 1206 1431 1234 si
1446 1205 1479 1233 de
1488 1203 1560 1232 escis
1576 1211 1586 1228 ι
1598 1199 1783 1235 simpliciter)
1799 1197 1868 1231 egis—

1085 1262 1127 1285 set
1146 1255 1215 1291 (5i).
1244 1251 1409 1281 Adverbium
1426 1252 1496 1284 hoc,
1518 1258 1527 1275 ι
1540 1247 1713 1282 simpliciter,
1726 1253 1737 1270 ›
1762 1250 1868 1272 omnem

1085 1289 1185 1330 enodat
1210 1298 1395 1327 dilﬁcultatem
1420 1295 1494 1323 allati
1513 1298 1625 1325 textus;
1648 1295 1759 1319 coustat
1786 1289 1866 1319 enim,

1087 1349 1160 1377 hunc
1171 1350 1310 1375 auctorem
1327 1350 1469 1378 nunquam
1481 1340 1603 1368 voluisse
1615 1337 1725 1365 Iudaeos
1735 1335 1841 1363 solutos
1853 1341 1869 1360 a

1087 1399 1222 1431 praecepto
1234 1389 1387 1419 abstinendi
1405 1387 1515 1416 realiter
1531 1393 1545 1413 a
1560 1384 1628 1413 cibis
1646 1383 1675 1410 in
1695 1383 1755 1418 lege
1773 1381 1869 1412 vetitis,

1088 1429 1136 1469 sed
1149 1440 1230 1467 unice
1246 1436 1398 1465 intendisse
1413 1441 1464 1468 ope
1478 1432 1560 1467 hujus
1584 1429 1760 1458 abstinentiae
1771 1435 1818 1456 eos
1830 1435 1870 1454 re-

1089 1486 1202 1514 trahere
1225 1491 1241 1511 a
1255 1482 1328 1509 vitiis
1341 1481 1378 1508 ibi
1395 1477 1559 1507 connotatis.

257 1561 367 1581 omnem
398 1552 445 1588 qui
459 1552 507 1580 tibi
517 1551 639 1587 loquitur
650 1551 764 1579 verbum
777 1550 895 1578 Domini.
908 1560 918 1577 ι
934 1550 1038 1584 Quarto
1052 1546 1075 1576 C
1107 1567 1178 1594 Am.
1194 1564 1238 1592 ιη.
1253 1579 1285 1584 _
1304 1562 1503 1591 Observationes
1515 1559 1549 1586 ad
1563 1558 1737 1594 philologiam
1753 1563 1855 1584 “an.

258 1599 382 1627 conﬁteri
410 1601 520 1634 peccata
549 1601 662 1624 nostra:
695 1606 704 1622 ι
719 1595 901 1624 Conﬁteberis
927 1601 1039 1632 peccata

259 1650 316 1673 tua.
334 1654 344 1670 ι
360 1643 480 1671 Tandem
494 1650 600 1676 cavere,
607 1649 641 1669 ne
661 1649 780 1676 unquam
798 1642 841 1669 «in
852 1642 976 1669 oratione
991 1650 1039 1670 ac-

260 1692 388 1720 cedamus
398 1690 431 1718 ad
444 1689 529 1717 Deum
544 1689 571 1716 in
590 1689 757 1717 conscientia
766 1690 837 1717 mala
845 1690 912 1725 (L7).
920 1699 930 1716 ι
941 1689 1041 1718 Praci-

259 1746 321 1774 pute
334 1738 376 1765 hae
400 1741 464 1764 sunt
477 1741 548 1765 notae
563 1736 614 1764 vite
626 1736 711 1764 lucis:
730 1745 739 1762 ι
755 1735 818 1764 Haec
833 1740 885 1768 est,
908 1736 973 1763 dicit
991 1744 1042 1765 au-

260 1791 329 1817 ctor,
342 1783 385 1811 via
400 1782 480 1810 lucis.
499 1792 508 1808 ι

295 1845 367 1872 Inter
376 1849 457 1877 opera
466 1841 652 1873 tenebrarum,
660 1839 823 1868 notabiliora
833 1845 898 1868 sunt
908 1840 1043 1868 idolorum

262 1889 388 1922 servitus,
403 1888 553 1920 temeritas,
568 1887 649 1914 elatio
666 1886 817 1922 potestatis,
831 1887 980 1920 simulatio,
995 1895 1044 1915 cor

262 1935 372 1971 duplex,
385 1933 577 1966 homicidium,
593 1933 699 1968 rapina,
716 1933 806 1966 dolus,
822 1933 942 1965 malitia,
966 1941 1044 1962 arro-

263 1981 370 2017 gantia,
396 1979 569 2012 veneﬁcium,
599 1979 699 2014 magia,
731 1979 843 2006 avaritia
858 2000 865 2013 ,
888 1980 979 2008 nullus
998 1981 1045 2009 Dei

263 2029 355 2055 timor.
377 2027 407 2053 lu
430 2025 482 2053 hac
495 2026 669 2053 tenebrarum
694 2025 736 2052 via
752 2026 923 2053 continentur
944 2028 1047 2062 pariter

264 2078 450 2109 persecutores
461 2073 608 2102 bonorum,
619 2078 714 2098 osores
725 2072 857 2104 veritatis,
871 2077 899 2100 et
911 2078 1047 2102 amatores

265 2119 416 2145 mendacii:
437 2127 446 2143 ι
464 2119 494 2144 In
511 2124 563 2151 qua
582 2117 754 2144 tenebrarum
766 2118 810 2144 via
823 2123 896 2151 sunt,
911 2119 1047 2147 bonorum

265 2168 475 2200 persecutores,
503 2169 598 2189 OSOI'CS
632 2162 772 2194 veritatis,
803 2168 940 2191 amatores
971 2172 1048 2192 men-

1403 1601 1560 1631 ερεειαηιεε.

1127 1661 1196 1688 Dum
1216 1656 1348 1685 Barnaba‘,
1370 1659 1443 1691 gesta
1465 1653 1525 1681 l'use
1546 1651 1735 1688 prosequitur,
1754 1649 1874 1683 miraque

1092 1706 1194 1742 ingenii
1207 1702 1368 1732 dexteritate
1391 1701 1510 1727 illustrat
1524 1698 1567 1725 vir
1589 1697 1768 1725 doctissimus
1787 1694 1875 1722 Maio-

1092 1753 1183 1784 chius,
1199 1748 1398 1786 aliquotetiam
1419 1746 1479 1781 cjus
1494 1745 1616 1780 epistolae
1636 1743 1697 1771 loca
1708 1742 1817 1778 egregie
1829 1748 1876 1776 pro

1093 1806 1170 1827 more
1183 1804 1233 1825 suo
1248 1794 1386 1824 edisserit:
1404 1796 1435 1820 ut
1450 1791 1564 1827 proinde
1587 1797 1678 1825 operat
1690 1789 1809 1824 pretium
1837 1794 1877 1814 me

1094 1845 1231 1873 facturum
1245 1840 1411 1872 existimem,
1423 1839 1445 1865 si
1459 1837 1611 1865 luculentas
1623 1836 1699 1863 illius
1711 1834 1878 1863 observatio-

1095 1897 1144 1918 nes
1159 1895 1245 1916 sacraa
1257 1885 1412 1922 philologiae
1426 1883 1517 1912 studio
1531 1882 1699 1918 permultum
1721 1880 1877 1916 profuturas

1095 1937 1148 1964 hoc
1160 1936 1221 1962 loco
1235 1932 1388 1961 describam
1401 1930 1470 1966 (52).
1483 1929 1576 1957 Prima
1592 1928 1751 1956 observatio
1772 1927 1878 1961 reSpicit

1096 1983 1294 2017 caputsextum
1307 1976 1440 2012 epistolae,
1455 1974 1528 2010 quod
1542 1975 1583 2002 sic
1594 1973 1693 2008 incipit
1703 1973 1778 2007 (55):
1793 1982 1804 1997 ι
1822 1973 1877 1999 Ὅτε

1096 2025 1141 2055 οὖν
1155 2026 1281 2060 ἐποίησεν
1295 2022 1404 2058 ἐντολήν
1417 2042 1424 2053 ,
1440 2026 1493 2048 etc.
1508 2020 1577 2048 Cum
1590 2024 1680 2047 autem
1705 2019 1770 2046 fecit
1786 2026 1878 2054 prace-

1097 2077 1173 2108 ptum
1186 2068 1412 2106 (Christus),quid
1427 2067 1510 2094 dicit?
1525 2066 1593 2099 Quis
1606 2069 1657 2097 est,
1672 2065 1719 2100 qui
1745 2065 1878 2099 iudicetur

1101 2117 1228 2146 mecum?
1245 2125 1254 2142 ι
1277 2115 1311 2142 Et
1336 2122 1396 2149 quae
1408 2121 1492 2148 porro
1503 2120 1536 2140 ex
1550 2112 1627 2139 lsaia‘.
1646 2120 1672 2143 L,
1691 2111 1717 2142 8.
1745 2112 1762 2138 9
1779 2113 1876 2139 recitat.

1098 2164 1149 2192 llic
1166 2163 1310 2191 obscrvatu
1336 2167 1391 2188 non
1417 2159 1558 2193 indignum
1583 2162 1634 2190 est,
1650 2158 1775 2192 ἐντολήν,
1790 2166 1877 2193 prin:-

266 2209 337 2237 dacii
353 2209 420 2243 (48).
439 2218 448 2234 ι
478 2207 608 2240 Quinimo
633 2211 660 2234 et
689 2207 709 2234 ii
726 2215 833 2240 omnes,
866 2210 913 2244 qui
933 2209 1048 2245 diligunt
1064 2213 1086 2240 D
1100 2216 1186 2245 ptum,
1199 2207 1333 2238 absolute,
1358 2210 1385 2233 et
1399 2212 1448 2240 per
1463 2203 1651 2231 excellentiam
1674 2204 1771 2231 vocari
1801 2204 1877 2231 Patris

265 2262 347 2286 vana,
360 2258 554 2282 consectantur
565 2253 811 2281 remunerationem
821 2275 828 2287 ,
843 2262 898 2281 non
914 2255 1048 2283 miseren-

266 2306 313 2327 tur
327 2299 428 2334 inopis,
444 2306 498 2325 non
513 2297 638 2325 laborant
656 2297 683 2325 in
706 2299 821 2333 gratiam
847 2299 930 2333 illius,
946 2301 992 2335 qui
1006 2301 1047 2328 la-

267 2346 334 2382 bore
344 2352 376 2372 ac
390 2343 520 2371 aerumnis
534 2342 675 2370 confectus
702 2347 755 2376 est,
774 2344 808 2371 ad
824 2345 1048 2373 obtrectationem

267 2388 398 2425 prompti,
413 2392 572 2416 aversantes
587 2395 714 2423 egenum,
736 2388 884 2423 aﬂligentes
907 2390 1049 2424 aﬂlictum,

271 2444 280 2461 ι
293 2434 405 2462 divitum
420 2433 555 2466 advocati,
568 2441 717 2468 pauperum
728 2434 834 2468 judices
857 2435 955 2471 iniqui.
966 2446 976 2463 ι

304 2481 364 2509 Alio
378 2481 405 2508 in
418 2480 541 2515 ejusdem
556 2479 677 2514 epistolae
700 2481 774 2521 loco,
785 2489 840 2516 quo
865 2483 940 2510 abuti
965 2484 1050 2519 aliqui

305 2608 361 2642 (ιι)
380 2607 429 2642 Ep.
442 2607 571 2641 Damam,
586 2614 647 2642 cap.
667 2607 711 2634 i9.

308 2643 364 2678 (ts)
382 2643 448 2670 Ibid.

307 2677 363 2713 (t6)
380 2678 497 2713 Actunm
511 2685 572 2712 cap.
585 2685 606 2705 ιι
620 2681 647 2713 et
657 2684 695 2704 tv.

308 2709 365 2747 (Π)
387 2712 464 2739 «Non
477 2709 589 2740 accedes
601 2711 634 2739 ad
650 2711 801 2747 orationem
830 2714 905 2739 tuam
931 2709 1003 2738 mala
1022 2710 1049 2738 in

274 2745 450 2782 conscientia.
471 2756 481 2773 ›
512 2747 561 2782 Ep.
573 2747 669 2782 Barm,
685 2753 746 2781 cap.
760 2745 804 2774 l9.

310 2782 366 2816 (48)
385 2781 434 2815 Ep.
451 2781 599 2816 Bar.,’cap.
616 2781 662 2809 20.

309 2817 364 2850 (49)
383 2817 451 2843 Ibid.
465 2824 523 2851 cap.
542 2817 584 2843 10.

309 2851 365 2886 (-50)
387 2860 396 2877 ς
408 2850 578 2886 Quapropter
588 2851 628 2880 sic
636 2858 712 2879 suem
722 2850 768 2883 ait,
780 2850 860 2886 quasi
871 2850 982 2883 diceret,
998 2859 1051 2878 non

1098 2254 1249 2290 jussionem
1270 2252 1303 2279 de
1318 2250 1510 2278 lncarnationc
1525 2254 1552 2276 et
1565 2255 1621 2276 toto
1636 2250 1766 2277 humanze
1777 2258 1877 2284 repara-

1098 2299 1183 2327 tionis
1204 2298 1324 2333 negotio,
1348 2299 1421 2332 quod
1435 2295 1544 2327 ἐντολὰς
1555 2295 1603 2322 τοῦ
1619 2295 1740 2330 Πατρὸς,
1758 2303 1876 2331 prae-cpta

1100 2345 1202 2377 Patris,
1217 2347 1296 2370 vocat
1306 2341 1494 2377 ipseChristus
1505 2340 1583 2368 Joan.
1597 2349 1642 2373 xv,
1656 2339 1702 2373 i0,
1717 2349 1750 2368 ac
1763 2340 1876 2369 fortassis

1103 2391 1235 2419 alluditur
1251 2397 1266 2417 a
1290 2388 1414 2416 Barnaba
1428 2387 1462 2414 ad
1480 2387 1545 2414 illud
1562 2387 1661 2422 psalmi
1685 2393 1784 2420 xxxtx,
1807 2388 1832 2420 8,
1846 2388 1875 2414 9:

1103 2437 1175 2466 Tunc
1191 2436 1266 2463 dixi:
1281 2434 1347 2462 Ecce
1360 2434 1433 2461 venio
1448 2454 1456 2461 .
1471 2454 1478 2461 .
1493 2453 1500 2461 .
1516 2453 1523 2460 .
1547 2436 1575 2460 ut
1601 2433 1701 2467 faciam
1726 2434 1876 2461 voluntatem

1104 2489 1285 2512 tuammuam
1305 2481 1474 2508 voluntatem
1491 2486 1556 2506 mox
1584 2478 1666 2514 legem
1694 2484 1792 2506 vocat:
1816 2479 1875 2506 Dat

1102 2604 1256 2667 East-tmesis
1271 2602 1430 2630 hominibus
1446 2602 1556 2636 talibus,
1569 2604 1616 2639 qui
1632 2605 1740 2633 similes
1747 2610 1810 2633 sunt
1822 2613 1876 2641 por-

1101 2674 1194 2716 ..ε-(51)
1215 2682 1224 2698 ι
1235 2672 1392 2716 'quseside-
1401 2673 1552 2716 fsqijsitria
1577 2674 1686 2716 decreta
1702 2675 1814 2716 locutus.
1830 2679 1874 2707 est,

1101 2709 1141 2737 illi
1155 2716 1221 2735 vero
1231 2707 1328 2746 Judaei,
1342 2707 1421 2741 quasi
1443 2707 1476 2735 de
1490 2709 1562 2736 escis
1588 2710 1754 2745 simpliciter
1776 2711 1871 2746 egisset.

1102 2747 1274 2777 acceperunt.
1290 2751 1298 2767 ι
1314 2743 1382 2768 Ιιιιυ.

1103 2777 1532 2846 νὲἕῇεξέῗεὲιῂὓῗηέφξιιιιιιε.
1545 2779 1571 2806 in
1586 2784 1640 2807 vet.
1655 2779 1755 2808 Marm.
1774 2779 1871 2808 Kalend.

1139 2849 1196 2884 (55)
1216 2848 1302 2882 Epist.
1321 2847 1450 2880 Barnab.,
1469 2855 1528 2885 cap.
1549 2849 1584 2883 ϐ,
1601 2848 1644 2876 lit.
1662 2849 1695 2878 C.
