1916 3104
57 135 103 162 71⁸1

714 135 981 164 PROLEGOMENA.

1612 138 1662 165 7l8

56 203 120 222 utea
136 194 218 227 nolui,
230 199 255 222 ει
263 194 343 229 legem
357 198 429 220 tuam
447 194 474 221 in
487 195 570 221 medio
585 195 670 222 cordis
685 196 745 222 mei.
767 195 831 223 Om-
846 199 868 227 Α
884 196 984 227 sisset,
1004 203 1037 223 ex
1060 200 1130 223 terra
1171 195 1316 222 formatum
1341 202 1402 222 esse
1427 194 1523 222 Adam.
1551 194 1582 222 Et
1604 194 1661 222 haec

55 241 115 266 uino
129 240 180 267 hac
191 240 373 275 praeceptione
383 239 475 267 divina
496 240 582 275 plenae
596 246 661 268 sunt
687 241 830 276 utriusque

51 286 165 315 Ftederis
183 287 302 321 paginx:
319 286 372 313 hoc
385 290 489 313 tantum
509 287 552 314 hic
569 295 667 314 n0\um
678 308 685 319 ,
702 288 774 319 quod
798 294 829 314 ea

56 328 96 356 hic
107 329 232 358 absolute
247 335 403 365 prtcccptum
417 335 598 365 nuncupetur.
610 330 645 358 At
656 336 732 359 vetus
747 332 829 358 inter-

56 382 112 410 pres
125 376 173 404 Dei
193 382 355 411 praeceptum
372 376 499 410 reddidit,
517 382 546 404 ut
557 378 677 405 insolens
700 378 827 413 loquendi

56 428 132 457 genus
148 421 252 448 clarius
267 421 394 449 ediceret.

84 467 181 495 Eodem
194 467 223 494 in
238 468 327 502 capite
349 468 432 503 paulo
449 472 510 503 post
526 469 582 504 (54)
598 469 710 496 recitato
727 469 827 505 Moysis

54 513 205 541 testimonio
230 513 265 540 de
289 514 464 549 adipiscenda
480 519 552 541 terra
578 514 679 542 fluente
708 515 777 542 lacte
800 520 827 543 et

53 559 136 592 uelle,
149 558 245 586 statim
258 559 316 586 haec
331 560 423 587 subdit
436 559 594 587 Barnabas:
612 570 621 585 ι
641 559 711 593 Quid
724 561 795 588 dicat
809 563 826 597 ἡ

53 603 145 635 Mat:
162 603 301 639 (cognitio,
318 604 374 631 sive
390 605 522 639 scientia),
537 604 649 632 discite:
670 606 780 640 Sperate
797 606 825 634 in

52 649 174 685 eumqui
182 649 210 677 in
222 657 306 677 carne
321 650 535 678 manifestandus
542 656 583 679 est
593 651 679 684 vobis,
693 651 797 679 Jesum.
812 662 822 678 ι

52 693 438 729 l‘vdimg,(scientize)nomine,
449 704 506 723 avo
513 697 660 731 apostolico
675 697 824 726 intellectas

53 737 127 766 fuisse
139 747 259 768 arcanas
270 744 298 767 et
311 740 471 774 allegoricas
489 740 587 767 veteris
598 742 611 768 l~
620 740 720 773 traderis
740 742 824 776 signi-

51 785 192 817 ﬁcationes,
209 793 293 814 nemo
307 786 423 822 ignorat.
441 786 479 814 Ea
493 791 535 814 est
550 787 634 814 clavis
649 787 779 820 scicntia,
795 787 822 815 in

51 838 98 865 qua
118 831 168 859 sibi
193 832 263 867 legis
284 832 389 866 peritos
406 832 540 867 placuisse
554 852 561 865 ,
577 832 703 860 Christus
720 834 822 861 notavit

51 875 110 910 (55).
123 875 156 903 At
175 876 228 903 hoc
248 876 366 910 amplius
382 877 427 905 hic
440 877 691 910 animadvertimus,
708 878 820 912 Γνῶσιν,

50 923 185 954 scientiam,
197 923 279 958 quasi
300 923 398 950 librum
419 924 514 955 citari.
532 929 559 951 et
579 931 611 951 ex
629 932 662 951 eo
676 925 760 952 verba
776 925 821 952 illa

51 967 172 1002 proferri:
186 967 318 1004 Sperate,
333 973 385 996 etc.
401 968 479 1002 Quod
499 970 607 1004 quidem
631 977 662 996 ex
683 969 822 998 Clemente

50 1013 222 1041 Alexandrino
240 1014 299 1049 (56)
312 1034 319 1046 ,
337 1014 422 1041 multo
443 1018 484 1042 est
504 1014 676 1048 evidentius,
693 1015 741 1042 ubi
764 1015 822 1042 haec

51 1058 121 1086 verba
134 1066 166 1085 ex
180 1058 308 1086 Barnaba
319 1059 359 1086 sic
371 1059 532 1092 recitantur,
545 1064 573 1086 ut
587 1059 679 1095 φησιν,
692 1060 764 1095 quod
777 1060 821 1086 hic

50 1105 124 1136 deest,
135 1105 309 1139 suppleatur:
322 1103 392 1138 Quid
401 1105 473 1132 dicat
482 1105 725 1140 cognitio,discite:
732 1105 821 1133 Ἐλπι-

51 1160 114 1184 cars,
126 1153 216 1187 φησὶν,
235 1153 282 1178 ἐπὶ
295 1152 341 1178 τὸν
364 1156 428 1184 etc.,
442 1152 562 1188 Sperate,
578 1151 682 1187 inquit,
705 1154 733 1180 in
745 1161 819 1184 eum,

49 1202 103 1231 etc.,
113 1198 149 1224 uti
157 1206 251 1232 supra.
269 1196 320 1225 Ubi
335 1196 539 1229 animadvertis,
554 1196 619 1223 illud
635 1195 716 1231 φησιν
729 1196 820 1224 aﬂ'erri

49 1252 76 1271 ex
87 1253 128 1272 ore
139 1245 284 1276 Barnabm.
300 1243 394 1278 utique
408 1251 442 1270 ex
457 1243 637 1278 Cognitionis,
655 1244 710 1270 sive
725 1242 820 1270 Scien-

50 1290 85 1316 tiae
98 1290 162 1317 libro
183 1290 305 1317 citantis.
330 1288 424 1316 Plures
453 1289 518 1316 olim
550 1288 634 1316 fuisse
662 1288 817 1322 huiusmodi

49 1333 156 1362 Scientitz
171 1335 256 1362 libros
275 1334 467 1367 circumlatos,
493 1334 528 1361 ab
549 1333 651 1361 Judaais
674 1333 817 1369 allegorica

49 1381 199 1408 sectantibus
225 1381 396 1415 conscriptos
409 1401 419 1413 ,
442 1388 497 1407 non
515 1385 557 1407 est
571 1380 695 1407 dubium.
711 1379 751 1406 Ad
771 1386 818 1407 eos

48 1434 102 1461 ergo
113 1426 248 1454 Barnabas
265 1427 426 1461 plerumque
443 1426 549 1461 ablegat
567 1426 682 1453 lectores
693 1446 702 1459 ,
722 1426 767 1453 ubi
783 1426 816 1453 ad

49 1472 177 1506 allegorias
190 1472 353 1507 digreditur.
374 1471 483 1499 Scimus
500 1471 646 1498 hodiedum
668 1472 694 1498 in
713 1471 816 1506 Targu-

50 1518 102 1544 mim
122 1518 178 1546 loca
195 1518 337 1553 complura
358 1518 391 1545 ad
414 1517 539 1545 Messium
562 1517 673 1545 referri:
693 1518 766 1553 quod
782 1525 815 1545 ex

48 1564 127 1590 eadem
142 1564 242 1591 Γνώσει
262 1564 394 1592 manavit.

78 1609 219 1638 Notandum
236 1615 280 1638 est
296 1616 386 1638 autem
405 1611 433 1638 in
452 1611 570 1646 ascripto
586 1612 663 1644 loco,
688 1612 740 1640 etsi
756 1619 817 1639 om-

49 1654 86 1681 nia
96 1655 179 1684 verbis
190 1656 302 1684 totidem
317 1663 350 1683 ex
364 1655 464 1683 Γνώσει
476 1657 634 1689 recitenlut‘,
646 1657 712 1684 illud
724 1661 815 1684 tamen

54 1699 158 1735 Ἰησοῦν,
171 1700 282 1735 Iesum,
298 1702 370 1736 quod
384 1702 513 1739 adfinem
528 1702 646 1736 additur,
666 1710 698 1730 ex
713 1702 816 1730 Barna-

50 1746 83 1773 ΒΞ
103 1754 178 1775 manu
202 1747 373 1783 profectum,
399 1756 453 1775 non
475 1749 510 1775 al)
536 1752 646 1776 auctore
668 1747 814 1781 Γνώσεως,

50 1799 117 1826 quem
131 1794 236 1829 quidem
251 1794 377 1822 Judaeum
392 1794 477 1822 fuisse
493 1802 604 1822 necesse
618 1799 670 1822 est.
692 1795 814 1831 alioquin

50 1845 63 1864 a
80 1837 192 1867 Barnaba
214 1840 327 1868 Iudaeos
348 1841 507 1868 convicturo
528 1840 640 1868 minime
663 1841 813 1868 citandum.

50 1882 144 1913 Judaeus
164 1891 253 1914 autem
270 1886 398 1914 Messiam
418 1890 513 1919 norat,
536 1885 629 1914 Jesum
648 1894 702 1914 non
723 1890 812 1914 norat.

52 1928 134 1958 Statim
158 1931 255 1960 ibidem
282 1933 424 1967 sequitur:
451 1942 460 1957 ι
486 1931 572 1959 Homo
589 1932 662 1959 enim
703 1932 740 1967 γῆ
757 1933 814 1959 ἐστι

51 1975 182 2011 πάσχουσα,
196 1982 269 2006 terra
284 1982 327 2005 est
340 1978 456 2013 patiens.
475 1988 485 2004 ι
508 1978 628 2013 Apparet
649 1978 693 2005 hic
712 1977 814 2006 Barna-

52 2021 121 2054 bam.
140 2028 184 2050 aut
206 2024 333 2059 quisquis
345 2028 389 2051 est
402 2028 515 2055 auctor,
539 2024 708 2058 philosophis
733 2031 814 2051 aures

53 2065 195 2095 admovisse.
208 2067 278 2095 Nam
295 2068 358 2095 illud
370 2068 640 2102 πάσχουσα,ραιίεηε,
653 2067 686 2094 ad
694 2067 815 2102 philoso-

53 2112 151 2145 phorum
163 2115 289 2150 τεχνικὴν
314 2114 437 2148 γλῶτταν
461 2114 618 2148 (terminum
647 2113 813 2147 technicum)

53 2162 87 2184 est
96 2158 267 2194 referendum,
282 2168 336 2196 qua
353 2161 494 2188 materiam
510 2160 566 2194 pati
580 2159 714 2187 dicebant.
733 2168 742 2184 ι
760 2157 815 2185 Ho-

880 241 961 268 etiam
985 241 1084 268 ibidem
1107 241 1217 268 totidem
1235 241 1325 268 verbis
1340 239 1466 267 Clemens
1490 241 1571 267 refert
1597 247 1658 274 cap.

882 286 925 313 Vll
948 287 1020 322 (5'7),
1044 287 1124 314 sicuti
1143 287 1224 314 etiam
1249 287 1276 313 in
1300 286 1477 321 sequentibus
1502 287 1656 320 capitibus,

878 332 979 367 pluries
1007 332 1071 359 illud
1104 332 1260 368 προσέχετε,
1290 331 1436 365 attendite,
1462 332 1656 366 intercalatur,

877 378 949 412 quod
964 377 1101 412 peculiare
1115 381 1157 404 est
1171 375 1391 412 ἀλληγορούντων
1401 397 1408 409 ,
1431 376 1462 403 ad
1479 377 1656 403 attentionem

877 423 1037 450 acuendam.
1053 422 1118 456 Cap.
1134 421 1168 448 lx
1182 421 1255 456 (58):
1276 421 1355 448 Ἀλλὰ
1373 422 1419 448 καὶ
1440 423 1493 453 πᾶς
1505 422 1587 457 Σύρος
1610 421 1657 448 καὶ

878 468 969 503 ’Ἄραψ
990 468 1036 494 καὶ
1050 468 1150 498 πάντες
1161 467 1185 494 οἱ
1199 467 1279 503 ἱερεῖς
1290 467 1344 494 τῶν
1358 467 1473 494 εἰδώλων
1483 487 1489 499 ,
1513 472 1578 500 etc.,
1596 475 1658 501 quae

876 513 916 540 sic
927 513 1021 540 Latine
1044 514 1124 540 vertit
1144 512 1185 538 vir
1207 512 1376 540 clarissimus
1391 512 1541 540 Cotelerius
1561 512 1657 539 doctor

877 559 1078 586 Sorbonieus...
1108 569 1116 584 ι
1147 559 1246 586 Verum
1261 563 1286 585 et
1301 559 1390 586 omnis
1408 558 1493 594 Syrus
1506 562 1533 585 et
1547 558 1635 585 Arabs
1645 577 1655 592 ,

874 609 902 632 et
919 612 1015 632 omnes
1039 605 1173 631 idolorum
1197 605 1352 632 sacerdotes
1375 604 1618 631 circumciduntur.
1641 613 1652 629 ι

874 649 940 683 Qum
953 650 1050 677 merito
1064 649 1248 677 difﬁcultatem
1262 654 1399 677 crearunt.
1413 648 1513 676 Verum
1529 649 1586 677 haec
1599 657 1655 676 non

874 701 939 723 sunt
953 696 987 723 ad
1003 696 1168 723 severiorem
1188 696 1317 723 trutinam
1333 696 1463 729 exigenda
1474 716 1482 729 ,
1501 696 1548 724 sed
1564 704 1654 731 παχυ-

872 742 969 776 τέρως,
986 741 1169 774 crauiuscule,
1181 741 1337 776 accipienda
1361 743 1434 769 hunc
1451 741 1535 769 ferme
1551 742 1578 769 in
1596 749 1655 769 mo-

872 787 955 814 dum:
971 786 1065 820 Quivis
1079 786 1181 822 Syrus,
1202 787 1292 821 quivis
1310 786 1415 820 Arabs,
1431 787 1521 821 quivis
1541 787 1654 815 simula-

872 840 980 860 crorum
1007 832 1134 860 sacerdos
1158 832 1395 860 circumcisionem
1422 833 1549 860 admittit.
1576 833 1651 861 Aut:

837 866 858 894 Β
872 877 911 905 Ne
932 877 992 914 Syri
1015 878 1124 912 quidem
1142 882 1170 905 ct
1186 878 1288 905 Arabes
1303 882 1329 905 et
1342 877 1449 913 profani
1466 878 1621 906 sacerdotes
1636 887 1652 906 a

872 925 1080 953 circumcisione
1096 925 1253 952 abhorrent.
1270 924 1337 952 Nam
1353 926 1417 960 quia
1438 926 1509 954 inter
1526 926 1609 962 Syros
1625 932 1653 954 ct

871 970 973 998 Arabes
986 991 994 1003 ,
1011 970 1135 1004 interque
1149 970 1282 1005 profanos
1303 971 1458 998 sacerdotes
1478 976 1570 999 essent
1581 992 1588 1005 ,
1605 972 1652 1006 qui

871 1015 918 1043 illo
935 1023 963 1043 se
979 1016 1059 1043 modo
1075 1016 1235 1043 mundiores
1256 1019 1434 1050 praestarent;
1458 1016 1535 1043 licuit
1549 1016 1652 1044 Barna—

870 1061 912 1089 bas
930 1062 1054 1096 apostolo
1070 1061 1176 1094 dicere,
1192 1062 1428 1088 circumcisionem
1447 1063 1602 1097 promiscue
1617 1064 1652 1091 ab

870 1106 926 1134 illis
940 1107 1079 1141 usurpari.
1093 1106 1161 1140 Quis
1173 1114 1228 1134 non
1244 1107 1271 1134 in
1285 1107 1385 1135 talibus
1398 1108 1498 1135 similia
1513 1109 1652 1143 loquitLrY

869 1151 1005 1179 Caeterum
1019 1152 1139 1179 Arabum
1156 1152 1288 1187 plurimos
1304 1152 1388 1180 fuisse
1403 1161 1509 1188 verpos,
1526 1154 1607 1182 sicuti
1623 1160 1652 1182 et

870 1197 1025 1225 sacerdotes
1051 1197 1194 1233 [Egyptios
1206 1218 1214 1231 ,
1233 1206 1287 1233 non
1302 1203 1343 1226 est
1357 1199 1481 1226 dubium.
1508 1199 1546 1226 Ae
1566 1208 1600 1227 ne
1617 1201 1651 1227 de

870 1242 947 1278 Syris
959 1243 1069 1278 quidem
1085 1248 1126 1271 cst
1138 1244 1358 1277 dubitandum,si
1368 1245 1478 1279 quidem
1493 1253 1585 1272 verum
1603 1246 1648 1277 sit,

868 1287 940 1322 quod
957 1287 1060 1322 antiqui
1078 1288 1263 1321 crediderunt,
1278 1287 1422 1316 thnices
1437 1290 1588 1324 περιτομὴν
1602 1291 1651 1317 ad-

869 1332 989 1361 misisse.
1012 1331 1140 1368 Origenes
1164 1334 1197 1360 ad
1223 1333 1303 1360 Rom.
1321 1341 1357 1367 ιι,
1373 1334 1425 1367 25,
1450 1335 1520 1361 inter
1538 1339 1650 1363 caeteros

868 1377 1086 1405 circumcisionis
1106 1377 1224 1405 cultores
1241 1379 1322 1405 etiam
1339 1378 1482 1407 Phoenices
1498 1381 1651 1407 numeravit

868 1423 911 1450 his
923 1423 1013 1451 verbis
1027 1432 1034 1451 :
1053 1433 1063 1450 ι
1078 1423 1108 1451 Si
1131 1425 1269 1459 replicetis
1285 1425 1414 1453 historias
1429 1431 1533 1453 vestras
1543 1447 1550 1460 ,
1575 1427 1650 1454 inve-

867 1468 948 1495 nietis
971 1476 1026 1496 non
1050 1469 1139 1496 solum
1162 1469 1351 1505 Egyptiorum
1375 1472 1548 1505 sacerdotes,
1562 1473 1650 1500 sedet

867 1513 983 1548 Arabas,
997 1519 1025 1542 et
1034 1514 1188 1551 Egyptios,
1204 1516 1357 1550 Phoenices,
1378 1518 1512 1553 aliosque,
1529 1526 1647 1554 quorum

868 1562 958 1589 studia
992 1563 1078 1597 gratia
1111 1564 1265 1598 hujusmodi
1300 1565 1502 1599 superstitionis
1530 1566 1649 1594 nobilius

868 1607 970 1641 vigent.
990 1617 999 1633 ι

901 1651 968 1687 Cap.
978 1652 1038 1679 XVI
1052 1661 1058 1678 :
1074 1653 1185 1682 «Adhuc
1195 1659 1221 1681 et
1232 1655 1266 1682 dc
1274 1656 1374 1690 templo
1382 1656 1469 1683 dicam
1479 1657 1565 1690 vobis,
1580 1667 1649 1694 quo-

867 1698 947 1725 modo
961 1703 1082 1726 errantes
1094 1699 1196 1731 miseri,
1210 1700 1256 1726 ὲπὶ
1266 1700 1314 1735 τὴν
1326 1700 1384 1727 ὁδὸν
1395 1701 1520 1737 ἤλπισαν,
1537 1703 1563 1730 in
1577 1704 1646 1731 viam

866 1747 1053 1777 speraverunt,
1068 1748 1095 1771 et
1108 1751 1161 1771 non
1174 1744 1200 1771 in
1217 1744 1302 1772 Deum
1317 1747 1405 1780 ipsum
1419 1767 1426 1779 ,
1441 1748 1487 1781 qui
1502 1748 1566 1775 fecit
1579 1757 1627 1777 eos
1638 1771 1645 1781 ,

865 1788 946 1823 quasi
957 1788 1056 1816 domus
1068 1788 1114 1816 Dei
1129 1794 1202 1816 esset
1213 1790 1281 1824 (59).
1301 1800 1310 1816 ι
1330 1790 1379 1818 llic
1394 1799 1447 1818 non
1462 1797 1503 1819 est
1516 1793 1627 1820 dubium
1637 1815 1644 1826 ,

866 1834 933 1869 quin
950 1834 1020 1868 ὁδοῦ,
1037 1835 1097 1868 viae,
1113 1836 1222 1863 nomine
1235 1837 1363 1871 templum
1379 1838 1486 1865 veniat:
1503 1847 1565 1866 nam
1578 1844 1604 1866 et
1618 1841 1645 1867 in

867 1881 966 1915 templo
979 1886 1060 1908 totam
1073 1881 1228 1909 Iudaeorum
1243 1883 1370 1910 fiduciam
1385 1884 1469 1912 fuisse
1484 1886 1645 1919 repositam,

867 1931 943 1954 notat
957 1927 1002 1954 illa
1016 1927 1131 1955 celebris
1144 1928 1325 1956 conclamatio
1337 1938 1344 1955 :
1371 1929 1507 1964 Templum
1522 1931 1645 1963 Domini,

866 1972 990 2007 templum
1013 1973 1128 2006 Domini,
1149 1978 1176 2000 et
1189 1974 1261 2008 quod
1277 1974 1353 2002 initio
1378 1980 1470 2002 noster
1489 1976 1523 2002 de
1545 1977 1646 2011 templo

865 2018 1008 2053 proposuit
1029 2018 1119 2046 dicere
1140 2019 1250 2054 etquod
1274 2027 1336 2046 mor
1362 2020 1563 2056 subdit':quasi
1591 2023 1647 2056 (via

866 2069 970 2091 scmcet
985 2064 1040 2099 illa)
1056 2065 1148 2091 domus
1165 2064 1213 2092 Dei
1229 2069 1304 2092 esset.
1319 2064 1392 2092 Vidit
1404 2070 1430 2093 et
1442 2066 1494 2093 hoc
1509 2072 1586 2095 vetus
1601 2068 1645 2094 in-

866 2113 988 2144 terpres,
1007 2111 1054 2146 qui
1081 2118 1132 2146 pro
1153 2111 1213 2138 ὁδόν
1233 2110 1341 2145 (viam)
1368 2112 1460 2146 posuit
1484 2113 1575 2140 aedem.
1601 2113 1647 2142 Sic

865 2158 938 2185 enim
953 2157 1069 2184 reddidit
1081 2165 1089 2183 :
1104 2155 1137 2182 In
1149 2156 1231 2183 adem
1242 2165 1312 2191 spem
1324 2157 1482 2186 habuerunt.
1495 2159 1646 2188 Cotelerius

53 2211 106 2237 mo,
125 2205 224 2240 inquit,
249 2211 338 2234 estex
354 2210 444 2238 terra,
469 2215 478 2231 ι
497 2213 551 2233 non
567 2205 674 2241 quidem
698 2209 810 2240 agente,
829 2204 850 2231 D
864 2203 974 2238 quidem
995 2203 1029 2230 ad
1051 2202 1176 2236 quaedam
1195 2201 1341 2229 Seniorum
1358 2203 1418 2231 loca
1442 2204 1558 2232 allusum
1584 2213 1647 2234 sus-

54 2249 92 2276 sed
104 2251 220 2284 patiente.
235 2252 322 2286 Cujus
337 2252 429 2279 statim
444 2251 576 2279 rationem
592 2250 681 2278 reddit
694 2250 737 2277 his
752 2257 812 2277 ver-

55 2291 104 2320 bis;
118 2304 128 2320 ι
148 2295 208 2322 Ἀπὸ
223 2296 368 2332 προσώπου
387 2296 442 2332 γὰρ
462 2296 511 2331 τῆς
529 2295 581 2330 γῆς
605 2297 621 2330 ἡ
646 2295 742 2326 πλάσις
765 2293 812 2320 τοῦ

60 2336 130 2374 ’Δδὰμ
145 2340 257 2374 ἐγένετο.
279 2340 303 2367 A
325 2340 394 2368 facie
407 2341 479 2368 enim
498 2344 577 2367 terra:
591 2340 665 2367 fictio
682 2339 742 2376 (seu
756 2338 813 2366 for-

56 2382 196 2418 tuatio)Ada2
213 2385 326 2413 exstitit.
346 2395 355 2410 ι
376 2384 428 2412 Ubi
448 2384 630 2419 pulcherrima
653 2383 814 2411 Hellenista-

56 2434 106 2455 tum
118 2429 210 2457 locutio
227 2431 358 2459 occurrit.
376 2429 541 2458 Hebraicum
563 2429 635 2457 enim
653 2432 723 2458 iam:
744 2428 814 2462 Μίμ-

57 2480 108 2505 Pen:
123 2475 207 2510 (quod
220 2475 306 2504 Judaei
319 2474 474 2502 Hellenistae
490 2478 620 2509 perpetuo
630 2494 638 2505 ,
661 2473 714 2500 ἀπὸ
729 2481 812 2509 προσ-

57 2519 127 2554 ώπου,
151 2522 199 2550 hoc
209 2527 262 2557 est,
275 2531 292 2550 ιι
306 2523 374 2558 [acie
386 2521 513 2556 reddunt)
529 2520 678 2556 quamlibet
690 2527 812 2552 causam,

58 2564 125 2592 etiam
137 2567 310 2600 materialem.
327 2567 366 2594 uti
383 2565 538 2602 philosophi
553 2565 703 2600 loquuntur
714 2585 721 2597 ,
737 2564 811 2592 desi-

57 2615 117 2644 gnat.
131 2611 195 2648 Ergo
207 2613 375 2641 tantumdem
394 2617 447 2646 est,
466 2620 483 2638 a
496 2612 564 2647 facie
579 2617 666 2644 term,
683 2618 714 2638 ac
729 2610 752 2638 si
770 2610 812 2638 di-

151 2733 196 2771 Ep.
209 2733 336 2771 Barnab.,
348 2743 408 2771 cap.
421 2734 448 2768 6,
463 2734 513 2762 sub
527 2735 567 2762 lit.
585 2735 612 2762 Β.

87 2766 135 2803 (ξδ)
152 2766 214 2796 Luc.
229 2777 267 2803 χι,
278 2770 323 2797 52.

87 2802 135 2840 (ﬁ)
153 2804 258 2840 Strom.,
274 2805 320 2832 lib.
334 2814 360 2838 ν,
376 2814 436 2840 cap.
451 2805 494 2833 i0.

88 2836 136 2871 (57)
154 2836 262 2867 Barnab’.
276 2836 372 2874 Epist,
384 2836 443 2876 cap.
456 2841 483 2875 7,
496 2848 556 2877 pag.
573 2841 639 2872 122,
654 2841 672 2869 l.
692 2839 810 2874 D,apud

864 2249 970 2283 pieatur
982 2268 989 2280 ,
1005 2247 1032 2274 in
1046 2247 1145 2281 quibus
1159 2246 1218 2278 ὁδός
1238 2247 1363 2275 similiter
1384 2255 1434 2282 pro
1453 2250 1553 2284 templo
1572 2251 1645 2278 sumi

864 2300 944 2327 posse
960 2293 1075 2319 videtur.
1092 2291 1190 2319 Verum
1205 2296 1231 2319 et
1245 2292 1289 2319 hic
1303 2292 1452 2326 Barnabas,
1467 2299 1494 2322 et
1514 2295 1551 2322 ibi
1571 2295 1643 2323 LXX

864 2337 950 2370 οὐδόν,
962 2337 1053 2371 limen,
1068 2337 1211 2372 scripsisse
1224 2338 1360 2371 videntur,
1374 2345 1506 2368 consueto
1519 2341 1646 2369 schema-

864 2387 890 2410 te
905 2387 1020 2414 utentes,
1029 2390 1083 2418 quo
1097 2390 1160 2417 pars
1173 2389 1221 2416 pro
1234 2387 1290 2410 toto
1303 2384 1432 2417 sumitur,
1445 2389 1471 2412 et
1481 2392 1537 2419 quo
1549 2385 1645 2413 hodie-

864 2429 928 2456 dum
945 2429 1063 2461 utimur,
1088 2428 1134 2455 ubi
1156 2428 1249 2455 limina
1269 2429 1449 2463 apostolorum
1473 2430 1589 2458 invisere
1602 2432 1645 2459 di-

864 2473 962 2500 cimur.
977 2472 1132 2509 Legendum
1149 2478 1190 2501 est
1211 2474 1294 2508 igitur
1315 2474 1360 2500 ἐπὶ
1379 2474 1424 2501 τὸν
1441 2475 1518 2502 οὐδὸν
1534 2495 1541 2502 .
1554 2495 1579 2502 ..
1593 2496 1600 2502 .
1614 2478 1644 2504 in

864 2517 963 2551 limine,
979 2519 1031 2545 hoc
1042 2522 1094 2551 est,
1110 2518 1204 2552 templa
1226 2526 1296 2552 spem
1319 2518 1485 2545 collocantes.
1508 2519 1644 2548 Caeterum

864 2563 888 2591 si
902 2563 1041 2591 Barnabas
1055 2565 1137 2596 viam,
1154 2564 1203 2598 τὴν
1214 2563 1282 2595 ὀδόν,
1297 2564 1336 2591 uti
1349 2571 1421 2591 nunc
1441 2564 1539 2600 legitur
1551 2585 1558 2597 ,
1574 2566 1644 2592 scri-

864 2610 928 2637 bere
938 2610 1078 2643 voluisset,
1092 2610 1125 2638 ad
1139 2610 1218 2637 finem
1233 2607 1314 2637 οὖσαν
1328 2610 1474 2645 posuisset,
1495 2618 1550 2638 non
1566 2611 1642 2646 ὄντα,

867 2735 1049 2762 Callandium.

899 2770 957 2840 (58;
975 2769 1087 2801 Ibidem,
1101 2776 1127 2802 p.
1143 2769 1204 2796 ηε.

900 2805 946 2839 (59
977 2805 1089 2838 ibidem,
1105 2811 1131 2840 p.
1148 2805 1204 2832 155.

900 2805 957 2840 (59)
977 2805 1089 2838 ibidem,
1105 2811 1131 2842 p.
1148 2805 1210 2836 ηε,
1221 2805 1255 2834 Δ.
