1916 3104
249 131 264 158 'l
270 129 298 158 l9
419 130 423 134 ’
829 130 858 158 S.
879 129 1020 158 BARNAB.

1106 128 1257 159 POSTOLU
1262 130 1289 159 S.
1809 133 1852 161 τεν.)

248 191 319 226 quod
338 190 446 218 nonnisi
460 191 499 226 τῷ
514 186 606 218 οὐδόν
619 192 746 220 convenit
759 201 766 220 :
784 192 837 224 ὡς,
852 192 951 227 inquit,
967 192 1020 218 ὄντι

1106 191 1168 225 Ὰδὸν,
1182 191 1354 218 custodienti!
1370 190 1449 218 limen
1467 190 1541 226 (nam
1563 189 1646 218 Hebr.
1661 196 1703 220 est
1712 192 1788 226 sapic)
1803 201 1854 220 meo

248 235 320 264 οἶκον
327 236 405 263 Θεοῦ.
413 235 496 269 ltlem,
505 241 534 264 ut
543 237 748 272 dixi,judicium
762 238 814 265 erit
826 238 860 265 de
871 237 938 265 locis
947 235 1018 264 LXX

1106 237 1182 265 Idicio
1196 237 1314 272 positum
1329 237 1502 270 inveniatur;
1517 244 1571 264 non
1582 237 1673 270 video,
1690 245 1758 272 qutn
1771 238 1853 265 eadem

248 281 709 317 viralibus,lllReg.vut,44.48.in
721 283 820 318 quibus
831 291 904 310 nunc
915 282 1030 318 προσεύ-
1080 283 1196 310 mutatio
1216 283 1284 310 locis
1301 290 1384 317 supra
1400 282 1566 317 depromptis
1586 283 1709 317 potuerit
1730 283 1852 311 accidere.

246 329 337 362 ξονται
353 348 360 355 .
373 347 382 354 .
400 347 408 354 .
424 347 431 354 .
444 328 503 354 ὁδόν
516 328 614 363 legitur
626 349 634 362 ,
649 337 711 356 cum
725 329 868 364 legendum
890 329 925 357 sit
936 328 1011 356 οὐδόν

1106 334 1221 357 ostremo
1236 337 1270 356 ne
1284 330 1416 357 tricemur
1431 329 1545 360 diutius,
1565 329 1589 356 si
1603 330 1800 364 grammaticos
1813 338 1855 357 au-

245 374 403 401 Adombamt
417 374 508 406 limen,
527 379 594 406 etc.,
607 375 687 402 sicuti
699 375 781 402 etiam
795 374 917 402 llParal.
931 381 970 406 vt,
982 373 1027 407 54,
1079 374 1203 407 diamus,
1223 374 1282 406 ὁδός
1303 375 1362 408 ria,
1384 379 1411 402 et
1429 375 1504 406 οὐδός
1524 375 1620 408 limen,
1638 383 1722 402 unum
1739 376 1856 411 idemque

244 421 292 448 38.
308 420 366 448 Non
380 420 502 448 inaudita
516 424 558 448 est
571 420 642 455 apud
661 425 765 448 veteres
779 421 879 447 limini:
895 419 1026 447 adoratio.
1078 428 1177 448 nomen
1200 426 1273 448 sunt.
1295 420 1364 448 Nam
1390 426 1417 448 et
1441 420 1559 448 Homero
1574 419 1649 453 οὐδός
1665 429 1716 457 pro
1730 422 1789 454 ὁδός
1808 423 1854 456 eiu,

247 465 352 493 Scitum
366 470 411 493 est
425 466 507 493 etiam
521 466 650 501 antiquos
664 471 679 492 ο
694 463 1028 501 prointegradipllthongo
1078 470 1236 501 usurpatur.
1255 465 1287 493 Et
1304 471 1398 494 contra
1420 465 1518 494 Suidas
1539 471 1654 494 testatur
1675 476 1772 495 vocem
1787 468 1854 501 ὁδός,

244 520 276 538 ου
297 511 425 546 primitus
445 511 587 546 scripsisse
607 511 648 545 (ut
669 511 696 537 in
718 510 838 537 nummis
855 509 1020 545 Xupaxocltm

1121 516 1246 539 tenuetur
1268 512 1355 547 prima
1376 512 1477 548 syllaba
1490 533 1497 545 ,
1512 513 1664 548 signiﬁcare
1678 514 1766 547 οὐδόν,
1782 521 1806 542 Id
1820 520 1855 542 est

245 557 510 592 pro‘Zupaxouclmv,
528 561 555 584 et
567 561 693 584 sexcenta
709 555 831 590 ejusdem
851 555 934 590 modi)
953 555 1028 590 quod
1080 557 1158 584 limen
1172 578 1179 590 ,
1201 557 1282 585 allato
1306 557 1449 592 Sophoclis
1470 558 1541 586 loco.
1565 559 1644 586 Paria
1668 560 1695 587 in
1719 559 1855 589 Eustatbio

244 602 419 637 postmodum
441 601 656 636 descriptoribus
678 601 768 628 fraudi
787 599 887 633 fuisse,
910 607 965 626 non
985 604 1028 627 est
1076 603 1212 636 reperies.
1230 607 1257 630 et
1282 603 1308 630 in
1331 603 1475 637 Sophoclis
1500 603 1647 632 Scholiasta
1669 605 1703 632 ad
1727 607 1854 635 celebrem

244 648 434 676 dubitandum.
447 647 547 675 Dixerit
560 647 661 682 aliquis
672 647 698 674 in
712 647 794 674 modo
806 645 1027 674 laudatisSenio-
1076 646 1137 681 ejus
1163 647 1253 674 locum
1278 656 1293 675 a
1316 648 1400 676 Suida
1425 652 1451 675 et
1475 648 1618 678 Eustatbio
1640 651 1792 679 laudatum.
1807 652 1855 680 Nec

244 701 305 722 rum
320 694 388 722 locis
397 692 460 721 ὀδόν
479 701 540 721 esse
559 693 731 720 retinendum
744 714 752 726 ,
776 695 841 728 quia
856 694 880 721 ei
895 692 1026 720 Hebraice
1076 697 1103 719 te
1124 693 1230 725 turbet,
1248 693 1320 728 quod
1342 694 1398 721 haec
1411 694 1523 729 antiqua
1538 699 1565 722 et
1580 699 1723 730 poetarum
1738 698 1855 732 peculia-

244 741 391 776 respondat
408 741 512 773 dereclt,
527 742 583 772 via;
595 748 657 768 eum
669 745 763 767 contra
775 739 852 771 οὐδός
862 740 1026 774 respondeat
1076 739 1117 766 ria
1137 740 1299 767 videantur:
1326 748 1388 768 nam
1412 741 1438 768 in
1456 740 1527 767 LXX
1552 746 1579 769 et
1590 741 1692 770 ludatis
1708 742 1855 771 Hellenistis

243 785 378 813 Hebraico
399 786 482 821 aaplt,
498 786 571 821 quod
590 789 633 814 est
649 786 739 812 limen.
762 785 862 812 Verum
884 785 1024 812 sciendum
1075 785 1192 820 plurima
1200 790 1350 813 occurrunt
1360 787 1459 820 partim
1469 787 1622 822 antiquata.
1634 789 1735 823 partim
1744 790 1856 817 Alexan-

242 836 301 865 est,
323 831 485 860 Hebraicum
511 832 622 865 dereclt,
645 839 707 859 eum
725 839 741 858 a
762 830 893 859 calcando
915 831 1023 864 veniat,
1075 825 1151 860 (Ιτίίε,
1169 831 1216 855 aut
1238 828 1354 856 aliarum
1378 829 1531 865 ignotarum
1546 829 1726 856 dialectorum
1741 829 1855 863 peculia-

243 885 297 904 tton
313 881 418 904 tantum
434 878 503 904 uiam
518 877 688 912 signiﬁcare,
709 877 756 904 sed
771 881 799 904 et
819 875 1004 911 pavimentum
1016 896 1024 909 ,
1041 872 1062 903 Β
1075 871 1125 898 ria.
1142 881 1151 898 ι
1170 872 1304 901 Hactenus
1315 873 1348 902 ν.
1363 874 1394 902 C.
1408 875 1573 902 Mazoehius.

242 928 269 950 et
288 922 315 949 in
335 923 455 950 recitatis
477 923 546 950 locis
566 922 647 949 etiam
670 922 766 955 limen,
788 922 860 957 quod
883 921 974 949 statim
991 922 1025 949 ab
1111 920 1181 948 An'r.
1199 921 1287 948 lV.-—
1300 921 1338 948 De
1351 922 1461 948 diversis
1475 921 1505 949 S.
1520 922 1651 951 Barnaba’
1668 924 1798 958 Epistola:
1807 923 1855 950 edi—

241 967 455 1002 ingredientibus
477 967 614 999 calcatur;
631 966 728 993 deinde
743 973 805 992 cum
824 964 880 992 Jer.
896 972 978 997 xxxv,
995 963 1023 997 ι,
1075 968 1189 994 tionibus
1203 972 1227 995 et
1238 969 1409 996 versionibus.
1427 968 1505 1002 (Vide
1532 969 1751 998 Dissertationem
1766 970 1795 997 D.
1823 971 1854 998 le

241 1013 425 1048 φυλάσσοντος
444 1014 493 1048 τὴν
516 1013 574 1040 666v
587 1033 594 1045 ,
617 1011 788 1040 custodienti;
805 1012 874 1038 viam
885 1032 892 1044 ,
912 1018 961 1046 pro
978 1010 1020 1037 an

1106 1019 1191 1048 )urry,
1206 1017 1256 1040 art.
1271 1011 1316 1045 XI,
1331 1016 1358 1039 et
1385 1012 1565 1047 Gallandium,
1584 1023 1643 1050 cap.
1660 1016 1686 1048 6,
1708 1016 1808 1050 supra.)

973 1171 1114 1217 VIII.

241 1269 384 1310 (Carolus
413 1264 574 1305 Iosephus
605 1262 789 1299 HEFELE,
819 1259 1237 1341 Ραινυὲἑοιλὲέῗηέοέξιῖοῖτινη
1272 1259 1400 1301 Opera,
1429 1262 1605 1301 Tubingaa,
1641 1260 1741 1297 1852,
1771 1260 1850 1296 in-o;

274 1383 295 1411 l.
313 1384 385 1411 Inter
396 1383 429 1410 ‘S.
447 1382 523 1410 Pauli
538 1382 628 1409 socios
639 1386 665 1409 et
675 1380 848 1415 coadjutores
865 1377 942 1406 loses
956 1378 1022 1405 Bar-
1036 1381 1059 1412 (ι
1109 1378 1134 1414 c)
1153 1378 1212 1406 Act.
1229 1387 1268 1412 xt,
1290 1379 1334 1406 25.
1350 1378 1498 1414 Apostoliei
1518 1377 1600 1412 hujus
1617 1375 1741 1404 muneris
1756 1375 1851 1404 socium

239 1431 326 1458 nabas
347 1430 459 1462 eminet,
481 1430 508 1455 in
530 1429 620 1463 Cypro
642 1432 732 1459 natus.
757 1434 854 1461 genere
874 1424 983 1452 Iudaeus
996 1429 1023 1451 et
1142 1424 1258 1452 Paulum
1274 1425 1326 1452 sibi
1338 1425 1452 1452 addidit.

241 1477 343 1510 Levita,
359 1476 406 1511 qui
423 1475 570 1503 Christiani
585 1474 688 1501 amoris
700 1473 804 1501 fervore
813 1476 914 1504 motus,
927 1479 1022 1506 agrum
1107 1469 1135 1504 tl)
1160 1469 1219 1496 Aet.
1247 1477 1284 1502 xi,
1308 1469 1352 1496 50.
1374 1469 1511 1496 Barnabas
1529 1473 1556 1495 et
1575 1467 1678 1494 Paulus
1690 1467 1765 1494 circa
1781 1471 1807 1492 a.
1822 1466 1852 1492 ιι

238 1531 320 1552 suum
336 1523 468 1555 vendidit,
486 1522 657 1557 pretiumque
669 1525 731 1548 ante
741 1519 822 1555 pedes
835 1518 1021 1554 apostolorum
1142 1515 1273 1548 pecunias
1290 1514 1440 1542 Antiochiae
1461 1514 1574 1542 collatas
1594 1512 1785 1548 Hierosolyma
1798 1519 1854 1546 per-

237 1569 331 1604 posuit
346 1568 418 1604 (Act.
434 1576 471 1599 tv,
491 1567 546 1600 57).
1143 1562 1273 1589 tulerunt.

273 1614 392 1642 Numero
426 1621 479 1641 ιιι
508 1612 703 1647 discipulorum
725 1610 826 1639 Christi
852 1618 914 1638 eum
937 1609 1022 1639 fuisse
1111 1608 1137 1643 e)
1153 1608 1211 1635 Act.
1225 1615 1274 1635 xut
1289 1612 1315 1635 et
1330 1616 1385 1635 xxv.
1404 1608 1491 1635 Ambo
1516 1607 1595 1634 annis
1612 1607 1648 1634 45
1661 1611 1690 1634 et
1708 1605 1743 1633 46
1757 1613 1785 1640 p.
1806 1604 1853 1632 Ch.

238 1661 387 1695 ascriptum
400 1664 504 1687 veteres
522 1667 575 1686 non
589 1659 691 1686 absone
704 1657 814 1685 tradunt
829 1657 896 1693 (60),
912 1664 1022 1684 eorum-
1142 1662 1241 1682 nomen
1256 1654 1362 1682 Domini
1375 1654 1552 1689 praedicantes
1575 1653 1694 1689 Cyprum
1722 1657 1751 1680 et
1765 1651 1855 1679 Asiam

237 1716 290 1743 que
310 1706 492 1735 narrationem
512 1705 545 1733 ad
558 1705 698 1732 veritatem
715 1704 843 1731 accedere
855 1704 1022 1731 recentiores
1148 1700 1279 1728 Minorem
1294 1705 1482 1735 peragrarunt.

238 1762 292 1781 non
323 1755 432 1781 incaute
449 1751 573 1779 credunt.
596 1750 755 1785 Cognomen
781 1749 931 1782 Burnabw,
954 1753 1022 1778 teste
1107 1746 1128 1781 f)
1144 1746 1204 1774 Act.
1230 1754 1282 1779 xv,
1301 1746 1318 1772 2
1340 1754 1382 1781 sq.
1405 1750 1432 1773 et
1447 1745 1506 1773 Gal.
1524 1753 1554 1778 ll,
1571 1745 1596 1785 l.
1621 1745 1648 1772 9.
1669 1744 1812 1772 Barnabas
1831 1750 1857 1772 et

238 1803 267 1830 S.
288 1801 441 1836 Scriptura,
459 1799 494 1826 ab
505 1797 636 1833 apostolis
648 1796 749 1824 Nostro
762 1796 931 1830 impositum,
949 1796 1020 1824 idem

1142 1791 1243 1819 Paulus
1263 1792 1365 1818 reversi
1388 1791 1422 1818 ab
1438 1790 1627 1823 Antiochenis,
1643 1790 1679 1818 ob
1693 1790 1856 1818 seditionem

237 1855 298 1876 esse
311 1835 384 1882 quod
500 1851 541 1883 '1;
559 1851 607 1871 seu
620 1843 708 1877 ﬁlium
721 1843 851 1870 orationis
870 1843 1020 1877 inspirant,
1142 1841 1251 1888 ΡΓοβίξΓ
1263 1836 1401 1888 δυάθίδίξδ
1408 1836 1532 1888 οδοιᾜπη
1541 1835 1856 1888 Ῑξίθτοεοιῖπιξυη-ἷιῑξεξ,

1142 1882 1258 1910 concilio
1276 1882 1461 1917 apostolorum
1484 1881 1677 1909 interfuerunt.
1702 1881 1735 1909 A.
1759 1881 1856 1909 50-52.

1107 1928 1134 1963 ες)
1149 1928 1210 1955 Act.
1231 1936 1276 1961 xv,
1303 1928 1337 1955 57
1363 1936 1406 1963 sq.
1421 1928 1521 1963 Aliquo
1541 1932 1661 1962 tempore
1679 1928 1859 1963 preterlapso

1141 1974 1281 2002 Barnabas
1291 1979 1318 2002 et
1334 1974 1435 2002 Paulus
1446 1975 1596 2002 secundum
1610 1974 1662 2001 iter
1675 1974 1858 2008 apostolicum

236 1908 270 1928 ex
286 1899 411 1927 versione
424 1897 453 1925 S.
465 1887 557 1930 Lucae,
569 1898 629 1924 Act.
642 1905 678 1930 tv,
687 1896 731 1929 56,
745 1896 802 1927 uio;
811 1895 1020 1932 παρακλήσεως,

237 1946 305 1974 satis
322 1949 434 1980 apparet
453 1944 522 1978 (6t).
536 1942 616 1970 Josen
631 1943 786 1970 Barnabam
798 1949 813 1969 a
827 1941 945 1976 Josepho
955 1940 1022 1969 Bar-

237 1992 303 2019 saba
318 1992 388 2026 (Act.
403 1999 422 2024 ι,
437 1989 483 2023 25)
498 1997 551 2016 non
564 1996 625 2017 esse
636 1988 905 2023 distinguendum,et
915 1991 1021 2015 utrum-

237 2043 291 2072 que
315 2044 414 2064 nomen
439 2036 563 2063 eamdem
585 2035 714 2062 denotare
733 2042 895 2069 personam,
919 2034 1022 2062 nostris

237 2083 408 2118 temporibus
432 2081 596 2109 Ullmannus
617 2081 675 2115 (62)
689 2084 716 2107 et
731 2080 776 2107 alii
794 2080 910 2115 probare
928 2080 1020 2108 stude-

237 2131 313 2163 bant,
329 2129 445 2156 aliorum
461 2134 575 2155 assensu
591 2127 724 2160 destituti,
737 2126 857 2161 beneque
868 2126 1020 2159 reclaman-

237 2177 311 2204 tibus
326 2175 393 2202 viris
406 2173 571 2201 doctissimis
580 2172 616 2199 De
624 2172 787 2207 Wette(65),
801 2171 952 2200 Olshausen
962 2172 1018 2206 (64)

237 2226 264 2249 et
281 2220 377 2248 Winer
400 2218 467 2253 (65).
489 2217 571 2244 Plura
585 2216 619 2244 de
636 2217 690 2244 vita
702 2221 730 2243 et
741 2216 878 2244 laboribus
888 2215 1019 2245 Barnabas

237 2266 396 2303 apostolicis
416 2265 495 2292 nobis
510 2263 619 2291 tradunt
631 2263 692 2290 libri
707 2263 776 2290 sacri
792 2272 798 2289 :

1142 2019 1244 2054 ingredi
1258 2020 1422 2052 statuebant,
1436 2019 1482 2047 sed
1493 2019 1663 2046 dissensione
1677 2019 1763 2046 Marci
1775 2027 1858 2047 causa

1036 2061 1058 2089 D
1142 2064 1239 2092 oborta
1254 2064 1394 2092 Barnabas
1412 2073 1427 2092 a
1447 2064 1532 2091 Paulo
1545 2064 1681 2097 discessit,
1699 2070 1859 2100 assumpto-

1143 2117 1196 2145 que
1215 2109 1307 2138 Marco
1329 2111 1447 2146 Cyprum
1473 2110 1619 2144 navigavit.
1642 2109 1682 2137 De
1710 2110 1778 2138 fatis
1801 2111 1859 2146 ejus

1142 2155 1375 2190 subsequentibus
1417 2155 1486 2183 liber
1518 2156 1635 2183 Aetuum
1668 2156 1858 2191 apostolorum

1141 2208 1255 2235 prorsus
1264 2202 1333 2230 silet.
1351 2201 1404 2229 Sed

1106 2245 1135 2280 h)
1151 2246 1160 2273 l
1178 2246 1242 2274 Cor.
1256 2255 1294 2279 rx,
1311 2248 1338 2281 5,
1354 2247 1381 2280 6,
1394 2247 1551 2279 edocemur,
1565 2247 1719 2275 Barnabam
1732 2256 1790 2276 non
1806 2248 1857 2276 mi-

1141 2300 1193 2319 nus
1207 2300 1239 2320 ac
1260 2292 1375 2320 Paulum
1394 2292 1484 2320 labore
1501 2301 1628 2320 manuum
1648 2294 1749 2320 victum
1760 2295 1858 2330 quasi-

273 2325 299 2359 ³)
309 2324 379 2374 λίθι-
398 2331 441 2374 _""
460 2322 506 2373 ἦθ’
527 2322 572 2348 ²⁷’
597 2321 1019 2374 Ξ¹¹¹¹³Ψ⁴ξίξηνθξ⁸¹¹ωηξπί¹ῃξξθ
1140 2338 1208 2364 visae
1219 2337 1306 2372 (juxta
1318 2337 1460 2373 Vulgatam
1472 2342 1500 2365 et
1516 2338 1663 2366 nonnullos
1683 2321 1804 2368 Patres:
1822 2340 1857 2374 fe-

309 2369 447 2397 Barnabas
459 2368 531 2396 circa
560 2375 587 2394 a.
601 2367 636 2394 40
647 2367 777 2402 apostolis
791 2367 880 2394 adhuc
895 2367 972 2394 illum
985 2367 1020 2394 ti-

1140 2384 1240 2409 mittam
1253 2391 1304 2409 non
1315 2391 1403 2410 secum
1414 2383 1543 2418 duxisse).

308 2415 463 2447 mentibus,
477 2413 598 2441 addux't'
1106 2427 1126 2462 i)
1143 2426 1204 2454 Gal.
1222 2435 1254 2461 ιι,
1270 2428 1313 2454 l5.
1332 2427 1404 2454 Petri
1421 2413 1623 2456 simulationem
1640 2429 1678 2456 ob
1691 2435 1798 2458 metum
1811 2430 1858 2458 Ju-

272 2475 300 2509 b)
316 2473 377 2500 Aet.
391 2479 430 2501 xl.
444 2471 489 2497 22.
511 2469 596 2496 Paulo
612 2474 673 2504 post
688 2468 827 2496 Barnabas
839 2469 872 2496 ab
886 2469 1018 2504 aposlolis
1142 2472 1292 2500 daistarum
1307 2473 1446 2500 Barnabas
1456 2472 1606 2502 Antiochiae
1626 2474 1752 2504 imitatus
1769 2481 1814 2503 est
1829 2486 1853 2505 a.

311 2518 481 2548 Antiochiam
496 2516 597 2543 missus
612 2521 664 2549 est,
678 2519 707 2542 ut
722 2515 793 2542 hanc
809 2514 958 2542 Ecclesiam
975 2522 1019 2542 re-
1143 2518 1178 2544 32
1193 2526 1240 2546 seu
1259 2524 1283 2545 a,
1296 2518 1341 2546 55.

307 2571 392 2601 geret.
1107 2563 1137 2598 k)
1156 2563 1307 2592 Barnabam
1324 2572 1397 2592 anno
1410 2564 1444 2592 57
1458 2565 1555 2593 iterum
1574 2565 1603 2593 S.
1621 2565 1699 2593 Pauli
1712 2566 1801 2594 fuisse
1811 2573 1858 2594 co-

275 2668 331 2703 (60)
346 2668 431 2696 Clem.
449 2665 540 2703 A_l_ex._.
555 2664 656 2703 Strom.
706 2670 779 2703 t_t,_c.
797 2661 886 2703 ‘20,_p.

1106 2663 1277 2703 (65)__Kurze
1306 2664 1455 2700 Erklrirung
1480 2665 1508 2692 ά.
1535 2665 1748 2701 Αροιτιιφειειιη
1765 2674 1795 2702 p.
1822 2667 1855 2695 12

238 2695 444 2735 ΡοὶιξΈὺεθὺη
459 2701 494 2728 ιι.
516 2700 549 2728 Ε.
567 2708 586 2732 t,
605 2699 651 2735 12.7
670 2698 816 2735 Epipltan.,
839 2695 913 2735 Hier.
929 2695 974 2735 ΞΟ,

1107 2695 1134 2731 ἰ,
1150 2695 1195 2735 95:

275 2729 335 2774 (iiii
348 2729 386 2764 De
399 2729 450 2774 bac
461 2744 490 2774 re
498 2729 634 2774 disputavi
646 2734 672 2759 in
688 2729 759 2774 libro
772 2740 858 2774 mneo;
870 2732 922 2757 Das
932 2729 1017 2774 Sand-

1258 2734 1449 2774 Qomtnentarv
1462 2739 1488 2774 ί.¹
1497 2733 1529 2767 ll,
1541 2743 1566 2770 p.
1583 2735 1647 2774 574.

240 2765 372 2800 sclireiiten
391 2772 435 2798 dea
455 2765 811 2805 ΑροδιὲιεΑΒαηιαὺαε-αιςβ
827 2765 905 2805 ἕψε
925 2770 1016 2805 urile:—

1106 2765 1161 2803 [65)
1181 2769 1251 2796 Bibl.
1267 2765 1495 2805 Realworterltuch
1505 2790 1512 2801 .
1523 2765 1551 2797 ἐξ
1565 2770 1690 2805 vJasepIt
1703 2771 1850 2799 Bersabee.

242 2799 324 2839 audit,
338 2807 467 2842 ﬁberselzt
479 2799 537 2842 land
550 2803 657 2842 erlrltirt,
668 2801 902 2842 F‘EQ.ATUDL1_84U,
917 2807 944 2834 p.
960 2799 1015 2828 68.

1106 2799 1122 2830 1".
1136 2799 1234 2831 librum
1251 2812 1341 2832 meum
1354 2804 1408 2832 Dus
1422 2799 1637 2839 Sentiat/trabea,
1653 2799 1718 2839 etc.,
1733 2816 1758 2842 p.
1772 2808 1850 2835 9-H.

277 2835 332 2875 (ϐξ)
351 2841 459 2868 Studien
472 2848 499 2867 ιι,
513 2839 643 2866 Krililten.
665 2837 743 2868 1828,
763 2844 788 2870 p.
801 2835 851 2862 377
867 2843 927 2870 sqq.
