1916 3104
68 151 110 178 721

716 153 980 182 PROLEGOMENA.

1614 155 1673 184 72!

128 211 215 239 mitem
231 216 256 239 et
273 212 307 240 ab
319 221 352 241 eo
372 214 399 240 in
420 213 547 242 societate
561 214 614 242 Titi
631 214 664 242 ad
678 214 834 242 Corinthios
848 219 870 246 Α
886 217 970 239 stram
979 212 1288 241 adnumerassevidetur
1299 213 1346 241 lib.
1359 213 1518 242 IComment.
1531 214 1559 241 in
1568 213 1618 249 Ep.
1630 215 1665 241 ad

128 264 185 284 esse
200 257 329 292 missum,
352 258 512 288 Gallandius
528 260 585 295 (66)
604 268 637 288 ex
650 259 671 287 ll
691 259 755 288 Cor.
770 268 831 293 νιιι,

126 302 157 329 18
174 310 246 338 sqq.,
259 304 385 333 evincere
404 309 520 334 conatus
533 312 585 334 est.
609 306 660 335 Sed
678 306 781 334 erravit
791 306 834 334 vir

128 347 299 378 doctissimus
315 350 382 386 (67).

96 393 198 426 l)Anno
218 395 254 422 62
275 395 393 430 Marcus,
408 398 539 427 Barnabze
552 399 735 427 consobrinus
747 403 775 426 et
789 399 834 426 iti-

126 439 197 467 neris
219 448 332 475 comes,
354 443 451 471 iterum
471 444 499 472 in
522 445 651 473 societate
675 443 752 472 Pauli
775 451 834 471 ver-

125 484 233 512 sabatur
245 485 434 520 (Ctr..Coloss.
455 495 492 521 tv,
511 488 575 524 40);
601 495 655 523 quo
666 488 706 522 ﬁt,
721 493 751 516 ut
767 488 833 516 Bar-

126 531 220 558 uabam
232 532 279 560 illo
289 540 362 560 anno
374 533 431 568 jam
442 539 583 562 mortuum
597 534 681 563 fuisse
693 539 831 571 putemus.

125 575 193 604 ldem
207 578 332 606 concludi
347 584 437 614 potest
447 580 499 608 exl
511 580 583 608 Petr.
592 589 619 615 ν,
634 582 679 614 15,
689 586 716 609 et
725 581 748 608 ll
759 581 830 609 Tim.

127 630 165 655 In,
187 623 236 657 ll;
261 632 311 652 nec
332 625 423 653 minus
438 625 589 655 Alexander
599 647 607 660 ,
622 627 774 655 monachus
784 627 834 663 Cy—

124 666 197 701 prius
209 667 284 701 (saec.
301 677 328 696 vr
342 669 384 697 vel
401 670 450 705 ix),
471 670 602 699 Barnabas
613 672 746 705 laudator,
762 676 832 700 tem-

126 720 174 747 pus
188 715 310 750 martyrii
328 715 388 750 ejus
405 718 485 744 annis
497 717 583 745 53-57
594 719 717 753 assignat
728 718 795 754 (68).

95 756 150 786 Haec
167 765 230 787 sunt
247 768 309 795 qua:
320 761 353 788 de
368 762 423 789 vita
438 768 466 789 et
477 762 540 790 fatis
551 763 681 791 Barnabas
694 767 833 798 comperta

65 803 193 832 habemus.
206 804 307 834 Multas
318 807 386 835 alias
397 815 499 843 easque
512 808 652 836 tabulosas
661 809 833 837 narrationes

64 848 86 875 in
108 849 192 877 libello
211 858 275 878 meo
293 859 376 887 supra
399 853 483 881 citato
507 859 652 890 congestas
667 855 786 890 reperies
802 863 830 890 p.

64 894 134 922 tt-ts
144 899 168 922 et
180 904 206 931 p.
225 895 319 924 51-47.

90 940 119 970 Il.
145 941 273 973 Barnabas
299 947 395 974 nostro
416 943 538 982 Epistula
563 944 707 978 tribuitur,
733 945 828 974 Graeco

61 996 173 1017 sermone
187 992 355 1027 conscripta,
374 993 407 1021 de
426 994 504 1028 cujus
520 994 658 1022 authentia
674 991 762 1022 adhuc
778 993 829 1022 sub

59 1034 138 1069 judice
160 1037 194 1065 lis
217 1042 271 1066 est.
296 1038 480 1068 Defenderunt
500 1048 559 1068 eam
580 1040 734 1069 Ludovicus
755 1041 828 1071 Elias

62 1081 136 1116 Dupin
151 1083 216 1119 (69),
229 1083 359 1113 Nicolaus
371 1085 505 1115 Nourrius
517 1087 583 1122 (70),
593 1088 751 1116 Gallandius
761 1088 828 1123 (7t),

61 1131 82 1153 et
95 1128 189 1156 nostris
209 1130 378 1164 temporibus
392 1129 484 1158 Henke
502 1130 576 1165 (72),
594 1131 712 1159 Rordam
730 1131 787 1167 (75)
803 1136 830 1159 et

61 1171 154 1201 Frauke
168 1174 239 1211 (74);
263 1176 432 1204 authentiam
447 1176 576 1211 Epistolae
599 1177 831 1212 impugnaverunt

62 1217 127 1254 llugo
149 1219 294 1248 Menardus
324 1221 402 1256 (75),
434 1221 588 1249 Tentzelius
615 1221 696 1257 (76),
727 1220 829 1249 Natalis

62 1263 199 1293 Alexander
220 1266 289 1302 (77),
314 1266 391 1294 Remi
413 1266 522 1295 Ceillier
542 1267 610 1303 (78).
636 1267 741 1302 lttigius
759 1267 827 1302 (79),

61 1308 214 1340 lloshemius
228 1311 296 1348 (80),
316 1312 468 1348 Lumperus
482 1312 549 1347 (81),
567 1312 672 1348 Hugius
684 1312 752 1348 (82),
771 1311 828 1340 Ull-

62 1364 165 1385 inannus
183 1358 251 1394 (85),
275 1358 401 1386 Neander
421 1359 477 1394 (84)
489 1379 496 1390 ,
522 1358 643 1395 Mynster
658 1359 714 1395 (85)
730 1363 757 1386 et
772 1358 831 1386 Wi-

62 1409 102 1428 ucr
120 1403 183 1438 (86).
197 1404 257 1438 lpse
268 1412 319 1440 ego
331 1405 358 1431 in
377 1405 457 1432 tertio
470 1405 533 1432 libri
548 1405 599 1432 mei
611 1404 710 1439 capite,
724 1411 751 1439 p.
766 1402 831 1430 M7-

62 1448 114 1481 195,
128 1450 248 1484 pluribus
263 1451 355 1479 verbis
369 1451 439 1479 hanc
455 1451 618 1478 sententiam
633 1450 704 1478 tueri
717 1454 832 1477 conatus

60 1502 128 1528 sum;
142 1496 234 1531 paucis
252 1505 327 1524 nunc
340 1497 497 1532 disputabo.

89 1541 113 1575 a)
136 1542 352 1578 Antiquissimus
377 1543 525 1570 authentia:
547 1543 624 1571 testis
649 1547 692 1570 est
705 1542 830 1570 Clemens

61 1577 263 1623 Alexandrinus,
283 1590 331 1625 qui
347 1591 445 1625 seplies
465 1589 613 1625 Epistolam
624 1589 755 1616 Barnabaa
767 1588 828 1615 lau-
842 1577 862 1606 (ἶ

59 1633 108 1667 dat,
132 1641 280 1671 quaterque
320 1644 379 1663 eam
415 1636 534 1670 apostolo
571 1635 702 1663 Barnabw
722 1635 826 1662 tribuit.

60 1678 129 1714 (Vide
146 1689 243 1715 supra,
267 1683 338 1709 inter
352 1686 467 1709 veterum
479 1682 652 1716 testimonia.)

88 1725 113 1758 ll)
127 1725 325 1762 Preeceptoretn
338 1735 418 1755 suum
435 1731 545 1754 secutus
557 1731 599 1754 est
608 1726 750 1762 Origenes.

89 1770 142 1800 Lib.
159 1780 165 1798 ι
185 1778 271 1800 contr.
289 1773 358 1801 Cels.
369 1793 377 1807 ,
395 1782 424 1801 n.
447 1773 493 1806 65,
511 1778 532 1800 1..
545 1773 566 1807 l,
583 1781 609 1808 p.
629 1773 680 1801 578
696 1774 738 1801 ed.
753 1773 805 1800 ΒΒ.
821 1783 827 1800 :

60 1817 210 1851 Γέγραπται
222 1819 260 1853 δὴ
272 1819 308 1846 ἐν
318 1819 356 1854 τῇ
367 1819 503 1854 Βαρνάϐα
515 1818 659 1854 καθολικῇ
666 1818 812 1853 ἐπιστολῇ
820 1827 827 1834 ·

60 1861 96 1889 ὅτι
115 1864 270 1897 ἐξελέξατο
285 1865 356 1898 τοὺς
376 1865 471 1898 ἰδίους
490 1865 679 1898 ἀποστόλους
700 1863 828 1898 Ἰησοῦς,

61 1909 137 1943 ὄντας
153 1910 227 1945 ὑπὲρ
237 1910 342 1938 πᾶσαν
354 1911 481 1946 ἀνομίαν
495 1909 708 1945 ἀνομωτέρους.
723 1910 788 1946 Cap.
801 1911 828 1938 5.

89 1955 123 1982 De
136 1958 218 1991 princ.
238 1965 282 1990 Ill,
305 1965 329 1985 c.
352 1957 379 1990 2,
405 1965 433 1984 n.
456 1957 484 1990 4,
504 1961 524 1984 ι.
546 1955 566 1988 Ι,
588 1956 682 1991 p.140
701 1965 708 1983 :
729 1955 830 1982 Eadem

60 2009 147 2037 quoque
160 2002 301 2030 Barnabas
316 2003 344 2029 in
358 2002 481 2038 Epistola
491 2011 539 2029 sua
551 2002 679 2035 declarat,
692 2010 751 2028 cum
762 2002 829 2028 duas

61 2048 108 2074 tias
120 2058 170 2076 esse
181 2050 258 2083 dicit,
273 2058 354 2077 unam
369 2050 446 2083 lucis,
462 2049 574 2077 alteram
586 2048 762 2083 tenebrarum,
772 2049 831 2084 qui-

840 904 862 932 Β

62 2092 101 2119 bus
112 2099 133 2120 et
145 2103 255 2128 pra-esse
273 2101 358 2122 certos
369 2103 486 2130 quosque
497 2095 602 2130 angelos
612 2095 676 2121 dicit
690 2101 699 2120 :
714 2095 763 2122 vita
773 2094 832 2129 qui-

61 2138 111 2164 dem
126 2139 189 2168 lucis
208 2141 317 2176 angelos
332 2141 395 2175 Dei,
413 2142 578 2168 tenebrarum
593 2146 680 2168 autem
691 2141 740 2168 vite
753 2148 832 2176 ange-

61 2183 94 2210 los
105 2184 218 2214 Summe.
229 2187 298 2222 Cap.
319 2187 362 2214 18.

91 2231 174 2261 Sacris
188 2241 299 2269 quoque
315 2231 463 2270 Scripturts
478 2234 608 2270 Origenes
620 2233 764 2270 epistolam
780 2240 831 2262 no-

91 2337 141 2374 (66)
156 2338 294 2374 Biblauet.
310 2337 368 2366 PP.
381 2358 388 2370 .
406 2343 426 2366 t.
443 2339 464 2372 l,
479 2338 585 2374 Proles.
602 2347 629 2374 p.
649 2347 742 2366 xxxiv.

91 2372 141 2407 (67)
154 2373 209 2401 Ci'r.
223 2372 389 2406 Olshausen,
407 2372 586 2402 Commentar.
599 2372 610 2407 ξ
624 2379 645 2401 t.
659 2374 702 2407 lll,
719 2383 747 2408 p.
765 2374 827 2408 785,

61 2411 83 2433 et
97 2408 210 2444 libellum
227 2416 320 2444 meum
334 2417 416 2444 supra
430 2409 543 2436 citatum
554 2429 560 2438 .
576 2417 603 2444 p.
618 2409 653 2436 27
672 2414 699 2436 et
710 2409 756 2436 28.

93 2442 142 2479 (68)
155 2443 210 2479 Cir.
225 2443 349 2470 libellum
367 2442 469 2475 meum,
487 2451 512 2478 p.
530 2442 585 2472 25f
596 2452 656 2479 sqq.
674 2450 701 2471 et
715 2445 774 2472 l59.

92 2478 142 2512 (69)
156 2478 284 2506 Bibliotb.
303 2479 347 2505 des
361 2484 481 2511 autem",
492 2483 557 2512 etc.,
571 2484 590 2506 t.
607 2478 627 2506 l.

92 2512 142 2548 (70)
153 2512 185 2540 In
195 2519 327 2548 apparatu
335 2514 370 2540 ad
381 2514 452 2541 Bibl.
469 2514 544 2541 Max.
557 2513 627 2546 PP.,
641 2518 660 2540 t.
671 2513 691 2546 l,
706 2514 773 2542 diss.
786 2522 827 2541 ιιι.

92 2546 142 2584 (71)
156 2546 290 2584 ῌὶθζυει.
306 2547 376 2580 ΡΡ.,
388 2549 444 2584 ῑεΙ,
457 2548 563 2584 Proleg.
577 2557 603 2583 p.
619 2557 681 2575 xxtx
696 2557 756 2584 sqq.

92 2549 143 2615 (7|)
156 2549 224 2575 Bibl.
238 2554 290 2576 vet.
306 2549 376 2580 Pl’.,
388 2553 407 2575 t.
424 2549 444 2580 l,
457 2549 563 2584 Proleg.
577 2557 603 2583 p.
619 2557 681 2575 xxtx
696 2557 756 2584 sqq.

63 2581 328 2644 saeptum
335 2591 393 2618 quae
401 2583 532 2610 Barnast
544 2584 670 2610 tribuitur
681 2584 826 2611 aut/tentia.

90 2625 112 2643 Π-
127 2625 203 2644 1611.

64 2651 290 2713 ηὲξκωιηιεηι.
303 2653 336 2680 de
346 2654 481 2681 authentia
494 2653 544 2689 Ep.
556 2653 698 2681 Barnabte.
710 2653 826 2686 llatnite,

94 2721 146 2756 (74)
163 2723 190 2750 ln
205 2723 317 2751 Guerike
332 2728 358 2751 et
373 2723 524 2750 Rudelbach
541 2723 693 2758 Zeitsohrift
704 2723 748 2758 fur
761 2723 829 2751 luth.

66 2755 156 2790 Theol.,
168 2758 247 2788 1840.
264 2758 331 2786 fasc.
345 2759 372 2785 2.

95 2791 146 2828 (75)
160 2791 188 2828 In
215 2793 341 2828 Epistulae
357 2799 457 2821 nostrae
473 2794 601 2822 editione.

96 2825 146 2864 (Eli)
159 2825 367 2864 Apud—Fabric”
380 2828 450 2856 Bibl.
464 2830 567 2861 eccles.,
579 2837 606 2864 p.
627 2828 671 2860 42,
686 2827 700 2863 §

95 2861 145 2895 (Π)
161 2862 231 2890 ltist.
244 2864 347 2898 coclea,
360 2871 421 2892 saec.
435 2872 454 2896 ι,
467 2872 492 2892 c.
507 2864 548 2898 12,
564 2861 614 2892 ait.
625 2864 651 2891 8.

715 2829 758 2856 10.

841 2340 865 2368 D

881 257 972 290 Rom.,
985 265 1003 291 I,
1014 257 1059 290 24,
1074 264 1092 285 t.
1108 257 1153 291 IV,
1171 266 1197 290 ρ.
1215 259 1268 286 475
1282 268 1289 285 :
1302 258 1370 286 Sunt
1386 264 1512 294 praterea
1523 280 1532 293 ,
1546 260 1616 287 sicut
1636 262 1663 287 in

882 303 975 330 multis
1000 302 1145 338 Scriptum
1165 304 1230 331 locis
1250 305 1406 338 invenimus,
1423 306 1505 332 etiam
1528 306 1665 340 utrimque

882 349 978 383 partis,
992 349 1032 376 vel
1046 350 1183 385 utriusque
1198 351 1246 377 uia
1259 350 1377 385 fautores
1391 351 1500 386 quidam
1515 355 1541 377 et
1557 351 1664 384 adjuto-

883 402 922 421 res
938 394 1033 429 angeli.

919 440 972 468 Sed
988 441 1124 469 neminem
1139 442 1216 475 latet,
1231 449 1294 470 cum
1312 442 1489 477 Clementem,
1503 447 1560 470 tum
1571 442 1665 477 Orige-

882 493 944 514 ueru
960 487 1060 521 sapius
1073 487 1157 515 libros
1169 488 1343 524 apocryphos
1357 494 1384 516 et
1391 489 1492 516 nothos
1504 495 1553 523 pro
1570 488 1666 522 genui-

882 530 926 558 nis
946 531 1086 566 habuisse,
1107 532 1223 568 ideoque
1242 535 1399 562 testimonio
1416 535 1524 562 illorum
1539 541 1589 569 pro
1605 534 1666 568 epi-

882 577 959 604 stola;
972 581 1073 605 nostrae
1086 578 1226 606 authentia
1243 587 1298 607 non
1322 580 1431 614 plenam
1457 580 1510 607 vim
1531 587 1593 607 esse
1615 580 1666 607 tri-

882 622 1032 651 buendam.
1046 623 1118 652 Bene
1130 623 1234 660 Hugius
1255 626 1332 653 addit
1345 626 1515 654 Clementem
1530 633 1586 653 non
1601 633 1664 653 cum

881 669 978 696 eadem
1000 671 1162 704 reverentia,
1181 679 1264 706 quam
1286 672 1395 707 scriptis
1421 679 1484 700 vere
1508 672 1665 707 apostolicis

882 716 988 749 tribuit,
1000 717 1033 744 de
1046 718 1161 752 epistola
1175 722 1268 746 nostra
1283 719 1432 754 disputare.

916 761 943 795 c)
959 761 1107 789 Eusebium
1124 767 1152 790 et
1166 762 1359 799 Hieronymum
1373 765 1541 792 authentiam
1558 764 1666 800 Episto-

879 807 915 835 ιε
929 810 1031 834 nostra:
1041 807 1193 842 negavisse,
1208 807 1288 835 multi
1302 809 1373 836 male
1384 809 1511 837 credunt.

917 849 1046 886 Legimus
1066 851 1176 886 quidem
1193 852 1221 879 in
1237 852 1311 881 illius
1333 852 1455 880 Historia
1474 854 1664 888 ecclesiastica,

881 903 922 928 tu,
934 895 970 923 25
982 905 988 923 :
1008 896 1060 923 Ἑν
1068 897 1130 931 τοῖς
1141 898 1240 931 νόθοις
1247 898 1451 934 κατατετάχθω
1462 900 1511 927 και
1520 900 1579 928 τῶν
1588 901 1666 927 Παύ-

877 944 935 970 λου
949 943 1089 977 Πράξεων
1105 945 1125 978 ἠ
1140 945 1249 980 γραφὴ,
1272 945 1289 973 ὅ
1311 954 1343 973 τε
1361 948 1524 982 λεγόμενος
1537 948 1663 983 Ποιμὴν,

879 989 928 1020 καὶ
948 991 969 1027 ἠ
991 991 1183 1027 ἀποκάλυψις
1202 993 1327 1028 Πέτρου,
1348 994 1397 1021 καὶ
1419 994 1494 1029 πρὸς
1516 996 1631 1028 τούτοις
1644 996 1663 1030 ἠ

878 1039 1025 1074 φερομένη
1037 1037 1175 1074 Βαρνάϐα
1184 1038 1338 1072 ἐπιστολή.

915 1084 968 1112 Sed
981 1084 1126 1119 Eusebius,
1137 1084 1279 1121 epistolam
1293 1089 1414 1115 nostram
1427 1085 1488 1122 τοῖς
1499 1086 1596 1122 r600“,-
1610 1094 1656 1117 ac-

879 1138 1005 1165 censens,
1030 1132 1181 1168 improprie
1203 1134 1273 1162 hanc
1292 1143 1385 1163 vocem
1411 1137 1562 1171 usurpavit,
1577 1141 1604 1164 et
1622 1145 1664 1164 re—

880 1184 943 1204 vera
965 1185 1020 1204 non
1037 1178 1071 1205 de
1084 1178 1162 1206 libris
1179 1179 1336 1209 adulterinis
1348 1202 1355 1214 ,
1372 1182 1419 1209 sed
1430 1181 1463 1210 de
1477 1182 1665 1217 ἀντιλεγομέ-

879 1232 954 1257 νοις,
981 1225 1037 1252 sive
1059 1225 1146 1253 dubiis
1163 1226 1257 1261 libris,
1277 1231 1305 1254 et
1320 1235 1336 1255 a
1358 1228 1498 1255 nonnullis
1519 1228 1663 1263 repudiatis

880 1269 963 1296 verba
991 1269 1065 1304 fecit,
1091 1276 1121 1298 ut
1143 1271 1202 1306 ipse
1223 1272 1305 1307 paulo
1332 1277 1395 1308 post
1413 1277 1528 1300 testatur
1549 1273 1652 1307 dicens,

884 1314 979 1342 Ταῦτα
993 1315 1051 1350 μὲν
1064 1316 1163 1344 πάντα
1177 1317 1207 1351 (i.
1223 1325 1272 1345 e...
1289 1317 1354 1345 Acta
1370 1317 1458 1351 Pauli,
1471 1317 1579 1350 Pastor,
1596 1321 1649 1345 etc.

880 1364 907 1388 et
920 1359 1041 1395 Epistula
1062 1361 1204 1398 Barnabae)
1223 1362 1282 1390 τῶν
1301 1363 1534 1399 ἀντιλεγομένων
1548 1363 1588 1391 ἂν
1604 1363 1661 1398 ειη.

916 1405 974 1433 Non
987 1407 1077 1435 minus
1090 1407 1224 1436 Eusebius
1235 1410 1263 1436 in
1275 1415 1352 1437 sexto
1368 1409 1499 1437 Historia
1508 1416 1564 1437 suae
1576 1409 1655 1442 libro.

881 1458 906 1478 c.
936 1444 990 1483 14,
1016 1452 1158 1486 epistolam
1187 1459 1309 1482 uestram
1334 1454 1396 1487 τοῖς
1422 1453 1661 1489 ἀντιλεγομέναις

881 1497 1011 1530 ascribit,
1032 1497 1134 1526 docens
1147 1508 1154 1526 :
1168 1499 1334 1528 Clementem
1353 1500 1567 1528 Alexandrinum
1584 1499 1611 1527 iu
1626 1500 1661 1527 li-

881 1542 938 1569 bris
960 1541 1163 1578 Hypotyposeon
1183 1553 1279 1574 omnes
1299 1546 1383 1574 libros
1408 1554 1493 1574 sacra:
1514 1546 1662 1582 Scriptura:

878 1596 1032 1623 enarrasse,
1045 1599 1079 1619 ne
1090 1591 1327 1627 ἀπολεγομένοις
1339 1593 1449 1627 quidem
1469 1593 1545 1621 libris
1554 1598 1662 1628 praeter-

878 1635 981 1670 missis,
1000 1636 1078 1672 μηδὲ
1091 1637 1144 1670 τὰς
1163 1637 1402 1673 ἁντμλεγομέναςᾱ
1413 1638 1582 1673 παρελθόν·
1605 1639 1662 1673 τὴν

885 1681 992 1715 Ἰούδα,
1006 1683 1095 1718 λέγω,
1115 1684 1165 1710 καὶ
1178 1684 1232 1717 τὰς
1249 1684 1357 1717 λοιπὰς
1372 1685 1532 1717 καθολικὰς
1543 1684 1662 1711 ἐπιστο-

878 1727 945 1761 λὰς,
959 1727 1016 1762 τήν
1028 1736 1060 1755 τε
1073 1728 1211 1764 Βαρνάϐα
1229 1729 1279 1756 καὶ
1292 1729 1349 1764 τὴν
1361 1729 1474 1764 Πέτρου
1494 1729 1661 1764 λεγομένην

883 1773 1093 1808 Ἁποκάλυψιν.
1116 1773 1309 1801 Auctoritatem
1338 1773 1420 1808 igitur
1447 1769 1586 1806 epistolae,
1608 1774 1662 1795 non

876 1819 936 1854 ejus
949 1820 1122 1851 authentiam,
1134 1818 1267 1848 Eusebius
1284 1819 1312 1846 iu
1329 1819 1442 1847 dubium
1457 1815 1574 1844 vocavit.

914 1863 986 1891 Pene
1004 1862 1097 1890 eadem
1118 1862 1232 1890 dicenda
1254 1866 1319 1890 sunt
1340 1861 1374 1890 de
1394 1861 1571 1896 Hieronymo,
1591 1860 1660 1887 scri-

879 1911 960 1939 bente
981 1919 987 1936 :
1010 1907 1149 1936 Barnabas
1172 1907 1296 1943 Cyprius,
1318 1908 1363 1943 qui
1382 1912 1407 1934 et
1428 1906 1525 1942 Ioseph
1546 1906 1658 1937 Levites,

880 1965 939 1984 cum
953 1954 1040 1982 Paulo
1061 1955 1178 1990 gentium
1201 1954 1336 1988 apostolus
1356 1953 1506 1985 ordinatus,
1524 1960 1604 1980 unam
1625 1952 1659 1978 ad

880 2001 1080 2036 wdiﬁcationem
1096 1999 1221 2027 Ecclettte
1231 2000 1402 2034 pertinentem
1412 1998 1550 2034 epistolam
1560 2006 1660 2033 compo-

879 2046 943 2078 suit,
961 2052 1019 2080 quae
1038 2047 1105 2071 inter
1127 2043 1288 2078 apocrypltas
1312 2043 1457 2077 scripturas
1481 2042 1576 2078 legitur
1591 2042 1658 2079 (87).

880 2091 967 2124 Quem
988 2090 1015 2117 in
1032 2089 1124 2118 locum
1145 2089 1211 2117 scite
1232 2088 1396 2116 Pearsonius
1422 2089 1478 2123 (88)
1496 2097 1503 2115 :
1528 2088 1660 2116 Barnabte

880 2140 1030 2176 Epistulam
1040 2139 1123 2174 fuisse
1137 2138 1219 2165 tradit
1233 2137 1448 2173 (Hieronymus),
1464 2145 1516 2164 non
1530 2137 1580 2172 ipsi
1598 2145 1660 2172 sup-

880 2186 1005 2222 positam,
1018 2188 1064 2211 aut
1078 2183 1216 2218 spuriam;
1232 2192 1242 2208 ι
1256 2182 1291 2209 ad
1302 2182 1503 2217 aediﬁcationem
1511 2180 1638 2209 Ecclesia:
1647 2190 1656 2207 ι

882 2232 1038 2268 pertinuisse
1061 2229 1170 2262 asserit,
1189 2237 1241 2256 non
1262 2228 1352 2264 itaque
1374 2228 1523 2256 barettcam
1538 2228 1660 2265 putavit;

879 2339 972 2402 4998)
990 2337 1108 2365 Histoire
1122 2336 1242 2373 generale
1262 2337 1306 2365 de;
1324 2340 1442 2368 auteurs,
1463 2339 1516 2362 etc.
1545 2338 1565 2361 t.
1588 2333 1608 2367 l,
1630 2341 1656 2368 p.

943 2381 1003 2402 sua.

943 2381 1003 2409 sqq.

914 2403 973 2444 (793
983 2403 1017 2436 'ln
1033 2407 1142 2436 selectis
1157 2407 1291 2442 capitibus
1301 2405 1427 2433 Historia:
1435 2403 1583 2436 εδει-,δίει
1599 2411 1619 2436 l,
1637 2407 1657 2431 t.

878 2444 1164 2542 :’6§802)0Commentar.
1187 2478 1219 2504 de
1238 2477 1314 2504 rebus
1334 2475 1433 2504 Christ.
1456 2474 1547 2502 Const.
1568 2473 1616 2507 11.,
1629 2481 1655 2508 p.

917 2549 973 2585 (81)
993 2547 1204 2585 Itistoriattteob
1221 2547 1355 2585 critica,_t.
1371 2542 1509 2585 l_,lp..150.
1522 2577 1541 2585 Π
1574 2578 1579 2583 ι

917 2577 973 2619 (Si)
998 2582 1219 2619 Zeitsobriftfiir
1236 2582 1289 2619 das
1319 2577 1495 2619 @rgbietllum
1518 2577 1656 2612 Freiburg.

882 2615 1001 2649 Fasc.'2.
1017 2626 1045 2653 p.
1067 2615 1137 2650 132';
1154 2615 1263 2653 [asc._5,
1278 2623 1303 2651 p.
1322 2615 1375 2653 208
1391 2622 1450 2653 sqq.

916 2627 959 2647 isc.
973 2622 1001 2649 '2.
1017 2626 1045 2653 p.
1059 2622 1137 2659 nos;
1154 2622 1223 2658 fasc.
1236 2622 1263 2648 to,
1278 2623 1303 2651 p.
1322 2622 1375 2642 ἰυδ

916 2654 972 2691 (ζῆ)
986 2653 1097 2691 S_t_udt_en
1109 2660 1135 2679 u.
1152 2650 1320 2691 K_rttilten,_t.
1333 2649 1353 2683 l,
1365 2658 1417 2691 pg-
1450 2649 1474 2675 1.

930 2684 976 2722 84)
994 2687 1203 2722 Kirchengesch,
1213 2690 1231 2712 t.
1248 2685 1269 2722 1‘,
1285 2685 1312 2718 5,
1324 2693 1350 2722 p_.

930 2693 976 2722 84)
994 2693 1196 2722 lttrchengescn,
1213 2693 1231 2712 t.
1249 2693 1269 2717 ι,
1285 2693 1312 2718 ο,
1370 2693 1428 2726 10.1.

929 2724 974 2757 85)
990 2722 1101 2750 Studien
1111 2722 1165 2748 und
1180 2720 1311 2757 Kritiltcu,
1338 2719 1358 2753 Ι,
1368 2719 1433 2757 52.3.

917 2753 973 2793 (86)
989 2755 1310 2793 Bibl.rRealw6rterb_uch,
1328 2763 1391 2793 s.”v.
1407 2753 1543 2780 Barnabas

917 2791 972 2830 (87)
988 2792 1075 2830 gatal.
1090 2792 1181 2830 script.
1197 2791 1298 2823 ποίει,
1313 2797 1337 2818 c.
1440 2822 1491 2830 AM
1519 2822 1537 2830 Π

916 2821 973 2863 (88)
992 2827 1094 2853 Vindic.
1112 2821 1212 2860 lgna!"
1228 2833 1254 2860 p.
1267 2821 1331 2858 πίε.
1348 2825 1377 2859 -1,
1396 2832 1421 2860 p.
1440 2822 1502 2851 289.
1518 2822 1574 2850 Cfr.
1592 2821 1655 2850 Gal-

880 2863 965 2896 land.,
980 2863 998 2890 l.
1015 2870 1050 2895 c.,
1067 2869 1092 2896 p.
1109 2869 1171 2888 xxx.
