1916 3104
237 170 292 197 79.3

831 168 864 204 β.
883 168 1066 197 BARNABAS
1085 167 1294 198 APOSTOLUS

1824 161 1874 189 Εἰ

242 237 252 254 ‹
269 229 366 255 tecum
382 231 469 254 tamen
483 227 554 254 inter
567 226 896 263 apocryphasScripturas
915 237 924 253 ι
941 227 1027 260 docet,
1043 232 1162 259 Asinum
1173 227 1307 255 fervorem
1323 226 1350 253 in
1366 223 1478 260 epistola
1499 223 1532 251 ad
1547 222 1714 258 Diognetum
1737 219 1874 254 reperies.

240 281 286 299 nec
297 272 329 299 ab
343 271 464 298 Ecclesia
478 271 645 306 repudialam
658 271 755 299 innuit.
769 271 922 307 Apocryphi
937 276 1027 300 autem

240 319 305 346 libri
323 323 379 349 tum
396 318 414 344 ii
430 323 581 350 vocamur,
601 318 648 353 qui
667 317 816 345 authentici
843 318 964 352 quidem,
982 318 1028 346 sed

240 368 275 394 ab
300 366 464 394 auctoritate
489 366 623 394 canonica
643 366 764 397 remoti,
789 370 817 392 et
837 364 865 392 in
886 373 1028 392 sacrarum

242 411 449 447 Scripturarum
470 419 576 440 canone
599 419 654 438 non
680 411 792 446 repositi
815 415 897 445 sunt;
917 416 974 438 tum
998 411 1028 442 ii,
1062 405 1064 409 ’

241 456 289 490 qui
312 464 366 483 non
391 460 457 483 sunt
479 463 587 488 eorum,
605 463 722 490 quorum
740 455 825 483 titulis
844 460 1030 491 praenotantur

243 500 482 536 (ψευδεπίγραφα).
497 499 695 535 Hieronymum
707 500 791 534 priori
804 507 886 527 sensu
898 499 1030 526 Barnaba:

241 547 386 583 epistolam
410 547 594 582 apocrypham
613 547 765 581 appellasse
781 550 864 581 patet,
887 554 949 574 cum
969 554 1029 573 eam

243 593 375 621 Barnaha:
398 593 508 628 quidem
535 593 666 624 ascribat,
694 596 722 619 et
750 592 931 619 nihilominus
961 592 1031 618 inter

243 641 415 676 apucryphas
424 640 581 675 Scripturas
600 647 660 666 eam
682 639 780 666 lectam
799 646 860 666 esse
873 638 1030 666 contendat.

280 686 449 714 Tcstimonia
460 686 543 721 igitur
554 687 716 720 scriptorum
732 686 905 720 antiquorum
917 685 1032 712 authen-

244 733 289 760 tiaa
302 732 431 767 Epistula:
445 732 537 760 favere
549 739 630 759 nemo
645 731 764 767 negabit.
780 730 964 758 Nihilominus
978 738 1032 757 non

246 777 351 806 levibus
373 778 438 805 moti
454 777 623 812 argumentis
637 784 697 804 eam
715 776 866 812 apOStolico
883 776 941 803 viro
956 776 1033 811 abju-

245 823 389 852 dicandam
405 831 559 851 censemus.

281 871 308 898 1.
330 871 358 898 Si
378 870 498 906 Epistola
514 875 608 898 nostra
622 870 656 897 ab
677 869 797 904 antiquis
811 877 861 904 pro
876 868 1032 896 authentica

1115 273 1159 301 lli.
1190 273 1295 301 Revera
1318 272 1415 308 primis
1443 270 1535 298 saeculi
1559 267 1672 297 secundi
1699 265 1876 300 temporibus

1079 320 1131 348 10⁵1
1150 335 1163 339 -
1182 319 1233 347 120
1244 318 1392 354 Epistolam
1405 322 1526 345 nostram
1537 319 1677 343 exaratam
1691 319 1755 340 esse
1767 315 1874 347 putem.

1115 369 1141 394 1.
1163 365 1229 393 Post
1248 365 1417 393 eversionem
1435 363 1528 398 templi
1547 357 1798 395 Hierosolymitani
1814 364 1876 384 eam

1081 413 1210 448 scriptam
1225 419 1301 445 esse,
1315 419 1349 438 ex
1368 410 1455 445 capite
1471 409 1504 436 16
1525 408 1592 435 satis
1611 407 1708 441 liquet.
1731 403 1781 431 Sic
1800 403 1876 430 enim

1081 459 1138 486 ibi:
1153 458 1203 485 Διὰ
1222 459 1276 493 γὰρ
1297 457 1328 484 τὺ
1347 457 1474 491 πολεμεῖν
1497 454 1577 484 αὐτὸς
1598 450 1739 488 καθῃρέθη
1756 450 1782 484 (ὁ
1802 448 1877 483 ναὸς)

1081 505 1133 532 ὑπὸ
1151 505 1205 532 τῶν
1221 503 1341 539 ἐχθρῶν·
1359 501 1406 529 νῦν
1422 510 1448 528 κ.
1464 509 1489 526 τ.
1504 499 1528 525 λ.
1546 498 1598 531 Qui
1617 497 1699 525 aliter
1717 502 1806 530 quam
1829 501 1879 520 nos

1081 551 1269 586 distinguunt,
1281 553 1308 576 et
1321 546 1527 574 soror-nomini
1543 543 1648 580 ἐχθρῶν
1665 543 1806 577 jungunt,
1825 544 1879 567 sta-

1081 596 1130 623 tim
1149 600 1210 631 post
1222 602 1324 622 annum
1337 593 1371 620 70
1384 598 1411 626 ι).
1425 593 1476 620 Ch.
1493 600 1521 618 n.
1535 591 1585 618 bas
1597 590 1706 616 litteras
1720 587 1805 614 datas
1819 593 1879 612 esse

1081 641 1249 670 contendunt
1263 639 1331 675 (90).

1117 688 1144 714 2.
1166 686 1266 714 Primis
1280 685 1370 713 saeculi
1384 683 1495 712 secundi
1516 679 1704 716 temp0ribus,
1724 676 1878 707 Juolaistze,

1083 734 1232 761 Ecclesiam
1255 732 1283 759 in
1306 730 1458 766 periculum
1481 731 1623 759 vocantes,
1639 725 1740 752 eodem
1764 721 1878 750 ferventi

1083 779 1165 807 modo
1178 777 1407 813 impugnabantur
1421 782 1436 802 a
1455 772 1484 801 S.
1500 773 1604 809 lgnatio
1613 770 1792 798 Antiocheno
1807 772 1836 795 et
1847 767 1877 794 ab

1084 829 1196 853 auctore
1210 824 1332 859 epistolae
1350 823 1383 850 ad
1399 822 1572 857 Diogneium.

1120 872 1147 899 3.
1167 858 1302 898 Noniantc
1319 869 1447 897 saeculum
1467 867 1620 895 secundum
1637 862 1796 892 Christiani
1815 858 1882 885 Sali-

246 917 344 944 l'uisset
368 921 506 951 reputata,
524 921 597 944 certe
622 916 693 942 inter
718 915 802 942 libros
829 915 977 942 canonicos
1001 922 1032 941 ea
1051 910 1070 937 Β
1085 919 1178 946 barum
1192 917 1330 945 celebrare
1344 915 1500 947 desierunt;
1516 912 1589 949 quod
1597 912 1656 947 jam
1672 909 1815 939 evenisse,
1827 905 1877 940 epi-

246 964 395 998 legeretur;
418 962 489 989 sicut
508 962 676 997 Augustinus
691 961 725 988 de
739 959 902 995 apocryphis
919 959 1033 986 Androm

245 1013 272 1036 ct
285 1008 399 1036 Joannis
415 1008 482 1036 dicit
498 1017 504 1035 :
521 1007 551 1034 Si
571 1007 681 1034 illorum
701 1010 805 1039 essent,
822 1009 927 1040 recepta
949 1010 1033 1032 essent

247 1054 278 1081 ab
295 1054 412 1081 Ecclesia
426 1053 493 1089 (89).

280 1099 308 1126 2.
331 1099 480 1135 Epistolam
499 1103 620 1126 nostram
639 1103 697 1134 post
716 1098 886 1126 eversionem
906 1096 1035 1124 Hieroso-

246 1147 326 1182 lyma:
341 1151 481 1174 exaratam
503 1153 580 1178 esse,
600 1153 633 1172 ex
647 1153 707 1180 cap.
727 1145 761 1172 16
780 1145 859 1172 facile
876 1144 1034 1179 conjicitur.

248 1192 302 1220 Sed
313 1200 395 1227 supra
408 1193 448 1220 lit.
461 1191 470 1218 Ι
482 1191 618 1224 vidimus,
634 1191 785 1218 Barnabam
801 1191 860 1219 sine
875 1190 958 1218 dubio
973 1195 1037 1217 tunc

247 1238 379 1273 temporis
393 1245 446 1265 non
463 1238 582 1272 amplius
597 1237 624 1263 in
641 1237 709 1264 vivis
724 1237 841 1272 degisse.

284 1285 313 1313 5.
331 1283 427 1318 Capite
442 1284 458 1311 5
480 1283 596 1318 apostoli
618 1283 694 1317 ὑπὲρ
711 1282 813 1310 πᾶσαν
836 1283 982 1318 ἁμαρτίαν
1004 1283 1038 1309 ἀ-

247 1329 407 1364 νομώτεροι
418 1334 559 1357 vocantur.
578 1329 655 1356 Talia
671 1328 839 1362 Barnabam,
854 1330 1039 1364 apostolorum

250 1376 372 1408 saclum,
389 1376 492 1403 dixisse
508 1376 551 1403 vix
574 1380 676 1410 putem.
701 1375 755 1403 ista
779 1380 870 1403 autem
891 1376 1040 1411 hyperbola

249 1423 338 1452 multo
354 1422 442 1458 magis
453 1423 564 1450 secundi
577 1422 670 1450 szeculi
683 1422 818 1449 rhetorem
831 1421 933 1457 prodit.

287 1469 313 1496 4.
323 1469 390 1502 Quae
399 1467 526 1504 capitem
533 1468 700 1496 incredibilia
709 1468 742 1495 de
749 1468 852 1503 lepore,
861 1468 968 1504 hyzeua,
977 1472 1040 1499 etc.,

250 1514 438 1550 proferuntur.
447 1515 534 1550 magis
545 1511 704 1551 nugatorem
719 1514 950 1549 allegorizantcm,
960 1522 1041 1549 quam

252 1561 409 1596 apostolum
425 1561 558 1588 redolent.

1085 965 1154 994 stola
1169 970 1262 992 nostra
1275 962 1354 990 docet
1367 970 1392 989 c.
1407 961 1451 988 15.

1120 1010 1148 1038 4.
1167 1009 1269 1036 Auctor
1283 1006 1410 1042 Epistolte
1423 1009 1523 1033 nostra:
1533 1006 1628 1031 contra
1644 1000 1760 1029 eosdem
1773 997 1878 1026 haereti-

1086 1064 1151 1089 cos,
1172 1055 1312 1082 Judaistas
1337 1057 1365 1080 et
1388 1051 1522 1083 Docetas,
1549 1049 1632 1076 verba
1657 1047 1743 1079 facit,
1758 1053 1830 1080 quos
1851 1044 1877 1069 ﬁ»

1086 1088 1207 1138 lgnatius
1220 1099 1364 1134 vituperat.
1384 1096 1419 1124 Ut
1433 1096 1495 1128 liic,
1508 1096 1544 1121 ita
1559 1098 1586 1121 et
1601 1091 1703 1119 Noster
1717 1088 1881 1116 incarnatioa

1088 1134 1146 1174 ηέηι
1168 1145 1269 1174 Christi
1293 1149 1387 1172 contra
1412 1142 1527 1170 Docetas
1550 1140 1587 1175 (c.
1603 1139 1620 1166 5
1641 1142 1669 1165 et
1690 1136 1719 1172 6)
1734 1134 1880 1171 praedicare

1088 1198 1202 1222 conatus
1213 1196 1266 1220 est.

1124 1241 1150 1269 5.
1165 1240 1388 1275 Tlieologuniena
1400 1236 1485 1264 multa
1500 1232 1630 1269 Epistolas
1642 1234 1758 1261 nostrae,
1771 1234 1879 1275 prescr—

1091 1286 1138 1312 tim
1152 1284 1241 1320 quoad
1261 1270 1425 1319 tvpolOgiam
1435 1302 1442 1314 ,
1456 1279 1596 1307 simillima
1611 1280 1676 1304 sunt
1697 1273 1832 1320 doctrina;
1850 1270 1878 1297 S.

1089 1318 1189 1359 Justini
1210 1335 1237 1358 ct
1256 1318 1434 1360 Tertulliani,
1458 1326 1477 1353 i.
1498 1332 1524 1353 c.
1539 1324 1705 1358 scriptorum
1723 1318 1817 1346 saeculi
1839 1325 1881 1344 sc-

1091 1376 1183 1404 cundL

1119 1419 1156 1449 Δ6.
1175 1421 1205 1448 ln
1227 1420 1354 1448 omnibus
1376 1418 1517 1446 codicibus
1532 1414 1654 1449 antiquis
1669 1411 1794 1447 Epistola
1816 1408 1881 1434 Bar-

1094 1468 1171 1496 nabac
1198 1467 1344 1502 postposita
1369 1469 1411 1492 est
1435 1462 1557 1498 epistolae
1581 1458 1743 1495 Polycarpi,
1770 1456 1882 1482 fortasse

1094 1513 1158 1549 quia
1172 1512 1276 1548 iunior,
1288 1516 1362 1538 certe
1373 1517 1426 1536 non
1440 1511 1527 1535 multo
1538 1505 1677 1540 antiquior
1692 1503 1846 1538 putabatur.

1131 1559 1158 1586 7.
1174 1547 1244 1586 VNon
1269 1557 1306 1585 ita
1333 1556 1419 1583 multo
1440 1560 1502 1590 post
1528 1559 1631 1581 annum
1658 1550 1710 1578 120
1736 1547 1882 1583 Epismlaui

291 1607 318 1634 5.
340 1607 479 1634 Barnabas
490 1627 498 1641 ,
518 1607 565 1642 qui
587 1608 744 1643 provincias
762 1607 834 1635 Asiae
854 1606 967 1634 ‘llinoris
981 1614 1042 1642 per-
1059 1604 1076 1607 ⁷
1094 1610 1215 1633 nostram
1230 1604 1412 1638 conscriptam
1425 1609 1486 1629 esse
1497 1621 1505 1632 ,

255 1658 407 1689 agravcrat,
415 1653 570 1688 multosque
581 1661 667 1681 annos
682 1653 832 1681 Aniiocliim
844 1653 871 1679 in
881 1652 958 1688 Syria
969 1654 1043 1679 vixe-

255 1704 314 1733 rat,
341 1700 410 1727 bene
435 1703 606 1734 compertum
631 1700 732 1727 habere
757 1699 867 1732 debuit,
891 1698 992 1726 falsum
1017 1697 1042 1725 id

255 1753 333 1779 esse,
360 1747 433 1782 quod
457 1746 546 1781 capite
570 1745 587 1773 9
605 1746 766 1777 allii-matur,
793 1752 888 1773 omnes
909 1745 1042 1772 idolorum

256 1793 414 1820 sacerdotes
430 1792 568 1828 Syrosque
582 1799 677 1819 omnes
693 1799 755 1819 esse
773 1791 963 1818 circumcisos.

293 1837 320 1864 6.
341 1836 493 1865 lnnumera:
514 1837 648 1872 allegoria!
666 1836 818 1871 nugatorias
830 1856 838 1869 ,
855 1834 1006 1870 praesertim
1020 1842 1044 1861 c.

258 1883 276 1910 5
297 1883 390 1917 -11,
412 1883 446 1910 ab
464 1883 510 1911 illo
526 1891 579 1910 non
600 1889 717 1918 possunt
727 1889 788 1909 esse
804 1881 981 1916 conscriptae,
999 1880 1046 1914 qui

259 1934 371 1965 propter
383 1929 546 1964 eloquentiae
559 1929 686 1957 ardorem
705 1928 739 1956 ab
757 1927 888 1963 apostolis
912 1932 995 1966 amna
1009 1931 1048 1964 '1;

260 1987 303 2010 est
314 1983 477 2018 appellatus.

297 2029 323 2056 7.
344 2029 440 2062 Quoad
457 2035 550 2055 sacros
563 2026 719 2055 Iudaeorum
734 2026 804 2054 ritus
817 2025 1013 2061 falsaqumdam
1021 2025 1048 2052 in

261 2073 377 2108 cpistola
401 2077 494 2100 nostra
517 2080 542 2100 c.
563 2071 578 2097 7
593 2077 619 2098 et
643 2072 659 2098 8
682 2072 818 2106 leguntur,
846 2078 907 2106 quae
931 2069 1048 2096 Leuitam

263 2118 414 2145 Barnabam
426 2137 434 2150 ,
450 2117 497 2151 qui
512 2116 616 2144 diutius
632 2115 828 2151 Hierosolymis
843 2115 963 2149 vixerat,
999 2119 1049 2139 au-

261 2163 472 2191 ctoremhabere
487 2170 542 2190 non
554 2167 679 2197 possunt.

301 2210 327 2237 8.
349 2209 471 2245 Epistula
486 2215 579 2237 nostra
595 2209 695 2244 injuste
711 2208 745 2236 de
759 2207 900 2235 Judaismo
915 2208 1050 2243 disputat,

1129 1655 1158 1687 α)
1177 1659 1208 1678 ex
1221 1650 1310 1685 capite
1325 1649 1358 1675 16
1374 1651 1464 1683 patet,
1477 1646 1523 1673 ubi
1539 1645 1574 1673 de
1593 1643 1737 1671 eversione
1759 1640 1884 1668 llieroSn-

1200 1697 1279 1732 lymae
1291 1696 1328 1722 ita
1338 1693 1493 1725 disseritur,
1511 1695 1541 1718 ut
1555 1690 1645 1726 palam
1661 1689 1699 1716 sit
1714 1687 1816 1714 Ellam
1835 1686 1884 1712 Ca-

1200 1741 1342 1778 pitolinam
1367 1739 1488 1767 nondum
1517 1737 1551 1764 ab
1583 1735 1706 1762 Adriano
1731 1732 1817 1760 fuisse
1840 1738 1885 1757 ex-

1202 1791 1343 1814 structam.

1133 1834 1160 1870 β)
1179 1832 1244 1861 Post
1258 1840 1359 1859 annum
1375 1830 1437 1863 157,
1450 1828 1571 1857 secundo
1582 1826 1655 1854 bello
1665 1824 1782 1852 Iudaico
1797 1823 1883 1853 ﬁnito,

1202 1880 1306 1907 nullum
1324 1877 1440 1912 amplius
1461 1874 1647 1902 Judaistarum
1671 1870 1824 1906 periculum
1843 1868 1884 1895 ad—

1202 1933 1263 1953 esse
1278 1928 1394 1959 poterat.
1408 1921 1531 1956 Denique

1133 1973 1161 2008 γ)
1180 1972 1276 2001 Celsus
1287 1971 1342 2006 jam
1356 1970 1429 1998 circa
1441 1975 1543 1995 annum
1557 1966 1609 1993 150
1626 1979 1645 1985 -
1661 1965 1715 1992 160
1726 1962 1885 1997 epristolz

1204 2022 1303 2045 nostrae
1316 2024 1377 2051 cap.
1393 2015 1409 2042 5
1424 2014 1505 2049 (ὑπὲρ
1522 2013 1612 2039 πᾶσαν
1629 2010 1770 2046 ἁμαρτίαν
1786 2007 1884 2043 ἀνομώ-

1204 2063 1291 2100 τεροι)
1308 2062 1430 2090 convicia
1446 2064 1542 2089 contra
1556 2057 1696 2093 apostolus
1711 2056 1837 2083 hausisse
1851 2055 1885 2080 vi-

1205 2111 1284 2138 detur
1300 2109 1341 2145 (9i
1347 2109 1367 2144 ).

1137 2157 1181 2185 IV.
1202 2156 1372 2190 Quibusnam
1388 2152 1538 2181 lectoribus
1558 2151 1681 2186 Epistola
1704 2149 1789 2177 fuerit
1809 2147 1884 2175 desti-

1102 2209 1183 2238 nata,
1209 2202 1321 2234 nullibi,
1339 2201 1480 2228 deficiente
1500 2198 1623 2233 pleniore
1644 2195 1820 2224 salutationis
1838 2193 1885 2220 fur-

265 2256 502 2284 circumcisionem
517 2255 608 2282 carnis
623 2255 837 2289 superstitiosam
852 2261 912 2282 esse
926 2261 1050 2288 pronun—
1066 2250 1089 2278 D
1103 2251 1193 2283 mula,
1205 2248 1287 2277 claris
1301 2247 1392 2275 verbis
1404 2251 1564 2280 expressum
1582 2247 1634 2270 est.
1646 2241 1780 2277 Origenes
1795 2239 1884 2274 episto-

265 2302 318 2329 tiat
332 2302 366 2336 (c.
376 2301 572 2336 9),Sabbatum
586 2300 719 2334 vituperat
734 2302 768 2334 (c.
786 2299 841 2334 15),
855 2300 926 2335 leges
941 2299 1022 2326 Mosis
1034 2306 1050 2325 a

265 2348 368 2376 Judaais
384 2355 439 2374 non
453 2347 487 2374 ad
502 2347 621 2374 litteram
636 2346 825 2381 intelligendas
841 2345 926 2373 fuisse
938 2349 1052 2372 conten-

266 2396 307 2422 dit
321 2394 356 2429 (c.
374 2395 429 2428 10),
442 2398 469 2421 et
485 2393 668 2421 uaconomiam
688 2391 793 2419 Veteris
810 2391 977 2419 Testamenti
998 2397 1053 2418 non

266 2440 416 2476 Evangelio
426 2440 535 2467 demum
546 2460 554 2472 ,
572 2438 618 2466 sed
629 2437 685 2472 jam
702 2438 749 2464 illo
765 2437 826 2470 die,
840 2444 893 2471 quo
907 2436 995 2464 Moses
1012 2439 1055 2462 ta-

267 2487 348 2514 bulas
370 2486 436 2520 legis
460 2485 494 2512 de
518 2484 644 2511 manibus
666 2483 795 2518 proiecit,
819 2483 948 2510 abolitam
974 2488 1053 2513 esse,

267 2532 431 2566 Indicosque
447 2535 512 2558 tunc
531 2533 721 2557 testamentum
743 2529 770 2555 in
786 2532 945 2563 perpetuum
964 2526 1056 2561 perdi-

268 2577 342 2605 disse
355 2577 434 2604 docet
447 2578 482 2611 (c.
499 2575 516 2604 4
532 2579 558 2602 et
573 2574 628 2610 H).
641 2573 746 2603 Cuncta
760 2574 818 2600 haec
835 2581 890 2600 non
905 2580 920 2600 a
931 2571 1054 2599 Barnaba

269 2626 428 2656 exspectes,
443 2621 508 2656 qui,
531 2624 562 2647 ut
584 2619 676 2647 ﬁdeles
697 2627 712 2646 c
732 2618 858 2653 gentibus
877 2622 905 2645 et
922 2625 938 2644 e
954 2616 1056 2644 Judaeis

271 2671 462 2702 componeret,
476 2665 648 2693 Antiochiam
660 2668 702 2691 est
716 2663 834 2696 missus;
847 2662 894 2690 sed
905 2661 1056 2689 secundum

272 2715 402 2742 saeculum
420 2713 484 2740 talia
500 2712 627 2748 sapiunt,
642 2711 814 2745 similemque
828 2712 925 2737 contra
960 2702 1055 2732 Judai-

278 2819 369 2880 20(89)
384 2818 476 2846 Contr.
491 2818 671 2845 adversarium
685 2815 760 2852 Legis
779 2820 802 2844 et
821 2814 1022 2850 Prop/letarum,
1038 2821 1057 2846 i,

313 2872 369 2921 (90)
382 2887 516 2922 Galland.,
530 2888 548 2916 ι.
562 2896 598 2922 c.,
613 2895 638 2922 p.
660 2895 752 2916 xxxiii.

1103 2295 1156 2322 lam
1172 2297 1294 2321 nostram
1323 2290 1482 2318 catholicam
1509 2287 1650 2319 nominat;
1675 2286 1724 2314 sed
1750 2293 1785 2312 ex
1808 2283 1885 2318 capite

1103 2340 1192 2375 primo
1202 2343 1229 2366 et
1239 2338 1292 2365 ﬁne
1306 2336 1386 2364 ’noni
1405 2338 1491 2369 patet,
1500 2334 1533 2360 ad
1547 2337 1632 2359 certos
1641 2331 1778 2366 quosdam
1794 2330 1882 2359 ﬁddﬁ.

1104 2385 1214 2413 arctiori
1231 2382 1340 2410 vinculo
1352 2380 1457 2408 auctori
1472 2379 1599 2414 junctos,
1619 2377 1726 2404 litteras
1745 2376 1795 2402 bas
1812 2375 1884 2402 fuisse

1104 2432 1192 2459 datas.
1207 2430 1404 2465 Argumentum
1419 2425 1516 2461 prima
1534 2423 1620 2459 partis
1633 2422 1758 2457 epistola:
1774 2425 1801 2448 et
1815 2421 1885 2447 totius

1104 2474 1344 2506 demonstrationis
1369 2471 1515 2500 methodus
1540 2470 1672 2498 certiores
1698 2476 1750 2495 nos
1776 2467 1882 2495 faciunt.

1106 2527 1244 2550 auctorem
1260 2520 1294 2547 ad
1309 2518 1397 2553 ﬁdeles
1412 2524 1426 2544 e
1442 2516 1561 2548 Judais,
1578 2514 1638 2542 sine
1662 2513 1749 2540 dubio
1783 2513 1887 2541 Helleni-

1107 2574 1174 2600 stas,
1192 2567 1311 2594 instante
1331 2563 1451 2599 periculo
1471 2560 1660 2589 Judaistarum
1685 2559 1769 2585 verba
1790 2557 1884 2584 fecisse.

1108 2611 1245 2638 Dauielem
1266 2608 1399 2636 Schenkel
1418 2606 1601 2633 Basilcensem
1612 2625 1619 2636 ,
1632 2603 1753 2630 certiora
1765 2603 1798 2629 de
1813 2602 1884 2629 lecto-

1106 2658 1182 2685 r'ibus
1192 2655 1375 2692 proferenteni
1387 2674 1394 2687 ,
1408 2658 1512 2680 temere
1530 2651 1558 2679 id
1573 2650 1680 2685 egisse.
1702 2649 1769 2676 alibi
1788 2649 1885 2676 demon-

1105 2703 1251 2731 stravimus
1265 2701 1332 2737 (92).

1148 2811 1203 2844 (91)
1215 2809 1324 2843 Origcn.
1339 2817 1360 2835 ο.
1376 2807 1458 2844 Cels.,
1474 2815 1503 2833 n.
1518 2806 1563 2844 65,
1576 2810 1598 2832 t.
1610 2804 1636 2844 _l_,
1652 2812 1680 2838 p.
1696 2803 1732 2844 357

1148 2839 1204 2879 l9?)
1223 2845 1250 2871 lii
1264 2839 1372 2872 libello:
1397 2843 1450 2870 Das
1465 2840 1666 2871 sciidsclireibcn
1684 2839 1712 2866 ά.

1109 2882 1164 2913 bas,
1176 2886 1239 2914 cte.,
1255 2888 1280 2915 p.
1300 2879 1349 2907 152
1363 2887 1404 2914 sq.

1735 2803 1770 2867 ᾗ.
1795 2837 1881 2865 Bum-
