1916 3104
69 162 116 190 ’1ὶῦ

98 222 126 250 V.
144 221 216 249 Idem
235 220 276 248 vir
288 220 385 248 doctus
395 241 403 254 ,
418 219 513 246 Daniel
525 217 658 246 Schenkel
675 216 741 251 (95),
755 221 785 242 ut
804 213 836 240 li-
849 213 871 241 A

69 273 113 296 teni
133 267 165 296 de
188 267 328 295 authentia
351 266 477 301 Epistolas
499 268 691 300 componeret,
719 262 834 297 probare

68 318 170 342 conatus
184 317 226 341 est
240 312 387 348 Epistolam
407 311 538 339 Barnabas
559 311 704 346 genuinam
725 307 833 343 quidem

66 368 127 391 esse,
141 359 186 387 sed
196 367 252 386 non
265 360 409 394 integram,
423 364 572 392 omnesque
581 356 642 391 ejus
655 359 755 390 partes,
767 354 834 381 viris

66 406 143 433 doctis
156 405 340 440 displicentes,
362 412 377 431 a
390 405 550 438 therapeuta
560 403 689 438 quodam,
702 401 835 429 Christia-

67 459 151 479 norum
161 458 239 478 sacra
252 454 359 482 secuto,
372 449 505 485 originem
517 449 646 480 traxisse,
660 447 706 482 qui
721 446 834 482 mystica

67 505 109 525 sua
121 497 248 531 sapientia
267 496 319 522 viri
337 495 478 530 apostolici
493 495 597 522 litteras
612 499 711 529 augere
731 494 767 521 sit
784 501 835 521 au-

66 550 114 570 sus.
128 542 182 570 Nos
193 547 287 570 contra
306 542 372 569 alibi
389 541 570 576 integritatem
591 539 717 574 Epistola:
739 539 834 566 defen-

65 589 119 617 dere
132 588 284 616 studuimus
300 587 368 623 (94).
383 587 483 615 Paucis
506 593 579 614 nunc
596 593 654 613 rem
670 585 808 613 absolvam
825 606 832 612 .

95 659 118 688 l.
136 658 255 686 Secunda
273 666 320 686 seu
337 657 497 693 parmnetica
515 664 579 691 pars
596 655 722 691 Epistola‘.
733 676 741 688 ,
758 663 783 684 c.
800 655 833 683 18

65 704 140 737 —‘ll,
155 712 213 739 quae
225 704 282 739 jam
296 708 359 731 ante
370 702 561 730 Schenkelium
575 709 591 729 a
603 702 727 737 pluribus
741 702 769 728 in
781 702 833 729 du-

66 750 128 777 bium
142 751 298 783 vocabatur,
311 749 410 785 quippe
425 756 485 784 qua:
503 748 530 775 in
551 747 636 776 veteri
651 747 833 776 versioneLa—

65 797 111 823 tina
126 805 176 824 non
190 800 277 824 exstet
286 815 294 828 ,

93 852 118 888 α)
133 853 186 888 jam
209 853 244 880 ab
271 851 470 887 antiquissimis
493 851 548 879 illis
569 850 763 886 scriptoribus,
785 850 832 884 qui

154 899 233 934 primi
261 891 389 933 Epistulae
409 898 574 925 mentionem
596 896 747 930 faciebant,
772 895 833 923 Cle-

154 948 244 972 mente
269 948 296 971 et
316 943 449 979 Origene],
464 944 532 972 lecta
554 947 611 977 est,
628 947 655 970 et
674 942 782 970 laudata
806 946 834 969 et

152 989 242 1017 citata.

91 1034 114 1069 β)
131 1033 229 1062 Eadem
248 1034 277 1062 in
301 1034 446 1068 omnibus,
470 1041 539 1069 quos
559 1033 711 1067 habemus,
731 1033 833 1063 Grecis

152 1082 291 1110 codicibus
306 1085 405 1110 exstat.

90 1129 114 1160 γ)
129 1125 187 1154 Non
206 1127 298 1155 minus
314 1127 341 1154 in
355 1127 551 1156 stichometriis
561 1132 683 1155 veterum
696 1134 758 1163 pars
773 1126 831 1154 haec

151 1172 270 1200 secunda
285 1172 491 1201 numerabatur.

89 1218 114 1253 δ)
133 1217 223 1246 Sancti
237 1219 316 1246 Pauli
335 1226 444 1254 quoque
460 1218 588 1254 Epistolaa
600 1218 671 1254 parti
690 1218 831 1246 didacticae

150 1265 263 1292 alteram
279 1269 384 1300 partem
399 1265 590 1300 paraeneticam
601 1264 763 1300 adjungunt.

89 1309 114 1345 ε)
132 1309 159 1337 In
180 1315 258 1346 parte
279 1311 398 1338 secunda
419 1310 454 1338 de
473 1310 580 1339 duabus
601 1311 652 1339 viis
676 1310 831 1344 disseritur,

150 1365 266 1392 quarum
277 1357 336 1392 jam
351 1357 379 1385 iu
393 1362 469 1393 parte
482 1357 570 1393 prima
584 1365 644 1392 cap.
657 1359 674 1384 4
686 1361 713 1385 et
725 1357 742 1384 6
754 1364 831 1385 men-

151 1403 188 1430 tio
206 1402 296 1430 fuerat
310 1402 391 1430 facta.

88 1448 115 1484 ζ)
133 1449 198 1485 Styli
210 1449 397 1477 diversitatem
411 1457 445 1477 ex
461 1449 570 1477 diversa
587 1449 729 1484 utriusque
744 1449 829 1485 partis

152 1493 241 1521 indole
253 1498 343 1522 ortam
354 1502 415 1522 esse
427 1494 506 1522 facile
521 1494 712 1529 perspicimus.

87 1538 112 1566 Ξ.
129 1538 220 1567 Prima
235 1547 346 1575 quoque
361 1539 487 1575 Epistolas
501 1548 565 1575 pars
581 1540 684 1576 integra
701 1545 730 1568 et
741 1540 776 1568 ab
787 1540 829 1568 in-
841 1549 865 1582 ρ

60 1585 269 1618 terpolationibus
281 1586 367 1614 libera
379 1590 421 1614 est
435 1587 595 1621 reputanda.

88 1630 112 1664 α)
130 1629 240 1665 Singula
262 1631 337 1659 enim
358 1632 448 1667 capita
473 1632 556 1660 unius
581 1631 733 1668 argumenti
765 1636 831 1659 sunt

150 1681 238 1712 partes
248 1698 257 1711 ,
269 1685 388 1713 eumque
399 1678 499 1706 habent
508 1677 589 1705 ﬁnem
599 1698 607 1712 ,
621 1683 652 1705 ut
661 1670 830 1706 demonstre-

149 1727 201 1755 tur,
216 1722 388 1751 Judaismum
399 1731 459 1752 esse
471 1723 614 1758 abolitum,
625 1731 754 1759 novaeque
766 1731 829 1752 eum

150 1769 311 1796 oeconomiae
324 1769 420 1797 salutis
433 1770 550 1797 cessisse
559 1790 566 1802 ,
580 1777 662 1805 quam
676 1769 746 1806 typis
761 1777 830 1805 prae-

149 1815 370 1850 monstrareJam
381 1814 753 1847 abinitio,.ludaismimunus
759 1819 827 1842 erat.

90 1857 117 1893 β)
134 1859 240 1888 Falsum
256 1866 314 1894 est,
332 1861 405 1896 quod
422 1860 601 1889 Schenkelius
613 1861 768 1894 contendit,
783 1868 831 1888 ca-

149 1911 197 1941 put
219 1910 328 1934 sextum
350 1914 404 1934 non
417 1914 479 1934 cum
495 1907 626 1942 septimo,
652 1905 699 1934 sed
720 1906 829 1934 demum

149 1959 211 1979 cum
224 1952 306 1980 tertio
318 1952 424 1980 decimo
434 1972 441 1985 ,
458 1952 591 1980 orationis
604 1960 676 1979 nexu
689 1959 750 1980 esse
763 1960 830 1980 cou-

148 1997 283 2036 junctum.
302 1997 339 2025 Ea
358 1998 430 2025 enim
449 1998 556 2033 capita,
571 2006 631 2033 quae
652 1998 830 2026 Schenkelius

150 2042 262 2070 delenda
287 2047 378 2078 putat,
406 2050 431 2070 c.
459 2042 563 2070 7-12
577 2043 654 2077 incl.,
674 2043 713 2070 nil
737 2043 828 2077 aliud,

150 2089 201 2116 nisi
214 2089 447 2116 continuationem
463 2088 648 2116 antecedentis
659 2088 829 2116 demonstra-

151 2133 246 2166 tionis,
264 2141 363 2161 novam
374 2134 554 2161 mconomiam
567 2141 583 2161 a
596 2133 738 2162 Judaismo
759 2133 828 2169 typis

151 2177 232 2206 fuisse
245 2178 508 2214 praemonstrandam
518 2199 526 2212 ,
542 2179 694 2207 continent.

88 2224 113 2256 γ)
131 2222 185 2250 Duo
195 2225 246 2251 alia
259 2232 370 2259 quoque
381 2225 469 2260 capita
480 2245 488 2258 ,
501 2224 535 2252 l5
549 2230 576 2252 et
587 2225 620 2252 16
631 2246 638 2259 ,
652 2233 712 2260 qua:
725 2225 827 2253 Schen-
842 2217 865 2245 ι)

150 2270 218 2297 kelio
242 2270 401 2306 displicent,
431 2271 546 2298 minime
575 2276 640 2299 sunt
663 2272 825 2307 rejieienda,

150 2315 247 2350 quippe
276 2323 337 2350 quae
365 2315 399 2343 ad
428 2315 688 2343 demonstrationem
714 2324 827 2346 necesse

150 2361 312 2394 pertineant.
327 2359 405 2393 Quod
427 2360 450 2388 si
468 2361 540 2388 enim
560 2361 672 2389 abolitio
693 2361 826 2390 Judaismi

151 2404 236 2433 fuerat
252 2406 465 2434 demonstranda
475 2426 483 2439 ,
499 2407 580 2434 etiam
602 2407 635 2434 de
652 2407 827 2443 abrogatione

152 2448 260 2478 Sabbati
283 2451 321 2486 (c.
337 2451 381 2486 l5)
397 2456 424 2479 et
448 2452 537 2487 templi
552 2453 587 2488 (c.
612 2453 657 2488 16)
680 2454 762 2482 verba
786 2454 827 2482 fa-

151 2497 242 2525 cicada
256 2502 345 2526 erant.

90 2540 116 2575 δ)
131 2540 220 2576 Capita
244 2542 407 2572 Schenkelio
420 2544 591 2579 displicentia
616 2553 670 2573 non
694 2546 773 2574 aliter
792 2547 826 2575 de

154 2586 240 2616 Veteri
253 2588 427 2618 Testamento
438 2590 593 2626 disputant,
613 2599 645 2620 ac
658 2600 689 2620 ea
702 2600 762 2628 quae
775 2600 826 2628 pro

63 2720 185 2786 65333;?
200 2725 347 2762 Ullmanni,
359 2732 414 2758 etc.
433 2737 440 2756 :
453 2727 566 2758 Studien
584 2730 638 2758 und
649 2730 824 2766 Krit.,1837,

714 151 966 182 PROLEGOMENA
971 171 978 179 .

1613 149 1666 178 726

991 212 1116 248 genuinis
1137 216 1201 240 sunt
1219 215 1355 247 reputata.
1371 203 1477 246 Ubique
1489 210 1561 238 idem
1575 208 1665 237 fervor

988 264 1082 285 contra
1096 257 1268 285 Judaismum
1282 257 1360 285 nobis
1371 257 1498 284 occurrit.

920 303 950 338 ε)
971 302 1114 338 Perperam
1129 302 1308 331 Schenkelius
1319 302 1452 335 afﬁrmat.
1463 302 1496 330 de
1507 301 1583 330 Novo
1593 310 1664 338 quo-

988 357 1040 384 que
1057 348 1231 376 Testamento
1245 348 1382 377 contraria
1397 348 1489 375 doceri
1507 347 1535 375 in
1549 344 1664 376 diversis

991 395 1135 431 capitibus.

919 442 952 477 ζ)
971 441 1030 468 Jam
1041 441 1168 468 Clemens
1186 441 1386 468 Alexandrinus
1398 461 1405 473 ,
1421 439 1468 475 qui
1483 440 1587 475 primus
1601 440 1665 476 Epi-

988 489 1064 517 stolae
1075 493 1175 516 nostrae
1186 488 1320 521 meminit,
1333 488 1420 524 capita
1432 488 1482 516 ista
1493 487 1665 523 diSplicentia

989 534 1054 569 legit
1071 539 1098 561 et
1118 534 1256 567 laudavit,
1278 538 1307 561 et
1334 541 1368 562 ne
1390 534 1534 561 minimum
1553 533 1664 568 quidem

988 580 1204 615 iuterpolationis
1216 580 1403 607 testimonium
1415 579 1490 606 uliibi
1502 582 1601 606 exstat.

919 624 963 652 Vl.
983 624 1021 652 De
1042 625 1166 653 doctrina
1186 624 1318 653 Barnabas
1336 624 1386 652 cfr.
1413 624 1533 652 libellum
1549 631 1640 651 meum
1656 633 1662 650 :

883 669 938 697 Das
954 669 1158 698 Sendschreiben
1179 671 1205 698 ά.
1219 671 1252 697 Α.
1274 670 1431 704 Barnabas,
1444 674 1509 702 etc.,
1525 677 1552 705 ρ.
1567 669 1620 696 242
1630 684 1665 689 —

882 715 945 742 262.
960 714 997 742 De
1006 715 1099 742 eadem
1113 722 1142 742 re
1153 716 1326 749 disputarunt
1337 715 1452 748 Franke,
1460 715 1486 742 in
1500 714 1664 742 Rudelbaclt.

883 766 910 788 et
924 760 1039 788 Guerike
1052 770 1059 787 :
1071 760 1224 795 Zeitschrift
1237 761 1281 795 [ur
1298 761 1365 788 luth.
1380 760 1482 794 Τήιοι,
1496 765 1561 793 etc.,
1576 760 1645 788 1840
1655 781 1663 793 ,

884 806 961 835 Fasc.
975 815 994 834 ιι
1007 827 1015 840 ,
1037 812 1064 834 et
1085 815 1136 833 van
1153 806 1241 840 Gilse,
1263 807 1352 843 lleyns
1367 812 1393 834 et
1408 806 1507 834 Junius
1525 807 1552 834 in
1575 806 1665 834 tribus

884 851 1157 880 commentationibus
1168 852 1201 880 de
1215 852 1350 888 theologia
1363 851 1474 880 Patrum
1498 852 1664 887 apostolico-

885 904 945 923 rum
970 897 1081 930 morali,
1103 897 1137 924 ab
1160 897 1305 925 Academia
1328 897 1572 932 Lugduno—Batava
1594 897 1664 925 1855

882 943 994 978 praemio
1005 943 1120 970 ornatis.

918 987 974 1015 Vll.
993 988 1059 1016 Post
1073 987 1255 1024 Nicephorum
1273 989 1454 1024 patriarcham
1470 988 1664 1017 Constantino-

882 1034 1032 1069 politanum
1047 1034 1079 1070 (1·
1089 1034 1152 1069 828)
1175 1039 1203 1062 et
1222 1040 1361 1062 auctorem
1383 1035 1502 1070 antiqua:
1518 1035 1663 1070 cujusdam

883 1079 1081 1108 Stichometrize
1090 1101 1098 1114 ,
1121 1088 1136 1108 a
1149 1080 1283 1109 Cotelerio
1294 1081 1453 1116 publicatae,
1469 1088 1555 1116 usque
1565 1080 1599 1108 ad
1612 1088 1663 1109 sae-

882 1126 975 1154 culum
993 1134 1048 1153 xvu
1062 1133 1142 1154 nemo
1153 1125 1279 1161 Epistulae
1290 1131 1389 1154 nostra!
1399 1127 1523 1155 notitiam
1535 1126 1664 1155 habuisse

881 1171 998 1199 videtur.

909 1216 1017 1244 Primus
1024 1217 1092 1244 iteru
1097 1225 1122 1244 m
1128 1225 1199 1250 eam,
1205 1217 1325 1253 epistolae
1329 1217 1471 1253 Polycarpi
1479 1217 1662 1253 conjunctam,

881 1262 999 1291 Iacobus
1014 1263 1175 1291 Sirmondus
1187 1263 1215 1291 S.
1226 1263 1251 1291 J.
1267 1264 1295 1291 in
1308 1264 1401 1292 codice
1412 1264 1547 1292 Turriano
1559 1265 1664 1301 detege-

882 1311 937 1337 bat.
952 1308 1037 1337 Paulo
1053 1314 1114 1344 post
1136 1310 1164 1337 in
1187 1310 1249 1338 aliis
1276 1311 1364 1338 tribus
1388 1311 1547 1345 codicibus,
1561 1310 1663 1338 Biblio-

881 1356 966 1383 theca:
992 1354 1144 1387 Vaticana,
1173 1357 1318 1384 cardinalis
1343 1356 1483 1384 Columnae
1510 1361 1537 1384 et
1552 1355 1667 1385 Andreae

881 1400 987 1428 Schotti
1007 1400 1036 1428 S.
1057 1400 1095 1435 J.,
1115 1401 1209 1429 eadem
1232 1401 1354 1438 Epistola
1370 1401 1564 1437 reperiebatur.
1585 1401 1663 1438 Ηυεο

880 1452 970 1474 autem
989 1446 1134 1475 Menardus
1145 1468 1153 1481 ,
1165 1455 1181 1475 e
1204 1448 1412 1484 congregatione
1427 1447 1455 1476 S.
1473 1447 1577 1482 Mauri,
1591 1447 1664 1475 anti-

880 1500 962 1528 quam
978 1491 1106 1528 Epistolae
1127 1493 1281 1521 versionem
1300 1493 1425 1521 Latinam
1444 1494 1470 1521 in
1488 1494 1581 1522 codice
1595 1493 1664 1521 Cor-

880 1539 983 1567 beiensi
996 1541 1069 1575 (ante
1082 1547 1145 1568 saec.
1157 1540 1194 1575 ix)
1206 1540 1355 1568 invenerat.
1368 1540 1548 1576 Apographon
1562 1541 1664 1568 codicis

882 1585 1034 1613 Schottiani
1044 1590 1071 1614 et
1081 1587 1181 1614 veteris
1192 1587 1265 1614 illius
1276 1587 1409 1615 versionis
1420 1586 1523 1614 Latinae
1533 1587 1664 1615 Claudius

881 1629 1034 1659 Salmasius
1049 1632 1140 1659 lsaaco
1151 1630 1249 1659 Vossio
1260 1651 1267 1665 ,
1284 1630 1399 1659 Vossius
1415 1630 1526 1660 Usserio
1541 1632 1661 1660 tradidit.

879 1677 940 1712 Quo
957 1678 1029 1706 facto
1042 1676 1159 1705 Jacobus
1174 1677 1316 1711 Usserius,
1338 1678 1527 1706 Armachauus
1538 1699 1546 1709 .
1567 1677 1664 1705 Hiber-

879 1725 932 1751 niae
954 1724 1075 1759 primas,
1099 1732 1125 1751 a.
1148 1723 1218 1751 1645
1240 1723 1338 1751 Oxonii
1361 1723 1511 1759 Epistolaiu
1533 1723 1664 1751 Barnabas

879 1770 955 1806 prelo
974 1769 1102 1806 subjecit.
1125 1769 1178 1797 Sed
1200 1770 1296 1805 ingens
1316 1769 1472 1797 incendium
1485 1789 1492 1803 ,
1518 1770 1590 1805 quod
1608 1778 1663 1797 non

879 1816 1006 1851 exiguam
1020 1819 1125 1850 partem
1148 1815 1224 1843 urbis
1243 1814 1407 1843 Oxoniensis
1424 1816 1556 1849 vastavit,
1570 1815 1663 1843 omnia

879 1868 987 1897 quoque
999 1860 1164 1895 exemplaria
1177 1860 1338 1895 absumpsit.

915 1907 975 1940 Quo
988 1910 1077 1933 autem
1091 1905 1177 1933 ferme
1189 1910 1313 1941 tempore
1326 1904 1454 1934 Usserius
1466 1913 1544 1934 suam
1562 1913 1663 1941 praepa-

878 1952 957 1980 rabat
967 1952 1125 1983 editionem,
1135 1951 1169 1978 de
1183 1951 1241 1986 ipsa
1253 1951 1374 1986 Epistola
1386 1950 1499 1978 Parisiis
1512 1951 1661 1985 evulganda

878 1999 1016 2034 cogitabat
1029 1997 1106 2033 Hugo
1121 1996 1277 2030 Menardus,
1291 1996 1441 2027 monachus
1459 1996 1661 2025 Benedictinus.

878 2044 940 2079 Ipso
953 2048 1062 2071 mortuo
1077 2042 1158 2076 1644,
1173 2041 1261 2070 Lucas
1276 2041 1440 2075 Dacherius,
1456 2042 1578 2077 ejusdem
1594 2051 1663 2070 con-

878 2091 1053 2127 gregationis,
1062 2089 1183 2118 Menardi
1193 2089 1338 2117 editionem
1345 2087 1415 2116 1615
1426 2089 1452 2115 in
1463 2088 1550 2116 lucem
1561 2088 1662 2122 emisit,

878 2138 964 2165 textui
975 2137 1110 2165 Turriano
1123 2136 1247 2164 versione
1257 2134 1414 2163 Corbeiensi
1427 2135 1543 2170 adjecta.

913 2184 1133 2213 Emendatiorem
1144 2182 1275 2210 Barnabas
1287 2181 1436 2217 Epistolam
1449 2181 1517 2209 1646
1528 2181 1664 2210 Amstelo-

878 2231 950 2259 dami
961 2230 1046 2258 edidit
1056 2229 1166 2258 Isaacus
1176 2228 1301 2261 Vossius,
1311 2228 1435 2263 pluribus
1449 2228 1509 2255 aliis
1521 2228 1662 2255 codicibus

878 2284 962 2308 usus,
980 2275 1156 2307 Florentino,
1179 2273 1308 2301 Vaticano
1326 2278 1353 2301 ct
1374 2273 1496 2301 Romano
1517 2272 1663 2300 Theatino-

878 2330 949 2350 rum.
966 2321 1061 2349 Plures
1077 2321 1174 2349 deinde
1188 2325 1287 2348 secuta!
1303 2325 1367 2348 sunt
1375 2320 1508 2347 editiones
1521 2340 1528 2353 ,
1546 2328 1659 2354 praeser-

877 2369 925 2396 tim
941 2367 1066 2396 Cotelerii
1078 2388 1086 2401 ,
1101 2367 1218 2395 Russelii
1229 2371 1256 2394 et
1265 2366 1399 2394 Gallandii
1410 2386 1419 2400 ,
1431 2374 1512 2401 quam
1526 2366 1660 2400 posterio-

877 2421 934 2441 rem
949 2421 1000 2441 nos
1023 2413 1158 2448 praecipue
1171 2412 1268 2440 ducem
1285 2412 1442 2445 habuimus,
1455 2419 1508 2438 non
1521 2411 1660 2447 pedisequi

879 2459 966 2487 instar
982 2467 1041 2487 eam
1055 2459 1151 2486 secuti.

915 2505 982 2532 Vlll.
1002 2505 1155 2533 Notandum
1178 2505 1314 2540 denique,
1344 2504 1371 2531 in
1400 2504 1527 2531 omnibus
1558 2503 1661 2530 Grecis

878 2550 1020 2579 codicibus
1050 2551 1144 2578 deesse
1165 2549 1252 2584 capita
1276 2549 1324 2576 1-4
1349 2548 1446 2576 inclus.
1469 2552 1493 2574 et
1516 2547 1660 2576 dimidium

878 2597 975 2633 quinti.

915 2731 972 2765 (94)
989 2730 1242 2768 TubingiT/zeolog.
1266 2732 1485 2767 Quartalschn'ft.
1502 2731 1616 2764 1859.].
1631 2741 1658 2768 p.

877 2767 912 2794 60
934 2775 994 2803 sqq.
1008 2772 1034 2795 et
1054 2767 1081 2794 in
1097 2767 1187 2795 libello
1209 2775 1269 2796 meo
1284 2775 1366 2803 supra
1380 2768 1473 2802 citato,
1486 2776 1512 2804 p.
1527 2768 1578 2795 196
1597 2767 1658 2804 sqq.
