1916 3104
277 125 328 153 779

930 126 957 154 s.
979 126 1154 153 mamma
1175 127 1343 155 APOSTOLI
1847 132 1890 160 τω

231 229 239 235 η
275 197 391 228 laqueus
413 197 456 222 est
479 194 584 222 mortis.
611 194 750 229 Quantum
781 201 869 231 potes,
893 201 986 224 castus
1018 197 1047 224 si:

1111 187 1258 221 ἁγνεύσεις.
1272 188 1329 223 (7·1)
1343 188 1388 223 Μὴ
1399 188 1474 222 γίνου
1487 189 1556 225 πρὸς
1569 188 1619 224 μὲν
1630 188 1662 216 τὸ
1672 189 1768 216 λαϐεῖν
1779 190 1894 219 ἐκτείνων

271 239 456 267 animaJNoli
469 241 607 275 porrigere
619 249 718 269 manus
735 245 795 269 tuas
810 243 844 269 ad
858 242 1058 278 accipiendum,

270 285 308 313 ad
322 286 441 313 dandum
465 294 530 314 vero
545 287 707 314 contrahere
717 288 857 323 'JDiliges
875 293 904 315 ut
927 289 1056 323 pupillam

270 331 346 358 oculi
363 332 403 359 tui
417 339 539 365 omnem,
550 333 597 367 qui
610 333 658 360 tibi
671 333 799 368 loquetur
811 335 924 362 verbum
937 334 1055 362 Domini.

272 375 303 403 in
326 377 485 404 memoriam
500 382 574 405 tuam
591 382 672 405 nocte
693 386 726 405 ac
740 379 783 406 die
802 379 944 407 revocabis
962 379 1058 415 judicii

242 436 252 448 /
274 422 357 450 diem.
379 422 515 457 Exquiras
543 423 667 457 quotidie
689 426 780 451 vultus
801 429 968 457 sanctorum,
986 429 1013 451 et
1031 425 1058 452 in

273 475 399 497 sermone
414 475 462 495 eos
475 472 663 503 perscrutans,
676 473 703 495 et
714 469 748 496 ad
764 469 965 496 exhortandum
982 470 1057 497 ince-

271 515 350 545 dens,
371 518 399 541 et
414 513 558 546 meditans,
583 514 722 548 quomodo
744 515 864 542 animam
886 515 970 542 verbo
985 515 1056 551 [tuo]

272 565 382 586 servare
397 559 496 594 possis.
517 559 551 586 Et
565 560 690 587 manibus
712 561 765 587 tuis
784 560 940 595 operaberis
962 561 996 588 ad
1014 568 1058 588 re-

271 605 454 640 demptionem
477 612 650 641 peccatorum
676 611 787 634 tuorum
800 607 821 633 ⁸.
838 606 897 634 Non
918 607 1057 634 dubitabis

270 653 353 683 dare,
381 652 688 686 nequemurmurabis,
717 660 779 680 cum
808 653 868 680 das.
902 652 981 680 Omni
1010 661 1056 688 pe-

274 697 338 726 tenti
361 703 384 724 te
406 698 524 731 tribue’;
543 705 691 734 cognosces
706 704 808 732 autem,
831 699 893 734 quis
916 699 952 726 sit
966 700 1056 728 bonus

275 743 409 770 mercedis
428 744 586 772 retributor.
611 744 752 777 Servabis,
769 752 830 779 qua:
847 745 988 779 accepisti,
1004 752 1054 772 nec

270 789 385 822 addens,
402 797 452 818 nec
467 791 589 818 demens.
602 790 688 818 Malus
703 791 815 818 odiosus
829 791 875 817 tibi
889 792 942 818 erit
955 791 981 818 in
994 799 1055 826 per-

270 840 390 869 petuum.
404 835 481 864 Juste
498 836 647 871 judicabis.
662 836 721 863 Non
738 835 821 864 facies
832 837 993 870 dissidium;
1007 837 1053 864 sed

269 872 363 916 pacem
386 882 547 910 conciliabis
573 882 644 909 inter
666 882 879 916 contendentes,
904 891 954 910 eos
977 891 1053 911 asso-

268 928 354 955 cians.
366 927 545 956 Conﬁteberis
556 933 666 963 peccata
680 933 737 956 tua.
749 927 808 955 Non
822 929 936 956 accedes
948 929 981 956 ad
995 936 1054 956 ora—

270 972 370 1000 tionem
387 977 462 1000 tuam
481 973 507 999 in
530 974 698 1001 conscientia
715 974 795 1001 mala.
814 989 849 994 —
864 973 928 1002 Haec
949 978 991 1002 est
1010 975 1053 1001 via

271 1018 351 1047 lucis.

1109 233 1158 264 τὰς
1177 235 1280 269 χεῖρας,
1297 233 1364 269 πρὸς
1378 234 1406 261 δὲ
1427 234 1458 261 τὸ
1472 234 1563 262 δοῦναι
1577 236 1701 263 συσπῶν.
1726 237 1893 274 ’Δγατς-ἠσεις,

1109 279 1147 311 ὡς
1166 280 1250 316 κόρην
1270 281 1409 316 ὀφθαλμοῦ
1421 290 1479 315 σου,
1495 282 1585 309 πάντα
1594 283 1639 310 τὸν
1651 283 1787 314 λαλοῦντα
1800 293 1839 311 σοι
1856 285 1894 311 λό-

1108 332 1157 359 γον
1165 325 1212 351 τοῦ
1222 326 1334 361 Κυρίου.
1343 326 1400 361 (72)
1410 328 1560 364 Μνησθήσῃ
1567 329 1648 355 αὑτὸν
1659 331 1675 364 ἡ
1681 329 1770 365 μέρας
1777 331 1894 365 κρίσεως,

1108 370 1205 402 νυκτὸς
1220 372 1266 397 καὶ
1282 371 1398 407 ἡμέρας.
1427 373 1601 408 Ἐκζητήσεις
1615 373 1677 400 καθ’
1694 375 1814 410 ἑκάστην
1831 376 1894 410 ἠμέ-

1110 425 1158 452 ραν
1170 416 1204 442 τὰ
1217 417 1350 451 πρόσωπα
1366 418 1419 443 τῶν
1433 419 1529 452 ἁγίων,
1543 420 1590 446 καὶ
1607 419 1664 455 (75)
1682 420 1729 446 διὰ
1744 420 1824 454 λόγου
1842 430 1898 448 ακο-

1108 462 1167 489 πῶν
1182 463 1229 489 καὶ¹
1249 464 1430 499 πορευόμενος
1448 465 1488 496 εἰς
1500 464 1531 491 τὸ
1543 466 1745 501 παρακαλέσαι,
1759 468 1807 494 καὶ
1825 469 1896 502 μελε-

1106 509 1160 536 τῶν
1173 510 1213 541 είς
1229 509 1259 535 τὸ
1278 509 1363 536 σῶσαι
1376 510 1464 546 ψυχὴν
1478 510 1518 546 τῷ
1537 511 1618 547 λόγῳ.
1635 512 1693 547 (74)
1713 513 1771 540 Καὶ
1784 514 1830 540 διὰ
1848 515 1898 540 τῶν

1108 555 1206 590 χειρῶν
1237 564 1283 582 σου
1316 555 1420 592 ἐργάσῃ
1451 557 1492 588 εἰς
1515 556 1648 592 λύτρωσιν
1675 557 1731 584 τῶν
1758 559 1899 595 ἁμαρτιῶν

1107 609 1166 628 σου.
1181 601 1237 636 (75)
1251 601 1287 627 Οὐ
1300 601 1436 633 διστάσεις
1448 602 1548 633 δοῦναι,
1570 603 1630 629 οὐδὲ
1643 603 1734 635 διδοὺς
1745 605 1897 639 γογγύπις.

1106 647 1199 673 Παντὶ
1217 647 1349 674 αιτοῦντι
1362 655 1399 674 σε
1412 647 1498 675 δίδου
1509 657 1515 663 ·
1537 649 1629 685 γνώσῃ
1649 650 1688 682 δὲ,
1705 650 1749 682 τίς
1762 652 1778 677 ό
1791 651 1839 677 τοῦ
1858 661 1899 686 μι-

1108 692 1171 719 σθοῦ
1193 693 1274 724 καλὸς
1297 693 1494 729 ἀνταποδότης.
1516 695 1572 730 (76)
1586 695 1726 729 Φυλάξεις,
1746 697 1765 723 ἃ
1781 698 1899 732 παρέλα-

1105 739 1162 771 ϐες,
1178 739 1246 774 μήτε
1261 739 1428 774 προστιθεὶς,
1443 741 1511 776 μήτε
1521 741 1645 777 ἀφαιρῶν
1668 742 1716 772 Εἰς
1728 743 1809 774 τέλος
1822 745 1898 778 μισή-

1106 792 1162 814 σεις
1172 784 1217 809 τὸν
1230 784 1356 819 πονηρόν.
1372 785 1548 820 (ἶ7)Κρινείς
1558 786 1678 818 δικαίως.
1693 787 1750 822 (78)
1766 789 1808 814 Οὐ
1824 790 1898 823 ποιήξ

1106 836 1162 860 σεις
1174 829 1286 864 σχίσμα,
1298 830 1466 865 εἰρηνεύσεις
1473 831 1501 857 δὲ
1516 831 1686 867 μαχομένους
1697 833 1835 867 συνάγων.
1847 834 1899 868 (79)

1070 859 1091 886 Β
1113 859 1310 912 Ἐξομολογήσῃ
1323 859 1369 903 ini
1386 859 1533 913 ἁμαρτίαις
1549 859 1610 906 got}.
1628 859 1685 914 (se)
1704 859 1899 915 Οὐχ

1107 921 1244 955 προσευχῇ
1269 929 1315 946 σου
1339 921 1368 948 ἐν
1385 922 1534 958 συνειδήσει
1558 924 1674 958 πονηρᾷ.
1698 923 1774 959 Αὕτη
1796 925 1897 958 scr.di

1106 964 1165 996 ὁδὸς
1180 965 1226 991 τοῦ
1241 966 1335 1000 φωτός.

892 1065 951 1094 XX.
967 1066 1005 1094 De
1018 1067 1061 1094 via
1078 1065 1255 1093 tenebrarum.

303 1121 353 1150 Via
382 1126 473 1150 autem
499 1122 673 1150 tenebrarum
708 1122 818 1158 obliqua
847 1127 889 1150 est
916 1122 1050 1157 plenaque

268 1168 475 1196 maledictionis.
488 1168 535 1195 Est
546 1169 617 1195 enim
631 1169 673 1195 via
687 1169 784 1196 mortis
797 1174 904 1196 aeterna:
915 1176 977 1196 cum
989 1175 1050 1203 sup-

267 1213 359 1248 plicio,
381 1214 408 1240 in
430 1221 483 1248 qua
505 1217 580 1245 sunt,
603 1221 664 1248 quae
678 1213 795 1248 perdunt
808 1214 927 1240 animam
949 1213 1049 1249 [homi-

267 1259 344 1294 num]
359 1269 365 1286 ;
383 1259 547 1291 idololatria,
565 1259 713 1291 temeritas,
741 1259 824 1286 elatio
840 1260 875 1286 ob
888 1260 1047 1294 potentiam,

266 1305 414 1337 simulatio,
429 1312 476 1332 cor
487 1305 597 1339 duplex,
611 1304 787 1337 adulterium,
803 1304 989 1338 homicidium,
1003 1313 1047 1332 ra-

267 1350 342 1385 pina,
356 1350 493 1385 snperbia,
510 1351 702 1386 transgressio,
723 1350 812 1383 dolus,
835 1351 949 1383 malitia,
971 1359 1048 1378 arro-

265 1397 368 1432 gantia,
391 1396 561 1428 veneﬁcium,
582 1397 681 1431 magia,
701 1396 826 1428 avaritia,
848 1397 938 1424 nullus
952 1397 998 1424 Dei
1013 1397 1047 1424 ti-

265 1449 334 1469 mor.
350 1441 390 1478 [ln
411 1450 464 1476 qua
477 1442 551 1478 sunt]
574 1442 707 1469 bonorum
730 1447 926 1477 persecutores,
949 1450 1045 1470 osores

264 1487 396 1519 veritatis,
416 1492 553 1515 amatores
578 1487 751 1523 [mendacii],
776 1496 829 1515 non
851 1492 1045 1523 cognoscentes

264 1533 415 1559 mercedem
432 1532 554 1566 justitim,
571 1540 624 1559 non
641 1533 762 1568 adjuncti
777 1534 810 1560 ad
827 1533 938 1564 bonum,
959 1533 1046 1560 vidua:

263 1581 290 1604 et
304 1578 405 1612 pupillo
420 1586 472 1604 non
490 1579 658 1605 attendentes
672 1587 704 1605 ex
719 1579 919 1613 justojudicio,
935 1579 1046 1614 vigilan-

263 1627 303 1650 tes
317 1631 370 1650 non
383 1623 414 1650 ad
429 1624 554 1650 timorem
575 1623 630 1656 Dei,
644 1624 690 1650 sed
709 1624 742 1650 ad
757 1624 900 1656 malitiam,
916 1631 931 1650 a
943 1624 1044 1658 quibus

261 1668 341 1703 longe
355 1677 386 1696 ac
401 1669 494 1704 procul
507 1674 570 1696 sunt
590 1669 772 1696 mansuetudo
791 1674 816 1696 et
836 1669 977 1704 patientia,
995 1669 1043 1704 qui

261 1714 374 1749 diligunt
396 1722 475 1747 vana,
498 1720 691 1742 consectantur
707 1716 966 1748 remunerationem,
989 1723 1041 1742 non

1140 1120 1195 1156 (81)
1216 1120 1248 1147 Ἦ
1263 1120 1291 1147 δὲ
1303 1120 1350 1147 τοῦ
1363 1120 1477 1156 μέλανος
1489 1121 1548 1154 ὁδός
1559 1123 1618 1149 ἐστι
1632 1123 1739 1155 σκολιὰ,
1752 1125 1803 1151 καὶ
1819 1126 1896 1151 κατό-

1101 1174 1149 1200 ρας
1165 1166 1258 1202 μεστή.
1279 1166 1356 1192 Ἔστι
1372 1166 1426 1202 γὰρ
1438 1167 1496 1199 ὁδὸς
1506 1167 1553 1194 τοῦ
1567 1168 1684 1196 θανάτου
1697 1170 1810 1196 αἰωνίου
1829 1172 1896 1205 μετὰ

1098 1211 1234 1247 τιμωρίας
1249 1212 1278 1238 ἐν
1327 1212 1430 1238 ἐστιτὰ
1445 1213 1596 1240 ἀπολοῦντα
1609 1214 1660 1249 τὴν
1677 1215 1768 1250 ψυχὴν
1787 1217 1894 1242 αὐτῶν·

1097 1257 1312 1292 είδωλολατρεία,
1329 1258 1475 1294 θρασύτης,
1492 1259 1559 1293 ὕψος
1573 1259 1724 1295 δυνάμεως,
1737 1262 1897 1297 ὑπόκρισις,

1098 1302 1286 1338 διπλοκαρδία,
1313 1304 1430 1338 μοιχεία,
1449 1305 1538 1338 φόνος,
1554 1306 1677 1341 ἁρπαγὴ,
1700 1307 1896 1342 ὑπερηφανία,

1098 1348 1263 1383 παράϐασις,
1279 1348 1364 1380 δόλος,
1383 1350 1474 1381 κακία,
1492 1350 1632 1383 αὐθάδεια,
1650 1354 1826 1388 φαρμακεία,
1850 1363 1899 1389 μα-

1097 1394 1168 1428 γεία,
1184 1394 1332 1428 πλεονεξία,
1344 1396 1442 1430 ἀφοεία
1459 1396 1536 1424 Θεοῦ.
1552 1397 1606 1432 (82)
1617 1398 1736 1425 Διῶκται
1751 1399 1807 1426 τῶν
1829 1401 1898 1434 αγα-

1097 1438 1160 1471 θῶν,
1180 1439 1320 1474 μισοῦντες
1343 1440 1484 1476 ἀλήθειαν,
1508 1442 1668 1476 ἀγαπῶντες
1686 1443 1742 1478 (83)
1761 1444 1897 1480 [ψεῦδοςῖ.

1095 1485 1125 1511 οὺ
1141 1484 1321 1519 γινώσκοντες
1345 1487 1438 1521 μισθὸν
1461 1488 1643 1525 δικαιοσύνης,
1666 1490 1697 1516 οὐ
1724 1491 1898 1527 κολλώμενοι

1095 1529 1197 1564 ἀγαθῷ,
1212 1531 1246 1566 οὐ,
1259 1531 1348 1566 κρίσει
1364 1531 1455 1566 δικαίᾳ
1467 1533 1538 1569 χήρᾳ
1555 1534 1600 1560 καὶ
1615 1534 1725 1570 ὀρφανῴ
1740 1538 1900 1572 προσέχον-

1094 1583 1149 1608 τες,
1172 1575 1372 1614 ἀγρυπνοῦντες
1394 1577 1444 1603 οὐκ
1466 1578 1506 1609 εἰς
1523 1578 1603 1612 φόϐον
1618 1580 1697 1611 Θεοῦ,
1718 1582 1778 1608 ἀλλ’
1801 1584 1856 1609 ἐπὶ
1872 1584 1899 1608 τὸ

1094 1621 1221 1657 πονηρὸν,
1238 1618 1275 1648 ὦν
1294 1621 1402 1657 μακρὰν
1422 1623 1467 1649 καὶ
1494 1623 1589 1660 πόρρω
1609 1626 1734 1662 πραΰτης
1761 1629 1812 1654 καὶ
1833 1630 1901 1655 ὑπό-

1095 1667 1172 1703 μονὴ,
1186 1668 1347 1707 ἀγαπῶντες
1361 1669 1474 1704 μάταια,
1484 1669 1628 1703 διώκοντες
1640 1672 1836 1709 ἀνταπόδομα,
1849 1676 1898 1701 οὐκ

1095 1712 1236 1745 ἐλεοῦντες
1248 1716 1365 1749 πτωχὸν,
1381 1715 1412 1740 οὐ
1437 1715 1580 1748 πονοῦντες
1597 1718 1643 1744 ἐπὶ
1659 1719 1699 1754 τῷ
1716 1728 1899 1747 1111:0102,—

260 1760 425 1788 miserentur
446 1760 546 1796 inopis,
568 1767 622 1787 non
642 1760 767 1788 laborant
782 1761 808 1787 in
830 1761 944 1795 gratiam
976 1760 1047 1788 illius

1111 1759 1181 1794 ιένῳ,
1200 1759 1320 1795 εὐχερεῖς
1345 1761 1374 1786 ὲν
1403 1762 1562 1798 καταλαλίᾳ,
1586 1763 1617 1789 οὑ
1643 1765 1837 1798 γινώσκοντες
1854 1768 1898 1792 τὸν

260 1806 306 1840 qui
320 1806 412 1833 labore
433 1814 465 1833 ac
478 1806 607 1833 aerumnis
622 1805 765 1834 confectus
786 1810 838 1838 est,
856 1806 890 1833 ad
905 1807 1042 1834 obtrecta-

260 1851 362 1878 tionem
375 1852 502 1886 prompti,
512 1859 564 1878 non
574 1855 771 1886 cognoscentes
782 1851 938 1878 Creatorem
952 1858 1044 1883 suum,

258 1896 406 1924 liberorum
428 1897 634 1931 interemptorcs
656 1896 696 1933 [in
724 1896 898 1932 abortione],
921 1904 1044 1924 corrum-

259 1949 353 1978 pentes
376 1943 422 1970 Dei
439 1948 604 1976 creaturam,
622 1948 780 1970 aversantes
804 1950 930 1978 egenum,
949 1943 1043 1978 oppri-

258 1994 363 2016 mentes
378 1989 517 2022 amictum,
533 1989 646 2016 divitum
668 1989 805 2022 advocati,
820 1996 970 2024 pauperum
991 1987 1043 2014 ini-

258 2036 304 2071 qui
319 2036 437 2071 judices;
454 2043 501 2070 per
516 2035 605 2062 omnia
621 2039 786 2069 peccatores.

1095 1806 1245 1841 ποιήσαντα
1259 1806 1366 1838 αὐτοὺς,
1379 1809 1469 1841 φονεῖς
1482 1809 1595 1842 τέκνων,
1608 1810 1720 1847 φθορείς
1731 1813 1899 1848 πλάσματος

1096 1850 1174 1883 Θεοῦ,
1192 1852 1425 1888 ἀποστρεφόμενοι
1440 1854 1486 1881 τὸν
1502 1855 1673 1891 ἐνδεόμενον.
1702 1859 1897 1885 καταπονοῦν-

1096 1905 1142 1928 τες
1157 1897 1201 1924 τὸν
1220 1896 1387 1934 θλιϐόμενον,
1405 1899 1540 1928 πλουσίων
1555 1902 1738 1938 παράκλητοι,
1768 1906 1899 1940 στενή-ευ*

1097 1941 1194 1976 ἄνομοι
1211 1942 1313 1978 κριταὶ,
1329 1944 1562 1980 πανταμὰρτητοι.

852 2091 923 2120 XXI.
936 2091 1076 2120 Conclusio
1096 2093 1286 2120 admonitoria.

293 2151 413 2186 Equum
446 2151 527 2186 igitur
559 2155 617 2183 est,
654 2155 684 2178 ut
711 2152 792 2178 homo
825 2150 937 2178 edoctus
965 2158 1044 2177 man-

256 2197 319 2225 data
343 2197 460 2229 Domini,
483 2201 617 2232 quotquot
636 2197 713 2232 prius
737 2197 839 2232 scripta
859 2201 934 2231 sunt,
954 2197 982 2224 in
998 2197 1039 2224 eis

256 2243 385 2271 ambulet.
399 2243 451 2276 Qui
470 2243 542 2270 enim
558 2251 589 2270 ea
603 2243 719 2278 perﬁcit,
735 2243 763 2270 in
783 2250 867 2278 regno
880 2242 928 2270 Dei
949 2242 1035 2278 gloria

256 2289 453 2322 cumulahitur;
466 2289 513 2323 qui
529 2297 593 2316 vero
605 2289 791 2325 alia'eicgerit,
808 2288 890 2315 simul
903 2296 966 2316 cum
977 2289 1037 2316 suis

1135 2150 1224 2177 Καλὸν
1242 2148 1288 2178 οὖν
1300 2152 1367 2184 ἐστι,
1385 2153 1503 2187 μαθόντα
1519 2153 1553 2181 τὰ
1569 2154 1744 2191 δικαιώματα
1766 2157 1894 2191 Κυρίου,

1093 2196 1144 2222 ὅσα
1171 2197 1393 2232 προγέγραπται,
1417 2199 1446 2224 ἐν
1468 2199 1573 2232 τούτοις
1587 2203 1762 2236 περιπατεῖν.
1784 2203 1812 2228 ’0
1838 2203 1896 2238 γὰρ

1089 2242 1176 2268 ταῦτα
1187 2240 1307 2269 ποιώνὲν
1320 2245 1352 2278 τῇ
1363 2243 1486 2279 βασιλείᾳ.
1497 2244 1544 2271 τοῦ
1561 2245 1630 2271 Θεοῦ
1650 2246 1851 2283 δοξασθήσεται
1863 2257 1869 2261 ”
1882 2249 1896 2273 ὀ

1089 2288 1181 2314 ἐκεῖνα
1193 2287 1248 2323 (84)
1259 2287 1445 2324 ἐκλεγόμενος,
1459 2290 1528 2325 μετὰ
1550 2292 1604 2318 τῶν
1619 2293 1709 2327 ἔργων
1726 2293 1808 2320 αὑτοῦ
1829 2301 1897 2319 συντ

256 2336 385 2372 operibus
400 2335 506 2371 peribit.
527 2334 673 2370 Propterea
694 2335 869 2368 resurrectio,
895 2339 1038 2370 propterea

1112 2333 1245 2360 πολεῖται.
1257 2333 1306 2360 Διὰ
1319 2334 1398 2361 τοῦτο
1413 2336 1571 2369 ἀνάστασις,
1585 2337 1631 2364 διὰ
1641 2338 1721 2365 τοῦτο
1738 2340 1895 2365 ἀνταπόδο-

255 2369 408 2410 tetributio.
422 2382 498 2417 Rogo
511 2389 571 2414 vos,
593 2389 731 2416 proceres,
746 2381 769 2409 si
784 2380 908 2416 accipitis
929 2379 1040 2414 aliquod

1111 2387 1144 2410 ις,
1166 2378 1275 2413 Ἐρωτῶ
1290 2379 1353 2410 τοὺς
1370 2379 1563 2416 ὑπερέχοντας,
1582 2382 1610 2408 εί
1620 2383 1684 2410 τινά
1699 2392 1750 2419 μου
1770 2383 1895 2419 γνώμης

293 2467 305 2484 ιι
321 2466 402 2496 Ερριί,
418 2473 454 2497 ιν,
466 2463 511 2496 3i,
529 2462 572 2488 56.
611 2463 621 2477 ⁸
636 2462 644 2488 l
665 2461 727 2487 Cor.
745 2469 780 2489 ιγ,
795 2459 837 2485 12.
876 2462 886 2477 ⁹
900 2459 993 2487 Matth.
1007 2468 1034 2492 v,

1121 2459 1188 2488 Luc.
1201 2469 1239 2495 vi,
1252 2463 1296 2491 30.

902 2520 1084 2563 VARIORUM
1103 2520 1207 2548 nom:

287 2572 341 2609 (7i)
360 2573 450 2609 Const.
468 2580 565 2609 apost.,
582 2583 630 2607 vn,
648 2576 690 2602 ll.

285 2607 340 2642 (τε)
359 2607 441 2640 Ibid.,
455 2609 481 2636 9.

287 2644 342 2677 (73)
351 2643 380 2670 Ε.
390 2644 437 2670 καὶ
451 2644 588 2679 διαλόγους
601 2649 652 2681 [ες.
663 2646 763 2679 αὐτῶν]
779 2646 889 2673 σκοπῶν
898 2666 904 2678 ,
923 2655 1031 2675 sermo-

250 2686 298 2705 nes
316 2686 410 2705 eorum
432 2685 614 2713 perscrutans.

281 2713 336 2747 (74)
364 2713 454 2741 Const.
470 2720 566 2748 (κραδίη
590 2723 637 2745 vn.
664 2716 706 2742 ιε.
723 2715 777 2743 Ant
799 2716 876 2743 labor
899 2725 1030 2745 manuum

249 2749 465 2781 commendatur,
490 2754 537 2776 aut
551 2751 707 2778 distributio
720 2751 879 2779 facultatum
905 2753 932 2779 in
959 2753 1030 2780 elec-

250 2789 372 2816 tnosyna.
386 2783 452 2810 Cor.

285 2817 339 2850 (75)
352 2817 443 2844 Const.
456 2824 552 2851 «push,
566 2819 583 2845 l.
599 2828 624 2846 c.

287 2851 341 2884 (76)
355 2851 444 2879 (quat.
461 2859 557 2888 (ιροδιῚ
570 2863 616 2888 vn,
633 2855 676 2884 Η.

1119 2576 1175 2615 (77)
1194 2578 1285 2615 ςοιιει.
1304 2585 1402 2614 αροδιν,
1421 2589 1470 2615 vn,
1488 2582 1530 2609 l0.

1122 2612 1178 2654 ς
1192 2612 1274 2654 ψίιίη
1288 2612 1340 2642 ms.
1356 2612 1645 2654 σχῆμαᾲρμαχομέν-,τπ

1121 2626 1178 2684 {iiii
1192 2626 1525 2684 3535.".12'035'l‘iﬁ'i'i‘f'

1125 2683 1181 2717 (80)
1199 2683 1282 2716 Ibid.,
1299 2683 1342 2712 l7.

1123 2718 1277 2751 (8t).lbid.,
1294 2719 1337 2747 ιδ.

1196 2754 1605 2799 'Sjubaudirexlantecedentibus
1618 2762 1648 2788 ὲν
1694 2763 1754 2789 εἱσι.

1196 2788 1223 2827 id
1235 2790 1305 2827 addo
1316 2798 1350 2818 ex
1365 2791 1454 2819 Const.
1473 2801 1516 2827 ap.
1530 2795 1548 2822 l.
1565 2787 1599 2823 οξ
1667 2787 1672 2799 ί

1118 2823 1175 2863 (84)
1197 2824 1350 2866 Ἐκεῖναε
1369 2835 1430 2861 qua:
1439 2823 1554 2866 Δ(Ιίίίίιιειξ
1576 2832 1708 2860 voluntati
1722 2838 1786 2861 sunt
1805 2842 1884 2866 con,

1082 2859 1177 2892 traria,
1193 2859 1227 2887 de
1256 2861 1356 2895 quibus
1378 2859 1409 2890 ὀ.
1438 2862 1472 2892 2')
1488 2865 1578 2895 fuerat
1591 2875 1693 2896 sermo.
