1916 3104
246 164 1866 192 M

351 314 438 404 S.
503 309 1067 401 MATTHIAS
1126 308 1778 402 APOSTOLUS

803 627 1314 698 FRAGMENTA.

252 803 310 846 (Ει
341 803 504 835 Clemente
530 800 758 837 Alexandrino,
786 797 989 846 εινοπξνιίὶ)Σ
1005 796 1293 846 ιιιηὶαρεγῦρξιιξι).
1312 806 1368 833 ιιι,
1398 805 1467 837 cap.
1493 797 1530 835 tt;
1557 796 1642 837 Opp.
1680 797 1801 833 tom.l,
1828 797 1876 828 ed.

887 837 1001 869 Venet.
1020 837 1110 874 1757,
1131 836 1257 876 in-fol.)

1048 977 1082 985 .-

290 1187 397 1224 Ταύτης
416 1187 446 1214 δὲ
462 1186 521 1223 (τῆς
541 1184 678 1222 ἀληθείας)
702 1183 773 1220 ἀρχὴ
794 1182 825 1210 τδ
846 1182 986 1218 θαυμάσαι
1011 1179 1045 1207 τὰ

1133 1180 1200 1216 Ejus
1214 1185 1305 1208 autem
1321 1181 1465 1216 (veritatis)
1480 1186 1523 1209 est
1543 1181 1713 1216 principium
1735 1188 1782 1208 res
1803 1179 1883 1206 admi-

255 1234 424 1270 πράγματα,
452 1233 491 1265 ὼς
520 1232 634 1259 Πλάτων
664 1231 694 1257 ὲν
716 1229 863 1263 Θεαιτήτῳ
878 1229 970 1263 λέγει·
1000 1236 1011 1254 γ

1131 1227 1171 1260 ri,
1190 1232 1220 1254 ut
1243 1227 1310 1254 dicit
1330 1227 1407 1255 Plato
1429 1227 1457 1254 in
1483 1225 1637 1260 Thecteto;
1662 1231 1691 1254 et
1714 1225 1886 1253 MATTHIAS

255 1279 453 1308 ΜΔΤΘΙΔΣεὲν
475 1274 890 1311 ταῖςηαραδόσεσιπαραινῶνο
911 1283 920 1300 ε
934 1273 1011 1310 saep

1128 1275 1247 1302 lhortans
1264 1274 1290 1301 in
1309 1273 1506 1301 Traditionibus
1519 1279 1529 1298 :
1539 1273 1707 1300 «Admirare
1720 1273 1884 1308 praesentia,r

258 1334 305 1352 σον
326 1325 362 1352 τὰ
383 1324 504 1360 παρόντα
524 1323 579 1359 (l),
594 1332 603 1348 ι
629 1321 730 1357 βαθμὸν
753 1320 848 1347 τοῦτον
873 1320 980 1355 πρῶτον
996 1328 1014 1346 τι

1135 1327 1161 1347 m
1176 1327 1237 1347 esse
1250 1319 1369 1354 primum
1380 1318 1494 1354 gradum
1506 1322 1630 1346 statuens
1643 1318 1789 1346 ulterioris
1801 1317 1888 1352 cogni-

257 1370 386 1398 ιπέκεινσ.
396 1369 521 1406 γνώσεως
537 1367 738 1403 ὑποτιθέμενος.
1100 1363 1192 1391 tionis.

1063 1451 1098 1480 ιι.

295 1549 411 1584 Λέγουσι
426 1548 451 1582 γ’
473 1544 519 1574 οὖν
535 1546 581 1573 καὶ
596 1545 642 1573 τὸν
657 1546 812 1573 ΜΔΤΘΙΑΝ
826 1545 912 1578 οὓτως
927 1544 1048 1578 διδάξαι·

1139 1541 1239 1570 Dicunt
1254 1541 1346 1576 itaque
1361 1539 1541 1568 MATTHIAM
1555 1548 1667 1576 quoque
1682 1541 1726 1568 sic
1746 1541 1891 1570 docuisse.

263 1605 273 1621 ι
287 1595 371 1631 Σαρκὶ
383 1594 432 1630 μὲν
446 1592 578 1629 μάχεσθαι
590 1592 637 1619 καὶ
649 1591 840 1629 παραχρῆσθαι
851 1613 858 1625 ,
885 1592 970 1629 μηθὲν
981 1591 1019 1618 at’r

1137 1589 1199 1616 llum
1223 1596 1306 1616 carne
1329 1588 1437 1624 quidem
1463 1596 1583 1623 pugnare
1597 1592 1625 1615 et
1650 1595 1682 1616 ea
1707 1588 1765 1620 uti,
1782 1588 1849 1615 nihil
1872 1588 1893 1614 ei

262 1640 330 1677 πρὸς
348 1639 444 1676 ἡδονὴν
466 1638 613 1666 ἀκόλαστον
634 1637 784 1664 ἐνδιδόντα·
807 1637 895 1674 ψυχὴν
915 1637 944 1665 δὲ
957 1637 1018 1671 ubi:

1137 1634 1271 1670 Ipudicum
1286 1634 1425 1670 largiendo
1445 1634 1477 1661 ad
1493 1634 1676 1669 voluptatem;
1691 1642 1796 1669 augere
1808 1639 1893 1661 autem

261 1686 305 1714 διὰ
317 1685 432 1718 πίστεως
443 1686 489 1712 καὶ
499 1684 624 1720 γνώσεως
649 1694 659 1711 ›

1104 1681 1223 1709 animam
1237 1688 1284 1716 per
1296 1680 1375 1708 [idem
1390 1684 1418 1708 et
1432 1680 1626 1716 cognitionem.
1639 1689 1648 1705 ι

895 1899 1274 1950 ADNOTATIO.

306 2021 345 2057 (Ι)
365 2019 450 2049 Vetus
461 2026 504 2048 est
513 2020 586 2056 apud
597 2020 762 2049 Clementem
775 2020 989 2048 Alexandrinum
1013 2021 1041 2048 in
1057 2021 1178 2049 secundo
1203 2020 1358 2049 Stromateo
1372 2020 1487 2056 apostoli
1499 2019 1620 2048 Matthiae
1630 2019 1737 2048 dictum
1747 2041 1756 2054 ,
1774 2020 1802 2047 in
1812 2019 1896 2046 Tradi-

261 2068 374 2096 tiouibus
386 2089 394 2102 ,
418 2067 492 2102 quod
503 2067 635 2094 admirati
646 2067 720 2103 jubet
736 2068 892 2102 prwsentia,
907 2075 939 2096 ac
950 2076 999 2103 per
1010 2076 1042 2096 ea
1054 2076 1105 2096 nos
1118 2068 1251 2104 gradatim
1264 2068 1298 2095 ad
1313 2068 1470 2096 ulteriorem
1481 2089 1489 2101 ,
1503 2068 1555 2095 hoc
1568 2073 1611 2096 est
1622 2069 1785 2096 divinarum
1800 2075 1895 2096 rerum.

265 2114 447 2148 cognitionem
462 2114 597 2141 attollere.
610 2113 668 2140 lmo
683 2113 747 2148 quia
763 2121 816 2141 vox
832 2114 890 2149 ipsa
905 2113 1056 2150 θαυμάζειν
1074 2122 1128 2142 non
1148 2115 1243 2141 mirari
1263 2114 1351 2142 solum
1362 2135 1369 2148 ,
1389 2114 1436 2142 sed
1452 2114 1534 2141 etiam
1551 2115 1667 2148 discere,
1686 2122 1721 2142 ac
1739 2114 1894 2147 discipulum

265 2167 321 2186 esse
332 2159 485 2195 signiﬁcat,
498 2165 529 2188 ut
546 2160 718 2196 grammatici
732 2160 851 2194 docent,
867 2167 895 2188 et
909 2162 981 2189 inter
999 2169 1047 2190 eos
1063 2161 1217 2198 Hesychius
1228 2183 1235 2196 ,
1252 2162 1295 2190 his
1311 2163 1386 2190 velut
1401 2162 1540 2198 magisnis
1557 2168 1589 2188 ac
1606 2160 1787 2191 doctoribus,
1805 2160 1841 2187 ad
1856 2158 1896 2184 Dei

266 2206 392 2234 notitiam
405 2206 538 2242 proﬁcere
551 2227 559 2240 ,
572 2214 605 2235 ac
621 2206 661 2234 sic
677 2211 807 2242 tanquam
821 2208 848 2235 in
864 2208 930 2236 ludo
943 2209 1064 2244 quodam
1075 2213 1102 2236 et
1113 2209 1206 2236 schola
1222 2208 1321 2236 divina:
1338 2208 1596 2244 contemplationis,
1612 2207 1640 2234 in
1657 2207 1711 2234 hac
1729 2214 1826 2234 rerum
1843 2205 1897 2233 uni-

267 2255 398 2283 versitate
411 2256 515 2283 versari
529 2263 581 2284 nos
592 2256 700 2283 volebat
717 2257 868 2292 apostolus.
883 2257 989 2285 Tritum
1006 2258 1073 2286 illud
1087 2262 1130 2286 est
1144 2265 1196 2285 usu
1208 2258 1373 2293 scriptorum
1387 2256 1511 2284 omnium
1521 2275 1529 2288 ,
1545 2262 1577 2282 ac
1591 2261 1718 2282 sermone
1742 2252 1897 2282 communi.

268 2301 343 2337 quod
358 2309 473 2338 magnus
495 2302 541 2330 ille
561 2303 729 2338 praedicabat
754 2304 906 2332 Antonius:
923 2304 1054 2341 grandem
1078 2312 1139 2333 esse
1154 2307 1254 2332 librum
1275 2305 1409 2333 mundum
1426 2303 1518 2336 hunc,
1535 2304 1564 2330 in
1581 2309 1647 2338 quo,
1659 2301 1736 2329 velut
1754 2299 1898 2335 antiquari!

268 2347 350 2383 periti
363 2355 464 2380 manu,
486 2348 681 2383 pulcherrimis
701 2350 854 2379 litterarum
872 2353 944 2380 nolis
964 2352 1086 2380 auctoris
1106 2360 1193 2384 tpstus
1213 2356 1374 2379 ornamenta
1394 2351 1530 2386 descripta
1557 2354 1630 2378 sunt.
1650 2348 1683 2376 In
1705 2347 1898 2384 pulchritudine

268 2393 327 2421 cmli
339 2397 364 2421 et
381 2398 458 2421 term
469 2394 518 2429 (ait
530 2400 632 2424 auctor
641 2396 769 2432 Epistolaa
780 2399 814 2427 ad
826 2399 1037 2430 Demetriadem,
1047 2405 1108 2433 qua:
1120 2403 1161 2426 est
1173 2399 1242 2425 inter
1253 2391 1448 2426 Anihrosianas
1462 2398 1507 2433 55)
1517 2397 1652 2433 :qutedam
1666 2400 1727 2423 sunt
1742 2393 1898 2431 pagina,“

269 2441 387 2468 omnium
401 2440 491 2467 oculos
502 2448 603 2476 semper
614 2447 742 2476 patentes,
752 2449 777 2471 et
789 2450 924 2472 auctorem
939 2452 1016 2470 suum
1036 2451 1169 2478 nunquam
1180 2448 1294 2471 tacentes
1303 2464 1310 2475 ,
1323 2452 1435 2479 quarum
1448 2444 1605 2479 protestatio
1617 2442 1768 2469 doctrinam
1783 2443 1899 2469 imitatur

269 2487 458 2522 magistrorum
468 2507 476 2520 ,
489 2491 514 2513 et
531 2486 635 2522 eloquia
647 2487 859 2524 Scripturarum.
876 2491 981 2526 Atque,
996 2496 1026 2518 ut
1041 2489 1188 2519 Facundus
1202 2489 1406 2517 llcrmianensis
1421 2490 1490 2517 libro
1507 2497 1545 2516 xu
1559 2489 1668 2521 scribit,
1686 2487 1766 2515 Sicut
1783 2488 1857 2514 nobis
1869 2485 1897 2511 ad

269 2541 357 2561 rerum
376 2533 597 2569 signiﬁcationem
611 2535 689 2562 verba
703 2541 763 2563 sunt
777 2536 841 2563 data
851 2557 859 2570 ,
874 2537 912 2564 sic
926 2538 1098 2572 omnipotens
1118 2537 1204 2571 Deus,
1221 2537 1296 2572 cujus
1312 2536 1438 2571 potestati
1452 2536 1569 2568 subiecta
1584 2540 1644 2562 sunt
1658 2535 1749 2561 omnia
1760 2555 1768 2567 ,
1783 2538 1809 2561 et
1831 2532 1896 2565 cuqu

269 2580 401 2615 sapientia
412 2580 584 2616 singulariter
596 2582 666 2609 novit
685 2582 712 2609 in
723 2591 799 2609 usum
812 2583 941 2610 doctrinm
953 2584 1034 2611 etiam
1047 2584 1214 2611 voluntarios
1227 2582 1398 2610 nescientium
1409 2587 1495 2609 motus
1507 2583 1686 2609 convenienter
1701 2586 1813 2616 aptare,
1825 2587 1896 2615 quas-

272 2634 372 2661 cunque
383 2634 422 2653 res
437 2626 556 2660 voluerit,
569 2632 631 2654 actu
645 2633 774 2656 creatum
788 2637 845 2656 sua:
855 2630 1270 2664 signiﬁcat.—Quemadmodum
1288 2629 1379 2663 igitur,
1396 2632 1426 2654 ut
1437 2628 1582 2663 Augustini
1602 2628 1692 2656 verbis
1713 2628 1866 2658 absolvam,
1878 2627 1897 2653 εἰ

271 2673 375 2701 litteras
397 2671 520 2707 pulchras
544 2673 642 2700 alicubi
664 2674 870 2709 inspiceremus,
894 2684 947 2702 non
969 2676 1044 2703 nobis
1068 2677 1196 2711 sufﬁceret
1219 2675 1332 2703 laudare
1354 2675 1490 2709 scriptoris
1518 2674 1678 2707 articulum,
1707 2675 1841 2710 quomodo
1859 2681 1896 2700 ent

271 2719 369 2753 pariles
379 2739 386 2751 ,
400 2718 512 2753 wquales
523 2740 530 2753 ,
546 2720 705 2755 decorasque
718 2721 796 2756 fecit,
810 2723 862 2749 nisi
874 2723 955 2750 etiam
968 2722 1108 2757 legerimus
1119 2743 1126 2756 ,
1138 2723 1202 2758 quid
1219 2722 1298 2750 nobis
1314 2729 1360 2756 per
1378 2720 1441 2748 illas
1460 2721 1615 2748 indicaverit
1629 2729 1639 2748 :
1653 2722 1692 2748 ita
1715 2721 1765 2748 Dei
1781 2730 1844 2756 opus
1859 2728 1897 2754 qi-

273 2770 377 2792 tantum
390 2766 514 2802 inspicit,
529 2767 676 2794 delectatur
691 2768 889 2802 pulchritudine
904 2770 987 2803 operis
1000 2790 1007 2802 ,
1023 2774 1052 2795 ut
1070 2770 1222 2797 admiretur
1240 2769 1387 2803 artiﬁcem;
1400 2769 1446 2803 qui
1464 2774 1552 2795 autem
1576 2768 1718 2804 intelligit,
1732 2770 1813 2796 auasi
1833 2768 1896 2802 legit.

273 2809 331 2837 Hoc
342 2815 400 2838 est:
414 2811 562 2846 θαυμάζειν
575 2811 609 2838 τὰ
621 2812 742 2848 παρόντα
751 2833 758 2840 .
773 2821 826 2840 non
842 2814 960 2841 otiosum
977 2822 1029 2849 spei

1140 2823 1157 2841 ιι
1175 2820 1202 2842 et
1217 2815 1416 2842 admiratorem
1436 2821 1515 2846 esse,
1533 2814 1579 2842 sed
1604 2815 1734 2850 docilem,
1754 2815 1896 2850 intelligen-

275 2860 385 2891 temque
393 2857 567 2892 discipulum.
583 2873 617 2878 —
631 2857 766 2888 PETAVIUS
776 2879 784 2890 ,
806 2859 960 2894 Theologica
976 2860 1104 2896 Dogmata
1115 2881 1122 2894 ,
1136 2865 1156 2888 t.
1173 2859 1207 2888 lll
1218 2880 1226 2893 ,
1242 2859 1281 2887 De
1295 2859 1404 2895 opiﬁcio
1417 2867 1443 2887 v1
1455 2858 1575 2892 dierum,
1593 2867 1621 2896 p.
1636 2859 1700 2887 22L
