  <div class='ocr_page' id='page_1' title='image "/cluster/home/n/w/nwhite01/storage/ocr_20150623/2/njp.32101077772349/534.png"; bbox 0 0 1916 3104; ppageno 0'>
   <div class='ocr_carea' id='block_1_1' title="bbox 48 189 1661 217">
    <p class='ocr_par' dir='ltr' id='par_1_1' title="bbox 48 189 1661 217">
     <span class='ocr_line' id='line_1_1' title="bbox 48 189 1661 217; baseline 0.002 -6"><span class='ocrx_word' id='word_1_1' title='bbox 48 189 1661 217; x_wconf 48' lang='lat' dir='ltr'><strong>m</strong></span> 
     </span>
    </p>
   </div>
   <div class='ocr_carea' id='block_1_2' title="bbox 47 265 1657 402">
    <p class='ocr_par' dir='ltr' id='par_1_2' title="bbox 47 265 1657 402">
     <span class='ocr_line' id='line_1_2' title="bbox 47 265 1657 402; baseline -0.002 -2"><span class='ocrx_word' id='word_1_2' title='bbox 47 321 118 400; x_wconf 75' lang='grc' dir='ltr'><strong>δ.</strong></span> <span class='ocrx_word' id='word_1_3' title='bbox 195 321 999 402; x_wconf 67' lang='grc' dir='ltr'><strong>ΒΑΒΤΗΟΕΟΜλΈΗΞ</strong></span> <span class='ocrx_word' id='word_1_4' title='bbox 1071 265 1657 401; x_wconf 89' lang='lat' dir='ltr'><strong>APOSTOLUS.</strong></span> 
     </span>
    </p>
   </div>
   <div class='ocr_carea' id='block_1_3' title="bbox 495 600 1214 663">
    <p class='ocr_par' dir='ltr' id='par_1_3' title="bbox 495 600 1214 663">
     <span class='ocr_line' id='line_1_3' title="bbox 495 600 1214 663; baseline 0.004 -7"><span class='ocrx_word' id='word_1_5' title='bbox 495 600 901 663; x_wconf 89' lang='lat' dir='ltr'><strong>SENTENTIA</strong></span> <span class='ocrx_word' id='word_1_6' title='bbox 957 602 1214 662; x_wconf 85' lang='lat' dir='ltr'><strong>BREVIS</strong></span> 
     </span>
    </p>
   </div>
   <div class='ocr_carea' id='block_1_4' title="bbox 806 755 895 782">
    <p class='ocr_par' dir='ltr' id='par_1_4' title="bbox 806 755 895 782">
     <span class='ocr_line' id='line_1_4' title="bbox 806 755 895 782; baseline 0.022 -6"><span class='ocrx_word' id='word_1_7' title='bbox 806 755 895 782; x_wconf 73' lang='lat' dir='ltr'><strong>QUAM</strong></span> 
     </span>
    </p>
   </div>
   <div class='ocr_carea' id='block_1_5' title="bbox 42 864 1659 899">
    <p class='ocr_par' dir='ltr' id='par_1_5' title="bbox 42 864 1659 899">
     <span class='ocr_line' id='line_1_5' title="bbox 42 864 1659 899; baseline -0.001 -3"><span class='ocrx_word' id='word_1_8' title='bbox 42 865 107 896; x_wconf 89' lang='lat' dir='ltr'><strong>SUB</strong></span> <span class='ocrx_word' id='word_1_9' title='bbox 128 865 293 897; x_wconf 87' lang='lat' dir='ltr'><strong>NOMINE</strong></span> <span class='ocrx_word' id='word_1_10' title='bbox 317 867 622 899; x_wconf 76' lang='lat' dir='ltr'><strong>BARTHOLOM/El</strong></span> <span class='ocrx_word' id='word_1_11' title='bbox 651 867 849 899; x_wconf 82' lang='lat' dir='ltr'><strong>APOSTOLI</strong></span> <span class='ocrx_word' id='word_1_12' title='bbox 878 868 1037 898; x_wconf 80' lang='lat' dir='ltr'><strong>AFFERT</strong></span> <span class='ocrx_word' id='word_1_13' title='bbox 1079 868 1109 898; x_wconf 89' lang='lat' dir='ltr'><strong>S.</strong></span> <span class='ocrx_word' id='word_1_14' title='bbox 1148 865 1361 898; x_wconf 83' lang='lat' dir='ltr'><strong>DlONYSIUS</strong></span> <span class='ocrx_word' id='word_1_15' title='bbox 1389 864 1659 897; x_wconf 80' lang='lat' dir='ltr'><strong>AREOPAGITA.</strong></span> 
     </span>
    </p>
   </div>
   <div class='ocr_carea' id='block_1_6' title="bbox 221 982 1467 1018">
    <p class='ocr_par' dir='ltr' id='par_1_6' title="bbox 221 982 1467 1018">
     <span class='ocr_line' id='line_1_6' title="bbox 221 982 1467 1018; baseline 0.002 -12"><span class='ocrx_word' id='word_1_16' title='bbox 221 982 269 1013; x_wconf 87' lang='lat' dir='ltr'><strong>(De</strong></span> <span class='ocrx_word' id='word_1_17' title='bbox 280 982 379 1014; x_wconf 78' lang='lat' dir='ltr'><strong>mystica</strong></span> <span class='ocrx_word' id='word_1_18' title='bbox 391 983 518 1018; x_wconf 75' lang='lat' dir='ltr'><strong>theologia,</strong></span> <span class='ocrx_word' id='word_1_19' title='bbox 530 992 582 1017; x_wconf 86' lang='lat' dir='ltr'><strong>cap.</strong></span> <span class='ocrx_word' id='word_1_20' title='bbox 599 986 621 1016; x_wconf 88' lang='lat'><strong>1,</strong></span> <span class='ocrx_word' id='word_1_21' title='bbox 634 986 697 1018; x_wconf 83' lang='lat' dir='ltr'><strong>Opp.</strong></span> <span class='ocrx_word' id='word_1_22' title='bbox 709 989 767 1012; x_wconf 83' lang='lat' dir='ltr'><strong>tom.</strong></span> <span class='ocrx_word' id='word_1_23' title='bbox 780 986 799 1017; x_wconf 84' lang='grc' dir='ltr'><strong>Ι,</strong></span> <span class='ocrx_word' id='word_1_24' title='bbox 812 987 852 1012; x_wconf 85' lang='lat' dir='ltr'><strong>ed.</strong></span> <span class='ocrx_word' id='word_1_25' title='bbox 864 987 984 1017; x_wconf 81' lang='lat' dir='ltr'><strong>Gorderii,</strong></span> <span class='ocrx_word' id='word_1_26' title='bbox 998 986 1120 1017; x_wconf 70' lang='lat' dir='ltr'><strong>Veneriis,</strong></span> <span class='ocrx_word' id='word_1_27' title='bbox 1134 985 1203 1012; x_wconf 74' lang='lat'><strong>1755.</strong></span> <span class='ocrx_word' id='word_1_28' title='bbox 1215 985 1321 1016; x_wconf 78' lang='lat' dir='ltr'><strong>in-folio,</strong></span> <span class='ocrx_word' id='word_1_29' title='bbox 1335 991 1389 1016; x_wconf 73' lang='lat' dir='ltr'><strong>pag.</strong></span> <span class='ocrx_word' id='word_1_30' title='bbox 1403 983 1467 1012; x_wconf 77' lang='lat' dir='ltr'><strong>5H.)</strong></span> 
     </span>
    </p>
   </div>
   <div class='ocr_carea' id='block_1_7' title="bbox 835 1096 870 1103">
    <p class='ocr_par' dir='ltr' id='par_1_7' title="bbox 835 1096 870 1103">
     <span class='ocr_line' id='line_1_7' title="bbox 835 1096 870 1103; baseline 0 0"><span class='ocrx_word' id='word_1_31' title='bbox 835 1096 870 1103; x_wconf 68' lang='grc' dir='ltr'><strong>-α</strong></span> 
     </span>
    </p>
   </div>
   <div class='ocr_carea' id='block_1_8' title="bbox 70 1186 826 1229">
    <p class='ocr_par' dir='ltr' id='par_1_8' title="bbox 70 1186 823 1229">
     <span class='ocr_line' id='line_1_8' title="bbox 70 1186 823 1229; baseline 0.012 -17"><span class='ocrx_word' id='word_1_32' title='bbox 70 1186 144 1213; x_wconf 80' lang='grc' dir='ltr'><strong>Οὕτω</strong></span> <span class='ocrx_word' id='word_1_33' title='bbox 167 1188 236 1221; x_wconf 79' lang='grc' dir='ltr'><strong>γοῦν</strong></span> <span class='ocrx_word' id='word_1_34' title='bbox 255 1190 270 1216; x_wconf 88' lang='grc' dir='ltr'><strong><em>ὸ</em></strong></span> <span class='ocrx_word' id='word_1_35' title='bbox 288 1189 360 1221; x_wconf 86' lang='grc' dir='ltr'><strong>Θεῖος</strong></span> <span class='ocrx_word' id='word_1_36' title='bbox 378 1191 639 1220; x_wconf 82' lang='grc' dir='ltr'><strong>ΒΑΡΘΟΛΟΜΑΙΟΣ</strong></span> <span class='ocrx_word' id='word_1_37' title='bbox 663 1202 729 1229; x_wconf 86' lang='grc' dir='ltr'><strong>φησι</strong></span> <span class='ocrx_word' id='word_1_38' title='bbox 753 1203 762 1220; x_wconf 85' lang='grc'><em>‹</em></span> <span class='ocrx_word' id='word_1_39' title='bbox 776 1195 823 1222; x_wconf 79' lang='grc' dir='ltr'><strong>καὶ</strong></span> 
     </span>
    </p>
   </div>
   <div class='ocr_carea' id='block_1_9' title="bbox 906 1186 1662 1229">
    <p class='ocr_par' dir='ltr' id='par_1_9' title="bbox 914 1187 1662 1228">
     <span class='ocr_line' id='line_1_9' title="bbox 914 1187 1662 1228; baseline -0.008 -7"><span class='ocrx_word' id='word_1_40' title='bbox 914 1193 971 1221; x_wconf 83' lang='lat' dir='ltr'><strong>Hac</strong></span> <span class='ocrx_word' id='word_1_41' title='bbox 990 1194 1083 1228; x_wconf 88' lang='lat' dir='ltr'><strong>utique</strong></span> <span class='ocrx_word' id='word_1_42' title='bbox 1095 1192 1198 1220; x_wconf 86' lang='lat' dir='ltr'><strong>ratione</strong></span> <span class='ocrx_word' id='word_1_43' title='bbox 1212 1191 1291 1219; x_wconf 89' lang='lat' dir='ltr'><strong>divus</strong></span> <span class='ocrx_word' id='word_1_44' title='bbox 1307 1187 1602 1218; x_wconf 64' lang='lat' dir='ltr'><strong>BARTHOLOMJEUS</strong></span> <span class='ocrx_word' id='word_1_45' title='bbox 1625 1189 1662 1216; x_wconf 87' lang='lat' dir='ltr'><strong>ait</strong></span> 
     </span>
    </p>
   </div>
   <div class='ocr_carea' id='block_1_10' title="bbox 41 1230 797 1274">
    <p class='ocr_par' dir='ltr' id='par_1_10' title="bbox 41 1230 797 1274">
     <span class='ocr_line' id='line_1_10' title="bbox 41 1230 797 1274; baseline 0.013 -18"><span class='ocrx_word' id='word_1_46' title='bbox 41 1230 133 1266; x_wconf 75' lang='grc' dir='ltr'>πολλὴν</span> <span class='ocrx_word' id='word_1_47' title='bbox 146 1232 197 1268; x_wconf 79' lang='grc' dir='ltr'><strong>τὴν</strong></span> <span class='ocrx_word' id='word_1_48' title='bbox 216 1233 356 1268; x_wconf 73' lang='grc' dir='ltr'><strong>θεολογίαν</strong></span> <span class='ocrx_word' id='word_1_49' title='bbox 381 1234 450 1262; x_wconf 73' lang='grc' dir='ltr'><strong>εἶναι</strong></span> <span class='ocrx_word' id='word_1_50' title='bbox 475 1237 521 1263; x_wconf 79' lang='grc' dir='ltr'><strong>καὶ</strong></span> <span class='ocrx_word' id='word_1_51' title='bbox 545 1237 704 1274; x_wconf 68' lang='grc' dir='ltr'><strong>ἑλίκχίςτσιτην⁸</strong></span> <span class='ocrx_word' id='word_1_52' title='bbox 722 1239 769 1265; x_wconf 81' lang='grc' dir='ltr'><strong>καὶ</strong></span> <span class='ocrx_word' id='word_1_53' title='bbox 796 1250 797 1255; x_wconf 52' lang='grc' dir='ltr'><strong>η</strong></span> 
     </span>
    </p>
   </div>
   <div class='ocr_carea' id='block_1_11' title="bbox 906 1230 1662 1274">
    <p class='ocr_par' dir='ltr' id='par_1_11' title="bbox 907 1235 1662 1274">
     <span class='ocr_line' id='line_1_11' title="bbox 907 1235 1662 1274; baseline -0.007 -7"><span class='ocrx_word' id='word_1_54' title='bbox 907 1244 934 1266; x_wconf 86' lang='lat' dir='ltr'><strong>et</strong></span> <span class='ocrx_word' id='word_1_55' title='bbox 949 1239 1087 1274; x_wconf 84' lang='lat' dir='ltr'><strong>copiosam</strong></span> <span class='ocrx_word' id='word_1_56' title='bbox 1107 1246 1168 1266; x_wconf 86' lang='lat' dir='ltr'><strong>esse</strong></span> <span class='ocrx_word' id='word_1_57' title='bbox 1181 1238 1345 1273; x_wconf 78' lang='lat' dir='ltr'><strong>theologiam</strong></span> <span class='ocrx_word' id='word_1_58' title='bbox 1360 1240 1387 1264; x_wconf 85' lang='lat' dir='ltr'><strong>et</strong></span> <span class='ocrx_word' id='word_1_59' title='bbox 1403 1235 1544 1263; x_wconf 82' lang='lat' dir='ltr'><strong>minimam</strong></span> <span class='ocrx_word' id='word_1_60' title='bbox 1557 1245 1564 1268; x_wconf 84' lang='lat'>;</span> <span class='ocrx_word' id='word_1_61' title='bbox 1582 1239 1662 1270; x_wconf 84' lang='lat' dir='ltr'><strong>atque</strong></span> 
     </span>
    </p>
   </div>
   <div class='ocr_carea' id='block_1_12' title="bbox 42 1276 798 1348">
    <p class='ocr_par' dir='ltr' id='par_1_12' title="bbox 42 1276 798 1348">
     <span class='ocr_line' id='line_1_12' title="bbox 42 1276 798 1348; baseline 0.013 -46"><span class='ocrx_word' id='word_1_62' title='bbox 42 1276 198 1348; x_wconf 60' lang='grc' dir='ltr'><strong>Εὲαγγέλιον</strong></span> <span class='ocrx_word' id='word_1_63' title='bbox 216 1279 305 1307; x_wconf 79' lang='grc' dir='ltr'>πλατὺ</span> <span class='ocrx_word' id='word_1_64' title='bbox 322 1281 369 1308; x_wconf 75' lang='grc' dir='ltr'><strong>καὶ</strong></span> <span class='ocrx_word' id='word_1_65' title='bbox 389 1281 478 1318; x_wconf 75' lang='grc' dir='ltr'><strong>μέγα,</strong></span> <span class='ocrx_word' id='word_1_66' title='bbox 505 1283 552 1309; x_wconf 74' lang='grc' dir='ltr'><strong>καὶ</strong></span> <span class='ocrx_word' id='word_1_67' title='bbox 573 1281 649 1315; x_wconf 82' lang='grc' dir='ltr'><strong>αὖθις</strong></span> <span class='ocrx_word' id='word_1_68' title='bbox 676 1293 798 1319; x_wconf 66' lang='grc' dir='ltr'><strong>συντετμτ</strong></span> 
     </span>
     <span class='ocr_line' id='line_1_13' title="bbox 43 1330 148 1348; baseline 0 0"><span class='ocrx_word' id='word_1_69' title='bbox 43 1330 60 1348; x_wconf 75' lang='grc' dir='ltr'>μ</span> <span class='ocrx_word' id='word_1_70' title='bbox 72 1332 122 1348; x_wconf 87' lang='lat' dir='ltr'><strong>vov.</strong></span> <span class='ocrx_word' id='word_1_71' title='bbox 139 1334 148 1348; x_wconf 78' lang='grc' dir='ltr'>ι</span> 
     </span>
    </p>
   </div>
   <div class='ocr_carea' id='block_1_13' title="bbox 906 1276 1662 1348">
    <p class='ocr_par' dir='ltr' id='par_1_13' title="bbox 906 1281 1662 1321">
     <span class='ocr_line' id='line_1_14' title="bbox 906 1281 1662 1321; baseline -0.004 -8"><span class='ocrx_word' id='word_1_72' title='bbox 906 1285 1057 1321; x_wconf 74' lang='lat' dir='ltr'><strong>vangelium</strong></span> <span class='ocrx_word' id='word_1_73' title='bbox 1072 1285 1193 1320; x_wconf 87' lang='lat' dir='ltr'><strong>amplum</strong></span> <span class='ocrx_word' id='word_1_74' title='bbox 1211 1288 1239 1312; x_wconf 90' lang='lat' dir='ltr'><strong>et</strong></span> <span class='ocrx_word' id='word_1_75' title='bbox 1254 1290 1383 1318; x_wconf 77' lang='lat' dir='ltr'><strong>magnum</strong></span> <span class='ocrx_word' id='word_1_76' title='bbox 1394 1303 1402 1316; x_wconf 93' lang='lat'>,</span> <span class='ocrx_word' id='word_1_77' title='bbox 1415 1286 1442 1310; x_wconf 88' lang='lat' dir='ltr'><strong>et</strong></span> <span class='ocrx_word' id='word_1_78' title='bbox 1459 1289 1556 1310; x_wconf 82' lang='lat' dir='ltr'><strong>rursus</strong></span> <span class='ocrx_word' id='word_1_79' title='bbox 1569 1281 1662 1310; x_wconf 79' lang='lat' dir='ltr'><strong>conci-</strong></span> 
     </span>
    </p>
   </div>
   <div class='ocr_carea' id='block_1_14' title="bbox 43 1330 799 1359">
    <p class='ocr_par' dir='ltr' id='par_1_14' title="bbox 43 1330 148 1356">
     <span class='ocr_line' id='line_1_15' title="bbox 43 1330 148 1356; baseline 0.019 -8"><span class='ocrx_word' id='word_1_80' title='bbox 43 1330 122 1356; x_wconf 83' lang='grc' dir='ltr'><strong>μενον.</strong></span> <span class='ocrx_word' id='word_1_81' title='bbox 138 1334 148 1350; x_wconf 75' lang='grc' dir='ltr'>ι</span> 
     </span>
    </p>
   </div>
   <div class='ocr_carea' id='block_1_15' title="bbox 220 1330 976 1359">
    <p class='ocr_par' dir='ltr' id='par_1_15' title="bbox 881 1339 976 1359">
     <span class='ocr_line' id='line_1_16' title="bbox 881 1339 976 1359; baseline -0.021 0"><span class='ocrx_word' id='word_1_82' title='bbox 881 1339 952 1359; x_wconf 90' lang='lat' dir='ltr'><strong>sum.</strong></span> <span class='ocrx_word' id='word_1_83' title='bbox 967 1341 976 1357; x_wconf 84' lang='lat' dir='ltr'><strong>I</strong></span> 
     </span>
    </p>
   </div>
   <div class='ocr_carea' id='block_1_16' title="bbox 430 1527 1246 1576">
    <p class='ocr_par' dir='ltr' id='par_1_16' title="bbox 430 1527 1246 1576">
     <span class='ocr_line' id='line_1_17' title="bbox 430 1527 1246 1576; baseline -0.002 -2"><span class='ocrx_word' id='word_1_84' title='bbox 430 1528 719 1575; x_wconf 79' lang='lat' dir='ltr'><strong>CORDERII</strong></span> <span class='ocrx_word' id='word_1_85' title='bbox 758 1527 1246 1576; x_wconf 73' lang='lat' dir='ltr'><strong>COMMENTARIUM</strong></span> 
     </span>
    </p>
   </div>
   <div class='ocr_carea' id='block_1_17' title="bbox 78 1654 1662 1692">
    <p class='ocr_par' dir='ltr' id='par_1_17' title="bbox 78 1654 1662 1692">
     <span class='ocr_line' id='line_1_18' title="bbox 78 1654 1662 1692; baseline 0 -10"><span class='ocrx_word' id='word_1_86' title='bbox 78 1656 132 1683; x_wconf 85' lang='lat' dir='ltr'><strong>Hac</strong></span> <span class='ocrx_word' id='word_1_87' title='bbox 143 1658 236 1692; x_wconf 79' lang='lat' dir='ltr'><strong>utique</strong></span> <span class='ocrx_word' id='word_1_88' title='bbox 251 1657 353 1684; x_wconf 85' lang='lat' dir='ltr'><strong>ratione</strong></span> <span class='ocrx_word' id='word_1_89' title='bbox 367 1656 402 1683; x_wconf 88' lang='lat' dir='ltr'><strong>D.</strong></span> <span class='ocrx_word' id='word_1_90' title='bbox 419 1656 646 1685; x_wconf 77' lang='lat' dir='ltr'><strong>Bartholomwus.</strong></span> <span class='ocrx_word' id='word_1_91' title='bbox 665 1656 742 1685; x_wconf 87' lang='lat' dir='ltr'><strong>Unde</strong></span> <span class='ocrx_word' id='word_1_92' title='bbox 757 1656 903 1692; x_wconf 73' lang='lat' dir='ltr'><strong>colligitur,</strong></span> <span class='ocrx_word' id='word_1_93' title='bbox 916 1660 1040 1684; x_wconf 89' lang='lat' dir='ltr'><strong>sanctum</strong></span> <span class='ocrx_word' id='word_1_94' title='bbox 1052 1655 1280 1683; x_wconf 70' lang='lat' dir='ltr'><strong>Bartholomzeum</strong></span> <span class='ocrx_word' id='word_1_95' title='bbox 1297 1655 1387 1691; x_wconf 79' lang='lat' dir='ltr'><strong>aliqua</strong></span> <span class='ocrx_word' id='word_1_96' title='bbox 1404 1655 1486 1683; x_wconf 87' lang='lat' dir='ltr'><strong>etiam</strong></span> <span class='ocrx_word' id='word_1_97' title='bbox 1511 1654 1662 1690; x_wconf 76' lang='lat' dir='ltr'><strong>theologica</strong></span> 
     </span>
    </p>
   </div>
   <div class='ocr_carea' id='block_1_18' title="bbox 44 1702 1663 1738">
    <p class='ocr_par' dir='ltr' id='par_1_18' title="bbox 44 1702 1663 1738">
     <span class='ocr_line' id='line_1_19' title="bbox 44 1702 1663 1738; baseline 0 -9"><span class='ocrx_word' id='word_1_98' title='bbox 44 1702 180 1736; x_wconf 81' lang='lat' dir='ltr'><strong>scripsisse</strong></span> <span class='ocrx_word' id='word_1_99' title='bbox 191 1723 198 1735; x_wconf 89' lang='grc'>,</span> <span class='ocrx_word' id='word_1_100' title='bbox 218 1703 258 1729; x_wconf 89' lang='lat' dir='ltr'><strong>uti</strong></span> <span class='ocrx_word' id='word_1_101' title='bbox 270 1707 297 1730; x_wconf 87' lang='lat' dir='ltr'><strong>et</strong></span> <span class='ocrx_word' id='word_1_102' title='bbox 314 1703 382 1730; x_wconf 88' lang='lat' dir='ltr'><strong>alios</strong></span> <span class='ocrx_word' id='word_1_103' title='bbox 395 1704 535 1738; x_wconf 83' lang='lat' dir='ltr'><strong>apostolos</strong></span> <span class='ocrx_word' id='word_1_104' title='bbox 550 1704 706 1731; x_wconf 85' lang='lat' dir='ltr'><strong>verosimile</strong></span> <span class='ocrx_word' id='word_1_105' title='bbox 716 1708 758 1732; x_wconf 83' lang='lat' dir='ltr'><strong>est</strong></span> <span class='ocrx_word' id='word_1_106' title='bbox 768 1725 776 1737; x_wconf 62' lang='grc' dir='ltr'><strong>ν</strong></span> <span class='ocrx_word' id='word_1_107' title='bbox 791 1704 825 1731; x_wconf 90' lang='lat' dir='ltr'><strong>de</strong></span> <span class='ocrx_word' id='word_1_108' title='bbox 841 1704 924 1731; x_wconf 84' lang='lat' dir='ltr'><strong>rebus</strong></span> <span class='ocrx_word' id='word_1_109' title='bbox 940 1711 971 1731; x_wconf 88' lang='lat' dir='ltr'><strong>ac</strong></span> <span class='ocrx_word' id='word_1_110' title='bbox 983 1703 1181 1738; x_wconf 62' lang='lat' dir='ltr'><strong>quaestionibus</strong></span> <span class='ocrx_word' id='word_1_111' title='bbox 1192 1702 1292 1730; x_wconf 86' lang='lat' dir='ltr'><strong>divinis</strong></span> <span class='ocrx_word' id='word_1_112' title='bbox 1305 1709 1354 1737; x_wconf 89' lang='lat' dir='ltr'><strong>per</strong></span> <span class='ocrx_word' id='word_1_113' title='bbox 1368 1702 1510 1737; x_wconf 85' lang='lat' dir='ltr'><strong>epistolam</strong></span> <span class='ocrx_word' id='word_1_114' title='bbox 1524 1709 1574 1737; x_wconf 83' lang='lat' dir='ltr'><strong>pro</strong></span> <span class='ocrx_word' id='word_1_115' title='bbox 1585 1709 1663 1729; x_wconf 88' lang='lat' dir='ltr'><strong>occa-</strong></span> 
     </span>
    </p>
   </div>
   <div class='ocr_carea' id='block_1_19' title="bbox 43 1748 1664 1785">
    <p class='ocr_par' dir='ltr' id='par_1_19' title="bbox 43 1748 1664 1785">
     <span class='ocr_line' id='line_1_20' title="bbox 43 1748 1664 1785; baseline 0.001 -10"><span class='ocrx_word' id='word_1_116' title='bbox 43 1748 113 1776; x_wconf 82' lang='lat' dir='ltr'><strong>sione</strong></span> <span class='ocrx_word' id='word_1_117' title='bbox 124 1749 311 1784; x_wconf 79' lang='lat' dir='ltr'><strong>interrogatos</strong></span> <span class='ocrx_word' id='word_1_118' title='bbox 321 1769 329 1782; x_wconf 86' lang='lat'><strong>,</strong></span> <span class='ocrx_word' id='word_1_119' title='bbox 342 1749 375 1776; x_wconf 90' lang='lat' dir='ltr'><strong>de</strong></span> <span class='ocrx_word' id='word_1_120' title='bbox 389 1749 485 1776; x_wconf 87' lang='lat' dir='ltr'><strong>iisdem</strong></span> <span class='ocrx_word' id='word_1_121' title='bbox 498 1750 579 1777; x_wconf 87' lang='lat' dir='ltr'><strong>verba</strong></span> <span class='ocrx_word' id='word_1_122' title='bbox 600 1750 695 1778; x_wconf 83' lang='lat' dir='ltr'><strong>saltem</strong></span> <span class='ocrx_word' id='word_1_123' title='bbox 709 1750 811 1785; x_wconf 85' lang='lat' dir='ltr'><strong>scripto</strong></span> <span class='ocrx_word' id='word_1_124' title='bbox 824 1749 1014 1784; x_wconf 85' lang='lat' dir='ltr'><strong>respondisse,</strong></span> <span class='ocrx_word' id='word_1_125' title='bbox 1029 1755 1055 1776; x_wconf 89' lang='lat' dir='ltr'><strong>et</strong></span> <span class='ocrx_word' id='word_1_126' title='bbox 1070 1748 1267 1777; x_wconf 84' lang='lat' dir='ltr'><strong>sublimissima</strong></span> <span class='ocrx_word' id='word_1_127' title='bbox 1277 1769 1284 1781; x_wconf 84' lang='lat'>,</span> <span class='ocrx_word' id='word_1_128' title='bbox 1300 1756 1361 1784; x_wconf 64' lang='lat' dir='ltr'><strong>qua:</strong></span> <span class='ocrx_word' id='word_1_129' title='bbox 1371 1757 1405 1775; x_wconf 82' lang='lat' dir='ltr'><strong>ex</strong></span> <span class='ocrx_word' id='word_1_130' title='bbox 1421 1749 1481 1783; x_wconf 86' lang='lat' dir='ltr'><strong>ipso</strong></span> <span class='ocrx_word' id='word_1_131' title='bbox 1495 1748 1551 1776; x_wconf 86' lang='lat' dir='ltr'><strong>Deo</strong></span> <span class='ocrx_word' id='word_1_132' title='bbox 1566 1749 1664 1776; x_wconf 87' lang='lat' dir='ltr'><strong>hause-</strong></span> 
     </span>
    </p>
   </div>
   <div class='ocr_carea' id='block_1_20' title="bbox 44 1793 1663 1832">
    <p class='ocr_par' dir='ltr' id='par_1_20' title="bbox 44 1793 1663 1832">
     <span class='ocr_line' id='line_1_21' title="bbox 44 1793 1663 1832; baseline -0.001 -9"><span class='ocrx_word' id='word_1_133' title='bbox 44 1799 99 1824; x_wconf 84' lang='lat' dir='ltr'><strong>rant</strong></span> <span class='ocrx_word' id='word_1_134' title='bbox 112 1796 228 1823; x_wconf 84' lang='lat' dir='ltr'><strong>oracula</strong></span> <span class='ocrx_word' id='word_1_135' title='bbox 238 1816 245 1828; x_wconf 84' lang='lat'><strong><em>,</em></strong></span> <span class='ocrx_word' id='word_1_136' title='bbox 259 1796 419 1829; x_wconf 84' lang='lat' dir='ltr'><strong>tradidisse,</strong></span> <span class='ocrx_word' id='word_1_137' title='bbox 434 1804 495 1831; x_wconf 61' lang='lat' dir='ltr'><strong>quae</strong></span> <span class='ocrx_word' id='word_1_138' title='bbox 517 1797 676 1832; x_wconf 88' lang='lat' dir='ltr'><strong>aliquandiu</strong></span> <span class='ocrx_word' id='word_1_139' title='bbox 686 1817 693 1830; x_wconf 90' lang='lat'><strong>,</strong></span> <span class='ocrx_word' id='word_1_140' title='bbox 708 1797 746 1823; x_wconf 90' lang='lat' dir='ltr'><strong>uti</strong></span> <span class='ocrx_word' id='word_1_141' title='bbox 765 1797 855 1824; x_wconf 81' lang='lat' dir='ltr'><strong>solent</strong></span> <span class='ocrx_word' id='word_1_142' title='bbox 865 1795 1004 1831; x_wconf 66' lang='lat' dir='ltr'><strong>epistolas,</strong></span> <span class='ocrx_word' id='word_1_143' title='bbox 1022 1795 1249 1828; x_wconf 86' lang='lat' dir='ltr'><strong>asservabantur,</strong></span> <span class='ocrx_word' id='word_1_144' title='bbox 1263 1799 1290 1821; x_wconf 90' lang='lat' dir='ltr'><strong>et</strong></span> <span class='ocrx_word' id='word_1_145' title='bbox 1314 1793 1462 1821; x_wconf 86' lang='lat' dir='ltr'><strong>Catholicis</strong></span> <span class='ocrx_word' id='word_1_146' title='bbox 1477 1793 1663 1821; x_wconf 87' lang='lat' dir='ltr'><strong>communica-</strong></span> 
     </span>
    </p>
   </div>
   <div class='ocr_carea' id='block_1_21' title="bbox 43 1837 1662 1879">
    <p class='ocr_par' dir='ltr' id='par_1_21' title="bbox 43 1837 1662 1879">
     <span class='ocr_line' id='line_1_22' title="bbox 43 1837 1662 1879; baseline -0.002 -12"><span class='ocrx_word' id='word_1_147' title='bbox 43 1840 146 1873; x_wconf 86' lang='lat' dir='ltr'><strong>bantur.</strong></span> <span class='ocrx_word' id='word_1_148' title='bbox 159 1843 209 1870; x_wconf 91' lang='lat' dir='ltr'><strong>sed</strong></span> <span class='ocrx_word' id='word_1_149' title='bbox 226 1842 398 1877; x_wconf 89' lang='lat' dir='ltr'><strong>postmodum</strong></span> <span class='ocrx_word' id='word_1_150' title='bbox 415 1848 568 1879; x_wconf 85' lang='lat' dir='ltr'><strong>temporum</strong></span> <span class='ocrx_word' id='word_1_151' title='bbox 585 1843 695 1878; x_wconf 88' lang='lat' dir='ltr'><strong>injuriis</strong></span> <span class='ocrx_word' id='word_1_152' title='bbox 719 1842 918 1870; x_wconf 85' lang='lat' dir='ltr'><strong>interciderint.</strong></span> <span class='ocrx_word' id='word_1_153' title='bbox 936 1842 982 1870; x_wconf 78' lang='lat' dir='ltr'><strong>Ait</strong></span> <span class='ocrx_word' id='word_1_154' title='bbox 996 1846 1020 1869; x_wconf 83' lang='lat' dir='ltr'><strong>et</strong></span> <span class='ocrx_word' id='word_1_155' title='bbox 1033 1841 1228 1877; x_wconf 74' lang='lat' dir='ltr'><strong>copiosameste</strong></span> <span class='ocrx_word' id='word_1_156' title='bbox 1240 1839 1441 1874; x_wconf 62' lang='lat' dir='ltr'><strong>theologiam,“</strong></span> <span class='ocrx_word' id='word_1_157' title='bbox 1450 1837 1598 1873; x_wconf 80' lang='lat' dir='ltr'><strong>estfusam,</strong></span> <span class='ocrx_word' id='word_1_158' title='bbox 1609 1846 1662 1873; x_wconf 83' lang='lat' dir='ltr'><strong>qua</strong></span> 
     </span>
    </p>
   </div>
   <div class='ocr_carea' id='block_1_22' title="bbox 44 1884 1663 1923">
    <p class='ocr_par' dir='ltr' id='par_1_22' title="bbox 44 1884 1663 1923">
     <span class='ocr_line' id='line_1_23' title="bbox 44 1884 1663 1923; baseline -0.002 -9"><span class='ocrx_word' id='word_1_159' title='bbox 44 1892 114 1920; x_wconf 85' lang='lat' dir='ltr'><strong>parte</strong></span> <span class='ocrx_word' id='word_1_160' title='bbox 126 1888 255 1915; x_wconf 82' lang='lat' dir='ltr'><strong>videlicet</strong></span> <span class='ocrx_word' id='word_1_161' title='bbox 265 1895 298 1915; x_wconf 76' lang='lat' dir='ltr'><strong>ex</strong></span> <span class='ocrx_word' id='word_1_162' title='bbox 315 1889 450 1916; x_wconf 86' lang='lat' dir='ltr'><strong>creaturis</strong></span> <span class='ocrx_word' id='word_1_163' title='bbox 461 1893 491 1916; x_wconf 91' lang='lat' dir='ltr'><strong>ut</strong></span> <span class='ocrx_word' id='word_1_164' title='bbox 505 1889 624 1919; x_wconf 73' lang='lat' dir='ltr'><strong>effectis.</strong></span> <span class='ocrx_word' id='word_1_165' title='bbox 642 1893 771 1923; x_wconf 80' lang='lat' dir='ltr'><strong>tanquam</strong></span> <span class='ocrx_word' id='word_1_166' title='bbox 791 1895 807 1914; x_wconf 87' lang='lat' dir='ltr'><strong>a</strong></span> <span class='ocrx_word' id='word_1_167' title='bbox 825 1888 977 1922; x_wconf 86' lang='lat' dir='ltr'><strong>posteriore</strong></span> <span class='ocrx_word' id='word_1_168' title='bbox 989 1909 996 1921; x_wconf 86' lang='lat'><strong>,</strong></span> <span class='ocrx_word' id='word_1_169' title='bbox 1012 1891 1041 1914; x_wconf 89' lang='lat' dir='ltr'><strong>ut</strong></span> <span class='ocrx_word' id='word_1_170' title='bbox 1058 1887 1137 1914; x_wconf 87' lang='lat' dir='ltr'><strong>aiunt</strong></span> <span class='ocrx_word' id='word_1_171' title='bbox 1151 1885 1322 1922; x_wconf 89' lang='lat' dir='ltr'><strong>philosophi,</strong></span> <span class='ocrx_word' id='word_1_172' title='bbox 1337 1885 1365 1912; x_wconf 91' lang='lat' dir='ltr'><strong>in</strong></span> <span class='ocrx_word' id='word_1_173' title='bbox 1379 1884 1511 1912; x_wconf 82' lang='lat' dir='ltr'><strong>creatoris</strong></span> <span class='ocrx_word' id='word_1_174' title='bbox 1523 1891 1556 1912; x_wconf 90' lang='lat' dir='ltr'><strong>ac</strong></span> <span class='ocrx_word' id='word_1_175' title='bbox 1573 1892 1663 1912; x_wconf 75' lang='lat' dir='ltr'><strong>causa:</strong></span> 
     </span>
    </p>
   </div>
   <div class='ocr_carea' id='block_1_23' title="bbox 44 1933 1662 1970">
    <p class='ocr_par' dir='ltr' id='par_1_23' title="bbox 44 1933 1662 1970">
     <span class='ocr_line' id='line_1_24' title="bbox 44 1933 1662 1970; baseline 0 -11"><span class='ocrx_word' id='word_1_176' title='bbox 44 1934 131 1967; x_wconf 64' lang='lat' dir='ltr'><strong>prima:</strong></span> <span class='ocrx_word' id='word_1_177' title='bbox 144 1934 274 1962; x_wconf 89' lang='lat' dir='ltr'><strong>notitiam</strong></span> <span class='ocrx_word' id='word_1_178' title='bbox 290 1934 441 1968; x_wconf 86' lang='lat' dir='ltr'><strong>devcnitur,</strong></span> <span class='ocrx_word' id='word_1_179' title='bbox 457 1943 517 1970; x_wconf 70' lang='lat' dir='ltr'><strong>qum</strong></span> <span class='ocrx_word' id='word_1_180' title='bbox 530 1935 642 1970; x_wconf 89' lang='lat' dir='ltr'><strong>quidem</strong></span> <span class='ocrx_word' id='word_1_181' title='bbox 664 1943 728 1970; x_wconf 89' lang='lat' dir='ltr'><strong>pars</strong></span> <span class='ocrx_word' id='word_1_182' title='bbox 742 1938 783 1962; x_wconf 88' lang='lat' dir='ltr'><strong>est</strong></span> <span class='ocrx_word' id='word_1_183' title='bbox 800 1934 944 1969; x_wconf 72' lang='lat' dir='ltr'><strong>theologia:</strong></span> <span class='ocrx_word' id='word_1_184' title='bbox 959 1933 1174 1962; x_wconf 86' lang='lat' dir='ltr'><strong>demonstrantis</strong></span> <span class='ocrx_word' id='word_1_185' title='bbox 1184 1953 1191 1965; x_wconf 90' lang='lat'><strong><em>,</em></strong></span> <span class='ocrx_word' id='word_1_186' title='bbox 1208 1933 1250 1960; x_wconf 79' lang='lat' dir='ltr'><strong>vel</strong></span> <span class='ocrx_word' id='word_1_187' title='bbox 1262 1936 1335 1960; x_wconf 82' lang='lat' dir='ltr'><strong>certe</strong></span> <span class='ocrx_word' id='word_1_188' title='bbox 1349 1940 1404 1967; x_wconf 89' lang='lat' dir='ltr'><strong>qua</strong></span> <span class='ocrx_word' id='word_1_189' title='bbox 1421 1937 1497 1967; x_wconf 90' lang='lat' dir='ltr'><strong>parte</strong></span> <span class='ocrx_word' id='word_1_190' title='bbox 1513 1933 1662 1967; x_wconf 70' lang='lat' dir='ltr'><strong>symbolice</strong></span> 
     </span>
    </p>
   </div>
   <div class='ocr_carea' id='block_1_24' title="bbox 44 1978 1664 2017">
    <p class='ocr_par' dir='ltr' id='par_1_24' title="bbox 44 1978 1664 2017">
     <span class='ocr_line' id='line_1_25' title="bbox 44 1978 1664 2017; baseline -0.001 -10"><span class='ocrx_word' id='word_1_191' title='bbox 44 1983 96 2014; x_wconf 79' lang='lat' dir='ltr'><strong>est,</strong></span> <span class='ocrx_word' id='word_1_192' title='bbox 111 1988 171 2015; x_wconf 68' lang='lat' dir='ltr'><strong>qum</strong></span> <span class='ocrx_word' id='word_1_193' title='bbox 183 1985 256 2008; x_wconf 83' lang='lat' dir='ltr'><strong>teste</strong></span> <span class='ocrx_word' id='word_1_194' title='bbox 267 1980 398 2016; x_wconf 86' lang='lat' dir='ltr'><strong>Dionysio</strong></span> <span class='ocrx_word' id='word_1_195' title='bbox 413 1990 472 2017; x_wconf 87' lang='lat' dir='ltr'><strong>cap.</strong></span> <span class='ocrx_word' id='word_1_196' title='bbox 488 1990 546 2017; x_wconf 87' lang='lat' dir='ltr'><strong>seq.</strong></span> <span class='ocrx_word' id='word_1_197' title='bbox 569 1982 647 2017; x_wconf 74' lang='lat' dir='ltr'><strong>longe</strong></span> <span class='ocrx_word' id='word_1_198' title='bbox 669 1981 808 2009; x_wconf 78' lang='lat' dir='ltr'><strong>iusissima</strong></span> <span class='ocrx_word' id='word_1_199' title='bbox 821 1981 929 2009; x_wconf 80' lang='lat' dir='ltr'><strong>exsistit</strong></span> <span class='ocrx_word' id='word_1_200' title='bbox 945 1989 952 2006; x_wconf 88' lang='lat'><strong>:</strong></span> <span class='ocrx_word' id='word_1_201' title='bbox 967 1985 992 2007; x_wconf 84' lang='lat' dir='ltr'><strong>et</strong></span> <span class='ocrx_word' id='word_1_202' title='bbox 1016 1980 1169 2013; x_wconf 80' lang='lat' dir='ltr'><strong>minimam,</strong></span> <span class='ocrx_word' id='word_1_203' title='bbox 1192 1979 1217 2006; x_wconf 91' lang='lat' dir='ltr'><strong>id</strong></span> <span class='ocrx_word' id='word_1_204' title='bbox 1231 1983 1274 2006; x_wconf 91' lang='lat' dir='ltr'><strong>est</strong></span> <span class='ocrx_word' id='word_1_205' title='bbox 1294 1978 1484 2006; x_wconf 86' lang='lat' dir='ltr'><strong>brevissimam</strong></span> <span class='ocrx_word' id='word_1_206' title='bbox 1494 1999 1502 2013; x_wconf 89' lang='grc'>,</span> <span class='ocrx_word' id='word_1_207' title='bbox 1517 1987 1570 2014; x_wconf 89' lang='lat' dir='ltr'><strong>qua</strong></span> <span class='ocrx_word' id='word_1_208' title='bbox 1587 1983 1664 2014; x_wconf 83' lang='lat' dir='ltr'><strong>parte</strong></span> 
     </span>
    </p>
   </div>
   <div class='ocr_carea' id='block_1_25' title="bbox 45 2026 1664 2064">
    <p class='ocr_par' dir='ltr' id='par_1_25' title="bbox 45 2026 1664 2064">
     <span class='ocr_line' id='line_1_26' title="bbox 45 2026 1664 2064; baseline 0.001 -10"><span class='ocrx_word' id='word_1_209' title='bbox 45 2028 166 2055; x_wconf 85' lang='lat' dir='ltr'><strong>nimirum</strong></span> <span class='ocrx_word' id='word_1_210' title='bbox 183 2028 303 2063; x_wconf 84' lang='lat' dir='ltr'><strong>mystica</strong></span> <span class='ocrx_word' id='word_1_211' title='bbox 317 2034 374 2059; x_wconf 81' lang='lat' dir='ltr'><strong>est,</strong></span> <span class='ocrx_word' id='word_1_212' title='bbox 393 2034 422 2056; x_wconf 92' lang='lat' dir='ltr'><strong>ut</strong></span> <span class='ocrx_word' id='word_1_213' title='bbox 435 2029 535 2056; x_wconf 88' lang='lat' dir='ltr'><strong>ibidem</strong></span> <span class='ocrx_word' id='word_1_214' title='bbox 548 2028 695 2064; x_wconf 85' lang='lat' dir='ltr'><strong>Dionysius</strong></span> <span class='ocrx_word' id='word_1_215' title='bbox 708 2029 839 2064; x_wconf 76' lang='lat' dir='ltr'><strong>explicat;</strong></span> <span class='ocrx_word' id='word_1_216' title='bbox 855 2028 898 2056; x_wconf 86' lang='lat' dir='ltr'><strong>vel</strong></span> <span class='ocrx_word' id='word_1_217' title='bbox 916 2033 992 2056; x_wconf 88' lang='lat' dir='ltr'><strong>certe</strong></span> <span class='ocrx_word' id='word_1_218' title='bbox 1004 2028 1069 2063; x_wconf 88' lang='lat' dir='ltr'><strong>quia</strong></span> <span class='ocrx_word' id='word_1_219' title='bbox 1084 2027 1156 2054; x_wconf 84' lang='lat' dir='ltr'><strong>Deus</strong></span> <span class='ocrx_word' id='word_1_220' title='bbox 1172 2034 1187 2054; x_wconf 92' lang='lat' dir='ltr'><strong>a</strong></span> <span class='ocrx_word' id='word_1_221' title='bbox 1201 2026 1286 2062; x_wconf 88' lang='lat' dir='ltr'><strong>priori</strong></span> <span class='ocrx_word' id='word_1_222' title='bbox 1299 2026 1549 2055; x_wconf 88' lang='lat' dir='ltr'><strong>indemonstrabilis</strong></span> <span class='ocrx_word' id='word_1_223' title='bbox 1562 2031 1621 2061; x_wconf 90' lang='lat' dir='ltr'><strong>est,</strong></span> <span class='ocrx_word' id='word_1_224' title='bbox 1633 2033 1664 2057; x_wconf 89' lang='lat' dir='ltr'><strong>ut</strong></span> 
     </span>
    </p>
   </div>
   <div class='ocr_carea' id='block_1_26' title="bbox 46 2073 1664 2111">
    <p class='ocr_par' dir='ltr' id='par_1_26' title="bbox 46 2073 1664 2111">
     <span class='ocr_line' id='line_1_27' title="bbox 46 2073 1664 2111; baseline 0.002 -11"><span class='ocrx_word' id='word_1_225' title='bbox 46 2081 144 2103; x_wconf 83' lang='lat' dir='ltr'><strong>carens.</strong></span> <span class='ocrx_word' id='word_1_226' title='bbox 160 2076 252 2111; x_wconf 84' lang='lat' dir='ltr'><strong>Atque</strong></span> <span class='ocrx_word' id='word_1_227' title='bbox 266 2075 438 2111; x_wconf 76' lang='lat' dir='ltr'><strong>Evangelium</strong></span> <span class='ocrx_word' id='word_1_228' title='bbox 458 2076 575 2110; x_wconf 84' lang='lat' dir='ltr'><strong>amplum</strong></span> <span class='ocrx_word' id='word_1_229' title='bbox 593 2080 618 2102; x_wconf 88' lang='lat' dir='ltr'><strong>et</strong></span> <span class='ocrx_word' id='word_1_230' title='bbox 639 2084 782 2110; x_wconf 83' lang='lat' dir='ltr'><strong>magnum,</strong></span> <span class='ocrx_word' id='word_1_231' title='bbox 804 2076 909 2103; x_wconf 87' lang='lat' dir='ltr'><strong>scilicet</strong></span> <span class='ocrx_word' id='word_1_232' title='bbox 933 2078 1043 2110; x_wconf 88' lang='lat' dir='ltr'><strong>propter</strong></span> <span class='ocrx_word' id='word_1_233' title='bbox 1065 2081 1158 2102; x_wconf 89' lang='lat' dir='ltr'><strong>rerum</strong></span> <span class='ocrx_word' id='word_1_234' title='bbox 1180 2081 1250 2109; x_wconf 87' lang='lat' dir='ltr'><strong>quas</strong></span> <span class='ocrx_word' id='word_1_235' title='bbox 1270 2073 1391 2101; x_wconf 84' lang='lat' dir='ltr'><strong>continet</strong></span> <span class='ocrx_word' id='word_1_236' title='bbox 1408 2074 1617 2109; x_wconf 85' lang='lat' dir='ltr'><strong>amplitudinem</strong></span> <span class='ocrx_word' id='word_1_237' title='bbox 1636 2081 1664 2104; x_wconf 89' lang='lat' dir='ltr'><strong>et</strong></span> 
     </span>
    </p>
   </div>
   <div class='ocr_carea' id='block_1_27' title="bbox 47 2120 1662 2158">
    <p class='ocr_par' dir='ltr' id='par_1_27' title="bbox 47 2120 1662 2158">
     <span class='ocr_line' id='line_1_28' title="bbox 47 2120 1662 2158; baseline 0.001 -9"><span class='ocrx_word' id='word_1_238' title='bbox 47 2123 222 2154; x_wconf 70' lang='lat' dir='ltr'><strong>granditatem</strong></span> <span class='ocrx_word' id='word_1_239' title='bbox 232 2144 240 2156; x_wconf 88' lang='lat'><em>,</em></span> <span class='ocrx_word' id='word_1_240' title='bbox 252 2127 277 2150; x_wconf 86' lang='lat' dir='ltr'><strong>et</strong></span> <span class='ocrx_word' id='word_1_241' title='bbox 293 2131 384 2150; x_wconf 76' lang='lat' dir='ltr'><strong>rursus</strong></span> <span class='ocrx_word' id='word_1_242' title='bbox 396 2123 530 2150; x_wconf 75' lang='lat' dir='ltr'><strong>concisum</strong></span> <span class='ocrx_word' id='word_1_243' title='bbox 544 2130 591 2150; x_wconf 87' lang='lat' dir='ltr'><strong>seu</strong></span> <span class='ocrx_word' id='word_1_244' title='bbox 603 2127 785 2158; x_wconf 79' lang='lat' dir='ltr'><strong>contractum,</strong></span> <span class='ocrx_word' id='word_1_245' title='bbox 799 2123 826 2150; x_wconf 92' lang='lat' dir='ltr'><strong>id</strong></span> <span class='ocrx_word' id='word_1_246' title='bbox 837 2127 879 2150; x_wconf 86' lang='lat' dir='ltr'><strong>est</strong></span> <span class='ocrx_word' id='word_1_247' title='bbox 890 2122 933 2158; x_wconf 92' lang='lat' dir='ltr'><strong>(ut</strong></span> <span class='ocrx_word' id='word_1_248' title='bbox 944 2129 995 2157; x_wconf 77' lang='lat' dir='ltr'><strong>ego</strong></span> <span class='ocrx_word' id='word_1_249' title='bbox 1005 2121 1114 2157; x_wconf 86' lang='lat' dir='ltr'><strong>quidem</strong></span> <span class='ocrx_word' id='word_1_250' title='bbox 1128 2120 1302 2155; x_wconf 86' lang='lat' dir='ltr'><strong>interpretor)</strong></span> <span class='ocrx_word' id='word_1_251' title='bbox 1315 2120 1388 2148; x_wconf 91' lang='lat' dir='ltr'><strong>mole</strong></span> <span class='ocrx_word' id='word_1_252' title='bbox 1399 2121 1508 2156; x_wconf 86' lang='lat' dir='ltr'><strong>quidem</strong></span> <span class='ocrx_word' id='word_1_253' title='bbox 1521 2121 1662 2157; x_wconf 67' lang='lat' dir='ltr'><strong>exiguum,</strong></span> 
     </span>
    </p>
   </div>
   <div class='ocr_carea' id='block_1_28' title="bbox 47 2166 1662 2205">
    <p class='ocr_par' dir='ltr' id='par_1_28' title="bbox 47 2166 1662 2205">
     <span class='ocr_line' id='line_1_29' title="bbox 47 2166 1662 2205; baseline 0.002 -12"><span class='ocrx_word' id='word_1_254' title='bbox 47 2174 121 2195; x_wconf 83' lang='lat' dir='ltr'><strong>sensu</strong></span> <span class='ocrx_word' id='word_1_255' title='bbox 144 2175 239 2196; x_wconf 82' lang='lat' dir='ltr'><strong>autem</strong></span> <span class='ocrx_word' id='word_1_256' title='bbox 262 2174 288 2197; x_wconf 91' lang='lat' dir='ltr'><strong>et</strong></span> <span class='ocrx_word' id='word_1_257' title='bbox 310 2169 478 2204; x_wconf 83' lang='lat' dir='ltr'><strong>perfectione</strong></span> <span class='ocrx_word' id='word_1_258' title='bbox 502 2169 663 2196; x_wconf 82' lang='lat' dir='ltr'><strong>maximum.</strong></span> <span class='ocrx_word' id='word_1_259' title='bbox 683 2168 759 2197; x_wconf 88' lang='lat' dir='ltr'><strong>Unde</strong></span> <span class='ocrx_word' id='word_1_260' title='bbox 781 2170 928 2204; x_wconf 79' lang='lat' dir='ltr'><strong>Apostolus</strong></span> <span class='ocrx_word' id='word_1_261' title='bbox 953 2169 1041 2205; x_wconf 86' lang='lat' dir='ltr'><strong>(Rom.</strong></span> <span class='ocrx_word' id='word_1_262' title='bbox 1057 2177 1096 2202; x_wconf 80' lang='lat' dir='ltr'><strong>lx,</strong></span> <span class='ocrx_word' id='word_1_263' title='bbox 1120 2166 1167 2203; x_wconf 72' lang='lat'><strong>28)</strong></span> <span class='ocrx_word' id='word_1_264' title='bbox 1185 2168 1301 2202; x_wconf 86' lang='lat' dir='ltr'><strong>appellat</strong></span> <span class='ocrx_word' id='word_1_265' title='bbox 1320 2168 1434 2195; x_wconf 86' lang='lat' dir='ltr'><strong>verbum</strong></span> <span class='ocrx_word' id='word_1_266' title='bbox 1456 2168 1662 2200; x_wconf 86' lang='lat' dir='ltr'><strong>abbreviatum.</strong></span> 
     </span>
    </p>
   </div>
   <div class='ocr_carea' id='block_1_29' title="bbox 48 2215 1665 2252">
    <p class='ocr_par' dir='ltr' id='par_1_29' title="bbox 48 2215 1665 2252">
     <span class='ocr_line' id='line_1_30' title="bbox 48 2215 1665 2252; baseline 0.002 -12"><span class='ocrx_word' id='word_1_267' title='bbox 48 2218 132 2248; x_wconf 83' lang='lat' dir='ltr'><strong>utpote</strong></span> <span class='ocrx_word' id='word_1_268' title='bbox 149 2216 298 2244; x_wconf 88' lang='lat' dir='ltr'><strong>continens</strong></span> <span class='ocrx_word' id='word_1_269' title='bbox 315 2217 504 2244; x_wconf 86' lang='lat' dir='ltr'><strong>brevissimum</strong></span> <span class='ocrx_word' id='word_1_270' title='bbox 521 2216 583 2243; x_wconf 86' lang='lat' dir='ltr'><strong>ﬁdei</strong></span> <span class='ocrx_word' id='word_1_271' title='bbox 596 2219 623 2243; x_wconf 84' lang='lat' dir='ltr'><strong>et</strong></span> <span class='ocrx_word' id='word_1_272' title='bbox 634 2216 788 2244; x_wconf 85' lang='lat' dir='ltr'><strong>dilectionis</strong></span> <span class='ocrx_word' id='word_1_273' title='bbox 804 2221 985 2252; x_wconf 78' lang='lat' dir='ltr'><strong>praeceptum,</strong></span> <span class='ocrx_word' id='word_1_274' title='bbox 1003 2217 1076 2252; x_wconf 88' lang='lat' dir='ltr'><strong>quod</strong></span> <span class='ocrx_word' id='word_1_275' title='bbox 1097 2224 1147 2252; x_wconf 89' lang='lat' dir='ltr'><strong>pro</strong></span> <span class='ocrx_word' id='word_1_276' title='bbox 1161 2216 1269 2243; x_wconf 89' lang='lat' dir='ltr'><strong>cunctis</strong></span> <span class='ocrx_word' id='word_1_277' title='bbox 1282 2215 1401 2243; x_wconf 71' lang='lat' dir='ltr'><strong>sinuosae</strong></span> <span class='ocrx_word' id='word_1_278' title='bbox 1413 2215 1480 2251; x_wconf 74' lang='lat' dir='ltr'><strong>legis</strong></span> <span class='ocrx_word' id='word_1_279' title='bbox 1494 2215 1665 2244; x_wconf 70' lang='lat' dir='ltr'><strong>caeremoniis</strong></span> 
     </span>
    </p>
   </div>
   <div class='ocr_carea' id='block_1_30' title="bbox 49 2261 1665 2298">
    <p class='ocr_par' dir='ltr' id='par_1_30' title="bbox 49 2261 1665 2298">
     <span class='ocr_line' id='line_1_31' title="bbox 49 2261 1665 2298; baseline 0.002 -13"><span class='ocrx_word' id='word_1_280' title='bbox 49 2261 182 2289; x_wconf 83' lang='lat' dir='ltr'><strong>successit.</strong></span> <span class='ocrx_word' id='word_1_281' title='bbox 194 2261 236 2290; x_wconf 88' lang='lat' dir='ltr'><strong>Ita</strong></span> <span class='ocrx_word' id='word_1_282' title='bbox 251 2261 398 2290; x_wconf 79' lang='lat' dir='ltr'><strong>Ansclmus</strong></span> <span class='ocrx_word' id='word_1_283' title='bbox 408 2267 436 2290; x_wconf 86' lang='lat' dir='ltr'><strong>et</strong></span> <span class='ocrx_word' id='word_1_284' title='bbox 446 2263 641 2291; x_wconf 75' lang='lat' dir='ltr'><strong>(Ecumcnius.</strong></span> <span class='ocrx_word' id='word_1_285' title='bbox 653 2262 700 2290; x_wconf 78' lang='lat' dir='ltr'><strong>Vel</strong></span> <span class='ocrx_word' id='word_1_286' title='bbox 716 2263 780 2298; x_wconf 87' lang='lat' dir='ltr'><strong>quia</strong></span> <span class='ocrx_word' id='word_1_287' title='bbox 793 2263 914 2291; x_wconf 83' lang='lat' dir='ltr'><strong>continet</strong></span> <span class='ocrx_word' id='word_1_288' title='bbox 926 2263 1047 2292; x_wconf 84' lang='lat' dir='ltr'><strong>Vcrhum</strong></span> <span class='ocrx_word' id='word_1_289' title='bbox 1058 2263 1247 2296; x_wconf 85' lang='lat' dir='ltr'><strong>incarnatum,</strong></span> <span class='ocrx_word' id='word_1_290' title='bbox 1259 2261 1292 2291; x_wconf 85' lang='lat' dir='ltr'><strong>ad</strong></span> <span class='ocrx_word' id='word_1_291' title='bbox 1306 2261 1426 2291; x_wconf 90' lang='lat' dir='ltr'><strong>hominis</strong></span> <span class='ocrx_word' id='word_1_292' title='bbox 1440 2269 1528 2298; x_wconf 88' lang='lat' dir='ltr'><strong>usque</strong></span> <span class='ocrx_word' id='word_1_293' title='bbox 1539 2266 1665 2290; x_wconf 81' lang='lat' dir='ltr'><strong>naturam</strong></span> 
     </span>
    </p>
   </div>
   <div class='ocr_carea' id='block_1_31' title="bbox 50 2306 1013 2346">
    <p class='ocr_par' dir='ltr' id='par_1_31' title="bbox 50 2306 1013 2346">
     <span class='ocr_line' id='line_1_32' title="bbox 50 2306 1013 2346; baseline 0.003 -11"><span class='ocrx_word' id='word_1_294' title='bbox 50 2306 231 2337; x_wconf 80' lang='lat' dir='ltr'><strong>abbreviatum</strong></span> <span class='ocrx_word' id='word_1_295' title='bbox 250 2313 278 2337; x_wconf 85' lang='lat' dir='ltr'><strong>et</strong></span> <span class='ocrx_word' id='word_1_296' title='bbox 292 2309 461 2338; x_wconf 80' lang='lat' dir='ltr'><strong>exinanitum</strong></span> <span class='ocrx_word' id='word_1_297' title='bbox 473 2332 481 2345; x_wconf 91' lang='lat'>,</span> <span class='ocrx_word' id='word_1_298' title='bbox 497 2311 571 2346; x_wconf 89' lang='lat' dir='ltr'><strong>quod</strong></span> <span class='ocrx_word' id='word_1_299' title='bbox 587 2310 677 2339; x_wconf 86' lang='lat' dir='ltr'><strong>salvas</strong></span> <span class='ocrx_word' id='word_1_300' title='bbox 693 2309 757 2338; x_wconf 80' lang='lat' dir='ltr'><strong>fecit</strong></span> <span class='ocrx_word' id='word_1_301' title='bbox 772 2310 901 2346; x_wconf 85' lang='lat' dir='ltr'><strong>reliquias</strong></span> <span class='ocrx_word' id='word_1_302' title='bbox 919 2309 1013 2338; x_wconf 83' lang='lat' dir='ltr'><strong>Israel.</strong></span> 
     </span>
    </p>
   </div>
  </div>
