1916 3104
467 351 645 457 AN
653 349 1252 459 ACLETUS
1357 349 1700 455 PAPA

928 630 1256 695 NOTITIA

660 765 707 797 (Ex
720 764 791 790 Libra
802 764 935 797 pontiﬁcali
943 765 1040 790 Damasi
1052 771 1130 796 papae,
1147 771 1186 795 ap.
1199 764 1284 795 Mursr,
1297 763 1397 796 Concil.,
1411 763 1431 793 Ι,
1445 763 1512 795 597.)

311 851 458 879 Anacletus
478 850 517 886 (1)
537 851 647 879 natione
676 851 808 879 Grmus‘
837 859 871 879 ex
895 857 972 886 patre
997 852 1148 885 Antiocho,
1170 850 1240 879 sedit
1263 858 1351 879 annos
1374 858 1489 884 novem,
1513 858 1621 878 menses
1643 854 1700 878 tres
1725 849 1806 886 [cod.
1822 850 1895 879 ιιι..

276 898 362 934 duos]
375 919 383 932 ,
401 898 459 926 dies
473 898 583 932 decem;
600 898 653 926 fuit
670 903 761 926 autem
773 898 941 933 temporibus
956 897 1101 927 Domitiani
1111 898 1161 933 (2),
1176 906 1192 926 a
1205 898 1348 925 consulatu
1363 897 1510 924 Domitiani
1525 897 1631 925 decimo
1644 902 1672 924 et
1688 897 1798 931 S'abini,
1814 903 1896 932 usque

275 945 310 973 ad
337 944 522 973 Domitianum
547 945 653 973 decimo
682 946 798 981 septimo
824 945 863 981 (ὅ)
883 950 909 973 et
933 945 1098 973 Clementem
1122 945 1258 973 consules.
1276 944 1326 972 Hic
1344 945 1504 972 memoriam
1521 944 1592 971 beati
1610 943 1683 971 Petri
1699 944 1861 971 construxit
1873 947 1896 969 et

275 992 427 1027 composuit
442 992 497 1027 μ),
512 991 575 1019 dum
595 992 735 1028 presbyter
748 991 837 1020 factus
851 991 950 1020 fuisset
975 999 991 1020 a
1012 992 1092 1020 beato
1114 991 1210 1024 Petro,
1227 999 1274 1020 seu
1292 991 1345 1018 alia
1366 991 1441 1024 loca,
1465 991 1512 1018 ubi
1533 991 1655 1026 episcopi
1682 991 1895 1019 reconderentur

275 1038 421 1073 sepulturae
436 1049 442 1065 :
457 1038 503 1066 ubi
520 1043 609 1066 autem
625 1043 652 1066 et
667 1039 725 1074 ipse
740 1039 861 1074 sepultus
876 1043 919 1066 est
935 1039 963 1065 in
978 1046 1054 1074 pace,
1069 1039 1146 1074 juxta
1168 1046 1269 1073 corpus
1289 1038 1362 1066 beati
1383 1036 1473 1069 Petri,
1487 1038 1566 1065 tertio
1578 1038 1641 1066 ldus
1664 1036 1744 1066 Julii.
1769 1037 1821 1065 Hic
1838 1037 1894 1064 fecit

275 1083 461 1112 ordinationes
483 1084 552 1112 duas
578 1084 673 1120 [juxta
696 1084 850 1118 Ptatinam,
872 1084 967 1121 unam]
990 1092 1037 1120 per
1061 1093 1182 1113 mensem
1207 1084 1399 1116 Decembrem,
1420 1084 1591 1119 presbyteros
1613 1084 1755 1120 quinque,
1770 1085 1897 1112 diaconus

276 1133 340 1164 tres,
357 1130 500 1165 episcopos
522 1138 571 1166 per
586 1131 693 1159 diversa
705 1131 765 1159 loca
779 1139 895 1160 numero
911 1139 968 1160 sex.
982 1131 1016 1159 Et
1029 1132 1148 1160 cessavit
1161 1132 1334 1167 episcopatus
1348 1131 1406 1159 dies
1419 1138 1481 1158 xm.

315 1232 322 1247 ¹
333 1229 371 1258 De
388 1231 514 1262 Athenis.

1038 1321 1142 1350 NOTAE
1147 1344 1153 1349 .

311 1436 350 1471 (1)
369 1436 522 1465 Anacletut.
549 1435 614 1463 Post
635 1435 820 1470 interregnum
840 1439 958 1470 quatuor
977 1442 1055 1462 men-

276 1482 348 1509 sium
372 1487 400 1510 et
425 1482 517 1510 decem
540 1482 658 1516 dierum,
685 1489 757 1509 anno
777 1481 879 1508 Christi
892 1480 944 1508 105
968 1479 1059 1516 [102],

275 1527 388 1563 Trajani
413 1527 585 1563 imperatoris
610 1535 646 1560 tv,
663 1527 741 1555 tertia
764 1527 808 1554 die
823 1527 925 1554 mensis
944 1527 1056 1562 Aprilis,

274 1573 420 1601 Anacletus
441 1572 536 1600 multis
561 1573 642 1600 rebus
658 1573 787 1608 praeclare
804 1572 886 1607 gestis
910 1572 1056 1599 celeberri-

274 1625 351 1650 mus,
367 1616 528 1645 Christianae
547 1618 686 1653 religionis
708 1625 845 1644 summum
869 1617 1056 1652 pontiﬁcatum

275 1663 400 1698 adeptus,
416 1662 547 1691 Clementi
563 1671 610 1698 per
624 1663 785 1698 martyrium
800 1663 908 1690 sublato
924 1663 1056 1698 subroga-

275 1715 331 1737 tur.
346 1709 424 1743 Quod
440 1709 518 1737 Liber
533 1710 693 1745 pontiﬁcalia
720 1710 748 1736 in
761 1708 822 1736 Vita
836 1709 984 1737 Clementis
999 1710 1055 1745 epi-

277 1761 420 1791 scopatum
437 1755 565 1782 Romanae
577 1754 705 1783 Ecclesiae
725 1755 821 1791 viginti
841 1756 938 1784 diebus
959 1761 986 1784 et
1002 1764 1056 1784 uno

273 1810 397 1830 cessasse
421 1802 527 1834 scribit,
542 1802 586 1829 vix
605 1807 647 1830 est
665 1802 803 1836 credibile,
819 1811 882 1831 cum
904 1808 959 1830 tant
979 1803 1056 1831 brevi

274 1848 406 1883 temporis
421 1848 508 1883 spatio
532 1849 692 1883 martyrium
709 1848 865 1881 Clementis,
884 1849 1056 1877 Chersoneso

273 1898 350 1922 trans
364 1894 480 1922 Pontum
498 1894 561 1926 sita,
579 1894 692 1921 Romam
717 1895 837 1922 nuntiari
857 1903 911 1922 non
925 1895 1052 1930 potuerit.

273 1939 374 1967 Baron.
396 1947 467 1967 anno
481 1940 542 1973 102,
568 1948 644 1967 numt
656 1941 683 1973 ‘2,
708 1945 734 1968 et
748 1949 805 1976 seq.
836 1948 922 1975 anno,
934 1949 1009 1969 num.
1025 1942 1053 1969 2.

273 1984 352 2013 Unde
378 1986 507 2014 acciderit
532 1987 603 2022 quod
617 1987 763 2015 Anacletus
780 1995 796 2014 a
810 1987 979 2016 Tertulliano
995 1988 1056 2016 Cle-

274 2033 360 2060 menti
376 2037 564 2067 anteponatur,
581 2034 616 2060 ab
631 2033 781 2068 Epiphanio
796 2039 886 2062 autent
903 2035 1003 2063 haeresi
1018 2036 1053 2063 27

275 2079 362 2114 plane.
372 2079 523 2111 omittatur,
549 2087 629 2114 supra
653 2081 772 2108 diximus
792 2081 818 2107 in
833 2082 1054 2112 adnotationibus

276 2124 406 2152 adVitam
420 2124 577 2153 Clementis.
597 2125 659 2153 Sev.
675 2126 777 2154 BINIUS.

309 2191 346 2227 (2)
366 2190 429 2218 Fuit
446 2196 532 2218 autem
557 2193 714 2227 temporibus
730 2193 888 2222 Domitiani.
900 2195 967 2223 Mira
981 2195 1055 2223 Libri

269 2237 430 2273 pontiﬁcali;
461 2237 578 2265 varietas
603 2243 631 2267 et
653 2241 830 2275 repugnantia
851 2250 857 2267 :
880 2249 943 2270 cum
971 2250 1052 2277 supra

271 2282 437 2310 Clementem
463 2283 586 2311 Anacleti
618 2285 844 2319 prmdccessorcm
872 2288 952 2315 tertio
981 2296 1053 2315 anno

271 2328 383 2365 Trajani
402 2337 417 2356 e
432 2330 485 2356 vita
501 2331 636 2358 sublatum
661 2338 721 2358 esse
741 2333 891 2367 scripserit,
906 2334 1053 2363 Anacletus

269 2383 326 2403 non
340 2376 392 2403 sub
402 2376 568 2410 Domitiano,
584 2378 631 2404 sed
647 2377 736 2406 verius
752 2379 804 2406 sub
817 2379 935 2415 Trajano
949 2381 1052 2409 sedisse

269 2423 366 2457 potuit.
385 2421 422 2449 lu.

304 2479 344 2514 (5)
362 2479 383 2505 Α
400 2479 540 2506 consulatu
557 2479 701 2507 Domitiani
725 2489 742 2507 x
761 2485 789 2508 et.
798 2481 891 2509 Sabini
915 2491 996 2514 usque
1016 2483 1051 2510 ad

268 2525 435 2552 consulatum
448 2525 597 2553 Domitiani
614 2534 680 2554 xvn.
707 2526 800 2555 Novus
822 2536 899 2556 error
917 2530 1048 2557 auctoris.

269 2572 298 2598 Si
311 2572 458 2600 Anacletus
473 2572 523 2599 sub
537 2573 676 2601 adnotatis
690 2574 849 2602 consulibus
861 2575 1049 2610 pontiﬁcatum

269 2617 366 2650 tenuit,
391 2625 454 2644 eum
470 2617 635 2646 Clementem
664 2621 855 2653 antecessisse,
885 2621 941 2648 imo
968 2622 1049 2649 simul

267 2668 330 2690 curn
344 2663 418 2690 Clcto
431 2669 458 2691 et
469 2663 606 2692 Clemente
620 2665 722 2693 sedisse
743 2667 872 2701 oportuit.
893 2667 960 2695 Nam
975 2669 1049 2696 deci-

268 2716 330 2747 mus
346 2708 490 2736 Domitiani
516 2711 676 2738 consulatus
701 2720 763 2739 cum
789 2721 860 2741 anno
891 2714 994 2742 Citriin
1014 2715 1048 2742 86

268 2753 337 2789 {Si},
354 2754 500 2781 Domitiani
523 2755 695 2790 imperatoris
709 2765 738 2783 Ill
755 2758 894 2786 coincidit.
922 2759 1048 2788 Decimus

268 2799 400 2833 septimus
413 2807 477 2827 vero
492 2801 612 2842 ejuxsdem
632 2803 790 2831 consulatus
805 2811 866 2831 cum
882 2812 954 2832 anno
968 2805 1048 2832 Chri-

269 2844 303 2870 sti
327 2843 361 2871 9t
379 2843 447 2880 [92),
461 2845 606 2874 Domitiani
638 2848 810 2884 imperatoris
840 2859 865 2879 tu
899 2853 1046 2880 concurrit.

1108 1433 1177 1461 Cum
1200 1433 1282 1468 igitur
1294 1433 1431 1467 Clemens,
1457 1433 1539 1469 hujus
1552 1434 1676 1462 Anacleti
1702 1435 1902 1470 praedecessor,

1108 1487 1180 1507 anno
1194 1487 1224 1506 ιιι
1234 1478 1345 1515 Trajani
1359 1480 1531 1515 imperatoris
1541 1480 1596 1507 vita
1608 1480 1692 1508 simul
1700 1485 1729 1508 et
1739 1482 1901 1516 pontiﬁcatu

1107 1524 1252 1553 defunctus
1264 1525 1311 1558 sit,
1327 1530 1358 1553 ut.
1376 1530 1474 1561 praeter
1488 1531 1630 1554 auctorem
1643 1526 1728 1562 hujus
1741 1527 1823 1561 libri,
1840 1527 1903 1554 Hie-

1107 1579 1214 1607 ronym.
1234 1576 1261 1599 et
1273 1571 1373 1600 Euseb.
1390 1572 1458 1600 locis
1475 1574 1558 1608 supra
1570 1573 1652 1601 dictis
1673 1579 1833 1607 testantur,
1849 1581 1901 1601 non

1107 1617 1185 1645 video
1199 1625 1253 1654 qua
1276 1618 1382 1646 ratione
1401 1618 1454 1646 diei
1478 1620 1565 1654 possit
1577 1619 1741 1647 Anacletum
1767 1625 1840 1647 ante
1856 1621 1905 1647 im-

1107 1663 1211 1698 perium
1221 1663 1331 1700 Trajani
1342 1665 1508 1700 pontiﬁciam
1519 1666 1610 1693 sedem
1622 1666 1857 1695 administrasse.
1868 1666 1903 1693 In.

1142 1741 1181 1776 (Δ)
1202 1741 1252 1768 Hic
1273 1742 1342 1769 beati
1359 1742 1434 1770 Petrt
1459 1745 1613 1771 memoriam
1639 1747 1797 1773 construxit
1828 1752 1906 1782 atque

1107 1788 1262 1822 composuit.
1290 1787 1342 1815 Per
1369 1790 1529 1816 memoriam
1563 1790 1635 1818 beati
1660 1790 1735 1818 Petri
1778 1793 1905 1828 intellige

1107 1833 1252 1867 quamdam
1278 1834 1384 1862 aediﬁcii
1411 1840 1576 1863 structuram
1601 1837 1636 1864 ab
1657 1837 1810 1871 Anacleto,
1841 1840 1905 1866 dum

1107 1878 1195 1907 adhuc
1220 1881 1361 1916 presbyter
1385 1889 1467 1915 esset,
1495 1882 1522 1909 in
1553 1882 1683 1910 Vaticano
1710 1890 1903 1918 exstructam,

1106 1933 1188 1960 quam
1198 1926 1262 1953 olim
1279 1927 1428 1962 antiquitas
1445 1929 1573 1957 usitatius
1585 1930 1734 1958 ecclesiam
1749 1934 1903 1960 nominare

1106 1973 1257 2000 consuevit.
1284 1972 1352 2000 Nam
1373 1978 1401 2002 et
1413 1974 1529 2010 August.
1547 1975 1584 2003 De
1607 1977 1747 2004 ciuit.Dei
1760 1979 1817 2007 lib.
1837 1987 1904 2013 xm,

1107 2025 1131 2044 c.
1145 2017 1194 2044 l0:
1207 2017 1275 2051 Nos,
1293 2019 1391 2062 inquit,
1409 2022 1572 2056 martyribus
1592 2023 1689 2050 nostris
1707 2032 1767 2051 non
1788 2027 1904 2061 tempta,

1108 2063 1176 2091 sicut
1191 2064 1256 2098 diis,
1273 2065 1318 2092 sed
1335 2068 1490 2100 memorias,
1509 2069 1577 2096 sicut
1596 2069 1750 2098 hominibus
1772 2074 1903 2106 mortuis,

1104 2118 1215 2145 quorum
1231 2112 1301 2147 apud
1315 2112 1397 2139 Deum
1411 2114 1499 2140 vivunt
1512 2115 1632 2150 spiritus,
1642 2115 1833 2150 fabricamus.
1852 2119 1905 2146 llas

1104 2157 1203 2185 merito
1216 2156 1299 2185 Caius
1314 2159 1444 2194 antiquus
1463 2161 1618 2196 theologus,
1635 2162 1680 2196 qui
1698 2167 1836 2199 tempore
1857 2165 1905 2192 Ze-

1105 2201 1214 2238 phyrini
1229 2204 1366 2238 pontiﬁcis
1381 2205 1489 2240 claruit,
1506 2211 1574 2234 teste
1589 2207 1707 2243 Eusebio
1723 2210 1781 2238 lib.
1802 2219 1838 2240 m
1856 2212 1907 2239 Hi—

1104 2249 1258 2282 storiarum,
1282 2249 1328 2283 24,
1349 2256 1449 2285 tropaea
1465 2253 1582 2287 appellat
1595 2263 1602 2281 :
1614 2255 1716 2290 quippe
1729 2264 1799 2291 qua
1812 2260 1906 2286 victo~

1104 2293 1159 2321 rias
1170 2295 1352 2329 apostolorum
1365 2297 1398 2324 de
1410 2298 1531 2327 subactis
1543 2299 1666 2328 hostibus
1681 2309 1906 2337 repraesentem.

1104 2338 1192 2367 Verba
1218 2341 1291 2369 illius
1320 2343 1391 2378 apud
1409 2343 1557 2373 Eusebium
1586 2347 1717 2381 praedicto
1749 2349 1818 2378 loco
1847 2352 1906 2379 hri:

1103 2388 1189 2411 sunt:
1208 2385 1263 2421 Ego
1284 2387 1464 2422 apostolorum
1491 2394 1591 2425 tropum
1617 2393 1762 2427 perspicue
1787 2404 1905 2430 possunt

1102 2432 1256 2459 ostendere:
1270 2441 1331 2460 nam
1343 2435 1366 2461 si
1378 2435 1448 2463 Iubet
1462 2437 1490 2463 in
1507 2436 1663 2466 Vaticanum
1678 2441 1841 2475 proﬁcisci,
1858 2450 1905 2469 ait

1101 2478 1130 2503 in
1150 2478 1221 2504 viam
1244 2486 1303 2513 qua:
1316 2479 1444 2508 Ostiensis
1467 2483 1574 2516 dicitur,
1592 2489 1616 2511 te
1632 2486 1767 2521 conferre,
1794 2492 1905 2523 tropa»:

1100 2531 1191 2552 eorum
1212 2526 1258 2560 qui
1277 2526 1356 2553 istam
1370 2528 1517 2556 Ecclesium
1539 2538 1587 2558 suo
1604 2539 1724 2559 sermone
1743 2539 1778 2561 -εε
1799 2537 1905 2564 virtut:

1100 2574 1279 2608 stabilierunt,
1304 2576 1427 2604 inuenies.
1466 2576 1543 2606 Hanc
1566 2578 1700 2614 insignem
1727 2581 1907 2619 claramque

1101 2621 1261 2649 memoriam
1275 2630 1291 2649 a
1303 2622 1411 2651 turbine
1425 2624 1623 2658 persecutionis
1638 2633 1692 2652 non
1711 2626 1808 2656 fuisse
1823 2630 1907 2665 deje.

1100 2672 1183 2700 ctam,
1207 2669 1254 2696 sed
1282 2669 1386 2704 majore
1410 2670 1501 2704 potius
1526 2671 1553 2698 in
1574 2671 1633 2699 dies
1653 2673 1784 2707 singulos
1807 2676 1905 2711 gloria

1100 2718 1219 2746 auctam,
1231 2721 1338 2742 onmem
1353 2716 1560 2744 admirationem
1574 2723 1695 2752 superat.
1704 2718 1814 2748 Baron.
1826 2730 1905 2749 anno

1100 2758 1162 2792 106,
1177 2767 1206 2787 n.
1220 2761 1238 2787 2
1252 2766 1279 2788 et
1291 2761 1319 2788 5.
1337 2761 1522 2799 Magdeburg.,
1547 2764 1596 2799 qui
1617 2766 1691 2793 hanc
1715 2767 1754 2793 ob
1777 2775 1904 2797 causam

1099 2805 1258 2834 Anacletum
1272 2809 1485 2844 reprehendunt,
1499 2818 1514 2837 a
1527 2810 1657 2839 Bellarm.
1674 2812 1723 2840 lib.
1740 2821 1766 2840 tv
1781 2814 1829 2842 De
1845 2816 1902 2843 Ησ-

1100 2861 1171 2881 man.
1185 2854 1294 2889 pontif.,
1310 2862 1334 2883 c.
1349 2855 1376 2890 8,
1392 2855 1424 2884 de
1436 2857 1573 2885 calumnia
1585 2862 1733 2887 notamur.
1751 2859 1792 2888 lo.
