1916 3104
160 246 1134 258 ..ο-..ψ

1602 150 1654 179 790

1142 250 1648 264 ._______

73 356 546 469 ANACLETI
628 389 1003 470 ROMANI
1085 391 1619 472 PONTIFIGIS
1675 373 1687 413 τ

364 582 734 640 EPISTOL/E
786 582 877 638 ET
923 579 1057 638 DEC
1068 579 1254 637 RETA
1277 569 1318 609 (υ

608 747 616 780 (
629 747 714 777 Μικδι.
731 745 832 778 Concil.,
845 749 865 774 ι.
879 747 901 778 Ι,
915 754 969 779 pag.
984 747 1037 771 598.
1052 748 1060 777 )

245 947 410 975 EPISTOLA
432 948 470 982 (et
490 947 606 975 PRIMA.

41 1029 49 1042 ¹
59 1027 91 1054 De
106 1028 271 1061 oppressione
286 1027 496 1054 Christianorum
508 1033 532 1055 ct
542 1029 574 1055 de
583 1030 750 1055 accusatione
763 1030 818 1062 epi-

71 1064 138 1097 scopi
150 1084 157 1095 ,
175 1063 209 1089 de
232 1063 400 1089 ordinatione
419 1063 676 1098 archiepiscoporum
694 1069 718 1090 et
739 1068 818 1090 crete-

73 1107 154 1140 rorum
166 1103 192 1139 et
205 1099 240 1125 de
253 1099 412 1132 primatibus
434 1104 458 1126 et
480 1099 652 1134 patriarchis,
678 1107 818 1126 eorumoue

71 1139 222 1160 τηιηιδκηο.

72 1201 236 1233 ΑΝΑαετυς,
255 1209 352 1227 servus
369 1200 472 1228 Christi
488 1200 551 1228 Jesu
563 1222 570 1233 ,
587 1201 613 1228 in
630 1201 693 1229 sede
706 1206 818 1236 aposto—

43 1248 88 1274 lica
102 1246 215 1274 Domino
230 1247 509 1282 scrt'imts,opiscopis
520 1247 659 1280 omnibus,
671 1251 697 1275 et
712 1247 818 1275 caeteris

41 1290 132 1316 cunctis
148 1289 295 1322 ﬁdelibus,
318 1290 363 1324 qui
381 1291 546 1325 comqualent
564 1291 705 1318 nobiscum
725 1290 815 1318 sortiti

42 1342 98 1363 sunt
111 1335 185 1363 Idem
200 1357 208 1368 ,
233 1337 322 1370 gratia
347 1337 425 1364 vobis
445 1341 472 1364 ct
494 1345 545 1371 pax
569 1342 650 1373 atque
667 1337 818 1365 consolatio

43 1381 247 1416 multiplicantur
261 1390 277 1409 ει
292 1382 407 1409 Dontino
423 1383 449 1410 itt
463 1383 572 1410 stccula.

72 1439 222 1468 Penedictus
255 1439 326 1466 Deus
350 1445 374 1466 et
398 1439 480 1468 Pater
509 1440 615 1467 Domini
640 1442 724 1468 nostri
753 1441 817 1469 Iesu

41 1485 139 1517 L'Itristi,
158 1486 206 1519 qui
218 1485 365 1512 secundum
379 1494 501 1521 magnam
522 1486 729 1513 misericordiam
741 1495 818 1514 sitam

39 1531 189 1565 regenerovit
212 1539 262 1558 nos
287 1531 314 1557 in
337 1540 407 1566 spent
423 1532 517 1564 vivam,
541 1541 587 1566 per
603 1534 818 1559 resurrectionem

833 926 856 953 λ
871 935 994 963 debetis?
1013 935 1105 963 Estote
1121 945 1180 971 ergo
1196 937 1323 970 patientes
1334 957 1341 968 ,
1359 941 1384 962 et
1398 935 1551 969 conﬁrmate
1573 935 1654 961 corda

869 983 1017 1013 vestra“,ut
1029 982 1190 1009 adveniente
1200 982 1291 1017 judice
1301 981 1420 1013 Christo,
1437 981 1490 1008 Ιίηιί
1506 986 1531 1008 et
1547 982 1653 1015 probati

868 1035 930 1054 esse
944 1027 1066 1054 valeatis.
1095 1027 1186 1054 Nolite
1201 1028 1369 1063 ingemiscere
1385 1028 1412 1054 in
1433 1027 1590 1053 alterutrum
1601 1047 1608 1059 ,
1626 1033 1653 1054 ut

868 1074 1089 1109 nonjuclicemini.
1099 1073 1165 1101 Ecce
1169 1074 1320 1108 judexante
1321 1073 1552 1108 januam’assistit.
1561 1072 1655 1099 Exem-

868 1122 940 1157 plum
950 1122 1070 1156 uccipite,
1085 1121 1244 1153 charissimi,
1257 1121 1355 1147 laboris
1367 1125 1390 1147 et
1402 1121 1535 1155 patientia:
1545 1119 1654 1155 prophe-

869 1173 920 1201 tas,
931 1169 976 1203 qui
986 1168 1068 1194 locuti
1078 1169 1105 1194 in
1115 1169 1218 1194 nomine
1225 1166 1332 1194 Domini
1343 1171 1413 1193 sunt.
1424 1165 1460 1192 En
1473 1166 1653 1200 beatiﬁcamus

868 1222 910 1241 eos
921 1215 965 1249 qui
980 1215 1171 1240 sustinuerunt.
1185 1212 1372 1248 Sit/ferentium
1383 1211 1432 1238 Job
1450 1213 1573 1244 audistis,
1586 1212 1649 1246 etfi~

869 1268 926 1286 nem
939 1259 1046 1286 Domini
1059 1259 1171 1291 vidistis,
1183 1259 1306 1294 quoniam
1316 1258 1464 1284 misericors
1476 1262 1499 1284 et
1513 1257 1652 1283 miserator

869 1306 998 1334 Dominus
1019 1306 1086 1333 θην.
1102 1305 1305 1332 Tribulationes
1321 1309 1425 1331 vestras
1440 1303 1653 1338 audivintus(3),

868 1352 981 1384 fratres,
1004 1357 1058 1379 tam
1080 1360 1128 1387 per
1147 1356 1256 1379 ttostros
1266 1351 1288 1384 ⁸,
1306 1359 1388 1385 quam
1406 1355 1433 1377 et
1453 1358 1501 1384 per
1516 1348 1654 1376 alioruut'

859 1389 1072 1432 .apocrisiarios,
1085 1404 1167 1432 super
1178 1396 1279 1431 quibus
1288 1395 1365 1422 valde
1378 1394 1511 1426 dolemus,
1524 1394 1654 1428 vobisque

869 1443 1063 1477 compatimur,
1080 1447 1108 1470 et
1123 1443 1255 1469 auxilium
1272 1442 1341 1469 ferre
1357 1442 1448 1475 (prout
1463 1441 1521 1475 ipse
1539 1441 1654 1475 largitus

869 1488 960 1521 fuerit,
974 1489 1019 1524 qui
1030 1497 1079 1524 pro
1089 1490 1168 1516 nobis
1180 1497 1233 1516 non
1246 1489 1333 1516 soluttt
1346 1488 1502 1520 tribulutus,
1518 1487 1564 1514 sed
1573 1487 1654 1514 etiam

869 1543 968 1570 passus
979 1540 1032 1571 est)
1047 1536 1135 1571 parati
1148 1543 1253 1563 smnus.
1267 1534 1356 1562 Nolite
1372 1535 1475 1566 mirari,
1489 1534 1654 1566 cltat-issimi,

37 1577 92 1604 Jesu
102 1578 202 1605 Christi
218 1586 252 1604 ea:
269 1580 426 1611 mortuis,in
438 1580 617 1606 lth‘ElllllllL'l”
632 1580 818 1614 incorruptibi—
835 1595 858 1623 Β
871 1582 1131 1617 quipersecutioues
1141 1581 1280 1616 patimini,
1303 1581 1379 1616 quasi
1397 1582 1455 1608 novi
1471 1581 1541 1607 vobis
1553 1579 1655 1615 aliquid

38 1624 81 1651 lem
93 1630 115 1651 et
130 1625 371 1651 iucontantinataut
384 1645 391 1657 ,
415 1631 438 1652 et
453 1626 695 1653 inmarcescibilem
715 1634 820 1653 conser-

39 1675 116 1696 vatam
131 1672 156 1697 iu
173 1671 248 1698 caelis
263 1691 270 1702 ,
296 1672 323 1697 in
344 1671 471 1706 oobis,qui
487 1672 513 1698 in
528 1673 622 1698 virtute
637 1672 684 1699 Dei
702 1673 820 1700 custodi-

39 1716 96 1741 mini
110 1724 154 1749 per
166 1716 249 1749 ﬁderit
269 1716 296 1742 in
317 1717 429 1743 salutent
447 1723 569 1751 paratam
592 1718 701 1744 revelari
716 1719 743 1745 in
756 1723 820 1744 tent-

39 1768 93 1793 ρον-ε
105 1763 250 1788 novissimo
265 1769 274 1788 :
289 1762 316 1788 in
331 1770 382 1797 qtto
396 1763 566 1790 exsultabitis
579 1784 586 1795 ,
603 1764 735 1791 modicum
751 1772 820 1790 nunc

38 1807 58 1832 si
71 1812 166 1841 oportet
180 1808 338 1835 contristari
353 1810 379 1836 in
396 1810 476 1836 variis
493 1810 697 1843 tentationibus,
713 1815 741 1837 ut
756 1819 818 1845 pro-

39 1852 102 1879 batio
118 1859 211 1881 vestrae
224 1854 290 1888 fidei
304 1854 387 1881 multo
401 1855 541 1889 pretiosior
553 1856 587 1882 sit
602 1864 677 1884 auro.
692 1856 761 1890 quod
775 1864 821 1890 per

39 1898 114 1931 ignem
124 1900 254 1933 probatur
262 1900 283 1929 ³.
292 1901 314 1927 si
328 1905 418 1927 tamen
431 1901 456 1927 in
470 1901 693 1929 tribulationibus
703 1902 819 1937 experti,

39 1943 135 1976 probati
151 1945 344 1972 inveniamiui.
362 1946 498 1974 Patienlcs
516 1951 619 1979 estote,
637 1948 818 1981 diloctisstmi,

39 1996 93 2023 quia
114 1991 245 2025 patientia
267 1992 446 2025 probationem
466 1997 601 2028 operatur,
625 1994 746 2028 probatio
761 2003 820 2021 vero

39 2042 112 2068 spem,
126 2045 182 2071 spes
200 2045 292 2066 autem
312 2047 363 2065 non
375 2039 511 2073 confundit
523 2039 543 2067 ⁸.
561 2038 628 2067 Ecce
641 2040 759 2075 agricola
774 2048 820 2067 ex-

40 2087 127 2116 spectat
150 2085 299 2118 pretiosum
323 2086 437 2119 [ructum
461 2092 548 2119 εει-ναι,
567 2088 698 2121 patienter
715 2088 819 2122 ferens,

40 2127 112 2155 donec
124 2131 241 2165 accipiat
259 2137 453 2167 temporaneum
471 2139 497 2160 et
510 2135 655 2161 serotinum
665 2134 684 2161 ⁸.
703 2134 731 2161 Si
749 2134 821 2168 agri-

43 2172 101 2200 colae
113 2174 170 2202 haec
186 2177 325 2210 patienter
340 2177 431 2205 ferunt
447 2187 496 2214 pro
513 2179 710 2212 temporalibus
725 2180 819 2207 fructi-

44 2217 101 2251 bus,
116 2226 219 2254 quanto
234 2223 323 2258 magis
339 2231 386 2251 vos
401 2232 451 2259 pro
467 2225 577 2252 internis
602 2225 735 2259 patientes
758 2230 819 2254 esse

871 1628 1006 1663 contingat
1031 1636 1040 1655 :
1064 1628 1108 1654 sed
1127 1628 1349 1654 communicantes
1369 1627 1469 1655 Christi
1489 1625 1655 1661 passionibus

871 1674 998 1708 gaudete,
1024 1679 1051 1701 ut
1067 1679 1091 1700 et
1106 1675 1133 1700 in
1150 1674 1305 1701 reuelatione
1321 1674 1414 1709 gloria:
1437 1675 1493 1708 ejus
1518 1673 1655 1708 gaudeatis

869 1720 1042 1747 exsultantes.
1071 1719 1100 1746 Si
1126 1720 1324 1754 exprobrantini
1349 1720 1377 1746 in
1401 1720 1504 1745 nomine
1534 1717 1654 1749 Christi,

871 1765 939 1792 beati
954 1766 1047 1797 eritis;
1068 1766 1192 1801 quoniam
1214 1765 1283 1800 quod
1307 1770 1344 1792 est
1367 1756 1483 1797 honoris,
1506 1764 1597 1799 gloria
1631 1767 1655 1790 et

870 1812 976 1839 virtutis
992 1811 1041 1838 Dei
1053 1832 1060 1843 ,
1081 1816 1105 1838 et
1120 1813 1165 1846 qui
1184 1817 1222 1838 est
1240 1811 1296 1846 ejus
1314 1812 1440 1846 spiritus,
1465 1818 1543 1844 super
1557 1818 1600 1837 vos
1616 1818 1648 1836 re-

870 1858 990 1893 quiescit.
1009 1857 1092 1884 Ncmo
1108 1862 1193 1884 autent
1209 1862 1323 1884 vestrum
1337 1857 1455 1892 patiatur
1472 1856 1547 1890 quasi
1572 1855 1656 1881 homi-

871 1903 941 1935 cida,
958 1908 1004 1929 aut
1021 1903 1075 1937 fur,
1091 1908 1135 1930 aut
1151 1902 1310 1933 maledicus,
1334 1906 1379 1928 aut
1394 1901 1541 1928 alienorum
1555 1900 1655 1935 appeti-

871 1955 920 1976 tor.
937 1949 968 1976 Si
981 1953 1069 1975 uutem
1082 1953 1110 1975 ut
1127 1948 1313 1980 Christianus,
1334 1956 1385 1974 non
1399 1948 1533 1974 erubescat
1549 1954 1557 1972 :
1575 1946 1656 1981 glori-

871 1997 930 2031 ﬁcet
946 2000 1033 2023 autem
1057 1995 1137 2022 Deum
1152 1996 1179 2021 in
1192 1995 1242 2021 isto
1257 1994 1360 2021 nomine
1381 2001 1391 2020 :
1412 1994 1536 2029 quoniam
1555 1998 1655 2026 tempus

870 2048 908 2069 est
932 2047 960 2068 ut
983 2043 1093 2076 incipiat
1117 2037 1246 2074 iudicium
1270 2050 1286 2067 α
1309 2041 1386 2067 domo
1410 2040 1468 2067 Dei.
1488 2039 1518 2066 Si
1531 2044 1618 2066 autem
1639 2047 1656 2064 a

871 2088 946 2116 nobis
960 2089 1073 2122 primunt
1085 2096 1093 2120 ;
1107 2088 1164 2123 quis
1180 2088 1241 2122 ﬁnis
1253 2095 1342 2114 eorum
1358 2087 1403 2122 qui
1418 2095 1468 2113 non
1483 2086 1591 2112 credunt
1607 2084 1656 2111 Dei

872 2135 1039 2169 Evangelia?
1060 2133 1095 2160 Et
1120 2135 1143 2160 si
1166 2134 1210 2161 vis:
1230 2134 1320 2168 justus
1335 2133 1494 2165 saloabitur,
1512 2132 1608 2166 impius
1631 2136 1655 2158 et

870 2187 990 2216 peccator
1003 2183 1046 2208 ubi
1068 2181 1218 2215 parebunt?
1238 2179 1332 2214 Itaque
1354 2185 1378 2207 et
1402 2179 1428 2206 hi
1448 2179 1493 2214 qui
1517 2179 1656 2209 patiuntur

870 2229 1013 2255 secundum
1024 2227 1184 2254 voluntatem
1193 2226 1252 2260 Dei,
1263 2226 1336 2262 ﬁdcli
1346 2226 1467 2253 Creatori
1478 2223 1657 2252 conmtendent

46 2360 50 2364 ι
72 2325 124 2367 ‘De
137 2326 307 2367 oppressione
327 2331 352 2353 et
367 2327 546 2367 laceratione
563 2327 798 2367 Christianorum;
816 2333 840 2367 et
857 2329 931 2367 quoii
948 2328 1065 2367 Ecclesia
1087 2329 1147 2367 naui
1165 2333 1349 2367 comparetur;
1366 2332 1443 2367 atque
1454 2327 1609 2367 tte-creteris
1621 2326 1658 2366 ibi

47 2361 137 2398 {tumis
152 2362 264 2396 negotiis
278 2370 287 2393 ;
302 2362 421 2388 omnibus
432 2363 560 2397 episcopis
573 2363 682 2396 scripta.
697 2362 735 2389 lta
753 2372 804 2391 ms.
820 2363 995 2390 Collectionis
1013 2363 1108 2390 lsidori
1131 2364 1157 2390 in
1178 2361 1342 2390 bibliotheca
1366 2361 1471 2398 collegii
1494 2361 1658 2398 Parisiensis

47 2394 212 2432 Speciesufe
227 2405 284 2432 quo
298 2402 362 2424 sunt
373 2398 417 2424 ba:
432 2394 570 2425 variantes
585 2394 725 2425 lectiones.
762 2397 794 2425 ³1
816 2398 888 2426 Petr.
902 2406 921 2432 ι,
944 2399 1004 2426 5-7.

47 2429 133 2463 "lbid.,
152 2429 245 2459 9-H.'
269 2433 280 2447 ⁵
299 2437 413 2460 vestros.
453 2434 463 2448 ⁹
480 2433 598 2460 notanda
620 2441 682 2461 vox.

1043 2399 1141 2426 ‘Rotu.
1164 2407 1190 2432 v,
1208 2399 1235 2431 4,
1251 2399 1278 2426 5.
1313 2398 1391 2426 l'Jac.
1407 2396 1449 2430 v,'
1459 2397 1485 2424 7.
1515 2396 1611 2430 ‘lbid.,
1629 2397 1645 2423 6

76 2531 111 2568 tl)
128 2532 181 2566 llas
196 2534 327 2568 epistolas
348 2541 403 2561 non
426 2541 511 2561 ausus
525 2538 567 2560 est
584 2533 763 2560 Bellarmtnus
779 2541 821 2559 tn-
834 2537 855 2564 C.
871 2541 904 2561 ex
921 2533 954 2561 iis
977 2542 1038 2568 quae
1060 2533 1094 2561 de,
1117 2541 1230 2560 numero
1253 2540 1285 2559 ac
1308 2531 1583 2568 ordinerpontillcum
1602 2531 1656 2568 _s_ibi

50 2565 172 2605 lubital'as
190 2565 397 2605 allirmare,ncc
412 2573 492 2603 negat
507 2569 704 2605 iueasaliquos
714 2576 822 2596 errores

48 2604 187 2665 ggpsﬁse.
204 2604 326 2632 Eruditis
343 2612 407 2631 vero
424 2604 568 2631 catholicis
580 2604 706 2630 videntur
719 2610 822 2638 suppo-

99 2657 106 2664 .
147 2647 205 2667 ANSI

77 2683 111 2724 (2)
130 2683 260 2724 Epistula.
272 2685 430 2724 unaclctunt
441 2685 669 2724 duasdecretalcs
678 2684 818 2724 epistolas,

48 2719 112 2755 omni
123 2721 253 2754 sapientia
264 2722 358 2755 plenas
368 2720 575 2755 conscripsisse.
584 2724 723 2755 votuslunt
733 2719 820 2753 quod-

49 2752 102 2779 dam
116 2752 253 2790 exemplar
265 2752 486 2790 inanuscriptuni
498 2755 572 2782 Libri
586 2752 748 2790 pontiﬁcalis
781 2756 820 2790 te-

47 2789 215 2825 staturzquod
231 2791 276 2817 ubi
292 2792 344 2824 sit,
357 2795 385 2818 ct
400 2789 472 2818 unde
487 2794 627 2825 acceptum
644 2789 725 2816 fuerit
735 2810 741 2821 ,
758 2789 819 2816 vide

49 2822 200 2864 'I'urrianitttt
216 2833 277 2860 cap.
292 2822 341 2858 20,
354 2827 400 2853 lib.
413 2834 440 2857 v,
463 2822 797 2864 contra’lllagtleburgenses
810 2832 819 2851 :

51 2864 62 2881 a
77 2861 246 2896 novatoribus
267 2869 365 2896 magna
387 2869 449 2888 cum
468 2861 566 2894 injuria
591 2860 734 2896 redargui,
759 2860 819 2887 ideo

51 2894 114 2925 ‘lllUtl
123 2894 286 2924 Clementem
296 2894 496 2926 aitteccssorcm
509 2904 589 2925 suum
602 2895 732 2928 nominet,
746 2900 817 2930 patet

872 2563 1211 2613 succedentium'iliximus
1226 2575 1307 2601 supra
1323 2567 1350 2593 in
1364 2563 1435 2594 notis
1453 2567 1485 2594 ad
1502 2565 1589 2593 Vitam
1597 2566 1657 2593 Cle-

871 2605 980 2632 utentis.
1000 2604 1063 2631 εῖν.
1077 2604 1178 2630 Btmus.

908 2650 947 2684 (3)
971 2650 1165 2677 Tribulotiones
1178 2653 1277 2675 vestras
1293 2647 1453 2684 audivimus.
1474 2647 1542 2674 Nota
1563 2650 1656 2674 contra

873 2682 1018 2712 novatores
1032 2686 1103 2719 quod
1123 2683 1270 2711 Anacletus
1289 2682 1322 2709 de
1338 2682 1420 2719 rebus
1434 2682 1531 2719 horum
1550 2686 1657 2719 tempo-

873 2728 952 2753 ruttt,
977 2717 1052 2747 verbi
1077 2720 1181 2753 gratia,
1208 2719 1241 2746 de
1264 2717 1501 2752 persccntiouibus
1525 2717 1658 2753 patienter

872 2756 998 2790 exemplo
1026 2752 1127 2782 Christi
1155 2753 1292 2790 ferendis,
1318 2753 1438 2790 scribat;
1460 2753 1589 2790 adeoque
1615 2752 1658 2779 ha:

873 2788 994 2825 epistolae
1007 2790 1154 2817 decretales
1170 2788 1306 2825 immerito
1319 2788 1552 2825 reprehendantur
1566 2795 1656 2825 acre-

871 2822 1012 2860 ji'ciantur,
1030 2826 1107 2860 quasi
1124 2825 1152 2851 in
1168 2824 1210 2860 his
1226 2823 1417 2851 nulla-mentio
1433 2824 1478 2851 liat
1494 2831 1586 2851 rerum
1606 2822 1658 2851 hoc

873 2859 994 2896 tempore
1010 2859 1154 2897 gestarum.
1171 2859 1207 2886 Ιι).
