1916 3104
44 133 91 162 793

771 127 962 157 EPISTOL/E.

1614 127 1668 156 7⁸38

45 193 150 219 fundere
162 211 170 223 ,
196 194 247 218 aut
270 189 349 217 fidem
361 210 370 223 ,
393 194 440 217 aut
462 189 618 217 doctrinam
642 189 828 225 apostolorum
843 191 867 219 Α
882 187 983 214 vinitas
1000 186 1176 218 immensa",
1194 185 1362 220 tempestatis
1378 185 1480 212 incerta
1503 184 1576 213 bono
1592 194 1666 215 sere.

44 237 119 265 rariis
132 236 276 264 maculare
286 236 430 269 doctrinis,
459 243 509 263 nec
534 235 632 264 fratres
653 235 824 264 infestare".

46 283 98 311 "Si
113 287 203 310 autem
221 282 315 309 omnia
328 282 355 309 in
374 282 427 309 hoc
443 282 545 309 saeculo
558 281 696 309 vindicata
715 286 824 315 essent,

45 329 124 356 locum
142 327 237 355 divina
250 327 353 362 judicia
371 334 426 354 non
448 325 615 355 haberent."
643 324 826 359 Supervacuis

45 375 109 403 enim
128 374 160 402 ad
185 373 322 401 beneficia
345 373 452 400 laborat
479 372 647 408 impendiis,
672 372 719 406 qui
740 371 826 398 solem

45 425 121 448 certat
134 419 244 447 facibus
262 419 400 454 adjuvare.
424 418 486 446 ldeo
512 418 536 445 si
561 418 661 452 aliquis
681 421 828 452 putat,'se

45 465 93 492 Deo
109 466 135 492 in
156 466 210 492 hoc
227 465 352 500 placere,
368 463 442 499 quod
461 471 556 491 serv0s
570 471 634 490 suos
647 467 777 495 accusat;
800 467 827 489 ct

46 515 70 537 ut
83 510 208 537 meliores
231 510 316 543 fiant,
339 509 406 537 dicit
431 517 460 536 se
484 509 536 536 hoc
559 516 656 544 agere;
679 508 706 534 in
727 515 826 535 vanum

44 558 156 591 laborat,
171 561 199 585 et
221 557 285 592 plus
307 556 418 583 invidia:
440 554 561 582 stimulis
582 554 719 589 agitatur,
743 560 827 588 quam

45 604 175 632 charitatis
201 613 208 630 ε
238 603 371 638 quoniam
397 602 490 638 gratiae
511 601 653 636 plenitudo
676 600 828 634 adjectione

46 658 93 678 non
107 649 218 684 indiget,
242 657 293 676 nec
308 649 363 676 ulla
383 648 498 683 requirit
512 647 759 675 commendationis
776 654 827 673 au-

46 696 178 733 gmenta."
209 695 299 731 Erigit
313 703 378 731 ergo
395 695 520 722 doctores
536 693 704 721 conscientia
721 700 786 726 sua,
801 697 828 720 et

46 745 64 772 si
87 743 193 778 quando
218 743 334 770 incertis
349 747 502 776 temporum
518 740 628 768 flatibus
640 745 826 774 opponuntur,

46 789 169 816 sustinent
182 787 268 819 mala,
281 794 342 822 qua:
353 787 461 815 saeculis
476 787 564 821 magis
579 790 643 813 sunt
655 785 826 817 ascribenda,

46 843 117 869 quam
134 834 277 862 metitis.’l
305 833 401 861 Datam
420 833 491 861 enim
506 833 609 860 scimus
625 831 733 859 Satanae
751 836 828 866 pote-

45 885 144 913 statem,
169 885 201 908 ut
224 887 322 908 servos
343 879 446 907 Christi
469 879 603 906 cribraret
621 888 626 904 :
643 882 673 904 ut
696 879 770 912 quod
794 877 827 904 de
843 871 863 899 Β

46 928 125 956 tritico
138 928 257 955 inveniri
272 931 374 963 posset,
388 927 494 955 horreis
507 926 678 961 ingereretur
695 935 701 953 ε
716 925 826 960 etquod

45 975 72 1001 de
86 975 178 1009 paleis,
193 975 227 1002 ad
243 975 346 1010 ignium
357 974 486 1001 alimenta
498 974 637 1001 transiret.
651 973 690 999 Ad
702 980 752 1000 vos
767 980 828 1007 spe-

46 1021 139 1048 cialiter
158 1021 264 1048 dictum
281 1024 322 1048 est
348 1026 356 1047 :‘
373 1019 463 1046 Nolite
484 1021 586 1052 timere,
611 1019 725 1054 pusillus
751 1026 825 1053 grex,

45 1067 98 1100 quia
113 1066 276 1101 complacuit
295 1066 372 1093 Patri
397 1070 482 1093 vestro
503 1066 563 1092 dari
577 1065 649 1092 vobis
674 1073 781 1100 regnum
793 1065 824 1091 ³⁹.

45 1111 116 1139 Venit
139 1112 211 1139 inter
238 1120 288 1139 vos
313 1111 420 1146 gladius
443 1111 623 1146 perfidorum,
651 1115 681 1137 ut
705 1110 827 1137 marcida

47 1154 163 1185 Ecclesiie
177 1157 302 1184 membra
317 1162 462 1190 resccaret,
478 1161 504 1184 et
517 1157 550 1184 ad
563 1157 700 1184 caelestem
712 1155 825 1191 gloriam

46 1211 103 1231 sana
114 1203 285 1239 perduceret.
301 1203 376 1237 Quos
391 1203 489 1231 habeat
501 1202 627 1230 Christus
643 1202 754 1235 milites,
767 1209 827 1228 cer-

46 1254 126 1276 tamen
151 1249 274 1277 ostendit
294 1258 301 1276 :
325 1249 371 1284 qui
394 1249 562 1284 triumphum
587 1253 758 1280 mereantur,
778 1253 827 1282 per

47 1294 107 1322 bella
120 1300 324 1331 cognoscuntur
335 1295 368 1322 ³⁸.
393 1294 502 1322 Scimus
522 1298 614 1322 autem
631 1293 732 1320 multos
747 1292 782 1319 ob
799 1292 826 1319 id

47 1340 166 1369 infestare
184 1343 326 1374 doctores,
346 1345 377 1368 ut
395 1348 444 1368 eos
459 1341 591 1376 perdant,
605 1344 633 1366 et
646 1339 764 1374 propriae
779 1346 825 1365 vo-

47 1386 147 1414 luntatis
162 1387 263 1423 placita
282 1387 458 1421 adimpleant.
483 1386 542 1413 Non
565 1390 711 1421 propterea
735 1390 825 1412 tamen

47 1434 162 1462 doctores
172 1435 352 1469 (inquantum
366 1433 439 1461 vires
451 1432 608 1467 suppetunt)
624 1439 639 1458 a
655 1436 728 1458 recta
742 1439 827 1458 temu-

47 1478 136 1506 latione
147 1484 173 1506 et
183 1480 259 1506 bona
274 1479 425 1506 intentione
439 1479 566 1506 recedere
577 1477 686 1510 debent,
698 1477 825 1510 scientes,

47 1525 101 1558 quia
114 1525 180 1551 beati
193 1526 240 1559 qui
251 1525 457 1560 persecutionem
469 1525 611 1560 patiuntur
623 1528 731 1558 propter
739 1523 825 1557 justi—

49 1569 142 1597 tiam“.
169 1570 191 1587 "
203 1570 278 1598 Nihil
303 1576 394 1599 autem
413 1571 460 1598 illo
481 1575 523 1598 est
549 1575 658 1605 pastore
683 1570 823 1603 miserius,

49 1615 87 1649 qui
99 1615 222 1651 luporum
241 1617 370 1644 laudibus
384 1617 527 1652 gloriatur.
545 1616 653 1650 Quibus
675 1617 697 1644 si
718 1616 826 1650 placere

48 1660 161 1696 voluerit,
179 1667 264 1698 atque
276 1663 311 1690 ab
332 1663 376 1690 his
399 1663 486 1690 amari
511 1662 661 1698 delegerit,
686 1662 738 1689 erit
763 1661 825 1688 hinc

50 1707 135 1736 ovibus
159 1717 260 1744 magna
284 1709 430 1744 pernicies.
455 1708 552 1736 Nullus
575 1715 639 1743 ergo
661 1712 803 1742 pastorum
817 1727 824 1739 ,

48 1753 143 1786 placere
169 1755 243 1790 lupis
266 1759 294 1783 et
313 1755 440 1790 gregibus
461 1755 552 1782 ovium
569 1753 694 1789 potest."
734 1753 826 1780 Perdit

50 1799 112 1826 enim
124 1800 222 1828 laboris
238 1801 400 1828 memoriam
415 1808 492 1828 mens
505 1799 622 1827 terrenis
633 1799 751 1834 obligata
766 1807 826 1826 car-

50 1843 176 1872 ceribus."
204 1845 284 1873 Sicut
298 1845 401 1873 artium
421 1846 449 1872 iu
466 1854 517 1873 suo
530 1853 639 1880 quoque
653 1852 736 1880 opere
751 1844 827 1871 inve-

839 1554 860 1584 C

51 1888 114 1916 nitur
131 1898 215 1919 mater
242 1893 390 1924 instantia,
420 1893 457 1920 ita
472 1899 588 1919 noverca
606 1891 768 1918 eruditionis
783 1894 826 1918 est

51 1933 212 1970 negligentia.
228 1937 325 1965 Nullus
340 1945 406 1974 ergo
423 1937 611 1972 prajndicium
631 1937 708 1964 alteri
727 1936 824 1969 faciat,

51 1985 127 2014 neque
148 1983 220 2016 quod
247 1983 300 2010 sibi
325 1983 386 2010 fieri
410 1990 465 2011 non
487 1983 555 2016 vult,
579 1987 714 2010 exerceat.
738 1981 825 2009 Nemo

51 2022 139 2052 dictum
154 2026 186 2054 de
198 2027 293 2063 aliquo
315 2027 471 2059 inveniat,“
497 2027 571 2062 quod
589 2027 617 2054 in
641 2027 702 2062 ejus
716 2027 823 2054 actibus

52 2074 97 2096 non
111 2077 248 2106 agnoscat.
265 2072 322 2108 Ego
345 2077 435 2100 autem
457 2073 648 2100 labefactatam
666 2080 719 2099 non
735 2072 822 2099 solum

52 2115 155 2148 quietem
171 2126 272 2152 meam,
287 2119 333 2146 sed
346 2123 373 2146 et
388 2118 515 2150 salutem,
529 2118 704 2146 inimicorum
718 2118 823 2144 valetu-

53 2160 105 2189 dine
120 2168 145 2190 et
158 2173 300 2192 rumorum
317 2165 444 2200 procellis
462 2172 590 2200 agnosco.
604 2164 704 2192 Potens
719 2169 761 2192 est
778 2165 823 2191 I)i--
838 2174 863 2202 υ

880 233 975 260 nitatis
990 239 1127 259 amovere.
1152 230 1186 258 Et
1199 231 1264 266 quid
1282 230 1365 262 aliud,
1385 231 1407 257 si
1423 230 1548 259 Christus
1568 239 1668 267 passus

879 284 922 306 est
948 286 998 313 pro
1020 278 1119 311 nobis,
1145 277 1225 305 nobis
1250 277 1407 311 relinquens
1433 278 1607 312 exemplum,
1639 283 1668 307 et

882 325 998 360 apostoli
1015 324 1090 359 passi
1111 329 1175 351 sunt
1186 344 1193 357 ,
1211 328 1357 358 sequentes
1370 323 1431 358 ejus
1444 324 1618 358 exemplum,
1641 329 1668 352 et

878 371 977 406 reliqui
1004 375 1108 406 patres,
1128 370 1181 398 nisi
1207 374 1238 397 ut
1261 377 1411 405 sequamur
1434 373 1489 397 tam
1514 370 1666 398 doctrinam

877 424 974 444 eorum
989 425 1071 452 quam
1095 416 1261 451 exemplum,
1285 420 1312 442 et
1334 415 1469 450 patiamur
1485 416 1597 444 adversa
1619 423 1669 451 pro

877 463 1006 495 Christo,
1041 467 1068 490 et
1096 469 1159 490 cum
1184 462 1308 497 patribus
1337 466 1418 496 atque
1443 470 1505 489 cum
1539 462 1669 491 fratribus

878 516 987 536 crucem
999 515 1140 544 portemus
1152 529 1158 541 ,
1182 515 1334 543 eorumque
1352 508 1574 536 tribulationibus
1592 516 1670 536 com-

878 555 1017 590 patiamur
1031 575 1040 588 ,
1062 560 1091 582 ut
1116 554 1218 582 Christi
1245 554 1303 581 veri
1328 555 1455 590 discipuli
1474 555 1668 588 inveniantur,

877 602 924 637 qui
940 602 1008 629 dixit
1023 611 1028 628 :
1043 601 1094 634 Qui
1110 601 1164 628 vult
1189 606 1249 635 post
1272 609 1312 628 me
1336 602 1439 635 venire,
1454 603 1560 636 abneget
1573 606 1669 628 semet-

877 650 982 683 ipsum,
1007 653 1029 674 et
1053 647 1129 674 tollat
1160 656 1262 674 crucem
1287 656 1382 680 suam,
1404 652 1429 675 et
1453 653 1577 683 sequatur
1597 647 1669 674 me”

877 700 904 722 et
932 694 1091 729 reliqua‘i‘l
1125 694 1306 729 Prmsumplio
1343 698 1406 727 est,
1438 694 1462 722 si
1493 694 1668 721 dominorum

878 741 1009 768 beneficia
1036 740 1131 767 famuli
1155 748 1209 767 non
1238 745 1399 775 sequantur.
1418 739 1586 775 Obsequium
1604 748 1671 776 ergo

878 786 1069 814 :estimandum
1085 791 1162 821 puto,
1182 787 1256 821 quod
1272 787 1412 821 pariturus
1436 787 1574 821 impendo.
1599 786 1669 820 Quid

878 837 920 860 est
935 833 1019 865 enim,
1034 833 1107 868 quod
1120 833 1181 866 plus
1195 832 1316 859 creditur
1330 832 1377 859 filii
1394 832 1556 860 vocabulum
1568 832 1669 865 valere,

878 886 961 914 quam
978 879 1157 913 obsequium,
1173 882 1200 905 et
1217 886 1271 905 non
1287 878 1429 913 quaeritur,
1443 878 1508 912 quid
1525 878 1551 905 in
1567 878 1670 906 amoris

878 925 956 951 lance
970 932 1133 959 promoveas
1144 946 1151 957 ,
1169 924 1216 951 sed
1239 924 1320 958 quale
1334 924 1367 952 ad
1390 923 1580 959 praejudicium
1597 925 1661 952 testi-

878 970 964 997 manti
978 978 1078 997 nomen
1096 977 1228 1005 apponas,
1244 977 1306 996 cum
1318 970 1389 1004 apud
1405 969 1554 1005 prudentes
1569 969 1668 998 frustra

878 1017 998 1045 sobolem
1026 1017 1164 1050 dicimus,
1199 1017 1251 1044 nisi
1275 1017 1403 1044 exhibeat
1427 1017 1500 1052 quod
1536 1018 1670 1045 vocatur?

879 1062 936 1098 Ego
953 1071 1019 1090 vero
1036 1063 1101 1090 uolo
1116 1071 1210 1090 errore
1227 1070 1288 1089 meo
1304 1063 1409 1090 alienas
1424 1063 1519 1098 culpas
1535 1071 1668 1097 asserere,

878 1115 908 1137 ut
929 1109 1031 1137 factum
1046 1130 1054 1143 ,
1083 1109 1157 1144 quod
1189 1109 1269 1136 doleo
1281 1110 1315 1141 ⁸⁸,
1340 1109 1485 1137 admisisse
1508 1110 1668 1138 convincar.

880 1156 988 1189 Odisti,
1015 1155 1105 1190 inquit
1129 1154 1262 1182 Dominus
1289 1162 1337 1190 per
1365 1153 1550 1189 Prophetam,
1579 1163 1669 1183 omnes

878 1206 1015 1236 operantes
1037 1201 1220 1236 iniquitatem,
1235 1201 1326 1235 perdes
1341 1200 1473 1235 loquentes
1492 1201 1668 1228 mendacium.

885 1247 975 1274 Virum
986 1247 1146 1282 sanguinum
1159 1252 1182 1273 et
1194 1246 1313 1273 dolosam
1323 1245 1520 1273 abominabitur
1529 1246 1670 1278 Dominus;

877 1303 924 1330 ego
939 1300 1027 1321 autem
1043 1295 1070 1320 in
1088 1294 1260 1320 multitudine
1277 1294 1467 1321 misericordia
1483 1299 1535 1321 tua:
1554 1294 1669 1322 introibo

877 1343 904 1369 in
921 1341 1029 1368 domum
1048 1347 1131 1373 tuam,
1145 1341 1313 1376 adoraboque
1325 1342 1352 1367 in
1366 1341 1462 1375 templo
1476 1345 1567 1367 sancto
1583 1345 1627 1368 tuo
1641 1342 1670 1368 in

878 1389 971 1413 timore
982 1391 1037 1414 tuo.
1055 1386 1178 1419 Domine,
1192 1386 1276 1412 deduc
1288 1394 1329 1413 me
1343 1387 1371 1412 in
1380 1385 1490 1421 justitia
1502 1391 1548 1413 tua
1562 1391 1670 1421 propter

877 1433 999 1459 inimicos
1014 1441 1095 1466 meos,
1108 1433 1195 1468 dirige
1212 1438 1273 1459 ante
1289 1433 1383 1467 facient
1399 1441 1484 1460 meum
1498 1433 1568 1460 viam
1584 1438 1668 1461 tuam.

879 1478 941 1505 Non
953 1483 991 1505 est
1004 1479 1073 1506 enim
1083 1480 1111 1506 in
1124 1487 1168 1506 ore
1181 1486 1271 1506 eorum
1285 1484 1386 1506 rectum
1395 1478 1429 1512 “,
1443 1479 1569 1506 interiora
1579 1488 1670 1506 eorum

878 1525 995 1552 insidior.
1021 1524 1178 1559 Sepulcrum
1201 1530 1295 1560 patens
1320 1529 1411 1560 guttur
1429 1533 1530 1558 eorum,
1550 1525 1670 1560 linguam

877 1579 954 1598 suam
965 1571 1112 1605 leni/itaut.
1123 1571 1276 1599 Condemna
1287 1580 1342 1605 eos,
1354 1571 1436 1605 Deus,
1446 1572 1569 1599 decidant
1582 1580 1598 1599 a
1611 1581 1671 1599 con-

877 1617 948 1644 siliis
964 1617 1020 1644 suis
1034 1625 1043 1643 :
1058 1617 1139 1651 jua'ta
1153 1617 1351 1644 multitudinem
1367 1618 1493 1644 scelerum
1508 1626 1599 1645 eorum
1621 1626 1665 1645 ea:-

877 1663 944 1697 pelle
968 1671 1023 1695 eos,
1046 1663 1171 1698 quoniam
1196 1670 1401 1698 prouocauerunt
1429 1669 1461 1690 te.
1485 1663 1520 1690 Et
1546 1665 1673 1692 (terentur

877 1717 967 1736 omnes
982 1710 1027 1744 qui
1045 1715 1150 1744 sperant
1167 1710 1193 1736 in
1213 1715 1246 1742 te,
1263 1710 1289 1736 in
1306 1715 1434 1737 aeternum
1453 1711 1610 1738 laudabunt.
1632 1710 1668 1738 Et

877 1761 981 1791 protege
993 1764 1037 1783 eos
1048 1776 1056 1789 ,
1077 1761 1101 1783 et
1117 1756 1279 1783 [tutabantur
1292 1756 1320 1783 in
1336 1760 1370 1789 te,
1385 1757 1431 1791 qui
1445 1757 1559 1792 diligunt
1573 1765 1668 1784 nomen

879 1808 963 1836 tuum,
974 1804 1099 1838 quoniam
1115 1808 1143 1829 tu
1154 1803 1288 1829 benedices
1291 1803 1378 1837 justo.
1389 1803 1508 1834 Domine,
1522 1808 1550 1830 ut
1559 1803 1670 1831 hasta“

842 1882 850 1886 _
877 1849 1069 1884 placabilitatis
1092 1849 1233 1876 coronabis
1255 1858 1313 1876 eum
1322 1849 1356 1876 ".
1388 1848 1444 1876 Deo
1466 1848 1539 1876 enim
1562 1849 1668 1877 sacriﬁ~

878 1899 971 1922 cantes
986 1894 1104 1929 perfecte
1115 1914 1122 1925 ,
1140 1902 1194 1922 non
1209 1895 1311 1922 debent
1332 1894 1440 1927 vexari,
1458 1894 1504 1922 sed
1519 1894 1622 1930 portari
1632 1895 1667 1928 ν,

878 1941 1029 1973 consolari,
1044 1945 1125 1975 atque
1140 1940 1175 1967 ab
1192 1940 1320 1967 omnibus
1335 1939 1468 1968 venerari.

1244 2027 1275 2054 ll.

882 2096 916 2123 Ut
937 2097 1072 2131 episcopus
1093 2096 1147 2123 Deo
1168 2097 1323 2131 sacriﬁcans
1348 2100 1424 2124 testes
1448 2104 1535 2124 secum
1559 2096 1666 2125 habent.

918 2165 970 2200 Ipsi
993 2171 1094 2199 autem,
1107 2165 1216 2200 quando
1236 2165 1352 2193 Domino
1376 2163 1531 2192 sacriﬁcant
1546 2165 1596 2200 (6),
1611 2171 1668 2193 non

85 2308 103 2347 ’_’
115 2308 176 2347 line.
197 2311 261 2338 cod.
278 2311 432 2347 inserit‘hic
443 2311 518 2347 hunc
529 2310 640 2347 titulum
655 2319 661 2337 :
679 2310 747 2337 Item
761 2311 793 2337 de
805 2319 836 2347 ea
851 2319 878 2338 re
897 2311 1039 2338 Anacletus
1057 2312 1083 2338 in
1098 2311 1185 2347 prima
1193 2311 1304 2347 epistola
1316 2312 1353 2338 ita
1365 2312 1402 2338 ait
1417 2321 1426 2339 :
1449 2311 1490 2345 Si,
1507 2317 1559 2340 etc.
1598 2313 1666 2347 "vr,

54 2350 77 2386 ξι.
88 2343 109 2370 L
123 2344 150 2386 Si
165 2347 252 2373 omnia
267 2347 304 2386 in:
336 2347 358 2386 ξ’
371 2345 514 2386 Finito-dius
531 2353 566 2378 ll,
584 2346 632 2386 2%,
644 2351 672 2386 et
689 2346 755 2386 dict.
771 2346 798 2374 9.
813 2346 846 2373 Et
856 2347 899 2386 hic
912 2347 983 2373 enim
1006 2343 1145 2386 incipiunt
1156 2343 1309 2374 Emiodiani
1324 2352 1451 2386 centones
1469 2343 1573 2386 fraudis
1586 2343 1668 2386 atque

54 2376 196 2408 imuostut‘ee
210 2380 429 2409 manifestissimi
445 2381 560 2408 indices.

54 2411 142 2449 {‘_Enn.
159 2423 188 2447 ιι,
205 2417 250 2443 M.
291 2416 389 2444 “Luc.
416 2424 472 2449 xu,
496 2416 541 2442 52.

54 2446 97 2483 ᾗ
112 2446 208 2477 Scimus
225 2457 314 2478 autem
331 2452 438 2478 multos.
466 2446 501 2467 ’³⁵
518 2451 612 2478 Matth.
633 2446 670 2483 ν’,
693 2452 736 2478 10.

56 2481 143 2511 “Enn.
157 2494 192 2516 tv.
211 2487 228 2514 9
243 2492 269 2514 et
281 2487 326 2513 ‘14.

581 2417 604 2432 ³³
619 2418 798 2451 cognoscitur,
811 2417 892 2444 habet
903 2417 986 2444 editio
1002 2416 1116 2443 Ennodii
1133 2425 1148 2443 a
1164 2417 1311 2444 Sirmondo
1324 2423 1450 2444 accurata
1462 2438 1470 2449 ,

581 2451 612 2478 ,h.
633 2460 670 2479 v.
693 2452 736 2478 10.
778 2453 800 2468 ³⁵
819 2451 885 2479 bist.
907 2452 951 2479 58.
972 2452 1119 2479 Nihilillo.
1159 2452 1182 2467 ³⁶
1199 2452 1268 2479 Ειιη.
1288 2452 1352 2479 dict.
1373 2453 1399 2479 8.
1440 2453 1462 2468 ³⁷

382 2457 438 2478 :tos.
478 2457 501 2467 α’
518 2457 612 2478 Matth.
633 2460 670 2483 v,
693 2457 736 2478 to.
778 2457 800 2468 ³ο
819 2457 885 2479 υιει.
907 2457 951 2479 an.
972 2457 1119 2479 mmtttto.
1159 2457 1182 2467 δι’
1199 2457 1265 2479 t:.'nn.

382 2487 546 2513 "immensa:
561 2488 724 2522 tempestatis
738 2487 774 2514 ita
787 2495 839 2515 ms.
853 2493 881 2515 et
897 2487 1035 2514 Sirmondi
1054 2487 1147 2520 editio,
1161 2495 1188 2522 p.
1204 2488 1265 2514 1‘26.

611 2382 633 2397 ³ο
645 2381 759 2416 Erigunt
783 2390 844 2415 ergo
865 2382 983 2408 doctores
1004 2382 1190 2408 conscientiam
1208 2391 1300 2414 suam;
1319 2382 1360 2409 vel
1381 2382 1441 2408 Erit
1457 2391 1517 2416 ergo
1539 2381 1664 2411 doctoris.

1491 2425 1517 2452 p.
1533 2418 1581 2450 58,
1599 2418 1664 2445 dist.

1440 2453 1462 2468 ³⁷
1477 2452 1549 2480 Idem
1568 2457 1595 2480 et
1621 2454 1665 2480 11.

1314 2488 1337 2503 ⁸⁸
1348 2487 1442 2514 Matth.
1455 2495 1499 2514 xvt
1508 2508 1516 2520 ,
1534 2487 1585 2521 24;
1598 2488 1664 2515 Luc.

1159 2452 1182 2467 ³⁶
1199 2452 1268 2479 Ειιη.
1288 2452 1352 2480 dict.
1373 2453 1399 2479 8.

56 2523 88 2556 If,
102 2519 141 2546 Ξῖ).
177 2521 198 2537 δι
210 2521 280 2548 Enn.
294 2529 327 2549 ex
339 2522 400 2549 libri
415 2530 452 2554 Iv,
465 2522 491 2554 4,
501 2522 528 2554 8,
547 2522 589 2555 l9,
604 2519 738 2556 epistolis.
754 2522 828 2550 Obiit
840 2530 906 2550 vero
917 2522 1071 2550 Ticinensis
1087 2522 1130 2549 ille
1203 2531 1248 2550 an.
1262 2521 1328 2549 Chr.
1339 2523 1387 2549 5‘21
1400 2543 1406 2554 ,
1420 2519 1527 2549 Valerio
1542 2519 1665 2551 consule.

57 2550 75 2594 δ’
85 2556 180 2594 utquod
194 2557 294 2594 factum
309 2557 395 2591 doleo,
419 2550 505 2594 habet
521 2550 605 2594 editio
617 2550 755 2594 Sirmondi
765 2579 772 2592 ,
788 2566 814 2593 p.
829 2558 882 2584 122
892 2579 900 2591 ,
913 2563 994 2594 atque
1008 2559 1065 2584 lucc
1081 2558 1121 2584 vel
1136 2550 1194 2584 sola
1213 2566 1245 2584 ex
1263 2557 1387 2594 Ennodio
1398 2550 1470 2584 fulta
1487 2558 1664 2594 imposturant

57 2592 132 2628 suggis
142 2593 248 2628 cordata
259 2592 395 2627 detegunt.
417 2592 485 2619 "Ex
498 2600 570 2619 vers.
583 2592 740 2627 Hieronymi
762 2592 808 2628 qni
827 2594 963 2627 posterior
978 2593 1107 2620 Anacleto
1120 2594 1246 2619 trecentis
1263 2593 1351 2620 annis.
1382 2593 1405 2608 “
1414 2599 1500 2620 scuta.
1520 2593 1543 2609 ⁵⁵
1551 2592 1623 2620 Psal.
1638 2601 1665 2625 ν,

57 2619 120 2650 H5-
152 2626 173 2642 “
182 2626 267 2660 Quam
280 2619 380 2655 absunt
395 2628 452 2655 haec
465 2635 480 2655 a
498 2619 713 2662 praicedentibu's
724 2619 840 2656 Ennodii
851 2619 973 2656 laciniis!

87 2734 119 2776 (6,)
131 2735 393 2776 Ipsiautem,quando
410 2740 521 2767 Domino
534 2741 697 2775 sacriﬁcant.
714 2741 823 2768 Conﬁr-

59 2774 134 2811 tttatur
147 2774 465 2811 apostolica‘constitutio
488 2777 550 2809 ista,
574 2774 628 2810 qua
653 2777 820 2811 praecipitur,

59 2807 83 2828 ¹¹ί
99 2807 206 2844 FPiSCOpi
228 2811 439 2838 solemnioribus
460 2807 556 2838 diebus
579 2807 822 2839 cum-ministerio

61 2839 190 2874 ["Ullorutti
208 2845 286 2872 altari
319 2846 466 2873 astantium
490 2851 518 2873 et
544 2847 750 2874 inservientium
776 2855 821 2873 so—

82 2881 136 2904 mne
157 2881 316 2910 sacriﬁcium
344 2881 399 2910 Deo
419 2882 552 2916 offerant,
579 2883 684 2918 ipsique
705 2882 821 2910 ministri

876 2750 970 2770 omnes
989 2748 1051 2777 post
1074 2743 1228 2771 absolutum
1254 2741 1418 2770 sacrificium
1441 2740 1664 2777 communicent,

876 2778 936 2812 lnisi
958 2770 997 2805 εί
1010 2770 1135 2806 rationali
1155 2784 1181 2806 et
1197 2779 1272 2813 justa
1287 2785 1370 2804 causa
1397 2782 1570 2813 excusantur.
1598 2770 1664 2813 Yide

876 2813 1071 2874 qgaaldieimus
1087 2814 1114 2841 in
1131 2811 1205 2842 notis
1219 2814 1252 2842 ad
1267 2820 1388 2841 canones
1399 2811 1584 2848 apostolorum
1600 2811 1617 2839 9
1638 2815 1665 2838 et

913 2869 918 2874 .
949 2856 975 2874 ι).

913 2869 918 2875 .
938 2856 975 2875 ID.
