1916 3104
263 118 312 155 ius

921 122 1058 147 AAALLIL
1067 121 1092 146 l‘l
1127 119 1227 146 l'Al‘J‘Z
1823 119 1862 148 79b

263 185 308 213 ,oli
327 185 378 211 hoc
393 191 472 218 agere
487 182 596 215 debent,
613 182 659 209 sed
676 187 758 209 testes
774 189 866 208 secum
888 180 1044 211 adhibeam,
1061 178 1082 206 Α
1098 178 1210 205 adventu
1228 179 1296 213 ejus.
1321 178 1350 205 Si
1375 178 1448 204 scitis
1470 178 1594 212 quoniam
1613 179 1701 212 justus
1721 185 1768 210 est,
1788 180 1862 207 scitote

261 236 289 258 ut
306 230 421 257 Domino
436 229 555 264 perfecte
571 231 596 255 in
610 228 727 256 sacratis
744 227 798 254 Deo
812 227 965 254 sacriﬁcare
979 227 1046 253 locis

261 274 419 309 probentur.
448 273 493 300 Ait
513 280 631 307 namque
655 273 805 300 auctoritas
830 272 896 306 legis
922 272 1043 299 divinat:

261 320 328 346 Vide
358 328 388 346 ne
404 319 500 353 offeras
517 319 671 345 holocausta
693 322 739 344 tua
764 318 792 344 in
813 318 884 344 omni
900 317 955 343 loco
970 325 1046 351 quem

260 367 366 399 videris,
376 366 420 392 sed
428 366 455 392 in
463 365 519 392 loco
527 373 603 399 quem
614 365 718 400 elegerit
730 364 857 391 Dominus
866 363 935 390 Deus
944 368 1004 390 tuus
1010 363 1043 388 ⁸⁷.

260 412 282 428 ⁸⁸
293 411 444 446 Episcopus
470 411 524 438 Deo
547 411 716 444 sacriﬁcans,
734 415 816 438 testes
836 410 877 444 (ut
905 410 1044 444 przeﬁxum

260 458 312 491 est)
329 465 421 485 secum
437 457 545 490 habeat,
562 462 589 484 et
603 457 694 491 plures
713 464 795 491 quam
813 456 883 483 alius
905 455 1044 482 sacerdos.

260 502 338 529 Sicut
348 503 419 530 enim
435 502 546 537 majoris
561 502 672 530 honoris
686 502 770 537 gradu
782 501 892 532 fruitur.
904 501 944 528 sic
959 501 1045 536 majo-

260 549 298 576 ris
310 548 458 576 testimonii
478 549 648 576 ineremento
664 547 776 583 indiget.
790 548 820 574 In
831 547 1044 575 solemnioribus

259 596 359 630 quippe
378 595 485 628 diebus,
508 599 556 622 aut
574 599 689 629 septem.
705 599 751 622 aut
769 595 900 629 quinque,
923 599 971 621 aut
990 598 1045 621 tres

259 641 397 674 diaconos,
413 641 460 676 qui
481 641 541 676 ejus
561 641 634 668 oculi
657 641 794 674 dicuntur,
821 645 847 667 et
863 640 1044 667 subdiaconos

259 691 340 721 alque
353 688 472 722 reliquos
496 687 637 714 ministros
657 695 750 714 secum
771 686 880 719 habeat,
893 686 941 721 qui
958 686 1044 714 sacris

260 733 345 760 induti
358 733 537 764 vestimentis,
557 733 583 759 in
606 733 694 760 fronte
709 738 736 759 et
760 740 775 759 a
791 737 877 768 tergo,
889 736 916 759 et
933 732 1043 767 presby-

259 781 309 808 teri
321 789 335 808 ρ
345 781 454 816 regione
469 781 563 808 dextra
579 781 710 815 laevaque,
723 780 840 808 contrito
852 780 933 807 corde
946 784 973 806 et
993 780 1043 806 hu-

259 827 363 853 miliato
383 827 492 861 spiritu,
512 834 543 854 ac
567 834 653 861 prono
671 830 742 853 stent.
757 827 844 859 vultu,
860 825 1043 853 custodientes

259 881 320 900 eum
338 880 352 899 a
365 873 503 900 malevolis
516 873 683 905 hominibus,
692 877 718 900 et
731 881 895 900 consensum
911 873 970 907 ejus
982 880 1046 908 prte-

258 920 340 946 beant
348 919 491 946 sacriﬁcio.
502 918 613 946 Peracta
624 924 714 947 autem
726 919 942 950 consecratione,
952 927 1048 947 omnes

259 966 475 997 communicent,
498 966 543 1000 qui
571 965 709 992 noluerint
734 965 928 992 ecclesiasticis
954 972 1048 992 carere

259 1011 408 1038 liminibus.
433 1011 479 1040 Sic
494 1013 567 1038 enim
593 1016 617 1038 et
644 1011 757 1046 apostoli
782 1016 936 1038 statuerunt
952 1011 1001 1046 (7),
1022 1015 1049 1038 et

260 1059 352 1083 sancta
374 1056 495 1084 Romana
516 1062 588 1084 tenet
605 1056 735 1084 Ecclesia.
761 1057 872 1091 Servite,
893 1057 981 1093 inquit
995 1057 1048 1085 Do-

259 1102 350 1130 minus
373 1111 422 1137 per
445 1104 603 1138 prophetam
625 1103 718 1137 David,
735 1105 761 1130 in
779 1105 890 1137 timore,
913 1110 937 1131 et
957 1104 1047 1131 exsul-

260 1152 313 1174 tate
325 1145 348 1172 ei
360 1152 417 1170 cum
425 1150 549 1174 tremore.
557 1144 702 1173 "Adet-ate
715 1155 794 1182 pure,
813 1156 844 1174 ne
860 1147 927 1181 forte
945 1149 1046 1174 irasca-

260 1198 314 1224 tur,
335 1197 359 1218 et
374 1195 487 1227 pereatis
514 1194 546 1220 de
573 1191 626 1219 via.
650 1194 674 1209 ⁵⁰
702 1193 747 1220 llle
763 1195 834 1220 enim
859 1201 912 1220 non
929 1194 998 1227 perit
1013 1193 1047 1221 de

259 1239 313 1272 vla,
329 1239 375 1274 qui
392 1243 464 1267 recte
482 1239 614 1274 graditur,
634 1243 659 1266 et
674 1244 806 1274 pra-cepta
823 1240 940 1266 custodit
959 1239 1046 1274 majo-

259 1292 332 1314 rum.

296 1330 391 1358 noceri
406 1340 471 1367 ergo
481 1340 578 1361 omnes
601 1337 717 1368 oportet,
732 1335 779 1369 qui
797 1335 904 1362 Domini
919 1336 1048 1363 sacerdo-

259 1374 298 1401 tio
313 1374 473 1409 iunguntur,
488 1381 516 1403 ut
530 1381 555 1404 et
571 1383 683 1405 cmteros
698 1378 836 1406 instruant
852 1384 880 1407 et
897 1380 947 1407 sibi
965 1381 1047 1415 proﬁ—

261 1421 343 1447 ciant.
361 1420 498 1455 Scriptum
518 1425 560 1449 est
574 1429 663 1450 autem
681 1433 687 1451 :
706 1425 758 1456 Qui
779 1425 850 1452 docti
866 1426 976 1460 fuerint,
993 1427 1048 1461 ful-

259 1466 353 1500 gebunt
366 1468 442 1502 quasi
462 1469 585 1503 splendor
602 1470 761 1504 ﬁrmamenti
782 1479 791 1497 :
812 1477 836 1498 et
847 1473 891 1507 qui
911 1473 945 1499 ad
963 1473 1048 1507 justi-

1097 225 1222 260 quoniam
1238 229 1262 250 et
1278 225 1362 250 omnis
1378 225 1421 258 qui
1443 223 1507 258 facit
1520 224 1665 258 justitiam,
1682 232 1713 251 ex
1735 225 1788 259 ipso
1800 231 1862 253 natus

1097 277 1135 299 est
1152 271 1185 298 ⁵⁸.
1207 270 1293 297 Videte
1307 270 1411 305 qualem
1427 271 1582 297 charitatem
1606 271 1676 297 dedit
1699 271 1771 298 nobis
1788 271 1861 305 Pater,

1098 323 1126 344 ut
1140 318 1191 352 filii
1203 318 1250 344 Dei
1267 318 1430 344 nominentur
1444 323 1468 344 et
1480 318 1572 344 simus.
1587 316 1699 351 Propter
1713 317 1759 343 hoc
1770 318 1862 344 mundus

1097 374 1148 392 non
1165 365 1235 392 novit
1248 373 1305 396 nos,
1318 365 1380 399 quia
1399 372 1449 390 non
1464 364 1532 390 novit
1547 373 1616 391 eum.
1629 363 1794 397 Charissimi,
1809 373 1860 391 nunc

1096 412 1147 447 ﬁlii
1158 412 1208 438 Dei
1219 420 1320 445 sumus,
1332 417 1355 438 et
1368 412 1483 438 nondum
1493 411 1616 446 apparuit
1628 411 1691 446 quid
1705 411 1808 438 erimus.
1818 410 1858 438 Sci-

1097 467 1154 486 mus
1179 459 1305 494 quoniam
1330 466 1387 484 cum
1412 459 1579 493 apparuerit,
1601 457 1702 484 similes
1726 458 1750 484 ei
1773 457 1862 490 erimus.

1097 505 1221 539 quoniam
1240 503 1383 531 videbimus
1397 512 1454 530 eum
1475 504 1554 530 sicuti
1567 508 1616 530 est.
1630 502 1665 529 Et
1682 503 1766 530 omnis
1778 504 1817 538 qui
1827 505 1861 529 Iur-

1097 550 1136 576 bet
1149 557 1218 583 spent
1227 549 1294 575 hanc
1306 549 1332 575 in
1344 557 1383 581 co,
1392 549 1542 583 sanctificat
1551 557 1588 581 se,
1598 549 1667 575 sicut
1682 554 1708 575 et
1719 548 1763 576 ille
1776 554 1863 576 sanctus

1095 600 1143 622 est.
1157 595 1249 622 Omnis
1257 595 1301 630 qui
1314 595 1378 629 facit
1393 600 1538 629 peccatum,
1552 600 1575 621 et
1589 595 1755 630 iniquitatem
1767 595 1833 628 facit,
1845 600 1864 620 et

1095 645 1228 674 peccatum
1247 645 1283 666 est
1303 640 1439 675 iniquitas.
1453 639 1487 666 Et
1497 641 1570 667 scitis
1579 639 1642 674 quia
1653 639 1698 666 ille
1708 641 1830 674 apparuit,
1843 646 1863 666 ut

1094 690 1199 720 peccata
1216 685 1327 716 tolleret,
1338 691 1363 712 et
1380 690 1515 720 peccatum
1526 686 1552 712 in
1571 694 1659 712 certati
1673 692 1724 712 est.
1741 685 1864 720 Omnisqu

1095 732 1120 758 in
1134 740 1163 758 eo
1173 736 1270 764 manet,
1281 739 1331 757 non
1346 737 1433 766 peccat
1444 736 1485 757 :et
1496 731 1580 758 omnis
1591 731 1636 766 qui
1646 735 1747 765 peccat,
1760 738 1805 757 non
1815 731 1864 757 cidit

1096 787 1165 811 eum,
1180 786 1225 804 nec
1238 779 1354 812 cognovit
1370 786 1439 804 cum.
1453 777 1555 810 Filioli,
1567 786 1641 804 nemo
1650 786 1694 804 vos
1705 777 1816 804 seducet.
1825 778 1864 809 Qui

1097 824 1161 858 facit
1184 824 1331 858 justitiam,
1348 824 1438 858 justus
1457 828 1506 855 est,
1530 824 1596 850 sicut
1613 828 1638 850 et
1664 823 1711 850 ille
1731 823 1814 857 justus
1827 827 1864 849 est.

1099 871 1151 903 Qui
1168 871 1233 905 facit
1248 875 1394 906 peccatum,
1405 878 1437 897 ex
1448 870 1554 896 diabolo
1567 875 1616 904 est,
1628 870 1753 905 quoniam
1765 870 1795 896 ab
1804 870 1866 896 initio

1098 917 1219 944 diabolus
1232 921 1331 951 peccat.
1349 916 1384 943 In
1406 916 1454 942 hoc
1473 917 1595 951 apparuit
1609 916 1697 943 Filius
1718 916 1775 948 Dei,
1788 923 1812 942 ut
1822 916 1862 942 dis-

1098 964 1181 990 solvat
1199 972 1277 998 opera
1292 963 1403 990 diaboli.
1424 962 1515 990 Omnis
1535 970 1578 997 qut
1594 967 1685 994 .natus
1710 968 1749 989 est
1769 971 1798 989 c1
1814 962 1865 993 Deo,

1098 1014 1234 1044 peccatum
1259 1017 1310 1036 non
1337 1009 1402 1044 facit
1417 1009 1564 1043 :quoniam
1590 1017 1676 1036 semen
1701 1010 1782 1043 ipsius
1804 1009 1827 1034 in
1844 1017 1866 1034 ca

1098 1061 1196 1089 manet,
1212 1061 1236 1083 et
1253 1065 1303 1083 non
1316 1061 1399 1091 potest
1414 1064 1530 1090 peccare,
1546 1056 1671 1090 quoniam
1687 1063 1721 1082 ea:
1739 1055 1789 1082 Dee
1804 1061 1865 1081 natus

1097 1108 1146 1130 εει.
1165 1102 1198 1129 In
1219 1103 1267 1129 hoc
1286 1103 1421 1137 manifesti
1444 1107 1504 1129 sunt
1525 1102 1576 1137 ﬁlii
1594 1102 1640 1129 Dei
1658 1108 1683 1129 ct
1705 1103 1758 1137 filii
1776 1102 1865 1128 diaboli.

1100 1149 1193 1176 Omnis
1211 1150 1255 1184 qui
1269 1157 1320 1175 non
1335 1154 1372 1175 est
1384 1149 1486 1183 justus,
1500 1157 1550 1175 non
1564 1156 1600 1175 cst
1614 1157 1646 1174 ex
1663 1148 1727 1180 Deo,
1744 1156 1767 1175 et
1779 1149 1866 1183 quitum

1097 1197 1185 1232 diligit
1199 1197 1310 1231 fratrem
1330 1204 1407 1223 suunt
1420 1203 1428 1221 .'
1443 1196 1566 1231 quoniam
1587 1195 1641 1222 htcc
1662 1200 1704 1222 est
1718 1194 1868 1221 annuntiatio

1097 1251 1177 1278 quam
1198 1243 1312 1269 audistis
1336 1243 1368 1269 ab
1383 1243 1470 1275 initio,
1497 1247 1525 1268 ut
1549 1242 1693 1277 diligamus
1718 1242 1867 1268 alterutrum.

1100 1287 1160 1315 Non
1173 1289 1241 1314 sicut
1261 1288 1339 1322 Cain,
1354 1289 1399 1323 qui
1415 1296 1447 1315 ea:
1459 1289 1574 1323 maligno
1588 1293 1655 1321 erat,
1674 1293 1700 1315 ct
1720 1288 1810 1314 occidit
1825 1288 1868 1321 fra-

1099 1341 1165 1362 trem
1187 1344 1275 1362 suum.
1301 1335 1333 1361 Et
1359 1343 1465 1370 propter
1488 1335 1535 1361 hoc
1553 1335 1649 1362 occidit
1670 1343 1743 1368 eum,
1763 1335 1869 1369 quoniam

1099 1389 1177 1415 opera
1192 1381 1248 1414 ejus
1266 1380 1383 1415 maligna
1400 1386 1486 1413 erant,
1508 1380 1601 1414 fratris
1617 1384 1706 1406 autent
1727 1380 1810 1414 juslu.
1824 1377 1869 1404 Νυ-

1099 1426 1144 1452 lite
1159 1427 1262 1458 ntirari,
1278 1426 1385 1460 fratres,
1401 1426 1424 1452 si
1449 1426 1503 1452 odit
1520 1434 1564 1453 vos
1581 1425 1706 1452 mundus.
1723 1424 1778 1451 Nos
1790 1425 1870 1450 scimus

1097 1475 1223 1509 quoniam
1243 1474 1369 1500 translati
1392 1482 1482 1500 sumus
1503 1473 1534 1500 de
1554 1478 1637 1499 morte
1661 1472 1697 1498 ad
1717 1472 1807 1502 vitam,
1821 1470 1871 1504 quia

260 1512 324 1538 tiam
359 1514 483 1540 erudiunt
506 1515 621 1548 multos,
644 1517 721 1551 quasi
747 1517 830 1545 stcllte
853 1520 881 1546 in
907 1525 1045 1553 perpetuas
1060 1525 1081 1554 (ς,
1097 1520 1234 1555 diligimus
1253 1520 1359 1554 fratres.
1377 1520 1428 1552 Qui
1445 1527 1496 1546 non
1506 1518 1607 1553 diligit,
1623 1522 1712 1544 manet
1737 1518 1763 1544 in
1786 1521 1868 1543 morte.

260 1559 419 1585 wlernilates
433 1560 466 1586 “.
478 1559 510 1586 Et
523 1561 603 1588 alibi:
623 1560 739 1597 Populus
760 1569 846 1590 autem
864 1566 947 1592 sciens
962 1565 1045 1593 Deum

259 1613 347 1637 suum,
367 1606 502 1639 obtinebit,
519 1613 543 1634 et
564 1609 652 1644 faciet,
676 1616 700 1637 et
721 1611 791 1638 docti
811 1613 838 1638 in
855 1613 951 1647 populo
969 1613 1046 1641 doce-

259 1651 322 1677 bunt
345 1652 471 1685 plurimos
492 1653 524 1681 “.
547 1654 606 1689 Ipsa
627 1657 698 1684 enim
725 1657 831 1685 Veritas
848 1666 896 1692 per
917 1667 946 1686 se
965 1659 1047 1686 infert.

258 1699 285 1722 et
304 1696 389 1724 dicit:
405 1697 503 1726 Beatus
524 1705 561 1726 est
575 1701 619 1736 qui
633 1711 682 1729 non
700 1703 780 1737 fuerit
799 1705 998 1731 scandalizatus
1018 1706 1047 1732 in

258 1749 298 1768 me
314 1741 348 1769 ⁵³.
365 1742 386 1758 ³³
407 1743 451 1771 Ille
471 1746 564 1779 procul
588 1747 671 1774 dubio
689 1749 889 1777 scandalizatur
906 1751 932 1777 in
950 1750 1045 1783 Deum,

260 1788 307 1822 qui
323 1793 394 1816 recte
408 1798 460 1816 non
477 1792 564 1823 docet,
580 1798 606 1820 et
619 1794 665 1827 qui
682 1795 741 1829 ejus
757 1797 924 1824 scandalizat
941 1798 1047 1831 cpisco-

263 1843 326 1869 pum
343 1836 384 1862 vel
403 1837 582 1865 sacerdotem.
599 1839 682 1874 lmpie
706 1850 825 1877 namque
847 1848 968 1878 agentes,
983 1850 1047 1871 sunt

260 1881 347 1916 impii,
363 1890 450 1917 neque
476 1883 627 1919 intelligent
648 1894 742 1913 omnes
763 1888 848 1923 impii,
871 1897 952 1922 porro
973 1879 1058 1917 docti-

258 1928 418 1962 intelligent.
442 1929 537 1956 Omnes
560 1932 629 1957 enim
651 1932 760 1959 invicem
785 1935 960 1961 humilitatem
981 1937 1047 1962 insi-

258 1979 346 2006 nuate,
362 1976 422 2009 quia
437 1975 507 2002 Deus
530 1977 647 2011 superbis
670 1979 779 2012 resistit,
795 1979 937 2008 humilibus
957 1987 1046 2009 autem

258 2020 303 2046 dat
314 2021 427 2054 gratiam
435 2021 469 2047 ⁵⁸.
478 2021 578 2054 Nolite,
588 2023 675 2057 inquit
685 2022 806 2051 Joannes
817 2027 967 2059 apostolus,
975 2028 1046 2053 ontni

257 2066 363 2098 spiritui
375 2067 492 2099 credere,
505 2067 550 2094 sed
565 2068 672 2102 probate
687 2070 807 2104 spiritus,
823 2071 847 2097 si
861 2079 892 2097 ex
907 2072 959 2098 Deo
972 2077 1043 2104 sunt;

257 2112 384 2144 quoniam
400 2113 630 2148 pseudopropltetw
646 2116 765 2142 exierunt
780 2118 807 2142 in
819 2118 945 2144 ntundunt
959 2119 991 2145 5“.
1013 2118 1047 2146 Et

259 2157 329 2184 idem
346 2158 403 2192 ipse
414 2159 476 2186 alibi
492 2160 529 2186 ait
539 2169 545 2186 :
555 2160 604 2187 Vos
613 2161 682 2195 quod
696 2163 808 2190 audistis
821 2163 852 2189 ab
865 2164 950 2197 initio,
964 2165 990 2191 in
1006 2174 1047 2191 vo—

258 2200 297 2227 bis
312 2208 369 2235 pert
382 2208 473 2230 aneat.
487 2203 517 2231 Si
533 2206 558 2231 in
574 2205 643 2232 vobis
655 2208 827 2239 permanserit
840 2210 908 2243 quod
919 2195 951 2236 ab
968 2211 1045 2237 initio
1061 2195 1085 2225 υ

257 2247 368 2274 audistit
389 2253 415 2275 et
425 2257 469 2276 vos
482 2250 509 2276 in
520 2250 590 2278 Filio
600 2257 624 2279 et
637 2252 718 2279 Putre
731 2255 879 2281 manebitis.
888 2255 922 2282 Et
938 2255 992 2283 hwc
1006 2262 1044 2283 est

258 2300 366 2327 repronu
376 2295 435 2328 tsic,
449 2304 527 2330 quam
539 2297 592 2324 inse
605 2298 738 2332 pollicitus
750 2304 787 2326 est
799 2301 868 2327 vobis
880 2302 960 2328 vitam
973 2308 1046 2329 teter-

257 2346 319 2364 nam
331 2338 364 2366 ".
382 2339 447 2367 Ha'c
467 2342 562 2376 scripti
581 2343 653 2370 tabis
674 2345 706 2371 de
724 2345 763 2372 his
782 2346 827 2380 qui
848 2347 973 2374 seducunt
989 2356 1043 2376 vos.

257 2382 292 2410 Ει
306 2386 395 2411 unctio
409 2394 487 2421 quam
499 2388 635 2416 accepistis
648 2389 679 2416 ab
695 2398 735 2422 eo,
751 2397 856 2418 ntaneat
872 2393 899 2418 in
912 2392 993 2420 vobis.
1010 2393 1043 2420 Et

257 2437 308 2456 non
324 2438 424 2457 uexsse
439 2431 537 2458 habetis
554 2437 583 2458 ut
598 2433 694 2468 aliquis
711 2435 802 2460 doceat
824 2443 888 2467 vos;
910 2437 955 2462 sed
976 2437 1044 2462 sicut

255 2476 346 2502 unctio
368 2477 424 2511 ejus
450 2477 524 2505 docet
540 2487 582 2505 vos
605 2479 636 2506 de
659 2480 790 2513 omnibus,
805 2485 829 2507 et
849 2489 937 2508 verum
955 2487 1004 2514 est,
1021 2487 1047 2509 et

257 2530 308 2548 non
323 2527 359 2548 est
379 2524 555 2551 mendacium.
571 2525 605 2551 Et
624 2526 691 2552 sicut
713 2526 801 2553 docuit
825 2535 878 2560 eos,
901 2533 1003 2555 manete
1018 2529 1046 2555 in

255 2574 295 2593 eo.
314 2566 346 2593 Et
362 2576 440 2600 mute,
453 2569 543 2604 ﬁlioli.
562 2577 662 2598 manete
682 2573 709 2598 in
730 2581 770 2604 eo,
786 2577 825 2605 ut,
842 2581 900 2600 cum
916 2582 1046 2609 apparue—

258 2613 303 2645 rit,
317 2613 459 2641 habeamus
470 2615 607 2650 ﬁduciam,
623 2622 647 2644 et
659 2626 709 2645 non
722 2619 916 2653 confundantur
930 2620 962 2647 ab
976 2629 1004 2648 eo
1018 2622 1046 2648 in

1098 1567 1182 1593 omnis
1193 1567 1237 1601 qui
1250 1567 1305 1593 odit
1318 1566 1426 1600 fratrem
1442 1573 1529 1597 suum,
1548 1564 1682 1591 homicida
1700 1569 1749 1592 est.
1765 1563 1797 1590 Et
1812 1562 1871 1590 scitis

1098 1613 1222 1647 quoniam
1237 1613 1322 1638 omnis
1338 1611 1470 1638 homicida
1493 1618 1543 1637 non
1570 1610 1645 1636 habet
1661 1610 1743 1636 vitam
1763 1614 1871 1636 a’ternam

1098 1659 1125 1685 in
1140 1666 1166 1685 se
1182 1663 1338 1684 manentem.
1358 1657 1389 1683 In
1404 1657 1451 1684 hoc
1468 1657 1633 1692 cognovimus
1654 1656 1810 1682 charitatem
1824 1654 1871 1685 Dei,

1098 1704 1221 1739 quoniam
1234 1702 1279 1729 ille
1299 1711 1346 1736 pro
1362 1703 1435 1728 nobis
1450 1702 1568 1728 animam
1590 1709 1665 1728 suam
1691 1701 1790 1735 posuit,
1802 1704 1823 1726 et
1834 1707 1870 1725 nos

1097 1751 1219 1777 debemus
1232 1758 1280 1784 pro
1294 1749 1422 1784 fratribus
1439 1749 1543 1775 animas
1564 1756 1667 1783 ponere.
1690 1747 1744 1780 Qui
1769 1746 1871 1773 habuerit

1097 1796 1274 1822 substantiam
1295 1795 1373 1829 hujus
1392 1794 1494 1827 mundi,
1517 1798 1541 1820 et
1566 1793 1660 1819 viderit
1681 1793 1792 1826 fratrem
1809 1799 1871 1818 suum

1098 1842 1278 1868 necessitatem
1297 1840 1399 1872 habere,
1414 1844 1437 1865 et
1455 1839 1579 1865 clauserit
1599 1838 1698 1864 uiscera
1722 1846 1772 1864 sua
1795 1837 1824 1863 ab
1838 1844 1870 1868 ea,

1097 1887 1226 1922 quomodo
1250 1886 1367 1912 Charitas
1382 1885 1430 1912 Dei
1451 1888 1536 1911 manet
1573 1884 1599 1910 in
1625 1885 1674 1910 eo?
1705 1883 1797 1911 Filioli
1821 1883 1870 1911 mei.

1098 1941 1149 1959 non
1181 1933 1324 1967 diligamus
1357 1932 1431 1959 verba
1458 1939 1537 1966 neque
1563 1930 1666 1964 lingua,
1692 1931 1739 1957 sed
1765 1938 1834 1964 opere
1852 1933 1870 1954 ct

1097 1979 1217 2005 veritate.
1241 1977 1274 2004 In
1300 1977 1347 2004 hoc
1370 1978 1550 2012 cognoscimus
1570 1977 1695 2012 quoniam
1723 1984 1756 2002 cz
1779 1976 1870 2002 ueritate

1097 2033 1198 2056 sanius,
1215 2029 1238 2050 et
1254 2025 1281 2050 in
1297 2028 1434 2058 conspectu
1454 2023 1510 2057 ejus
1532 2023 1672 2050 suademus
1690 2022 1765 2048 cordi
1785 2027 1868 2048 nostra.

1098 2069 1230 2101 Quoniam
1240 2070 1263 2096 si
1278 2069 1469 2103 reprehenderit
1484 2077 1529 2095 nos
1545 2076 1589 2095 cor
1602 2072 1732 2100 nostrum,
1745 2067 1826 2101 major
1841 2068 1869 2091 est

1098 2115 1167 2142 Deus
1186 2115 1264 2142 Corde
1287 2121 1388 2148 nostra,
1409 2120 1432 2141 et
1460 2115 1531 2141 novit
1556 2114 1655 2140 omnia.
1677 2110 1870 2142 Charissmti,si

1097 2170 1142 2188 cor
1161 2166 1280 2188 nostrum
1302 2170 1354 2188 non
1377 2161 1567 2196 reprehenderit
1585 2169 1643 2191 nos,
1658 2161 1785 2195 fiduciam
1804 2159 1869 2185 habe-

1099 2216 1155 2234 mus
1171 2207 1204 2234 ad
1228 2208 1366 2234 l)eunt:ct
1390 2207 1518 2242 quidquid
1538 2207 1703 2241 petierimus,
1727 2206 1869 2240 accipiemus

1098 2254 1130 2280 ab
1142 2262 1180 2286 co,
1197 2255 1320 2288 quoniant
1334 2254 1462 2280 mandata
1475 2254 1532 2288 ejus
1546 2253 1720 2284 custodimus,
1739 2258 1763 2279 et
1783 2261 1811 2279 ea
1823 2258 1870 2286 qua”

1097 2305 1158 2326 sunt
1169 2299 1269 2334 placita
1281 2307 1369 2326 coram
1380 2308 1419 2332 eo,
1433 2300 1554 2334 facimus.
1570 2298 1603 2325 Et
1617 2299 1664 2326 hoc
1676 2304 1714 2326 est
1731 2298 1869 2325 mandatum

1098 2346 1153 2381 ejus
1168 2354 1177 2372 :
1198 2345 1231 2373 Ut
1247 2346 1385 2373 credamus
1400 2347 1426 2373 in
1445 2347 1547 2373 nomine
1563 2346 1629 2374 Filii
1643 2347 1700 2380 ejus
1726 2345 1789 2373 Jesu
1806 2344 1870 2371 Chri-

1098 2389 1142 2421 sti,
1162 2395 1190 2416 ut
1209 2390 1350 2425 diligamus
1367 2390 1535 2422 alterutrum,
1554 2392 1622 2418 sicut
1638 2391 1712 2417 dedit
1731 2390 1868 2417 mandatum

1099 2436 1182 2463 nobis.
1198 2435 1232 2462 Et
1249 2437 1293 2471 qui
1310 2442 1395 2463 servat
1418 2437 1546 2463 mandata
1567 2437 1623 2471 ejus
1642 2437 1669 2464 in
1685 2437 1733 2464 illo
1750 2440 1839 2467 manet,
1851 2439 1869 2460 ct

1097 2482 1151 2516 ipse
1166 2482 1191 2508 in
1203 2490 1243 2509 eo.
1262 2482 1296 2508 Et
1311 2483 1337 2508 iu
1356 2483 1404 2508 hoc
1423 2484 1531 2514 scimus,
1545 2484 1669 2518 quoniam
1691 2488 1779 2510 manet
1791 2484 1821 2517 in
1833 2490 1869 2507 no-

1098 2529 1136 2556 bis
1154 2529 1186 2556 de
1201 2530 1298 2564 spiritu
1313 2538 1389 2565 quem
1401 2529 1473 2556 dedit
1487 2529 1560 2556 nobis
1574 2530 1618 2556 ⁸⁸⁵.
1631 2529 1654 2545 ⁸³
1669 2529 1703 2557 Et
1719 2531 1790 2557 sicut
1812 2529 1869 2555 Delli

1098 2581 1216 2608 creator,
1229 2576 1275 2611 qui
1291 2576 1430 2603 hominem
1446 2576 1479 2603 ad
1492 2575 1698 2603 similitudinem
1712 2583 1791 2603 suam
1806 2582 1868 2602 crea-

1097 2623 1146 2656 vit,
1163 2627 1206 2650 est
1231 2622 1362 2656 charitas,
1376 2627 1418 2650 est
1432 2622 1530 2654 bonus,
1547 2622 1649 2658 justus,
1668 2623 1786 2657 patiens,
1801 2625 1868 2654 atque

292 2673 316 2718 ’ζ
417 2683 466 2718 3”},-
482 2675 526 2718 εἶ’·
548 2675 570 2691 ⁸⁸
583 2675 620 2703 De
637 2684 760 2718 SOHSjEQI-
777 2677 841 2704 ἀίδια
860 2678 1033 2718 LEpiqutgus
1048 2685 1100 2712 Deo
1119 2683 1284 2717 sacrificans.
1305 2682 1327 2698 δ’
1336 2690 1370 2709 ex
1381 2681 1593 2718 llieronymiana
1607 2682 1745 2718 versione.
1769 2678 1866 2718 ν’·ᾼΡξξΙ-

258 2717 297 2753 tu...
306 2709 410 2753 11,12.
439 2711 465 2753 :1
483 2710 622 2753 D‘aqant,
636 2712 662 2738 5.
695 2711 794 2753 {'Dan.
807 2709 960 2753 st,_55.'_5'
973 2709 1045 2747 Mam

1102 2709 1171 2753 ιξόξ
1183 2709 1301 2751 Luem",
1315 2717 1375 2753 25.7
1395 2718 1419 2733 δι
1435 2709 1591 2753 Disiim95.
1610 2716 1662 2744 Ille
1681 2717 1773 2752 procul
1790 2712 1866 2742 dubio.

258 2743 386 2780 ¹⁸1Ροιτ.
399 2753 424 2777 v,
437 2745 463 2771 5.
496 2745 721 2780 ⁵⁸1]οιιη.1ν,1.

258 2778 318 2805 ⁸³5.
335 2779 429 2806 Ambr.
446 2780 492 2807 lib.
517 2780 555 2807 De
580 2778 709 2816 dignitate
734 2782 847 2811 hominis
858 2804 864 2816 ,
876 2778 910 2811 ἐν.
926 2785 952 2812 3.

759 2748 781 2762 ⁸⁷
794 2748 867 2774 nobis
876 2769 882 2781 ,
903 2750 956 2776 vita
969 2759 1078 2782 ωιενηα,

1118 2754 1299 2786 "11mm",
1314 2752 1408 2781 24-29.
1449 2753 1482 2769 ⁵⁸·
1503 2752 1606 2781 lJoan.
1636 2760 1667 2780 ut
1709 2760 1759 2788 per
1784 2755 1864 2779 totum.

295 2835 333 2870 (7)
353 2835 395 2862 Sic
404 2838 471 2863 enim
480 2842 503 2865 et
513 2839 626 2873 apostoli
653 2845 811 2868 statuerunt.
842 2841 952 2871 Canone
973 2844 990 2871 9
1019 2849 1045 2872 et
1061 2844 1103 2872 10.
1123 2844 1186 2872 Suv.
1203 2844 1305 2872 BINIUS.
