1916 3104
78 133 123 161 797
800 135 845 162 ΕΡ]

900 135 986 164 οιΑε.

1643 135 1694 163 798

77 194 145 221 mitis
160 198 185 221 et
200 201 373 227 misericors,
397 199 424 221 et
442 199 537 221 caetera
556 198 711 222 sanctarum
725 195 855 222 virtutum
871 204 893 228 Α
910 195 936 221 in
962 198 1087 222 wternum
1109 195 1307 228 ﬂuctuationem
1325 194 1440 228 Justo“.
1459 194 1480 209 “
1501 193 1596 221 Omnis
1618 196 1691 221 cuitu

76 239 196 274 insignia,
221 246 286 274 quae
308 239 342 267 de
361 247 395 267 eo
416 239 544 274 leguntur
562 249 568 267 :
589 240 626 267 ita
646 240 728 268 homo
747 244 855 268 creatus

75 290 122 318 est,
135 289 164 312 ut
176 285 341 313 charitatem
353 285 476 318 haberet,
489 291 520 312 ut
530 285 618 312 bonus
631 290 703 313 esset
716 291 742 313 et
752 286 854 320 justus,

76 334 101 358 ut
115 330 218 365 patiens
230 335 314 366 atque
327 330 412 362 mitis,
428 330 547 358 mundus
564 336 589 358 et
603 331 760 358 misericors
774 330 853 358 foret.

75 378 142 411 Quas
156 377 274 404 virtutes
290 382 392 412 quanto
406 377 469 412 plus
487 377 602 412 quisque
620 377 646 403 in
659 376 749 412 seipso
762 376 853 408 habet,

75 430 142 453 tanto
155 425 270 460 propior
285 431 327 452 est
344 424 399 452 Deo
417 429 444 452 et
463 425 550 460 major
562 429 614 456 est,
629 432 661 451 ac
675 425 717 452 sui
730 425 854 452 condito-

75 472 108 498 ris
118 472 183 507 gerit
200 471 418 498 similitudinem.
435 470 464 497 Si
477 478 550 503 vero,
568 469 639 505 quod
655 470 741 497 absit!
756 469 854 504 aliquis

73 525 116 553 per
131 517 207 545 devia
225 517 358 544 vitiorum
380 520 406 544 et
430 516 546 543 divortia
572 516 729 549 criminum,
746 515 780 543 ab
803 515 854 543 hac

74 563 237 591 nobilissima
252 563 296 591 sui
317 562 468 591 conditoris
482 561 659 589 similitudine
675 561 792 597 degener
806 561 854 588 ab-

73 614 148 643 erret,
164 613 228 637 tunc
251 609 299 637 ﬁet
312 609 345 637 de
366 616 399 636 eo
409 608 481 644 quod
493 608 623 643 scriptum
642 612 703 635 est:
726 607 760 634 Et
777 607 853 634 homo

74 663 126 682 cum
138 655 164 682 in
178 655 277 682 honore
298 660 375 688 esset,
396 662 447 681 non
464 653 596 681 intellexit
609 662 617 681 :
631 658 799 688 comparatus
815 659 853 680 est

69 701 187 736 jumentis
201 700 398 735 insipientibus,
419 706 444 728 ct
464 700 559 727 similis
582 700 668 735 factus
689 704 729 726 est
747 699 802 726 illis
818 700 851 726 '°.

73 747 118 780 Qui
135 747 221 782 major
246 747 337 774 honor
352 747 440 782 potuit
458 745 560 773 homini
585 753 656 778 esse,
673 753 756 781 quam
774 749 802 772 ut
819 745 851 772 ad

73 792 273 820 similitudinem
300 793 343 821 sui
368 792 478 821 factoris
502 793 675 823 conderetur,
699 795 727 818 et
749 791 851 819 eisdem

73 840 195 866 virtutum
212 839 385 866 vestimentis
401 843 554 871 ornaretur,
580 838 679 874 quibus
701 842 729 865 et
754 837 850 864 condi-

72 885 124 912 tor?
146 884 184 912 De
207 892 265 920 quo
289 885 388 920 legitur
406 894 412 912 :
433 884 559 912 Dominus
585 885 712 919 regnauit,
733 883 851 910 decorem

71 931 170 957 indutus
185 935 223 957 est
240 930 280 964 “;
301 930 327 958 id
344 934 385 958 est
400 931 522 957 omnium
541 930 670 957 virtutum
695 929 849 964 splendore,

70 982 93 1004 et
108 976 187 1004 totius
204 976 338 1004 bonitatis
359 976 458 1004 decore
473 982 596 1004 ornatus.
610 975 658 1002 Vel
673 975 746 1010 quod
761 975 850 1010 majus

72 1023 165 1050 homini
183 1027 275 1057 potest
291 1029 351 1050 esse
365 1022 492 1053 dedecus,
510 1026 558 1049 aut
574 1021 710 1048 infelicior
725 1020 848 1054 miseria,

70 1075 144 1102 quam
171 1072 200 1094 ut
226 1067 279 1095 hac
307 1067 496 1094 similitudinis
522 1067 608 1102 gloria
632 1067 674 1094 sui
700 1066 849 1094 conditoris

69 1113 171 1146 amissa,
193 1113 228 1141 ad
250 1113 397 1140 informem
423 1117 450 1140 et
475 1112 688 1140 irrationabilem
706 1112 848 1139 brutorum

66 1160 302 1195 jumentorumque
319 1159 525 1187 similitudinem
548 1158 708 1186 delabatur?
725 1157 849 1193 Quapro-

69 1211 121 1241 pter
136 1207 253 1242 quisque
275 1205 432 1242 diligentius
456 1205 578 1233 attendat
597 1205 692 1240 primae
714 1205 848 1232 conditio-

68 1253 105 1280 nis
124 1261 178 1280 sute
193 1252 401 1285 excellentiam,
426 1256 455 1279 ut
471 1251 652 1279 venerandam
670 1255 771 1279 sancta:
787 1250 848 1278 Tri-

68 1298 151 1325 nitatis
167 1298 194 1325 in
211 1306 241 1325 se
257 1298 318 1333 ipso
335 1297 480 1333 imaginem
499 1301 638 1333 agnoscat,
658 1298 847 1333 honoremque

67 1343 242 1372 similitudinis
260 1344 369 1377 divina,
387 1344 420 1371 ad
442 1351 524 1378 quam
545 1348 656 1371 creatus
675 1348 727 1376 est,
747 1344 847 1372 nobili-

67 1394 139 1417 tatem
157 1390 179 1406 “
202 1397 325 1422 morum,
342 1389 545 1417 exsecutionem
564 1389 705 1422 virtutum,
729 1389 846 1424 dignita—

67 1440 112 1462 tem
128 1437 288 1464 meritorum
315 1436 414 1464 habere
437 1435 600 1468 contendat;
618 1440 648 1463 ut
670 1436 780 1470 quando
798 1443 846 1471 ap-

67 1483 175 1516 paruerit
204 1483 296 1517 qualis
313 1483 368 1515 sit,
392 1487 457 1509 tunc
473 1482 570 1509 similis
585 1482 609 1509 ei
627 1483 777 1516 appareat",
797 1482 844 1517 qui

67 1535 93 1554 se
117 1528 276 1556 mirabiliter
306 1529 339 1555 ad
371 1528 574 1556 similitudinem
599 1535 676 1555 suam
702 1528 729 1554 in
756 1528 845 1562 primo

66 1573 141 1600 Adam
157 1574 299 1607 condidit,
328 1574 535 1609 mirabiliusque
561 1573 588 1600 in
617 1573 737 1600 secundo
754 1572 841 1600 refor-

68 1620 150 1647 mavit.

94 1664 182 1694 Omnis
196 1675 262 1702 ergo
278 1667 372 1700 homo,
395 1667 442 1702 qui
465 1666 500 1694 ad
522 1666 668 1700 imaginem
689 1665 737 1694 Dei
753 1665 842 1694 factus

64 1717 109 1743 est,
122 1711 194 1739 illum
209 1712 290 1739 debet
304 1712 415 1745 imitari,
432 1712 511 1747 cujus
531 1712 565 1739 ad
578 1711 724 1746 imaginem
745 1712 841 1740 condi-

65 1761 102 1785 tus
114 1762 152 1785 est
164 1767 170 1785 :
187 1757 262 1786 illius
274 1758 354 1786 debet
365 1758 442 1793 sequi
454 1758 579 1794 vestigia,
591 1759 639 1792 qui
653 1765 716 1785 eum
728 1758 762 1785 ad
773 1757 842 1785 ima-

64 1804 142 1838 ginem
159 1804 201 1832 sui
217 1804 350 1832 condidit.
368 1803 564 1832 Consiliarium
578 1811 644 1831 vero
658 1811 691 1831 ac
707 1807 842 1838 protecto‘

66 1857 114 1876 rem
125 1849 263 1877 meliorem
274 1850 393 1885 reperire
406 1858 460 1877 non
475 1849 586 1884 poterit,
602 1857 685 1884 quam
701 1849 778 1876 illum
792 1849 840 1883 qui

65 1902 117 1922 eum
133 1895 165 1922 ad
181 1896 328 1931 imaginem
347 1896 389 1923 sui
406 1895 539 1928 condidit,
564 1895 612 1931 qui
634 1903 697 1923 eum
722 1895 840 1930 pretioso

65 1941 183 1975 sanguine
199 1950 250 1969 suo
267 1941 391 1974 redemit,
409 1946 436 1968 et
459 1945 570 1976 propter
594 1949 658 1969 eum
683 1942 766 1968 homo
783 1940 840 1967 ﬁeri

65 1990 111 2010 non
126 1989 165 2012 est
186 1985 358 2020 dedignatus.
383 1985 470 2019 Quem
496 1986 590 2020 procul
609 1986 692 2013 dubio
708 1986 837 2018 inveniet,

64 2029 84 2055 si
99 2029 124 2056 in
138 2038 197 2058 eum
216 2035 301 2058 totam
319 2038 395 2066 spem
417 2039 509 2063 suam,
523 2032 602 2067 juxta
623 2031 775 2058 Psalmista‘.
790 2038 839 2058 vo-

64 2081 125 2108 cem,
135 2077 287 2111 projecerit.
307 2077 353 2104 Ait
366 2085 486 2112 namque
496 2077 519 2093 “
537 2086 544 2104 :
565 2077 668 2112 Projice
689 2085 767 2112 super
781 2077 838 2104 Do—

907 240 989 267 homo
1007 240 1041 274 ,in
1067 247 1115 267 sua
1138 247 1220 267 causa
1244 239 1383 272 deﬁciens,
1399 244 1426 267 et
1441 240 1467 267 in
1489 240 1547 268 suis
1565 241 1692 269 haisitans

906 285 1039 319 consiliis,
1055 286 1154 320 quaerit
1169 286 1220 313 sibi
1238 286 1355 313 amicum
1367 285 1485 319 ﬁdelem,
1499 286 1526 313 in
1541 287 1619 320 cujus
1630 294 1693 313 con-

905 332 975 359 siliis
991 332 1119 364 contidat,
1134 333 1181 366 qui
1196 332 1223 358 in
1241 332 1299 359 suis
1310 331 1462 359 difﬁdebat:
1479 336 1506 359 et
1524 332 1605 358 talem
1624 332 1693 359 fidu-

905 379 975 405 ciam
995 379 1076 406 habet
1094 378 1120 405 in
1142 378 1198 410 illo,
1218 383 1247 405 ut
1263 386 1343 405 omne
1360 383 1495 406 secretum
1513 379 1555 405 sui
1572 379 1692 413 pectoris

905 423 928 450 ei
947 424 1048 458 pandat
1060 428 1087 451 et
1099 424 1213 458 aperiat.
1231 424 1301 456 Quid
1319 424 1426 451 dulcius
1442 429 1483 452 est
1499 432 1580 459 quam
1594 429 1624 452 ut
1641 425 1690 451 ha—

904 469 969 496 beas
981 469 1056 496 illum
1069 469 1102 502 “,
1115 477 1178 497 cum
1189 478 1245 504 quo
1256 470 1347 497 omnia
1359 470 1448 504 possis
1458 470 1532 505 loqui
1545 475 1574 497 ut
1586 470 1693 498 tecum?

907 514 934 542 Si
953 516 1005 542 ista
1032 523 1093 543 eum
1117 516 1276 543 hominibus
1298 516 1376 547 fiunt,
1399 521 1502 550 quanto
1526 516 1612 551 magis
1629 523 1692 543 cum

904 561 960 589 Deo
977 562 1029 589 hoc
1044 566 1086 589 est
1101 566 1247 597 agendum.
1263 563 1309 596 qui
1328 570 1424 590 onmes
1442 562 1497 590 vult
1514 563 1607 590 salvos
1622 562 1690 596 ﬁeri,

903 612 929 635 et
946 608 1082 635 neminem
1094 608 1204 643 perire?
1219 608 1239 624 ⁸⁷
1251 608 1317 635 Nam
1340 609 1362 636 si
1377 609 1510 636 veraciter
1528 608 1611 636 Deum
1632 616 1690 636 cre~

903 653 1004 684 dimus,
1022 661 1140 688 cumque
1156 654 1294 688 diligimus
1314 661 1342 682 ut
1358 655 1500 686 debemus,
1514 659 1540 681 et
1552 655 1690 689 proximos

902 698 975 725 sicut
1002 699 1196 734 nosmetipsos,
1223 699 1251 726 in
1280 708 1341 727 cum
1367 708 1476 734 quoque
1507 705 1590 727 totam
1615 708 1690 735 spem

902 743 1098 778 projecerimus
1113 749 1250 778 nostram;
1266 745 1322 780 ipse
1341 754 1392 773 nos
1413 746 1509 778 eripiet
1523 750 1550 773 ct
1567 747 1689 773 consola-

903 789 984 816 hitur.
998 789 1030 816 Et
1043 790 1113 817 sicut
1126 798 1174 825 per
1190 791 1315 826 angelum
1331 799 1422 824 suum,
1435 791 1562 819 Ilabacuc
1575 791 1685 826 prophe-

902 841 958 862 tam
984 843 1045 863 cum
1072 836 1187 870 prandio
1210 837 1236 863 in
1261 837 1349 864 lacum
1375 837 1483 864 leonum
1500 838 1531 864 ad
1552 837 1689 864 Danielem

868 875 888 904 Β
902 886 989 909 vatem
1007 882 1081 909 misit
1093 883 1125 914 ⁵³,
1143 887 1169 910 et
1184 882 1349 918 Philippum,
1366 892 1451 911 unum
1465 885 1499 912 de
1514 890 1615 919 septem
1630 885 1689 912 dia-

901 928 1028 961 conibus,
1041 928 1077 955 ad
1091 929 1246 956 eunuchum
1265 930 1296 964 ‘9,
1312 930 1349 957 ita
1371 930 1446 958 dabit
1468 931 1546 958 nobis
1564 931 1689 959 consola-

901 974 1004 1001 tionem
1019 978 1047 1001 et
1062 975 1258 1003 liberationem.
1277 975 1340 1004 Haec
1351 977 1504 1009 sectamini,
1523 977 1689 1012 charissimi,

900 1024 926 1046 et
939 1019 1006 1047 nulli
1026 1028 1145 1056 unquam
1162 1026 1267 1049 noccte.
1288 1021 1397 1049 Fratres
1414 1022 1489 1055 estis,
1507 1023 1622 1050 invicem
1640 1031 1689 1051 vos

901 1065 1016 1101 diligite,
1031 1070 1061 1093 ut
1076 1067 1132 1094 veri
1153 1067 1261 1094 Domini
1286 1068 1412 1102 discipuli
1430 1068 1497 1096 cﬁici
1516 1070 1687 1096 mereamini.

899 1110 966 1138 Nam
983 1112 1029 1147 qui
1045 1113 1156 1140 rancida
1171 1114 1253 1140 corda
1267 1113 1387 1142 virorum
1403 1114 1426 1130 ⁷⁰
1443 1114 1538 1148 inlicit,
1555 1115 1688 1142 malitiam

899 1158 969 1184 inter
991 1158 1116 1185 homines
1139 1159 1260 1193 spargit:
1279 1164 1306 1186 et
1320 1160 1366 1194 qui
1389 1160 1508 1187 detrahit
1530 1161 1605 1188 fratri
1624 1169 1686 1193 suo,

899 1203 1035 1231 homicida
1053 1208 1104 1232 est.
1121 1204 1143 1220 ⁷³
1159 1204 1192 1232 Et
1206 1205 1253 1240 qui
1266 1205 1409 1233 abstulerit
1430 1206 1531 1242 aliquid
1556 1206 1625 1241 patri
1643 1207 1687 1233 vel

898 1248 990 1282 matri,
1009 1249 1128 1284 dicitque
1152 1250 1205 1277 hoc
1226 1255 1367 1285 peccatum
1384 1259 1438 1278 non
1456 1259 1527 1283 esse,
1544 1252 1688 1279 homicida:

898 1293 1035 1328 particeps
1049 1299 1100 1321 est.
1116 1293 1196 1322 Pater
1212 1300 1305 1322 noster
1317 1295 1375 1322 sine
1389 1295 1472 1322 dubio
1486 1295 1556 1323 Deus
1573 1301 1624 1329 est,
1639 1296 1687 1331 qui

898 1347 948 1367 nos
966 1340 1070 1367 creavit
1087 1349 1093 1367 :
1111 1345 1197 1368 mater
1213 1349 1277 1368 vero
1294 1346 1388 1369 nostra
1409 1341 1539 1375 Ecclesia,
1561 1351 1621 1377 quae
1636 1350 1687 1370 nos

897 1385 924 1412 in
951 1385 1086 1420 baptismo
1117 1387 1295 1421 spiritualiter
1321 1388 1502 1423 regeneravit.
1534 1387 1603 1423 Ergo
1638 1388 1687 1420 qui

896 1430 997 1458 Christi
1013 1432 1144 1466 pecunias
1163 1437 1190 1459 et
1205 1431 1332 1460 Ecclesia:
1350 1433 1430 1468 rapit,
1445 1433 1534 1460 aufert
1549 1434 1591 1460 vel
1610 1433 1687 1460 frau-

895 1477 953 1510 dat,
966 1477 1103 1505 homicida
1114 1483 1165 1512 est,
1182 1483 1263 1514 atque
1282 1479 1418 1507 homicida
1431 1485 1494 1507 ante
1509 1485 1686 1515 conspectum

894 1520 962 1554 justi
977 1521 1080 1556 judicis
1095 1530 1155 1550 esse
1177 1523 1361 1557 deputabitur.
1378 1523 1431 1557 Qui
1456 1525 1526 1558 rapit
1543 1525 1686 1559 pecuniam

896 1567 1012 1602 proximi
1025 1568 1078 1600 sui,
1095 1568 1266 1603 iniquitatem
1283 1574 1411 1604 operatur
1433 1579 1438 1596 :
1458 1571 1505 1605 qui
1525 1575 1615 1597 autem
1638 1578 1686 1605 pe-

896 1613 1005 1640 cuniam
1023 1613 1064 1640 vel
1080 1622 1123 1641 res
1143 1614 1271 1642 Ecclesia:
1287 1615 1438 1649 abstulerit,
1457 1616 1628 1649 sacrilegium
1644 1616 1686 1644 fa-

896 1657 970 1684 cit."
997 1657 1140 1694 Privilegia
1165 1661 1237 1687 enim
1259 1661 1435 1688 ecclesiarum
1453 1666 1480 1688 et
1499 1662 1682 1694 sacerdotum,

896 1703 984 1731 sancti
1010 1705 1143 1740 apostoli,
1167 1706 1246 1741 jussu
1275 1706 1441 1740 Salvator-is,
1477 1708 1634 1735 intemerata
1657 1712 1685 1735 et

896 1750 1026 1778 inviolata
1057 1752 1186 1779 omnibus
1223 1753 1403 1780 decreverunt
1432 1762 1542 1781 manere
1578 1759 1684 1790 tempo-

894 1796 981 1824 ribus.

1267 1876 1309 1904 Ill.

981 1953 1019 1981 De
1032 1954 1176 1989 peregrinis
1192 1960 1216 1981 et
1231 1955 1438 1990 provincialibus
1447 1956 1591 1991 judicibus.

927 2033 1014 2069 Leges
1032 2035 1159 2064 Ecclesiae
1167 2037 1315 2072 apostolica
1324 2037 1464 2066 ﬁrmamus
1473 2037 1646 2070 auctoritate,
1654 2042 1683 2066 et

892 2079 1034 2114 peregrina
1055 2079 1156 2114 judicia
1177 2080 1371 2108 submovemus
1391 2082 1440 2115 (δ).
1456 2080 1532 2109 Unde
1547 2086 1573 2108 et
1590 2081 1681 2109 Domi-

65 2119 153 2147 minum
165 2122 322 2150 charitatem
335 2127 419 2155 tuam,
430 2128 455 2150 et
468 2123 522 2158 ipse
537 2128 560 2150 te
569 2123 694 2157 enutriet,
708 2131 754 2150 nec
765 2123 838 2151 dabit
853 2131 878 2161 ι)
892 2133 943 2153 nus
957 2125 1121 2152 mentionem
1146 2125 1252 2153 faciens
1272 2125 1334 2158 Lot,
1355 2134 1405 2161 per
1422 2126 1532 2162 Moysen
1548 2127 1679 2162 loquitur,

106 2255 205 2284 “Psal.
223 2266 320 2290 vauI,
341 2259 384 2286 15.
431 2259 451 2274 ⁸¹

459 2258 538 2293 [Psal.
554 2267 620 2287 xcn.
634 2261 658 2287 Ι.

66 2287 130 2318 Hier.
167 2292 271 2320 “Psal.
301 2287 354 2326 Liv,
372 2294 418 2321 25.

699 2259 886 2294 "nobilitate,
904 2265 957 2288 etc.
987 2260 1014 2288 in
1039 2267 1091 2287 ms.
1115 2259 1185 2288 Just.
1214 2263 1256 2288 et!
1270 2261 1296 2287 in
1322 2260 1388 2287 edit.
1415 2260 1564 2288 Ambrosii.

1604 2261 1626 2277 οι
1646 2268 1679 2288 ex

458 2294 480 2331 ‘7‘
498 2294 624 2331 Eangith.
648 2295 788 2331 abbatissa
802 2295 829 2322 in
843 2303 886 2330 ep.
902 2297 935 2323 ad
950 2295 979 2323 S.
999 2295 1167 2331 Bonifacium
1189 2296 1308 2330 archiep.
1331 2295 1518 2331 Moguntinum
1543 2296 1590 2330 qui
1608 2296 1681 2331 pbiit

64 2331 128 2366 anqo
147 2325 205 2366 7§4_.
227 2328 326 2356 Cicero
347 2325 395 2366 De?
415 2330 539 2366 amicitia
553 2325 572 2364 ,ν
590 2329 724 2357 Martinus
751 2325 945 2366 Bracarénsis,
974 2335 1001 2358 ct
1020 2331 1076 2357 alii.
1114 2331 1136 2347 “
1153 2330 1203 2358 Ms.
1224 2325 1302 2366 quain
1323 2325 1414 2358 lthre
1429 2330 1513 2357 illum.
1548 2325 1590 2358 ἐγ1
1607 2330 1678 2358 Tim.

65 2367 91 2392 n,
101 2355 125 2388 ι.
157 2362 177 2377 ⁸⁸
188 2362 256 2390 Dan.
269 2355 332 2391 iw}

377 2365 398 2380 ⁸ο
408 2365 466 2391 Act.
490 2373 549 2392 vin.
587 2366 744 2392 7"vivorum.
760 2364 798 2392 Ita
819 2373 871 2393 ms.

911 2367 931 2381 ⁷¹
942 2365 1099 2393 Bonifacius
1115 2374 1157 2400 ep.
1174 2366 1218 2398 15,
1230 2365 1268 2392 ad
1285 2365 1458 2393 Ethibaldum
1472 2366 1521 2398 1‘2,
1539 2370 1635 2400 quaest.
1652 2366 1678 2393 L

65 2393 278 2436 Qui_abs_tulerit._
294 2398 327 2426 Et
346 2399 444 2436 partim
460 2400 558 2427 ibidem
583 2407 608 2429 c.
631 2401 683 2433 Qui
705 2400 805 2427 Christi
828 2402 962 2436 pecunias.
983 2400 1015 2427 Et
1039 2409 1065 2427 In
1089 2393 1162 2428 deer.
1183 2393 1257 2428 Lucii
1279 2409 1369 2436 papae,
1387 2409 1458 2433 xvn,
1473 2393 1569 2436 quiest.
1585 2401 1611 2428 4.
1627 2401 1680 2433 Qui

65 2431 135 2470 rapit.
159 2431 189 2459 Et
208 2434 250 2470 in,
262 2431 355 2461 decr.’
366 2434 541 2470 Luciiﬂpapaa
557 2444 620 2469 xxv,
632 2431 783 2470 quaestione
795 2431 833 2470 ‘2,
848 2436 993 2470 Privilegia
1014 2436 1184 2463 ecclesiarum
1199 2442 1223 2463 et
1240 2431 1370 2464 sac'er'dot;
1382 2436 1415 2462 Et
1430 2431 1678 2470 iii,'qua:sti01ie6,

63 2463 133 2500 Leges
160 2468 330 2496 ecclesiarum
346 2490 353 2496 .

62 2506 100 2528 an.
119 2500 178 2529 856.

93 2601 128 2637 (8)
151 2601 289 2639 Peregrina
295 2605 402 2639 judicia
415 2605 738 2633 submovemus.Christus
745 2606 839 2633 Domi-

66 2642 126 2673 ﬁus,
150 2639 193 2673 qui
210 2639 261 2667 fuit
287 2648 334 2667 rex
357 2644 385 2666 et
405 2641 534 2667 sacerdos
549 2641 698 2667 secundum
714 2641 836 2669 ordinem

65 2669 245 2711 Melchisedech
255 2697 262 2708 ,
280 2675 307 2701 in
318 2675 437 2702 Ecclesia
452 2675 542 2710 regale
556 2675 737 2703 sacerdotium
757 2676 837 2704 insti-

66 2709 127 2740 tuit,
145 2711 278 2746 apostolis
302 2717 453 2744 eorumque
475 2711 680 2738 successoribus
702 2712 837 2746 episcopis

65 2743 203 2781 fegendi’et
215 2745 355 2779 judicandi
377 2743 537 2781 potestatem
559 2746 675 2781 contulit
693 2755 699 2773 :
718 2743 836 2781 ideoque

65 2773 235 2815 [tacﬁepistol'a
262 2788 312 2808 sua
338 2773 486 2808 Atiacletus
510 2780 650 2815 pontifex,
681 2773 833 2809 doctrinam

65 2807 90 2836 δι
104 2807 174 2850 Baul.
190 2814 198 2840 |
211 2815 243 2842 ad
257 2807 333 2848 Cor.,
348 2823 407 2850 cap.
417 2823 455 2848 vI,
471 2807 581 2843 Sedulus
591 2807 687 2849 {recte
701 2807 831 2849 decernit,

65 2850 92 2872 ne
105 2845 247 2878 Christiani
267 2845 369 2879 ethnici
383 2845 507 2886 'alicujus
530 2856 577 2879 aut
592 2845 714 2880 infidelis
732 2845 833 2887 judicis

396 2471 418 2486 ⁷¹
439 2469 507 2498 Vide
531 2469 648 2498 Hincm.’
656 2471 705 2499 lib.
728 2479 777 2503 Lv,
791 2479 816 2499 c.
831 2471 882 2505 15,
898 2476 926 2499 et

969 2471 1016 2499 ial.
1039 2472 1072 2499 de
1087 2477 1158 2498 statu
1176 2471 1300 2499 Ecclesiw
1310 2492 1317 2500 .
1335 2480 1366 2500 ac
1378 2471 1476 2499 concil.
1491 2470 1679 2499 Carisiacense

891 2607 1011 2644 tribunal
1033 2608 1142 2644 adeant
1164 2629 1171 2640 ,
1210 2609 1352 2644 liliumque
1380 2616 1491 2636 suarum
1525 2608 1677 2636 discussio—

891 2650 970 2679 nem,
991 2643 1124 2678 judicium
1152 2652 1184 2671 ac
1206 2643 1389 2672 deﬁnitionem
1412 2649 1514 2679 petant.
1540 2644 1598 2677 Qua
1620 2644 1678 2679 lege

889 2678 1032 2712 politicum
1057 2679 1200 2713 imperium
1230 2687 1245 2706 a
1271 2679 1326 2706 Deo
1344 2678 1418 2707 bene
1443 2680 1594 2706 institutum
1621 2678 1677 2706 non

891 2713 994 2740 tollitur
1008 2733 1038 2749 ,Μ
1048 2715 1094 2741 sed
1112 2713 1251 2749 iEcclesiaz
1276 2714 1400 2742 dominio
1417 2722 1449 2742 ac
1468 2715 1594 2749 potestati
1609 2715 1677 2742 sub-

887 2749 991 2783 jicitur.
1018 2747 1209 2785 Vide‘Baron.
1234 2757 1278 2785 an.
1302 2750 1358 2785 57,
1381 2747 1515 2777 ιιιιιηᾞ24
1552 2754 1579 2777 et
1597 2756 1675 2785 neqq.

891 2784 1022 2820 usquead
1035 2784 1079 2812 42.
1099 2783 1225 2812 Bellnrm.
1248 2784 1284 2811 De
1298 2784 1372 2812 liam.
1386 2790 1458 2820 pont.
1473 2785 1520 2813 lib.
1539 2793 1566 2820 v,
1581 2792 1606 2814 c.
1619 2783 1678 2813 te:

888 2827 964 2855 seqq.
980 2819 1016 2847 In.
