1916 3104
263 125 316 154 799

939 125 1059 153 ANACLI

1138 127 1239 155 pars:
1827 138 1863 163 ω,

264 183 358 211 dicens
375 192 381 210 :
399 182 540 218 Ingressus
556 191 583 210 es
600 184 715 218 quidem,
736 185 875 220 inquiunt,
897 190 926 211 ut
947 185 1058 218 advena,
1074 193 1098 222 Α
1111 186 1168 213 rint
1183 187 1362 221 quaestiones,
1378 191 1426 215 aut
1439 187 1629 223 episcoporum
1643 188 1685 216 vel
1703 189 1863 226 majorumju.

265 230 383 265 nunquid
401 234 428 256 ut
439 230 544 264 judices
561 230 585 246 ⁷³
597 230 608 256 ?
621 229 645 246 ⁷⁵
661 229 837 266 Unaquaeque
852 232 991 266 provincia
1002 236 1057 259 tam

262 275 340 311 juxta
354 275 483 303 Ecclesia:
495 283 578 311 quam
589 276 667 311 juxta
685 276 776 303 saeculi
798 277 880 312 leges.
900 285 965 304 suos
979 277 1059 305 debet

263 323 353 358 justus
385 327 412 350 et
431 330 486 350 non
503 323 612 358 iniquos
624 323 725 350 habere
733 323 851 358 judices,
863 328 890 351 et
903 331 957 351 non
968 328 1059 351 exter-

265 377 331 402 nos,
344 369 397 396 nisi
413 370 569 404 apostolicae
584 369 657 398 sedis
675 369 757 404 hujus
774 370 921 398 decreverit
938 371 1058 398 auctori-

266 420 318 448 tas,
344 420 480 450 quatenus
505 415 662 451 quicunque
687 423 799 443 causam
815 416 956 449 habuerit,
986 416 1058 451 apud

266 468 333 489 suos
347 461 371 477 ⁷⁵
388 461 494 496 judices
507 462 662 497 judicetur;
676 467 703 489 et
718 470 771 489 non
789 462 822 489 ad
838 462 953 495 alienos,
974 470 1057 490 causa

265 508 393 542 vagandi,
415 507 571 534 stimulante
584 507 730 542 protervia,
747 514 825 534 suam
841 507 993 542 despiciens
1008 514 1058 542 pa-

265 554 359 586 triant,
382 557 513 586 transeat,
541 553 587 580 sed
601 553 634 580 ad
648 553 672 569 ⁷⁸
687 553 831 580 duodecim
850 553 972 587 ejusdem
993 560 1057 587 pro-

266 600 363 627 vinciae
375 599 491 634 judices,
511 599 544 626 ad
557 606 675 634 quorum
697 598 833 633 judicium
856 605 951 626 omnes
968 606 1058 626 causa:

266 646 407 674 civitatum
423 645 588 679 referuntur,
601 645 739 672 deferatur
758 645 907 681 negotium.
925 643 953 672 Si
966 649 1056 672 autem

266 690 349 719 fuerit
371 691 585 719 ecclesiasticum
601 691 671 726 apud
689 692 832 725 episcopos
851 690 1058 725 (interveniente

265 738 405 773 primate),
418 738 552 772 siquidem
565 738 654 772 major
668 745 751 764 causa
768 737 851 764 fuerit
867 746 873 763 :
891 737 914 764 si
928 744 993 763 vero
1006 736 1057 763 mi-

266 791 328 816 nor,
353 784 583 818 metropolitano;
599 784 621 811 si
644 791 710 811 vero
732 783 815 810 fuerit
830 783 972 815 smculare,
986 782 1057 817 apud

266 830 388 865 ejusdem
401 830 505 858 ordinis
517 830 600 862 viros,
611 830 715 864 judicio
737 835 827 856 tamen
843 829 1035 864 episcoporum
1048 837 1055 862 ;

1113 232 1195 265 dicia,
1212 237 1259 259 aut
1273 232 1390 267 majores
1405 241 1494 261 causae
1506 233 1624 267 fuerint;
1637 234 1660 250 δ’
1675 235 1708 262 ad
1720 236 1803 263 sedem
1817 245 1863 272 apo-

1111 277 1238 304 stolicam
1270 278 1306 312 (si
1331 278 1495 313 appellatum
1521 277 1614 314 fuerit)
1639 279 1785 308 referantur
1806 283 1862 317 (l0);

1113 323 1244 358 quoniam
1266 324 1382 358 apostoli
1397 323 1451 351 hoc
1466 329 1620 352 statuerttnt
1632 325 1688 361 (fl)
1701 325 1812 361 jussione
1822 328 1863 356 Sal-

1109 369 1212 396 vatoris
1227 389 1235 403 ,
1262 374 1293 396 ut
1317 370 1436 405 majores
1461 375 1488 397 et
1519 370 1687 399 difﬁciliores
1719 374 1862 408 quaestiones.

1107 423 1216 450 semper
1240 415 1274 442 ad
1294 416 1386 444 sedem
1407 416 1569 444 deferantur
1591 418 1778 452 apostolicam.
1803 428 1863 455 super

1108 468 1192 496 quam
1219 460 1346 489 Christus
1379 462 1534 490 universam
1553 463 1709 490 construxit
1731 462 1862 500 Ecclesiam,

1108 506 1215 534 dicente
1235 507 1294 542 ipso
1308 507 1341 535 ad
1356 507 1465 535 beatum
1480 509 1630 544 principem
1647 510 1817 544 apostolorum
1829 511 1863 540 Pe-

1107 556 1181 579 trum
1200 561 1205 579 :
1227 551 1265 579 Tu
1279 561 1316 585 es,
1330 553 1436 588 inquit,
1458 553 1564 587 Petrus,
1580 559 1605 581 et
1623 563 1701 590 super
1713 555 1776 583 hanc
1787 562 1864 591 petram

1108 599 1245 633 aedificabo
1261 599 1407 626 Ecclesium
1425 608 1511 627 meam
1524 601 1564 634 ⁸³,
1584 606 1612 629 et
1626 602 1740 637 reliqua.
1754 602 1789 630 Sit
1807 611 1863 639 ergo,

1109 644 1219 678 fratres,
1233 646 1389 674 constantia
1402 652 1492 675 vestra
1506 647 1638 676 adversus
1652 648 1823 677 contentiones
1830 657 1863 677 eo-

1107 698 1170 717 rum
1185 692 1231 725 qui
1246 691 1362 719 adversa
1377 693 1506 727 sapiunt,
1522 697 1549 719 et
1565 701 1618 720 non
1631 701 1694 729 quae
1708 693 1752 722 Dei
1766 700 1818 722 sunt
1831 703 1863 722 sa-

1109 737 1198 771 piunt,
1222 742 1249 764 et
1265 738 1317 765 erit
1333 738 1430 766 fortior
1451 744 1526 773 petra
1541 740 1698 768 constantia
1709 745 1801 775 vestra,
1812 742 1863 769 sicut

1108 784 1241 818 scriptum
1256 789 1297 812 est
1310 793 1317 812 :
1333 784 1373 811 Ne
1389 785 1530 812 timueritis
1545 785 1576 812 ab
1589 786 1641 820 liis,
1653 794 1734 821 neque
1745 788 1863 814 terreumini

1109 839 1126 857 α
1142 830 1211 865 facie
1230 838 1320 857 eorum
1342 832 1387 865 qui
1406 839 1500 866 corpus
1515 832 1649 865 occidunt,
1667 832 1780 859 animam
1799 838 1864 860 autem

267 883 330 903 cum
346 875 494 910 Apostolus
520 875 688 910 privatorum
718 875 940 902 Christianorum
958 882 1057 902 causas
1072 876 1093 904 B
1108 884 1159 903 non
1175 881 1283 910 possunt
1301 876 1418 904 occidere
1439 877 1472 904 ⁸⁸.
1486 877 1562 910 Quod
1584 882 1672 903 antem
1695 878 1722 903 in
1738 885 1795 903 aure
1806 878 1863 902 audi-

267 922 354 956 magis
366 922 488 949 ecclesiis
499 921 609 956 deferri,
630 926 658 949 et
668 922 767 950 ibidem
779 921 941 950 sacerdotali
952 921 1056 956 judicio

267 967 408 995 terminari
424 968 507 996 voluit
521 969 554 996 ⁷⁷.

636 1053 682 1082 ιν,

268 1145 301 1173 Ut
318 1153 455 1181 oppressus
472 1143 769 1181 judiciorsatcularium
794 1142 907 1181 appellet
923 1141 1057 1181 judicium

300 1177 490 1213 sacerdotum,
518 1185 542 1207 et
571 1180 603 1206 de
624 1179 772 1213 majoribus
798 1179 886 1205 causis
913 1178 947 1204 ad
971 1177 1058 1203 sedem

301 1215 475 1250 apostolicam
498 1215 652 1250 referendis.

300 1305 324 1322 ⁷⁸
339 1305 434 1332 Omnis
455 1304 527 1332 enim
551 1311 708 1338 oppressus,
731 1303 754 1319 ⁷⁹
780 1303 864 1330 libere
885 1301 1057 1329 sacerdotum

267 1351 301 1386 (si
321 1350 449 1383 voluerit)
466 1349 582 1384 appellet
593 1349 739 1383 judicium,
757 1353 784 1375 et
800 1348 900 1375 anullo
911 1347 1058 1382 prohibea-

266 1402 322 1429 tur,
335 1396 381 1423 sed
394 1396 428 1423 ab
441 1395 484 1422 his
499 1395 629 1422 fulciatur
644 1399 671 1422 et
689 1395 827 1422 liberetur.
843 1393 872 1421 Si
887 1398 976 1421 autem
993 1393 1059 1420 difll-

267 1443 332 1469 ciles
355 1449 455 1473 causae,
472 1445 519 1468 aut
539 1440 644 1475 majora
670 1440 779 1475 negotia
804 1444 863 1466 orta
887 1439 999 1471 fuerint,
1025 1439 1058 1466 ad

267 1488 399 1522 majorem
425 1487 517 1514 sedem
542 1486 707 1514 referantur.
730 1486 762 1513 Et
785 1486 808 1513 si
829 1486 884 1513 il!ic
908 1485 987 1513 facile
1002 1485 1059 1513 dis-

267 1535 340 1563 cerni
354 1542 409 1561 non
432 1538 571 1568 poterunt,
592 1538 638 1560 aut
656 1533 730 1568 juste
746 1532 899 1565 terminari,
914 1531 959 1559 ubi
977 1531 1059 1558 fuerit

267 1587 438 1607 summorutu
461 1583 623 1615 congregata
650 1579 823 1613 congregatio
837 1599 844 1611 ,
865 1586 926 1613 qua:
939 1586 987 1613 per
1001 1577 1058 1605 sin-

267 1626 345 1660 gulos
363 1633 449 1653 annos
471 1626 513 1652 bis
540 1625 599 1652 fieri
625 1625 696 1652 solet
718 1625 767 1659 (9),
789 1629 816 1652 et
835 1625 930 1657 debet;
947 1624 1020 1659 juste
1031 1628 1058 1650 et

269 1670 323 1698 Deo
342 1671 440 1705 placito
456 1678 549 1697 coram
564 1671 719 1705 patriarcha
741 1675 786 1697 aut
802 1671 915 1704 priinate
929 1669 1057 1697 ecclesia-

271 1716 347 1749 stico,
372 1721 399 1743 et
424 1724 517 1744 coram
538 1717 653 1751 patricio
668 1717 691 1732 ⁸⁰
715 1716 837 1744 saeculari
856 1716 877 1731 ει
900 1715 1058 1750 judicentur

268 1761 376 1797 negotia
392 1761 419 1788 in
430 1769 586 1789 commune.
604 1761 681 1794 Quod
700 1761 724 1788 si
737 1761 902 1788 difﬁciliores
920 1764 987 1788 orta:
997 1758 1057 1787 fue-

303 1896 326 1912 "
346 1896 444 1923 Cenes.
468 1903 532 1928 ιιι,
558 1895 585 1922 9.
641 1895 722 1927 "tu,

272 1933 295 1964 2,
308 1939 336 1965 q.
351 1931 376 1958 6.
417 1932 439 1947 ⁷⁶
447 1930 532 1958 Cone.
543 1930 661 1966 Carthag

742 1899 838 1929 quatst.
855 1894 871 1921 6
883 1915 891 1927 ,
914 1893 1081 1929 Unaqtttvque
1110 1893 1257 1927 provincia.

666 1951 671 1956 .
691 1939 717 1957 xi
731 1951 737 1963 ,
753 1926 795 1957 l0.
832 1929 872 1955 ⁷⁷1
892 1926 1016 1957 Corinth.
1030 1926 1067 1956 vi.
1106 1926 1128 1944 ⁷³
1149 1937 1196 1960 ιιι,
1209 1932 1305 1962 (ιιιτεδι.
1318 1926 1334 1952 6
1346 1948 1353 1960 ,
1375 1926 1470 1963 Omnis
1483 1934 1631 1963 oppressus.

1109 922 1154 954 tis,
1169 922 1312 957 prwdicat'e
1327 923 1355 950 in
1369 923 1467 951 lumine
1477 943 1484 955 ,
1507 923 1584 951 illum
1607 924 1729 951 timentes
1750 924 1790 958 qui
1802 929 1863 958 potest

1109 970 1228 996 animum
1254 974 1279 996 et
1309 977 1404 1005 corpus
1430 969 1548 997 occidere
1571 975 1596 997 et
1621 971 1725 998 mittere
1746 970 1772 996 in
1794 971 1864 1005 gehen-

1110 1025 1171 1043 nam
1185 1016 1217 1043 ⁸⁵.
1238 1015 1348 1043 Fratres
1370 1017 1431 1047 mei,
1451 1016 1479 1042 in
1494 1024 1572 1043 carne
1591 1015 1767 1048 ambulantes,
1781 1025 1823 1043 non
1837 1024 1865 1043 te-

1107 1058 1222 1085 cundum
1245 1067 1351 1085 carnem
1372 1058 1530 1087 militamus.
1545 1059 1627 1086 Arma
1645 1060 1717 1086 enim
1734 1059 1823 1086 militia
1833 1067 1865 1085 no-

1107 1110 1170 1132 strte
1192 1113 1243 1131 non
1263 1104 1394 1138 carnalia,
1418 1105 1463 1132 sed
1477 1105 1594 1140 potentia
1607 1105 1675 1139 Deo,
1691 1106 1725 1132 ad
1739 1105 1865 1132 destructio-

1108 1159 1167 1178 nem
1187 1151 1367 1178 munitionum
1383 1171 1390 1183 ,
1413 1151 1525 1177 consilia
1544 1151 1721 1183 destruentes,
1748 1156 1771 1178 et
1790 1159 1864 1178 omnem

1107 1197 1296 1223 exultationem
1311 1196 1480 1223 extollentem
1494 1204 1522 1223 se
1539 1196 1664 1223 adversus
1683 1196 1811 1223 scientiam
1824 1195 1864 1227 Dei.

1108 1248 1133 1270 et
1154 1243 1183 1270 in
1197 1243 1378 1277 captivitatem
1406 1242 1551 1277 redigentes
1576 1250 1680 1269 omnem
1702 1242 1865 1277 cogitationem,

1108 1294 1133 1317 et
1151 1290 1179 1316 in
1198 1289 1350 1325 obsequium
1370 1288 1476 1316 Christo
1492 1288 1664 1323 pcrducentes
1678 1288 1712 1316 ".
1731 1288 1767 1316 De
1786 1293 1866 1319 ca'tera,

1110 1337 1219 1372 fratres,
1236 1336 1426 1370 canfortamini
1443 1336 1471 1362 in
1489 1335 1613 1369 Domino,
1629 1341 1653 1363 et
1669 1337 1697 1362 in
1711 1336 1818 1370 potentia
1829 1335 1868 1369 for-

1110 1383 1234 1410 titudinis
1248 1382 1305 1417 ejus
1319 1383 1341 1398 ⁸⁷
1351 1403 1359 1415 ,
1375 1386 1405 1410 ιιι
1419 1390 1471 1417 pax
1487 1381 1566 1409 vobis
1580 1382 1665 1409 multa
1682 1386 1709 1409 et
1723 1381 1868 1416 gratiaaDeo

1108 1434 1136 1457 et
1154 1429 1270 1456 Domino
1293 1433 1387 1456 nostro
1408 1428 1472 1456 Jesu
1495 1428 1606 1456 Christo
1627 1428 1802 1456 ministretur.
1823 1428 1868 1453 Am‘

1109 1475 1254 1511 plectimur
1271 1480 1300 1503 et
1320 1475 1479 1502 osculamur
1490 1496 1497 1508 ,
1514 1483 1545 1503 ac
1560 1475 1583 1503 si
1600 1479 1760 1510 praesentes,
1777 1474 1868 1502 charita-

1109 1529 1163 1551 tem
1181 1528 1310 1555 vestram,
1332 1523 1360 1550 in
1384 1524 1486 1550 unitate
1509 1523 1634 1558 spiritus,
1656 1523 1686 1550 in
1700 1522 1802 1550 vinculo
1814 1521 1869 1556 pacis

1109 1575 1137 1598 et
1150 1570 1291 1598 charitatis
1310 1569 1423 1597 Christi.
1442 1569 1554 1604 Propter
1572 1569 1653 1604 quod,
1673 1569 1825 1601 charissimi,
1838 1575 1868 1594 et-

1111 1620 1269 1652 spectantes,
1291 1616 1404 1650 satagite
1420 1615 1585 1642 immaculati
1599 1620 1625 1642 et
1644 1615 1768 1643 inviolati
1784 1614 1869 1641 inveniri

1110 1665 1137 1691 iu
1154 1671 1228 1698 pace,
1245 1668 1271 1690 et
1292 1663 1400 1689 Domini
1414 1662 1503 1695 {nostri
1518 1662 1763 1697 longanimitatem,
1781 1661 1868 1688 salutem

1111 1709 1289 1741 arbitremini,
1315 1708 1338 1723 ⁸⁸
1362 1708 1431 1734 sicut
1455 1712 1480 1734 et
1507 1706 1681 1734 charissimus
1711 1707 1790 1741 frater
1805 1709 1870 1731 noster

1112 1756 1214 1783 Paulus
1231 1755 1374 1782 secundant
1387 1755 1479 1781 datam
1491 1753 1541 1780 sibi
1560 1753 1721 1788 sapientiam
1736 1751 1828 1787 scripsit
1840 1758 1870 1777 re

1298 1890 1320 1907 ⁷⁸
1334 1890 1437 1918 Codex.
1453 1889 1558 1917 Theod.
1573 1889 1622 1917 lib.
1636 1897 1675 1922 ιι,
1699 1889 1746 1916 tit.
1760 1888 1771 1914 Ι
1783 1907 1789 1920 ,
1803 1890 1867 1915 coast.

1299 1947 1305 1951 .
1318 1926 1334 1951 6
1346 1948 1353 1951 .
1375 1926 1467 1951 Omnis
1483 1934 1631 1951 onnressus.
1672 1924 1695 1941 ⁷³
1706 1924 1763 1951 Lib.
1787 1931 1806 1951 t.
1821 1922 1867 1948 Cod.

1728 1932 1763 1951 tu.
1787 1932 1806 1955 t,
1821 1932 1867 1948 ouo.

351 1950 717 1999 Ϊὲοιιδιῗῖἱψἐῖᾜῗῖἳλιιὲί
731 1950 835 1992 ,C-oulon.
1091 1950 1765 1999 rtidvcoll.rﬂadi:._rc.
1789 1950 1813 1991 Si,
1838 1957 1868 1999 ubi

269 2002 380 2036 pra'side
395 2001 512 2036 reponit.
550 2002 571 2016 ⁸¹
586 2009 637 2028 ms.
655 2001 809 2027 sa'cularia.
848 2000 870 2016 ⁸³
891 2001 984 2036 lnnoc.
1011 2000 1038 2031 l,

273 2037 394 2063 "Matth.
425 2035 457 2069 ιι,
483 2035 527 2062 28.

1066 2007 1110 2034 cp.
1136 2007 1175 2030 x1,
1199 2007 1260 2033 t-ap.
1280 1998 1306 2024 3.

567 2036 622 2063 “ll
637 2036 700 2063 Cor.
730 2044 756 2067 ι,
775 2036 833 2062 5-5.
868 2035 889 2051 ⁸⁷
902 2035 1001 2070 Ephes.
1023 2043 1068 2066 vt,
1089 2035 1131 2061 10.

1347 1998 1369 2013 ⁸³
1381 1997 1475 2024 Matth.
1500 2004 1544 2022 xw
1557 2015 1565 2028 ,
1582 1996 1624 2023 18.
1679 1996 1703 2011 ⁸⁸
1722 1992 1868 2031 Luc._xn,

1171 2028 1248 2061 “lla:
1292 2033 1451 2066 similesque
1471 2032 1573 2066 passim
1602 2035 1775 2059 occurrentes
1790 2028 1869 2055 lacinia

271 2079 288 2099 e
310 2072 401 2099 bibliis
427 2066 571 2106 descripta:
597 2071 678 2106 longe
709 2071 810 2098 absunt
843 2078 859 2098 a
897 2066 967 2106 stilo
988 2070 1129 2102 Anacleti,
1161 2070 1307 2098 alteriusve
1332 2067 1449 2095 Romani
1475 2066 1620 2102 pontificis.

307 2193 346 2228 (9)
367 2192 433 2235 Qua:
453 2201 500 2235 per
514 2192 630 2228 singulos
649 2200 735 2235 annos
749 2192 788 2235 bis
810 2191 868 2226 ﬁeri
887 2191 962 2235 slolet.
982 2191 1063 2235 Juttta
1079 2205 1105 2235 Β

275 2227 462 2264 aprtolorum
479 2227 564 2264 legem
579 2236 611 2264 ac
623 2227 851 2264 consuetudinem
866 2236 873 2254 :
889 2228 923 2255 de
935 2235 990 2262 qua
1003 2228 1064 2255 vide

274 2262 374 2293 canon.
389 2263 506 2297 apostol.
521 2263 566 2290 58.
584 2263 648 2290 Sav.
665 2262 767 2290 BlNlUS.

311 2299 367 2334 (10)
390 2298 505 2334 Majores
525 2298 779 2325 caustt’...adsedem
800 2297 1064 2334 apostolicamrrefe-

277 2339 383 2362 rantur.
403 2333 460 2360 Hoc
472 2334 591 2360 Anacleti
608 2335 745 2360 decretum
765 2334 835 2360 bene
849 2338 876 2360 et
891 2333 964 2367 juste
979 2333 1065 2359 latum

277 2377 339 2398 csse
353 2377 386 2396 ex
403 2376 435 2396 eo
448 2373 530 2403 patet,
543 2369 614 2402 quod
627 2368 780 2395 universale
794 2373 821 2396 et
837 2369 986 2402 legitimum
1000 2368 1065 2395 Sar-

278 2406 390 2433 dicensc
405 2403 552 2431 concilium
564 2411 669 2431 canone
687 2403 704 2430 4
722 2408 749 2430 et
770 2403 796 2435 7,
813 2404 892 2438 plane
907 2404 978 2431 ident
997 2411 1064 2430 con-

280 2440 400 2468 stituerit
415 2442 422 2466 ξ
437 2439 566 2473 quodque
577 2438 702 2466 Cclasius
714 2438 740 2465 in
752 2439 874 2473 epistolis
887 2439 919 2465 ad
934 2439 1065 2466 Faustum

278 2481 306 2503 et
322 2475 354 2502 ad
371 2474 514 2509 episcopos
531 2473 672 2509 Dardaniae
687 2474 800 2507 scribat,
816 2474 966 2501 secundum
982 2481 1066 2509 capo-

279 2518 328 2538 nes
344 2507 412 2540 fieri.
429 2507 501 2544 quod
515 2510 597 2536 totius
612 2508 740 2536 Ecclesia:
755 2509 949 2544 appellationes
965 2509 998 2536 ad
1010 2507 1065 2535 Ro-

281 2553 367 2572 mana:
383 2545 456 2571 sedis
470 2552 584 2571 exatnen
598 2544 766 2576 deferantur,
783 2545 816 2571 ab
832 2544 890 2578 ipsa
908 2549 997 2570 anteiit
1015 2552 1064 2578 ap-

281 2581 384 2616 pellare
405 2579 506 2606 nemini
519 2580 710 2616 permittatur.
732 2579 807 2616 lianc
817 2579 982 2616 appellandi
996 2586 1063 2616 con—

279 2614 451 2644 suetudinem
469 2615 689 2649 antiquissimam
702 2623 763 2642 csse
778 2614 806 2641 S.
815 2614 880 2647 Leo,
888 2614 1001 2649 epistola
1013 2614 1047 2640 89
1059 2636 1062 2642 .

279 2654 407 2683 testatur,
423 2655 449 2676 et
470 2648 725 2684 antiquissimorum
752 2650 785 2677 ad
801 2650 894 2676 sedem
913 2648 1065 2684 Romanam

280 2685 477 2720 appellantium
489 2682 611 2720 exempla
625 2686 797 2712 confirmant.
815 2684 933 2711 Marcion
943 2684 1019 2720 enim
1032 2682 1066 2709 ab

279 2717 409 2755 episcopo
424 2720 450 2746 in
467 2719 554 2746 Ponto
569 2717 824 2747 excommunicatus
834 2739 841 2751 ,
865 2724 925 2755 ut_a
941 2717 1066 2755 Romano

299 2753 408 2782 ontiftce
423 2755 628 2788 absolveretur,
655 2755 771 2781 Romam
791 2754 875 2780 vertit.
898 2753 1066 2788 Epiphanius

280 2763 375 2817 iianest
392 2790 433 2817 l2.
443 2789 611 2817 Fortunatus
622 2795 648 2817 et
661 2790 735 2816 Felix
748 2789 774 2815 in
788 2789 879 2816 Africa
893 2797 908 2815 a
918 2788 1064 2817 C\‘pt‘iatm,

289 2798 375 2817 iterem
392 2790 433 2817 l2.
443 2789 611 2817 Fortunatus
622 2795 648 2817 et
661 2790 735 2816 Felix
748 2789 774 2815 in
788 2789 879 2816 Africa
893 2797 908 2815 a
918 2788 1064 2823 Cypriani),

281 2824 409 2852 Basilides
441 2825 468 2859 in
494 2824 635 2858 Hispania,
661 2824 789 2859 depositi,
813 2825 845 2850 ad
860 2824 1017 2851 Cornelium
1039 2827 1066 2849 ct

280 2858 448 2891 Stcpuanum
459 2858 587 2887 llomame
598 2860 724 2888 Ecclesia
734 2860 875 2894 pontiﬁces
885 2859 1063 2894 appellarunt.

1116 2191 1269 2227 Cyprianus
1282 2191 1352 2227 libro
1364 2189 1462 2227 primo,
1477 2189 1593 2227 epistola
1608 2190 1626 2217 '5
1639 2194 1667 2227 et
1685 2189 1712 2216 4.
1734 2185 1869 2227 Αιιιιιιξξιεῐςζδ

1117 2222 1345 2257 ali-orientalibus
1357 2222 1513 2260 depositus,
1529 2225 1563 2252 ad
1576 2225 1730 2260 pontificem
1745 2222 1868 2260 appellati},

1116 2267 1142 2289 et
1163 2262 1196 2289 ab
1217 2269 1250 2288 eo
1267 2259 1409 2288 restitutus
1422 2264 1472 2287 est.
1486 2259 1654 2287 Sozonienus
1668 2260 1717 2287 lib.
1736 2267 1774 2291 in,
1787 2265 1834 2291 cap.
1849 2261 1867 2294 Il"-

1115 2296 1273 2357 Pluragfidle
1289 2296 1360 2331 apud
1373 2295 1500 2322 Bcllat'm.
1514 2296 1561 2323 lib.
1576 2303 1607 2330 tt,
1624 2294 1661 2322 De
1676 2295 1784 2322 Roman.
1795 2290 1867 2327 pontii.

1116 2341 1176 2357 (“.30.
1230 2352 1237 2357 .
1265 2340 1292 2357 Ι).

1116 2341 1176 2360 can.
1191 2333 1237 2358 21.
1254 2333 1292 2358 In.

1183 2341 1365 2403 lzjibitlintiam
1377 2366 1490 2403 apostoli
1504 2367 1554 2403 hoc,
1570 2370 1729 2403 statuerunt.
1747 2363 1813 2403 lianc
1822 2368 1868 2403 altor

1117 2398 1251 2431 stolorutti
1280 2398 1502 2429 constitutionem
1522 2402 1653 2437 Clemens
1674 2401 1692 2428 Ι.
1720 2408 1744 2437 tt
1763 2398 1868 2437 Condit.

1117 2446 1141 2465 c.
1156 2439 1190 2465 45
1201 2459 1208 2471 ,
1223 2446 1256 2464 ex
1272 2437 1496 2471 interpretatione
1511 2436 1638 2464 Turriatli
1650 2457 1657 2468 ,
1678 2444 1712 2463 ex
1728 2434 1795 2471 Bovii
1809 2434 1868 2471 inter-

1116 2466 1265 2508 pretatione
1279 2466 1411 2508 anteme.
1426 2472 1471 2503 49,
1486 2476 1611 2499 recensu
1625 2466 1667 2508 his
1678 2470 1766 2508 verbis
1778 2478 1783 2495 :
1798 2477 1806 2492 ι
1819 2466 1868 2508 Prat-

1117 2505 1190 2536 clara
1207 2508 1355 2535 Christiani
1373 2507 1432 2534 laus
1447 2512 1507 2540 est,
1529 2515 1590 2534 eum
1607 2506 1683 2533 nullo
1702 2505 1795 2532 habere
1807 2507 1867 2540 nego-

1116 2545 1195 2570 tium.
1216 2543 1294 2576 Quod
1321 2543 1344 2569 si
1368 2550 1402 2569 ex
1426 2542 1518 2577 aliqua
1538 2542 1684 2569 vexatione
1705 2544 1733 2567 et
1751 2541 1868 2576 tentabant;

1117 2579 1197 2606 alicui
1214 2579 1248 2606 lis
1265 2579 1378 2609 oriatur,
1394 2576 1516 2604 ευιειιιι
1531 2585 1564 2604 ea
1588 2577 1767 2611 transigatur,
1787 2576 1867 2611 etiam?!

1117 2605 1308 2641 detrimentum
1326 2605 1380 2648 pati
1397 2612 1511 2646 debeat;
1539 2620 1588 2639 nec
1610 2612 1645 2639 ad
1665 2605 1798 2648 eihnicum

1117 2650 1189 2676 cium
1206 2646 1335 2681 accedat,
1357 2648 1403 2675 sed
1426 2656 1474 2675 nec
1495 2649 1615 2682 patiatur
1630 2646 1867 2683 mundanosﬁllllagf

1117 2676 1349 2712 stratusdcnobis
1365 2683 1411 2718 jus
1424 2676 1515 2710 dicere
1529 2693 1535 2710 :
1552 2690 1615 2710 nam
1632 2689 1681 2718 per
1698 2681 1757 2718 illos
1772 2676 1866 2718 diabolllf

1118 2727 1210 2746 servos
1223 2719 1270 2746 Dei
1285 2715 1376 2752 vexat,
1394 2723 1422 2744 et
1437 2719 1515 2745 nobis
1530 2722 1622 2744 notam
1637 2716 1736 2753 inurit,
1750 2715 1865 2753 qupSlfl'll'

1119 2755 1267 2781 habeamus
1282 2762 1332 2781 nos
1349 2750 1433 2790 unum
1455 2753 1605 2788 sapientem
1619 2772 1626 2784 ,
1651 2751 1698 2787 qui
1721 2750 1799 2790 possit
1816 2750 1865 2790 inuti

1118 2795 1208 2823 partes
1226 2789 1272 2851 jlns
1293 2789 1484 2818 administrare
1509 2793 1536 2817 et
1560 2788 1758 2816 controversias
1782 2788 1865 2815 comi”

1119 2833 1190 2851 llCl'C.
1209 2834 1217 2850 ι
1248 2833 1273 2851 υ.

1119 2833 1190 2852 llCl'C.
1209 2834 1217 2850 ι
1236 2833 1273 2851 ID.
