1916 3104
34 159 74 188 80!
758 157 934 186 EPISTOL/E
940 177 947 184 .

35 229 77 262 bis,
96 228 163 256 sicut
186 233 212 255 et
235 228 265 256 in
281 227 401 255 omnibus
419 228 554 263 epistolis,
574 228 680 263 loquens
693 227 720 254 in
732 228 769 254 eis
785 227 816 254 de
831 218 855 246 Α

35 274 80 306 his,
94 274 120 301 in
135 273 231 309 quibus
248 279 311 301 sunt
326 274 448 310 quwdam
463 274 582 308 difﬁcilia
596 273 742 307 intellectu,
758 281 818 308 qua:

34 320 124 346 indocti
136 325 159 346 et
172 320 314 347 instabiles
329 320 484 355 depravant,
496 321 564 347 sicut
584 325 609 346 et
623 323 732 347 cteteras
746 318 818 346 Scri-

35 372 127 401 pturas,
151 366 186 393 ad
216 375 296 393 suam
321 367 506 402 perditionem.
533 367 583 393 Vos
611 375 683 402 ergo,
707 367 816 402 fratres,

35 412 189 447 pnescienws
213 413 348 440 custodite
366 421 376 440 :
393 422 425 440 ne
451 414 635 448 insipientium
657 422 745 441 errore
762 418 818 440 tra-

36 458 110 491 ducti,
125 458 258 486 ezcidau's
275 467 291 486 a
304 460 413 494 propria
428 459 566 494 ﬁrmitate.
584 459 702 487 Crescite
716 468 775 487 vero
790 460 818 486 in

37 505 114 539 gratia
132 509 156 531 et
176 505 330 540 cognitione
353 505 460 532 Domini
479 506 564 533 nostri
586 505 650 533 Iesu
674 505 774 533 Christi
793 511 818 533 et

39 550 174 578 Saluatoris
187 550 221 578 ⁸⁵.
241 549 294 578 Vos
310 556 408 583 autem,
423 551 584 585 cltarissimi,
597 561 723 579 memores
737 558 818 580 estote

37 596 173 629 verborum,
197 605 260 632 quis
277 597 407 632 prazclicta
429 602 490 625 sunt
512 599 543 625 ab
568 599 694 634 apostolis
709 599 817 626 Domini

39 642 111 669 nostri
127 641 190 670 Iesu
206 642 320 675 Christi,
343 643 388 678 qui
411 643 532 671 dicebant
551 644 634 677 vobis,
652 646 776 681 quoniam
790 646 818 672 in

39 689 168 715 novissimo
182 693 302 723 tempore
318 689 421 717 venient
436 689 571 725 illusores,
591 691 735 718 secundum
748 692 818 719 desi-

39 733 102 761 deria
115 743 162 762 sua
183 734 355 762 ambulantes
375 736 403 762 in
417 736 561 771 impietate.
586 736 623 764 Hi
642 742 703 765 sunt
718 738 764 773 qui
775 746 817 765 se-

40 785 135 815 gregant
148 782 317 814 semetipsos.
331 781 471 815 animales,
481 783 613 817 Spiritum
625 791 676 810 non
684 783 816 812 habentes.

44 823 87 851 Vos
100 830 196 858 autem,
211 826 376 859 charissimi,
392 828 634 862 superardi/icantes
647 830 818 864 vosmetipsos

40 871 202 899 sanctissima
222 877 318 899 vestrm
331 873 404 907 ﬁdei,

40 917 101 951 ipsos
119 925 163 944 vos
183 918 211 944 in
224 918 371 946 dilectione
384 919 433 946 Dei
448 926 560 954 servate,
574 926 755 956 exspectantes
770 923 820 949 mi-

40 963 200 990 sericordiam
224 963 335 991 Domini
358 966 443 992 nostri
466 965 530 993 Jcsu
560 966 662 994 Christi
686 968 713 994 in
738 968 820 995 vitam

40 1012 164 1036 atemam.
183 1009 217 1036 Et
232 1010 281 1037 hos
295 1011 400 1046 quidem
411 1012 514 1047 urguite
523 1012 672 1047 judicatos,
688 1012 748 1040 illas
761 1022 820 1040 vero

42 1055 140 1090 saluata,
151 1055 182 1084 de
197 1057 259 1092 igne
273 1058 416 1092 rapientes.
433 1058 502 1086 Aliis
515 1065 603 1087 autem
618 1061 780 1088 miseremini
793 1062 821 1088 in

43 1101 136 1135 timore,
161 1101 281 1130 odientes
294 1111 353 1129 eam
367 1111 427 1138 qua:
445 1105 564 1131 carnalis
582 1109 633 1138 est,
659 1106 819 1133 maculatam

43 1148 157 1176 tunicam.
173 1148 207 1176 Ei
222 1154 313 1176 autem
329 1150 374 1185 qui
387 1154 478 1184 potens
490 1157 529 1178 est
543 1159 587 1178 vos
599 1160 752 1180 conservare
763 1154 820 1181 sine

43 1198 148 1228 peccato,
164 1199 190 1222 et
213 1196 378 1223 constituere
396 1202 456 1224 ante
481 1203 647 1232 conspectum
662 1199 753 1234 gloria:
766 1209 821 1228 sum

43 1241 215 1269 immaculato;
230 1243 260 1269 in
276 1242 464 1277 exsultatione,
487 1244 538 1270 soli
552 1244 606 1271 Deo
621 1244 755 1273 Saluatori
775 1254 823 1273 uo-

46 1289 93 1312 stro
104 1294 148 1320 per
158 1286 253 1315 Jesum
275 1287 411 1316 Christum
427 1289 570 1318 Dominum
585 1296 715 1325 nostrum,
736 1292 823 1327 gloria

45 1335 65 1357 et
84 1333 289 1368 magniﬁcentia,
310 1335 451 1371 imperium
472 1341 497 1364 et
515 1342 642 1371 potestas,
656 1343 716 1365 ante
734 1340 823 1366 omnia

45 1379 140 1410 secula,
167 1383 192 1406 et
220 1387 292 1407 nunc
320 1384 345 1407 et
374 1381 403 1408 in
413 1382 503 1409 omnia
529 1383 627 1410 stecula
654 1384 821 1412 stcculorum.

45 1423 117 1451 Amen
123 1424 155 1452 ’°.

315 1493 486 1523 EPISTOLA
510 1496 540 1524 ll.

1603 155 1655 183 8‘3

1253 259 1273 286 l.

929 351 968 378 De
990 351 1204 412 ordinationibuq
1226 350 1411 392 episcoporum
1434 355 1459 377 et
1480 349 1596 376 omnium

1178 395 1191 412 ε
1204 393 1345 412 ermorum.

1178 393 1345 413 clericorum.

904 474 926 489 ”
948 473 1143 502 Ordinationes
1164 474 1357 509 episcoporum
1392 473 1468 508 (l2),
1497 473 1659 501 auctoritate

868 520 1030 554 apostolica,
1060 521 1094 548 ab
1118 520 1248 547 omnibus
1263 520 1310 555 qui
1324 520 1351 546 in
1364 519 1457 547 eadem
1474 519 1575 547 luerim
1595 527 1659 554 pro-

869 566 957 593 vincia
973 566 1109 602 episcopis
1121 571 1185 594 sunt.
1200 566 1370 594 celebrandae
1383 566 1416 592 ".
1432 565 1484 599 Qui
1498 565 1579 593 simul
1593 573 1659 593 cou—

867 612 1019 645 venicntes,
1033 612 1197 640 scrutinium
1207 612 1353 647 diligenter
1364 616 1456 647 agant,
1468 612 1660 646 jejuniumqne

868 666 930 686 cum
950 659 1079 687 omnibus
1100 659 1239 687 celebrent
1264 659 1401 694 precibus,
1426 663 1453 686 et
1477 666 1576 685 manus
1597 666 1659 685 cum

868 704 972 732 sanctis
997 703 1164 740 Evangeliis,
1190 711 1252 740 quae
1272 704 1448 739 prmdicaturi
1471 709 1546 737 sunt,
1572 704 1661 739 impo-

868 754 966 778 nentes
977 749 1120 778 Dominica
1135 750 1190 784 die,
1206 751 1274 777 hora
1289 750 1368 778 tertia
1381 754 1504 784 orantes,
1527 757 1661 784 sacraque

868 796 1006 828 unctione,
1030 796 1156 831 exemplo
1177 795 1372 830 prophetarum
1391 799 1417 822 et
1438 802 1544 830 regum,
1572 795 1661 830 capita

868 850 964 871 eorum
980 843 1068 878 (more
1084 842 1270 877 apostolorum
1282 846 1309 868 et
1320 841 1432 878 Moysis)
1442 847 1584 876 ungentes,
1597 842 1661 877 quia

428 874 453 922 fi"
474 873 578 908 spirit“
596 880 687 902 δαη⁶¹⁰
702 880 817 910 ⁰ν⁰η²ε³ν
834 891 857 922 Β
871 889 962 916 omnis
978 888 1159 916 sanctiﬁcatio
1173 891 1280 915 constat
1299 888 1326 914 in
1344 888 1445 922 Spiritu
1457 892 1563 921 sancto,
1582 888 1661 922 cujus

872 935 958 962 virtus
979 934 1126 962 invisibilis
1146 939 1241 962 sancto
1257 934 1399 962 chrismati
1414 938 1456 961 est
1477 934 1619 969 permista,
1635 939 1662 962 et

872 981 925 1009 hoc
937 981 992 1008 ritu
1009 981 1158 1008 solemnem
1171 981 1307 1008 celebrent
1321 980 1532 1008 ordinationem.
1548 981 1571 996 “
1583 980 1660 1014 Quod

871 1027 894 1055 si
907 1027 989 1055 simul
1006 1035 1102 1054 omnes
1117 1028 1265 1054 convenire
1281 1027 1393 1054 minime
1411 1031 1550 1062 poterunt,
1566 1035 1662 1054 assen-

871 1082 933 1102 sum
948 1078 1038 1101 tamen
1051 1073 1108 1101 suis
1122 1074 1249 1108 precibus
1262 1073 1410 1108 praebeant,
1426 1077 1455 1100 ut
1471 1073 1506 1100 ab
1520 1074 1577 1108 ipsa
1588 1073 1661 1100 ordi-

872 1121 982 1148 natione
999 1120 1094 1147 animo
1113 1127 1167 1147 non
1183 1120 1284 1147 desint.
1305 1120 1328 1135 ⁹⁵
1344 1118 1431 1146 Porro
1451 1123 1478 1146 et
1503 1118 1662 1154 Hierosoly-

872 1166 1001 1194 mitarum
1032 1167 1137 1201 primus
1161 1166 1385 1200 archiepiscopus
1408 1165 1504 1193 beatus
1530 1164 1661 1198 Jacobus,

873 1213 918 1248 qui
929 1213 1022 1248 justus
1039 1213 1195 1246 dicebatur,
1213 1218 1240 1240 et
1253 1213 1403 1241 secundant
1416 1220 1538 1246 carnem,
1555 1212 1662 1240 Domini

873 1265 1047 1296 nuncupatus
1069 1265 1110 1288 est
1128 1260 1211 1288 frater
1225 1281 1232 1294 ,
1249 1268 1264 1287 a
1279 1260 1370 1291 Petro,
1394 1260 1496 1288 Jacobo
1513 1265 1539 1287 ct
1558 1259 1663 1288 Joanne

873 1307 1004 1342 apostolis
1034 1311 1076 1335 est
1107 1307 1271 1340 ordinatus,
1302 1306 1510 1334 successoribus
1538 1306 1663 1334 videlicet

873 1352 1002 1380 dantibus
1025 1352 1141 1380 formam
1165 1360 1277 1385 eorum,
1303 1357 1332 1380 ut
1356 1360 1412 1379 non
1430 1352 1522 1380 minus
1541 1359 1624 1387 quam
1647 1360 1662 1379 a

875 1399 964 1426 tribus
988 1399 1124 1434 episcopis
1140 1419 1147 1432 ,
1174 1399 1342 1433 reliquisque
1366 1398 1494 1425 omnibus
1518 1405 1662 1425 assensum

874 1445 1069 1479 praebentibus,
1083 1445 1219 1472 ullatenus
1231 1445 1376 1479 episcopus
1388 1444 1539 1476 ordinetur,
1548 1448 1575 1470 et
1589 1451 1662 1471 com-

874 1490 950 1517 muni
982 1495 1045 1517 voto
1071 1490 1208 1516 ordinatio
1235 1489 1398 1517 celebretur.
1420 1489 1443 1505 ’°
1467 1489 1573 1523 Reliqui
1599 1496 1659 1515 veri.

876 1535 1032 1562 sacerdotes
1044 1543 1058 1562 a
1071 1536 1183 1570 proprio
1201 1533 1363 1561 ordinentur
1377 1534 1517 1569 episcopo,
1534 1534 1569 1560 ita
1583 1538 1612 1560 ut
1625 1533 1664 1560 ci-

48 1573 88 1615 De
94 1570 259 1615 ordinatione
276 1574 533 1615 archiepiscoporum
548 1581 576 1615 et
590 1576 823 1615 reliquorumqepi-
836 1577 858 1607 (Ζ
876 1588 922 1608 ves
941 1587 968 1608 et
992 1581 1036 1608 alii
1059 1582 1216 1609 sacerdotes
1229 1588 1374 1608 assensum
1389 1581 1538 1615 praebeant,
1553 1585 1580 1608 ct.
1593 1580 1661 1615 jeju-

77 1612 207 1668 ctztltzqrum
225 1614 308 1644 atque
328 1611 495 1638 sacerdotum
519 1615 543 1638 et
559 1611 591 1639 de
606 1612 656 1646 ﬁde
671 1613 824 1648 ueterisque

144 1651 168 1668 ι.

144 1651 168 1670 ι.

79 1730 231 1760 Ancus-rus
243 1732 401 1768 episcopus,
410 1735 546 1763 universis
558 1736 694 1772 episcopis
708 1738 736 1765 in
748 1737 826 1766 Italia

51 1778 203 1806 constitutis.

80 1822 204 1856 Quoniam
217 1827 239 1842 "
253 1827 413 1862 apostolicae
428 1829 501 1856 sedis
512 1829 630 1857 debitam
647 1832 826 1859 reverentiam

51 1875 105 1904 Erga
120 1879 159 1900 me
175 1873 298 1901 Charitas
317 1878 409 1902 vestra
433 1875 582 1909 distribuit,
607 1881 634 1903 et
657 1877 720 1911 quia
741 1877 825 1912 pluri-

52 1922 115 1943 mum
125 1919 309 1947 venerationis
321 1940 329 1953 ,
342 1920 496 1948 charissimi
509 1921 568 1955 lilii,
585 1923 739 1956 praebuistis
752 1925 824 1958 (nam

51 1961 106 1990 licet
126 1963 267 1997 Ecclesiae.
294 1968 322 1994 in
343 1975 397 2002 qua
412 1973 525 1996 sanctus
545 1970 690 2003 apostolus
703 1971 826 1999 residens

53 2008 140 2044 docuit,
161 2014 368 2047 quodammodo
391 2021 440 2042 nos
464 2015 649 2050 gubernacula
672 2020 823 2051 teneamus,

52 2059 130 2083 tamen
148 2058 310 2093 proﬁtemur
325 2067 376 2088 nos
388 2060 492 2088 honore
503 2065 530 2088 et
542 2062 688 2089 sanctitate
707 2062 827 2090 minores

53 2107 113 2134 esse,
135 2108 160 2131 et
181 2110 326 2140 propterea
346 2106 458 2134 omnino
480 2106 653 2141 festinamus,
668 2113 698 2135 ut
716 2109 749 2136 ad
767 2109 826 2143 glo-

54 2145 110 2174 riam
124 2149 180 2184 eius
196 2151 377 2179 beatitudinis
396 2153 538 2187 pervenire
559 2154 726 2190 possimus);
745 2155 827 2190 igitur

54 2194 286 2224 consultationibus
312 2198 413 2226 vestris
441 2199 549 2233 plenius
578 2201 825 2234 respondissemus,

875 1632 972 1655 nantes
987 1628 1188 1655 ordinationem
1200 1627 1338 1655 celebrent
1354 1636 1362 1655 ;
1375 1627 1501 1654 similiter
1516 1632 1542 1654 et
1555 1626 1664 1654 diaconi

875 1677 1059 1708 ordinentur;
1084 1680 1244 1702 czeterorum
1265 1678 1356 1701 autem
1381 1674 1513 1708 graduum
1531 1674 1664 1701 distribu-

876 1722 956 1755 tioni,
974 1721 1055 1749 trium
1071 1720 1209 1748 veracium
1233 1718 1437 1752 testimonium,
1457 1726 1519 1746 cum
1541 1717 1664 1754 episcopi

876 1769 980 1796 scilicet
989 1768 1198 1803 approbatione,
1215 1766 1342 1794 sufﬁcere
1356 1770 1454 1801 potest.

1035 1958 1073 1986 De
1085 1959 1297 1986 accusationibus
1311 1959 1500 1993 episcoporum.

913 2062 935 2079 "
949 2061 1095 2088 Aceusatio
1105 2067 1213 2095 quoque
1229 2067 1336 2093 eorum,
1356 2067 1438 2094 super
1452 2067 1506 2095 qua
1526 2067 1576 2087 nos
1596 2067 1664 2087 con-

878 2109 969 2137 sulere
980 2109 1117 2140 voluistis,
1131 2116 1184 2136 non
1198 2108 1251 2135 nisi
1267 2109 1302 2136 ab
1322 2108 1440 2141 idoneis,
1452 2112 1480 2135 et
1490 2109 1513 2124 "
1525 2109 1663 2143 probatis-

879 2155 956 2184 simis
972 2155 1048 2188 viris,
1064 2160 1091 2182 et
1106 2155 1153 2190 qui
1174 2155 1379 2189 suspicionibus
1401 2159 1429 2181 et
1450 2154 1598 2181 sceleribus
1619 2162 1664 2181 ca-

878 2207 967 2234 reant,
982 2201 1040 2228 ﬁeri
1055 2198 1152 2233 debet;
1169 2199 1233 2234 quia
1248 2199 1380 2227 Dominus
1399 2199 1470 2226 sacri
1486 2199 1528 2226 sui
1542 2199 1664 2234 corporis

55 2238 73 2265 si
86 2239 211 2276 licuisset;
235 2243 285 2271 sed
300 2244 467 2273 inﬁrmitatis
478 2253 511 2273 ac
528 2246 695 2281 reliquarum
710 2255 824 2282 oppres-
840 2251 862 2279 Ι)
878 2251 1054 2279 tractatores,
1072 2254 1087 2273 a
1110 2245 1209 2273 vilibus
1232 2249 1261 2272 et
1282 2245 1406 2279 reprobis
1431 2253 1464 2272 ac
1479 2252 1532 2272 non
1559 2244 1664 2272 idoneis

55 2286 148 2316 sionum
170 2297 252 2318 onere
285 2291 397 2326 pressi,
427 2292 547 2320 breviter
574 2296 667 2328 (prout
690 2293 824 2321 Dominus

56 2332 143 2368 tribuit,
158 2340 184 2363 et
202 2342 231 2364 ut
251 2344 267 2363 a
293 2337 374 2364 beato
395 2337 475 2366 Petro
495 2339 616 2373 principe
638 2340 824 2374 apostolorum

57 2384 139 2408 Sumus
151 2383 274 2410 instructi
287 2404 295 2416 ,
314 2390 329 2410 a
344 2391 400 2418 quo
414 2388 442 2411 et
458 2385 599 2420 presbyter
626 2393 688 2413 sum
712 2386 825 2414 ordina-

57 2425 102 2459 WS)
122 2428 235 2457 scribere
261 2429 341 2457 vobis
366 2430 450 2464 (sicut
472 2431 599 2467 petiistis)
622 2440 676 2459 non
703 2431 823 2468 denega-

58 2476 140 2500 timus.

103 2602 122 2638 ξ’
138 2603 156 2630 ll
177 2604 246 2633 Petr.
273 2613 314 2638 In,
332 2606 424 2634 14-18.

60 2642 86 2662 ει
101 2636 249 2668 Theodoreti
267 2636 340 2668 Hist.
357 2649 383 2673 v,
402 2642 445 2669 to.

61 2677 194 2713 furtorum:
207 2681 233 2703 et
250 2677 278 2704 in
295 2677 372 2713 Decr.
387 2676 463 2704 Imm.
482 2676 528 2713 lib.
545 2685 585 2703 ιιι.

62 2704 191 2746 θῦν-Βρηξον
204 2717 254 2740 etc.
295 2713 318 2728 ’⁸
327 2712 395 2739 Dist.
410 2713 442 2739 67
453 2733 460 2743 ,
478 2712 580 2746 Reliqui
594 2713 752 2739 sacerdotes.

624 2678 647 2694 ³⁸
660 2677 727 2728 “list.
744 2678 777 2704 64
791 2698 797 2710 ,
813 2677 938 2728 gt'dinat.
957 2678 1148 2728 episcqpoq'um.

627 2720 676 2728 lin“!
687 2718 740 2728 nln!
852 2721 881 2728 Ill
915 2717 999 2728 IIII-lacl
1097 2720 1148 2728 fni"

852 2721 893 2743 Ill,

877 2293 1004 2329 personis
1016 2291 1144 2319 infamari
1159 2291 1257 2324 noluit,
1274 2298 1324 2318 nec
1344 2290 1508 2318 calumniari
1529 2290 1663 2325 permisit,

878 2339 925 2368 sed
948 2339 1007 2374 ipse
1037 2338 1149 2374 proprio
1174 2337 1280 2373 ﬂagello
1307 2342 1452 2372 peccantes
1475 2337 1631 2365 sacerdotes
1649 2344 1664 2363 a

877 2386 980 2420 templo
991 2384 1080 2420 eiecit.
1094 2384 1173 2412 Unde
1188 2383 1285 2418 liquet,
1299 2383 1372 2418 quod
1385 2383 1485 2410 summi
1500 2383 1664 2415 sacerdotes,

878 2433 905 2460 id
928 2437 970 2460 est
995 2431 1116 2468 episcopi
1127 2431 1161 2464 θ’,
1177 2438 1192 2458 a
1217 2430 1273 2457 Deo
1297 2429 1535 2465 suntjudicandi,
1551 2436 1605 2461 non
1631 2428 1666 2455 ab

878 2479 1008 2507 humanis
1025 2482 1072 2506 aut
1091 2485 1181 2513 pravae
1199 2477 1262 2504 vitae
1282 2476 1440 2503 hominibus
1454 2474 1602 2508 laceraudi,
1617 2474 1664 2502 sed

470 2607 492 2623 ‘°
521 2607 601 2639 Jud.,
624 2607 715 2634 17—25.
755 2608 775 2623 θ’
788 2607 895 2634 Damasi
913 2615 956 2642 ep.
975 2607 1008 2634 ad
1031 2605 1184 2642 Orientales
1198 2605 1281 2642 J‘rip.
1303 2604 1535 2642 [listorrtc_c._15__,
1554 2603 1602 2630 lib.
1624 2611 1664 2642 ut,

497 2642 518 2657 ⁹²
529 2642 594 2669 Dist.
614 2642 657 2674 Si,
676 2642 799 2669 Ordinat.
813 2644 1004 2677 episcoporum.

1044 2641 1180 2668 “Concil.
1198 2639 1256 2666 Nic.
1272 2648 1308 2672 tv,
1319 2641 1382 2667 dist.
1401 2639 1445 2672 75,
1466 2639 1590 2666 Ordinat.
1607 2640 1664 2673 epi4

1189 2676 1250 2702 “In
1277 2675 1354 2702 Decr.
1380 2674 1454 2701 Iron.
1473 2675 1518 2702 lib.
1537 2682 1583 2705 In.
1598 2674 1664 2701 dist.

915 2709 1011 2748 quiest.
1028 2709 1055 2744 7,
1072 2711 1214 2739 Accusatio
1227 2719 1337 2746 quoque.
1348 2709 1381 2737 Et
1395 2711 1420 2737 in
1435 2709 1512 2738 Decr.
1533 2709 1605 2737 lvon.
1615 2709 1663 2736 lib.

64 2748 93 2770 IV.
123 2745 195 2780 "Ep.
210 2747 382 2775 Constantini
397 2747 432 2774 Μ.
446 2747 480 2775 ad
490 2745 643 2774 Ablavium.
679 2747 849 2775 "Isidsent.
873 2745 931 2780 ut,"
946 2747 990 2774 59.

95 2867 140 2902 (12)
159 2869 341 2899 Ordinationes
365 2872 543 2906 episcoporum
579 2870 616 2898 De
635 2870 831 2905 episcoporum
851 2869 1034 2898 ordinatione.
1051 2868 1111 2896 vide
1142 2875 1203 2903 qua:
1239 2866 1357 2894 diximus
1380 2872 1460 2900 supra
1492 2871 1519 2891 tn
1535 2864 1606 2892 uotis
1631 2864 1663 2891 ad

65 2907 146 2931 ration.
161 2912 241 2942 apost.
261 2908 286 2935 Ι.
303 2906 362 2934 Ξεν.
381 2907 484 2934 Βικιυδ.
