1916 3104
251 148 304 177 ωδ

916 142 961 171 AN
967 141 1090 170 ACLETI
1112 140 1211 168 PAPE

1828 139 1887 168 θυι

252 207 344 242 potius
357 206 392 233 ab
405 205 534 234 omnibus
548 205 582 221 ὀδ
599 205 726 234 ﬁdelibus
747 202 886 240 portandi,
903 203 963 237 ipso
984 201 1039 228 Do-
1055 205 1078 233 Α
1091 199 1164 227 tibus
1181 197 1355 230 consentire;
1383 197 1448 232 quia
1474 203 1530 224 non
1553 196 1652 242 solum
1674 195 1723 242 qui
1740 194 1879 242 iaciunt,

252 253 328 280 mino
343 251 497 286 exemplum
509 251 602 284 dante,
613 250 723 285 quando
740 257 788 284 per
803 249 934 284 scipsnm,
946 252 972 275 et
984 254 1038 273 non

252 305 301 333 per
315 297 411 330 alium,
428 296 588 329 vendentes,
604 301 631 323 et
649 299 771 322 ementes
786 295 865 330 ejecit
879 294 913 320 de
927 292 1038 327 templo,

251 348 278 369 ct
289 348 398 369 mensas
409 341 658 369 nummulariorum
670 345 697 368 et
707 339 850 368 cathedras
863 338 1038 366 vendentium

252 388 364 422 proprio
379 388 476 414 evertit
490 387 606 422 ﬂagello,
618 391 646 414 et
659 386 740 421 ejecit
750 386 783 413 de
799 384 909 420 templo.
921 383 955 411 Et
968 384 1040 412 sicut

251 433 316 460 alibi
331 434 369 460 ait
383 442 389 460 :
406 433 477 460 Deus
488 434 561 460 stetit
575 433 602 460 in
619 440 753 468 synagoga
772 432 891 464 deorum,
906 431 933 457 in
953 430 1038 457 medio

250 485 337 506 autern
348 480 426 507 deos'
440 480 577 507 decernit‘
591 489 597 512 ;
614 483 641 506 et
651 480 714 506 alibi
730 488 737 505 :
754 478 808 514 Ego
822 479 894 505 dixi:
906 478 952 504 Dii
963 478 1037 511 estis,

251 532 276 553 et
299 526 351 561 ﬁlii
361 526 467 553 Excelsi
484 535 572 554 omnes
582 527 601 554 '.
633 525 730 553 Nullus
744 526 815 552 enim
825 526 866 560 (ut
877 526 949 560 reor)
960 524 1038 552 inve-

251 574 327 600 nitur
352 573 423 600 inter
442 581 508 605 nos,
525 573 571 608 qui
595 573 660 600 velit
681 580 762 600 suum
786 579 895 600 servum
915 571 950 599 ab
972 571 1035 603 alio,

250 627 333 654 quam
348 627 363 645 a
383 627 422 651 se,
442 619 560 653 judicari
576 628 582 646 :
598 619 670 654 quod
693 619 715 646 si
732 623 926 654 praesumptum
942 618 1037 653 fuerit,

250 669 300 692 aut
322 665 406 692 multa
426 666 484 700 ipse
508 665 696 700 indignatione
718 664 862 697 irascitur,
885 669 933 691 aut
947 665 1037 698 potius

250 713 383 740 ultionem
398 713 497 748 quaerit
512 721 595 748 super
607 721 681 740 enin.
700 712 729 739 Si
749 721 814 740 vero
826 713 879 739 hoc
899 712 970 740 inter
985 713 1036 740 ho-

250 758 339 785 mines
352 758 458 793 agitur,
474 757 539 792 quid
564 758 666 792 putatis
687 756 767 784 faciet
782 757 852 784 Deus
866 757 991 789 deorum,
1010 760 1038 783 et

250 803 383 831 Dominus
398 804 610 836 dominantium,
625 803 671 838 qui
689 803 821 830 ultionem
839 810 953 830 suorum
971 809 1037 837 pro-

250 850 326 878 misit
339 858 392 877 non
409 850 518 876 ditierre
532 849 694 876 scrvorutn?
709 847 786 875 Unde
800 853 827 875 et
840 848 898 883 ipse
912 855 959 883 per
966 847 1035 874 Pro-

1090 245 1276 277 danmantttr,
1293 244 1340 271 sed
1366 243 1412 278 qui
1436 241 1611 270 consentiunt
1631 240 1816 269 facientibus.
1842 240 1880 269 De

1090 288 1190 315 talibus
1207 292 1235 314 et
1260 287 1304 314 his
1328 287 1463 314 similibus
1488 287 1547 322 ipsa
1568 285 1676 313 Veritas
1698 286 1738 313 ait
1756 295 1763 313 :
1786 284 1878 320 Vulpes

1090 334 1177 369 ['oveas
1192 333 1286 360 habent
1296 354 1304 366 ,
1318 339 1342 360 et
1361 333 1476 360 volucres
1499 332 1557 359 cwli
1571 333 1647 359 nidos
1659 339 1669 358 :
1685 331 1777 358 Filius
1791 337 1880 358 autem

1089 380 1204 407 hominis
1217 388 1268 407 non
1283 380 1359 406 habet
1372 380 1416 406 ubi
1431 383 1510 414 caput
1529 387 1607 406 suum
1624 371 1732 406 rec'linet
1745 378 1780 410 ",
1796 377 1824 404 id
1838 382 1879 405 est

1089 427 1118 454 in
1133 427 1234 454 talibus
1246 435 1300 454 non
1315 427 1420 454 habitat
1433 426 1575 459 Dominus,
1585 433 1635 453 nec
1647 425 1699 460 ipsi
1719 428 1837 452 manent
1852 425 1878 450 in

1089 481 1132 501 eo.
1143 472 1177 500 Et
1192 472 1322 501 Salomon
1336 473 1468 508 loquitur,
1481 472 1577 500 dicens
1591 481 1597 498 :
1613 471 1666 504 Qui
1679 471 1749 506 [odit
1764 471 1877 505 (ouem.

1088 519 1186 546 incidet
1202 520 1230 546 in
1243 527 1321 547 eam:
1336 524 1361 546 et
1378 519 1423 554 qui
1440 518 1520 546 volvit
1537 518 1669 553 lapidem,
1685 521 1833 544 revertetur
1845 517 1878 542 ad

1088 574 1157 592 eum.
1169 565 1275 600 Lingua
1290 565 1377 600 fallax
1389 573 1440 592 non
1457 568 1531 591 amat
1543 564 1691 596 veritatem,
1702 567 1729 590 et
1747 571 1777 589 os
1792 562 1879 588 lubri-

1089 621 1148 640 cum
1163 617 1289 648 operatur
1299 612 1391 639 ruinas
1405 611 1438 639 ¹⁷,
1457 611 1541 638 Grave
1554 616 1593 638 est
1607 618 1714 643 saxum,
1726 615 1751 637 et
1767 618 1878 636 onerosa

1087 667 1189 687 arena:
1205 659 1249 686 sed
1271 660 1313 686 ira
1331 658 1417 691 stulti,
1437 662 1546 693 utroque
1566 657 1672 692 gravior
1685 657 1718 684 “.
1735 656 1877 683 Hominem

1087 706 1132 740 qui
1149 704 1329 731 calumniatur
1343 704 1439 731 animat
1458 704 1622 738 sanguinem,
1632 703 1656 730 si
1673 710 1754 738 usque
1778 702 1814 728 ad
1837 702 1878 728 la-

1088 759 1147 778 cum
1161 751 1270 786 Ingerit,
1292 759 1367 777 nemo
1381 751 1502 777 sustinet.
1520 749 1573 782 Qui
1583 758 1610 777 se
1622 749 1710 784 jactat
1725 753 1750 776 et
1767 748 1876 778 dilatat.

1083 796 1177 831 jurgia
1191 797 1317 823 concitat.
1339 795 1392 828 Qui
1407 801 1496 830 sperat
1519 796 1547 822 itt
1572 795 1696 827 Domino,
1716 794 1876 822 salvabitttr.

1089 841 1142 874 Qui
1160 842 1269 876 confidit
1294 841 1320 868 in
1338 841 1416 868 corde
1436 849 1500 873 suo,
1525 841 1622 868 stultus
1633 845 1672 868 est
1687 848 1696 866 .'
1718 840 1765 875 qui
1790 845 1878 866 autent

249 896 358 930 phetam
373 896 503 930 loquitur,
520 897 633 923 dicens:
661 894 728 922 Deus
752 895 882 921 ultionum
894 894 1035 926 Dominus,

1089 889 1211 924 graditur
1232 889 1377 923 sapienter,
1401 888 1456 922 ipse
1475 887 1632 914 laudabitur
1645 887 1677 914 ".
1701 887 1755 919 Qui
1773 887 1878 921 fortiter

251 940 322 968 Deus
338 941 468 968 ultionum
485 941 563 967 libere
586 941 638 976 egit
650 941 679 967 δε
696 945 723 967 et
737 941 853 974 reliqua.
869 939 901 967 Et
917 940 1036 973 Aposto~

251 985 295 1014 lus
311 986 418 1020 inquit:
434 986 473 1013 Tu
484 986 543 1020 quis
557 994 594 1019 es,
607 986 652 1020 qui
661 985 768 1020 judicas
784 993 887 1012 servum
901 985 1038 1012 alienum?

249 1031 305 1058 Suo
328 1032 396 1058 enint
413 1032 520 1058 domino
541 1036 594 1058 stat
611 1036 657 1057 aut
673 1031 744 1057 cadit
756 1031 777 1057 '.
802 1030 835 1057 Et
850 1031 927 1065 ipse:
944 1026 1037 1058 Nolite

245 1077 369 1113 judicare
382 1078 503 1111 invicem,
516 1077 560 1104 sed
575 1078 623 1104 Itoc
642 1078 764 1112 judicate
778 1078 872 1112 magis,
885 1085 916 1104 ne
931 1077 1037 1112 ponatis

248 1123 439 1158 o/fendiculum
451 1124 531 1158 fratri
550 1123 588 1150 vel
603 1124 788 1151 scandalum“.
801 1123 834 1150 Et
846 1122 977 1151 Dominus
990 1131 1038 1158 per

247 1169 408 1204 prophetam
423 1170 531 1204 inquit:
551 1170 603 1202 Qui
625 1178 669 1196 vos
685 1170 785 1204 tangit,
800 1170 885 1204 tangit
907 1169 1036 1205 pupillam

248 1215 320 1242 oculi
338 1215 421 1241 mei'.
433 1213 502 1241 Natn
520 1214 543 1242 si
558 1214 659 1250 aliquis
672 1223 746 1242 nunc
767 1215 794 1241 in
815 1215 918 1241 tnalum
943 1215 1037 1242 oculos

250 1261 387 1296 alicujus'
401 1261 534 1296 principis
546 1261 642 1295 incipit
659 1266 788 1293 tractare,
806 1261 951 1289 manifeste
974 1269 1037 1288 reus

250 1307 403 1341 ntajestatis
416 1307 568 1342 iudicatur,
585 1314 613 1334 et
626 1307 738 1335 infamis
753 1307 878 1339 efficitur,
891 1313 937 1334 aut
948 1308 1039 1343 potius

249 1352 359 1387 capitali
386 1352 527 1379 sententiae
556 1352 690 1386 subjacet.
714 1351 791 1385 Haac,
819 1352 934 1385 fratres,
961 1353 1038 1379 valde

250 1399 370 1425 cavenda
387 1402 464 1431 sttnt,
481 1402 508 1425 et
531 1398 606 1432 quod
623 1398 748 1425 homines
771 1398 868 1424 nolunt
893 1398 944 1425 sibi
960 1398 1016 1425 fieri
1029 1418 1036 1432 ,

251 1444 308 1471 Deo
319 1444 433 1471 deorum
450 1452 505 1471 non
523 1444 624 1471 debent
638 1444 747 1476 inferre,
770 1452 804 1471 ne
821 1444 890 1472 forte
905 1444 1038 1472 irascatur

250 1489 394 1524 Dominus,
416 1495 442 1517 et
459 1490 542 1517 faciat
560 1490 708 1517 vindictam
723 1498 830 1523 eorum,
845 1491 926 1518 etiam
950 1491 976 1518 in
990 1498 1038 1518 eos

250 1537 298 1572 qui
308 1545 361 1565 non
371 1541 563 1571 peccaverunt;
577 1538 640 1572 quia
653 1537 723 1572 perit
732 1538 978 1572 smpissimejustus
988 1545 1038 1572 pro

250 1583 344 1618 itnpio.
370 1583 522 1610 Imitandus
549 1588 591 1610 est
616 1583 697 1610 etiam
719 1583 871 1618 Propheta,
888 1592 935 1619 per
957 1591 1038 1619 quem

253 1629 385 1656 Dominus
399 1630 457 1656 ait:
475 1628 697 1656 Perambulabam
716 1630 743 1655 in
758 1630 929 1664 simplicitate
953 1629 1039 1656 cordis

250 1676 312 1709 mei,
325 1677 352 1702 in
366 1675 450 1702 medio
462 1675 555 1702 domus
569 1683 633 1703 mea:
644 1683 653 1702 :
672 1675 733 1702 Non
750 1684 845 1710 ponam
855 1676 964 1702 coram’
977 1683 1040 1702 ocu-

250 1722 285 1749 lis
298 1722 361 1748 meis
373 1723 477 1748 verbum
490 1721 578 1748 Belial
590 1722 622 1748 ¹⁰.
635 1721 794 1756 Loquentem
807 1722 826 1738 “
843 1723 870 1748 in
886 1722 1040 1749 abscondito

249 1774 342 1796 contra
356 1770 506 1803 proximum
522 1769 543 1784 "
561 1777 648 1802 suum,
661 1769 729 1796 hunc
741 1769 901 1804 interﬁciam
914 1769 980 1796 ¹²·¹⁸.
1007 1769 1041 1797 Et

251 1816 279 1843 hi
299 1816 412 1844 cavendi
428 1821 502 1850 sunt,
520 1816 552 1843 de
571 1816 671 1851 quibus
687 1815 816 1843 Salomon
831 1818 869 1843 ait
883 1825 890 1843 :
906 1816 981 1844 Sicut
994 1825 1040 1843 no-

249 1863 310 1890 :rius
325 1868 363 1890 est
380 1863 426 1898 qui
443 1864 526 1890 mittit
548 1863 665 1894 lanceas.
688 1868 711 1890 et
730 1864 843 1898 sagittas
869 1863 896 1890 in
917 1868 1039 1897 mortem,

250 1910 288 1937 sic
304 1910 344 1936 vir
370 1910 416 1945 qui
439 1909 624 1944 fraudulenter
647 1915 720 1937 nocet
743 1910 828 1936 antica
847 1917 912 1943 suo,
934 1915 959 1937 et
981 1918 1040 1936 cum

252 1956 333 1990 fuerit
351 1956 525 1990 deprehensus
541 1956 627 1982 dicit:
643 1955 749 1983 Ludens
769 1956 829 1990 feci.
847 1955 922 1983 Sicut
945 1956 1039 1983 carbo-

251 2009 296 2028 nes
307 2001 340 2027 ud
353 2009 463 2036 prunas,
473 2006 498 2027 et
510 2001 584 2035 ligna
599 2001 633 2027 ad
647 2001 743 2036 ignem,
754 2001 794 2028 sic
808 2001 884 2028 homo
895 2002 1040 2028 iracundus

251 2047 362 2073 suscitat
380 2048 463 2074 rixas.
483 2047 567 2074 Verba
585 2048 740 2074 susurronis
762 2049 840 2082 quasi
858 2048 1000 2082 simplicia,
1015 2051 1040 2074 et

251 2093 310 2127 ipsa
323 2094 477 2128 perveniunt
489 2093 523 2119 ad
535 2094 630 2120 intima
641 2094 736 2120 ventris
748 2094 779 2120 “’.
795 2093 828 2121 Et
838 2094 861 2122 si
873 2093 1040 2121 detractores

251 2146 480 2174 quorntncunque
506 2140 623 2174 graviter
648 2139 827 2174 judicantur,
847 2146 874 2168 et
898 2141 925 2167 in
947 2141 1036 2175 perdi-

253 2185 336 2212 tionis
365 2185 492 2220 laqueum
519 2186 639 2220 mttunt,
672 2187 758 2214 multo
786 2187 873 2222 magis
908 2187 1041 2214 lacerato-

1087 936 1182 970 premit
1198 936 1279 962 ubera
1295 935 1329 962 ad
1347 935 1505 962 eliciendum
1523 934 1575 967 lac,
1589 934 1714 969 exprimit
1730 934 1856 968 butyrum
1869 940 1877 958 :

1087 982 1133 1018 qui
1152 981 1313 1008 vehementer
1331 982 1448 1017 emungit
1461 1002 1469 1014 ,
1491 981 1562 1008 elicit
1583 981 1758 1016 sanguinem:
1783 986 1808 1006 et
1833 979 1878 1014 qui

1087 1033 1212 1064 provocat
1234 1028 1308 1061 iras,
1335 1028 1457 1062 producit
1478 1027 1625 1054 discordias
1637 1027 1672 1053 ³ο.
1688 1025 1753 1053 Haec
1776 1031 1806 1053 et
1826 1025 1878 1052 alia

1089 1074 1244 1111 periculosa
1269 1074 1475 1102 considerantes
1501 1073 1616 1109 apostoli
1641 1076 1819 1104 statuerunt,
1846 1079 1878 1098 ne

1088 1123 1168 1150 facile
1189 1125 1446 1154 commoverentur,
1475 1126 1523 1148 aut
1544 1120 1751 1152 lacerarentur,
1769 1119 1811 1146 vel
1835 1126 1879 1145 ac-

1088 1175 1251 1198 cusarentur
1278 1170 1413 1197 columnae
1437 1172 1538 1195 sancite
1568 1166 1615 1194 Dei
1640 1165 1772 1193 Ecclesia
1788 1184 1797 1198 ,
1818 1172 1878 1200 qua:

1088 1217 1206 1252 apostoli
1229 1222 1257 1243 et
1274 1221 1450 1243 successores
1478 1220 1573 1240 eorum
1594 1220 1650 1240 non
1672 1211 1814 1239 immerito
1836 1211 1877 1237 di-

1089 1268 1201 1291 cuntur.
1219 1263 1239 1278 "
1255 1261 1307 1289 Sed
1325 1261 1348 1288 si
1367 1260 1429 1295 quis
1453 1260 1585 1287 adversus
1609 1266 1656 1286 eos
1683 1258 1724 1285 vel
1746 1257 1878 1284 ecclesias

1088 1317 1183 1337 eorum
1213 1311 1368 1336 commotus
1395 1307 1496 1336 fuerit.
1525 1310 1574 1333 aut
1600 1311 1698 1333 causas
1727 1303 1876 1334 habuerit;

1088 1357 1166 1391 prius
1181 1356 1214 1383 ad
1227 1363 1275 1383 eos
1291 1359 1415 1383 recurrat
1428 1352 1571 1382 charitatis
1584 1351 1686 1384 studio,
1703 1355 1734 1377 ut
1746 1349 1876 1376 familiari

1089 1402 1226 1437 colloquio
1237 1401 1398 1429 commoniti
1410 1408 1442 1428 ea
1461 1403 1568 1432 sanent,
1587 1405 1648 1433 quat
1663 1396 1789 1424 sananda
1803 1402 1876 1427 sunt,

1089 1450 1115 1472 ct
1137 1445 1299 1473 charitativc
1320 1445 1486 1476 emendant,
1515 1451 1577 1479 qua:
1603 1443 1677 1478 juste
1705 1441 1876 1469 emendanda

1089 1493 1262 1528 agnoverint.
1289 1493 1317 1518 Si
1338 1496 1429 1519 autem
1453 1491 1538 1526 aliqui
1553 1497 1612 1523 eos,
1638 1489 1804 1524 priusquam
1828 1488 1877 1515 hoc

1091 1540 1206 1575 eget-int,
1223 1539 1355 1572 lacerare,
1367 1544 1514 1569 accusare,
1530 1541 1578 1564 aut
1600 1536 1731 1564 infestare
1745 1543 1878 1570 przesum-

1092 1586 1208 1622 pserint,
1222 1585 1504 1617 cxcommunicentur,
1518 1588 1546 1611 et
1559 1583 1673 1610 minime
1687 1582 1876 1614 absolvantur,

1090 1636 1236 1667 antequam
1260 1639 1308 1666 per
1332 1630 1545 1658 satisfactionem
1561 1630 1606 1665 (ut
1618 1629 1674 1664 jam
1699 1628 1807 1656 dictum
1823 1632 1878 1655 est)

1091 1679 1256 1713 condignam
1280 1677 1386 1713 egerint
1403 1677 1608 1712 pmnitentiam,
1624 1675 1758 1711 quoniam
1779 1674 1879 1710 injuria

1089 1732 1185 1752 eorum
1213 1725 1248 1752 ad
1273 1724 1413 1751 Christum
1439 1723 1557 1758 pertinet
1578 1723 1618 1754 ι’,
1636 1721 1716 1756 cujus
1741 1721 1879 1757 legatione

1091 1770 1253 1806 funguntur.
1271 1769 1326 1797 Nec
1348 1769 1399 1796 hoc
1425 1769 1540 1802 mirum,
1558 1767 1621 1802 quia
1645 1768 1668 1794 si
1691 1767 1813 1802 quisque
1831 1775 1879 1794 no-

1092 1821 1181 1845 strum
1199 1816 1309 1844 cuidam
1333 1822 1475 1843 servorum
1485 1814 1509 1829 "
1532 1813 1695 1848 legationem
1713 1813 1879 1848 iniungeret,

1090 1867 1117 1891 et
1130 1871 1145 1891 a
1166 1869 1308 1897 quoquam
1334 1861 1528 1896 impediretur,
1550 1865 1597 1887 aut
1613 1859 1648 1887 ab
1665 1859 1760 1894 aliquo
1784 1859 1878 1887 subdi-

1091 1913 1182 1936 torum
1206 1914 1320 1936 suorum
1334 1906 1541 1941 despiceretur;
1556 1912 1620 1932 mox
1640 1905 1802 1939 indignatus
1825 1904 1879 1930 ira-

1091 1958 1225 1987 sceretur,
1241 1958 1290 1981 aut
1304 1953 1369 1980 talia
1385 1953 1478 1988 (prout
1500 1951 1604 1987 posset)
1624 1951 1792 1982 vindicaret,
1807 1956 1835 1978 et
1848 1950 1878 1977 ad

1092 2000 1222 2036 iniuriam
1240 2007 1274 2027 ac
1289 1998 1483 2026 contumeliam
1509 2005 1588 2025 suam
1607 1997 1661 2024 hoc
1676 1995 1782 2024 factum
1802 2004 1879 2031 repu-

1091 2052 1162 2075 taret
1183 2052 1210 2074 et
1221 2047 1350 2074 talionem
1364 2046 1399 2080 (si
1414 2045 1441 2072 in
1456 2041 1586 2080 prtesenli'
1596 2051 1650 2071 non
1663 2043 1769 2079 posset)
1782 2043 1879 2070 futuris

1091 2094 1262 2129 temporibus
1276 2093 1410 2120 redderet.
1426 2091 1493 2118 Nam
1509 2091 1533 2120 si
1548 2091 1575 2118 iti
1589 2089 1711 2118 hominis
1724 2096 1811 2116 causa
1826 2088 1879 2115 hac

1091 2141 1178 2173 fiunt,
1198 2140 1263 2175 quid
1283 2139 1388 2174 putatis
1405 2138 1478 2166 Deus
1497 2137 1584 2164 faciet.
1597 2137 1631 2164 de
1653 2136 1712 2164 suis
1725 2157 1734 2169 ,
1756 2135 1807 2171 qui
1833 2143 1878 2162 nec

1093 2187 1221 2222 capillum
1236 2186 1333 2221 capitis
1350 2193 1446 2213 eorum
1464 2184 1554 2219 perire
1573 2183 1673 2210 dixerit
1683 2182 1728 2208 ¹δῖ
1754 2182 1834 2210 Unde
1855 2187 1878 2208 et

253 2239 314 2262 res,
339 2237 366 2258 et
395 2232 562 2259 delractores
590 2238 672 2268 atque
704 2237 878 2261 accusatores
904 2241 1040 2260 memora-
1058 2230 1078 2256 ῐ)
1093 2233 1226 2261 Dominus
1242 2240 1290 2268 per
1306 2231 1414 2259 Nahum
1434 2231 1593 2266 prophetam
1611 2229 1745 2264 loquitur,
1763 2229 1876 2256 dicens:

253 2281 343 2303 torum
368 2275 415 2303 Dei
439 2276 603 2304 famulorum
627 2283 711 2313 atqtte
736 2283 942 2313 persecutorum
962 2279 1040 2306 dam-

252 2327 369 2355 nantur,
389 2326 416 2349 et
431 2323 459 2349 in
482 2322 660 2356 barathrum,
689 2325 741 2352 nisi
768 2332 797 2352 se
810 2325 996 2357 correxerint,
1013 2330 1040 2352 et

252 2377 302 2404 per
327 2376 424 2396 eorum
445 2369 663 2398 satisfactioacm
679 2371 840 2407 condignam
856 2373 960 2407 egerint
982 2379 1040 2406 pae-

253 2415 407 2449 nitentiam,
420 2415 605 2443 indubitanter
620 2417 735 2449 vadunt,
747 2421 774 2444 et
792 2417 946 2446 vindicibus
960 2417 1039 2445 ﬂam-

253 2462 306 2489 mis
321 2467 486 2490 exuruntur.
509 2462 680 2498 Quapropter
703 2468 810 2498 oportet
828 2472 924 2492 omnes
944 2465 980 2492 ab
997 2465 1040 2493 his

252 2516 360 2542 cavere,
375 2513 402 2536 ct
425 2517 480 2536 non
498 2510 587 2537 solutn
612 2518 666 2538 non
690 2510 790 2542 facere.
807 2511 854 2539 sed
869 2519 919 2538 nec
934 2511 1039 2538 facien-

303 2672 338 2688 ¹⁰⁰
369 2672 527 2700 hominibus.
580 2675 736 2702 ‘discernit.

255 2707 356 2739 'iliid.,
373 2707 416 2734 15.
456 2708 559 2736 ’Zach.
576 2718 606 2740 Il,
621 2710 637 2736 8
688 2711 697 2726 ³
709 2710 769 2737 Not.
784 2718 847 2738 vox.

789 2677 800 2691 ’
819 2675 892 2703 Psal.
920 2684 1020 2708 Lxxxt,
1046 2676 1072 2702 i.

382 2711 416 2748 β.
456 2711 559 2748 Tlach.
576 2718 606 2740 Il,
621 2711 637 2736 8
663 2745 670 2748 _
688 2711 697 2726 ³
709 2711 847 2748 Notam}.
879 2746 885 2748 >
898 2711 1091 2748 “proponebam
1115 2716 1175 2737 ante
1195 2711 1296 2748 oculos.

257 2750 306 2780 nas
332 2745 484 2780 variantes,
501 2745 630 2780 lectiones
655 2745 790 2780 decerpsit
814 2745 981 2774 llartluinus.
1011 2746 1061 2773 Ms.
1083 2754 1171 2772 eorum
1203 2747 1286 2773 oculis
1314 2747 1418 2780 verbum
1445 2747 1498 2772 oris
1527 2745 1624 2772 Belial.

1076 2279 1162 2306 .Dcus
1178 2277 1320 2306 aemulator
1333 2299 1340 2310 ,
1356 2282 1381 2304 et
1407 2277 1535 2304 ulciscens
1557 2275 1685 2303 Dominus
1697 2295 1706 2308 ,
1730 2280 1757 2301 et
1785 2275 1876 2301 Ιιίιὺειω

1092 2325 1219 2360 furorem,
1236 2323 1365 2351 ulciscens
1381 2323 1509 2350 Dominus
1525 2323 1552 2349 in
1574 2322 1660 2349 hostes
1685 2329 1762 2353 suos,
1778 2326 1805 2348 et
1826 2321 1877 2347 ira-

1091 2378 1165 2397 scens
1180 2370 1234 2404 ipse
1252 2369 1368 2396 inimicis
1389 2369 1463 2401 suis;
1479 2373 1541 2395 ante
1566 2368 1663 2402 faciem
1683 2366 1877 2402 indignationu

1090 2417 1148 2452 ejus
1164 2417 1222 2452 quis
1236 2417 1340 2443 stabit?
1352 2420 1376 2443 et
1395 2416 1452 2451 quis
1467 2415 1569 2442 resistet
1588 2415 1616 2440 in
1632 2414 1675 2440 ira
1688 2413 1795 2447 furoris
1809 2413 1878 2447 ejus?

1093 2462 1247 2498 Indignatio
1262 2462 1317 2496 ejus
1330 2461 1414 2496 e/)usa
1429 2466 1467 2488 est
1481 2461 1549 2487 sicut
1563 2460 1643 2495 ignis,
1653 2464 1678 2486 et
1692 2464 1781 2494 petrae
1796 2459 1875 2486 dissa-

1093 2510 1157 2537 lutae
1170 2515 1232 2537 sunt
1253 2510 1285 2536 ab
1304 2517 1345 2536 eo.
1362 2508 1451 2536 Bonus
1464 2513 1502 2536 est
1519 2508 1658 2539 Dominus,
1679 2511 1706 2533 et
1729 2507 1876 2542 confortans

1319 2675 1328 2690 ‘
1349 2675 1421 2702 Psal.
1448 2683 1513 2702 xcnt
1529 2696 1536 2708 ,
1563 2675 1588 2701 1.
1642 2674 1746 2702 ³Βοιη.
1771 2683 1834 2706 xtv,
1854 2675 1874 2700 ι.

1337 2711 1405 2737 "'Ex
1425 2712 1508 2738 citato
1526 2718 1579 2737 IIIS.
1595 2709 1711 2744 Collegii
1734 2710 1798 2737 Soc.
1820 2710 1874 2736 Jcsu

1337 2747 1418 2772 erbunt
1445 2747 1498 2772 oris
1527 2745 1624 2772 Belial.
1665 2746 1873 2772 “detrahentem

1112 2676 1122 2691 ³
1140 2676 1206 2703 ibid.
1215 2695 1222 2707 ,
1252 2676 1278 2702 6.

257 2777 278 2818 ξ’
297 2777 428 2818 ιοάᾳιεηιΖ
449 2779 524 2818 _‘_““
534 2779 608 2818 Psa_l_.
618 2787 647 2818 ξ,
663 2780 692 2812 2,
708 2777 746 2807 ω(
764 2781 876 2818 ἰηιίεγμι·ἒ
890 2781 932 2818 VS.
949 2781 1117 2818 Hieronymi.
1155 2781 1206 2809 Ms.
1229 2777 1413 2818 Detrahentcni
1434 2782 1468 2818 in,
1478 2781 1653 2818 abscondito
1661 2780 1784 2808 sodalem
1807 2788 1872 2818 sunt

255 2812 323 2847 hunc
342 2813 541 2847 interﬁciebam.
582 2815 603 2830 ”
617 2814 697 2842 Prnv.
718 2824 781 2843 xxvi
794 2836 801 2847 .
816 2812 909 2843 “3&2.

291 2846 370 2884 l’rov.
383 2855 480 2884 “uti,
493 2849 536 2884 i7,
550 2850 596 2882 25,
611 2850 654 2878 26.

258 2850 280 2896 :2
493 2850 536 2884 i7,
550 2850 596 2882 25,
611 2850 654 2878 26.
696 2850 883 2886 ²⁰Ρτογ.’ΧχΧ,
896 2853 940 2880 55.

291 2880 357 2908 Luc.
373 2889 429 2914 ut.
445 2882 488 2909 18.

950 2817 971 2832 ¹⁶
987 2816 1058 2844 Luc.
1075 2825 1102 2843 ix
1116 2837 1123 2851 ,
1139 2817 1183 2844 58.

980 2853 1000 2868 ¹¹
1011 2853 1105 2880 Aurel.
1126 2861 1153 2883 v,
1167 2852 1208 2880 l7.
1247 2853 1269 2869 ¹²
1281 2852 1309 2880 5.
1326 2851 1419 2888 Grcg.,
1436 2860 1479 2887 ep.
1496 2851 1531 2879 52
1543 2871 1550 2885 ,
1567 2851 1614 2879 lib.
1628 2859 1689 2879 tuti.

1223 2818 1243 2832 ¹⁷
1253 2817 1334 2844 Prov.
1357 2824 1436 2847 xxvi.
1456 2816 1562 2843 27-28.
1603 2816 1624 2830 "‘
1637 2815 1720 2843 Prov.
1744 2824 1830 2846 xxvii.
1850 2815 1870 2838 5-

1731 2852 1754 2868 ⁸³
1765 2858 1869 2879 tuorum.
