1916 3104
45 152 92 182 805

756 153 947 182 EPISTOLE.

1607 156 1660 185 806

45 215 70 241 in
81 213 120 240 die
133 213 331 248 tribulationis,
356 218 380 240 et
396 216 479 242 sciens
496 220 630 251 sperantes
652 216 679 242 in
700 223 727 242 se
737 215 760 231 "
771 236 779 248 ,
794 219 821 242 et
835 219 856 247 Α
871 215 967 242 lineam
989 220 1014 242 et
1033 216 1168 249 tunicam,
1185 221 1210 243 et
1235 217 1458 251 superhumerale,
1478 222 1503 244 et
1516 220 1658 252 rationale,

46 260 147 295 reliqua.
164 259 295 293 Quaedam
312 265 402 288 autem
415 269 449 288 ex
465 261 516 294 his,
529 261 586 296 jam
609 261 671 288 aliis
687 260 817 288 fratribus

46 305 190 340 scripsimus
207 326 215 339 ,
235 313 298 340 quae
323 306 402 333 toties
422 311 486 334 sunt
505 306 661 341 replicanda
675 326 682 338 ,
710 307 817 341 quoties
836 307 841 310 '

47 352 134 379 fuerint
148 352 312 379 necessaria.
321 352 380 367 ²⁶·¹’¹
389 351 553 386 chclionem
562 361 670 387 quoque
679 353 720 387 (ut
735 360 816 387 supra

46 403 210 425 memoratum
229 399 291 433 est)
306 406 478 426 summorum
502 399 674 426 sacerdotum
691 398 741 426 sibi
765 398 818 426 Do-

47 445 125 470 minus
138 445 297 477 reservavit,
312 444 374 471 licct
390 446 550 471 electionem
566 452 660 472 eorum
679 445 757 471 bonis
770 452 816 471 sa-

46 489 186 516 cerdotibus
215 493 243 516 et
271 490 459 524 spiritualibus
490 491 599 525 populis
624 490 815 517 concessisset.

45 534 196 561 Electionem
222 535 298 561 enim
327 535 436 562 illorum
466 536 557 563 taliter
585 536 730 570 Apostolus
759 536 816 562 ﬁeri

43 581 107 616 jubet
120 591 125 607 :
139 580 167 608 Si
181 582 240 616 quis
255 581 311 608 sine
327 582 435 608 crimine
452 587 500 615 cst,
514 583 592 609 unius
604 583 695 608 uxoris
711 583 795 608 virum
807 603 815 615 ,

45 626 103 660 ﬁlios
114 627 248 653 habentem
265 627 356 661 ﬁdeles
368 649 375 660 ,
391 636 440 654 non
458 629 485 654 in
502 629 669 655 accusatione
683 627 814 661 lusum-ire,

44 678 82 699 aut
96 681 142 699 non
153 672 274 699 subditos
289 673 322 705 “,
337 678 364 700 et
377 674 493 709 reliqum.
509 674 531 689 ³ο
547 674 574 700 Si
594 674 667 700 enim
686 674 745 701 sine
759 674 815 700 cri-

44 718 105 743 mine
125 718 252 744 sacerdos
268 718 331 753 eligi
347 719 522 753 praecipitnr,
540 719 697 746 nullatenus
717 719 751 746 ab
764 719 814 746 ho-

43 763 148 790 minibus
174 763 338 791 criminibus
359 765 471 792 irretitis
488 766 612 792 accusari
641 769 689 792 aut
710 765 815 792 calum-

43 809 102 835 niari
124 810 308 843 permittitur,
332 818 382 838 nec
395 811 428 838 ab
444 811 525 843 aliis,
551 819 632 846 quam
652 812 686 838 ab
700 811 744 839 his
767 811 814 846 qui

43 855 91 882 sine
106 855 217 882 crimine
233 860 310 887 sunt,
325 860 351 883 et
362 856 440 890 juxta
453 857 615 883 electionem
631 856 664 889 ³¹,
682 856 705 883 si
721 863 815 883 neces-

869 263 939 296 quod
957 263 1120 297 eoustriuges
1141 262 1246 289 balteo:
1263 268 1286 289 et
1304 271 1383 297 pones
1405 264 1503 290 tiaram
1522 265 1548 291 in
1573 267 1658 300 capite

868 308 935 342 ejus,
950 313 973 334 et
996 307 1125 334 laminam
1151 312 1270 334 sanctam
1297 316 1376 340 super
1402 309 1545 342 tiaram,et
1571 310 1656 338 oleum

869 354 1001 380 unctionis
1028 353 1121 388 fundes
1137 362 1216 388 super
1242 360 1321 384 caput
1342 354 1417 388 ejus,
1439 359 1516 389 atque
1530 356 1577 382 hoc
1605 357 1656 382 ritu

868 399 1074 426 consecrabitur.
1103 399 1189 426 Filios
1213 408 1314 435 quoque
1342 400 1415 427 illius
1444 401 1605 435 upplicabis,
1631 407 1657 429 et

866 443 960 470 induas
976 445 1072 470 tunicis
1091 445 1167 471 lineis
1178 465 1185 477 ,
1206 445 1343 480 cingesque
1365 445 1452 472 balteo
1468 446 1559 472 Aaron
1579 452 1603 474 et
1619 447 1656 473 li-

867 491 940 517 beros
956 491 1024 525 ejus,
1044 495 1070 517 et
1093 491 1208 525 importes
1231 492 1325 518 mitras
1350 492 1407 525 eis,
1427 497 1552 527 eruntque
1566 501 1656 519 sacer-

866 536 938 563 dotes
954 537 1020 563 mihi
1042 536 1167 571 religione
1185 541 1310 571 perpetua
1323 537 1356 564 ".
1375 537 1435 570 Quo
1451 537 1511 564 loco
1532 542 1656 565 contem-

867 583 935 617 plari
953 586 1072 617 oportet,
1087 583 1180 609 Aaron
1197 590 1334 610 summum
1358 584 1527 611 sacerdotem
1540 605 1546 617 ,
1568 584 1593 612 id
1613 589 1657 612 est

865 628 1025 662 episcopum
1046 627 1146 660 fuisse,
1164 635 1246 662 porro
1263 629 1333 656 ﬁlios
1357 629 1417 664 ejus
1433 629 1655 665 presbyterorum

866 673 1070 701 demonstrasse
1093 674 1219 709 ﬁguram.
1238 674 1293 702 Hoc
1307 675 1380 702 enim
1402 674 1454 702 fuit
1472 675 1542 702 inter
1564 676 1655 703 Aaron

865 727 1005 746 sumnmm
1023 720 1203 752 sacerdotem,
1217 725 1243 746 et
1265 720 1336 747 ﬁlios
1351 721 1410 755 ejus
1434 721 1480 756 qui
1499 722 1654 750 sacerdotes

865 769 953 798 erant,
970 766 1042 800 quod
1057 767 1147 792 Aaron
1168 774 1250 801 super
1265 767 1386 794 tunicam
1403 767 1556 802 accipiebat
1570 769 1654 802 pode—

864 819 933 844 rem,
949 812 1047 839 stolam
1060 817 1193 845 sanctam,
1206 817 1233 839 et
1245 820 1374 839 coronam
1391 821 1515 846 auream,
1531 814 1653 846 mitram,

864 862 891 884 et
914 865 1010 885 zonam
1037 866 1165 890 auream,
1194 862 1221 884 et
1238 859 1480 892 superliumerale,
1497 864 1523 887 et
1549 860 1653 895 reliqua

43 901 100 928 sitas
114 900 202 934 fuerit,
216 909 266 928 aut
280 901 331 936 ipsi
345 903 461 930 volendo
481 903 597 929 Domino
612 903 714 930 servire
726 902 814 937 elegc-
830 891 851 920 Β
865 911 926 938 quae
940 903 1050 938 praeﬁxa
1066 909 1130 930 sunt
1147 912 1154 930 :
1179 904 1227 930 lilii
1252 910 1342 930 autem
1365 904 1470 938 Aaron,
1485 913 1568 940 super
1579 906 1655 933 tuni-

42 947 97 979 rint,
117 948 137 963 ³¹
149 949 362 983 sacerdotesque
377 949 436 976 sine
449 948 563 976 crimine
578 948 635 975 ﬁeri
652 953 678 975 et
692 948 813 975 ordinari

42 993 142 1027 possint,
158 998 185 1020 et
209 994 279 1021 tales
303 1001 351 1029 per
365 994 458 1022 omnia
481 994 604 1028 fuerint,
633 994 726 1029 quales
751 994 813 1029 eligi

42 1038 182 1066 sacerdotes
200 1039 373 1074 iubentur.“
397 1039 482 1067 Porro
496 1044 523 1067 et
539 1040 627 1076 Moysi
644 1039 811 1075 prmcipitur,

41 1089 66 1110 ut
76 1085 151 1120 eligat
164 1086 373 1121 presbyteros.“
400 1085 477 1113 Unde
490 1090 516 1113 et
533 1087 560 1113 in
575 1086 731 1113 Proverbiis
744 1085 813 1112 dici-

42 1136 96 1158 tur:
123 1131 212 1160 Gloria
234 1140 328 1160 senum
346 1132 456 1159 canities
468 1133 502 1160 ³¹¹.
525 1132 588 1160 Haec
611 1140 675 1160 vero
699 1132 812 1160 canities

41 1176 186 1211 sapientiam
198 1178 336 1213 designat,
352 1178 386 1205 de
400 1186 453 1212 qua
467 1178 599 1212 scriptum
618 1182 679 1205 est:
695 1177 811 1204 Canities

41 1222 161 1249 hominum
182 1224 326 1258 prudentia
348 1229 387 1251 est
407 1224 439 1250 ".
463 1223 587 1258 Cumque
611 1227 763 1258 nongentos
785 1228 813 1250 ct

41 1269 143 1303 amplius
155 1277 242 1297 annos
258 1269 293 1297 ab
306 1269 392 1296 Adam
410 1277 495 1304 usque
510 1269 542 1296 ad
560 1268 698 1296 Abraham
710 1268 813 1296 vixisse

41 1314 152 1343 homines
173 1316 334 1350 legerimus,
356 1315 448 1342 nullus
468 1315 538 1342 alius
559 1315 635 1349 prius
660 1315 811 1349 appellatus

40 1365 75 1388 est
86 1362 236 1397 presbyter,
261 1362 288 1388 id
316 1365 358 1389 est
382 1361 491 1394 senior,
516 1361 568 1388 nisi
598 1360 812 1394 Abraham,qui

41 1407 115 1433 multo
128 1407 305 1442 paucioribus
322 1408 425 1435 vixisse
451 1406 530 1434 annis
551 1407 731 1434 convincitur.
752 1405 812 1433 Non

40 1459 95 1487 ergo
108 1459 214 1489 propter
239 1455 406 1489 decrepitam
426 1459 592 1482 senectutem
606 1474 613 1486 ,
631 1454 678 1481 sed
702 1459 812 1488 propter

41 1498 186 1533 sapientiam
204 1500 358 1535 presbyteri
375 1500 586 1527 nominantur-3'
614 1499 722 1526 initium
738 1499 811 1526 enim

41 1544 170 1571 sacerdotii
192 1545 286 1572 Aaron
310 1545 377 1578 fuit,
392 1546 454 1572 licet
475 1545 654 1572 Mclcbisedec
666 1545 741 1579 prior
762 1545 811 1572 ob-
824 1565 846 1594 ο

41 1589 120 1617 tulerit
133 1591 318 1626 sacriﬁeiumi,
332 1596 359 1618 et
382 1596 442 1626 post
456 1592 528 1618 hunc
551 1591 704 1624 Abraham,
723 1590 810 1623 Isaac,

40 1638 62 1661 et
73 1634 165 1663 Jacob:
190 1637 237 1664 sed
255 1638 283 1664 hi
306 1643 456 1672 spontanea
472 1637 610 1664 voluntate
623 1657 630 1668 ,
647 1645 701 1663 non
719 1644 812 1664 sacer-

39 1678 110 1707 dotali
123 1683 297 1715 auctoritate,
319 1683 371 1709 ista
389 1682 521 1710 fecerunt.
539 1683 562 1698 ³⁸
571 1682 705 1709 Cmterum
718 1681 810 1708 Aaron

40 1726 130 1759 primus
156 1728 183 1754 in
202 1728 262 1763 lege
291 1729 459 1756 sacerdotale
488 1736 588 1755 nomen
612 1728 725 1763 accepit,
753 1728 810 1762 pri—

41 1778 139 1804 musque
154 1774 306 1807 pontiﬁcali
330 1775 400 1801 stola
416 1775 527 1801 indutus
550 1775 675 1802 victimas
699 1773 807 1805 obtulit,

38 1816 135 1850 jubente
151 1818 268 1847 Domino
295 1828 328 1848 ac
349 1820 477 1856 loquente
495 1821 529 1848 ad
554 1820 665 1856 Moysen
680 1829 686 1846 :
702 1819 806 1854 Accipe,

40 1863 123 1897 inquit,
139 1865 225 1893 Aaron
239 1871 265 1893 et
287 1866 356 1900 filios
370 1861 438 1901 ejus,
459 1871 483 1893 et
500 1867 645 1901 applicabis
661 1867 695 1893 ad
712 1867 809 1893 ostium

41 1910 186 1939 tabernaculi
204 1913 360 1940 testimonii.
374 1913 490 1948 Cumque
509 1913 606 1939 laveris
625 1917 726 1947 patrem
750 1920 810 1939 cum

39 1954 93 1988 ﬁliis
106 1965 188 1993 aqua,
211 1958 306 1986 indues
327 1959 416 1987 Aaron
438 1960 596 1986 vestimentis
624 1960 697 1992 suis,
720 1959 748 1986 id
770 1964 808 1986 est

68 2111 195 2141 “Nahum
224 2123 250 2146 ι,
267 2115 349 2148 2,6,
365 2116 389 2142 'l.

40 2149 145 2185 {attritas
164 2149 228 2177 sine.
269 2151 291 2166 ³²
308 2151 384 2185 justo
401 2150 533 2177 electione.

40 2180 61 2208 7.
95 2183 196 2211 “Prov.
211 2193 259 2218 xx,
282 2180 327 2214 29.
366 2185 450 2213 “Job
472 2193 521 2215 xtl,
536 2190 562 2212 et
580 2184 695 2219 Sap.1v.
735 2183 839 2219 "Idem

42 2224 105 2254 ἧψε,
119 2219 173 2246 4-9.
210 2219 233 2236 ⁸ο
254 2221 285 2248 21
302 2222 363 2249 dist.
376 2242 383 2254 ,
400 2221 431 2247 In
445 2229 509 2246 novo
524 2225 630 2253 test.,cl
654 2220 680 2246 in
703 2219 777 2246 Decr.
797 2218 872 2245 lvon.
901 2219 946 2245 lib.
969 2226 1008 2244 ιιι.

40 2250 58 2266 "
68 2251 125 2280 Luc.
145 2261 177 2286 ι,
190 2254 233 2281 l6.

68 2373 117 2409 (l5)
126 2373 157 2402 In
169 2374 257 2402 locum
267 2383 357 2402 eorum
368 2379 548 2402 successerunt
558 2375 682 2409 episcopi.
693 2374 751 2401 Hoc
762 2378 804 2401 est

41 2409 101 2445 quod
115 2410 179 2444 psal.
196 2418 275 2443 xuv,
300 2411 431 2445 propheta
454 2410 536 2445 David
550 2410 726 2444 pra‘dixerat:
748 2409 803 2436 Pro

41 2444 143 2479 putribus
157 2446 208 2472 tuis
217 2446 276 2472 nati
286 2444 347 2472 sunt
361 2445 407 2472 tibi
417 2445 477 2479 ﬁlii.
491 2444 558 2471 Nam
570 2446 721 2479 Augustino
733 2452 802 2479 pra:-

41 2477 152 2515 dictiloci
171 2481 329 2515 interprete,
348 2477 439 2514 patres
455 2480 570 2514 apostoli
597 2477 672 2513 sunt,
687 2477 741 2507 filii'
756 2487 805 2514 pro

41 2513 147 2550 pulsibus
170 2513 447 2550 natifapostolorum
471 2513 644 2543 successores
671 2513 803 2549 episcopi.

41 2546 175 2577 Concilium
189 2546 375 2578 Florentinum
389 2551 414 2577 in
427 2550 607 2577 instructione
620 2546 803 2577 Armenorum

41 2586 62 2609 et
77 2585 165 2620 concil.
186 2585 336 2613 Tridentin.
358 2593 427 2613 sess.
442 2586 488 2617 25,
513 2593 572 2620 cap.
590 2585 616 2617 4,
637 2585 707 2612 idem
734 2593 813 2618 asse:

42 2623 105 2645 runt.
117 2619 245 2647 Dicuntur
260 2626 351 2648 autem
368 2621 487 2655 episcopi
499 2619 631 2654 apostolis
647 2621 802 2653 succedere,

42 2659 86 2690 non
103 2656 206 2689 proprie
219 2663 252 2683 eo
267 2656 348 2683 modo
364 2663 418 2690 quo
436 2656 580 2690 episcopus
593 2655 735 2690 episcopo,
755 2654 811 2682 rex'

40 2688 87 2722 regi
101 2688 225 2724 succedit,
240 2692 287 2718 sed
302 2688 403 2725 duplici
422 2688 474 2718 alia
492 2688 712 2717 rationeJPrim’o
723 2710 730 2721 ,
756 2691 811 2717 ra-'

40 2726 101 2761 utine
114 2725 180 2761 sacri
192 2725 355 2761 episcopalis
368 2726 488 2758 ordinis;
502 2725 802 2761 secundo,7perrquam-

41 2756 91 2795 liam
106 2756 303 2795 similitudinem
315 2765 342 2788 et
358 2756 559 2795 proportionem
572 2769 579 2793 ;
597 2756 659 2794 quia
672 2756 810 2795 uin-tirum,

41 2794 100 2819 sicut
111 2794 216 2822 Christo
228 2795 255 2822 in
271 2794 485 2828 terris’vivcnti,
509 2796 587 2829 primi
615 2795 666 2822 sub
692 2794 803 2822 Christo

41 2832 107 2865 erant
121 2831 230 2863 apostoli
256 2831 410 2863 duodecim,
437 2831 534 2858 deinde
558 2830 730 2864 septuaginta
749 2830 803 2857 duo

41 2860 167 2901 discipuli:
180 2866 214 2892 ita
226 2873 297 2894 nunc
308 2866 388 2900 primi
403 2860 454 2893 sub
467 2860 729 2901 Romano'pontiﬁce
739 2869 804 2892 sunt

41 2899 156 2934 eltiscopi,
175 2906 234 2935 post
258 2899 315 2929 eos
334 2902 483 2937 presbyteri
502 2922 508 2934 ,
534 2901 597 2928 inde
611 2900 730 2936 diaconi,
750 2905 802 2928 etc.

821 2466 843 2493 Ι)

430 2115 486 2130 ¹⁵·²⁸
498 2114 594 2142 Distin.
607 2114 641 2140 79
653 2134 660 2146 ,
674 2112 838 2148 Ejectionem
863 2121 932 2139 vero.

574 2149 594 2165 "
604 2149 686 2177 Hadr.
710 2149 784 2180 coll.,
802 2156 826 2175 c.
854 2148 896 2175 l9.

864 957 910 977 cas
926 949 1012 976 lineas
1026 950 1110 976 cincti
1123 949 1312 976 tantummodo
1331 955 1358 977 et
1374 950 1473 984 tiarati,
1489 951 1656 978 assistebant

863 994 997 1022 sacriﬁcio
1022 995 1139 1022 Domini.
1160 995 1183 1010 ⁸ο
1198 994 1226 1021 lu
1254 1003 1325 1022 novo
1351 1000 1442 1022 autem
1468 1000 1651 1029 testamento,

862 1044 924 1074 post
937 1039 1077 1067 Christum
1094 1039 1253 1073 Dominum,
1266 1047 1281 1066 a
1297 1039 1379 1067 Petro
1395 1041 1575 1068 sacerdotalis
1592 1050 1650 1069 cm-

861 1085 902 1120 pit
917 1085 995 1118 ordo,
1023 1085 1088 1120 quia
1114 1085 1165 1119 ipsi
1192 1086 1283 1120 primo
1296 1086 1470 1120 pontiﬁcatus
1486 1086 1512 1112 in
1529 1086 1651 1114 Ecclesia

862 1130 962 1158 Christi
980 1131 1058 1158 datus
1074 1136 1125 1162 est,
1146 1131 1253 1158 dicente
1272 1131 1387 1159 Domino
1404 1132 1436 1159 ad
1450 1140 1512 1159 eum
1527 1141 1534 1159 :
1555 1131 1593 1158 Tu
1612 1140 1650 1164 es,

862 1176 959 1211 inquit,
973 1176 1069 1203 Petrus
1080 1181 1104 1203 et
1120 1185 1197 1211 super
1212 1177 1279 1204 hanc
1290 1182 1391 1212 petram
1406 1178 1544 1212 aediﬁcabo
1560 1178 1650 1204 Eccle-

862 1223 928 1249 siam
944 1231 1038 1255 meam,
1051 1228 1075 1249 ot
1094 1229 1178 1258 portae
1200 1223 1280 1257 inferi
1294 1232 1343 1250 non
1359 1224 1537 1258 praevalebunt
1555 1225 1650 1251 aduer-

862 1276 906 1295 sus
920 1276 995 1301 eam,
1016 1273 1039 1295 et
1056 1268 1105 1295 tibi
1126 1269 1194 1295 dabo
1211 1269 1295 1296 claves
1316 1270 1388 1304 regni
1412 1270 1535 1296 caelorum
1548 1269 1580 1297 ¹’¹.
1601 1269 1651 1297 llic

862 1321 927 1349 ergo
941 1315 1043 1349 ligandi
1059 1318 1140 1349 atque
1166 1315 1289 1343 solvendi
1307 1320 1468 1350 potestatem
1485 1316 1590 1351 primus
1602 1324 1650 1343 ac-

862 1360 934 1394 cepit
951 1368 967 1387 a
983 1359 1110 1393 Domino,
1124 1361 1283 1396 primusque
1304 1361 1338 1389 ad
1353 1361 1433 1389 ﬁdem
1452 1362 1581 1396 populum
1594 1363 1650 1390 vir-

861 1409 918 1432 tute
938 1413 994 1433 sua!
1016 1406 1218 1440 prmdicationis
1240 1407 1364 1434 adduxit.
1381 1407 1479 1436 Caneri
1497 1416 1560 1435 vero
1583 1416 1650 1443 apo-

862 1450 922 1477 stoli
935 1458 997 1477 cum
1009 1451 1104 1478 eodem
1120 1452 1177 1486 pari
1192 1452 1332 1479 consortio
1343 1452 1474 1480 honorent
1488 1458 1515 1480 et
1532 1458 1649 1487 potesta-

863 1502 917 1524 tem
932 1503 1114 1532 acceperunt,
1134 1499 1279 1534 ipsumque
1304 1500 1454 1534 principem
1470 1508 1566 1527 eorum
1589 1507 1649 1527 esse

862 1545 1016 1571 voluerunt.
1026 1543 1077 1577 Qui
1091 1545 1185 1577 etiam,
1197 1545 1308 1578 jubente
1323 1545 1449 1579 Domino,
1467 1545 1493 1572 in
1510 1550 1568 1572 toto
1582 1546 1648 1572 orbe

863 1590 979 1625 dispersi
999 1590 1175 1625 Evangelium
1193 1591 1428 1625 prredicaverunt:
1452 1592 1517 1626 ipsis
1540 1599 1648 1627 quoque

862 1637 1073 1668 decedentibus,
1089 1637 1116 1662 in
1144 1636 1233 1663 locum
1256 1644 1350 1664 eorum
1374 1641 1568 1664 successerunt
1592 1638 1643 1672 epi-

862 1683 935 1718 scopi
953 1682 1021 1718 (l3),
1037 1690 1154 1717 quorum
1170 1683 1306 1710 ordinatio
1322 1687 1448 1718 praelecto
1460 1682 1483 1698 δ’
1500 1683 1557 1710 ﬁeri
1570 1683 1650 1710 debet

861 1729 958 1756 ordine
971 1733 998 1756 et
1010 1729 1092 1756 modo
1107 1737 1113 1755 :
1133 1736 1203 1763 quos
1215 1728 1262 1763 qui
1277 1729 1374 1763 recipit
1395 1733 1422 1756 et
1437 1729 1520 1756 verba
1540 1736 1646 1761 eorum,

862 1774 946 1802 Deum
961 1775 1059 1809 recipit
1074 1783 1080 1801 :
1098 1774 1146 1809 qui
1161 1779 1253 1801 autem
1271 1782 1319 1802 eos
1340 1775 1459 1809 spernit,
1475 1782 1539 1801 eum
1564 1782 1579 1801 a
1593 1783 1646 1809 quo

861 1821 938 1848 missi
954 1826 1029 1854 sunt,
1046 1825 1074 1848 et
1098 1821 1177 1855 cujus
1202 1820 1354 1855 funguntur
1368 1821 1512 1856 legatione,
1533 1822 1646 1856 spernit,

861 1871 888 1894 et
901 1868 957 1902 ipse
974 1867 1164 1894 indubitanter
1177 1872 1322 1902 spernetur
1334 1875 1348 1894 a
1368 1866 1485 1894 Domino
1499 1868 1533 1894 ⁴³.
1547 1867 1648 1894 Viden-

862 1918 902 1940 tes
923 1917 1015 1940 autem
1033 1912 1085 1947 ipsi
1102 1913 1219 1947 apostoli
1242 1920 1359 1940 messem
1385 1920 1446 1940 esse
1471 1913 1586 1940 multam
1598 1933 1605 1943 ,
1621 1918 1647 1940 et

863 1959 1005 1995 operarios
1022 1966 1137 1994 paucos,
1156 1963 1324 1994 rogaverunt
1337 1959 1479 1986 dominum
1494 1959 1601 1992 messis,
1618 1964 1646 1986 ut

987 2112 1008 2128 ”
1029 2110 1083 2138 Tit.
1112 2119 1143 2144 ι,
1178 2111 1204 2138 6.
1262 2111 1283 2127 ³⁰
1300 2119 1347 2144 vr,

935 2147 957 2162 ³³
974 2146 1068 2190 Distin.
1083 2146 1228 2190 8_/:,mPorro
1239 2146 1321 2190 glosi.
1359 2147 1382 2162 ’”
1394 2147 1464 2190 Isid;
1477 2146 1579 2190 Domo/1.
1598 2155 1642 2190 in“,

1095 2182 1210 2209 a"Clem.
1237 2182 1329 2209 Const.
1356 2189 1382 2208 γι
1398 2202 1405 2214 ,
1430 2182 1474 2208 ‘20.
1517 2182 1538 2198 ³³
1558 2183 1641 2209 Exod.

1055 2216 1182 2243 “Matth.
1213 2225 1271 2250 xw,
1295 2216 1346 2250 18,
1371 2217 1414 2243 19.
1454 2218 1642 2252 ⁸¹ρνωιαπα[υ.

1377 2111 1529 2146 quaestione
1558 2112 1584 2142 Ι,
1613 2111 1644 2139 Si

859 2183 921 2210 Isid.
940 2190 999 2218 cap.
1015 2182 1041 2209 5.

856 2373 916 2401 Non
944 2373 1023 2401 aliter
1046 2377 1137 2401 autem
1162 2374 1306 2408 episcopos
1331 2373 1462 2407 apostolis
1479 2374 1640 2404 succedere,

858 2409 920 2436 inde
943 2413 1027 2443 patet,
1043 2409 1115 2443 quod
1139 2408 1259 2443 episcopi
1275 2408 1377 2434 nullam
1402 2416 1471 2435 vera:
1487 2409 1642 2443 apostolicm

858 2444 1028 2471 auctoritatis
1041 2449 1143 2478 partem
1155 2444 1289 2475 habeant;
1306 2443 1421 2478 apostoli
1434 2444 1517 2476 enim,
1533 2449 1562 2470 ut
1576 2451 1641 2470 con-

857 2484 911 2507 stat
927 2479 1022 2506 Matth.
1033 2483 1061 2506 et
1072 2478 1156 2506 Marc.
1167 2487 1227 2513 cap.
1242 2478 1347 2510 ultimo,
1359 2483 1417 2505 toto
1427 2482 1561 2504 terrarum
1573 2479 1639 2505 orbe

857 2515 1014 2549 pradicare,
1034 2514 1102 2541 alias
1114 2519 1195 2548 atque
1208 2514 1275 2540 alias
1288 2513 1422 2540 Ecclesias
1445 2513 1568 2545 fundare,
1593 2521 1639 2540 ea-

857 2548 970 2576 nonicos
983 2550 1065 2576 libros
1078 2549 1196 2576 scribere
1210 2553 1350 2583 poterant:
1367 2556 1448 2582 porro
1461 2548 1526 2574 nihil
1542 2549 1638 2574 horum

857 2585 976 2619 episcopi
985 2583 1399 2619 potuerunt.Praeterea,donum
1412 2583 1511 2618 lingua:
1521 2587 1548 2610 et
1557 2583 1640 2610 mira-

855 2620 980 2647 culorum
1005 2620 1158 2646 habuerunt
1182 2619 1320 2654 apostoli,
1344 2626 1398 2645 non
1427 2623 1639 2654 auteonmnes

856 2655 988 2689 episcopi.
1004 2655 1143 2689 Apostolis
1159 2652 1286 2681 omnibus
1312 2654 1467 2680 immediate
1490 2661 1505 2680 λ
1524 2652 1642 2689 Christo,

855 2687 1010 2717 universam
1027 2687 1176 2717 Ecclesium
1186 2689 1354 2724 gubernandi
1370 2693 1492 2723 potestas
1507 2696 1540 2715 ac
1557 2687 1639 2724 juris-

856 2725 940 2752 dictio
954 2725 1052 2751 collata
1071 2729 1122 2755 est,
1134 2721 1211 2752 Joan.
1227 2732 1286 2758 cap.
1306 2723 1351 2756 20,
1370 2721 1419 2750 vbis
1439 2724 1544 2750 verbis:
1558 2721 1637 2749 'Sicut

856 2760 928 2786 misit
942 2768 982 2786 me
996 2760 1082 2786 vivens
1101 2759 1191 2791 Pater,
1219 2763 1243 2786 et
1257 2767 1303 2793 ego
1315 2759 1390 2785 mitto
1406 2766 1449 2784 vos
1468 2759 1636 2793 (quanquam

857 2795 995 2822 ordinaria
1014 2794 1178 2828 jurisdictio,
1201 2802 1262 2829 qua:
1275 2796 1300 2820 in
1318 2798 1441 2828 posteros
1461 2801 1509 2828 per
1527 2800 1637 2820 succes-

858 2830 962 2856 sionem
978 2829 1180 2861 transferretur,
1196 2828 1245 2856 soli
1258 2829 1348 2861 Petro,
1364 2828 1579 2856 extraordinaria
1594 2835 1636 2854 re-

857 2864 941 2898 liquis
955 2866 1084 2899 apostolis
1100 2872 1229 2899 conccssa
1240 2865 1301 2899 sit):
1311 2871 1405 2891 omnes
1415 2869 1504 2891 autem
1516 2863 1637 2898 episcopi

858 2873 941 2898 IIqlllS
955 2873 1084 2899 apostons
1100 2873 1166 2892 CODC
1199 2873 1229 2891 Sil
1240 2873 1286 2899 5H.)
1295 2874 1301 2891 ἒ
1311 2873 1405 2891 omnes
1415 2873 1504 2891 autent
1516 2873 1636 2898 (‘PISCOPI

858 2908 874 2927 a
897 2898 970 2927 Petri
990 2908 1148 2929 successore
1168 2873 1295 2928 ﬁuntano
1314 2899 1452 2936 pontiﬁce,
1472 2899 1516 2926 cui
1534 2899 1636 2926 dictum
