1916 3104
270 199 1882 220 Μ

455 338 1038 447 ANACLE]

1128 337 1240 444 iS
1345 338 1688 444 PAPA

915 618 1243 683 NOTITIA

647 752 693 784 (Ex
707 752 778 782 Libro
789 751 921 785 pontiﬁcali
931 753 1027 778 Damasi
1039 759 1117 784 papa,
1134 759 1173 784 ap.
1186 751 1271 783 Μλκει,
1284 751 1385 784 Concil.,
1398 752 1418 781 1,
1432 751 1499 783 597.)

298 838 445 866 Anacletus
465 837 504 874 (Ι)
523 839 634 866 natione
663 839 795 867 Graecus‘
824 847 858 867 ex
881 844 958 874 patre
984 840 1135 873 Antiocho,
1157 839 1227 867 sedit
1250 846 1338 867 annos
1361 846 1475 872 novem,
1500 846 1608 867 menses
1630 843 1688 866 tres
1711 837 1793 874 [ςοά.
1809 838 1885 868 ιιι..

263 885 349 921 duos]
362 906 370 919 ,
388 885 446 914 dies
460 885 569 919 decem;
587 885 639 914 fuit
656 891 748 914 autem
760 886 928 921 temporibus
942 885 1088 914 Domitiani
1098 886 1148 921 (2),
1163 894 1178 914 a
1192 886 1334 913 consulatu
1350 885 1497 913 Domitiani
1512 885 1618 913 decimo
1630 890 1658 912 et
1675 885 1785 919 S‘abini,
1802 892 1886 920 uSque

263 932 297 960 ad
325 932 509 960 Domitianum
534 933 640 961 decimo
668 934 784 968 septimo
811 933 850 969 (5)
869 937 896 960 et
919 933 1085 961 Clementem
1109 933 1245 961 consules.
1263 932 1312 960 Hic
1331 932 1491 960 memoriam
1507 932 1579 959 beati
1597 931 1670 959 Petri
1685 932 1847 960 construxit
1862 936 1887 957 et

262 979 414 1014 composuit
428 979 484 1015 (ιι),
499 979 563 1006 dum
581 979 722 1015 presbyter
735 979 823 1008 lactus
838 979 937 1007 fuisset
962 987 978 1008 a
999 979 1079 1008 beato
1101 979 1197 1012 Petro,
1214 987 1261 1008 seu
1279 979 1332 1006 alia
1353 979 1427 1013 loca,
1451 979 1498 1006 ubi
1520 979 1642 1014 episcopi
1668 979 1886 1008 reconderentur

261 1025 408 1060 sepulturas
423 1035 429 1052 :
444 1025 490 1053 ubi
506 1029 596 1054 autem
611 1031 639 1054 et
654 1026 712 1062 ipse
727 1027 848 1061 sepultus
863 1030 906 1054 est
922 1026 950 1053 in
965 1034 1040 1062 pace,
1055 1026 1134 1061 juxta
1155 1034 1256 1061 corpus
1276 1026 1349 1053 beati
1370 1024 1442 1053 Petri
1453 1047 1460 1057 .
1474 1026 1553 1053 tertio
1564 1026 1627 1053 ldus
1651 1025 1731 1054 Julii.
1755 1025 1807 1053 Hic
1823 1025 1885 1053 fecit

262 1070 448 1099 ordinationes
470 1071 538 1099 duas
565 1071 661 1107 [juxta
683 1071 836 1105 Plotinam.
859 1071 954 1108 unam]
977 1080 1023 1107 per
1049 1081 1168 1101 mensem
1194 1072 1386 1104 Decembrem,
1406 1072 1578 1108 presbyteros
1600 1072 1740 1108 quinque,
1755 1072 1887 1100 diaconos

263 1120 327 1151 tres,
344 1117 487 1153 episcopos
509 1125 558 1153 per
573 1118 680 1146 diversa
691 1118 752 1146 loca
766 1126 882 1148 numero
898 1127 954 1147 sex.
969 1118 1003 1147 Et
1016 1120 1134 1148 cessavit
1147 1120 1321 1155 episcopatus
1335 1119 1393 1147 dies
1406 1126 1467 1146 xm.

301 1219 309 1234 ¹
320 1217 357 1245 De
374 1218 501 1249 Athenis.

1025 1309 1128 1338 ΝΟΤΑΞ
1133 1332 1139 1337 .

298 1423 336 1458 (ι)
356 1423 509 1452 Anactetus.
535 1422 601 1450 Post
622 1422 806 1458 interregnum
827 1426 944 1457 quatuor
963 1430 1042 1449 men-

262 1469 334 1497 sium
359 1473 386 1497 et
412 1469 504 1497 decem
526 1469 644 1503 dierum,
671 1476 743 1496 anno
763 1468 865 1496 Christi
878 1468 930 1495 105
955 1467 1043 1504 [102],

262 1514 374 1550 Trajani
400 1515 571 1550 imperatoris
597 1522 633 1548 Iv,
649 1515 728 1542 tertia
750 1515 795 1542 die
810 1515 912 1542 mensis
930 1514 1042 1549 Aprilis,

260 1560 407 1588 Anacletus
428 1560 522 1588 multis
547 1560 629 1587 rebus
644 1560 773 1595 praeclare
791 1560 873 1594 gestis
896 1560 1042 1587 celeberri-

261 1613 337 1637 mus,
353 1604 515 1632 Christiane
533 1605 672 1641 religionis
694 1612 832 1632 summum
855 1605 1043 1640 pontiﬁcatum

261 1651 386 1686 adeptus,
402 1649 533 1678 Clementi
549 1658 597 1686 per
610 1650 771 1686 martyrium
786 1650 895 1678 sublato
911 1651 1043 1685 subroga-

261 1702 318 1724 tur.
332 1696 410 1729 Quod
426 1696 505 1724 Liber
519 1698 679 1732 pontiﬁcalis
706 1697 734 1724 in
747 1695 808 1724 Vita
822 1697 970 1725 Clementis
985 1698 1042 1733 cpi-

263 1747 407 1778 scopatum
423 1742 552 1770 Romanae
563 1742 691 1770 Ecclesia:
712 1743 807 1778 viginti
827 1743 924 1771 diebus
945 1748 972 1772 et
988 1752 1042 1772 uno

260 1797 384 1818 cessasse
407 1789 513 1822 Scribit,
528 1790 573 1817 vix
591 1794 633 1817 est
651 1790 788 1823 credibile,
806 1798 868 1819 cum
890 1795 945 1818 tam
966 1791 1042 1819 brevi

260 1835 393 1870 temporis
407 1836 495 1870 spatio
518 1836 679 1871 martyrium
695 1835 851 1869 Clementis,
870 1836 1042 1864 Chersoneso

259 1886 336 1909 trans
351 1881 467 1908 Pontum
485 1881 547 1914 sita,
565 1881 678 1909 Romam
704 1883 824 1909 nuntiari
843 1890 897 1910 non
911 1882 1038 1918 potuerit.

259 1927 360 1954 Baron.
382 1935 453 1954 anno
468 1927 528 1961 102,
554 1936 630 1954 num.
642 1928 670 1961 “2,
694 1933 721 1955 et
734 1937 791 1963 seq.
823 1936 908 1962 anno,
919 1937 995 1956 num.
1011 1929 1039 1956 2.

259 1972 338 2000 Unde
364 1973 493 2000 acciderit
518 1974 590 2009 quod
603 1974 749 2002 Anacletus
766 1983 782 2002 a
797 1975 965 2004 Tertulliano
980 1976 1042 2004 Cle-

260 2020 347 2047 menti
362 2024 551 2054 anteponatur,
568 2021 602 2048 ab
617 2020 767 2055 Epiphanio
782 2026 872 2050 autem
889 2022 988 2051 haeresi
1004 2024 1039 2050 27

261 2066 349 2101 plane.
358 2067 509 2098 omittatur,
534 2074 615 2101 supra
639 2068 758 2095 diximus
778 2068 804 2094 in
819 2069 1040 2101 adnotationibus

262 2111 392 2139 adVitam
406 2111 563 2140 Clementis.
583 2112 645 2140 Sev.
661 2113 762 2141 BlNlUS.

294 2178 332 2214 (2)
351 2177 415 2204 Fuit
431 2183 518 2205 autem
543 2180 700 2215 temporibus
716 2181 874 2209 Domitiani.
886 2183 953 2211 Mira
967 2183 1040 2210 Libri

255 2224 416 2261 pontiﬁcalis
447 2224 563 2252 varietas
589 2230 616 2252 et
639 2228 815 2262 repugnantia
837 2238 843 2254 :
866 2237 929 2257 cum
956 2238 1038 2265 supra

257 2269 422 2297 Clementem
449 2270 571 2298 Anaclcti
603 2272 830 2306 praedecessorem
858 2276 938 2303 tertio
966 2284 1039 2303 anno

257 2315 369 2352 Trajani
387 2324 402 2343 e
418 2317 471 2344 vita
486 2318 622 2345 sublatum
647 2326 707 2346 esse
727 2320 877 2354 scripserit,
891 2321 1039 2351 Anacletus

255 2370 311 2390 non
325 2363 377 2390 sub
388 2363 553 2398 Domitiano,
570 2365 617 2392 scd
633 2365 722 2393 xorius
738 2367 789 2393 sub
803 2367 920 2402 Trajano
935 2369 1038 2397 sedisse

255 2410 353 2444 potuit.
370 2409 408 2436 lu.

291 2466 330 2501 (5)
347 2466 369 2493 Α
386 2466 525 2493 consulatu
542 2466 686 2494 Domitiani
711 2476 727 2494 x
746 2472 774 2495 et
783 2467 878 2500 Sabini,
900 2479 981 2502 usque
1001 2471 1036 2498 ad

254 2513 421 2539 consulatum
433 2512 582 2540 Domitiani
599 2521 666 2541 xvn.
693 2513 786 2542 Novus
808 2523 884 2543 error
903 2517 1034 2545 auctoris.

255 2559 283 2585 Si
296 2559 443 2587 Anacletus
458 2559 509 2586 sub
524 2561 662 2588 adnotatis
676 2561 835 2589 consulibus
848 2563 1034 2597 pontiﬁcatum

255 2605 352 2637 tenuit,
377 2613 439 2632 eum
456 2604 621 2633 Clementem
650 2608 841 2641 antecessisse,
871 2609 926 2636 imo
953 2610 1035 2637 simul

254 2655 316 2676 cum
329 2650 404 2678 Clcto
417 2656 443 2678 et
455 2650 591 2679 Clemente
606 2652 708 2680 sedisse
728 2654 858 2688 oportuit.
878 2654 945 2682 Nam
960 2657 1034 2683 deci-

254 2703 316 2734 mus
331 2695 476 2723 Domitiani
502 2698 661 2725 consulatus
687 2707 748 2726 cum
774 2709 846 2728 anno
877 2701 979 2730 Christi
999 2703 1033 2729 86

255 2740 322 2776 {84],
340 2740 485 2768 Domitiani
508 2743 680 2777 imperatoris
694 2752 723 2770 ιιι
740 2745 879 2773 coincidit.
908 2746 1033 2775 Decimus

254 2786 385 2820 septimus
398 2795 462 2814 vero
477 2788 598 2830 eju‘sdem
617 2791 775 2819 consulatus
791 2799 851 2819 cum
867 2800 939 2820 anno
954 2793 1033 2821 Chri-

254 2831 288 2858 sti
312 2831 346 2858 94
364 2831 432 2868 [92],
446 2832 591 2862 Domitiani
623 2835 795 2872 imperatoris
825 2847 850 2867 xi
884 2841 1031 2868 concurrit.

1094 1421 1164 1449 Cum
1186 1420 1268 1456 igitur
1280 1421 1417 1455 Clemens,
1444 1421 1525 1457 hujus
1539 1422 1663 1450 Anacleti
1688 1423 1891 1459 praedecessor,

1095 1475 1167 1495 anno
1179 1475 1210 1494 ιιι
1220 1466 1331 1502 Trajani
1344 1467 1517 1503 imperatoris
1528 1468 1582 1496 vita
1594 1469 1678 1496 simul
1687 1474 1716 1497 et
1725 1470 1892 1505 pontiﬁcatu

1094 1512 1238 1540 defunctus
1251 1513 1297 1546 sit,
1313 1518 1344 1541 ut
1363 1518 1461 1549 praeter
1474 1520 1617 1542 auctorem
1628 1515 1715 1550 hujus
1727 1515 1808 1549 libri,
1826 1515 1892 1543 Hie-

1093 1567 1200 1595 ronym.
1220 1563 1247 1587 et
1259 1559 1360 1588 Euseb.
1376 1560 1444 1588 locis
1461 1569 1544 1596 supra
1556 1561 1638 1589 dictis
1659 1567 1818 1595 testantur,
1835 1571 1890 1590 non

1093 1605 1172 1633 video
1185 1614 1239 1641 qua
1262 1606 1368 1633 ratione
1388 1607 1440 1634 dici
1464 1609 1550 1642 possit
1564 1608 1727 1636 Anacletum
1753 1614 1824 1636 ante
1841 1610 1894 1636 im-

1094 1651 1197 1686 perium
1208 1651 1317 1687 Trajani
1328 1653 1494 1688 pontiﬁciam
1505 1654 1596 1682 sedem
1609 1654 1843 1683 administrasse.
1854 1655 1893 1683 In.

1128 1729 1167 1763 (ὅ)
1188 1729 1239 1756 Hic
1259 1730 1328 1757 beati
1345 1730 1420 1758 Petri
1445 1733 1599 1760 memoriam
1625 1735 1781 1762 construxit
1811 1741 1894 1771 atque

1093 1776 1248 1809 composuit.
1275 1775 1328 1803 Per
1355 1778 1515 1805 memoriam
1549 1779 1621 1806 beati
1647 1778 1720 1807 Petri
1762 1781 1894 1817 intellige

1093 1821 1239 1855 quamdam
1264 1822 1370 1849 aedilicii
1397 1828 1562 1851 structuram
1587 1825 1622 1852 ab
1644 1825 1794 1859 Anacleto,
1824 1828 1894 1855 dum

1093 1866 1181 1894 adhuc
1206 1868 1347 1904 presbyter
1371 1876 1453 1903 esset,
1480 1870 1508 1897 in
1539 1870 1670 1899 Vaticano
1696 1879 1892 1907 exstructam,

1092 1921 1174 1948 quam
1184 1914 1248 1941 olim
1265 1915 1414 1950 antiquitas
1432 1917 1559 1945 usitatius
1572 1919 1718 1947 ecclesiam
1733 1922 1891 1949 nominare

1092 1961 1243 1988 consuevit.
1270 1960 1337 1988 Nam
1359 1966 1386 1989 et
1399 1962 1515 1998 August.
1533 1964 1570 1991 De
1593 1965 1731 1992 ciuit.Dei
1745 1967 1800 1995 lib.
1821 1976 1892 2002 nn,

1093 2005 1261 2039 c.10:Nas,
1279 2007 1376 2049 inquit,
1395 2010 1558 2044 martyribus
1578 2012 1676 2039 nostris
1694 2020 1752 2039 non
1772 2016 1891 2050 tempta,

1094 2051 1161 2078 sicut
1177 2052 1242 2086 diis,
1259 2053 1304 2080 sed
1321 2056 1476 2088 memorias,
1494 2057 1564 2084 sicut
1582 2057 1734 2086 hominibus
1757 2064 1891 2095 mortuis,

1090 2106 1200 2133 quorum
1217 2099 1287 2134 apud
1302 2099 1383 2127 Deum
1397 2101 1486 2128 vivunt
1498 2103 1618 2138 spiritus,
1628 2103 1816 2139 fabricamus.
1835 2107 1892 2136 Has

1090 2144 1188 2173 merito
1202 2144 1284 2173 Caius
1299 2147 1430 2182 antiquus
1449 2149 1604 2184 theologus,
1620 2151 1666 2185 qui
1684 2155 1820 2187 tempore
1841 2153 1893 2182 Ze-

1090 2189 1199 2225 phyrini
1215 2192 1352 2225 pontiﬁcis
1367 2193 1475 2228 claruit,
1492 2199 1559 2222 teste
1574 2196 1693 2231 Eusebio
1708 2198 1763 2226 lib.
1783 2207 1822 2228 m
1839 2201 1894 2228 Hi-

1090 2236 1244 2269 storiarum,
1268 2237 1314 2271 24,
1335 2243 1434 2274 tropaea
1450 2241 1567 2276 appellat
1580 2251 1587 2269 :
1600 2243 1701 2278 quippe
1712 2252 1781 2279 quae
1795 2248 1892 2275 victo-

1089 2281 1145 2308 rias
1155 2283 1338 2317 apostolorum
1351 2285 1384 2312 de
1396 2286 1516 2315 subactis
1528 2287 1653 2317 hostibus
1667 2297 1892 2325 repraesentem.

1091 2326 1177 2355 Verba
1204 2329 1276 2357 illius
1306 2331 1376 2366 apud
1395 2331 1543 2361 Eusebium
1571 2336 1702 2370 praedicto
1731 2337 1801 2366 loco
1831 2341 1892 2369 haec

1089 2376 1175 2399 sunt:
1193 2372 1249 2408 Ego
1270 2376 1449 2409 apostolorum
1476 2382 1576 2413 tropica
1603 2382 1744 2415 perspicue
1769 2392 1890 2418 possunt

1088 2419 1222 2447 ostendere
1233 2428 1242 2446 .'
1255 2429 1316 2447 nam
1329 2423 1352 2449 si
1363 2423 1434 2451 lubet
1448 2424 1475 2451 in
1492 2424 1649 2454 Vaticanum
1663 2429 1824 2463 proﬁcisci,
1842 2438 1891 2458 aut

1087 2465 1115 2491 in
1136 2466 1207 2492 viam
1230 2474 1288 2501 qua:
1302 2467 1430 2496 Ostiensis
1451 2470 1559 2504 dicitur,
1578 2477 1601 2500 te
1617 2474 1750 2508 conferre,
1777 2481 1890 2512 ινοριεα

1085 2519 1177 2540 eorum
1198 2514 1243 2548 qui
1263 2515 1342 2542 istam
1355 2515 1503 2544 Ecclesiam
1525 2527 1572 2546 suo
1590 2527 1708 2547 sermone
1726 2527 1760 2549 iet
1782 2524 1890 2553 virtue

1086 2562 1265 2596 stabitierunt,
1289 2564 1412 2592 inveniet.
1451 2564 1528 2594 Hanc
1552 2567 1686 2602 insignem
1711 2569 1890 2607 claramque

1086 2609 1246 2637 memoriam
1260 2618 1276 2636 a
1288 2610 1396 2638 turbine
1411 2612 1608 2646 persecutionis
1623 2621 1677 2641 non
1696 2613 1791 2644 fuisse
1806 2618 1889 2653 deje-

1085 2660 1168 2687 ctam.
1192 2657 1240 2684 sed
1268 2658 1371 2692 majore
1395 2658 1487 2692 potius
1511 2660 1538 2686 in
1559 2659 1618 2688 dies
1639 2661 1768 2695 singulos
1790 2664 1887 2699 gloria

1086 2706 1204 2735 auctam,
1216 2709 1323 2730 omnem
1339 2703 1545 2732 admirationem
1559 2711 1680 2741 superat.
1689 2706 1797 2736 Baron.
1808 2718 1889 2738 anno

1085 2747 1147 2780 106,
1163 2755 1190 2775 ιι.
1205 2749 1222 2775 2
1237 2753 1264 2776 et
1277 2749 1304 2776 5.
1322 2749 1508 2787 Magdeburg.,
1533 2753 1580 2787 qui
1602 2754 1676 2781 hanc
1700 2755 1738 2782 ob
1762 2764 1885 2785 causam

1085 2793 1244 2822 Anacletum
1257 2797 1469 2831 reprehendunt,
1484 2806 1499 2825 a
1512 2798 1642 2827 Bellaria.
1657 2800 1707 2828 lib.
1724 2809 1751 2828 iv
1767 2802 1811 2830 De
1826 2804 1882 2831 Ra-

1085 2848 1156 2869 man.
1171 2842 1279 2878 pontif.,
1295 2850 1319 2871 c.
1334 2843 1361 2878 8,
1377 2843 1409 2872 de
1421 2844 1557 2873 calumnia
1570 2849 1717 2875 notantur.
1736 2848 1777 2876 In.
