  <div class='ocr_page' id='page_1' title='image "/cluster/home/n/w/nwhite01/storage/ocr_20150623/2/njp.32101077772349/547.png"; bbox 0 0 1916 3104; ppageno 0'>
   <div class='ocr_carea' id='block_1_1' title="bbox 244 155 293 186">
    <p class='ocr_par' dir='ltr' id='par_1_1' title="bbox 244 155 293 186">
     <span class='ocr_line' id='line_1_1' title="bbox 244 155 293 186; baseline 0 -1"><span class='ocrx_word' id='word_1_1' title='bbox 244 155 293 186; x_wconf 80' lang='grc'><strong>791</strong></span> 
     </span>
    </p>
   </div>
   <div class='ocr_carea' id='block_1_2' title="bbox 243 204 1034 249">
    <p class='ocr_par' dir='ltr' id='par_1_2' title="bbox 243 204 1034 249">
     <span class='ocr_line' id='line_1_2' title="bbox 243 204 1034 249; baseline -0.015 -5"><span class='ocrx_word' id='word_1_2' title='bbox 243 217 348 245; x_wconf 78' lang='lat' dir='ltr'><strong>animus</strong></span> <span class='ocrx_word' id='word_1_3' title='bbox 364 222 427 242; x_wconf 81' lang='lat' dir='ltr'><strong>suas</strong></span> <span class='ocrx_word' id='word_1_4' title='bbox 440 213 467 241; x_wconf 84' lang='lat' dir='ltr'><strong>in</strong></span> <span class='ocrx_word' id='word_1_5' title='bbox 479 211 622 249; x_wconf 76' lang='lat' dir='ltr'><strong>benefactis</strong></span> <span class='ocrx_word' id='word_1_6' title='bbox 630 210 662 238; x_wconf 81' lang='grc'><strong>¹⁰.</strong></span> <span class='ocrx_word' id='word_1_7' title='bbox 675 209 756 242; x_wconf 84' lang='lat' dir='ltr'><strong>Nam,</strong></span> <span class='ocrx_word' id='word_1_8' title='bbox 768 213 799 236; x_wconf 91' lang='lat' dir='ltr'><strong>ut</strong></span> <span class='ocrx_word' id='word_1_9' title='bbox 811 208 848 236; x_wconf 88' lang='lat' dir='ltr'><strong>ait</strong></span> <span class='ocrx_word' id='word_1_10' title='bbox 859 208 956 236; x_wconf 88' lang='lat' dir='ltr'><strong>beatus</strong></span> <span class='ocrx_word' id='word_1_11' title='bbox 974 204 1034 232; x_wconf 88' lang='lat' dir='ltr'><strong>Cle-</strong></span> 
     </span>
    </p>
   </div>
   <div class='ocr_carea' id='block_1_3' title="bbox 244 251 1030 291">
    <p class='ocr_par' dir='ltr' id='par_1_3' title="bbox 244 251 1030 291">
     <span class='ocr_line' id='line_1_3' title="bbox 244 251 1030 291; baseline -0.015 -1"><span class='ocrx_word' id='word_1_12' title='bbox 244 269 323 290; x_wconf 85' lang='lat' dir='ltr'><strong>mens</strong></span> <span class='ocrx_word' id='word_1_13' title='bbox 337 265 494 288; x_wconf 86' lang='lat' dir='ltr'><strong>antecessor</strong></span> <span class='ocrx_word' id='word_1_14' title='bbox 509 263 603 286; x_wconf 85' lang='lat' dir='ltr'><strong>noster</strong></span> <span class='ocrx_word' id='word_1_15' title='bbox 615 257 648 291; x_wconf 84' lang='lat'><strong>“,</strong></span> <span class='ocrx_word' id='word_1_16' title='bbox 663 256 761 284; x_wconf 82' lang='lat' dir='ltr'><strong>similis</strong></span> <span class='ocrx_word' id='word_1_17' title='bbox 772 259 814 283; x_wconf 89' lang='lat' dir='ltr'><strong>est</strong></span> <span class='ocrx_word' id='word_1_18' title='bbox 830 254 920 282; x_wconf 87' lang='lat' dir='ltr'><strong>omnis</strong></span> <span class='ocrx_word' id='word_1_19' title='bbox 935 251 1030 279; x_wconf 85' lang='lat' dir='ltr'><strong>Eccle-</strong></span> 
     </span>
    </p>
   </div>
   <div class='ocr_carea' id='block_1_4' title="bbox 245 299 1032 340">
    <p class='ocr_par' dir='ltr' id='par_1_4' title="bbox 245 299 1032 340">
     <span class='ocr_line' id='line_1_4' title="bbox 245 299 1032 340; baseline -0.014 -4"><span class='ocrx_word' id='word_1_20' title='bbox 245 309 293 336; x_wconf 72' lang='lat' dir='ltr'><strong>sia!</strong></span> <span class='ocrx_word' id='word_1_21' title='bbox 307 311 394 335; x_wconf 82' lang='lat' dir='ltr'><strong>status</strong></span> <span class='ocrx_word' id='word_1_22' title='bbox 410 305 472 333; x_wconf 87' lang='lat' dir='ltr'><strong>navi</strong></span> <span class='ocrx_word' id='word_1_23' title='bbox 487 311 609 340; x_wconf 68' lang='lat' dir='ltr'><strong>magnae,</strong></span> <span class='ocrx_word' id='word_1_24' title='bbox 626 311 687 338; x_wconf 61' lang='lat' dir='ltr'><strong>qua</strong></span> <span class='ocrx_word' id='word_1_25' title='bbox 703 310 751 338; x_wconf 90' lang='lat' dir='ltr'><strong>per</strong></span> <span class='ocrx_word' id='word_1_26' title='bbox 769 301 904 328; x_wconf 87' lang='lat' dir='ltr'><strong>undosum</strong></span> <span class='ocrx_word' id='word_1_27' title='bbox 920 299 1032 334; x_wconf 83' lang='lat' dir='ltr'><strong>pelagus</strong></span> 
     </span>
    </p>
   </div>
   <div class='ocr_carea' id='block_1_5' title="bbox 245 344 1032 385">
    <p class='ocr_par' dir='ltr' id='par_1_5' title="bbox 245 344 1032 385">
     <span class='ocr_line' id='line_1_5' title="bbox 245 344 1032 385; baseline -0.014 -3"><span class='ocrx_word' id='word_1_28' title='bbox 245 353 362 382; x_wconf 81' lang='lat' dir='ltr'><strong>diversis</strong></span> <span class='ocrx_word' id='word_1_29' title='bbox 385 360 401 380; x_wconf 88' lang='lat' dir='ltr'><strong>e</strong></span> <span class='ocrx_word' id='word_1_30' title='bbox 421 352 489 380; x_wconf 87' lang='lat' dir='ltr'><strong>locis</strong></span> <span class='ocrx_word' id='word_1_31' title='bbox 512 355 539 378; x_wconf 90' lang='lat' dir='ltr'><strong>et</strong></span> <span class='ocrx_word' id='word_1_32' title='bbox 562 349 719 385; x_wconf 74' lang='lat' dir='ltr'><strong>regionibus</strong></span> <span class='ocrx_word' id='word_1_33' title='bbox 742 348 818 375; x_wconf 90' lang='lat' dir='ltr'><strong>viros</strong></span> <span class='ocrx_word' id='word_1_34' title='bbox 842 345 974 382; x_wconf 85' lang='lat' dir='ltr'><strong>portat“,</strong></span> <span class='ocrx_word' id='word_1_35' title='bbox 998 344 1032 372; x_wconf 90' lang='lat' dir='ltr'><strong>ad</strong></span> 
     </span>
    </p>
   </div>
   <div class='ocr_carea' id='block_1_6' title="bbox 246 391 1031 433">
    <p class='ocr_par' dir='ltr' id='par_1_6' title="bbox 246 391 1031 433">
     <span class='ocr_line' id='line_1_6' title="bbox 246 391 1031 433; baseline -0.014 -6"><span class='ocrx_word' id='word_1_36' title='bbox 246 406 331 427; x_wconf 85' lang='lat' dir='ltr'><strong>unam</strong></span> <span class='ocrx_word' id='word_1_37' title='bbox 351 397 470 433; x_wconf 89' lang='lat' dir='ltr'><strong>potentis</strong></span> <span class='ocrx_word' id='word_1_38' title='bbox 495 395 572 432; x_wconf 73' lang='lat' dir='ltr'><strong>regni</strong></span> <span class='ocrx_word' id='word_1_39' title='bbox 595 395 690 422; x_wconf 91' lang='lat' dir='ltr'><strong>urbem</strong></span> <span class='ocrx_word' id='word_1_40' title='bbox 714 399 860 429; x_wconf 88' lang='lat' dir='ltr'><strong>properare</strong></span> <span class='ocrx_word' id='word_1_41' title='bbox 880 391 1031 426; x_wconf 88' lang='lat' dir='ltr'><strong>cupientes.</strong></span> 
     </span>
    </p>
   </div>
   <div class='ocr_carea' id='block_1_7' title="bbox 248 438 1034 480">
    <p class='ocr_par' dir='ltr' id='par_1_7' title="bbox 248 438 1034 480">
     <span class='ocr_line' id='line_1_7' title="bbox 248 438 1034 480; baseline -0.01 -7"><span class='ocrx_word' id='word_1_42' title='bbox 248 445 290 473; x_wconf 80' lang='lat' dir='ltr'><strong>Sit</strong></span> <span class='ocrx_word' id='word_1_43' title='bbox 305 451 370 480; x_wconf 85' lang='lat' dir='ltr'><strong>ergo</strong></span> <span class='ocrx_word' id='word_1_44' title='bbox 386 443 464 472; x_wconf 87' lang='lat' dir='ltr'><strong>navis</strong></span> <span class='ocrx_word' id='word_1_45' title='bbox 480 446 575 471; x_wconf 79' lang='lat' dir='ltr'><strong>auctor</strong></span> <span class='ocrx_word' id='word_1_46' title='bbox 590 442 673 477; x_wconf 84' lang='lat' dir='ltr'><strong>hujus</strong></span> <span class='ocrx_word' id='word_1_47' title='bbox 683 462 690 474; x_wconf 92' lang='lat'><strong>,</strong></span> <span class='ocrx_word' id='word_1_48' title='bbox 715 441 849 468; x_wconf 86' lang='lat' dir='ltr'><strong>Dominus</strong></span> <span class='ocrx_word' id='word_1_49' title='bbox 864 440 921 474; x_wconf 86' lang='lat' dir='ltr'><strong>ipse</strong></span> <span class='ocrx_word' id='word_1_50' title='bbox 943 438 1034 466; x_wconf 80' lang='lat' dir='ltr'><strong>omni~</strong></span> 
     </span>
    </p>
   </div>
   <div class='ocr_carea' id='block_1_8' title="bbox 247 487 1034 526">
    <p class='ocr_par' dir='ltr' id='par_1_8' title="bbox 247 487 1034 526">
     <span class='ocr_line' id='line_1_8' title="bbox 247 487 1034 526; baseline -0.009 -7"><span class='ocrx_word' id='word_1_51' title='bbox 247 496 343 526; x_wconf 79' lang='lat' dir='ltr'><strong>potens</strong></span> <span class='ocrx_word' id='word_1_52' title='bbox 359 490 432 518; x_wconf 85' lang='lat' dir='ltr'><strong>Deus</strong></span> <span class='ocrx_word' id='word_1_53' title='bbox 457 499 463 516; x_wconf 91' lang='lat'>:</span> <span class='ocrx_word' id='word_1_54' title='bbox 484 489 650 524; x_wconf 75' lang='lat' dir='ltr'><strong>gubernator</strong></span> <span class='ocrx_word' id='word_1_55' title='bbox 665 495 730 515; x_wconf 89' lang='lat' dir='ltr'><strong>vero</strong></span> <span class='ocrx_word' id='word_1_56' title='bbox 753 487 788 514; x_wconf 92' lang='lat' dir='ltr'><strong>sit</strong></span> <span class='ocrx_word' id='word_1_57' title='bbox 806 487 932 514; x_wconf 77' lang='lat' dir='ltr'><strong>Christus</strong></span> <span class='ocrx_word' id='word_1_58' title='bbox 949 495 955 512; x_wconf 90' lang='lat'>:</span> <span class='ocrx_word' id='word_1_59' title='bbox 976 490 1034 513; x_wconf 86' lang='lat' dir='ltr'><strong>tum</strong></span> 
     </span>
    </p>
   </div>
   <div class='ocr_carea' id='block_1_9' title="bbox 248 531 1036 572">
    <p class='ocr_par' dir='ltr' id='par_1_9' title="bbox 248 531 1036 572">
     <span class='ocr_line' id='line_1_9' title="bbox 248 531 1036 572; baseline -0.009 -7"><span class='ocrx_word' id='word_1_60' title='bbox 248 537 347 566; x_wconf 87' lang='lat' dir='ltr'><strong>deinde</strong></span> <span class='ocrx_word' id='word_1_61' title='bbox 362 541 479 572; x_wconf 66' lang='lat' dir='ltr'><strong>proretaa</strong></span> <span class='ocrx_word' id='word_1_62' title='bbox 489 535 607 563; x_wconf 83' lang='lat' dir='ltr'><strong>oﬁicium</strong></span> <span class='ocrx_word' id='word_1_63' title='bbox 622 534 767 570; x_wconf 88' lang='lat' dir='ltr'><strong>episcopus</strong></span> <span class='ocrx_word' id='word_1_64' title='bbox 780 533 891 568; x_wconf 82' lang='lat' dir='ltr'><strong>impleat</strong></span> <span class='ocrx_word' id='word_1_65' title='bbox 904 541 910 559; x_wconf 90' lang='lat'>:</span> <span class='ocrx_word' id='word_1_66' title='bbox 923 531 1036 567; x_wconf 83' lang='lat' dir='ltr'><strong>presby-</strong></span> 
     </span>
    </p>
   </div>
   <div class='ocr_carea' id='block_1_10' title="bbox 249 579 1035 615">
    <p class='ocr_par' dir='ltr' id='par_1_10' title="bbox 249 579 1035 615">
     <span class='ocr_line' id='line_1_10' title="bbox 249 579 1035 615; baseline -0.009 -4"><span class='ocrx_word' id='word_1_67' title='bbox 249 583 300 611; x_wconf 75' lang='lat' dir='ltr'><strong>teri</strong></span> <span class='ocrx_word' id='word_1_68' title='bbox 323 587 468 610; x_wconf 83' lang='lat' dir='ltr'><strong>nautarum</strong></span> <span class='ocrx_word' id='word_1_69' title='bbox 482 602 490 615; x_wconf 92' lang='lat'><strong>,</strong></span> <span class='ocrx_word' id='word_1_70' title='bbox 513 581 621 608; x_wconf 87' lang='lat' dir='ltr'><strong>diaconi</strong></span> <span class='ocrx_word' id='word_1_71' title='bbox 642 581 862 615; x_wconf 88' lang='lat' dir='ltr'><strong>dispensatorum</strong></span> <span class='ocrx_word' id='word_1_72' title='bbox 884 579 975 606; x_wconf 89' lang='lat' dir='ltr'><strong>locum</strong></span> <span class='ocrx_word' id='word_1_73' title='bbox 995 581 1035 604; x_wconf 89' lang='lat' dir='ltr'><strong>te-</strong></span> 
     </span>
    </p>
   </div>
   <div class='ocr_carea' id='block_1_11' title="bbox 249 623 1034 663">
    <p class='ocr_par' dir='ltr' id='par_1_11' title="bbox 249 623 1034 663">
     <span class='ocr_line' id='line_1_11' title="bbox 249 623 1034 663; baseline -0.009 -6"><span class='ocrx_word' id='word_1_74' title='bbox 249 633 332 657; x_wconf 89' lang='lat' dir='ltr'><strong>neant</strong></span> <span class='ocrx_word' id='word_1_75' title='bbox 349 628 395 656; x_wconf 86' lang='lat' dir='ltr'><strong>:hi</strong></span> <span class='ocrx_word' id='word_1_76' title='bbox 414 628 460 663; x_wconf 87' lang='lat' dir='ltr'><strong>qui</strong></span> <span class='ocrx_word' id='word_1_77' title='bbox 472 627 653 659; x_wconf 87' lang='lat' dir='ltr'><strong>catechizant,</strong></span> <span class='ocrx_word' id='word_1_78' title='bbox 674 626 828 661; x_wconf 84' lang='lat' dir='ltr'><strong>nautologis</strong></span> <span class='ocrx_word' id='word_1_79' title='bbox 847 623 1034 652; x_wconf 80' lang='lat' dir='ltr'><strong>conferantur:</strong></span> 
     </span>
    </p>
   </div>
   <div class='ocr_carea' id='block_1_12' title="bbox 250 669 1038 710">
    <p class='ocr_par' dir='ltr' id='par_1_12' title="bbox 250 669 1038 710">
     <span class='ocr_line' id='line_1_12' title="bbox 250 669 1038 710; baseline -0.009 -8"><span class='ocrx_word' id='word_1_80' title='bbox 250 675 366 710; x_wconf 87' lang='lat' dir='ltr'><strong>epibatis</strong></span> <span class='ocrx_word' id='word_1_81' title='bbox 388 679 496 706; x_wconf 88' lang='lat' dir='ltr'><strong>autem,</strong></span> <span class='ocrx_word' id='word_1_82' title='bbox 524 673 609 701; x_wconf 87' lang='lat' dir='ltr'><strong>totius</strong></span> <span class='ocrx_word' id='word_1_83' title='bbox 633 672 815 699; x_wconf 80' lang='lat' dir='ltr'><strong>fraternitatis</strong></span> <span class='ocrx_word' id='word_1_84' title='bbox 839 669 985 698; x_wconf 80' lang='lat' dir='ltr'><strong>multitudo</strong></span> <span class='ocrx_word' id='word_1_85' title='bbox 1001 669 1038 696; x_wconf 86' lang='lat' dir='ltr'><strong>sit</strong></span> 
     </span>
    </p>
   </div>
   <div class='ocr_carea' id='block_1_13' title="bbox 253 715 1035 755">
    <p class='ocr_par' dir='ltr' id='par_1_13' title="bbox 253 715 1035 755">
     <span class='ocr_line' id='line_1_13' title="bbox 253 715 1035 755; baseline -0.008 -7"><span class='ocrx_word' id='word_1_86' title='bbox 253 720 362 748; x_wconf 84' lang='lat' dir='ltr'><strong>similis.</strong></span> <span class='ocrx_word' id='word_1_87' title='bbox 379 719 469 755; x_wconf 90' lang='lat' dir='ltr'><strong>Ipsum</strong></span> <span class='ocrx_word' id='word_1_88' title='bbox 487 726 596 754; x_wconf 90' lang='lat' dir='ltr'><strong>quoque</strong></span> <span class='ocrx_word' id='word_1_89' title='bbox 609 725 684 745; x_wconf 89' lang='lat' dir='ltr'><strong>mare</strong></span> <span class='ocrx_word' id='word_1_90' title='bbox 699 718 744 745; x_wconf 89' lang='lat' dir='ltr'><strong>hic</strong></span> <span class='ocrx_word' id='word_1_91' title='bbox 760 716 879 744; x_wconf 90' lang='lat' dir='ltr'><strong>mundus</strong></span> <span class='ocrx_word' id='word_1_92' title='bbox 893 715 1035 743; x_wconf 82' lang='lat' dir='ltr'><strong>habeatur.</strong></span> 
     </span>
    </p>
   </div>
   <div class='ocr_carea' id='block_1_14' title="bbox 249 761 1029 796">
    <p class='ocr_par' dir='ltr' id='par_1_14' title="bbox 249 761 1029 796">
     <span class='ocr_line' id='line_1_14' title="bbox 249 761 1029 796; baseline -0.008 -2"><span class='ocrx_word' id='word_1_93' title='bbox 249 766 399 794; x_wconf 77' lang='lat' dir='ltr'><strong>Ventorum</strong></span> <span class='ocrx_word' id='word_1_94' title='bbox 419 773 484 793; x_wconf 78' lang='lat' dir='ltr'><strong>Vl‘l‘o</strong></span> <span class='ocrx_word' id='word_1_95' title='bbox 508 765 653 792; x_wconf 73' lang='lat' dir='ltr'><strong>varietates</strong></span> <span class='ocrx_word' id='word_1_96' title='bbox 676 768 703 791; x_wconf 90' lang='lat' dir='ltr'><strong>et</strong></span> <span class='ocrx_word' id='word_1_97' title='bbox 726 763 884 796; x_wconf 88' lang='lat' dir='ltr'><strong>turbinum,</strong></span> <span class='ocrx_word' id='word_1_98' title='bbox 912 761 1029 789; x_wconf 80' lang='lat' dir='ltr'><strong>diversis</strong></span> 
     </span>
    </p>
   </div>
   <div class='ocr_carea' id='block_1_15' title="bbox 251 807 1037 845">
    <p class='ocr_par' dir='ltr' id='par_1_15' title="bbox 251 807 1037 845">
     <span class='ocr_line' id='line_1_15' title="bbox 251 807 1037 845; baseline -0.01 -4"><span class='ocrx_word' id='word_1_99' title='bbox 251 813 450 841; x_wconf 85' lang='lat' dir='ltr'><strong>tentationibus</strong></span> <span class='ocrx_word' id='word_1_100' title='bbox 464 811 640 839; x_wconf 85' lang='lat' dir='ltr'><strong>conferantur</strong></span> <span class='ocrx_word' id='word_1_101' title='bbox 655 819 662 837; x_wconf 93' lang='lat'>:</span> <span class='ocrx_word' id='word_1_102' title='bbox 679 809 885 845; x_wconf 86' lang='lat' dir='ltr'><strong>persecutiones</strong></span> <span class='ocrx_word' id='word_1_103' title='bbox 898 829 905 841; x_wconf 89' lang='lat'><strong>,</strong></span> <span class='ocrx_word' id='word_1_104' title='bbox 922 807 1037 834; x_wconf 84' lang='lat' dir='ltr'><strong>tribula-</strong></span> 
     </span>
    </p>
   </div>
   <div class='ocr_carea' id='block_1_16' title="bbox 252 853 1036 894">
    <p class='ocr_par' dir='ltr' id='par_1_16' title="bbox 252 853 1036 894">
     <span class='ocr_line' id='line_1_16' title="bbox 252 853 1036 894; baseline -0.011 -5"><span class='ocrx_word' id='word_1_105' title='bbox 252 860 342 889; x_wconf 88' lang='lat' dir='ltr'><strong>tiones</strong></span> <span class='ocrx_word' id='word_1_106' title='bbox 357 859 414 886; x_wconf 87' lang='lat' dir='ltr'><strong>sive</strong></span> <span class='ocrx_word' id='word_1_107' title='bbox 428 858 560 894; x_wconf 87' lang='lat' dir='ltr'><strong>pericula,</strong></span> <span class='ocrx_word' id='word_1_108' title='bbox 578 856 707 884; x_wconf 87' lang='lat' dir='ltr'><strong>ﬂuctibus</strong></span> <span class='ocrx_word' id='word_1_109' title='bbox 722 859 908 890; x_wconf 64' lang='lat' dir='ltr'><strong>exaequentur.</strong></span> <span class='ocrx_word' id='word_1_110' title='bbox 925 853 1036 881; x_wconf 85' lang='lat' dir='ltr'><strong>Terreni</strong></span> 
     </span>
    </p>
   </div>
   <div class='ocr_carea' id='block_1_17' title="bbox 252 899 1038 940">
    <p class='ocr_par' dir='ltr' id='par_1_17' title="bbox 252 899 1038 940">
     <span class='ocr_line' id='line_1_17' title="bbox 252 899 1038 940; baseline -0.009 -8"><span class='ocrx_word' id='word_1_111' title='bbox 252 912 317 933; x_wconf 88' lang='lat' dir='ltr'><strong>vero</strong></span> <span class='ocrx_word' id='word_1_112' title='bbox 326 905 448 940; x_wconf 86' lang='lat' dir='ltr'><strong>spiritus,</strong></span> <span class='ocrx_word' id='word_1_113' title='bbox 456 904 502 939; x_wconf 91' lang='lat' dir='ltr'><strong>qui</strong></span> <span class='ocrx_word' id='word_1_114' title='bbox 509 904 550 931; x_wconf 89' lang='lat' dir='ltr'><strong>vel</strong></span> <span class='ocrx_word' id='word_1_115' title='bbox 555 903 588 930; x_wconf 91' lang='lat' dir='ltr'><strong>de</strong></span> <span class='ocrx_word' id='word_1_116' title='bbox 595 901 772 933; x_wconf 88' lang='lat' dir='ltr'><strong>torrentibus,</strong></span> <span class='ocrx_word' id='word_1_117' title='bbox 779 901 821 928; x_wconf 85' lang='lat' dir='ltr'><strong>vel</strong></span> <span class='ocrx_word' id='word_1_118' title='bbox 828 900 861 928; x_wconf 88' lang='lat' dir='ltr'><strong>de</strong></span> <span class='ocrx_word' id='word_1_119' title='bbox 868 899 1038 927; x_wconf 82' lang='lat' dir='ltr'><strong>convallibus</strong></span> 
     </span>
    </p>
   </div>
   <div class='ocr_carea' id='block_1_18' title="bbox 252 948 1039 986">
    <p class='ocr_par' dir='ltr' id='par_1_18' title="bbox 252 948 1039 986">
     <span class='ocr_line' id='line_1_18' title="bbox 252 948 1039 986; baseline -0.009 -7"><span class='ocrx_word' id='word_1_120' title='bbox 252 950 603 986; x_wconf 80' lang='lat' dir='ltr'><strong>spirant,pseudopropheta</strong></span> <span class='ocrx_word' id='word_1_121' title='bbox 608 957 666 976; x_wconf 93' lang='lat' dir='ltr'><strong>rum</strong></span> <span class='ocrx_word' id='word_1_122' title='bbox 675 952 701 975; x_wconf 92' lang='lat' dir='ltr'><strong>et</strong></span> <span class='ocrx_word' id='word_1_123' title='bbox 708 948 942 980; x_wconf 88' lang='lat' dir='ltr'><strong>seductorum,seu</strong></span> <span class='ocrx_word' id='word_1_124' title='bbox 950 954 1039 981; x_wconf 66' lang='lat' dir='ltr'><strong>prava:</strong></span> 
     </span>
    </p>
   </div>
   <div class='ocr_carea' id='block_1_19' title="bbox 251 991 1037 1026">
    <p class='ocr_par' dir='ltr' id='par_1_19' title="bbox 251 991 1037 1026">
     <span class='ocr_line' id='line_1_19' title="bbox 251 991 1037 1026; baseline -0.01 0"><span class='ocrx_word' id='word_1_125' title='bbox 251 997 383 1026; x_wconf 72' lang='lat' dir='ltr'><strong>doctrinae</strong></span> <span class='ocrx_word' id='word_1_126' title='bbox 391 997 471 1024; x_wconf 88' lang='lat' dir='ltr'><strong>verba</strong></span> <span class='ocrx_word' id='word_1_127' title='bbox 477 996 626 1023; x_wconf 84' lang='lat' dir='ltr'><strong>doceantur</strong></span> <span class='ocrx_word' id='word_1_128' title='bbox 636 995 668 1022; x_wconf 84' lang='lat'><strong>“.</strong></span> <span class='ocrx_word' id='word_1_129' title='bbox 675 993 865 1022; x_wconf 88' lang='lat' dir='ltr'><strong>Promontoria</strong></span> <span class='ocrx_word' id='word_1_130' title='bbox 876 1000 940 1019; x_wconf 83' lang='lat' dir='ltr'><strong>vero</strong></span> <span class='ocrx_word' id='word_1_131' title='bbox 948 996 973 1019; x_wconf 87' lang='lat' dir='ltr'><strong>et</strong></span> <span class='ocrx_word' id='word_1_132' title='bbox 979 991 1037 1018; x_wconf 90' lang='lat' dir='ltr'><strong>loca</strong></span> 
     </span>
    </p>
   </div>
   <div class='ocr_carea' id='block_1_20' title="bbox 252 1037 1038 1079">
    <p class='ocr_par' dir='ltr' id='par_1_20' title="bbox 252 1037 1038 1079">
     <span class='ocr_line' id='line_1_20' title="bbox 252 1037 1038 1079; baseline -0.01 -7"><span class='ocrx_word' id='word_1_133' title='bbox 252 1043 426 1079; x_wconf 82' lang='lat' dir='ltr'><strong>confragosa,</strong></span> <span class='ocrx_word' id='word_1_134' title='bbox 436 1042 517 1077; x_wconf 89' lang='lat' dir='ltr'><strong>hiqui</strong></span> <span class='ocrx_word' id='word_1_135' title='bbox 527 1042 553 1069; x_wconf 86' lang='lat' dir='ltr'><strong>in</strong></span> <span class='ocrx_word' id='word_1_136' title='bbox 560 1040 740 1077; x_wconf 81' lang='lat' dir='ltr'><strong>potestatibus</strong></span> <span class='ocrx_word' id='word_1_137' title='bbox 749 1039 839 1068; x_wconf 78' lang='lat' dir='ltr'><strong>saeculi</strong></span> <span class='ocrx_word' id='word_1_138' title='bbox 852 1037 1038 1073; x_wconf 88' lang='lat' dir='ltr'><strong>suntjudices,</strong></span> 
     </span>
    </p>
   </div>
   <div class='ocr_carea' id='block_1_21' title="bbox 253 1084 1040 1126">
    <p class='ocr_par' dir='ltr' id='par_1_21' title="bbox 253 1084 1040 1126">
     <span class='ocr_line' id='line_1_21' title="bbox 253 1084 1040 1126; baseline -0.011 -7"><span class='ocrx_word' id='word_1_139' title='bbox 253 1096 281 1120; x_wconf 88' lang='lat' dir='ltr'><strong>et</strong></span> <span class='ocrx_word' id='word_1_140' title='bbox 299 1091 346 1126; x_wconf 91' lang='lat' dir='ltr'><strong>qui</strong></span> <span class='ocrx_word' id='word_1_141' title='bbox 362 1089 483 1125; x_wconf 87' lang='lat' dir='ltr'><strong>pericula</strong></span> <span class='ocrx_word' id='word_1_142' title='bbox 506 1089 648 1116; x_wconf 87' lang='lat' dir='ltr'><strong>minantur</strong></span> <span class='ocrx_word' id='word_1_143' title='bbox 665 1095 697 1116; x_wconf 91' lang='lat' dir='ltr'><strong>ac</strong></span> <span class='ocrx_word' id='word_1_144' title='bbox 717 1092 832 1114; x_wconf 89' lang='lat' dir='ltr'><strong>mortes.</strong></span> <span class='ocrx_word' id='word_1_145' title='bbox 851 1085 1005 1112; x_wconf 87' lang='lat' dir='ltr'><strong>Dithalassa</strong></span> <span class='ocrx_word' id='word_1_146' title='bbox 1018 1084 1040 1099; x_wconf 71' lang='grc' dir='ltr'>ιδ</span> 
     </span>
    </p>
   </div>
   <div class='ocr_carea' id='block_1_22' title="bbox 253 1130 1040 1171">
    <p class='ocr_par' dir='ltr' id='par_1_22' title="bbox 253 1130 1040 1171">
     <span class='ocr_line' id='line_1_22' title="bbox 253 1130 1040 1171; baseline -0.009 -7"><span class='ocrx_word' id='word_1_147' title='bbox 253 1144 319 1165; x_wconf 89' lang='lat' dir='ltr'><strong>vero</strong></span> <span class='ocrx_word' id='word_1_148' title='bbox 344 1136 416 1169; x_wconf 83' lang='lat' dir='ltr'><strong>loca,</strong></span> <span class='ocrx_word' id='word_1_149' title='bbox 441 1143 503 1171; x_wconf 78' lang='lat' dir='ltr'><strong>quae</strong></span> <span class='ocrx_word' id='word_1_150' title='bbox 523 1134 677 1170; x_wconf 89' lang='lat' dir='ltr'><strong>duplicibus</strong></span> <span class='ocrx_word' id='word_1_151' title='bbox 701 1133 780 1160; x_wconf 67' lang='lat' dir='ltr'><strong>unda:</strong></span> <span class='ocrx_word' id='word_1_152' title='bbox 803 1131 907 1159; x_wconf 80' lang='lat' dir='ltr'><strong>fallacis</strong></span> <span class='ocrx_word' id='word_1_153' title='bbox 928 1130 1040 1158; x_wconf 72' lang='lat' dir='ltr'><strong>aestibus</strong></span> 
     </span>
    </p>
   </div>
   <div class='ocr_carea' id='block_1_23' title="bbox 254 1178 1040 1214">
    <p class='ocr_par' dir='ltr' id='par_1_23' title="bbox 254 1178 1040 1214">
     <span class='ocr_line' id='line_1_23' title="bbox 254 1178 1040 1214; baseline -0.009 -4"><span class='ocrx_word' id='word_1_154' title='bbox 254 1183 443 1213; x_wconf 80' lang='lat' dir='ltr'><strong>verberantur,</strong></span> <span class='ocrx_word' id='word_1_155' title='bbox 464 1180 555 1209; x_wconf 84' lang='lat' dir='ltr'><strong>dubiis</strong></span> <span class='ocrx_word' id='word_1_156' title='bbox 572 1185 662 1208; x_wconf 88' lang='lat' dir='ltr'><strong>mente</strong></span> <span class='ocrx_word' id='word_1_157' title='bbox 673 1201 680 1213; x_wconf 95' lang='lat'><strong>,</strong></span> <span class='ocrx_word' id='word_1_158' title='bbox 708 1184 734 1207; x_wconf 89' lang='lat' dir='ltr'><strong>et</strong></span> <span class='ocrx_word' id='word_1_159' title='bbox 747 1179 781 1207; x_wconf 88' lang='lat' dir='ltr'><strong>de</strong></span> <span class='ocrx_word' id='word_1_160' title='bbox 795 1178 1040 1214; x_wconf 85' lang='lat' dir='ltr'><strong>repromissionum</strong></span> 
     </span>
    </p>
   </div>
   <div class='ocr_carea' id='block_1_24' title="bbox 254 1223 1041 1260">
    <p class='ocr_par' dir='ltr' id='par_1_24' title="bbox 254 1223 1041 1260">
     <span class='ocr_line' id='line_1_24' title="bbox 254 1223 1041 1260; baseline -0.008 -5"><span class='ocrx_word' id='word_1_161' title='bbox 254 1227 368 1256; x_wconf 83' lang='lat' dir='ltr'><strong>veritate</strong></span> <span class='ocrx_word' id='word_1_162' title='bbox 384 1226 556 1258; x_wconf 85' lang='lat' dir='ltr'><strong>nutantibus,</strong></span> <span class='ocrx_word' id='word_1_163' title='bbox 571 1225 760 1259; x_wconf 83' lang='lat' dir='ltr'><strong>conferantur,</strong></span> <span class='ocrx_word' id='word_1_164' title='bbox 777 1229 858 1260; x_wconf 84' lang='lat' dir='ltr'><strong>atque</strong></span> <span class='ocrx_word' id='word_1_165' title='bbox 875 1224 918 1251; x_wconf 89' lang='lat' dir='ltr'><strong>his</strong></span> <span class='ocrx_word' id='word_1_166' title='bbox 935 1223 982 1258; x_wconf 93' lang='lat' dir='ltr'><strong>qui</strong></span> <span class='ocrx_word' id='word_1_167' title='bbox 1004 1223 1041 1249; x_wconf 83' lang='lat' dir='ltr'><strong>ir-</strong></span> 
     </span>
    </p>
   </div>
   <div class='ocr_carea' id='block_1_25' title="bbox 255 1268 1042 1305">
    <p class='ocr_par' dir='ltr' id='par_1_25' title="bbox 255 1268 1042 1305">
     <span class='ocr_line' id='line_1_25' title="bbox 255 1268 1042 1305; baseline -0.006 -4"><span class='ocrx_word' id='word_1_168' title='bbox 255 1273 412 1302; x_wconf 85' lang='lat' dir='ltr'><strong>rationabili</strong></span> <span class='ocrx_word' id='word_1_169' title='bbox 430 1273 509 1301; x_wconf 87' lang='lat' dir='ltr'><strong>ﬁdem</strong></span> <span class='ocrx_word' id='word_1_170' title='bbox 525 1278 647 1300; x_wconf 88' lang='lat' dir='ltr'><strong>nostram</strong></span> <span class='ocrx_word' id='word_1_171' title='bbox 663 1272 768 1299; x_wconf 88' lang='lat' dir='ltr'><strong>ratione</strong></span> <span class='ocrx_word' id='word_1_172' title='bbox 780 1270 938 1299; x_wconf 88' lang='lat' dir='ltr'><strong>discutiunt.</strong></span> <span class='ocrx_word' id='word_1_173' title='bbox 954 1268 1042 1305; x_wconf 83' lang='lat' dir='ltr'><strong>Hypo-</strong></span> 
     </span>
    </p>
   </div>
   <div class='ocr_carea' id='block_1_26' title="bbox 255 1316 1040 1354">
    <p class='ocr_par' dir='ltr' id='par_1_26' title="bbox 255 1316 1040 1354">
     <span class='ocr_line' id='line_1_26' title="bbox 255 1316 1040 1354; baseline -0.005 -7"><span class='ocrx_word' id='word_1_174' title='bbox 255 1320 330 1348; x_wconf 71' lang='lat' dir='ltr'><strong>eritze</strong></span> <span class='ocrx_word' id='word_1_175' title='bbox 345 1327 410 1347; x_wconf 90' lang='lat' dir='ltr'><strong>vero</strong></span> <span class='ocrx_word' id='word_1_176' title='bbox 425 1324 452 1346; x_wconf 88' lang='lat' dir='ltr'><strong>et</strong></span> <span class='ocrx_word' id='word_1_177' title='bbox 466 1319 566 1352; x_wconf 82' lang='lat' dir='ltr'><strong>dolosi,</strong></span> <span class='ocrx_word' id='word_1_178' title='bbox 581 1318 676 1354; x_wconf 87' lang='lat' dir='ltr'><strong>piratis</strong></span> <span class='ocrx_word' id='word_1_179' title='bbox 687 1318 790 1345; x_wconf 86' lang='lat' dir='ltr'><strong>similes</strong></span> <span class='ocrx_word' id='word_1_180' title='bbox 803 1317 965 1344; x_wconf 86' lang='lat' dir='ltr'><strong>habeantur.</strong></span> <span class='ocrx_word' id='word_1_181' title='bbox 980 1316 1040 1343; x_wconf 74' lang='lat' dir='ltr'><strong>lam</strong></span> 
     </span>
    </p>
   </div>
   <div class='ocr_carea' id='block_1_27' title="bbox 257 1362 1044 1401">
    <p class='ocr_par' dir='ltr' id='par_1_27' title="bbox 257 1362 1044 1401">
     <span class='ocr_line' id='line_1_27' title="bbox 257 1362 1044 1401; baseline -0.005 -8"><span class='ocrx_word' id='word_1_182' title='bbox 257 1373 321 1394; x_wconf 80' lang='lat' dir='ltr'><strong>vero</strong></span> <span class='ocrx_word' id='word_1_183' title='bbox 336 1365 448 1401; x_wconf 90' lang='lat' dir='ltr'><strong>rapidus</strong></span> <span class='ocrx_word' id='word_1_184' title='bbox 459 1370 564 1398; x_wconf 80' lang='lat' dir='ltr'><strong>vortex,</strong></span> <span class='ocrx_word' id='word_1_185' title='bbox 581 1370 607 1392; x_wconf 87' lang='lat' dir='ltr'><strong>et</strong></span> <span class='ocrx_word' id='word_1_186' title='bbox 621 1369 739 1392; x_wconf 86' lang='lat' dir='ltr'><strong>tartarea</strong></span> <span class='ocrx_word' id='word_1_187' title='bbox 753 1363 915 1399; x_wconf 84' lang='lat' dir='ltr'><strong>Charybdis,</strong></span> <span class='ocrx_word' id='word_1_188' title='bbox 929 1367 956 1390; x_wconf 87' lang='lat' dir='ltr'><strong>et</strong></span> <span class='ocrx_word' id='word_1_189' title='bbox 969 1362 1044 1390; x_wconf 84' lang='lat' dir='ltr'><strong>saxis</strong></span> 
     </span>
    </p>
   </div>
   <div class='ocr_carea' id='block_1_28' title="bbox 257 1408 1042 1447">
    <p class='ocr_par' dir='ltr' id='par_1_28' title="bbox 257 1408 1042 1447">
     <span class='ocr_line' id='line_1_28' title="bbox 257 1408 1042 1447; baseline -0.005 -7"><span class='ocrx_word' id='word_1_190' title='bbox 257 1412 330 1440; x_wconf 82' lang='lat' dir='ltr'><strong>illisa</strong></span> <span class='ocrx_word' id='word_1_191' title='bbox 346 1411 489 1447; x_wconf 82' lang='lat' dir='ltr'><strong>naufragia</strong></span> <span class='ocrx_word' id='word_1_192' title='bbox 500 1433 507 1444; x_wconf 88' lang='lat'><strong>,</strong></span> <span class='ocrx_word' id='word_1_193' title='bbox 528 1419 562 1439; x_wconf 88' lang='lat' dir='ltr'><strong>ac</strong></span> <span class='ocrx_word' id='word_1_194' title='bbox 576 1410 725 1438; x_wconf 62' lang='lat' dir='ltr'><strong>mortiferae</strong></span> <span class='ocrx_word' id='word_1_195' title='bbox 740 1409 942 1437; x_wconf 86' lang='lat' dir='ltr'><strong>submersiones</strong></span> <span class='ocrx_word' id='word_1_196' title='bbox 954 1430 962 1442; x_wconf 89' lang='lat'><strong>,</strong></span> <span class='ocrx_word' id='word_1_197' title='bbox 978 1408 1042 1443; x_wconf 91' lang='lat' dir='ltr'><strong>quid</strong></span> 
     </span>
    </p>
   </div>
   <div class='ocr_carea' id='block_1_29' title="bbox 257 1454 1042 1492">
    <p class='ocr_par' dir='ltr' id='par_1_29' title="bbox 257 1454 1042 1492">
     <span class='ocr_line' id='line_1_29' title="bbox 257 1454 1042 1492; baseline -0.005 -7"><span class='ocrx_word' id='word_1_198' title='bbox 257 1458 331 1485; x_wconf 84' lang='lat' dir='ltr'><strong>aliud</strong></span> <span class='ocrx_word' id='word_1_199' title='bbox 343 1457 502 1485; x_wconf 81' lang='lat' dir='ltr'><strong>aestimanda</strong></span> <span class='ocrx_word' id='word_1_200' title='bbox 515 1461 589 1490; x_wconf 90' lang='lat' dir='ltr'><strong>sunt,</strong></span> <span class='ocrx_word' id='word_1_201' title='bbox 605 1464 687 1492; x_wconf 89' lang='lat' dir='ltr'><strong>quam</strong></span> <span class='ocrx_word' id='word_1_202' title='bbox 699 1456 829 1491; x_wconf 83' lang='lat' dir='ltr'><strong>peccata?</strong></span> <span class='ocrx_word' id='word_1_203' title='bbox 843 1454 937 1482; x_wconf 83' lang='lat' dir='ltr'><strong>Restat</strong></span> <span class='ocrx_word' id='word_1_204' title='bbox 950 1455 1042 1490; x_wconf 85' lang='lat' dir='ltr'><strong>igitur,</strong></span> 
     </span>
    </p>
   </div>
   <div class='ocr_carea' id='block_1_30' title="bbox 258 1501 1041 1537">
    <p class='ocr_par' dir='ltr' id='par_1_30' title="bbox 258 1501 1041 1537">
     <span class='ocr_line' id='line_1_30' title="bbox 258 1501 1041 1537; baseline -0.006 -5"><span class='ocrx_word' id='word_1_205' title='bbox 258 1508 289 1532; x_wconf 88' lang='lat' dir='ltr'><strong>ut</strong></span> <span class='ocrx_word' id='word_1_206' title='bbox 314 1504 372 1532; x_wconf 61' lang='lat' dir='ltr'><strong>haec</strong></span> <span class='ocrx_word' id='word_1_207' title='bbox 393 1503 471 1531; x_wconf 87' lang='lat' dir='ltr'><strong>navis</strong></span> <span class='ocrx_word' id='word_1_208' title='bbox 494 1510 578 1530; x_wconf 89' lang='lat' dir='ltr'><strong>cursu</strong></span> <span class='ocrx_word' id='word_1_209' title='bbox 601 1510 732 1537; x_wconf 90' lang='lat' dir='ltr'><strong>prospero</strong></span> <span class='ocrx_word' id='word_1_210' title='bbox 756 1506 813 1530; x_wconf 89' lang='lat' dir='ltr'><strong>tuta</strong></span> <span class='ocrx_word' id='word_1_211' title='bbox 830 1501 917 1537; x_wconf 83' lang='lat' dir='ltr'><strong>possit</strong></span> <span class='ocrx_word' id='word_1_212' title='bbox 933 1506 1041 1536; x_wconf 89' lang='lat' dir='ltr'><strong>portum</strong></span> 
     </span>
    </p>
   </div>
   <div class='ocr_carea' id='block_1_31' title="bbox 922 142 1220 175">
    <p class='ocr_par' dir='ltr' id='par_1_31' title="bbox 922 142 1220 175">
     <span class='ocr_line' id='line_1_31' title="bbox 922 142 1220 175; baseline -0.017 0"><span class='ocrx_word' id='word_1_213' title='bbox 922 143 1095 175; x_wconf 77' lang='lat' dir='ltr'><strong>ANACLETI</strong></span> <span class='ocrx_word' id='word_1_214' title='bbox 1121 142 1220 171; x_wconf 56' lang='lat' dir='ltr'><strong>PAPIE</strong></span> 
     </span>
    </p>
   </div>
   <div class='ocr_carea' id='block_1_32' title="bbox 1049 193 1868 234">
    <p class='ocr_par' dir='ltr' id='par_1_32' title="bbox 1049 193 1868 234">
     <span class='ocr_line' id='line_1_32' title="bbox 1049 193 1868 234; baseline -0.016 -5"><span class='ocrx_word' id='word_1_215' title='bbox 1049 203 1071 232; x_wconf 80' lang='grc' dir='ltr'>Α</span> <span class='ocrx_word' id='word_1_216' title='bbox 1088 200 1160 229; x_wconf 88' lang='lat' dir='ltr'><strong>fecto</strong></span> <span class='ocrx_word' id='word_1_217' title='bbox 1171 204 1392 234; x_wconf 76' lang='lat' dir='ltr'><strong>transgressores</strong></span> <span class='ocrx_word' id='word_1_218' title='bbox 1407 195 1475 231; x_wconf 81' lang='lat' dir='ltr'><strong>legis</strong></span> <span class='ocrx_word' id='word_1_219' title='bbox 1492 193 1540 222; x_wconf 89' lang='lat' dir='ltr'><strong>Dei</strong></span> <span class='ocrx_word' id='word_1_220' title='bbox 1551 198 1579 221; x_wconf 89' lang='lat' dir='ltr'><strong>et</strong></span> <span class='ocrx_word' id='word_1_221' title='bbox 1593 195 1818 227; x_wconf 87' lang='lat' dir='ltr'><strong>contemptores.</strong></span> <span class='ocrx_word' id='word_1_222' title='bbox 1832 195 1868 217; x_wconf 80' lang='lat' dir='ltr'><strong>at-</strong></span> 
     </span>
    </p>
   </div>
   <div class='ocr_carea' id='block_1_33' title="bbox 1822 135 1868 162">
    <p class='ocr_par' dir='ltr' id='par_1_33' title="bbox 1822 135 1868 162">
     <span class='ocr_line' id='line_1_33' title="bbox 1822 135 1868 162; baseline 0 0"><span class='ocrx_word' id='word_1_223' title='bbox 1822 135 1868 162; x_wconf 69' lang='lat'><strong>79!</strong></span> 
     </span>
    </p>
   </div>
   <div class='ocr_carea' id='block_1_34' title="bbox 1085 235 1869 283">
    <p class='ocr_par' dir='ltr' id='par_1_34' title="bbox 1085 235 1869 283">
     <span class='ocr_line' id='line_1_34' title="bbox 1085 235 1869 283; baseline -0.017 -8"><span class='ocrx_word' id='word_1_224' title='bbox 1085 255 1138 283; x_wconf 84' lang='lat' dir='ltr'><strong>que</strong></span> <span class='ocrx_word' id='word_1_225' title='bbox 1154 245 1344 274; x_wconf 86' lang='lat' dir='ltr'><strong>inobedientes</strong></span> <span class='ocrx_word' id='word_1_226' title='bbox 1360 243 1420 278; x_wconf 89' lang='lat' dir='ltr'><strong>ejus</strong></span> <span class='ocrx_word' id='word_1_227' title='bbox 1432 239 1575 277; x_wconf 60' lang='lat' dir='ltr'><strong>praeceptis</strong></span> <span class='ocrx_word' id='word_1_228' title='bbox 1588 238 1738 267; x_wconf 89' lang='lat' dir='ltr'><strong>exsistunt.</strong></span> <span class='ocrx_word' id='word_1_229' title='bbox 1755 235 1834 264; x_wconf 78' lang='lat' dir='ltr'><strong>[inde</strong></span> <span class='ocrx_word' id='word_1_230' title='bbox 1846 241 1869 263; x_wconf 83' lang='lat' dir='ltr'><strong>et</strong></span> 
     </span>
    </p>
   </div>
   <div class='ocr_carea' id='block_1_35' title="bbox 1085 282 1869 324">
    <p class='ocr_par' dir='ltr' id='par_1_35' title="bbox 1085 282 1869 324">
     <span class='ocr_line' id='line_1_35' title="bbox 1085 282 1869 324; baseline -0.017 -4"><span class='ocrx_word' id='word_1_231' title='bbox 1085 282 1115 320; x_wconf 74' lang='grc' dir='ltr'><strong>Β.</strong></span> <span class='ocrx_word' id='word_1_232' title='bbox 1131 291 1248 319; x_wconf 86' lang='lat' dir='ltr'><strong>Jacobus</strong></span> <span class='ocrx_word' id='word_1_233' title='bbox 1264 289 1404 324; x_wconf 87' lang='lat' dir='ltr'><strong>apostolus</strong></span> <span class='ocrx_word' id='word_1_234' title='bbox 1419 287 1476 314; x_wconf 89' lang='lat' dir='ltr'><strong>ait:</strong></span> <span class='ocrx_word' id='word_1_235' title='bbox 1491 285 1521 313; x_wconf 86' lang='lat' dir='ltr'><strong>Si</strong></span> <span class='ocrx_word' id='word_1_236' title='bbox 1534 284 1646 319; x_wconf 78' lang='lat' dir='ltr'><strong>diligitis</strong></span> <span class='ocrx_word' id='word_1_237' title='bbox 1658 282 1797 318; x_wconf 68' lang='lat' dir='ltr'><strong>proximos</strong></span> <span class='ocrx_word' id='word_1_238' title='bbox 1808 282 1869 308; x_wconf 76' lang='lat' dir='ltr'><strong>sicut</strong></span> 
     </span>
    </p>
   </div>
   <div class='ocr_carea' id='block_1_36' title="bbox 1084 328 1869 373">
    <p class='ocr_par' dir='ltr' id='par_1_36' title="bbox 1084 328 1869 373">
     <span class='ocr_line' id='line_1_36' title="bbox 1084 328 1869 373; baseline -0.017 -7"><span class='ocrx_word' id='word_1_239' title='bbox 1084 347 1128 366; x_wconf 84' lang='lat' dir='ltr'><strong>vos</strong></span> <span class='ocrx_word' id='word_1_240' title='bbox 1144 338 1225 373; x_wconf 81' lang='lat' dir='ltr'><strong>ipsos,</strong></span> <span class='ocrx_word' id='word_1_241' title='bbox 1241 335 1407 370; x_wconf 83' lang='lat' dir='ltr'><strong>benefacilis.</strong></span> <span class='ocrx_word' id='word_1_242' title='bbox 1431 332 1460 360; x_wconf 88' lang='lat' dir='ltr'><strong>Si</strong></span> <span class='ocrx_word' id='word_1_243' title='bbox 1483 337 1571 359; x_wconf 84' lang='lat' dir='ltr'><strong>autem</strong></span> <span class='ocrx_word' id='word_1_244' title='bbox 1590 337 1718 364; x_wconf 75' lang='lat' dir='ltr'><strong>personas</strong></span> <span class='ocrx_word' id='word_1_245' title='bbox 1741 328 1869 362; x_wconf 72' lang='lat' dir='ltr'><strong>accipitis,</strong></span> 
     </span>
    </p>
   </div>
   <div class='ocr_carea' id='block_1_37' title="bbox 1085 375 1869 420">
    <p class='ocr_par' dir='ltr' id='par_1_37' title="bbox 1085 375 1869 420">
     <span class='ocr_line' id='line_1_37' title="bbox 1085 375 1869 420; baseline -0.017 -8"><span class='ocrx_word' id='word_1_246' title='bbox 1085 389 1220 420; x_wconf 78' lang='lat' dir='ltr'><strong>peccatum</strong></span> <span class='ocrx_word' id='word_1_247' title='bbox 1235 381 1398 418; x_wconf 79' lang='lat' dir='ltr'><strong>operamini,</strong></span> <span class='ocrx_word' id='word_1_248' title='bbox 1420 378 1556 414; x_wconf 84' lang='lat' dir='ltr'><strong>redarguti</strong></span> <span class='ocrx_word' id='word_1_249' title='bbox 1573 385 1589 403; x_wconf 87' lang='lat' dir='ltr'><strong>a</strong></span> <span class='ocrx_word' id='word_1_250' title='bbox 1603 376 1657 412; x_wconf 80' lang='lat' dir='ltr'><strong>lege</strong></span> <span class='ocrx_word' id='word_1_251' title='bbox 1668 395 1676 408; x_wconf 85' lang='lat'><strong>,</strong></span> <span class='ocrx_word' id='word_1_252' title='bbox 1691 375 1772 411; x_wconf 73' lang='lat' dir='ltr'><strong>quasi</strong></span> <span class='ocrx_word' id='word_1_253' title='bbox 1788 379 1869 401; x_wconf 81' lang='lat' dir='ltr'><strong>trans-</strong></span> 
     </span>
    </p>
   </div>
   <div class='ocr_carea' id='block_1_38' title="bbox 1086 419 1871 466">
    <p class='ocr_par' dir='ltr' id='par_1_38' title="bbox 1086 419 1871 466">
     <span class='ocr_line' id='line_1_38' title="bbox 1086 419 1871 466; baseline -0.015 -8"><span class='ocrx_word' id='word_1_254' title='bbox 1086 419 1216 466; x_wconf 62' lang='lat' dir='ltr'><strong>gressores</strong></span> <span class='ocrx_word' id='word_1_255' title='bbox 1228 429 1261 462; x_wconf 82' lang='grc'><strong>¹⁸,</strong></span> <span class='ocrx_word' id='word_1_256' title='bbox 1285 432 1338 455; x_wconf 88' lang='lat' dir='ltr'><strong>etc.</strong></span> <span class='ocrx_word' id='word_1_257' title='bbox 1362 426 1396 454; x_wconf 87' lang='lat' dir='ltr'><strong>Et</strong></span> <span class='ocrx_word' id='word_1_258' title='bbox 1407 426 1502 454; x_wconf 82' lang='lat' dir='ltr'><strong>beatus</strong></span> <span class='ocrx_word' id='word_1_259' title='bbox 1515 424 1699 459; x_wconf 59' lang='lat' dir='ltr'><strong>praedecessor</strong></span> <span class='ocrx_word' id='word_1_260' title='bbox 1711 425 1807 448; x_wconf 80' lang='lat' dir='ltr'><strong>noster</strong></span> <span class='ocrx_word' id='word_1_261' title='bbox 1817 419 1871 447; x_wconf 77' lang='lat' dir='ltr'><strong>Clo-</strong></span> 
     </span>
    </p>
   </div>
   <div class='ocr_carea' id='block_1_39' title="bbox 1085 468 1872 511">
    <p class='ocr_par' dir='ltr' id='par_1_39' title="bbox 1085 468 1872 511">
     <span class='ocr_line' id='line_1_39' title="bbox 1085 468 1872 511; baseline -0.017 -6"><span class='ocrx_word' id='word_1_262' title='bbox 1085 485 1164 505; x_wconf 87' lang='lat' dir='ltr'><strong>mens</strong></span> <span class='ocrx_word' id='word_1_263' title='bbox 1173 476 1215 504; x_wconf 83' lang='lat' dir='ltr'><strong>vir</strong></span> <span class='ocrx_word' id='word_1_264' title='bbox 1227 474 1403 511; x_wconf 84' lang='lat' dir='ltr'><strong>apostolicus,</strong></span> <span class='ocrx_word' id='word_1_265' title='bbox 1416 476 1443 500; x_wconf 89' lang='lat' dir='ltr'><strong>et</strong></span> <span class='ocrx_word' id='word_1_266' title='bbox 1454 472 1550 507; x_wconf 89' lang='lat' dir='ltr'><strong>spiritu</strong></span> <span class='ocrx_word' id='word_1_267' title='bbox 1564 469 1611 497; x_wconf 88' lang='lat' dir='ltr'><strong>Dei</strong></span> <span class='ocrx_word' id='word_1_268' title='bbox 1620 468 1728 503; x_wconf 85' lang='lat' dir='ltr'><strong>plenus,</strong></span> <span class='ocrx_word' id='word_1_269' title='bbox 1744 473 1802 494; x_wconf 88' lang='lat' dir='ltr'><strong>una</strong></span> <span class='ocrx_word' id='word_1_270' title='bbox 1812 473 1872 493; x_wconf 85' lang='lat' dir='ltr'><strong>cum</strong></span> 
     </span>
    </p>
   </div>
   <div class='ocr_carea' id='block_1_40' title="bbox 1087 511 1871 559">
    <p class='ocr_par' dir='ltr' id='par_1_40' title="bbox 1087 511 1871 559">
     <span class='ocr_line' id='line_1_40' title="bbox 1087 511 1871 559; baseline -0.014 -8"><span class='ocrx_word' id='word_1_271' title='bbox 1087 523 1199 559; x_wconf 87' lang='lat' dir='ltr'><strong>reliquis</strong></span> <span class='ocrx_word' id='word_1_272' title='bbox 1219 521 1323 550; x_wconf 89' lang='lat' dir='ltr'><strong>sanctis</strong></span> <span class='ocrx_word' id='word_1_273' title='bbox 1353 519 1464 554; x_wconf 78' lang='lat' dir='ltr'><strong>collegis</strong></span> <span class='ocrx_word' id='word_1_274' title='bbox 1499 517 1557 545; x_wconf 74' lang='lat' dir='ltr'><strong>suis</strong></span> <span class='ocrx_word' id='word_1_275' title='bbox 1581 514 1693 548; x_wconf 74' lang='lat' dir='ltr'><strong>statuit,</strong></span> <span class='ocrx_word' id='word_1_276' title='bbox 1716 513 1815 540; x_wconf 77' lang='lat' dir='ltr'><strong>dicens</strong></span> <span class='ocrx_word' id='word_1_277' title='bbox 1830 511 1871 539; x_wconf 77' lang='lat'><strong>&quot;:</strong></span> 
     </span>
    </p>
   </div>
   <div class='ocr_carea' id='block_1_41' title="bbox 1086 558 1872 597">
    <p class='ocr_par' dir='ltr' id='par_1_41' title="bbox 1086 558 1872 597">
     <span class='ocr_line' id='line_1_41' title="bbox 1086 558 1872 597; baseline -0.018 1"><span class='ocrx_word' id='word_1_278' title='bbox 1086 571 1109 586; x_wconf 83' lang='lat'><strong>&quot;</strong></span> <span class='ocrx_word' id='word_1_279' title='bbox 1115 558 1270 597; x_wconf 82' lang='lat' dir='ltr'><strong>Accusandi</strong></span> <span class='ocrx_word' id='word_1_280' title='bbox 1277 567 1319 594; x_wconf 87' lang='lat' dir='ltr'><strong>vel</strong></span> <span class='ocrx_word' id='word_1_281' title='bbox 1326 563 1489 594; x_wconf 79' lang='lat' dir='ltr'><strong>testiﬁcandi</strong></span> <span class='ocrx_word' id='word_1_282' title='bbox 1501 562 1611 591; x_wconf 85' lang='lat' dir='ltr'><strong>licentia</strong></span> <span class='ocrx_word' id='word_1_283' title='bbox 1622 561 1772 595; x_wconf 80' lang='lat' dir='ltr'><strong>denegetur</strong></span> <span class='ocrx_word' id='word_1_284' title='bbox 1778 559 1821 586; x_wconf 88' lang='lat' dir='ltr'><strong>his</strong></span> <span class='ocrx_word' id='word_1_285' title='bbox 1828 558 1872 594; x_wconf 89' lang='lat' dir='ltr'><strong>qui</strong></span> 
     </span>
    </p>
   </div>
   <div class='ocr_carea' id='block_1_42' title="bbox 1086 606 1873 648">
    <p class='ocr_par' dir='ltr' id='par_1_42' title="bbox 1086 606 1873 648">
     <span class='ocr_line' id='line_1_42' title="bbox 1086 606 1873 648; baseline -0.015 -5"><span class='ocrx_word' id='word_1_286' title='bbox 1086 615 1249 644; x_wconf 73' lang='lat' dir='ltr'><strong>Christiana:</strong></span> <span class='ocrx_word' id='word_1_287' title='bbox 1264 611 1404 648; x_wconf 77' lang='lat' dir='ltr'><strong>religionis</strong></span> <span class='ocrx_word' id='word_1_288' title='bbox 1418 614 1445 638; x_wconf 89' lang='lat' dir='ltr'><strong>et</strong></span> <span class='ocrx_word' id='word_1_289' title='bbox 1457 609 1578 637; x_wconf 90' lang='lat' dir='ltr'><strong>nominis</strong></span> <span class='ocrx_word' id='word_1_290' title='bbox 1592 606 1764 643; x_wconf 85' lang='lat' dir='ltr'><strong>dignitatem,</strong></span> <span class='ocrx_word' id='word_1_291' title='bbox 1777 610 1805 632; x_wconf 88' lang='lat' dir='ltr'><strong>et</strong></span> <span class='ocrx_word' id='word_1_292' title='bbox 1819 612 1873 632; x_wconf 65' lang='lat' dir='ltr'><strong>sua</strong></span> 
     </span>
    </p>
   </div>
   <div class='ocr_carea' id='block_1_43' title="bbox 1086 651 1874 697">
    <p class='ocr_par' dir='ltr' id='par_1_43' title="bbox 1086 651 1874 697">
     <span class='ocr_line' id='line_1_43' title="bbox 1086 651 1874 697; baseline -0.016 -8"><span class='ocrx_word' id='word_1_293' title='bbox 1086 662 1155 697; x_wconf 83' lang='lat' dir='ltr'><strong>legis</strong></span> <span class='ocrx_word' id='word_1_294' title='bbox 1169 661 1211 689; x_wconf 89' lang='lat' dir='ltr'><strong>vel</strong></span> <span class='ocrx_word' id='word_1_295' title='bbox 1224 660 1268 688; x_wconf 92' lang='lat' dir='ltr'><strong>sui</strong></span> <span class='ocrx_word' id='word_1_296' title='bbox 1283 657 1413 694; x_wconf 90' lang='lat' dir='ltr'><strong>propositi</strong></span> <span class='ocrx_word' id='word_1_297' title='bbox 1428 662 1562 686; x_wconf 84' lang='lat' dir='ltr'><strong>normam,</strong></span> <span class='ocrx_word' id='word_1_298' title='bbox 1575 658 1623 681; x_wconf 92' lang='lat' dir='ltr'><strong>aut</strong></span> <span class='ocrx_word' id='word_1_299' title='bbox 1636 651 1799 687; x_wconf 76' lang='lat' dir='ltr'><strong>regulariter</strong></span> <span class='ocrx_word' id='word_1_300' title='bbox 1812 657 1874 685; x_wconf 89' lang='lat' dir='ltr'><strong>pro-</strong></span> 
     </span>
    </p>
   </div>
   <div class='ocr_carea' id='block_1_44' title="bbox 1086 696 1874 742">
    <p class='ocr_par' dir='ltr' id='par_1_44' title="bbox 1086 696 1874 742">
     <span class='ocr_line' id='line_1_44' title="bbox 1086 696 1874 742; baseline -0.018 -6"><span class='ocrx_word' id='word_1_301' title='bbox 1086 696 1172 736; x_wconf 86' lang='lat' dir='ltr'><strong>hibita</strong></span> <span class='ocrx_word' id='word_1_302' title='bbox 1183 706 1360 742; x_wconf 82' lang='lat' dir='ltr'><strong>neglexerint.</strong></span> <span class='ocrx_word' id='word_1_303' title='bbox 1373 704 1603 736; x_wconf 77' lang='lat' dir='ltr'><strong>Transgressores</strong></span> <span class='ocrx_word' id='word_1_304' title='bbox 1613 699 1686 726; x_wconf 86' lang='lat' dir='ltr'><strong>enim</strong></span> <span class='ocrx_word' id='word_1_305' title='bbox 1694 702 1796 732; x_wconf 88' lang='lat' dir='ltr'><strong>sponte</strong></span> <span class='ocrx_word' id='word_1_306' title='bbox 1808 696 1874 732; x_wconf 82' lang='lat' dir='ltr'><strong>legis</strong></span> 
     </span>
    </p>
   </div>
   <div class='ocr_carea' id='block_1_45' title="bbox 1088 745 1875 788">
    <p class='ocr_par' dir='ltr' id='par_1_45' title="bbox 1088 745 1875 788">
     <span class='ocr_line' id='line_1_45' title="bbox 1088 745 1875 788; baseline -0.018 -6"><span class='ocrx_word' id='word_1_307' title='bbox 1088 762 1155 786; x_wconf 67' lang='lat' dir='ltr'><strong>suae,</strong></span> <span class='ocrx_word' id='word_1_308' title='bbox 1180 753 1294 788; x_wconf 87' lang='lat' dir='ltr'><strong>ejusque</strong></span> <span class='ocrx_word' id='word_1_309' title='bbox 1318 750 1465 778; x_wconf 82' lang='lat' dir='ltr'><strong>violatores</strong></span> <span class='ocrx_word' id='word_1_310' title='bbox 1489 751 1516 775; x_wconf 92' lang='lat' dir='ltr'><strong>et</strong></span> <span class='ocrx_word' id='word_1_311' title='bbox 1541 745 1714 776; x_wconf 83' lang='lat' dir='ltr'><strong>recedentes,</strong></span> <span class='ocrx_word' id='word_1_312' title='bbox 1741 747 1875 778; x_wconf 81' lang='lat' dir='ltr'><strong>apostaue</strong></span> 
     </span>
    </p>
   </div>
   <div class='ocr_carea' id='block_1_46' title="bbox 1089 789 1875 828">
    <p class='ocr_par' dir='ltr' id='par_1_46' title="bbox 1089 789 1875 828">
     <span class='ocr_line' id='line_1_46' title="bbox 1089 789 1875 828; baseline -0.017 -1"><span class='ocrx_word' id='word_1_313' title='bbox 1089 800 1274 827; x_wconf 87' lang='lat' dir='ltr'><strong>nominantur.</strong></span> <span class='ocrx_word' id='word_1_314' title='bbox 1298 795 1394 824; x_wconf 89' lang='lat' dir='ltr'><strong>Omnis</strong></span> <span class='ocrx_word' id='word_1_315' title='bbox 1407 793 1481 822; x_wconf 87' lang='lat' dir='ltr'><strong>enim</strong></span> <span class='ocrx_word' id='word_1_316' title='bbox 1499 796 1624 828; x_wconf 87' lang='lat' dir='ltr'><strong>apostata</strong></span> <span class='ocrx_word' id='word_1_317' title='bbox 1646 789 1811 818; x_wconf 60' lang='lat' dir='ltr'><strong>refumndus</strong></span> <span class='ocrx_word' id='word_1_318' title='bbox 1833 792 1875 815; x_wconf 89' lang='lat' dir='ltr'><strong>est</strong></span> 
     </span>
    </p>
   </div>
   <div class='ocr_carea' id='block_1_47' title="bbox 1090 836 1877 874">
    <p class='ocr_par' dir='ltr' id='par_1_47' title="bbox 1090 836 1877 874">
     <span class='ocr_line' id='line_1_47' title="bbox 1090 836 1877 874; baseline -0.018 0"><span class='ocrx_word' id='word_1_319' title='bbox 1090 851 1152 874; x_wconf 89' lang='lat' dir='ltr'><strong>ante</strong></span> <span class='ocrx_word' id='word_1_320' title='bbox 1166 844 1350 873; x_wconf 88' lang='lat' dir='ltr'><strong>reversionem</strong></span> <span class='ocrx_word' id='word_1_321' title='bbox 1369 849 1466 873; x_wconf 88' lang='lat' dir='ltr'><strong>suam,</strong></span> <span class='ocrx_word' id='word_1_322' title='bbox 1489 847 1544 867; x_wconf 92' lang='lat' dir='ltr'><strong>non</strong></span> <span class='ocrx_word' id='word_1_323' title='bbox 1567 839 1593 866; x_wconf 92' lang='lat' dir='ltr'><strong>in</strong></span> <span class='ocrx_word' id='word_1_324' title='bbox 1611 836 1786 864; x_wconf 72' lang='lat' dir='ltr'><strong>accustljone</strong></span> <span class='ocrx_word' id='word_1_325' title='bbox 1802 839 1877 862; x_wconf 76' lang='lat' dir='ltr'><strong>recte</strong></span> 
     </span>
    </p>
   </div>
   <div class='ocr_carea' id='block_1_48' title="bbox 1090 881 1877 928">
    <p class='ocr_par' dir='ltr' id='par_1_48' title="bbox 1090 881 1877 928">
     <span class='ocr_line' id='line_1_48' title="bbox 1090 881 1877 928; baseline -0.018 -7"><span class='ocrx_word' id='word_1_326' title='bbox 1090 892 1227 928; x_wconf 80' lang='lat' dir='ltr'><strong>agentium</strong></span> <span class='ocrx_word' id='word_1_327' title='bbox 1241 911 1247 922; x_wconf 89' lang='lat'><strong>,</strong></span> <span class='ocrx_word' id='word_1_328' title='bbox 1273 894 1320 916; x_wconf 83' lang='lat' dir='ltr'><strong>aut</strong></span> <span class='ocrx_word' id='word_1_329' title='bbox 1343 886 1499 916; x_wconf 85' lang='lat' dir='ltr'><strong>testimonio</strong></span> <span class='ocrx_word' id='word_1_330' title='bbox 1520 883 1725 919; x_wconf 84' lang='lat' dir='ltr'><strong>suscipiendus;</strong></span> <span class='ocrx_word' id='word_1_331' title='bbox 1749 881 1818 916; x_wconf 83' lang='lat' dir='ltr'><strong>quia</strong></span> <span class='ocrx_word' id='word_1_332' title='bbox 1836 881 1877 908; x_wconf 76' lang='lat' dir='ltr'><strong>\ir</strong></span> 
     </span>
    </p>
   </div>
   <div class='ocr_carea' id='block_1_49' title="bbox 1089 926 1875 974">
    <p class='ocr_par' dir='ltr' id='par_1_49' title="bbox 1089 926 1875 974">
     <span class='ocr_line' id='line_1_49' title="bbox 1089 926 1875 974; baseline -0.018 -8"><span class='ocrx_word' id='word_1_333' title='bbox 1089 926 1191 974; x_wconf 75' lang='lat' dir='ltr'><strong>duplex</strong></span> <span class='ocrx_word' id='word_1_334' title='bbox 1206 937 1309 967; x_wconf 88' lang='lat' dir='ltr'><strong>animo,</strong></span> <span class='ocrx_word' id='word_1_335' title='bbox 1325 935 1485 962; x_wconf 85' lang='lat' dir='ltr'><strong>inconstans</strong></span> <span class='ocrx_word' id='word_1_336' title='bbox 1498 935 1539 959; x_wconf 91' lang='lat' dir='ltr'><strong>est</strong></span> <span class='ocrx_word' id='word_1_337' title='bbox 1554 931 1582 958; x_wconf 91' lang='lat' dir='ltr'><strong>in</strong></span> <span class='ocrx_word' id='word_1_338' title='bbox 1593 928 1721 957; x_wconf 75' lang='lat' dir='ltr'><strong>omnibus</strong></span> <span class='ocrx_word' id='word_1_339' title='bbox 1733 927 1789 954; x_wconf 89' lang='lat' dir='ltr'><strong>viis</strong></span> <span class='ocrx_word' id='word_1_340' title='bbox 1805 926 1875 954; x_wconf 89' lang='lat' dir='ltr'><strong>suis.</strong></span> 
     </span>
    </p>
   </div>
   <div class='ocr_carea' id='block_1_50' title="bbox 1091 973 1877 1019">
    <p class='ocr_par' dir='ltr' id='par_1_50' title="bbox 1091 973 1877 1019">
     <span class='ocr_line' id='line_1_50' title="bbox 1091 973 1877 1019; baseline -0.018 -7"><span class='ocrx_word' id='word_1_341' title='bbox 1091 973 1246 1019; x_wconf 72' lang='lat' dir='ltr'><strong>Quicunque</strong></span> <span class='ocrx_word' id='word_1_342' title='bbox 1261 986 1365 1013; x_wconf 87' lang='lat' dir='ltr'><strong>autem,</strong></span> <span class='ocrx_word' id='word_1_343' title='bbox 1381 984 1411 1007; x_wconf 90' lang='lat' dir='ltr'><strong>ut</strong></span> <span class='ocrx_word' id='word_1_344' title='bbox 1423 979 1461 1006; x_wconf 88' lang='lat' dir='ltr'><strong>ait</strong></span> <span class='ocrx_word' id='word_1_345' title='bbox 1476 976 1616 1012; x_wconf 85' lang='lat' dir='ltr'><strong>apostolus</strong></span> <span class='ocrx_word' id='word_1_346' title='bbox 1631 973 1750 1002; x_wconf 76' lang='lat' dir='ltr'><strong>Jacobts</strong></span> <span class='ocrx_word' id='word_1_347' title='bbox 1761 993 1769 1004; x_wconf 87' lang='lat'><strong>,</strong></span> <span class='ocrx_word' id='word_1_348' title='bbox 1792 978 1877 999; x_wconf 79' lang='lat' dir='ltr'><strong>totam</strong></span> 
     </span>
    </p>
   </div>
   <div class='ocr_carea' id='block_1_51' title="bbox 1090 1020 1877 1068">
    <p class='ocr_par' dir='ltr' id='par_1_51' title="bbox 1090 1020 1877 1068">
     <span class='ocr_line' id='line_1_51' title="bbox 1090 1020 1877 1068; baseline -0.019 -9"><span class='ocrx_word' id='word_1_349' title='bbox 1090 1032 1171 1068; x_wconf 84' lang='lat' dir='ltr'><strong>legem</strong></span> <span class='ocrx_word' id='word_1_350' title='bbox 1184 1029 1336 1061; x_wconf 80' lang='lat' dir='ltr'><strong>servaverit,</strong></span> <span class='ocrx_word' id='word_1_351' title='bbox 1356 1025 1495 1062; x_wconf 80' lang='lat' dir='ltr'><strong>offenderit</strong></span> <span class='ocrx_word' id='word_1_352' title='bbox 1512 1028 1599 1051; x_wconf 86' lang='lat' dir='ltr'><strong>autem</strong></span> <span class='ocrx_word' id='word_1_353' title='bbox 1617 1023 1644 1049; x_wconf 89' lang='lat' dir='ltr'><strong>in</strong></span> <span class='ocrx_word' id='word_1_354' title='bbox 1657 1028 1722 1053; x_wconf 88' lang='lat' dir='ltr'><strong>uno,</strong></span> <span class='ocrx_word' id='word_1_355' title='bbox 1733 1020 1822 1051; x_wconf 80' lang='lat' dir='ltr'><strong>factus</strong></span> <span class='ocrx_word' id='word_1_356' title='bbox 1838 1024 1877 1046; x_wconf 80' lang='lat' dir='ltr'><strong>est</strong></span> 
     </span>
    </p>
   </div>
   <div class='ocr_carea' id='block_1_52' title="bbox 1092 1066 1878 1106">
    <p class='ocr_par' dir='ltr' id='par_1_52' title="bbox 1092 1066 1878 1106">
     <span class='ocr_line' id='line_1_52' title="bbox 1092 1066 1878 1106; baseline -0.019 -1"><span class='ocrx_word' id='word_1_357' title='bbox 1092 1066 1149 1105; x_wconf 76' lang='lat' dir='ltr'><strong>reus</strong></span> <span class='ocrx_word' id='word_1_358' title='bbox 1176 1076 1304 1103; x_wconf 87' lang='lat' dir='ltr'><strong>omnium.</strong></span> <span class='ocrx_word' id='word_1_359' title='bbox 1328 1072 1380 1106; x_wconf 85' lang='lat' dir='ltr'><strong>Qui</strong></span> <span class='ocrx_word' id='word_1_360' title='bbox 1404 1072 1473 1100; x_wconf 88' lang='lat' dir='ltr'><strong>enim</strong></span> <span class='ocrx_word' id='word_1_361' title='bbox 1494 1070 1563 1097; x_wconf 61' lang='lat' dir='ltr'><strong>dixit</strong></span> <span class='ocrx_word' id='word_1_362' title='bbox 1580 1076 1588 1095; x_wconf 95' lang='lat'><em>:</em></span> <span class='ocrx_word' id='word_1_363' title='bbox 1604 1067 1666 1094; x_wconf 86' lang='lat' dir='ltr'><strong>Non</strong></span> <span class='ocrx_word' id='word_1_364' title='bbox 1687 1066 1878 1097; x_wconf 61' lang='lat' dir='ltr'><strong>memberis;</strong></span> 
     </span>
    </p>
   </div>
   <div class='ocr_carea' id='block_1_53' title="bbox 1090 1112 1878 1151">
    <p class='ocr_par' dir='ltr' id='par_1_53' title="bbox 1090 1112 1878 1151">
     <span class='ocr_line' id='line_1_53' title="bbox 1090 1112 1878 1151; baseline -0.019 0"><span class='ocrx_word' id='word_1_365' title='bbox 1090 1124 1158 1151; x_wconf 65' lang='lat' dir='ltr'><strong>dixit</strong></span> <span class='ocrx_word' id='word_1_366' title='bbox 1183 1127 1231 1150; x_wconf 87' lang='lat' dir='ltr'><strong>et:</strong></span> <span class='ocrx_word' id='word_1_367' title='bbox 1250 1120 1310 1148; x_wconf 80' lang='lat' dir='ltr'><strong>Non</strong></span> <span class='ocrx_word' id='word_1_368' title='bbox 1334 1118 1447 1146; x_wconf 77' lang='lat' dir='ltr'><strong>occides.</strong></span> <span class='ocrx_word' id='word_1_369' title='bbox 1472 1115 1549 1149; x_wconf 81' lang='lat' dir='ltr'><strong>Quod</strong></span> <span class='ocrx_word' id='word_1_370' title='bbox 1569 1115 1592 1142; x_wconf 87' lang='lat' dir='ltr'><strong>si</strong></span> <span class='ocrx_word' id='word_1_371' title='bbox 1614 1121 1666 1140; x_wconf 85' lang='lat' dir='ltr'><strong>non</strong></span> <span class='ocrx_word' id='word_1_372' title='bbox 1687 1112 1878 1144; x_wconf 77' lang='lat' dir='ltr'><strong>mtedmberis,</strong></span> 
     </span>
    </p>
   </div>
   <div class='ocr_carea' id='block_1_54' title="bbox 1091 1157 1880 1200">
    <p class='ocr_par' dir='ltr' id='par_1_54' title="bbox 1091 1157 1880 1200">
     <span class='ocr_line' id='line_1_54' title="bbox 1091 1157 1880 1200; baseline -0.016 -4"><span class='ocrx_word' id='word_1_373' title='bbox 1091 1169 1196 1196; x_wconf 87' lang='lat' dir='ltr'><strong>occidas</strong></span> <span class='ocrx_word' id='word_1_374' title='bbox 1208 1171 1306 1199; x_wconf 84' lang='lat' dir='ltr'><strong>autem,</strong></span> <span class='ocrx_word' id='word_1_375' title='bbox 1320 1166 1406 1200; x_wconf 83' lang='lat' dir='ltr'><strong>factus</strong></span> <span class='ocrx_word' id='word_1_376' title='bbox 1417 1172 1443 1191; x_wconf 77' lang='lat' dir='ltr'><strong>es</strong></span> <span class='ocrx_word' id='word_1_377' title='bbox 1458 1168 1635 1197; x_wconf 82' lang='lat' dir='ltr'><strong>transgressor</strong></span> <span class='ocrx_word' id='word_1_378' title='bbox 1647 1158 1721 1194; x_wconf 75' lang='lat' dir='ltr'><strong>legis.</strong></span> <span class='ocrx_word' id='word_1_379' title='bbox 1735 1157 1777 1185; x_wconf 76' lang='lat' dir='ltr'><strong>Sc</strong></span> <span class='ocrx_word' id='word_1_380' title='bbox 1790 1158 1880 1193; x_wconf 82' lang='lat' dir='ltr'><strong>loqui-</strong></span> 
     </span>
    </p>
   </div>
   <div class='ocr_carea' id='block_1_55' title="bbox 1091 1204 1881 1246">
    <p class='ocr_par' dir='ltr' id='par_1_55' title="bbox 1091 1204 1881 1246">
     <span class='ocr_line' id='line_1_55' title="bbox 1091 1204 1881 1246; baseline -0.015 -5"><span class='ocrx_word' id='word_1_381' title='bbox 1091 1214 1168 1245; x_wconf 88' lang='lat' dir='ltr'><strong>mini,</strong></span> <span class='ocrx_word' id='word_1_382' title='bbox 1193 1217 1220 1240; x_wconf 82' lang='lat' dir='ltr'><strong>et</strong></span> <span class='ocrx_word' id='word_1_383' title='bbox 1235 1212 1272 1239; x_wconf 90' lang='lat' dir='ltr'><strong>sic</strong></span> <span class='ocrx_word' id='word_1_384' title='bbox 1288 1211 1379 1246; x_wconf 88' lang='lat' dir='ltr'><strong>facite,</strong></span> <span class='ocrx_word' id='word_1_385' title='bbox 1397 1209 1467 1236; x_wconf 83' lang='lat' dir='ltr'><strong>sicut</strong></span> <span class='ocrx_word' id='word_1_386' title='bbox 1490 1215 1536 1243; x_wconf 88' lang='lat' dir='ltr'><strong>per</strong></span> <span class='ocrx_word' id='word_1_387' title='bbox 1557 1206 1638 1241; x_wconf 80' lang='lat' dir='ltr'><strong>legem</strong></span> <span class='ocrx_word' id='word_1_388' title='bbox 1662 1205 1789 1232; x_wconf 78' lang='lat' dir='ltr'><strong>libertais</strong></span> <span class='ocrx_word' id='word_1_389' title='bbox 1810 1204 1881 1230; x_wconf 83' lang='lat' dir='ltr'><strong>inci-</strong></span> 
     </span>
    </p>
   </div>
   <div class='ocr_carea' id='block_1_56' title="bbox 1091 1250 1881 1296">
    <p class='ocr_par' dir='ltr' id='par_1_56' title="bbox 1091 1250 1881 1296">
     <span class='ocr_line' id='line_1_56' title="bbox 1091 1250 1881 1296; baseline -0.015 -9"><span class='ocrx_word' id='word_1_390' title='bbox 1091 1261 1190 1296; x_wconf 78' lang='lat' dir='ltr'><strong>pientes</strong></span> <span class='ocrx_word' id='word_1_391' title='bbox 1205 1257 1335 1294; x_wconf 84' lang='lat' dir='ltr'><strong>judicari.</strong></span> <span class='ocrx_word' id='word_1_392' title='bbox 1358 1255 1497 1283; x_wconf 69' lang='lat' dir='ltr'><strong>Iudicium</strong></span> <span class='ocrx_word' id='word_1_393' title='bbox 1521 1253 1591 1280; x_wconf 86' lang='lat' dir='ltr'><strong>enim</strong></span> <span class='ocrx_word' id='word_1_394' title='bbox 1614 1252 1671 1278; x_wconf 82' lang='lat' dir='ltr'><strong>sine</strong></span> <span class='ocrx_word' id='word_1_395' title='bbox 1696 1250 1881 1277; x_wconf 73' lang='lat' dir='ltr'><strong>misen&#39;cordia</strong></span> 
     </span>
    </p>
   </div>
   <div class='ocr_carea' id='block_1_57' title="bbox 1091 1295 1882 1342">
    <p class='ocr_par' dir='ltr' id='par_1_57' title="bbox 1091 1295 1882 1342">
     <span class='ocr_line' id='line_1_57' title="bbox 1091 1295 1882 1342; baseline -0.015 -9"><span class='ocrx_word' id='word_1_396' title='bbox 1091 1295 1137 1342; x_wconf 57' lang='lat' dir='ltr'><strong>fiet</strong></span> <span class='ocrx_word' id='word_1_397' title='bbox 1152 1305 1202 1338; x_wconf 86' lang='lat' dir='ltr'><strong>illi,</strong></span> <span class='ocrx_word' id='word_1_398' title='bbox 1222 1304 1268 1340; x_wconf 86' lang='lat' dir='ltr'><strong>qui</strong></span> <span class='ocrx_word' id='word_1_399' title='bbox 1287 1311 1340 1330; x_wconf 85' lang='lat' dir='ltr'><strong>non</strong></span> <span class='ocrx_word' id='word_1_400' title='bbox 1361 1302 1424 1337; x_wconf 84' lang='lat' dir='ltr'><strong>fecit</strong></span> <span class='ocrx_word' id='word_1_401' title='bbox 1449 1298 1670 1327; x_wconf 86' lang='lat' dir='ltr'><strong>misericordiam.</strong></span> <span class='ocrx_word' id='word_1_402' title='bbox 1693 1295 1882 1330; x_wconf 63' lang='lat' dir='ltr'><strong>Superxaltat</strong></span> 
     </span>
    </p>
   </div>
   <div class='ocr_carea' id='block_1_58' title="bbox 1093 1341 1883 1382">
    <p class='ocr_par' dir='ltr' id='par_1_58' title="bbox 1093 1341 1883 1382">
     <span class='ocr_line' id='line_1_58' title="bbox 1093 1341 1883 1382; baseline -0.015 -3"><span class='ocrx_word' id='word_1_403' title='bbox 1093 1341 1183 1379; x_wconf 86' lang='lat' dir='ltr'><strong>autem</strong></span> <span class='ocrx_word' id='word_1_404' title='bbox 1209 1349 1392 1377; x_wconf 73' lang='lat' dir='ltr'><strong>misericordia</strong></span> <span class='ocrx_word' id='word_1_405' title='bbox 1413 1345 1587 1382; x_wconf 80' lang='lat' dir='ltr'><strong>judicium&quot;.</strong></span> <span class='ocrx_word' id='word_1_406' title='bbox 1612 1343 1645 1370; x_wconf 87' lang='lat' dir='ltr'><strong>Et</strong></span> <span class='ocrx_word' id='word_1_407' title='bbox 1666 1342 1798 1369; x_wconf 73' lang='lat' dir='ltr'><strong>Dominu:</strong></span> <span class='ocrx_word' id='word_1_408' title='bbox 1825 1341 1883 1368; x_wconf 87' lang='lat' dir='ltr'><strong>ait:</strong></span> 
     </span>
    </p>
   </div>
   <div class='ocr_carea' id='block_1_59' title="bbox 1095 1389 1883 1429">
    <p class='ocr_par' dir='ltr' id='par_1_59' title="bbox 1095 1389 1883 1429">
     <span class='ocr_line' id='line_1_59' title="bbox 1095 1389 1883 1429; baseline -0.014 -3"><span class='ocrx_word' id='word_1_409' title='bbox 1095 1399 1166 1426; x_wconf 84' lang='lat' dir='ltr'><strong>Nolo</strong></span> <span class='ocrx_word' id='word_1_410' title='bbox 1177 1402 1287 1425; x_wconf 83' lang='lat' dir='ltr'><strong>mortem</strong></span> <span class='ocrx_word' id='word_1_411' title='bbox 1295 1394 1451 1429; x_wconf 75' lang='lat' dir='ltr'><strong>peccatoris,</strong></span> <span class='ocrx_word' id='word_1_412' title='bbox 1460 1392 1505 1420; x_wconf 85' lang='lat' dir='ltr'><strong>sed</strong></span> <span class='ocrx_word' id='word_1_413' title='bbox 1516 1396 1544 1418; x_wconf 87' lang='lat' dir='ltr'><strong>ut</strong></span> <span class='ocrx_word' id='word_1_414' title='bbox 1553 1395 1729 1422; x_wconf 81' lang='lat' dir='ltr'><strong>convertatur,</strong></span> <span class='ocrx_word' id='word_1_415' title='bbox 1741 1394 1767 1416; x_wconf 86' lang='lat' dir='ltr'><strong>et</strong></span> <span class='ocrx_word' id='word_1_416' title='bbox 1776 1389 1843 1416; x_wconf 63' lang='lat' dir='ltr'><strong>uiuat</strong></span> <span class='ocrx_word' id='word_1_417' title='bbox 1851 1389 1883 1415; x_wconf 77' lang='grc'><strong>²’.</strong></span> 
     </span>
    </p>
   </div>
   <div class='ocr_carea' id='block_1_60' title="bbox 1093 1435 1886 1475">
    <p class='ocr_par' dir='ltr' id='par_1_60' title="bbox 1093 1435 1886 1475">
     <span class='ocr_line' id='line_1_60' title="bbox 1093 1435 1886 1475; baseline -0.015 -2"><span class='ocrx_word' id='word_1_418' title='bbox 1093 1445 1127 1473; x_wconf 85' lang='grc' dir='ltr'>Ει</span> <span class='ocrx_word' id='word_1_419' title='bbox 1137 1444 1222 1473; x_wconf 83' lang='lat' dir='ltr'><strong>multa</strong></span> <span class='ocrx_word' id='word_1_420' title='bbox 1235 1444 1308 1474; x_wconf 87' lang='lat' dir='ltr'><strong>talia,</strong></span> <span class='ocrx_word' id='word_1_421' title='bbox 1322 1443 1475 1475; x_wconf 88' lang='lat' dir='ltr'><strong>horumque</strong></span> <span class='ocrx_word' id='word_1_422' title='bbox 1487 1436 1688 1467; x_wconf 87' lang='lat' dir='ltr'><strong>similia.Nemo</strong></span> <span class='ocrx_word' id='word_1_423' title='bbox 1700 1436 1782 1468; x_wconf 71' lang='lat' dir='ltr'><strong>enim,</strong></span> <span class='ocrx_word' id='word_1_424' title='bbox 1797 1435 1886 1470; x_wconf 62' lang='lat' dir='ltr'><strong>intuit</strong></span> 
     </span>
    </p>
   </div>
   <div class='ocr_carea' id='block_1_61' title="bbox 1094 1481 1886 1527">
    <p class='ocr_par' dir='ltr' id='par_1_61' title="bbox 1094 1481 1886 1527">
     <span class='ocr_line' id='line_1_61' title="bbox 1094 1481 1886 1527; baseline -0.019 -7"><span class='ocrx_word' id='word_1_425' title='bbox 1094 1491 1254 1527; x_wconf 77' lang='lat' dir='ltr'><strong>Apostolus,</strong></span> <span class='ocrx_word' id='word_1_426' title='bbox 1269 1493 1389 1516; x_wconf 87' lang='lat' dir='ltr'><strong>nostrum</strong></span> <span class='ocrx_word' id='word_1_427' title='bbox 1403 1486 1455 1513; x_wconf 82' lang='lat' dir='ltr'><strong>sibi</strong></span> <span class='ocrx_word' id='word_1_428' title='bbox 1469 1485 1543 1517; x_wconf 79' lang='lat' dir='ltr'><strong>vivit,</strong></span> <span class='ocrx_word' id='word_1_429' title='bbox 1558 1489 1583 1511; x_wconf 87' lang='lat' dir='ltr'><strong>et</strong></span> <span class='ocrx_word' id='word_1_430' title='bbox 1596 1490 1670 1510; x_wconf 82' lang='lat' dir='ltr'><strong>nemo</strong></span> <span class='ocrx_word' id='word_1_431' title='bbox 1686 1482 1740 1508; x_wconf 79' lang='lat' dir='ltr'><strong>sibi</strong></span> <span class='ocrx_word' id='word_1_432' title='bbox 1758 1481 1886 1507; x_wconf 79' lang='lat' dir='ltr'><strong>moritur.</strong></span> 
     </span>
    </p>
   </div>
   <div class='ocr_carea' id='block_1_62' title="bbox 258 1525 1042 1582">
    <p class='ocr_par' dir='ltr' id='par_1_62' title="bbox 258 1525 1042 1582">
     <span class='ocr_line' id='line_1_62' title="bbox 259 1525 1041 1537; baseline -0.006 -5"><span class='ocrx_word' id='word_1_433' title='bbox 259 1525 289 1532; x_wconf 77' lang='grc'><strong>...</strong></span> <span class='ocrx_word' id='word_1_434' title='bbox 314 1525 372 1532; x_wconf 59' lang='grc' dir='ltr'><strong>..κν</strong></span> <span class='ocrx_word' id='word_1_435' title='bbox 394 1525 471 1531; x_wconf 79' lang='lat'><strong>......-</strong></span> <span class='ocrx_word' id='word_1_436' title='bbox 496 1525 578 1530; x_wconf 69' lang='lat'><strong>-_.-..</strong></span> <span class='ocrx_word' id='word_1_437' title='bbox 601 1525 731 1537; x_wconf 62' lang='lat'><strong>,.--,-.-</strong></span> <span class='ocrx_word' id='word_1_438' title='bbox 757 1525 813 1530; x_wconf 82' lang='lat'><strong>._-_</strong></span> <span class='ocrx_word' id='word_1_439' title='bbox 831 1525 917 1537; x_wconf 55' lang='grc' dir='ltr'><strong>τη-..</strong></span> <span class='ocrx_word' id='word_1_440' title='bbox 934 1525 1041 1536; x_wconf 61' lang='lat' dir='ltr'><strong>r-._____</strong></span> 
     </span>
     <span class='ocr_line' id='line_1_63' title="bbox 258 1546 1042 1582; baseline -0.005 -5"><span class='ocrx_word' id='word_1_441' title='bbox 258 1550 420 1577; x_wconf 63' lang='lat' dir='ltr'><strong>desiderata:</strong></span> <span class='ocrx_word' id='word_1_442' title='bbox 433 1549 509 1576; x_wconf 87' lang='lat' dir='ltr'><strong>urbis</strong></span> <span class='ocrx_word' id='word_1_443' title='bbox 525 1548 646 1582; x_wconf 89' lang='lat' dir='ltr'><strong>intrare,</strong></span> <span class='ocrx_word' id='word_1_444' title='bbox 671 1548 707 1575; x_wconf 91' lang='lat' dir='ltr'><strong>ita</strong></span> <span class='ocrx_word' id='word_1_445' title='bbox 724 1547 780 1575; x_wconf 91' lang='lat' dir='ltr'><strong>Deo</strong></span> <span class='ocrx_word' id='word_1_446' title='bbox 799 1555 905 1582; x_wconf 86' lang='lat' dir='ltr'><strong>precem</strong></span> <span class='ocrx_word' id='word_1_447' title='bbox 932 1546 1042 1574; x_wconf 80' lang='lat' dir='ltr'><strong>fundere</strong></span> 
     </span>
    </p>
   </div>
   <div class='ocr_carea' id='block_1_63' title="bbox 1095 1525 1896 1582">
    <p class='ocr_par' dir='ltr' id='par_1_63' title="bbox 1097 1525 1896 1572">
     <span class='ocr_line' id='line_1_64' title="bbox 1097 1525 1896 1572; baseline -0.018 -6"><span class='ocrx_word' id='word_1_448' title='bbox 1097 1538 1155 1566; x_wconf 86' lang='lat' dir='ltr'><strong>Sive</strong></span> <span class='ocrx_word' id='word_1_449' title='bbox 1172 1545 1232 1572; x_wconf 85' lang='lat' dir='ltr'><strong>ergo</strong></span> <span class='ocrx_word' id='word_1_450' title='bbox 1247 1536 1369 1567; x_wconf 85' lang='lat' dir='ltr'><strong>vivimus,</strong></span> <span class='ocrx_word' id='word_1_451' title='bbox 1385 1533 1438 1560; x_wconf 80' lang='lat' dir='ltr'><strong>sive</strong></span> <span class='ocrx_word' id='word_1_452' title='bbox 1454 1531 1593 1563; x_wconf 84' lang='lat' dir='ltr'><strong>morimur,</strong></span> <span class='ocrx_word' id='word_1_453' title='bbox 1610 1528 1717 1556; x_wconf 86' lang='lat' dir='ltr'><strong>Domini</strong></span> <span class='ocrx_word' id='word_1_454' title='bbox 1733 1535 1846 1555; x_wconf 65' lang='lat' dir='ltr'><strong>summ.</strong></span> <span class='ocrx_word' id='word_1_455' title='bbox 1861 1525 1896 1553; x_wconf 85' lang='lat' dir='ltr'><strong>In</strong></span> 
     </span>
    </p>
   </div>
   <div class='ocr_carea' id='block_1_64' title="bbox 259 1594 769 1631">
    <p class='ocr_par' dir='ltr' id='par_1_64' title="bbox 259 1594 769 1631">
     <span class='ocr_line' id='line_1_65' title="bbox 259 1594 769 1631; baseline -0.006 -8"><span class='ocrx_word' id='word_1_456' title='bbox 259 1596 430 1631; x_wconf 79' lang='lat' dir='ltr'><strong>navigantes,</strong></span> <span class='ocrx_word' id='word_1_457' title='bbox 448 1599 478 1622; x_wconf 90' lang='lat' dir='ltr'><strong>ut</strong></span> <span class='ocrx_word' id='word_1_458' title='bbox 495 1599 651 1622; x_wconf 88' lang='lat' dir='ltr'><strong>mereantur</strong></span> <span class='ocrx_word' id='word_1_459' title='bbox 667 1594 769 1622; x_wconf 80' lang='lat' dir='ltr'><strong>audiri.</strong></span> 
     </span>
    </p>
   </div>
   <div class='ocr_carea' id='block_1_65' title="bbox 423 1742 885 1777">
    <p class='ocr_par' dir='ltr' id='par_1_65' title="bbox 423 1742 885 1777">
     <span class='ocr_line' id='line_1_66' title="bbox 423 1742 885 1777; baseline -0.011 -7"><span class='ocrx_word' id='word_1_460' title='bbox 423 1743 458 1770; x_wconf 83' lang='lat' dir='ltr'><strong>De</strong></span> <span class='ocrx_word' id='word_1_461' title='bbox 475 1743 507 1770; x_wconf 81' lang='lat' dir='ltr'><strong>iis</strong></span> <span class='ocrx_word' id='word_1_462' title='bbox 524 1743 569 1777; x_wconf 86' lang='lat' dir='ltr'><strong>qui</strong></span> <span class='ocrx_word' id='word_1_463' title='bbox 584 1742 732 1768; x_wconf 76' lang='lat' dir='ltr'><strong>sacerdotes</strong></span> <span class='ocrx_word' id='word_1_464' title='bbox 751 1745 885 1766; x_wconf 78' lang='lat' dir='ltr'><strong>accusant.</strong></span> 
     </span>
    </p>
   </div>
   <div class='ocr_carea' id='block_1_66' title="bbox 297 1820 1049 1857">
    <p class='ocr_par' dir='ltr' id='par_1_66' title="bbox 297 1820 1049 1857">
     <span class='ocr_line' id='line_1_67' title="bbox 297 1820 1049 1857; baseline -0.007 -6"><span class='ocrx_word' id='word_1_465' title='bbox 297 1823 432 1852; x_wconf 80' lang='lat' dir='ltr'><strong>Audimus</strong></span> <span class='ocrx_word' id='word_1_466' title='bbox 445 1844 452 1857; x_wconf 87' lang='lat'><strong>,</strong></span> <span class='ocrx_word' id='word_1_467' title='bbox 476 1823 594 1855; x_wconf 79' lang='lat' dir='ltr'><strong>fratres,</strong></span> <span class='ocrx_word' id='word_1_468' title='bbox 611 1821 685 1857; x_wconf 89' lang='lat' dir='ltr'><strong>quod</strong></span> <span class='ocrx_word' id='word_1_469' title='bbox 701 1820 812 1856; x_wconf 89' lang='lat' dir='ltr'><strong>quidam</strong></span> <span class='ocrx_word' id='word_1_470' title='bbox 833 1820 998 1854; x_wconf 86' lang='lat' dir='ltr'><strong>detrahunt,</strong></span> <span class='ocrx_word' id='word_1_471' title='bbox 1022 1824 1049 1846; x_wconf 88' lang='lat' dir='ltr'><strong>et</strong></span> 
     </span>
    </p>
   </div>
   <div class='ocr_carea' id='block_1_67' title="bbox 262 1865 1048 1903">
    <p class='ocr_par' dir='ltr' id='par_1_67' title="bbox 262 1865 1048 1903">
     <span class='ocr_line' id='line_1_68' title="bbox 262 1865 1048 1903; baseline -0.01 -3"><span class='ocrx_word' id='word_1_472' title='bbox 262 1875 392 1900; x_wconf 84' lang='lat' dir='ltr'><strong>accusant</strong></span> <span class='ocrx_word' id='word_1_473' title='bbox 403 1870 558 1898; x_wconf 84' lang='lat' dir='ltr'><strong>sacerdotes</strong></span> <span class='ocrx_word' id='word_1_474' title='bbox 570 1868 627 1902; x_wconf 89' lang='lat' dir='ltr'><strong>Dei,</strong></span> <span class='ocrx_word' id='word_1_475' title='bbox 641 1868 779 1903; x_wconf 90' lang='lat' dir='ltr'><strong>cupientes</strong></span> <span class='ocrx_word' id='word_1_476' title='bbox 789 1875 836 1894; x_wconf 85' lang='lat' dir='ltr'><strong>eos</strong></span> <span class='ocrx_word' id='word_1_477' title='bbox 847 1865 980 1898; x_wconf 86' lang='lat' dir='ltr'><strong>damnari,</strong></span> <span class='ocrx_word' id='word_1_478' title='bbox 994 1873 1048 1892; x_wconf 91' lang='lat' dir='ltr'><strong>non</strong></span> 
     </span>
    </p>
   </div>
   <div class='ocr_carea' id='block_1_68' title="bbox 263 1911 1049 1952">
    <p class='ocr_par' dir='ltr' id='par_1_68' title="bbox 263 1911 1049 1952">
     <span class='ocr_line' id='line_1_69' title="bbox 263 1911 1049 1952; baseline -0.009 -8"><span class='ocrx_word' id='word_1_479' title='bbox 263 1917 445 1952; x_wconf 89' lang='lat' dir='ltr'><strong>intelligentes</strong></span> <span class='ocrx_word' id='word_1_480' title='bbox 461 1915 576 1943; x_wconf 89' lang='lat' dir='ltr'><strong>forsitan</strong></span> <span class='ocrx_word' id='word_1_481' title='bbox 587 1934 594 1947; x_wconf 91' lang='lat'><strong>,</strong></span> <span class='ocrx_word' id='word_1_482' title='bbox 612 1913 685 1949; x_wconf 90' lang='lat' dir='ltr'><strong>quod</strong></span> <span class='ocrx_word' id='word_1_483' title='bbox 700 1914 799 1949; x_wconf 88' lang='lat' dir='ltr'><strong>injuria</strong></span> <span class='ocrx_word' id='word_1_484' title='bbox 818 1912 993 1940; x_wconf 84' lang='lat' dir='ltr'><strong>sacerdotum</strong></span> <span class='ocrx_word' id='word_1_485' title='bbox 1016 1911 1049 1938; x_wconf 89' lang='lat' dir='ltr'><strong>ad</strong></span> 
     </span>
    </p>
   </div>
   <div class='ocr_carea' id='block_1_69' title="bbox 262 1957 1050 1997">
    <p class='ocr_par' dir='ltr' id='par_1_69' title="bbox 262 1957 1050 1997">
     <span class='ocr_line' id='line_1_70' title="bbox 262 1957 1050 1997; baseline -0.008 -7"><span class='ocrx_word' id='word_1_486' title='bbox 262 1963 402 1991; x_wconf 88' lang='lat' dir='ltr'><strong>Christum</strong></span> <span class='ocrx_word' id='word_1_487' title='bbox 420 1961 552 1997; x_wconf 86' lang='lat' dir='ltr'><strong>pertinet,</strong></span> <span class='ocrx_word' id='word_1_488' title='bbox 570 1960 649 1995; x_wconf 87' lang='lat' dir='ltr'><strong>cujus</strong></span> <span class='ocrx_word' id='word_1_489' title='bbox 666 1960 723 1988; x_wconf 87' lang='lat' dir='ltr'><strong>vice</strong></span> <span class='ocrx_word' id='word_1_490' title='bbox 743 1959 904 1994; x_wconf 85' lang='lat' dir='ltr'><strong>funguntur.</strong></span> <span class='ocrx_word' id='word_1_491' title='bbox 927 1957 982 1985; x_wconf 87' lang='lat' dir='ltr'><strong>Nec</strong></span> <span class='ocrx_word' id='word_1_492' title='bbox 998 1957 1050 1984; x_wconf 86' lang='lat' dir='ltr'><strong>hoe</strong></span> 
     </span>
    </p>
   </div>
   <div class='ocr_carea' id='block_1_70' title="bbox 264 2003 1049 2044">
    <p class='ocr_par' dir='ltr' id='par_1_70' title="bbox 264 2003 1049 2044">
     <span class='ocr_line' id='line_1_71' title="bbox 264 2003 1049 2044; baseline -0.009 -8"><span class='ocrx_word' id='word_1_493' title='bbox 264 2009 420 2044; x_wconf 89' lang='lat' dir='ltr'><strong>aspiciunt,</strong></span> <span class='ocrx_word' id='word_1_494' title='bbox 435 2007 507 2042; x_wconf 89' lang='lat' dir='ltr'><strong>quod</strong></span> <span class='ocrx_word' id='word_1_495' title='bbox 529 2006 561 2034; x_wconf 86' lang='grc' dir='ltr'><strong>Β.</strong></span> <span class='ocrx_word' id='word_1_496' title='bbox 583 2005 679 2033; x_wconf 84' lang='lat' dir='ltr'><strong>Petrus</strong></span> <span class='ocrx_word' id='word_1_497' title='bbox 698 2005 824 2040; x_wconf 90' lang='lat' dir='ltr'><strong>princeps</strong></span> <span class='ocrx_word' id='word_1_498' title='bbox 847 2003 1049 2039; x_wconf 84' lang='lat' dir='ltr'><strong>apostolorum,</strong></span> 
     </span>
    </p>
   </div>
   <div class='ocr_carea' id='block_1_71' title="bbox 264 2050 1052 2086">
    <p class='ocr_par' dir='ltr' id='par_1_71' title="bbox 264 2050 1052 2086">
     <span class='ocr_line' id='line_1_72' title="bbox 264 2050 1052 2086; baseline -0.011 -4"><span class='ocrx_word' id='word_1_499' title='bbox 264 2055 414 2082; x_wconf 88' lang='lat' dir='ltr'><strong>instructor</strong></span> <span class='ocrx_word' id='word_1_500' title='bbox 426 2058 528 2084; x_wconf 87' lang='lat' dir='ltr'><strong>noster,</strong></span> <span class='ocrx_word' id='word_1_501' title='bbox 541 2052 579 2078; x_wconf 85' lang='lat' dir='ltr'><strong>ait</strong></span> <span class='ocrx_word' id='word_1_502' title='bbox 592 2061 599 2079; x_wconf 92' lang='lat'>:</span> <span class='ocrx_word' id='word_1_503' title='bbox 615 2051 774 2086; x_wconf 79' lang='lat' dir='ltr'><strong>Deponentes</strong></span> <span class='ocrx_word' id='word_1_504' title='bbox 786 2050 867 2085; x_wconf 85' lang='lat' dir='ltr'><strong>igitur</strong></span> <span class='ocrx_word' id='word_1_505' title='bbox 877 2057 978 2076; x_wconf 88' lang='lat' dir='ltr'><strong>omnem</strong></span> <span class='ocrx_word' id='word_1_506' title='bbox 994 2055 1052 2074; x_wconf 88' lang='lat' dir='ltr'><strong>ma-</strong></span> 
     </span>
    </p>
   </div>
   <div class='ocr_carea' id='block_1_72' title="bbox 266 2094 1051 2133">
    <p class='ocr_par' dir='ltr' id='par_1_72' title="bbox 266 2094 1051 2133">
     <span class='ocr_line' id='line_1_73' title="bbox 266 2094 1051 2133; baseline -0.009 -6"><span class='ocrx_word' id='word_1_507' title='bbox 266 2100 364 2133; x_wconf 87' lang='lat' dir='ltr'><strong>litiam,</strong></span> <span class='ocrx_word' id='word_1_508' title='bbox 377 2104 402 2127; x_wconf 88' lang='lat' dir='ltr'><strong>et</strong></span> <span class='ocrx_word' id='word_1_509' title='bbox 413 2107 515 2126; x_wconf 79' lang='lat' dir='ltr'><strong>omnem</strong></span> <span class='ocrx_word' id='word_1_510' title='bbox 527 2098 628 2131; x_wconf 86' lang='lat' dir='ltr'><strong>dolum,</strong></span> <span class='ocrx_word' id='word_1_511' title='bbox 644 2102 668 2124; x_wconf 81' lang='lat' dir='ltr'><strong>et</strong></span> <span class='ocrx_word' id='word_1_512' title='bbox 680 2096 873 2128; x_wconf 72' lang='lat' dir='ltr'><strong>simulationes,</strong></span> <span class='ocrx_word' id='word_1_513' title='bbox 887 2099 911 2122; x_wconf 85' lang='lat' dir='ltr'><strong>et</strong></span> <span class='ocrx_word' id='word_1_514' title='bbox 926 2094 1051 2127; x_wconf 80' lang='lat' dir='ltr'><strong>invidias,</strong></span> 
     </span>
    </p>
   </div>
   <div class='ocr_carea' id='block_1_73' title="bbox 268 2141 1053 2178">
    <p class='ocr_par' dir='ltr' id='par_1_73' title="bbox 268 2141 1053 2178">
     <span class='ocr_line' id='line_1_74' title="bbox 268 2141 1053 2178; baseline -0.011 -4"><span class='ocrx_word' id='word_1_515' title='bbox 268 2151 293 2173; x_wconf 84' lang='lat' dir='ltr'><strong>et</strong></span> <span class='ocrx_word' id='word_1_516' title='bbox 307 2155 395 2174; x_wconf 81' lang='lat' dir='ltr'><strong>omnes</strong></span> <span class='ocrx_word' id='word_1_517' title='bbox 408 2145 593 2176; x_wconf 82' lang='lat' dir='ltr'><strong>detractiones.</strong></span> <span class='ocrx_word' id='word_1_518' title='bbox 606 2144 674 2171; x_wconf 89' lang='lat' dir='ltr'><strong>sicut</strong></span> <span class='ocrx_word' id='word_1_519' title='bbox 686 2143 762 2170; x_wconf 82' lang='lat' dir='ltr'><strong>modo</strong></span> <span class='ocrx_word' id='word_1_520' title='bbox 775 2142 855 2178; x_wconf 83' lang='lat' dir='ltr'><strong>geniti</strong></span> <span class='ocrx_word' id='word_1_521' title='bbox 870 2141 995 2175; x_wconf 82' lang='lat' dir='ltr'><strong>infantes,</strong></span> <span class='ocrx_word' id='word_1_522' title='bbox 1008 2148 1053 2166; x_wconf 81' lang='lat' dir='ltr'><strong>ra-</strong></span> 
     </span>
    </p>
   </div>
   <div class='ocr_carea' id='block_1_74' title="bbox 267 2186 1052 2224">
    <p class='ocr_par' dir='ltr' id='par_1_74' title="bbox 267 2186 1052 2224">
     <span class='ocr_line' id='line_1_75' title="bbox 267 2186 1052 2224; baseline -0.009 -5"><span class='ocrx_word' id='word_1_523' title='bbox 267 2191 428 2224; x_wconf 73' lang='lat' dir='ltr'><strong>tionabile”,</strong></span> <span class='ocrx_word' id='word_1_524' title='bbox 436 2191 492 2217; x_wconf 84' lang='lat' dir='ltr'><strong>sine</strong></span> <span class='ocrx_word' id='word_1_525' title='bbox 500 2190 561 2217; x_wconf 89' lang='lat' dir='ltr'><strong>dolo</strong></span> <span class='ocrx_word' id='word_1_526' title='bbox 569 2189 611 2217; x_wconf 88' lang='lat' dir='ltr'><strong>lac</strong></span> <span class='ocrx_word' id='word_1_527' title='bbox 621 2189 807 2223; x_wconf 80' lang='lat' dir='ltr'><strong>concupiscite,</strong></span> <span class='ocrx_word' id='word_1_528' title='bbox 817 2192 846 2214; x_wconf 85' lang='lat' dir='ltr'><strong>at</strong></span> <span class='ocrx_word' id='word_1_529' title='bbox 857 2187 883 2214; x_wconf 87' lang='lat' dir='ltr'><strong>in</strong></span> <span class='ocrx_word' id='word_1_530' title='bbox 892 2195 921 2213; x_wconf 88' lang='lat' dir='ltr'><strong>eo</strong></span> <span class='ocrx_word' id='word_1_531' title='bbox 928 2186 1052 2213; x_wconf 81' lang='lat' dir='ltr'><strong>crescatis</strong></span> 
     </span>
    </p>
   </div>
   <div class='ocr_carea' id='block_1_75' title="bbox 266 2232 1054 2270">
    <p class='ocr_par' dir='ltr' id='par_1_75' title="bbox 266 2232 1054 2270">
     <span class='ocr_line' id='line_1_76' title="bbox 266 2232 1054 2270; baseline -0.009 -5"><span class='ocrx_word' id='word_1_532' title='bbox 266 2239 296 2266; x_wconf 86' lang='lat' dir='ltr'><strong>in</strong></span> <span class='ocrx_word' id='word_1_533' title='bbox 306 2237 456 2266; x_wconf 82' lang='lat' dir='ltr'><strong>salutem“.</strong></span> <span class='ocrx_word' id='word_1_534' title='bbox 470 2236 503 2263; x_wconf 88' lang='lat' dir='ltr'><strong>Et</strong></span> <span class='ocrx_word' id='word_1_535' title='bbox 511 2235 642 2263; x_wconf 87' lang='lat' dir='ltr'><strong>Dominus</strong></span> <span class='ocrx_word' id='word_1_536' title='bbox 652 2243 698 2270; x_wconf 89' lang='lat' dir='ltr'><strong>per</strong></span> <span class='ocrx_word' id='word_1_537' title='bbox 710 2234 872 2269; x_wconf 75' lang='lat' dir='ltr'><strong>Prophetam</strong></span> <span class='ocrx_word' id='word_1_538' title='bbox 884 2233 972 2268; x_wconf 90' lang='lat' dir='ltr'><strong>inquit</strong></span> <span class='ocrx_word' id='word_1_539' title='bbox 984 2242 990 2259; x_wconf 90' lang='lat'><strong>:</strong></span> <span class='ocrx_word' id='word_1_540' title='bbox 1002 2232 1054 2264; x_wconf 84' lang='lat' dir='ltr'><strong>Qui</strong></span> 
     </span>
    </p>
   </div>
   <div class='ocr_carea' id='block_1_76' title="bbox 266 2280 1053 2318">
    <p class='ocr_par' dir='ltr' id='par_1_76' title="bbox 266 2280 1053 2318">
     <span class='ocr_line' id='line_1_77' title="bbox 266 2280 1053 2318; baseline -0.009 -7"><span class='ocrx_word' id='word_1_541' title='bbox 266 2283 322 2312; x_wconf 72' lang='lat' dir='ltr'><strong>vult</strong></span> <span class='ocrx_word' id='word_1_542' title='bbox 334 2284 417 2310; x_wconf 87' lang='lat' dir='ltr'><strong>vitam</strong></span> <span class='ocrx_word' id='word_1_543' title='bbox 440 2282 560 2318; x_wconf 83' lang='lat' dir='ltr'><strong>diligere,</strong></span> <span class='ocrx_word' id='word_1_544' title='bbox 586 2286 610 2309; x_wconf 87' lang='lat' dir='ltr'><strong>et</strong></span> <span class='ocrx_word' id='word_1_545' title='bbox 634 2281 722 2309; x_wconf 84' lang='lat' dir='ltr'><strong>videre</strong></span> <span class='ocrx_word' id='word_1_546' title='bbox 745 2280 800 2307; x_wconf 82' lang='lat' dir='ltr'><strong>dies</strong></span> <span class='ocrx_word' id='word_1_547' title='bbox 824 2280 915 2312; x_wconf 88' lang='lat' dir='ltr'><strong>bonos,</strong></span> <span class='ocrx_word' id='word_1_548' title='bbox 937 2283 1053 2305; x_wconf 78' lang='lat' dir='ltr'><strong>coerceat</strong></span> 
     </span>
    </p>
   </div>
   <div class='ocr_carea' id='block_1_77' title="bbox 267 2325 1054 2365">
    <p class='ocr_par' dir='ltr' id='par_1_77' title="bbox 267 2325 1054 2365">
     <span class='ocr_line' id='line_1_78' title="bbox 267 2325 1054 2365; baseline -0.01 -7"><span class='ocrx_word' id='word_1_549' title='bbox 267 2331 387 2365; x_wconf 87' lang='lat' dir='ltr'><strong>linguam</strong></span> <span class='ocrx_word' id='word_1_550' title='bbox 402 2337 478 2356; x_wconf 82' lang='lat' dir='ltr'><strong>suam</strong></span> <span class='ocrx_word' id='word_1_551' title='bbox 496 2337 512 2355; x_wconf 92' lang='lat' dir='ltr'><strong>a</strong></span> <span class='ocrx_word' id='word_1_552' title='bbox 534 2327 622 2360; x_wconf 82' lang='lat' dir='ltr'><strong>malo,</strong></span> <span class='ocrx_word' id='word_1_553' title='bbox 645 2331 670 2354; x_wconf 85' lang='lat' dir='ltr'><strong>et</strong></span> <span class='ocrx_word' id='word_1_554' title='bbox 687 2327 759 2354; x_wconf 87' lang='lat' dir='ltr'><strong>labia</strong></span> <span class='ocrx_word' id='word_1_555' title='bbox 777 2326 834 2360; x_wconf 82' lang='lat' dir='ltr'><strong>ejus</strong></span> <span class='ocrx_word' id='word_1_556' title='bbox 856 2334 887 2352; x_wconf 84' lang='lat' dir='ltr'><strong>ne</strong></span> <span class='ocrx_word' id='word_1_557' title='bbox 911 2325 1054 2359; x_wconf 87' lang='lat' dir='ltr'><strong>loquantur</strong></span> 
     </span>
    </p>
   </div>
   <div class='ocr_carea' id='block_1_78' title="bbox 267 2371 1054 2409">
    <p class='ocr_par' dir='ltr' id='par_1_78' title="bbox 267 2371 1054 2409">
     <span class='ocr_line' id='line_1_79' title="bbox 267 2371 1054 2409; baseline -0.01 -5"><span class='ocrx_word' id='word_1_558' title='bbox 267 2377 358 2405; x_wconf 81' lang='lat' dir='ltr'><strong>dolum</strong></span> <span class='ocrx_word' id='word_1_559' title='bbox 370 2376 402 2409; x_wconf 83' lang='lat'><strong>&quot;,</strong></span> <span class='ocrx_word' id='word_1_560' title='bbox 423 2379 477 2402; x_wconf 87' lang='lat' dir='ltr'><strong>etc.</strong></span> <span class='ocrx_word' id='word_1_561' title='bbox 492 2374 543 2407; x_wconf 86' lang='lat' dir='ltr'><strong>Qui</strong></span> <span class='ocrx_word' id='word_1_562' title='bbox 555 2378 646 2400; x_wconf 82' lang='lat' dir='ltr'><strong>autem</strong></span> <span class='ocrx_word' id='word_1_563' title='bbox 662 2373 714 2400; x_wconf 88' lang='lat' dir='ltr'><strong>ista</strong></span> <span class='ocrx_word' id='word_1_564' title='bbox 729 2371 977 2406; x_wconf 77' lang='lat' dir='ltr'><strong>transgrediuntur,</strong></span> <span class='ocrx_word' id='word_1_565' title='bbox 991 2377 1054 2405; x_wconf 84' lang='lat' dir='ltr'><strong>pro-</strong></span> 
     </span>
    </p>
   </div>
   <div class='ocr_carea' id='block_1_79' title="bbox 305 2499 596 2532">
    <p class='ocr_par' dir='ltr' id='par_1_79' title="bbox 305 2499 596 2532">
     <span class='ocr_line' id='line_1_80' title="bbox 305 2499 596 2532; baseline -0.017 -3"><span class='ocrx_word' id='word_1_566' title='bbox 305 2501 344 2528; x_wconf 85' lang='grc' dir='ltr'><strong>¹⁰Ι</strong></span> <span class='ocrx_word' id='word_1_567' title='bbox 357 2500 430 2528; x_wconf 83' lang='lat' dir='ltr'><strong>Pctr.</strong></span> <span class='ocrx_word' id='word_1_568' title='bbox 450 2508 486 2532; x_wconf 86' lang='lat' dir='ltr'><strong>Iv,</strong></span> <span class='ocrx_word' id='word_1_569' title='bbox 501 2499 596 2525; x_wconf 62' lang='lat'><strong>19-19.</strong></span> 
     </span>
    </p>
   </div>
   <div class='ocr_carea' id='block_1_80' title="bbox 269 2532 716 2570">
    <p class='ocr_par' dir='ltr' id='par_1_80' title="bbox 269 2532 716 2570">
     <span class='ocr_line' id='line_1_81' title="bbox 269 2532 716 2570; baseline -0.009 -7"><span class='ocrx_word' id='word_1_570' title='bbox 269 2537 348 2565; x_wconf 85' lang='lat' dir='ltr'><strong>annis</strong></span> <span class='ocrx_word' id='word_1_571' title='bbox 375 2540 436 2570; x_wconf 90' lang='lat' dir='ltr'><strong>post</strong></span> <span class='ocrx_word' id='word_1_572' title='bbox 460 2534 619 2570; x_wconf 72' lang='lat' dir='ltr'><strong>Auacletum</strong></span> <span class='ocrx_word' id='word_1_573' title='bbox 640 2532 716 2570; x_wconf 74' lang='lat' dir='ltr'><strong>vixit.</strong></span> 
     </span>
    </p>
   </div>
   <div class='ocr_carea' id='block_1_81' title="bbox 271 2566 903 2602">
    <p class='ocr_par' dir='ltr' id='par_1_81' title="bbox 271 2566 903 2602">
     <span class='ocr_line' id='line_1_82' title="bbox 271 2566 903 2602; baseline -0.011 -3"><span class='ocrx_word' id='word_1_574' title='bbox 271 2572 310 2598; x_wconf 75' lang='lat' dir='ltr'><strong>“l</strong></span> <span class='ocrx_word' id='word_1_575' title='bbox 324 2566 396 2599; x_wconf 78' lang='lat' dir='ltr'><strong>Pelr.</strong></span> <span class='ocrx_word' id='word_1_576' title='bbox 408 2579 439 2602; x_wconf 79' lang='grc' dir='ltr'>ιι,</span> <span class='ocrx_word' id='word_1_577' title='bbox 460 2570 487 2601; x_wconf 79' lang='grc'><strong>1,</strong></span> <span class='ocrx_word' id='word_1_578' title='bbox 499 2569 526 2596; x_wconf 76' lang='grc'><strong>2.</strong></span> <span class='ocrx_word' id='word_1_579' title='bbox 572 2569 592 2584; x_wconf 74' lang='grc'><strong>’⁷</strong></span> <span class='ocrx_word' id='word_1_580' title='bbox 603 2568 674 2596; x_wconf 83' lang='lat' dir='ltr'><strong>Psal.</strong></span> <span class='ocrx_word' id='word_1_581' title='bbox 688 2575 786 2599; x_wconf 82' lang='lat' dir='ltr'><strong>xxxtn,</strong></span> <span class='ocrx_word' id='word_1_582' title='bbox 801 2566 903 2602; x_wconf 50' lang='lat' dir='ltr'><strong>151M.</strong></span> 
     </span>
    </p>
   </div>
   <div class='ocr_carea' id='block_1_82' title="bbox 271 2599 1092 2641">
    <p class='ocr_par' dir='ltr' id='par_1_82' title="bbox 271 2599 1092 2641">
     <span class='ocr_line' id='line_1_83' title="bbox 271 2599 1092 2641; baseline -0.012 -7"><span class='ocrx_word' id='word_1_583' title='bbox 271 2616 313 2639; x_wconf 86' lang='grc' dir='ltr'>ιιι,</span> <span class='ocrx_word' id='word_1_584' title='bbox 324 2616 352 2641; x_wconf 90' lang='lat' dir='ltr'><strong>q.</strong></span> <span class='ocrx_word' id='word_1_585' title='bbox 368 2607 395 2638; x_wconf 75' lang='grc'><strong>4,</strong></span> <span class='ocrx_word' id='word_1_586' title='bbox 408 2599 505 2641; x_wconf 75' lang='lat' dir='ltr'><strong>Beatus</strong></span> <span class='ocrx_word' id='word_1_587' title='bbox 528 2603 723 2641; x_wconf 52' lang='lat' dir='ltr'><strong>praedecessoer</strong></span> <span class='ocrx_word' id='word_1_588' title='bbox 735 2601 775 2641; x_wconf 54' lang='lat' dir='ltr'><strong>Et</strong></span> <span class='ocrx_word' id='word_1_589' title='bbox 791 2602 817 2628; x_wconf 89' lang='lat' dir='ltr'><strong>in</strong></span> <span class='ocrx_word' id='word_1_590' title='bbox 833 2599 1092 2641; x_wconf 27' lang='lat' dir='ltr'><strong>Dectlvohlibzttx.</strong></span> 
     </span>
    </p>
   </div>
   <div class='ocr_carea' id='block_1_83' title="bbox 271 2631 1262 2671">
    <p class='ocr_par' dir='ltr' id='par_1_83' title="bbox 271 2631 1262 2671">
     <span class='ocr_line' id='line_1_84' title="bbox 271 2631 1262 2671; baseline -0.012 -2"><span class='ocrx_word' id='word_1_591' title='bbox 271 2631 354 2670; x_wconf 64' lang='lat' dir='ltr'><strong>lolii</strong></span> <span class='ocrx_word' id='word_1_592' title='bbox 374 2631 663 2671; x_wconf 61' lang='lat' dir='ltr'><strong>&#39;i-Ezech.iviu,3e.</strong></span> <span class='ocrx_word' id='word_1_593' title='bbox 701 2637 814 2664; x_wconf 78' lang='lat' dir='ltr'><strong>&quot;Rom.</strong></span> <span class='ocrx_word' id='word_1_594' title='bbox 836 2643 895 2668; x_wconf 80' lang='lat' dir='ltr'><strong>xtv,</strong></span> <span class='ocrx_word' id='word_1_595' title='bbox 920 2634 997 2671; x_wconf 66' lang='lat'><strong>7-50.</strong></span> <span class='ocrx_word' id='word_1_596' title='bbox 1036 2632 1144 2664; x_wconf 73' lang='lat' dir='ltr'><strong>&quot;lbid.,</strong></span> <span class='ocrx_word' id='word_1_597' title='bbox 1170 2631 1262 2671; x_wconf 70' lang='grc' dir='ltr'>ιι-ιδ.</span> 
     </span>
    </p>
   </div>
   <div class='ocr_carea' id='block_1_84' title="bbox 647 2494 1079 2534">
    <p class='ocr_par' dir='ltr' id='par_1_84' title="bbox 647 2494 1079 2534">
     <span class='ocr_line' id='line_1_85' title="bbox 647 2494 1079 2534; baseline -0.009 -10"><span class='ocrx_word' id='word_1_598' title='bbox 647 2497 707 2534; x_wconf 84' lang='lat' dir='ltr'><strong>“In</strong></span> <span class='ocrx_word' id='word_1_599' title='bbox 727 2495 864 2534; x_wconf 59' lang='lat' dir='ltr'><strong>epistola]</strong></span> <span class='ocrx_word' id='word_1_600' title='bbox 880 2495 914 2534; x_wconf 89' lang='lat' dir='ltr'><strong>ad</strong></span> <span class='ocrx_word' id='word_1_601' title='bbox 938 2494 1079 2534; x_wconf 80' lang='lat' dir='ltr'><strong>Jacobum.</strong></span> 
     </span>
    </p>
   </div>
   <div class='ocr_carea' id='block_1_85' title="bbox 771 2527 1302 2559">
    <p class='ocr_par' dir='ltr' id='par_1_85' title="bbox 771 2527 1302 2559">
     <span class='ocr_line' id='line_1_86' title="bbox 771 2527 1302 2559; baseline -0.017 -2"><span class='ocrx_word' id='word_1_602' title='bbox 771 2531 792 2547; x_wconf 75' lang='grc' dir='ltr'>η</span> <span class='ocrx_word' id='word_1_603' title='bbox 825 2529 970 2559; x_wconf 87' lang='lat' dir='ltr'><strong>dicantur,</strong></span> <span class='ocrx_word' id='word_1_604' title='bbox 994 2527 1146 2557; x_wconf 86' lang='lat' dir='ltr'><strong>ducantur,</strong></span> <span class='ocrx_word' id='word_1_605' title='bbox 1172 2527 1302 2550; x_wconf 83' lang='lat' dir='ltr'><strong>vocentur.</strong></span> 
     </span>
    </p>
   </div>
   <div class='ocr_carea' id='block_1_86' title="bbox 957 2562 1176 2595">
    <p class='ocr_par' dir='ltr' id='par_1_86' title="bbox 957 2562 1176 2595">
     <span class='ocr_line' id='line_1_87' title="bbox 957 2562 1176 2595; baseline -0.009 -5"><span class='ocrx_word' id='word_1_606' title='bbox 957 2564 1043 2590; x_wconf 67' lang='lat' dir='ltr'><strong>“Jac.</strong></span> <span class='ocrx_word' id='word_1_607' title='bbox 1056 2571 1087 2594; x_wconf 85' lang='grc' dir='ltr'><strong>ιι,</strong></span> <span class='ocrx_word' id='word_1_608' title='bbox 1103 2562 1130 2595; x_wconf 77' lang='lat'><strong>8,</strong></span> <span class='ocrx_word' id='word_1_609' title='bbox 1149 2562 1176 2588; x_wconf 85' lang='lat'><strong>9.</strong></span> 
     </span>
    </p>
   </div>
   <div class='ocr_carea' id='block_1_87' title="bbox 1096 1573 1895 1611">
    <p class='ocr_par' dir='ltr' id='par_1_87' title="bbox 1096 1573 1895 1611">
     <span class='ocr_line' id='line_1_88' title="bbox 1096 1573 1895 1611; baseline -0.018 0"><span class='ocrx_word' id='word_1_610' title='bbox 1096 1585 1143 1611; x_wconf 84' lang='lat' dir='ltr'><strong>hoc</strong></span> <span class='ocrx_word' id='word_1_611' title='bbox 1160 1583 1230 1610; x_wconf 87' lang='lat' dir='ltr'><strong>enim</strong></span> <span class='ocrx_word' id='word_1_612' title='bbox 1248 1581 1370 1609; x_wconf 86' lang='lat' dir='ltr'><strong>Christus</strong></span> <span class='ocrx_word' id='word_1_613' title='bbox 1387 1583 1506 1605; x_wconf 86' lang='lat' dir='ltr'><strong>mortuus</strong></span> <span class='ocrx_word' id='word_1_614' title='bbox 1521 1581 1569 1609; x_wconf 79' lang='lat' dir='ltr'><strong>est,</strong></span> <span class='ocrx_word' id='word_1_615' title='bbox 1588 1580 1613 1602; x_wconf 87' lang='lat' dir='ltr'><strong>et</strong></span> <span class='ocrx_word' id='word_1_616' title='bbox 1628 1574 1734 1607; x_wconf 64' lang='lat' dir='ltr'><strong>revixit,</strong></span> <span class='ocrx_word' id='word_1_617' title='bbox 1757 1577 1787 1599; x_wconf 84' lang='lat' dir='ltr'><strong>ut</strong></span> <span class='ocrx_word' id='word_1_618' title='bbox 1809 1578 1838 1599; x_wconf 82' lang='lat' dir='ltr'><strong>et</strong></span> <span class='ocrx_word' id='word_1_619' title='bbox 1858 1573 1895 1598; x_wconf 70' lang='lat' dir='ltr'><strong>ei-</strong></span> 
     </span>
    </p>
   </div>
   <div class='ocr_carea' id='block_1_88' title="bbox 1096 1619 1895 1656">
    <p class='ocr_par' dir='ltr' id='par_1_88' title="bbox 1096 1619 1895 1656">
     <span class='ocr_line' id='line_1_89' title="bbox 1096 1619 1895 1656; baseline -0.015 0"><span class='ocrx_word' id='word_1_620' title='bbox 1096 1637 1187 1656; x_wconf 84' lang='lat' dir='ltr'><strong>vorum</strong></span> <span class='ocrx_word' id='word_1_621' title='bbox 1203 1632 1228 1655; x_wconf 89' lang='lat' dir='ltr'><strong>et</strong></span> <span class='ocrx_word' id='word_1_622' title='bbox 1244 1631 1409 1654; x_wconf 89' lang='lat' dir='ltr'><strong>mortuorum</strong></span> <span class='ocrx_word' id='word_1_623' title='bbox 1424 1623 1585 1650; x_wconf 88' lang='lat' dir='ltr'><strong>dominetur.</strong></span> <span class='ocrx_word' id='word_1_624' title='bbox 1604 1621 1643 1648; x_wconf 84' lang='lat' dir='ltr'><strong>Tu</strong></span> <span class='ocrx_word' id='word_1_625' title='bbox 1657 1625 1747 1647; x_wconf 86' lang='lat' dir='ltr'><strong>autem</strong></span> <span class='ocrx_word' id='word_1_626' title='bbox 1762 1619 1834 1654; x_wconf 79' lang='lat' dir='ltr'><strong>quid</strong></span> <span class='ocrx_word' id='word_1_627' title='bbox 1849 1619 1895 1653; x_wconf 72' lang='lat' dir='ltr'><strong>ju-</strong></span> 
     </span>
    </p>
   </div>
   <div class='ocr_carea' id='block_1_89' title="bbox 1097 1665 1896 1708">
    <p class='ocr_par' dir='ltr' id='par_1_89' title="bbox 1097 1665 1896 1708">
     <span class='ocr_line' id='line_1_90' title="bbox 1097 1665 1896 1708; baseline -0.016 -6"><span class='ocrx_word' id='word_1_628' title='bbox 1097 1675 1171 1701; x_wconf 86' lang='lat' dir='ltr'><strong>dicas</strong></span> <span class='ocrx_word' id='word_1_629' title='bbox 1190 1675 1300 1708; x_wconf 88' lang='lat' dir='ltr'><strong>fratrem</strong></span> <span class='ocrx_word' id='word_1_630' title='bbox 1319 1671 1413 1698; x_wconf 82' lang='lat' dir='ltr'><strong>tuum?</strong></span> <span class='ocrx_word' id='word_1_631' title='bbox 1433 1675 1479 1696; x_wconf 86' lang='lat' dir='ltr'><strong>aut</strong></span> <span class='ocrx_word' id='word_1_632' title='bbox 1504 1674 1532 1696; x_wconf 83' lang='lat' dir='ltr'><strong>tu</strong></span> <span class='ocrx_word' id='word_1_633' title='bbox 1547 1675 1628 1704; x_wconf 82' lang='lat' dir='ltr'><strong>quare</strong></span> <span class='ocrx_word' id='word_1_634' title='bbox 1648 1666 1752 1702; x_wconf 82' lang='lat' dir='ltr'><strong>spernis</strong></span> <span class='ocrx_word' id='word_1_635' title='bbox 1777 1665 1896 1699; x_wconf 74' lang='lat' dir='ltr'><strong>fratrm</strong></span> 
     </span>
    </p>
   </div>
   <div class='ocr_carea' id='block_1_90' title="bbox 1099 1710 1895 1748">
    <p class='ocr_par' dir='ltr' id='par_1_90' title="bbox 1099 1710 1895 1748">
     <span class='ocr_line' id='line_1_91' title="bbox 1099 1710 1895 1748; baseline -0.018 1"><span class='ocrx_word' id='word_1_636' title='bbox 1099 1722 1195 1748; x_wconf 81' lang='lat' dir='ltr'><strong>tuum?</strong></span> <span class='ocrx_word' id='word_1_637' title='bbox 1211 1719 1306 1748; x_wconf 85' lang='lat' dir='ltr'><strong>Omnes</strong></span> <span class='ocrx_word' id='word_1_638' title='bbox 1330 1719 1400 1745; x_wconf 89' lang='lat' dir='ltr'><strong>enim</strong></span> <span class='ocrx_word' id='word_1_639' title='bbox 1421 1716 1552 1744; x_wconf 80' lang='lat' dir='ltr'><strong>stabimus</strong></span> <span class='ocrx_word' id='word_1_640' title='bbox 1575 1718 1635 1741; x_wconf 85' lang='lat' dir='ltr'><strong>ante</strong></span> <span class='ocrx_word' id='word_1_641' title='bbox 1657 1711 1780 1739; x_wconf 83' lang='lat' dir='ltr'><strong>tribunal</strong></span> <span class='ocrx_word' id='word_1_642' title='bbox 1797 1710 1895 1737; x_wconf 73' lang='lat' dir='ltr'><strong>Dei”.</strong></span> 
     </span>
    </p>
   </div>
   <div class='ocr_carea' id='block_1_91' title="bbox 1099 1758 1896 1802">
    <p class='ocr_par' dir='ltr' id='par_1_91' title="bbox 1099 1758 1896 1802">
     <span class='ocr_line' id='line_1_92' title="bbox 1099 1758 1896 1802; baseline -0.016 -7"><span class='ocrx_word' id='word_1_643' title='bbox 1099 1767 1236 1802; x_wconf 83' lang='lat' dir='ltr'><strong>Scriptum</strong></span> <span class='ocrx_word' id='word_1_644' title='bbox 1252 1770 1294 1793; x_wconf 90' lang='lat' dir='ltr'><strong>est</strong></span> <span class='ocrx_word' id='word_1_645' title='bbox 1308 1765 1382 1792; x_wconf 85' lang='lat' dir='ltr'><strong>enim</strong></span> <span class='ocrx_word' id='word_1_646' title='bbox 1400 1773 1406 1791; x_wconf 91' lang='lat'><strong>:</strong></span> <span class='ocrx_word' id='word_1_647' title='bbox 1427 1762 1490 1790; x_wconf 83' lang='lat' dir='ltr'><strong>Vivo</strong></span> <span class='ocrx_word' id='word_1_648' title='bbox 1504 1769 1562 1797; x_wconf 85' lang='lat' dir='ltr'><strong>ego,</strong></span> <span class='ocrx_word' id='word_1_649' title='bbox 1578 1760 1642 1786; x_wconf 86' lang='lat' dir='ltr'><strong>dicit</strong></span> <span class='ocrx_word' id='word_1_650' title='bbox 1657 1758 1792 1785; x_wconf 71' lang='lat' dir='ltr'><strong>Dominus</strong></span> <span class='ocrx_word' id='word_1_651' title='bbox 1802 1778 1812 1790; x_wconf 84' lang='lat'><strong>,</strong></span> <span class='ocrx_word' id='word_1_652' title='bbox 1830 1765 1896 1792; x_wconf 74' lang='lat' dir='ltr'><strong>qua-</strong></span> 
     </span>
    </p>
   </div>
   <div class='ocr_carea' id='block_1_92' title="bbox 1099 1802 1897 1845">
    <p class='ocr_par' dir='ltr' id='par_1_92' title="bbox 1099 1802 1897 1845">
     <span class='ocr_line' id='line_1_93' title="bbox 1099 1802 1897 1845; baseline -0.015 -6"><span class='ocrx_word' id='word_1_653' title='bbox 1099 1813 1170 1839; x_wconf 88' lang='lat' dir='ltr'><strong>niam</strong></span> <span class='ocrx_word' id='word_1_654' title='bbox 1187 1811 1252 1838; x_wconf 83' lang='lat' dir='ltr'><strong>mihi</strong></span> <span class='ocrx_word' id='word_1_655' title='bbox 1267 1811 1387 1845; x_wconf 87' lang='lat' dir='ltr'><strong>ﬂectetur</strong></span> <span class='ocrx_word' id='word_1_656' title='bbox 1401 1816 1476 1836; x_wconf 84' lang='lat' dir='ltr'><strong>omne</strong></span> <span class='ocrx_word' id='word_1_657' title='bbox 1489 1815 1566 1842; x_wconf 84' lang='lat' dir='ltr'><strong>genu,</strong></span> <span class='ocrx_word' id='word_1_658' title='bbox 1583 1809 1608 1832; x_wconf 85' lang='lat' dir='ltr'><strong>et</strong></span> <span class='ocrx_word' id='word_1_659' title='bbox 1621 1804 1706 1831; x_wconf 86' lang='lat' dir='ltr'><strong>omnis</strong></span> <span class='ocrx_word' id='word_1_660' title='bbox 1717 1802 1819 1837; x_wconf 71' lang='lat' dir='ltr'><strong>lingua</strong></span> <span class='ocrx_word' id='word_1_661' title='bbox 1835 1810 1897 1828; x_wconf 81' lang='lat' dir='ltr'><strong>con-</strong></span> 
     </span>
    </p>
   </div>
   <div class='ocr_carea' id='block_1_93' title="bbox 1099 1852 1897 1893">
    <p class='ocr_par' dir='ltr' id='par_1_93' title="bbox 1099 1852 1897 1893">
     <span class='ocr_line' id='line_1_94' title="bbox 1099 1852 1897 1893; baseline -0.016 -8"><span class='ocrx_word' id='word_1_662' title='bbox 1099 1858 1217 1893; x_wconf 77' lang='lat' dir='ltr'><strong>ﬁtebitur</strong></span> <span class='ocrx_word' id='word_1_663' title='bbox 1232 1856 1296 1884; x_wconf 88' lang='lat' dir='ltr'><strong>Deo.</strong></span> <span class='ocrx_word' id='word_1_664' title='bbox 1312 1855 1406 1890; x_wconf 84' lang='lat' dir='ltr'><strong>Itaque</strong></span> <span class='ocrx_word' id='word_1_665' title='bbox 1418 1852 1595 1888; x_wconf 79' lang='lat' dir='ltr'><strong>unusquisque</strong></span> <span class='ocrx_word' id='word_1_666' title='bbox 1608 1853 1726 1877; x_wconf 78' lang='lat' dir='ltr'><strong>nostrum</strong></span> <span class='ocrx_word' id='word_1_667' title='bbox 1740 1855 1792 1882; x_wconf 82' lang='lat' dir='ltr'><strong>pro</strong></span> <span class='ocrx_word' id='word_1_668' title='bbox 1808 1855 1840 1874; x_wconf 77' lang='lat' dir='ltr'><strong>se</strong></span> <span class='ocrx_word' id='word_1_669' title='bbox 1855 1855 1897 1873; x_wconf 77' lang='lat' dir='ltr'><strong>ra-</strong></span> 
     </span>
    </p>
   </div>
   <div class='ocr_carea' id='block_1_94' title="bbox 1102 1894 1895 1933">
    <p class='ocr_par' dir='ltr' id='par_1_94' title="bbox 1102 1894 1895 1933">
     <span class='ocr_line' id='line_1_95' title="bbox 1102 1894 1895 1933; baseline -0.014 -2"><span class='ocrx_word' id='word_1_670' title='bbox 1102 1906 1199 1931; x_wconf 86' lang='lat' dir='ltr'><strong>tionem</strong></span> <span class='ocrx_word' id='word_1_671' title='bbox 1212 1903 1303 1930; x_wconf 83' lang='lat' dir='ltr'><strong>reddet</strong></span> <span class='ocrx_word' id='word_1_672' title='bbox 1319 1901 1383 1928; x_wconf 87' lang='lat' dir='ltr'><strong>Deo.</strong></span> <span class='ocrx_word' id='word_1_673' title='bbox 1403 1899 1464 1926; x_wconf 88' lang='lat' dir='ltr'><strong>Non</strong></span> <span class='ocrx_word' id='word_1_674' title='bbox 1477 1906 1537 1933; x_wconf 82' lang='lat' dir='ltr'><strong>ergo</strong></span> <span class='ocrx_word' id='word_1_675' title='bbox 1554 1896 1669 1931; x_wconf 81' lang='lat' dir='ltr'><strong>amplius</strong></span> <span class='ocrx_word' id='word_1_676' title='bbox 1685 1895 1802 1922; x_wconf 75' lang='lat' dir='ltr'><strong>invicem</strong></span> <span class='ocrx_word' id='word_1_677' title='bbox 1817 1894 1895 1929; x_wconf 79' lang='lat' dir='ltr'><strong>judi-</strong></span> 
     </span>
    </p>
   </div>
   <div class='ocr_carea' id='block_1_95' title="bbox 1101 1940 1897 1981">
    <p class='ocr_par' dir='ltr' id='par_1_95' title="bbox 1101 1940 1897 1981">
     <span class='ocr_line' id='line_1_96' title="bbox 1101 1940 1897 1981; baseline -0.015 -4"><span class='ocrx_word' id='word_1_678' title='bbox 1101 1958 1199 1980; x_wconf 85' lang='lat' dir='ltr'><strong>cemus,</strong></span> <span class='ocrx_word' id='word_1_679' title='bbox 1215 1947 1259 1975; x_wconf 81' lang='lat' dir='ltr'><strong>scd</strong></span> <span class='ocrx_word' id='word_1_680' title='bbox 1274 1949 1321 1974; x_wconf 83' lang='lat' dir='ltr'><strong>hoc</strong></span> <span class='ocrx_word' id='word_1_681' title='bbox 1331 1946 1451 1981; x_wconf 85' lang='lat' dir='ltr'><strong>judicate</strong></span> <span class='ocrx_word' id='word_1_682' title='bbox 1465 1943 1560 1979; x_wconf 86' lang='lat' dir='ltr'><strong>magis,</strong></span> <span class='ocrx_word' id='word_1_683' title='bbox 1577 1951 1609 1969; x_wconf 83' lang='lat' dir='ltr'><strong>ne</strong></span> <span class='ocrx_word' id='word_1_684' title='bbox 1623 1941 1728 1977; x_wconf 77' lang='lat' dir='ltr'><strong>ponatis</strong></span> <span class='ocrx_word' id='word_1_685' title='bbox 1743 1940 1897 1975; x_wconf 72' lang='lat' dir='ltr'><strong>offendicu-</strong></span> 
     </span>
    </p>
   </div>
   <div class='ocr_carea' id='block_1_96' title="bbox 1102 1986 1897 2030">
    <p class='ocr_par' dir='ltr' id='par_1_96' title="bbox 1102 1986 1897 2030">
     <span class='ocr_line' id='line_1_97' title="bbox 1102 1986 1897 2030; baseline -0.014 -7"><span class='ocrx_word' id='word_1_686' title='bbox 1102 1997 1157 2022; x_wconf 88' lang='lat' dir='ltr'><strong>lum</strong></span> <span class='ocrx_word' id='word_1_687' title='bbox 1180 1995 1261 2030; x_wconf 87' lang='lat' dir='ltr'><strong>fratri</strong></span> <span class='ocrx_word' id='word_1_688' title='bbox 1287 1993 1326 2020; x_wconf 85' lang='lat' dir='ltr'><strong>vel</strong></span> <span class='ocrx_word' id='word_1_689' title='bbox 1348 1990 1548 2019; x_wconf 75' lang='lat' dir='ltr'><strong>scandalum&quot;.</strong></span> <span class='ocrx_word' id='word_1_690' title='bbox 1573 1987 1682 2016; x_wconf 88' lang='lat' dir='ltr'><strong>Scimus</strong></span> <span class='ocrx_word' id='word_1_691' title='bbox 1699 1987 1777 2015; x_wconf 88' lang='lat' dir='ltr'><strong>enim</strong></span> <span class='ocrx_word' id='word_1_692' title='bbox 1793 2009 1802 2021; x_wconf 85' lang='grc'><strong>,</strong></span> <span class='ocrx_word' id='word_1_693' title='bbox 1834 1986 1897 2022; x_wconf 78' lang='lat' dir='ltr'><strong>quia</strong></span> 
     </span>
    </p>
   </div>
   <div class='ocr_carea' id='block_1_97' title="bbox 1102 2033 1898 2074">
    <p class='ocr_par' dir='ltr' id='par_1_97' title="bbox 1102 2033 1898 2074">
     <span class='ocr_line' id='line_1_98' title="bbox 1102 2033 1898 2074; baseline -0.014 -5"><span class='ocrx_word' id='word_1_694' title='bbox 1102 2042 1218 2069; x_wconf 91' lang='lat' dir='ltr'><strong>multum</strong></span> <span class='ocrx_word' id='word_1_695' title='bbox 1227 2040 1250 2056; x_wconf 77' lang='lat'><em>“</em></span> <span class='ocrx_word' id='word_1_696' title='bbox 1274 2038 1415 2074; x_wconf 84' lang='lat' dir='ltr'><strong>derogatio</strong></span> <span class='ocrx_word' id='word_1_697' title='bbox 1439 2035 1588 2072; x_wconf 63' lang='lat' dir='ltr'><strong>praevalet,</strong></span> <span class='ocrx_word' id='word_1_698' title='bbox 1609 2034 1720 2070; x_wconf 86' lang='lat' dir='ltr'><strong>quando</strong></span> <span class='ocrx_word' id='word_1_699' title='bbox 1745 2033 1898 2068; x_wconf 73' lang='lat' dir='ltr'><strong>derogator</strong></span> 
     </span>
    </p>
   </div>
   <div class='ocr_carea' id='block_1_98' title="bbox 1103 2079 1898 2120">
    <p class='ocr_par' dir='ltr' id='par_1_98' title="bbox 1103 2079 1898 2120">
     <span class='ocr_line' id='line_1_99' title="bbox 1103 2079 1898 2120; baseline -0.014 -4"><span class='ocrx_word' id='word_1_700' title='bbox 1103 2088 1225 2116; x_wconf 90' lang='lat' dir='ltr'><strong>creditur</strong></span> <span class='ocrx_word' id='word_1_701' title='bbox 1238 2085 1290 2113; x_wconf 84' lang='lat' dir='ltr'><strong>ﬁde</strong></span> <span class='ocrx_word' id='word_1_702' title='bbox 1304 2085 1413 2120; x_wconf 83' lang='lat' dir='ltr'><strong>dignus.</strong></span> <span class='ocrx_word' id='word_1_703' title='bbox 1430 2082 1503 2116; x_wconf 86' lang='lat' dir='ltr'><strong>ldeo,</strong></span> <span class='ocrx_word' id='word_1_704' title='bbox 1521 2083 1628 2112; x_wconf 85' lang='lat' dir='ltr'><strong>fratres,</strong></span> <span class='ocrx_word' id='word_1_705' title='bbox 1647 2079 1732 2107; x_wconf 80' lang='lat' dir='ltr'><strong>variis</strong></span> <span class='ocrx_word' id='word_1_706' title='bbox 1745 2079 1898 2107; x_wconf 77' lang='lat' dir='ltr'><strong>detractio-</strong></span> 
     </span>
    </p>
   </div>
   <div class='ocr_carea' id='block_1_99' title="bbox 1105 2124 1898 2162">
    <p class='ocr_par' dir='ltr' id='par_1_99' title="bbox 1105 2124 1898 2162">
     <span class='ocr_line' id='line_1_100' title="bbox 1105 2124 1898 2162; baseline -0.015 0"><span class='ocrx_word' id='word_1_707' title='bbox 1105 2135 1185 2162; x_wconf 91' lang='lat' dir='ltr'><strong>nibus</strong></span> <span class='ocrx_word' id='word_1_708' title='bbox 1200 2137 1227 2160; x_wconf 92' lang='lat' dir='ltr'><strong>et</strong></span> <span class='ocrx_word' id='word_1_709' title='bbox 1250 2130 1472 2159; x_wconf 87' lang='lat' dir='ltr'><strong>accusationibus</strong></span> <span class='ocrx_word' id='word_1_710' title='bbox 1491 2135 1546 2155; x_wconf 89' lang='lat' dir='ltr'><strong>non</strong></span> <span class='ocrx_word' id='word_1_711' title='bbox 1567 2130 1675 2161; x_wconf 86' lang='lat' dir='ltr'><strong>oportet</strong></span> <span class='ocrx_word' id='word_1_712' title='bbox 1684 2125 1708 2140; x_wconf 82' lang='lat'>&quot;</span> <span class='ocrx_word' id='word_1_713' title='bbox 1732 2124 1898 2152; x_wconf 77' lang='lat' dir='ltr'><strong>labefactari</strong></span> 
     </span>
    </p>
   </div>
   <div class='ocr_carea' id='block_1_100' title="bbox 1104 2171 1898 2216">
    <p class='ocr_par' dir='ltr' id='par_1_100' title="bbox 1104 2171 1898 2216">
     <span class='ocr_line' id='line_1_101' title="bbox 1104 2171 1898 2216; baseline -0.015 -8"><span class='ocrx_word' id='word_1_714' title='bbox 1104 2181 1211 2216; x_wconf 86' lang='lat' dir='ltr'><strong>judices</strong></span> <span class='ocrx_word' id='word_1_715' title='bbox 1226 2183 1252 2206; x_wconf 88' lang='lat' dir='ltr'><strong>et</strong></span> <span class='ocrx_word' id='word_1_716' title='bbox 1265 2178 1394 2213; x_wconf 86' lang='lat' dir='ltr'><strong>primates</strong></span> <span class='ocrx_word' id='word_1_717' title='bbox 1408 2175 1537 2202; x_wconf 66' lang='lat' dir='ltr'><strong>Ecclesia:</strong></span> <span class='ocrx_word' id='word_1_718' title='bbox 1550 2173 1599 2208; x_wconf 69' lang='lat'><strong>(4),</strong></span> <span class='ocrx_word' id='word_1_719' title='bbox 1620 2173 1666 2200; x_wconf 89' lang='lat' dir='ltr'><strong>sed</strong></span> <span class='ocrx_word' id='word_1_720' title='bbox 1677 2171 1770 2206; x_wconf 77' lang='lat' dir='ltr'><strong>magis</strong></span> <span class='ocrx_word' id='word_1_721' title='bbox 1784 2176 1898 2206; x_wconf 76' lang='lat' dir='ltr'><strong>aposto-</strong></span> 
     </span>
    </p>
   </div>
   <div class='ocr_carea' id='block_1_101' title="bbox 1071 2217 1897 2257">
    <p class='ocr_par' dir='ltr' id='par_1_101' title="bbox 1071 2217 1897 2257">
     <span class='ocr_line' id='line_1_102' title="bbox 1071 2217 1897 2257; baseline -0.013 -3"><span class='ocrx_word' id='word_1_722' title='bbox 1071 2222 1092 2250; x_wconf 84' lang='lat' dir='ltr'><strong>D</strong></span> <span class='ocrx_word' id='word_1_723' title='bbox 1106 2228 1195 2254; x_wconf 87' lang='lat' dir='ltr'><strong>lorum</strong></span> <span class='ocrx_word' id='word_1_724' title='bbox 1207 2231 1233 2253; x_wconf 89' lang='lat' dir='ltr'><strong>et</strong></span> <span class='ocrx_word' id='word_1_725' title='bbox 1243 2226 1388 2252; x_wconf 80' lang='lat' dir='ltr'><strong>doctorum</strong></span> <span class='ocrx_word' id='word_1_726' title='bbox 1399 2221 1500 2257; x_wconf 79' lang='lat' dir='ltr'><strong>regulis</strong></span> <span class='ocrx_word' id='word_1_727' title='bbox 1510 2219 1651 2247; x_wconf 82' lang='lat' dir='ltr'><strong>informari</strong></span> <span class='ocrx_word' id='word_1_728' title='bbox 1664 2218 1704 2253; x_wconf 81' lang='lat'><strong>(5)</strong></span> <span class='ocrx_word' id='word_1_729' title='bbox 1715 2225 1749 2244; x_wconf 86' lang='lat' dir='ltr'><strong>ac</strong></span> <span class='ocrx_word' id='word_1_730' title='bbox 1760 2217 1897 2245; x_wconf 86' lang='lat' dir='ltr'><strong>mborari.</strong></span> 
     </span>
    </p>
   </div>
   <div class='ocr_carea' id='block_1_102' title="bbox 1110 2263 1899 2308">
    <p class='ocr_par' dir='ltr' id='par_1_102' title="bbox 1110 2263 1899 2308">
     <span class='ocr_line' id='line_1_103' title="bbox 1110 2263 1899 2308; baseline -0.014 -7"><span class='ocrx_word' id='word_1_731' title='bbox 1110 2273 1186 2301; x_wconf 86' lang='lat' dir='ltr'><strong>Unde</strong></span> <span class='ocrx_word' id='word_1_732' title='bbox 1204 2273 1309 2308; x_wconf 85' lang='lat' dir='ltr'><strong>justum</strong></span> <span class='ocrx_word' id='word_1_733' title='bbox 1325 2274 1383 2302; x_wconf 83' lang='lat' dir='ltr'><strong>est,</strong></span> <span class='ocrx_word' id='word_1_734' title='bbox 1400 2275 1494 2295; x_wconf 86' lang='lat' dir='ltr'><strong>omnes</strong></span> <span class='ocrx_word' id='word_1_735' title='bbox 1511 2267 1538 2294; x_wconf 88' lang='lat' dir='ltr'><strong>in</strong></span> <span class='ocrx_word' id='word_1_736' title='bbox 1555 2266 1683 2293; x_wconf 89' lang='lat' dir='ltr'><strong>universo</strong></span> <span class='ocrx_word' id='word_1_737' title='bbox 1705 2263 1899 2291; x_wconf 77' lang='lat' dir='ltr'><strong>Romanorum</strong></span> 
     </span>
    </p>
   </div>
   <div class='ocr_carea' id='block_1_103' title="bbox 1106 2314 1901 2352">
    <p class='ocr_par' dir='ltr' id='par_1_103' title="bbox 1106 2314 1901 2352">
     <span class='ocr_line' id='line_1_104' title="bbox 1106 2314 1901 2352; baseline -0.016 -3"><span class='ocrx_word' id='word_1_738' title='bbox 1106 2322 1173 2349; x_wconf 87' lang='lat' dir='ltr'><strong>orbe</strong></span> <span class='ocrx_word' id='word_1_739' title='bbox 1187 2321 1314 2347; x_wconf 90' lang='lat' dir='ltr'><strong>doctores</strong></span> <span class='ocrx_word' id='word_1_740' title='bbox 1329 2316 1407 2352; x_wconf 87' lang='lat' dir='ltr'><strong>legis,</strong></span> <span class='ocrx_word' id='word_1_741' title='bbox 1425 2323 1457 2343; x_wconf 82' lang='lat' dir='ltr'><strong>ea</strong></span> <span class='ocrx_word' id='word_1_742' title='bbox 1471 2323 1531 2350; x_wconf 74' lang='lat' dir='ltr'><strong>quae</strong></span> <span class='ocrx_word' id='word_1_743' title='bbox 1545 2314 1612 2348; x_wconf 75' lang='lat' dir='ltr'><strong>legis</strong></span> <span class='ocrx_word' id='word_1_744' title='bbox 1627 2315 1692 2340; x_wconf 86' lang='lat' dir='ltr'><strong>sunt</strong></span> <span class='ocrx_word' id='word_1_745' title='bbox 1704 2315 1783 2338; x_wconf 83' lang='lat' dir='ltr'><strong>recte</strong></span> <span class='ocrx_word' id='word_1_746' title='bbox 1803 2318 1901 2345; x_wconf 72' lang='lat' dir='ltr'><strong>sapere</strong></span> 
     </span>
    </p>
   </div>
   <div class='ocr_carea' id='block_1_104' title="bbox 1109 2358 1899 2402">
    <p class='ocr_par' dir='ltr' id='par_1_104' title="bbox 1109 2358 1899 2402">
     <span class='ocr_line' id='line_1_105' title="bbox 1109 2358 1899 2402; baseline -0.015 -6"><span class='ocrx_word' id='word_1_747' title='bbox 1109 2373 1137 2396; x_wconf 92' lang='lat' dir='ltr'><strong>et</strong></span> <span class='ocrx_word' id='word_1_748' title='bbox 1153 2365 1273 2402; x_wconf 89' lang='lat' dir='ltr'><strong>operari,</strong></span> <span class='ocrx_word' id='word_1_749' title='bbox 1288 2369 1316 2392; x_wconf 88' lang='lat' dir='ltr'><strong>et</strong></span> <span class='ocrx_word' id='word_1_750' title='bbox 1331 2372 1384 2391; x_wconf 91' lang='lat' dir='ltr'><strong>non</strong></span> <span class='ocrx_word' id='word_1_751' title='bbox 1402 2363 1510 2398; x_wconf 81' lang='lat' dir='ltr'><strong>regulas</strong></span> <span class='ocrx_word' id='word_1_752' title='bbox 1525 2359 1663 2388; x_wconf 87' lang='lat' dir='ltr'><strong>nascentis</strong></span> <span class='ocrx_word' id='word_1_753' title='bbox 1681 2358 1819 2386; x_wconf 66' lang='lat' dir='ltr'><strong>Ecclesia:</strong></span> <span class='ocrx_word' id='word_1_754' title='bbox 1833 2365 1899 2385; x_wconf 85' lang='lat' dir='ltr'><strong>con-</strong></span> 
     </span>
    </p>
   </div>
   <div class='ocr_carea' id='block_1_105' title="bbox 1132 2483 1900 2521">
    <p class='ocr_par' dir='ltr' id='par_1_105' title="bbox 1132 2483 1900 2521">
     <span class='ocr_line' id='line_1_106' title="bbox 1132 2483 1900 2521; baseline -0.014 -1"><span class='ocrx_word' id='word_1_755' title='bbox 1132 2492 1241 2520; x_wconf 82' lang='lat' dir='ltr'><strong>“verba</strong></span> <span class='ocrx_word' id='word_1_756' title='bbox 1267 2493 1332 2518; x_wconf 91' lang='lat' dir='ltr'><strong>sunt</strong></span> <span class='ocrx_word' id='word_1_757' title='bbox 1361 2487 1515 2521; x_wconf 85' lang='lat' dir='ltr'><strong>tnterprctis</strong></span> <span class='ocrx_word' id='word_1_758' title='bbox 1545 2484 1635 2514; x_wconf 80' lang='lat' dir='ltr'><strong>Ruﬁni</strong></span> <span class='ocrx_word' id='word_1_759' title='bbox 1651 2503 1659 2515; x_wconf 84' lang='grc'><em>,</em></span> <span class='ocrx_word' id='word_1_760' title='bbox 1694 2483 1743 2519; x_wconf 91' lang='lat' dir='ltr'><strong>qui</strong></span> <span class='ocrx_word' id='word_1_761' title='bbox 1762 2483 1900 2521; x_wconf 70' lang='lat' dir='ltr'><strong>trecentis</strong></span> 
     </span>
    </p>
   </div>
   <div class='ocr_carea' id='block_1_106' title="bbox 1356 2519 1899 2549">
    <p class='ocr_par' dir='ltr' id='par_1_106' title="bbox 1356 2519 1899 2549">
     <span class='ocr_line' id='line_1_107' title="bbox 1356 2519 1899 2549; baseline -0.011 0"><span class='ocrx_word' id='word_1_762' title='bbox 1356 2524 1378 2540; x_wconf 70' lang='grc' dir='ltr'>ιδ</span> <span class='ocrx_word' id='word_1_763' title='bbox 1398 2519 1555 2549; x_wconf 77' lang='lat' dir='ltr'><strong>biihalassa.</strong></span> <span class='ocrx_word' id='word_1_764' title='bbox 1603 2520 1624 2536; x_wconf 80' lang='lat'>“‘</span> <span class='ocrx_word' id='word_1_765' title='bbox 1634 2527 1687 2546; x_wconf 84' lang='lat' dir='ltr'><strong>ms.</strong></span> <span class='ocrx_word' id='word_1_766' title='bbox 1710 2519 1899 2546; x_wconf 74' lang='lat' dir='ltr'><strong>rationabiles.</strong></span> 
     </span>
    </p>
   </div>
   <div class='ocr_carea' id='block_1_107' title="bbox 1226 2554 1898 2594">
    <p class='ocr_par' dir='ltr' id='par_1_107' title="bbox 1226 2554 1898 2594">
     <span class='ocr_line' id='line_1_108' title="bbox 1226 2554 1898 2594; baseline -0.012 -7"><span class='ocrx_word' id='word_1_767' title='bbox 1226 2559 1282 2586; x_wconf 72' lang='lat' dir='ltr'><strong>mIn</strong></span> <span class='ocrx_word' id='word_1_768' title='bbox 1293 2560 1372 2594; x_wconf 89' lang='lat' dir='ltr'><strong>epist.</strong></span> <span class='ocrx_word' id='word_1_769' title='bbox 1385 2565 1435 2585; x_wconf 90' lang='lat' dir='ltr'><strong>sua</strong></span> <span class='ocrx_word' id='word_1_770' title='bbox 1452 2557 1470 2588; x_wconf 90' lang='grc' dir='ltr'><strong>Ι,</strong></span> <span class='ocrx_word' id='word_1_771' title='bbox 1484 2556 1519 2583; x_wconf 89' lang='lat' dir='ltr'><strong>ad</strong></span> <span class='ocrx_word' id='word_1_772' title='bbox 1533 2555 1665 2594; x_wconf 70' lang='lat' dir='ltr'><strong>Iacobum</strong></span> <span class='ocrx_word' id='word_1_773' title='bbox 1673 2554 1898 2594; x_wconf 57' lang='lat' dir='ltr'><strong>sententialtter;</strong></span> 
     </span>
    </p>
   </div>
   <div class='ocr_carea' id='block_1_108' title="bbox 1145 2589 1880 2623">
    <p class='ocr_par' dir='ltr' id='par_1_108' title="bbox 1145 2589 1880 2623">
     <span class='ocr_line' id='line_1_109' title="bbox 1145 2589 1880 2623; baseline -0.012 0"><span class='ocrx_word' id='word_1_774' title='bbox 1145 2597 1168 2613; x_wconf 83' lang='grc'><strong>¹⁰</strong></span> <span class='ocrx_word' id='word_1_775' title='bbox 1179 2589 1363 2623; x_wconf 64' lang='grc' dir='ltr'><strong>Αιιὶθιιυεῖἰὴ.</strong></span> <span class='ocrx_word' id='word_1_776' title='bbox 1385 2600 1427 2619; x_wconf 86' lang='lat' dir='ltr'><strong>xvt</strong></span> <span class='ocrx_word' id='word_1_777' title='bbox 1438 2613 1445 2623; x_wconf 95' lang='lat'><strong>,</strong></span> <span class='ocrx_word' id='word_1_778' title='bbox 1462 2595 1550 2618; x_wconf 90' lang='lat' dir='ltr'><strong>const.</strong></span> <span class='ocrx_word' id='word_1_779' title='bbox 1569 2591 1601 2623; x_wconf 87' lang='lat' dir='ltr'><strong>l,</strong></span> <span class='ocrx_word' id='word_1_780' title='bbox 1616 2590 1656 2617; x_wconf 89' lang='lat' dir='ltr'><strong>tit.</strong></span> <span class='ocrx_word' id='word_1_781' title='bbox 1673 2589 1700 2616; x_wconf 87' lang='lat'><strong>7.</strong></span> <span class='ocrx_word' id='word_1_782' title='bbox 1741 2590 1764 2605; x_wconf 68' lang='grc' dir='ltr'><strong>’ί</strong></span> <span class='ocrx_word' id='word_1_783' title='bbox 1780 2589 1832 2616; x_wconf 83' lang='lat' dir='ltr'><strong>Jac</strong></span> <span class='ocrx_word' id='word_1_784' title='bbox 1863 2596 1880 2614; x_wconf 88' lang='grc' dir='ltr'><strong>ιι</strong></span> 
     </span>
    </p>
   </div>
   <div class='ocr_carea' id='block_1_109' title="bbox 1314 2607 1900 2662">
    <p class='ocr_par' dir='ltr' id='par_1_109' title="bbox 1314 2607 1900 2662">
     <span class='ocr_line' id='line_1_110' title="bbox 1317 2607 1899 2624; baseline -0.014 -3"><span class='ocrx_word' id='word_1_785' title='bbox 1317 2607 1363 2621; x_wconf 82' lang='grc' dir='ltr'>ιιυ.</span> <span class='ocrx_word' id='word_1_786' title='bbox 1385 2607 1445 2624; x_wconf 69' lang='lat' dir='ltr'><strong>Au,</strong></span> <span class='ocrx_word' id='word_1_787' title='bbox 1462 2607 1550 2618; x_wconf 65' lang='lat' dir='ltr'><strong>bUlIalu</strong></span> <span class='ocrx_word' id='word_1_788' title='bbox 1571 2607 1601 2623; x_wconf 74' lang='grc' dir='ltr'>ι,</span> <span class='ocrx_word' id='word_1_789' title='bbox 1616 2607 1656 2617; x_wconf 79' lang='grc' dir='ltr'>ιη.</span> <span class='ocrx_word' id='word_1_790' title='bbox 1678 2607 1700 2616; x_wconf 85' lang='grc' dir='ltr'>ι.</span> <span class='ocrx_word' id='word_1_791' title='bbox 1780 2607 1832 2616; x_wconf 65' lang='grc' dir='ltr'><strong>σοι..</strong></span> <span class='ocrx_word' id='word_1_792' title='bbox 1863 2607 1899 2619; x_wconf 73' lang='grc' dir='ltr'>ιι,</span> 
     </span>
     <span class='ocr_line' id='line_1_111' title="bbox 1314 2623 1900 2662; baseline -0.01 -7"><span class='ocrx_word' id='word_1_793' title='bbox 1314 2630 1337 2645; x_wconf 71' lang='grc'><strong>’⁵</strong></span> <span class='ocrx_word' id='word_1_794' title='bbox 1351 2627 1506 2662; x_wconf 71' lang='lat' dir='ltr'><strong>Tripartitte</strong></span> <span class='ocrx_word' id='word_1_795' title='bbox 1527 2625 1590 2662; x_wconf 81' lang='lat' dir='ltr'><strong>his_t.</strong></span> <span class='ocrx_word' id='word_1_796' title='bbox 1613 2633 1654 2662; x_wconf 80' lang='lat' dir='ltr'><strong>nt,</strong></span> <span class='ocrx_word' id='word_1_797' title='bbox 1677 2625 1707 2657; x_wconf 80' lang='lat'><strong>8.</strong></span> <span class='ocrx_word' id='word_1_798' title='bbox 1720 2625 1796 2662; x_wconf 34' lang='lat' dir='ltr'><strong>Ahec</strong></span> <span class='ocrx_word' id='word_1_799' title='bbox 1820 2623 1900 2662; x_wconf 63' lang='lat' dir='ltr'><strong>verba</strong></span> 
     </span>
    </p>
   </div>
   <div class='ocr_carea' id='block_1_110' title="bbox 270 2659 1899 2712">
    <p class='ocr_par' dir='ltr' id='par_1_110' title="bbox 270 2659 1899 2712">
     <span class='ocr_line' id='line_1_112' title="bbox 270 2659 1899 2712; baseline -0.013 -8"><span class='ocrx_word' id='word_1_800' title='bbox 270 2659 354 2712; x_wconf 44' lang='lat' dir='ltr'><strong>ieEésJ.</strong></span> <span class='ocrx_word' id='word_1_801' title='bbox 374 2659 876 2712; x_wconf 54' lang='grc' dir='ltr'><strong>ιιέἷῖῗῦῖὲῇιᾙῗιῖἒωιειᾱὶῖέῦὲρῖιὶζ</strong></span> <span class='ocrx_word' id='word_1_802' title='bbox 888 2659 895 2668; x_wconf 72' lang='grc'><em>’</em></span> <span class='ocrx_word' id='word_1_803' title='bbox 916 2659 1180 2705; x_wconf 41' lang='grc' dir='ltr'>’λεῧιιιιιειειιέθμέᾱ</span> <span class='ocrx_word' id='word_1_804' title='bbox 1197 2667 1340 2700; x_wconf 92' lang='lat' dir='ltr'><strong>episcopos</strong></span> <span class='ocrx_word' id='word_1_805' title='bbox 1353 2659 1460 2698; x_wconf 75' lang='lat' dir='ltr'><strong>lllyi‘ici,</strong></span> <span class='ocrx_word' id='word_1_806' title='bbox 1473 2662 1544 2696; x_wconf 86' lang='lat' dir='ltr'><strong>apud</strong></span> <span class='ocrx_word' id='word_1_807' title='bbox 1559 2660 1662 2688; x_wconf 84' lang='lat' dir='ltr'><strong>Theod.</strong></span> <span class='ocrx_word' id='word_1_808' title='bbox 1677 2665 1706 2688; x_wconf 87' lang='lat' dir='ltr'><strong>et</strong></span> <span class='ocrx_word' id='word_1_809' title='bbox 1718 2659 1784 2687; x_wconf 81' lang='lat' dir='ltr'><strong>Soz.</strong></span> <span class='ocrx_word' id='word_1_810' title='bbox 1798 2659 1899 2693; x_wconf 77' lang='lat' dir='ltr'><strong>scripta</strong></span> 
     </span>
    </p>
   </div>
   <div class='ocr_carea' id='block_1_111' title="bbox 271 2710 584 2739">
    <p class='ocr_par' dir='ltr' id='par_1_111' title="bbox 271 2710 584 2739">
     <span class='ocr_line' id='line_1_113' title="bbox 271 2710 584 2739; baseline -0.013 0"><span class='ocrx_word' id='word_1_811' title='bbox 271 2710 310 2739; x_wconf 36' lang='lat' dir='ltr'><strong>ex’</strong></span> <span class='ocrx_word' id='word_1_812' title='bbox 321 2713 444 2739; x_wconf 79' lang='lat' dir='ltr'><strong>ttomano</strong></span> <span class='ocrx_word' id='word_1_813' title='bbox 456 2710 584 2738; x_wconf 87' lang='lat' dir='ltr'><strong>concilio.</strong></span> 
     </span>
    </p>
   </div>
   <div class='ocr_carea' id='block_1_112' title="bbox 310 2806 1056 2847">
    <p class='ocr_par' dir='ltr' id='par_1_112' title="bbox 310 2806 1056 2847">
     <span class='ocr_line' id='line_1_114' title="bbox 310 2806 1056 2847; baseline -0.012 -8"><span class='ocrx_word' id='word_1_814' title='bbox 310 2812 348 2847; x_wconf 76' lang='grc' dir='ltr'><strong>(ι)</strong></span> <span class='ocrx_word' id='word_1_815' title='bbox 361 2812 641 2847; x_wconf 20' lang='grc' dir='ltr'><strong>Αεειιςαιὶοπὶὀυενηοη</strong></span> <span class='ocrx_word' id='word_1_816' title='bbox 651 2812 751 2847; x_wconf 71' lang='lat' dir='ltr'><strong>oportet</strong></span> <span class='ocrx_word' id='word_1_817' title='bbox 762 2806 919 2847; x_wconf 74' lang='lat' dir='ltr'><strong>labefactari</strong></span> <span class='ocrx_word' id='word_1_818' title='bbox 931 2806 1056 2840; x_wconf 83' lang='lat' dir='ltr'><strong>primates</strong></span> 
     </span>
    </p>
   </div>
   <div class='ocr_carea' id='block_1_113' title="bbox 278 2842 1057 2880">
    <p class='ocr_par' dir='ltr' id='par_1_113' title="bbox 278 2842 1057 2880">
     <span class='ocr_line' id='line_1_115' title="bbox 278 2842 1057 2880; baseline -0.009 -6"><span class='ocrx_word' id='word_1_819' title='bbox 278 2842 410 2875; x_wconf 64' lang='lat' dir='ltr'><strong>Ecclesia.</strong></span> <span class='ocrx_word' id='word_1_820' title='bbox 422 2847 490 2873; x_wconf 76' lang='lat' dir='ltr'><strong>Vide</strong></span> <span class='ocrx_word' id='word_1_821' title='bbox 500 2854 559 2880; x_wconf 69' lang='lat' dir='ltr'><strong>quae</strong></span> <span class='ocrx_word' id='word_1_822' title='bbox 570 2842 686 2873; x_wconf 77' lang='lat' dir='ltr'><strong>dicimus</strong></span> <span class='ocrx_word' id='word_1_823' title='bbox 700 2845 727 2872; x_wconf 90' lang='lat' dir='ltr'><strong>in</strong></span> <span class='ocrx_word' id='word_1_824' title='bbox 743 2842 814 2872; x_wconf 89' lang='lat' dir='ltr'><strong>notis</strong></span> <span class='ocrx_word' id='word_1_825' title='bbox 830 2843 862 2870; x_wconf 86' lang='lat' dir='ltr'><strong>ad</strong></span> <span class='ocrx_word' id='word_1_826' title='bbox 875 2849 972 2870; x_wconf 85' lang='lat' dir='ltr'><strong>canon.</strong></span> <span class='ocrx_word' id='word_1_827' title='bbox 991 2847 1057 2870; x_wconf 77' lang='lat' dir='ltr'><strong>avo-</strong></span> 
     </span>
    </p>
   </div>
   <div class='ocr_carea' id='block_1_114' title="bbox 277 2881 599 2910">
    <p class='ocr_par' dir='ltr' id='par_1_114' title="bbox 277 2881 599 2910">
     <span class='ocr_line' id='line_1_116' title="bbox 277 2881 599 2910; baseline -0.009 0"><span class='ocrx_word' id='word_1_828' title='bbox 277 2883 338 2910; x_wconf 79' lang='lat' dir='ltr'><strong>stol.</strong></span> <span class='ocrx_word' id='word_1_829' title='bbox 355 2882 399 2909; x_wconf 72' lang='grc' dir='ltr'><strong>ιι.</strong></span> <span class='ocrx_word' id='word_1_830' title='bbox 416 2882 478 2909; x_wconf 78' lang='lat' dir='ltr'><strong>Ssv.</strong></span> <span class='ocrx_word' id='word_1_831' title='bbox 497 2881 599 2908; x_wconf 75' lang='lat' dir='ltr'><strong>BINIUS.</strong></span> 
     </span>
    </p>
   </div>
   <div class='ocr_carea' id='block_1_115' title="bbox 1145 2797 1898 2838">
    <p class='ocr_par' dir='ltr' id='par_1_115' title="bbox 1145 2797 1898 2838">
     <span class='ocr_line' id='line_1_117' title="bbox 1145 2797 1898 2838; baseline -0.009 -8"><span class='ocrx_word' id='word_1_832' title='bbox 1145 2804 1184 2838; x_wconf 78' lang='grc'><strong>(5)</strong></span> <span class='ocrx_word' id='word_1_833' title='bbox 1207 2802 1392 2838; x_wconf 63' lang='lat' dir='ltr'><strong>Apostolorum</strong></span> <span class='ocrx_word' id='word_1_834' title='bbox 1408 2800 1503 2838; x_wconf 47' lang='lat' dir='ltr'><strong>regulis</strong></span> <span class='ocrx_word' id='word_1_835' title='bbox 1515 2797 1669 2838; x_wconf 68' lang='lat' dir='ltr'><strong>informari.</strong></span> <span class='ocrx_word' id='word_1_836' title='bbox 1689 2798 1820 2826; x_wconf 75' lang='lat' dir='ltr'><strong>Cauones</strong></span> <span class='ocrx_word' id='word_1_837' title='bbox 1837 2803 1898 2831; x_wconf 64' lang='lat' dir='ltr'><strong>ap0&lt;</strong></span> 
     </span>
    </p>
   </div>
   <div class='ocr_carea' id='block_1_116' title="bbox 1109 2835 1648 2872">
    <p class='ocr_par' dir='ltr' id='par_1_116' title="bbox 1109 2835 1648 2872">
     <span class='ocr_line' id='line_1_118' title="bbox 1109 2835 1648 2872; baseline -0.013 -5"><span class='ocrx_word' id='word_1_838' title='bbox 1109 2835 1254 2871; x_wconf 72' lang='lat' dir='ltr'><strong>stolarum,</strong></span> <span class='ocrx_word' id='word_1_839' title='bbox 1269 2838 1312 2872; x_wconf 70' lang='lat' dir='ltr'><strong>Si,</strong></span> <span class='ocrx_word' id='word_1_840' title='bbox 1328 2837 1361 2865; x_wconf 77' lang='lat'><strong>75</strong></span> <span class='ocrx_word' id='word_1_841' title='bbox 1375 2841 1401 2864; x_wconf 90' lang='lat' dir='ltr'><strong>et</strong></span> <span class='ocrx_word' id='word_1_842' title='bbox 1413 2836 1444 2863; x_wconf 69' lang='lat'><strong>74</strong></span> <span class='ocrx_word' id='word_1_843' title='bbox 1458 2835 1592 2871; x_wconf 77' lang='lat' dir='ltr'><strong>intelligit.</strong></span> <span class='ocrx_word' id='word_1_844' title='bbox 1610 2835 1648 2861; x_wconf 80' lang='lat' dir='ltr'><strong>lo.</strong></span> 
     </span>
    </p>
   </div>
  </div>
