1916 3104
253 122 302 158 ιυδ

910 125 1048 150 AN“,le
1056 124 1084 148 ιι
1117 122 1217 149 ΡΑΡΑΕ

1829 121 1874 149 79b

252 187 298 215 ,0Ιί
317 187 367 213 hoc
383 193 462 220 agere
477 185 586 217 debent,
603 184 649 212 sed
665 189 748 211 testes
764 191 856 210 secum
878 182 1034 214 adhibeam,
1051 180 1072 208 A
1088 180 1200 208 adventu
1218 181 1285 216 eius.
1311 181 1340 208 Si
1365 181 1438 207 scitis
1460 181 1584 215 quoniam
1603 182 1694 215 justas
1714 187 1766 212 est,
1789 181 1874 207 scitote

251 239 279 260 ut
296 232 410 259 Domino
426 231 545 266 perfecte
561 233 587 257 in
600 231 716 258 sacratis
734 229 787 256 Deo
802 229 955 256 sacriﬁcare
969 229 1035 256 locis

250 277 409 311 probentur.
438 275 483 302 Ait
503 283 621 310 namque
645 275 794 302 auctoritas
819 275 886 308 legis
912 275 1033 301 dirime:

251 322 318 349 Vide
348 330 378 348 ne
394 321 490 356 offeras
507 321 661 347 holocausta
684 325 729 346 tua
753 321 781 346 in
802 321 874 346 omni
890 320 945 346 loco
960 327 1035 354 quem

250 369 355 401 uideris,
365 369 410 395 sed
418 369 445 394 in
453 368 509 394 loco
517 376 593 402 quem
603 367 708 402 elegerit
719 366 846 393 Dominus
856 366 925 392 Deus
934 371 994 392 titus
1000 365 1033 391 ’⁵τ.

249 415 272 430 ⁸⁸
283 413 434 448 Episcopus
460 413 514 441 Deo
536 414 705 446 sacriﬁcans,
723 417 805 440 testes
826 412 868 447 (ut
895 412 1034 446 praalixum

250 461 301 493 est)
319 468 410 487 secum
427 460 535 492 habeat,
552 464 579 486 et
593 459 683 494 plures
703 466 785 493 quam
803 459 872 485 alius
895 458 1033 485 sacerdos.

250 504 327 532 Sieu:
337 505 409 532 enim
425 505 536 540 majoris
550 504 662 532 honoris
676 504 761 539 gradu
773 503 882 535 lruitur,
894 503 934 530 sic
949 503 1035 538 majo—

250 551 288 578 ris
300 551 448 578 teslimonii
469 551 638 578 incremento
654 550 766 585 indiget.
779 550 810 577 ln
821 550 1034 577 solemniorihus

249 598 349 632 quippe
368 597 475 630 diebus,
498 601 545 624 aut
564 601 678 632 septem.
695 601 740 624 aut
759 597 890 631 quinque,
913 601 961 623 aut
980 600 1034 623 tres

249 643 387 676 diaconos,
403 643 449 678 qui
471 644 531 677 ejus
551 643 623 671 oculi
647 643 784 675 dicuntur,
811 647 836 669 et
852 642 1034 670 subdiaconus

249 693 329 724 atque
342 690 461 724 reliquos
485 689 626 716 ministros
647 697 739 716 secum
762 689 870 721 habeat,
883 688 930 723 qui
948 689 1034 716 sacris

249 735 335 762 induti
347 735 526 767 vestimentis,
547 735 573 762 in
595 735 684 762 fronte
699 739 726 762 et
750 743 765 761 a
782 739 867 770 tergo,
878 738 905 761 ct
922 734 1033 769 presby-

249 783 298 810 teri
311 791 325 810 ο
335 783 444 818 regione
459 783 552 810 dextra
568 783 700 817 ltevaque,
712 783 830 810 contrito
842 782 923 809 corde
936 786 962 809 et
983 782 1033 808 hu-

249 829 352 855 miliato
373 829 481 863 spiritu,
502 836 533 856 ac
556 837 643 863 prono
661 832 732 856 stent
747 829 834 862 vultu,
849 828 1033 856 custodientes

248 883 310 902 eum
327 882 342 901 a
354 875 493 902 malevolis
505 875 672 907 hominibus,
681 879 707 902 ct
721 883 884 903 consensum
900 875 960 909 ejus
971 883 1035 910 prm-

248 921 480 948 hcautsacrilieio.
491 920 601 948 Peracta
614 926 703 949 autem
715 921 932 953 consecratione,
942 929 1037 949 omnes

248 968 465 999 communicent,
488 968 533 1002 qui
560 968 699 994 noluerint
723 967 918 995 ecclesiasticis
943 975 1037 994 carere

249 1013 398 1041 liminihus.
423 1013 468 1041 Sic
484 1015 556 1040 enim
582 1018 606 1040 et
633 1014 747 1048 apostoli
771 1018 926 1041 statuerunt
942 1014 991 1048 (7),
1011 1018 1038 1040 et

249 1062 342 1085 sancta
363 1058 484 1086 Romana
505 1064 577 1086 tenet
594 1058 725 1086 Ecclesia.
750 1059 861 1093 Servite,
883 1060 970 1095 inquit
984 1059 1038 1087 Do-

249 1104 339 1132 minus
363 1113 411 1140 per
434 1105 593 1140 prophetam
614 1105 707 1139 David,
724 1107 751 1132 in
768 1107 879 1140 timore,
903 1112 926 1134 et
947 1107 1036 1134 exsul-

249 1155 302 1176 tate
315 1147 338 1174 ei
349 1146 691 1176 cumtremore.“.4dorate
704 1157 783 1184 pure,
802 1158 833 1176 ne
849 1150 917 1184 forte
934 1151 1035 1176 irasca—

249 1200 303 1226 tur,
324 1199 348 1220 et
363 1197 477 1229 pereatis
504 1196 536 1222 de
562 1194 615 1221 via.
639 1196 663 1211 ‘°
691 1196 737 1222 llle
752 1198 823 1223 enim
848 1204 901 1222 non
918 1197 987 1230 perit
1003 1196 1036 1224 de

248 1241 302 1274 vla,
318 1241 364 1276 qui
381 1246 454 1269 recte
471 1241 603 1276 graditur,
622 1246 648 1269 et
663 1246 796 1277 pratcepta
812 1242 929 1269 cuslodil
947 1242 1035 1276 majo-

249 1294 321 1316 rum.

285 1332 381 1360 Doceri
395 1342 460 1370 ergo
471 1342 567 1363 omnes
590 1340 706 1371 oportet,
722 1338 768 1371 qui
786 1337 893 1365 Domini
909 1339 1038 1366 sacerdo-

249 1376 287 1403 tio
302 1376 462 1411 funguntur,
477 1384 505 1406 ut
519 1384 544 1406 et
561 1384 673 1407 caeteros
687 1381 825 1408 instruant
841 1387 869 1410 et
886 1383 937 1410 sibi
955 1383 1036 1418 proﬁ—

250 1424 333 1449 ciant.
350 1423 487 1458 Scriptum
507 1428 549 1452 cst
564 1431 652 1453 autem
670 1435 677 1453 2
695 1427 747 1459 Qui
767 1428 838 1454 docti
855 1428 965 1463 fuerint,
983 1429 1037 1463 ful-

249 1468 342 1502 gebunt
356 1470 432 1504 quasi
452 1471 575 1505 splendor
591 1473 750 1506 ﬁrmamenti
771 1482 780 1500 :
802 1480 826 1501 et
836 1476 880 1510 qui
900 1475 934 1502 ad
952 1476 1037 1510 justi-

1087 228 1212 263 quoniam
1227 231 1252 253 et
1268 227 1352 253 omnis
1367 227 1411 261 qui
1433 227 1497 261 facit
1510 226 1657 261 justitiam,
1674 235 1707 254 ea:
1731 227 1789 261 ipso
1803 232 1874 254 natas

1087 279 1125 301 est
1142 274 1174 300 5".
1196 273 1283 300 Videte
1297 273 1401 308 qualem
1417 273 1572 300 eharitatcm
1596 273 1668 300 dedit
1691 273 1769 300 nobis
1788 273 1873 306 Pater,

1088 325 1117 347 at
1130 321 1180 355 filii
1193 321 1240 346 Dei
1257 321 1420 347 nontinemur
1434 326 1457 347 et
1470 321 1562 347 simus.
1576 319 1690 354 Propter
1704 319 1754 346 hoc
1767 320 1875 346 mundus

1087 376 1138 394 non
1155 368 1224 394 novit
1239 376 1295 399 nos,
1308 367 1371 401 quia
1389 375 1440 393 non
1454 367 1522 394 novit
1537 375 1606 393 eam.
1619 366 1793 399 Charissimi,
1811 375 1873 393 nam

1086 415 1137 450 ﬁlii
1148 414 1197 441 Dei
1209 423 1310 448 sumus,
1322 419 1345 441 et
1358 415 1473 441 nondum
1483 414 1606 449 apparuit
1617 413 1682 449 quid
1696 414 1809 441 erimus.
1821 412 1869 441 Sci-

1086 470 1143 489 mus
1169 461 1294 496 quoniam
1320 469 1378 487 cum
1402 462 1569 495 apparuerit,
1591 460 1692 487 similes
1718 461 1742 486 ei
1768 460 1874 492 erimus,

1086 507 1210 542 quoniam
1229 506 1373 533 videbimus
1386 515 1444 533 eum
1464 507 1544 533 sicuti
1557 511 1605 533 est.
1620 505 1656 532 Et
1673 506 1760 532 omnis
1773 507 1819 540 qui
1831 507 1873 531 ha.

1085 553 1126 578 bet
1139 560 1207 586 spent
1217 552 1284 578 hanc
1295 552 1321 578 in
1334 560 1372 584 eo,
1381 551 1531 586 sanctiﬁcat
1540 559 1577 584 se,
1588 552 1658 578 sicut
1672 556 1697 578 et
1709 551 1756 578 ille
1771 556 1875 578 sanctus

1084 602 1132 624 est.
1147 597 1238 625 Omnis
1247 597 1291 632 qui
1303 598 1368 632 facit
1383 602 1527 631 peccatum,
1542 602 1565 624 et
1578 598 1745 632 iniquitatem
1760 597 1838 632 facit,
1854 603 1877 623 ct

1084 647 1218 677 peccatum
1236 647 1273 668 est
1292 643 1428 677 iniquitas.
1443 642 1477 669 Et
1486 643 1559 670 scitis
1569 643 1631 677 quia
1642 643 1688 669 ille
1697 643 1834 677 apparuit,
1850 648 1875 669 at

1084 693 1188 723 peccata
1205 687 1316 719 tolleret,
1328 693 1353 714 et
1370 693 1503 722 peccatum
1515 689 1541 715 in
1560 697 1649 715 conon
1663 694 1712 715 est.
1731 688 1826 715 Omnis
1834 690 1876 722 qui

1085 735 1110 761 in
1123 742 1152 760 eo
1162 738 1259 766 nutriet,
1271 742 1320 760 non
1336 739 1423 768 peccat
1434 739 1475 760 :et
1486 734 1569 760 onmis
1580 734 1625 769 qui
1636 739 1736 768 peccat,
1751 741 1805 760 non
1815 734 1875 760 t‘idtl

1085 789 1154 813 eum,
1170 789 1214 807 nec
1228 781 1343 815 cognovit
1360 789 1428 807 eum.
1442 780 1544 814 Filiuli,
1556 789 1631 807 nemo
1639 789 1682 807 vos
1693 781 1817 807 seducet.
1828 780 1876 812 Qui

1086 827 1151 861 facit
1173 827 1321 860 justitiam,
1337 826 1427 861 justus
1446 831 1496 858 est,
1519 827 1585 853 sicut
1603 830 1628 853 et
1654 826 1700 852 ille
1720 827 1815 860 justus
1831 830 1877 852 est.

1088 873 1141 906 Qui
1157 873 1222 908 facit
1238 878 1383 908 peccatum,
1395 881 1426 900 ea:
1437 873 1543 899 diabolo
1557 878 1605 906 est,
1617 874 1741 908 quoniam
1757 873 1791 899 ab
1803 873 1878 899 initio

1087 919 1208 946 diabolus
1221 924 1320 954 peccat.
1339 919 1373 946 In
1395 919 1443 946 hoc
1462 919 1584 954 apparuit
1598 919 1684 946 Filius
1706 919 1767 952 Dei,
1783 927 1812 945 ut
1823 919 1873 946 dis-

1087 966 1171 993 solvat
1189 975 1267 1000 opera
1281 966 1392 993 diaboli.
1413 965 1504 993 Omnis
1524 973 1567 1000 qui
1583 971 1672 997 ,natus
1698 971 1737 992 est
1761 974 1795 992 ex
1813 965 1876 997 Dea,

1087 1016 1223 1047 peccatum
1249 1020 1299 1038 non
1326 1012 1553 1046 facit:quoniam
1579 1020 1665 1039 semen
1688 1013 1776 1046 ipsius
1802 1013 1829 1039 in
1850 1021 1878 1038 eo

1088 1064 1186 1092 manet,
1201 1063 1225 1085 et
1242 1067 1292 1086 non
1306 1063 1388 1093 potest
1403 1067 1519 1093 peccare,
1536 1059 1660 1093 quoniam
1675 1067 1708 1085 ea:
1728 1058 1783 1085 Deo
1801 1064 1878 1085 natus

1087 1110 1135 1132 est.
1155 1105 1188 1132 In
1208 1105 1256 1132 hoc
1275 1105 1410 1140 manifesti
1433 1110 1493 1132 sunt
1514 1105 1564 1140 ﬁlii
1583 1105 1629 1132 Dei
1647 1111 1671 1132 ct
1692 1106 1748 1140 ﬁlii
1769 1105 1877 1132 diaboli.

1089 1151 1182 1179 Omnis
1200 1152 1244 1186 qui
1258 1160 1309 1178 non
1323 1157 1361 1178 est
1373 1152 1475 1186 justus,
1489 1159 1539 1177 non
1553 1159 1589 1178 est
1603 1159 1635 1178 ea:
1652 1151 1715 1183 Deo,
1732 1159 1758 1178 et
1773 1152 1818 1186 qui
1828 1159 1879 1178 non

1087 1199 1174 1234 diligit
1189 1199 1299 1234 fratrem
1319 1207 1396 1226 suum
1409 1206 1418 1224 :
1431 1199 1555 1234 quoniam
1575 1198 1630 1226 lucc
1652 1203 1690 1225 est
1705 1199 1880 1225 annuntiatio

1086 1254 1166 1280 quam
1188 1246 1302 1272 audistis
1325 1246 1357 1272 ab
1373 1246 1459 1279 initio,
1486 1250 1514 1271 ut
1538 1245 1681 1280 diligamus
1705 1245 1879 1272 alterutrum.

1089 1291 1149 1318 Non
1162 1292 1230 1317 sicut
1250 1291 1328 1324 Cain,
1343 1292 1387 1326 qui
1405 1299 1436 1318 ex
1449 1292 1563 1326 maligno
1577 1296 1644 1324 erat,
1662 1295 1687 1318 et
1707 1291 1807 1318 occidit
1824 1292 1879 1325 fra-

1088 1343 1155 1365 trem
1177 1346 1264 1365 suum.
1290 1337 1323 1364 Et
1348 1345 1454 1373 propter
1477 1338 1525 1364 hoc
1542 1338 1638 1364 occidit
1659 1346 1730 1371 eum,
1752 1339 1881 1373 quoniam

1088 1391 1167 1417 opera
1182 1384 1237 1418 ejus
1255 1383 1372 1418 maligna
1389 1388 1475 1415 erant,
1497 1383 1590 1417 fratris
1606 1387 1693 1409 autem
1714 1383 1805 1417 justa.
1823 1382 1881 1408 Na-

1088 1429 1133 1455 lite
1148 1429 1251 1460 mirari,
1267 1429 1374 1462 fratres,
1391 1429 1414 1455 si
1438 1428 1492 1455 otlit
1509 1437 1552 1456 vos
1571 1428 1693 1455 mundus.
1709 1427 1768 1454 Nos
1782 1428 1882 1454 scimus

1086 1478 1212 1512 quoniam
1233 1477 1358 1503 translati
1381 1485 1471 1503 sumus
1492 1476 1522 1502 de
1543 1481 1627 1502 morte
1650 1475 1685 1501 ad
1705 1476 1800 1505 vitam,
1819 1475 1883 1508 quia

249 1514 314 1540 tium
349 1516 472 1542 erudiunt
495 1518 610 1550 multas,
633 1519 710 1553 quasi
736 1520 819 1547 stellae
843 1522 871 1548 in
896 1527 1034 1556 perpetuas
1049 1528 1070 1556 ί]
1086 1523 1223 1557 diligimus
1242 1523 1348 1557 fratres.
1366 1523 1417 1555 Qui
1434 1530 1485 1548 non
1496 1521 1596 1556 diligit,
1611 1525 1699 1547 manet
1723 1521 1751 1547 in
1776 1526 1880 1547 marte.

249 1561 408 1588 (clernitotes
422 1562 455 1588 “.
468 1562 500 1589 Et
513 1564 592 1590 alibi:
612 1562 729 1598 Populus
749 1571 835 1593 autem
853 1569 936 1595 sciens
951 1568 1034 1596 Deum

248 1615 336 1639 situm,
356 1608 492 1641 obtinebit,
508 1615 533 1637 et
554 1611 642 1646 faciet,
665 1618 689 1640 et
710 1614 781 1640 docti
800 1615 827 1641 in
845 1615 940 1649 populo
957 1616 1035 1643 doce-

248 1653 312 1679 bunt
334 1655 461 1688 plurimos
480 1656 513 1683 δ’.
536 1656 596 1692 Ipsa
615 1659 687 1686 enim
714 1659 820 1688 Veritas
838 1669 885 1695 per
906 1669 935 1688 se
955 1661 1036 1689 infert

247 1702 275 1724 et
293 1698 378 1726 dicit:
394 1699 492 1728 Beatus
513 1704 608 1738 estqui
622 1713 672 1731 non
689 1705 769 1740 fuerit
789 1707 987 1734 scandalizatus
1007 1709 1035 1734 in

247 1752 287 1770 me
304 1744 337 1771 ⁵³.
354 1745 376 1761 ⁵⁵
396 1745 441 1773 Ille
460 1748 553 1781 procul
577 1749 660 1776 dubio
678 1752 878 1779 scandalizatur
895 1754 921 1780 in
939 1753 1034 1786 Deum,

249 1791 296 1824 qui
311 1795 384 1818 recte
397 1800 450 1819 non
467 1794 553 1826 docet,
569 1800 595 1822 et
609 1796 654 1830 qui
671 1797 730 1831 ejus
746 1799 913 1826 scandalizat
929 1801 1036 1834 episco-

252 1845 315 1871 pum
332 1838 373 1864 vcl
393 1839 571 1868 sacerdotem.
588 1841 671 1876 Impie
695 1852 814 1879 namque
837 1851 957 1881 agentes,
972 1853 1036 1874 sunt

249 1884 336 1919 impii,
352 1892 440 1920 neque
465 1886 616 1922 intelligent
637 1896 731 1915 omnes
752 1890 837 1925 impii,
860 1899 941 1925 porro
962 1882 1047 1920 docti.

247 1930 406 1965 intelligent.
432 1931 526 1959 Omnes
549 1934 618 1960 enim
641 1934 750 1961 invicem
774 1937 949 1964 humilitatem
970 1940 1036 1965 insi-

247 1981 336 2008 nuate,
351 1979 411 2012 quia
427 1977 496 2004 Deus
518 1980 636 2014 superbis
659 1981 768 2014 resistit,
785 1982 926 2010 humilibus
947 1990 1035 2012 autent

247 2022 292 2048 dat
302 2023 416 2056 gratiam
424 2023 458 2049 ".
467 2023 567 2057 Nolite,
577 2025 664 2060 inquit
674 2025 795 2054 Joannes
806 2029 1035 2062 apostolus,omui

247 2068 352 2100 spiritui
363 2069 480 2102 credere,
494 2070 539 2096 sed
553 2070 661 2104 probate
676 2072 796 2106 spiritus,
812 2074 836 2100 si
850 2082 881 2100 ex
896 2074 948 2100 Deo
961 2079 1032 2106 sunt;

246 2115 373 2147 quoniam
388 2116 619 2151 pseudoprophetw
635 2118 753 2144 exierunt
769 2120 795 2145 in
807 2121 933 2147 mundum
948 2121 980 2148 δά.
1002 2121 1035 2148 ΕΙ.

248 2159 318 2186 idem
335 2161 392 2195 ipse
402 2161 465 2188 alibi
481 2162 518 2189 ait
528 2172 534 2189 :
544 2162 593 2189 Vos
602 2164 670 2197 quod
684 2165 796 2192 audistis
809 2166 840 2192 ab
853 2167 939 2200 initio,
952 2167 979 2194 in
995 2176 1035 2194 vo-

247 2202 286 2230 bis
301 2210 358 2238 pert
370 2211 462 2232 Jncat.
477 2206 506 2233 Si
521 2208 547 2233 in
562 2207 632 2234 vobis
644 2211 816 2242 permanserit
828 2212 897 2245 quod
908 2213 939 2238 ab
956 2213 1033 2239 initio
1050 2197 1074 2227 ο

246 2249 357 2276 audisti:
379 2255 404 2277 et
414 2259 458 2278 eos
472 2252 498 2278 in
509 2252 578 2280 Filio
589 2260 613 2281 et
625 2255 706 2282 Patre
720 2257 911 2284 manebitistt
926 2258 981 2285 ha’c
995 2264 1033 2286 est

247 2302 355 2329 repromt
365 2297 424 2330 rsic,
437 2306 516 2332 quam
528 2300 581 2326 ipse
594 2300 727 2335 pollicitus
738 2307 775 2328 est
787 2304 857 2330 vobis
869 2304 949 2330 vitam
961 2310 1035 2332 cetera

245 2349 308 2366 nam
320 2340 353 2368 ⁵⁷.
371 2341 436 2369 lla'c
455 2344 550 2379 scripsi
571 2346 642 2373 tabis
663 2347 694 2373 de
712 2348 752 2374 his
771 2349 816 2383 qui
836 2349 961 2376 seducunt
978 2359 1032 2378 vos.

245 2385 280 2412 Et
295 2388 384 2414 unctio
398 2396 476 2423 quam
488 2390 624 2418 accepistis
636 2391 668 2418 ab
684 2400 724 2424 eo,
740 2399 844 2420 nianeat
861 2395 887 2420 in
901 2394 982 2422 vobis.
999 2395 1032 2422 Et

245 2439 296 2457 non
312 2440 413 2460 newsse
427 2433 526 2460 habetis
542 2440 572 2461 ut
586 2435 682 2470 aliquis
699 2437 790 2462 doceat
812 2445 877 2469 vos;
899 2440 944 2464 sed
965 2439 1032 2465 sicut

244 2479 334 2505 unctio
356 2479 413 2513 ejus
438 2479 512 2507 docet
528 2489 570 2508 uos
593 2481 625 2508 de
648 2481 779 2515 omnibus,
793 2488 818 2509 et
838 2491 926 2510 verum
944 2489 993 2517 est,
1010 2489 1035 2511 et

245 2531 296 2550 non
311 2530 348 2550 est
368 2526 543 2553 mendacium.
560 2527 594 2554 Et
612 2528 679 2554 sicut
701 2529 790 2555 docuit
813 2538 866 2562 vos,
889 2535 991 2557 manete
1006 2531 1034 2557 in

244 2576 284 2595 ea.
303 2569 335 2595 Et
350 2578 428 2603 nime,
442 2571 532 2606 ﬁlioli,
550 2579 651 2600 manete
670 2575 697 2601 in
719 2583 758 2606 eo,
775 2580 813 2607 ut,
830 2583 889 2602 cum
904 2585 1034 2611 apparue~

246 2615 291 2647 rit,
305 2615 447 2643 habeamus
459 2617 596 2652 ﬁduciam,
612 2624 636 2646 et
648 2628 698 2646 non
710 2622 905 2655 confundantur
919 2622 951 2649 ab
964 2632 993 2650 eo
1007 2624 1035 2651 in

1087 1570 1171 1595 omnis
1183 1570 1226 1603 qui
1239 1569 1294 1596 odit
1307 1569 1415 1603 fratrem
1431 1577 1518 1600 suum,
1537 1568 1670 1594 homicida
1687 1573 1735 1594 est.
1753 1566 1789 1593 Et
1806 1567 1883 1594 scitis

1087 1615 1211 1650 quoniam
1226 1615 1311 1641 omnis
1326 1614 1459 1640 homicida
1481 1621 1532 1640 non
1559 1613 1634 1639 habet
1649 1613 1730 1639 vitam
1751 1617 1883 1640 (eternam

1086 1661 1114 1687 in
1129 1669 1155 1687 se
1171 1665 1327 1687 innuentem.
1346 1659 1378 1686 In
1393 1661 1440 1686 hoc
1457 1660 1622 1694 cognorimus
1643 1659 1805 1685 charitatem
1822 1659 1882 1691 Dei,

1086 1706 1210 1741 quoniam
1223 1705 1268 1732 ille
1288 1713 1335 1739 pro
1351 1705 1424 1731 nobis
1439 1705 1557 1730 animam
1579 1712 1655 1731 suam
1679 1704 1781 1738 posuit,
1794 1708 1821 1730 et
1836 1712 1883 1730 nos

1086 1754 1208 1780 debemus
1221 1761 1268 1787 pro
1283 1752 1411 1787 fratribus
1428 1752 1532 1778 animas
1553 1759 1656 1785 ponere.
1678 1749 1731 1782 Qui
1757 1750 1883 1776 habuerit

1086 1799 1262 1825 substantiam
1283 1797 1362 1832 hujus
1381 1797 1483 1829 mundi,
1506 1801 1530 1822 et
1555 1796 1650 1822 viderit
1670 1796 1783 1830 fratrem
1802 1803 1883 1821 suum

1086 1844 1267 1871 necessitatem
1285 1843 1388 1875 habere,
1402 1846 1426 1868 et
1444 1841 1567 1868 clauserit
1587 1841 1686 1867 viscera
1710 1849 1761 1867 sua
1786 1841 1821 1867 ab
1841 1850 1881 1873 eo,

1086 1889 1214 1924 quomodo
1239 1889 1356 1915 charitas
1371 1888 1420 1914 Dei
1440 1891 1525 1914 manet
1562 1887 1588 1913 in
1614 1887 1662 1913 eo?
1693 1886 1789 1914 Filioli
1819 1889 1881 1917 mei,

1087 1944 1138 1962 non
1170 1935 1313 1970 diligamus
1345 1935 1419 1962 verba
1447 1942 1526 1968 neque
1552 1932 1654 1968 lingua,
1680 1934 1726 1960 sed
1754 1942 1835 1968 opere
1858 1939 1881 1960 et

1087 1981 1205 2007 veritate.
1229 1980 1263 2006 lu
1288 1980 1336 2006 hoc
1359 1980 1539 2015 cognoscimus
1559 1979 1684 2015 quoniam
1711 1988 1744 2005 ca:
1769 1980 1881 2006 veritate

1086 2035 1187 2058 sanius,
1203 2032 1227 2053 et
1243 2027 1270 2053 in
1286 2031 1422 2061 conspectu
1442 2027 1499 2060 ejus
1520 2027 1662 2053 suademus
1678 2025 1754 2051 cordi
1776 2032 1879 2052 nostro.

1087 2071 1218 2104 Quoniam
1229 2073 1252 2098 si
1266 2072 1458 2106 reprehenderit
1473 2079 1518 2097 nos
1533 2079 1578 2098 cor
1590 2075 1719 2103 nastrum,
1733 2070 1825 2104 major
1843 2075 1879 2096 est

1086 2118 1156 2145 Deus
1175 2118 1252 2144 corde
1276 2123 1376 2151 nostro,
1398 2123 1421 2144 et
1449 2118 1519 2144 novit
1544 2117 1644 2143 omnia.
1666 2116 1841 2148 Charissimi,
1857 2116 1880 2142 si

1087 2173 1130 2191 cor
1150 2169 1269 2190 nostrum
1291 2173 1343 2190 non
1366 2164 1556 2199 reprehenderit
1574 2173 1632 2194 nos,
1647 2163 1776 2197 ﬁduciam
1798 2163 1879 2189 habe-

1088 2219 1144 2237 mus
1160 2211 1194 2236 ad
1217 2211 1354 2237 I)eum:et
1379 2210 1506 2245 quidquid
1527 2210 1691 2244 petierimus,
1715 2210 1879 2244 accipiemus

1087 2256 1118 2282 ab
1130 2265 1168 2289 eo,
1185 2257 1309 2291 quoniam
1322 2257 1450 2282 mandata
1463 2257 1521 2291 ejus
1535 2257 1709 2287 custodimus,
1726 2261 1752 2282 et
1775 2265 1807 2283 ea
1821 2264 1880 2290 qua:

1086 2307 1146 2328 sunt
1157 2301 1257 2336 placita
1269 2310 1358 2328 coram
1368 2310 1408 2335 eo,
1421 2302 1543 2336 facimus.
1558 2301 1592 2328 Et
1606 2302 1653 2328 hoc
1665 2307 1703 2329 est
1720 2303 1879 2329 mandatum

1086 2349 1142 2383 ejus
1156 2356 1165 2375 .'
1186 2348 1219 2375 Ut
1236 2349 1374 2376 credamus
1388 2350 1415 2375 in
1434 2350 1537 2376 nomine
1552 2349 1618 2376 Filii
1632 2350 1689 2384 ejus
1714 2348 1781 2376 Jesu
1800 2349 1879 2375 Chri-

1086 2392 1131 2424 sti,
1151 2397 1178 2418 ut
1198 2393 1339 2427 diligamus
1355 2393 1524 2425 alterutrum,
1543 2395 1611 2420 sicut
1627 2394 1702 2420 dedit
1719 2395 1878 2420 mandatum

1087 2439 1170 2465 nobis.
1187 2437 1221 2465 Et
1237 2439 1282 2473 qui
1299 2444 1384 2466 servat
1407 2440 1534 2466 mandata
1556 2439 1612 2474 ejus
1630 2440 1657 2466 in
1674 2440 1722 2467 illa
1739 2445 1838 2473 manet,
1854 2446 1878 2466 ct

1086 2485 1140 2518 ipse
1155 2485 1232 2511 ineo.
1250 2484 1285 2511 Et
1299 2486 1326 2511 in
1345 2485 1392 2511 hoc
1411 2486 1519 2518 scimus,
1534 2487 1659 2520 quoniam
1679 2492 1770 2513 manet
1783 2488 1816 2521 βπ
1830 2496 1878 2512 no-

1086 2532 1125 2558 bis
1142 2531 1174 2558 de
1190 2532 1286 2567 spiritu
1301 2540 1377 2567 quem
1390 2532 1461 2559 dedit
1475 2533 1549 2559 nobis
1563 2533 1607 2559 ⁵⁸⁸.
1620 2533 1643 2548 ⁸³
1659 2532 1692 2559 ΕΙ.
1709 2533 1783 2560 sicut
1807 2533 1877 2560 Deus

1086 2583 1204 2610 creator,
1217 2579 1263 2613 qui
1280 2578 1418 2606 lmmincm
1435 2578 1468 2606 ad
1481 2578 1687 2606 similitudinem
1702 2587 1784 2606 suam
1800 2588 1876 2607 erea-

1085 2626 1135 2658 vit,
1152 2630 1194 2652 est
1220 2625 1350 2658 Charitas,
1364 2629 1406 2652 est
1420 2624 1519 2657 bonus,
1536 2625 1638 2660 justus,
1658 2626 1778 2660 patiens,
1794 2630 1877 2660 atque

281 2675 304 2720 "-
405 2684 455 2720 xu,
471 2677 514 2720 ς).
536 2677 558 2693 ⁸⁸
572 2677 608 2705 De
625 2685 749 2720 guliseer.
766 2679 830 2706 dist.
848 2681 1022 2720 ELEpiscopus

1087 2698 1088 2708 ι
1108 2685 1272 2720 sacriﬁcans.
1293 2685 1315 2700 "
1325 2692 1358 2712 ex
1370 2683 1582 2720 Hieronymiana
1595 2685 1736 2720 versione.
1768 2686 1790 2701 '°
1801 2684 1873 2720 Psal.

247 2711 398 2755 {inulti
427 2713 454 2755 Γ
472 2711 610 2755 [ξξῃκχιῃ
625 2713 650 2740 5.
683 2713 783 2755 'f‘Dau.
796 2711 949 2755 xt,_35.'_“
961 2711 1034 2749 Μείι]

1091 2711 1160 2755 [fit]
1171 2711 1290 2753 ιζυωιι,
1303 2720 1349 2746 25.
1384 2711 1414 2736 σε
1423 2711 1521 2747 ῡίεῑιῖι.
1532 2711 1581 2748 es:
1599 2719 1651 2746 Ille
1664 2711 1766 2755 procul
1783 2711 1873 2748 άιὸίο.

246 2746 269 2761 ⁸⁵
278 2746 292 2781 In
304 2745 375 2773 Petr.
387 2755 412 2779 v,
426 2747 452 2773 5.
483 2745 668 2781 ⁵⁸11οιιιι.ιν,
684 2749 710 2775 l.

247 2779 307 2808 “5.
324 2781 417 2808 Amhr.
435 2782 480 2809 ιιι).
505 2782 544 2809 De
568 2779 697 2818 dignitate
723 2784 853 2818 hominis,
865 2779 898 2814 Ic.
914 2787 940 2814 5.

748 2750 769 2765 ⁵⁷
782 2750 855 2777 nobis
864 2771 871 2783 ,
892 2752 945 2778 vita
958 2761 1067 2784 aeterna.

1106 2757 1147 2784 ⁵⁸1
1162 2756 1241 2784 Joan.
1257 2763 1287 2788 ιι,
1303 2755 1396 2783 24-29.
1437 2755 1470 2771 ⁵⁸⁶
1492 2755 1595 2784 lJoan.
1625 2763 1657 2783 ιιι
1700 2763 1751 2792 per
1777 2760 1872 2784 totum.

284 2837 322 2871 (7)
342 2837 383 2864 Sic
392 2840 491 2866 enimet
501 2841 615 2874 apostoli
641 2847 799 2870 statuerant.
830 2843 941 2874 Canone
962 2846 978 2874 9
1008 2851 1034 2874 et
1050 2847 1091 2875 10.
1111 2847 1174 2875 Ser.
1192 2846 1293 2875 BINIUS.
