1916 3104
79 133 123 161 797
794 134 981 163 Ειδιετοιικε.

1637 135 1688 162 798

77 195 143 222 mitis
158 198 183 221 et
197 201 368 226 misericors,
391 199 418 221 et
436 199 532 221 cetera
550 198 705 222 sanctarum
719 195 849 222 virtutum
865 203 888 227 Α
904 195 931 221 in
956 198 1081 221 wlernum
1104 194 1301 228 ﬂuctuationem
1319 198 1393 227 Iusto
1403 193 1434 220 “.
1453 193 1475 208 “
1495 192 1590 220 Omnis
1612 195 1685 220 cuitu

76 239 193 274 insignia,
217 246 281 274 quas
302 239 336 266 de
355 247 390 266 eo
410 239 538 274 leguntur
556 248 563 266 :
583 240 620 267 ita
640 239 723 267 homo
741 244 849 267 creatus

75 290 120 318 est,
133 289 161 312 ut
173 285 336 312 charitatem
348 285 470 318 haberet,
483 290 514 312 ut
525 285 613 312 bonus
626 290 697 313 esset
711 290 736 312 et
746 285 848 320 justus,

75 335 100 358 ut
113 330 214 365 patiens
225 335 309 365 atque
321 330 406 362 mitis,
422 330 541 357 mundus
558 335 583 357 et
597 330 755 358 misericors
768 330 847 358 foret.

75 378 139 411 Quas
154 377 268 404 virtutes
284 381 387 412 quanto
401 377 463 412 plus
481 377 597 412 quisque
614 376 640 403 in
654 376 743 411 seipso
757 376 847 408 habet,

74 430 140 453 tanto
153 425 264 460 propior
279 430 322 452 est
338 424 394 452 Deo
412 429 438 452 et
457 425 545 459 major
557 429 608 457 est,
624 432 655 451 ac
670 425 711 452 sui
725 425 849 452 condito-

74 472 106 499 ris
116 472 180 507 gerit
195 470 413 498 similitudinem.
431 470 459 497 Si
472 478 545 503 vero,
562 469 634 505 quod
650 469 735 497 absit!
750 469 848 504 aliquis

72 525 114 553 per
129 518 202 545 devia
220 518 353 544 vitiorum
375 521 401 544 et
424 516 540 543 divortia
566 515 724 549 criminum,
741 515 775 542 ab
797 515 848 542 hac

72 563 232 591 nobilissima
247 563 291 590 sui
312 562 463 591 conditoris
476 561 654 589 similitudine
669 561 786 596 degener
800 561 848 587 ab-

71 613 144 642 erret,
160 613 223 636 tunc
245 609 294 636 ﬁet
306 609 340 636 de
361 616 394 636 eo
403 608 476 643 quod
488 608 618 643 scriptum
637 611 697 635 est:
720 606 754 634 Et
771 607 847 634 homo

72 663 122 681 cum
134 655 160 681 in
174 655 271 681 honore
292 659 370 688 esset,
391 662 441 681 non
459 653 590 681 intellexit
603 662 612 680 :
626 657 794 688 comparatus
809 658 847 680 est

67 701 183 736 jumentis
197 700 392 735 insipientibus,
413 705 438 728 ct
458 699 554 727 similis
577 700 663 734 factus
684 703 723 726 est
742 699 797 726 illis
812 699 845 725 '°.

71 747 115 780 Qui
131 747 216 782 major
240 747 332 774 honor
347 747 435 781 potuit
452 745 555 773 homini
580 753 651 778 esse,
668 753 750 780 quam
769 749 797 772 ut
814 745 845 772 ad

70 793 266 820 similitudinem
294 793 338 820 sui
362 792 473 820 factoris
497 792 669 823 conderetur,
694 795 721 818 et
744 790 846 818 eisdem

70 840 190 866 virtutum
207 839 379 866 vestimentis
395 843 549 871 ornaretur,
575 837 674 873 quibus
696 841 724 865 et
749 836 845 864 condi-

69 885 120 912 tor?
142 884 179 912 De
202 892 259 920 quo
284 885 406 920 legitur:
428 884 554 911 Dominus
580 884 706 919 regnavit,
727 883 846 910 decorem

68 931 165 957 indutus
180 934 218 957 est
235 929 274 963 ⁰¹;
295 930 322 957 id
339 934 379 958 est
395 930 516 957 omnium
536 930 665 956 virtutum
690 929 844 964 splendore,

67 981 89 1003 et
105 976 183 1004 totius
199 976 333 1004 bonitatis
353 975 453 1003 decore
468 982 591 1003 ornatus.
604 975 652 1002 Vel
668 975 741 1010 quod
756 975 845 1010 majus

69 1022 160 1049 homini
178 1027 269 1057 potest
285 1029 346 1050 esse
359 1021 487 1053 dedecus,
505 1026 552 1048 aut
569 1021 705 1048 infelicior
720 1021 843 1053 miseria,

66 1075 140 1102 quam
167 1072 195 1094 ut
221 1067 273 1095 hac
302 1067 491 1094 similitudinis
516 1067 602 1102 gloria
627 1066 669 1094 sui
695 1066 844 1094 conditoris

65 1113 166 1146 amissa,
188 1113 222 1140 ad
244 1112 392 1140 informem
417 1116 445 1140 et
470 1112 683 1139 irrationabilem
701 1112 843 1139 brutorum

63 1160 297 1194 jumentorumque
314 1159 520 1186 similitudinem
543 1158 703 1186 delabatur?
719 1157 844 1192 Quapro-

64 1211 116 1241 pter
131 1207 247 1242 quisque
269 1205 427 1241 diligentius
451 1205 573 1233 attendat
592 1205 687 1240 prima!
709 1205 843 1232 conditio-

64 1253 100 1280 nis
119 1260 172 1280 sua‘.
187 1252 396 1285 excellentiam,
421 1256 451 1279 ut
467 1251 647 1278 venerandam
665 1255 766 1278 sancta:
782 1250 844 1277 Tri-

63 1298 146 1325 nitatis
162 1298 188 1325 iu
205 1306 236 1325 se
251 1298 313 1332 ipso
329 1297 475 1333 imaginem
495 1301 633 1333 agnoscat,
653 1297 842 1332 honoremque

63 1344 237 1371 similitudinis
254 1343 364 1377 divinae,
382 1343 415 1370 ad
437 1351 519 1378 quam
541 1348 651 1371 creatus
669 1348 722 1376 est,
742 1344 842 1372 nobili-

62 1394 134 1417 tatem
152 1390 174 1405 ⁸⁸
196 1398 319 1423 morum,
337 1389 540 1417 exsecutionem
559 1389 700 1422 virtutum,
724 1388 842 1423 dignita-

62 1440 107 1463 tem
123 1437 283 1464 meritorum
310 1437 409 1464 habere
432 1435 594 1468 contendat;
613 1439 643 1462 ut
665 1436 774 1470 quando
793 1443 841 1470 ap-

62 1482 169 1516 paruerit
198 1483 291 1517 qualis
309 1483 344 1510 sit
356 1503 364 1516 ,
387 1486 452 1509 tunc
468 1481 565 1509 similis
580 1482 605 1508 ei
622 1482 772 1516 appareat",
792 1482 839 1516 qui

62 1535 87 1554 se
111 1529 269 1556 mirabiliter
301 1528 334 1556 ad
366 1528 569 1555 similitudinem
594 1535 671 1555 suam
697 1528 724 1554 in
751 1527 840 1562 primo

60 1573 135 1600 Adam
151 1574 294 1607 condidit,
324 1573 529 1609 mirabiliusque
557 1573 583 1600 in
612 1572 732 1600 secundo
748 1572 836 1600 refor-

61 1620 144 1647 ntavit.

88 1664 176 1694 Omnis
189 1675 256 1702 ergo
273 1667 367 1700 homo,
390 1667 437 1702 qui
461 1666 495 1694 ad
518 1665 663 1700 imaginem
684 1665 732 1693 Dei
749 1665 837 1693 factus

58 1717 102 1743 est,
115 1712 188 1739 illum
203 1713 285 1740 debet
299 1712 409 1745 imitari,
427 1712 507 1747 cujus
526 1711 560 1738 ad
573 1711 719 1746 imaginem
740 1712 837 1739 condi-

59 1762 96 1785 tus
108 1762 164 1786 est:
181 1758 257 1786 illius
269 1758 349 1786 debet
360 1757 437 1793 sequi
449 1758 574 1794 vestigia,
587 1759 634 1792 qui
648 1765 711 1785 eum
723 1758 757 1785 ad
768 1757 837 1785 ima-

58 1805 135 1838 ginem
153 1805 194 1832 sui
211 1804 344 1832 condidit.
363 1804 559 1832 Consiliarium
574 1811 639 1831 vero
653 1811 686 1831 ac
702 1807 837 1838 protecto‘

59 1857 107 1877 rem
118 1849 258 1877 meliorem
269 1850 388 1885 reperire
401 1858 455 1877 non
470 1849 581 1884 poterit,
598 1857 680 1884 quam
696 1849 773 1876 illum
787 1849 834 1883 qui

58 1902 111 1922 eum
126 1896 158 1923 ad
175 1896 323 1932 imaginem
342 1896 384 1923 sui
401 1895 534 1928 condidit,
559 1895 606 1931 qui
629 1903 692 1923 eum
717 1894 835 1930 pretioso

57 1942 177 1975 sanguine
193 1950 244 1970 suo
262 1941 387 1974 redemit,
404 1946 431 1969 et
454 1945 565 1976 propter
589 1949 653 1969 eum
678 1942 761 1968 homo
777 1940 835 1967 ﬁeri

58 1991 104 2010 non
119 1989 158 2012 est
179 1985 353 2020 dedignatus.
379 1986 465 2019 Quem
491 1986 585 2020 procul
604 1985 687 2013 dubio
703 1986 832 2018 inveniet,

57 2029 76 2056 si
92 2029 117 2056 in
132 2038 190 2058 eum
209 2035 295 2058 totam
314 2038 390 2066 spem
412 2039 504 2063 suam,
519 2032 598 2067 juxta
618 2031 770 2058 Psalmistae
785 2038 834 2058 vo-

57 2082 118 2109 cem,
128 2077 281 2112 projecerit.
301 2077 347 2104 Ait
361 2085 481 2112 namque
492 2077 513 2093 ⁸³
532 2086 539 2104 :
560 2076 663 2112 Projice
684 2085 762 2112 super
776 2077 833 2104 Do-

901 240 984 267 homo
1002 240 1035 273 ,in
1061 247 1110 267 sua
1133 247 1214 266 causa
1239 239 1377 271 deﬁciens,
1393 243 1421 266 et
1435 240 1461 266 in
1483 239 1541 267 suis
1559 240 1686 267 hmsitans

900 285 1034 319 consiliis,
1049 285 1149 320 quaerit
1164 285 1214 312 sibi
1232 285 1350 312 amicum
1361 284 1479 318 ﬁdelem,
1494 285 1520 312 iu
1535 286 1613 319 cujus
1624 293 1687 312 con-

899 331 969 359 siliis
985 331 1114 363 conﬁdat,
1128 332 1176 366 qui
1191 331 1217 358 in
1235 331 1293 358 suis
1304 331 1457 358 ditlidebat:
1473 335 1501 358 et
1519 331 1599 357 talem
1618 331 1687 358 tidu-

899 378 969 404 ciam
990 378 1071 405 habet
1088 378 1115 404 in
1137 378 1193 409 illo,
1213 382 1242 404 ut
1257 385 1337 404 omne
1355 382 1489 405 secretum
1507 377 1549 404 sui
1567 377 1686 412 pectoris

899 423 922 450 ei
941 423 1042 457 pandat
1055 427 1081 450 et
1093 423 1207 458 aperiat.
1226 423 1295 456 Quid
1314 423 1420 450 dulcius
1436 428 1477 451 est
1493 431 1575 458 quam
1588 427 1618 450 ut
1635 423 1685 450 ha-

899 469 964 496 beas
975 469 1051 496 illum
1063 469 1097 502 “,
1110 476 1173 496 cum
1184 477 1240 504 quo
1250 469 1342 496 omnia
1354 470 1442 504 possis
1452 469 1526 504 loqui
1540 474 1568 496 ut
1580 468 1687 497 tecum?

901 514 928 542 Si
947 515 999 542 ista
1026 523 1088 543 cum
1112 515 1271 542 hominibus
1293 515 1371 546 ﬁunt,
1394 520 1496 550 quanto
1521 515 1607 550 magis
1624 522 1686 542 cum

899 561 954 588 Deo
972 561 1023 588 hoc
1039 566 1080 589 est
1096 565 1242 597 agendum.
1258 561 1304 596 qui
1323 569 1418 589 omnes
1437 561 1491 589 vult
1509 562 1601 589 salvos
1617 561 1685 594 ﬁeri,

897 612 924 634 et
941 607 1076 634 neminem
1089 608 1198 642 perire?
1214 608 1234 623 ⁸⁷
1245 607 1312 634 Nam
1334 608 1356 635 si
1372 608 1504 635 veraciter
1522 607 1606 635 Deum
1626 616 1685 635 cre-

897 652 999 684 dimus,
1017 661 1135 687 cumque
1150 653 1288 687 diligimus
1309 660 1337 680 Itl
1353 654 1495 685 debemus,
1509 657 1535 680 et
1547 654 1685 688 proximos

897 698 969 725 sicut
997 699 1191 733 nosmetipsos,
1218 699 1246 726 in
1274 707 1336 726 cum
1362 707 1472 734 quoque
1501 704 1585 726 totam
1610 707 1685 734 spem

897 743 1093 777 projeccrimus
1109 749 1245 777 nostram;
1261 745 1317 779 ipse
1336 753 1386 772 nos
1407 745 1503 778 eripiet
1518 749 1545 772 et
1561 745 1684 772 consola-

898 788 979 816 bitur.
993 789 1025 815 Et
1037 789 1108 817 sicut
1121 798 1168 824 per
1185 790 1310 825 angelum
1326 798 1417 823 suum,
1429 790 1557 818 llabacuc
1569 791 1680 825 prophe-

897 841 953 862 tam
979 842 1040 862 cum
1067 836 1182 870 prandio
1205 836 1232 862 in
1256 836 1344 863 lacum
1370 837 1478 863 leonum
1495 837 1526 863 ad
1547 836 1684 864 Danielem

863 874 883 904 Β
897 885 984 908 vatem
1002 882 1076 908 misit
1088 882 1120 913 ⁸⁸,
1137 887 1164 909 et
1179 882 1343 918 Philippum,
1360 891 1446 910 unum
1460 884 1494 911 de
1509 889 1610 918 septem
1625 883 1684 911 dia-

896 927 1023 961 conibus,
1036 928 1071 955 ad
1085 929 1241 956 eunuchum
1260 930 1291 963 ⁸³,
1307 929 1344 956 ita
1366 929 1441 957 dabit
1463 930 1541 958 nobis
1559 931 1684 958 consola-

896 973 999 1001 tionem
1014 978 1042 1001 et
1057 974 1254 1002 liberationem.
1273 974 1335 1003 Haec
1346 976 1499 1008 sectamini,
1518 976 1684 1010 charissimi,

894 1023 921 1046 et
934 1019 1000 1046 nulli
1021 1028 1140 1055 unquam
1157 1025 1262 1048 noce-te.
1283 1020 1393 1049 Fratres
1410 1022 1485 1055 estis,
1502 1022 1617 1049 invicem
1635 1030 1684 1050 vos

896 1065 1011 1100 diligite,
1026 1070 1056 1093 ut
1070 1067 1128 1093 veri
1148 1066 1256 1094 Domini
1281 1067 1407 1102 discipuli
1425 1068 1492 1095 cllici
1511 1069 1682 1096 mereamini.

894 1109 961 1138 Nam
977 1112 1024 1146 qui
1039 1112 1151 1140 rancida
1166 1113 1248 1140 corda
1262 1113 1382 1140 virorum
1398 1114 1422 1129 ¹¹⁰
1437 1114 1533 1147 inlicit,
1550 1114 1683 1141 malitiam

894 1157 964 1184 inter
985 1157 1111 1185 homines
1134 1159 1255 1193 spargit:
1274 1163 1301 1186 et
1315 1159 1362 1194 qui
1385 1160 1503 1187 detrahit
1525 1160 1600 1187 fratri
1619 1168 1682 1192 suo,

894 1203 1029 1230 homicida
1048 1208 1098 1231 est.
1115 1204 1137 1220 ⁷¹
1154 1203 1187 1231 Et
1201 1204 1248 1239 qui
1261 1205 1404 1232 abstulerit
1425 1205 1526 1240 aliquid
1551 1205 1621 1240 patri
1639 1206 1682 1232 vel

893 1248 985 1281 matri,
1003 1249 1123 1284 dicitque
1147 1249 1200 1277 hoc
1220 1255 1362 1284 peccatum
1379 1258 1433 1278 non
1451 1259 1521 1282 esse,
1539 1251 1683 1278 homicidae

893 1293 1030 1328 particeps
1044 1298 1095 1320 est.
1111 1293 1191 1321 Pater
1207 1299 1299 1322 noster
1311 1295 1370 1322 sine
1383 1295 1467 1322 dubio
1481 1295 1552 1322 Deus
1568 1300 1619 1329 est,
1634 1295 1682 1330 qui

892 1346 943 1366 nos
962 1339 1064 1367 creavit
1081 1349 1088 1367 :
1106 1344 1192 1367 mater
1208 1348 1273 1368 vero
1290 1345 1383 1368 nostra
1405 1341 1534 1374 Ecclesia,
1556 1350 1616 1376 quae
1632 1350 1682 1369 nos

892 1384 920 1411 in
946 1384 1081 1419 baptismo
1112 1386 1289 1421 spiritualiter
1316 1387 1497 1422 rcgencravit.
1528 1387 1599 1422 Ergo
1633 1387 1682 1420 qui

891 1430 992 1458 Christi
1008 1431 1138 1466 pecunias
1158 1436 1184 1459 et
1200 1431 1327 1460 Ecclesia;
1345 1433 1426 1467 rapit,
1441 1433 1529 1460 aulert
1544 1433 1586 1459 vel
1605 1432 1682 1460 frau-

890 1476 948 1510 dat,
961 1477 1098 1505 homicida
1110 1483 1161 1511 est,
1177 1483 1258 1513 atque
1277 1479 1413 1506 homicida
1427 1484 1489 1506 ante
1505 1484 1681 1514 conspectum

890 1519 957 1554 justi
972 1521 1075 1555 judicis
1090 1530 1150 1549 esse
1172 1522 1356 1557 deputabitur.
1374 1523 1426 1556 Qui
1451 1524 1521 1557 rapit
1539 1525 1681 1559 pecuniam

891 1567 1007 1601 proximi
1020 1567 1073 1599 sui,
1091 1568 1261 1602 iniquitatem
1278 1574 1406 1603 operatur
1428 1579 1434 1596 :
1453 1570 1500 1604 qui
1520 1575 1610 1597 autem
1634 1578 1680 1605 pe-

891 1613 999 1639 cuniam
1018 1613 1059 1640 vel
1075 1621 1118 1640 res
1138 1613 1267 1642 Ecclesia:
1282 1615 1433 1648 abstulerit,
1453 1615 1623 1647 sacrilegium
1639 1615 1681 1643 {a-

891 1657 965 1684 cit."
992 1657 1135 1694 Privilegia
1160 1660 1232 1687 enim
1254 1661 1430 1687 ecclesiarum
1448 1665 1475 1688 ct
1495 1661 1677 1694 sacerdotum,

891 1703 979 1730 sancti
1005 1705 1138 1739 apostoli,
1162 1706 1241 1740 jussu
1271 1706 1437 1740 Salvatoris,
1472 1708 1629 1734 intemerata
1652 1711 1680 1735 et

891 1749 1021 1778 inviolata
1053 1751 1182 1779 omnibus
1217 1752 1398 1780 decreverunt
1427 1761 1537 1780 manere
1573 1758 1678 1788 tempo-

890 1795 976 1823 ribus.

1262 1876 1304 1903 lll.

976 1953 1015 1981 De
1028 1954 1171 1989 peregrinis
1187 1959 1212 1981 et
1226 1955 1432 1990 provincialibus
1442 1955 1586 1990 judicibus.

923 2032 1010 2069 Leges
1028 2035 1155 2065 Ecclesia:
1162 2037 1310 2072 apostolica
1319 2037 1459 2065 ﬁrmamus
1468 2037 1640 2069 auctoritate,
1649 2041 1678 2065 et

887 2080 1029 2114 peregrina
1051 2080 1152 2114 judicia
1173 2081 1367 2108 subtnovcmus
1386 2081 1435 2115 (8).
1451 2080 1527 2108 Unde
1542 2086 1568 2107 et
1585 2081 1676 2108 Domi-

57 2119 146 2148 minum
159 2122 317 2150 charitatem
330 2127 414 2155 tuam,
425 2128 450 2150 et
464 2123 517 2158 ipse
532 2128 556 2150 te
564 2124 689 2158 enutriet,
703 2131 749 2150 nec
760 2123 833 2151 dabit
848 2131 873 2161 υ
887 2133 938 2153 nus
952 2125 1116 2153 mentionem
1142 2125 1248 2152 faciens
1268 2124 1329 2158 Lot,
1350 2134 1400 2161 per
1417 2125 1527 2162 Moysen
1544 2126 1674 2162 loquitur,

98 2255 199 2285 “Psal.
218 2266 315 2290 ιινιιι,
336 2259 379 2286 l5.
425 2259 446 2274 ⁶¹

58 2288 123 2318 Hier.
160 2292 266 2320 “Psal.
296 2288 349 2326 Liv,
367 2294 413 2321 23.

482 2260 532 2287 sal.
549 2267 615 2287 xc".
629 2261 653 2287 Ι.

694 2259 881 2293 6'nobilitate,
899 2265 952 2288 etc.
982 2260 1009 2287 in
1034 2268 1086 2287 ms.
1111 2259 1181 2288 Just.
1210 2263 1251 2288 et!
1266 2261 1291 2287 in
1318 2260 1384 2288 edit.
1411 2259 1560 2287 Ambrosii.

464 2295 475 2311 ⁵
493 2294 619 2331 Eangith.
643 2295 783 2331 abbatissa
797 2295 824 2321 in
838 2303 881 2330 ep.
898 2296 930 2323 ad
945 2295 974 2323 S.
994 2294 1162 2331 Bonifacium
1184 2296 1304 2330 archiep.
1327 2295 1514 2331 Moguntinum
1538 2296 1585 2329 qui
1603 2296 1676 2331 gbitt

1599 2260 1622 2277 υ
1641 2268 1675 2288 ex

55 2332 121 2366 anno
140 2327 200 2366 7y;
221 2329 321 2356 Cicero
343 2329 391 2366 De,
411 2330 534 2366 amicitia
549 2327 565 2364 ξ
585 2329 719 2358 Martinus
746 2327 940 2366 Braearénsis,
969 2330 1071 2366 ctralii.
1109 2331 1131 2347 ⁵⁸
1148 2331 1198 2358 Ms.
1219 2327 1298 2366 quam
1318 2327 1410 2358 Ιιίιὺέγε
1425 2331 1509 2357 illum.
1544 2327 1586 2357 ἀνι
1602 2329 1674 2358 Tim.

56 2356 117 2392 ",4.
149 2363 171 2378 "
181 2362 251 2390 Dan.
272 2372 327 2391 xlv.

371 2364 470 2406 “fiet;
484 2373 544 2406 vni.
582 2366 604 2381 ⁷ο
615 2366 740 2406 vivorum.
756 2365 799 2406 ita.
813 2374 866 2393 ms.
906 2367 926 2406 'f‘
937 2365 1099 2406 Bonifacius.
1110 2373 1153 2400 ep.
1170 2366 1214 2406 i_5,
1225 2364 1263 2406 ad
1281 2365 1454 2393 Ethibaldnm
1469 2366 1516 2398 12,
1535 2366 1675 2406 (ιιιειςδιλιἲ

57 2394 273 2436 Qui_abs_tuleril._
290 2398 323 2426 Et
341 2399 439 2436 partim
455 2400 553 2427 ibidem
578 2408 602 2429 c.
625 2401 678 2433 Qui
700 2399 800 2427 Christi
823 2401 957 2436 pecunias.
978 2400 1010 2428 Et
1033 2409 1060 2427 tn
1084 2394 1158 2428 decr.
1178 2394 1252 2428 Lucii
1274 2409 1366 2436 papae,
1384 2409 1454 2433 xvn,
1470 2394 1565 2435 quiest.
1580 2401 1607 2427 4.
1622 2400 1675 2432 Qui

56 2432 127 2465 rapit.
151 2432 183 2460 Et
209 2434 237 2460 in
257 2432 438 2462 decrfLucii
460 2443 536 2470 papae
552 2444 616 2469 xxv,
627 2432 779 2470 quaestione
791 2432 828 2470 2,
842 2436 943 2464 Privile
961 2437 988 2463 ia
1010 2436 1179 2464 ecclesiarum
1194 2442 1218 2463 et
1236 2432 1366 2464 sacerdoti
1378 2436 1411 2463 Et
1426 2432 1485 2468 ul,-
1507 2435 1635 2462 ttmstione
1646 2435 1673 2469 6,

56 2464 125 2498 Leges
153 2469 325 2496 ecclesiarum
341 2489 348 2496 .
392 2470 414 2485 ⁷²
435 2469 502 2498 Vide
526 2470 634 2498 Hincm.
651 2471 700 2498 lib.
723 2479 772 2498 Lv.
786 2479 811 2498 c.
826 2471 877 2498 i5.
893 2475 921 2498 et
938 2445 1012 2498 sint.
1035 2472 1067 2498 de
1082 2477 1153 2498 statu
1172 2471 1312 2498 Ecclesiw.
1330 2480 1362 2498 ae
1374 2471 1471 2498 concil.
1487 2444 1673 2498 Earisiacense

54 2464 125 2501 Leges
153 2469 325 2496 ecclesiarum
341 2489 348 2496 .

53 2508 92 2528 an.
112 2501 171 2530 856.

85 2601 121 2638 (8)
143 2602 284 2639 Peregrina
291 2604 397 2639 judicia
409 2604 834 2633 submovemus.ChristusDomi-

56 2643 118 2673 nuis,
142 2639 186 2673 qui
204 2639 256 2667 fuit
282 2648 329 2667 rex
352 2644 380 2666 et
400 2641 529 2667 sacerdos
544 2641 693 2668 secundum
709 2641 832 2669 ordinem

56 2670 257 2712 Melchisedech,
275 2675 302 2701 in
313 2675 432 2702 Ecclesia
447 2675 537 2709 regale
551 2675 733 2712 sacerdotium
752 2676 832 2704 insti-

57 2710 119 2741 tuit,
138 2710 273 2746 apostolis
297 2718 447 2745 eorumque
470 2711 675 2738 successoribus
697 2712 832 2746 episcopis

56 2744 159 2781 regendi
171 2749 197 2771 et
210 2745 351 2779 judicandi
372 2749 532 2781 potestatem
554 2746 670 2781 contulit
688 2755 694 2773 :
713 2744 832 2781 ideoque

56 2774 230 2815 anepristol'a
257 2788 307 2808 sua
333 2774 480 2808 Atiacletus
506 2780 646 2815 pontifex,
676 2774 829 2809 doetriuam

56 2808 81 2837 ὃ.
96 2808 168 2849 Batti.
184 2814 239 2843 lad
252 2816 328 2848 Con,
344 2823 450 2849 cap.VI,
465 2808 593 2849 sedulus,
611 2808 683 2843 recte
696 2808 826 2849 decernit,

55 2851 84 2873 Ite
97 2846 242 2878 Christiani
263 2846 365 2879 ethnici
378 2846 502 2886 'alicujus
525 2856 571 2879 aut
587 2846 709 2880 inﬁdelis
727 2846 828 2887 judicis

392 2470 414 2485 ⁷²
435 2469 502 2498 Vide
526 2469 700 2500 Hincmflib.
723 2479 772 2502 tv.
786 2479 811 2499 c.
826 2471 877 2504 i5,
893 2475 921 2499 et

964 2471 1012 2498 iul.
1035 2472 1067 2499 de
1082 2477 1153 2498 statu
1172 2471 1312 2500 Ecclesiw.
1330 2480 1362 2499 ac
1374 2471 1471 2499 concil.
1487 2471 1674 2498 Carisiacense

886 2607 1006 2635 tribunal
1041 2608 1137 2635 adeant
1158 2628 1166 2640 ,
1205 2608 1346 2642 liliumque
1375 2615 1487 2635 suarum
1520 2607 1672 2635 discussio—

886 2651 965 2675 nem,
987 2643 1119 2678 judicium
1147 2651 1179 2670 ac
1201 2643 1383 2678 deﬁnitionem
1406 2647 1508 2677 petant.
1535 2642 1592 2676 Qua
1615 2643 1673 2678 lege

885 2677 1028 2713 politicum
1052 2679 1195 2713 imperium
1224 2685 1239 2704 a
1266 2677 1320 2713 Deo
1339 2678 1406 2705 bene
1437 2678 1590 2704 institutum
1617 2677 1672 2705 non

887 2713 989 2740 tollitur
1003 2734 1010 2745 ,
1043 2712 1098 2741 sed
1119 2712 1246 2741 Ecclesia).
1271 2712 1395 2740 dominio
1411 2720 1444 2740 ac
1463 2714 1589 2747 potestati
1604 2713 1672 2740 sub-

883 2749 986 2783 jicitur.
1014 2747 1080 2776 Vide
1097 2748 1205 2784 rBaron.
1229 2756 1274 2784 an.
1298 2748 1352 2784 57.
1375 2756 1451 2775 ιιιιιιι.
1468 2748 1509 2784 724
1547 2753 1574 2775 et
1592 2755 1670 2784 seqq.

886 2791 972 2818 usque
984 2784 1017 2811 ad
1031 2784 1073 2811 42.
1094 2783 1220 2812 Belial-tn.
1240 2783 1280 2811 De
1293 2783 1366 2811 Rom.
1380 2789 1453 2819 poni.
1467 2783 1514 2811 lib.
1534 2791 1560 2818 ν,
1576 2791 1601 2812 c.
1614 2784 1631 2811 ι
1644 2787 1672 2812 et

883 2827 959 2854 seqq.
975 2819 1011 2846 In.
