  <div class='ocr_page' id='page_1' title='image "/cluster/home/n/w/nwhite01/storage/ocr_20150623/2/njp.32101077772349/551.png"; bbox 0 0 1916 3104; ppageno 0'>
   <div class='ocr_carea' id='block_1_1' title="bbox 243 129 296 158">
    <p class='ocr_par' dir='ltr' id='par_1_1' title="bbox 243 129 296 158">
     <span class='ocr_line' id='line_1_1' title="bbox 243 129 296 158; baseline 0.019 -1"><span class='ocrx_word' id='word_1_1' title='bbox 243 129 296 158; x_wconf 80' lang='lat'><strong>799</strong></span> 
     </span>
    </p>
   </div>
   <div class='ocr_carea' id='block_1_2' title="bbox 918 128 1217 158">
    <p class='ocr_par' dir='ltr' id='par_1_2' title="bbox 918 128 1217 158">
     <span class='ocr_line' id='line_1_2' title="bbox 918 128 1217 158; baseline 0.007 -2"><span class='ocrx_word' id='word_1_2' title='bbox 918 128 1088 156; x_wconf 81' lang='lat' dir='ltr'><strong>ANACLETI</strong></span> <span class='ocrx_word' id='word_1_3' title='bbox 1117 130 1217 158; x_wconf 67' lang='lat' dir='ltr'><strong>PAPIE</strong></span> 
     </span>
    </p>
   </div>
   <div class='ocr_carea' id='block_1_3' title="bbox 1830 138 1880 164">
    <p class='ocr_par' dir='ltr' id='par_1_3' title="bbox 1830 138 1880 164">
     <span class='ocr_line' id='line_1_3' title="bbox 1830 138 1880 164; baseline -0.02 0"><span class='ocrx_word' id='word_1_4' title='bbox 1830 138 1880 164; x_wconf 69' lang='grc' dir='ltr'><strong>ων</strong></span> 
     </span>
    </p>
   </div>
   <div class='ocr_carea' id='block_1_4' title="bbox 243 185 1880 227">
    <p class='ocr_par' dir='ltr' id='par_1_4' title="bbox 243 185 1880 227">
     <span class='ocr_line' id='line_1_4' title="bbox 243 185 1880 227; baseline 0.004 -13"><span class='ocrx_word' id='word_1_5' title='bbox 243 186 337 214; x_wconf 85' lang='lat' dir='ltr'><strong>dicens</strong></span> <span class='ocrx_word' id='word_1_6' title='bbox 353 195 360 213; x_wconf 85' lang='lat'><strong>:</strong></span> <span class='ocrx_word' id='word_1_7' title='bbox 378 185 518 222; x_wconf 71' lang='lat' dir='ltr'><strong>Ingressus</strong></span> <span class='ocrx_word' id='word_1_8' title='bbox 535 194 562 214; x_wconf 82' lang='lat' dir='ltr'><strong>es</strong></span> <span class='ocrx_word' id='word_1_9' title='bbox 579 187 694 221; x_wconf 79' lang='lat' dir='ltr'><strong>quidem,</strong></span> <span class='ocrx_word' id='word_1_10' title='bbox 715 188 853 223; x_wconf 88' lang='lat' dir='ltr'><strong>inquiunt,</strong></span> <span class='ocrx_word' id='word_1_11' title='bbox 876 193 904 214; x_wconf 87' lang='lat' dir='ltr'><strong>ut</strong></span> <span class='ocrx_word' id='word_1_12' title='bbox 926 188 1037 221; x_wconf 83' lang='lat' dir='ltr'><strong>advena,</strong></span> <span class='ocrx_word' id='word_1_13' title='bbox 1052 197 1076 226; x_wconf 67' lang='grc' dir='ltr'>Α</span> <span class='ocrx_word' id='word_1_14' title='bbox 1090 189 1147 216; x_wconf 90' lang='lat' dir='ltr'><strong>rint</strong></span> <span class='ocrx_word' id='word_1_15' title='bbox 1162 190 1341 224; x_wconf 70' lang='lat' dir='ltr'><strong>quaestiones,</strong></span> <span class='ocrx_word' id='word_1_16' title='bbox 1357 195 1405 218; x_wconf 89' lang='lat' dir='ltr'><strong>aut</strong></span> <span class='ocrx_word' id='word_1_17' title='bbox 1418 190 1608 226; x_wconf 89' lang='lat' dir='ltr'><strong>episcoporum</strong></span> <span class='ocrx_word' id='word_1_18' title='bbox 1623 191 1667 219; x_wconf 86' lang='lat' dir='ltr'><strong>vel</strong></span> <span class='ocrx_word' id='word_1_19' title='bbox 1685 191 1824 227; x_wconf 83' lang='lat' dir='ltr'><strong>majorum</strong></span> <span class='ocrx_word' id='word_1_20' title='bbox 1836 193 1880 227; x_wconf 83' lang='lat' dir='ltr'><strong>ju-</strong></span> 
     </span>
    </p>
   </div>
   <div class='ocr_carea' id='block_1_5' title="bbox 245 232 1036 269">
    <p class='ocr_par' dir='ltr' id='par_1_5' title="bbox 245 232 1036 269">
     <span class='ocr_line' id='line_1_5' title="bbox 245 232 1036 269; baseline 0.003 -9"><span class='ocrx_word' id='word_1_21' title='bbox 245 233 363 268; x_wconf 84' lang='lat' dir='ltr'><strong>nunquid</strong></span> <span class='ocrx_word' id='word_1_22' title='bbox 380 238 407 259; x_wconf 91' lang='lat' dir='ltr'><strong>ut</strong></span> <span class='ocrx_word' id='word_1_23' title='bbox 418 233 524 268; x_wconf 84' lang='lat' dir='ltr'><strong>judices</strong></span> <span class='ocrx_word' id='word_1_24' title='bbox 539 233 564 249; x_wconf 90' lang='grc'>⁷³</span> <span class='ocrx_word' id='word_1_25' title='bbox 575 234 587 260; x_wconf 87' lang='lat'><strong>?</strong></span> <span class='ocrx_word' id='word_1_26' title='bbox 600 232 624 249; x_wconf 74' lang='grc'>⁷⁸</span> <span class='ocrx_word' id='word_1_27' title='bbox 641 232 816 269; x_wconf 66' lang='grc' dir='ltr'>υιιιιῳιιιείιυε</span> <span class='ocrx_word' id='word_1_28' title='bbox 831 235 970 269; x_wconf 80' lang='lat' dir='ltr'><strong>provincia</strong></span> <span class='ocrx_word' id='word_1_29' title='bbox 981 239 1036 262; x_wconf 82' lang='lat' dir='ltr'><strong>tam</strong></span> 
     </span>
    </p>
   </div>
   <div class='ocr_carea' id='block_1_6' title="bbox 241 278 1038 315">
    <p class='ocr_par' dir='ltr' id='par_1_6' title="bbox 241 278 1038 315">
     <span class='ocr_line' id='line_1_6' title="bbox 241 278 1038 315; baseline 0.003 -9"><span class='ocrx_word' id='word_1_30' title='bbox 241 279 319 314; x_wconf 79' lang='lat' dir='ltr'><strong>juxta</strong></span> <span class='ocrx_word' id='word_1_31' title='bbox 333 278 461 306; x_wconf 65' lang='lat' dir='ltr'><strong>Ecclesiae</strong></span> <span class='ocrx_word' id='word_1_32' title='bbox 474 286 557 314; x_wconf 83' lang='lat' dir='ltr'><strong>quam</strong></span> <span class='ocrx_word' id='word_1_33' title='bbox 568 279 646 314; x_wconf 79' lang='lat' dir='ltr'><strong>juxta</strong></span> <span class='ocrx_word' id='word_1_34' title='bbox 664 280 755 307; x_wconf 79' lang='lat' dir='ltr'><strong>saeculi</strong></span> <span class='ocrx_word' id='word_1_35' title='bbox 776 280 859 315; x_wconf 75' lang='lat' dir='ltr'><strong>leges,</strong></span> <span class='ocrx_word' id='word_1_36' title='bbox 879 288 944 308; x_wconf 86' lang='lat' dir='ltr'><strong>suos</strong></span> <span class='ocrx_word' id='word_1_37' title='bbox 958 280 1038 308; x_wconf 89' lang='lat' dir='ltr'><strong>debet</strong></span> 
     </span>
    </p>
   </div>
   <div class='ocr_carea' id='block_1_7' title="bbox 242 326 1038 361">
    <p class='ocr_par' dir='ltr' id='par_1_7' title="bbox 242 326 1038 361">
     <span class='ocr_line' id='line_1_7' title="bbox 242 326 1038 361; baseline 0 -7"><span class='ocrx_word' id='word_1_38' title='bbox 242 327 332 361; x_wconf 77' lang='lat' dir='ltr'><strong>justus</strong></span> <span class='ocrx_word' id='word_1_39' title='bbox 364 330 390 353; x_wconf 87' lang='lat' dir='ltr'><strong>et</strong></span> <span class='ocrx_word' id='word_1_40' title='bbox 410 334 466 353; x_wconf 92' lang='lat' dir='ltr'><strong>non</strong></span> <span class='ocrx_word' id='word_1_41' title='bbox 482 326 590 361; x_wconf 87' lang='lat' dir='ltr'><strong>iniquos</strong></span> <span class='ocrx_word' id='word_1_42' title='bbox 603 326 704 354; x_wconf 89' lang='lat' dir='ltr'><strong>habere</strong></span> <span class='ocrx_word' id='word_1_43' title='bbox 713 326 830 361; x_wconf 88' lang='lat' dir='ltr'><strong>judiees,</strong></span> <span class='ocrx_word' id='word_1_44' title='bbox 843 331 869 354; x_wconf 90' lang='lat' dir='ltr'><strong>et</strong></span> <span class='ocrx_word' id='word_1_45' title='bbox 882 335 936 354; x_wconf 95' lang='lat' dir='ltr'><strong>non</strong></span> <span class='ocrx_word' id='word_1_46' title='bbox 947 331 1038 354; x_wconf 81' lang='lat' dir='ltr'><strong>exter-</strong></span> 
     </span>
    </p>
   </div>
   <div class='ocr_carea' id='block_1_8' title="bbox 244 371 1037 407">
    <p class='ocr_par' dir='ltr' id='par_1_8' title="bbox 244 371 1037 407">
     <span class='ocr_line' id='line_1_8' title="bbox 244 371 1037 407; baseline 0 -7"><span class='ocrx_word' id='word_1_47' title='bbox 244 381 310 406; x_wconf 83' lang='lat' dir='ltr'><strong>nos,</strong></span> <span class='ocrx_word' id='word_1_48' title='bbox 323 371 376 399; x_wconf 87' lang='lat' dir='ltr'><strong>nisi</strong></span> <span class='ocrx_word' id='word_1_49' title='bbox 392 373 547 407; x_wconf 57' lang='lat' dir='ltr'><strong>apostolica</strong></span> <span class='ocrx_word' id='word_1_50' title='bbox 563 373 635 401; x_wconf 85' lang='lat' dir='ltr'><strong>sedis</strong></span> <span class='ocrx_word' id='word_1_51' title='bbox 654 373 737 407; x_wconf 87' lang='lat' dir='ltr'><strong>hujus</strong></span> <span class='ocrx_word' id='word_1_52' title='bbox 753 373 900 401; x_wconf 88' lang='lat' dir='ltr'><strong>decreverit</strong></span> <span class='ocrx_word' id='word_1_53' title='bbox 917 374 1037 401; x_wconf 84' lang='lat' dir='ltr'><strong>auctori—</strong></span> 
     </span>
    </p>
   </div>
   <div class='ocr_carea' id='block_1_9' title="bbox 245 419 1037 454">
    <p class='ocr_par' dir='ltr' id='par_1_9' title="bbox 245 419 1037 454">
     <span class='ocr_line' id='line_1_9' title="bbox 245 419 1037 454; baseline 0.001 -8"><span class='ocrx_word' id='word_1_54' title='bbox 245 423 297 451; x_wconf 88' lang='lat' dir='ltr'><strong>tas,</strong></span> <span class='ocrx_word' id='word_1_55' title='bbox 323 423 459 454; x_wconf 91' lang='lat' dir='ltr'><strong>quatenus</strong></span> <span class='ocrx_word' id='word_1_56' title='bbox 484 419 641 454; x_wconf 86' lang='lat' dir='ltr'><strong>quicunque</strong></span> <span class='ocrx_word' id='word_1_57' title='bbox 666 426 777 446; x_wconf 84' lang='lat' dir='ltr'><strong>causam</strong></span> <span class='ocrx_word' id='word_1_58' title='bbox 794 419 935 451; x_wconf 85' lang='lat' dir='ltr'><strong>habuerit,</strong></span> <span class='ocrx_word' id='word_1_59' title='bbox 965 419 1037 454; x_wconf 88' lang='lat' dir='ltr'><strong>apud</strong></span> 
     </span>
    </p>
   </div>
   <div class='ocr_carea' id='block_1_10' title="bbox 245 465 1036 500">
    <p class='ocr_par' dir='ltr' id='par_1_10' title="bbox 245 465 1036 500">
     <span class='ocr_line' id='line_1_10' title="bbox 245 465 1036 500; baseline 0.003 -9"><span class='ocrx_word' id='word_1_60' title='bbox 245 472 312 492; x_wconf 88' lang='lat' dir='ltr'><strong>suos</strong></span> <span class='ocrx_word' id='word_1_61' title='bbox 326 465 350 480; x_wconf 86' lang='grc'>⁷⁸</span> <span class='ocrx_word' id='word_1_62' title='bbox 367 465 473 500; x_wconf 89' lang='lat' dir='ltr'><strong>judices</strong></span> <span class='ocrx_word' id='word_1_63' title='bbox 485 465 640 500; x_wconf 87' lang='lat' dir='ltr'><strong>judicetur;</strong></span> <span class='ocrx_word' id='word_1_64' title='bbox 655 471 682 492; x_wconf 93' lang='lat' dir='ltr'><strong>et</strong></span> <span class='ocrx_word' id='word_1_65' title='bbox 696 473 750 492; x_wconf 90' lang='lat' dir='ltr'><strong>non</strong></span> <span class='ocrx_word' id='word_1_66' title='bbox 767 465 801 492; x_wconf 90' lang='lat' dir='ltr'><strong>ad</strong></span> <span class='ocrx_word' id='word_1_67' title='bbox 817 465 932 498; x_wconf 87' lang='lat' dir='ltr'><strong>alienos,</strong></span> <span class='ocrx_word' id='word_1_68' title='bbox 953 473 1036 493; x_wconf 88' lang='lat' dir='ltr'><strong>causa</strong></span> 
     </span>
    </p>
   </div>
   <div class='ocr_carea' id='block_1_11' title="bbox 245 510 1036 546">
    <p class='ocr_par' dir='ltr' id='par_1_11' title="bbox 245 510 1036 546">
     <span class='ocr_line' id='line_1_11' title="bbox 245 510 1036 546; baseline -0.001 -8"><span class='ocrx_word' id='word_1_69' title='bbox 245 511 372 546; x_wconf 81' lang='lat' dir='ltr'><strong>vagandi,</strong></span> <span class='ocrx_word' id='word_1_70' title='bbox 394 511 550 538; x_wconf 90' lang='lat' dir='ltr'><strong>stimulante</strong></span> <span class='ocrx_word' id='word_1_71' title='bbox 563 510 709 545; x_wconf 73' lang='lat' dir='ltr'><strong>protervis,</strong></span> <span class='ocrx_word' id='word_1_72' title='bbox 726 518 804 537; x_wconf 88' lang='lat' dir='ltr'><strong>suam</strong></span> <span class='ocrx_word' id='word_1_73' title='bbox 819 510 972 544; x_wconf 85' lang='lat' dir='ltr'><strong>despiciens</strong></span> <span class='ocrx_word' id='word_1_74' title='bbox 987 517 1036 545; x_wconf 86' lang='lat' dir='ltr'><strong>pa-</strong></span> 
     </span>
    </p>
   </div>
   <div class='ocr_carea' id='block_1_12' title="bbox 244 556 1036 590">
    <p class='ocr_par' dir='ltr' id='par_1_12' title="bbox 244 556 1036 590">
     <span class='ocr_line' id='line_1_12' title="bbox 244 556 1036 590; baseline -0.001 -6"><span class='ocrx_word' id='word_1_75' title='bbox 244 557 337 590; x_wconf 82' lang='lat' dir='ltr'><strong>triam,</strong></span> <span class='ocrx_word' id='word_1_76' title='bbox 361 561 492 590; x_wconf 89' lang='lat' dir='ltr'><strong>transeat,</strong></span> <span class='ocrx_word' id='word_1_77' title='bbox 519 557 566 584; x_wconf 84' lang='lat' dir='ltr'><strong>sed</strong></span> <span class='ocrx_word' id='word_1_78' title='bbox 580 556 612 583; x_wconf 88' lang='lat' dir='ltr'><strong>ad</strong></span> <span class='ocrx_word' id='word_1_79' title='bbox 626 556 650 572; x_wconf 86' lang='lat'><strong>&quot;&#39;</strong></span> <span class='ocrx_word' id='word_1_80' title='bbox 666 556 810 583; x_wconf 83' lang='lat' dir='ltr'><strong>duodecim</strong></span> <span class='ocrx_word' id='word_1_81' title='bbox 828 556 950 590; x_wconf 86' lang='lat' dir='ltr'><strong>ejusdem</strong></span> <span class='ocrx_word' id='word_1_82' title='bbox 972 564 1036 590; x_wconf 86' lang='lat' dir='ltr'><strong>pro-</strong></span> 
     </span>
    </p>
   </div>
   <div class='ocr_carea' id='block_1_13' title="bbox 244 602 1037 637">
    <p class='ocr_par' dir='ltr' id='par_1_13' title="bbox 244 602 1037 637">
     <span class='ocr_line' id='line_1_13' title="bbox 244 602 1037 637; baseline -0.003 -7"><span class='ocrx_word' id='word_1_83' title='bbox 244 603 342 630; x_wconf 55' lang='lat' dir='ltr'><strong>vincia</strong></span> <span class='ocrx_word' id='word_1_84' title='bbox 354 602 470 637; x_wconf 89' lang='lat' dir='ltr'><strong>judices,</strong></span> <span class='ocrx_word' id='word_1_85' title='bbox 489 602 523 630; x_wconf 88' lang='lat' dir='ltr'><strong>ad</strong></span> <span class='ocrx_word' id='word_1_86' title='bbox 536 610 654 637; x_wconf 88' lang='lat' dir='ltr'><strong>quorum</strong></span> <span class='ocrx_word' id='word_1_87' title='bbox 676 602 810 637; x_wconf 88' lang='lat' dir='ltr'><strong>judicium</strong></span> <span class='ocrx_word' id='word_1_88' title='bbox 835 608 930 629; x_wconf 88' lang='lat' dir='ltr'><strong>omnes</strong></span> <span class='ocrx_word' id='word_1_89' title='bbox 946 609 1037 629; x_wconf 70' lang='lat' dir='ltr'><strong>causa:</strong></span> 
     </span>
    </p>
   </div>
   <div class='ocr_carea' id='block_1_14' title="bbox 245 647 1035 684">
    <p class='ocr_par' dir='ltr' id='par_1_14' title="bbox 245 647 1035 684">
     <span class='ocr_line' id='line_1_14' title="bbox 245 647 1035 684; baseline -0.001 -8"><span class='ocrx_word' id='word_1_90' title='bbox 245 649 386 677; x_wconf 88' lang='lat' dir='ltr'><strong>civitatum</strong></span> <span class='ocrx_word' id='word_1_91' title='bbox 402 649 567 683; x_wconf 89' lang='lat' dir='ltr'><strong>referuntur,</strong></span> <span class='ocrx_word' id='word_1_92' title='bbox 580 649 717 676; x_wconf 86' lang='lat' dir='ltr'><strong>deferatur</strong></span> <span class='ocrx_word' id='word_1_93' title='bbox 736 649 886 684; x_wconf 78' lang='lat' dir='ltr'><strong>negotium.</strong></span> <span class='ocrx_word' id='word_1_94' title='bbox 904 647 932 675; x_wconf 88' lang='lat' dir='ltr'><strong>Si</strong></span> <span class='ocrx_word' id='word_1_95' title='bbox 945 652 1035 675; x_wconf 86' lang='lat' dir='ltr'><strong>autem</strong></span> 
     </span>
    </p>
   </div>
   <div class='ocr_carea' id='block_1_15' title="bbox 246 693 1037 729">
    <p class='ocr_par' dir='ltr' id='par_1_15' title="bbox 246 693 1037 729">
     <span class='ocr_line' id='line_1_15' title="bbox 246 693 1037 729; baseline -0.001 -7"><span class='ocrx_word' id='word_1_96' title='bbox 246 693 328 722; x_wconf 86' lang='lat' dir='ltr'><strong>fuerit</strong></span> <span class='ocrx_word' id='word_1_97' title='bbox 350 695 564 722; x_wconf 86' lang='lat' dir='ltr'><strong>ecclesiasticum</strong></span> <span class='ocrx_word' id='word_1_98' title='bbox 580 695 650 729; x_wconf 89' lang='lat' dir='ltr'><strong>apud</strong></span> <span class='ocrx_word' id='word_1_99' title='bbox 667 695 810 729; x_wconf 80' lang='lat' dir='ltr'><strong>episcopos</strong></span> <span class='ocrx_word' id='word_1_100' title='bbox 829 694 1037 728; x_wconf 86' lang='lat' dir='ltr'><strong>(interveniente</strong></span> 
     </span>
    </p>
   </div>
   <div class='ocr_carea' id='block_1_16' title="bbox 245 740 1036 776">
    <p class='ocr_par' dir='ltr' id='par_1_16' title="bbox 245 740 1036 776">
     <span class='ocr_line' id='line_1_16' title="bbox 245 740 1036 776; baseline -0.003 -8"><span class='ocrx_word' id='word_1_101' title='bbox 245 741 384 776; x_wconf 89' lang='lat' dir='ltr'><strong>primate),</strong></span> <span class='ocrx_word' id='word_1_102' title='bbox 397 741 530 776; x_wconf 81' lang='lat' dir='ltr'><strong>siquidem</strong></span> <span class='ocrx_word' id='word_1_103' title='bbox 543 741 632 775; x_wconf 81' lang='lat' dir='ltr'><strong>major</strong></span> <span class='ocrx_word' id='word_1_104' title='bbox 647 748 729 768; x_wconf 83' lang='lat' dir='ltr'><strong>causa</strong></span> <span class='ocrx_word' id='word_1_105' title='bbox 747 741 829 767; x_wconf 90' lang='lat' dir='ltr'><strong>fuerit</strong></span> <span class='ocrx_word' id='word_1_106' title='bbox 845 749 851 767; x_wconf 93' lang='lat'>:</span> <span class='ocrx_word' id='word_1_107' title='bbox 869 740 892 767; x_wconf 88' lang='lat' dir='ltr'><strong>si</strong></span> <span class='ocrx_word' id='word_1_108' title='bbox 907 747 972 767; x_wconf 86' lang='lat' dir='ltr'><strong>vero</strong></span> <span class='ocrx_word' id='word_1_109' title='bbox 984 740 1036 766; x_wconf 84' lang='lat' dir='ltr'><strong>mi—</strong></span> 
     </span>
    </p>
   </div>
   <div class='ocr_carea' id='block_1_17' title="bbox 245 785 1036 822">
    <p class='ocr_par' dir='ltr' id='par_1_17' title="bbox 245 785 1036 822">
     <span class='ocr_line' id='line_1_17' title="bbox 245 785 1036 822; baseline -0.003 -8"><span class='ocrx_word' id='word_1_110' title='bbox 245 794 307 820; x_wconf 85' lang='lat' dir='ltr'><strong>nor,</strong></span> <span class='ocrx_word' id='word_1_111' title='bbox 332 787 562 822; x_wconf 82' lang='lat' dir='ltr'><strong>metropolitano;</strong></span> <span class='ocrx_word' id='word_1_112' title='bbox 578 787 600 814; x_wconf 87' lang='lat' dir='ltr'><strong>si</strong></span> <span class='ocrx_word' id='word_1_113' title='bbox 623 795 688 813; x_wconf 80' lang='lat' dir='ltr'><strong>vero</strong></span> <span class='ocrx_word' id='word_1_114' title='bbox 711 786 793 813; x_wconf 90' lang='lat' dir='ltr'><strong>fuerit</strong></span> <span class='ocrx_word' id='word_1_115' title='bbox 809 786 951 818; x_wconf 69' lang='lat' dir='ltr'><strong>steculare,</strong></span> <span class='ocrx_word' id='word_1_116' title='bbox 964 785 1036 820; x_wconf 86' lang='lat' dir='ltr'><strong>apud</strong></span> 
     </span>
    </p>
   </div>
   <div class='ocr_carea' id='block_1_18' title="bbox 245 833 1034 868">
    <p class='ocr_par' dir='ltr' id='par_1_18' title="bbox 245 833 1034 868">
     <span class='ocr_line' id='line_1_18' title="bbox 245 833 1034 868; baseline -0.003 -8"><span class='ocrx_word' id='word_1_117' title='bbox 245 833 367 868; x_wconf 85' lang='lat' dir='ltr'><strong>ejusdem</strong></span> <span class='ocrx_word' id='word_1_118' title='bbox 379 833 484 860; x_wconf 89' lang='lat' dir='ltr'><strong>ordinis</strong></span> <span class='ocrx_word' id='word_1_119' title='bbox 495 833 579 865; x_wconf 80' lang='lat' dir='ltr'><strong>viros,</strong></span> <span class='ocrx_word' id='word_1_120' title='bbox 590 833 694 867; x_wconf 90' lang='lat' dir='ltr'><strong>judicio</strong></span> <span class='ocrx_word' id='word_1_121' title='bbox 715 837 805 860; x_wconf 88' lang='lat' dir='ltr'><strong>tamen</strong></span> <span class='ocrx_word' id='word_1_122' title='bbox 822 833 1014 867; x_wconf 86' lang='lat' dir='ltr'><strong>episcoporum</strong></span> <span class='ocrx_word' id='word_1_123' title='bbox 1027 841 1034 865; x_wconf 87' lang='lat'><strong>;</strong></span> 
     </span>
    </p>
   </div>
   <div class='ocr_carea' id='block_1_19' title="bbox 1091 235 1880 274">
    <p class='ocr_par' dir='ltr' id='par_1_19' title="bbox 1091 235 1880 274">
     <span class='ocr_line' id='line_1_19' title="bbox 1091 235 1880 274; baseline 0.004 -11"><span class='ocrx_word' id='word_1_124' title='bbox 1091 235 1174 268; x_wconf 91' lang='lat' dir='ltr'><strong>dicia,</strong></span> <span class='ocrx_word' id='word_1_125' title='bbox 1191 240 1238 262; x_wconf 86' lang='lat' dir='ltr'><strong>aut</strong></span> <span class='ocrx_word' id='word_1_126' title='bbox 1251 235 1369 270; x_wconf 85' lang='lat' dir='ltr'><strong>majores</strong></span> <span class='ocrx_word' id='word_1_127' title='bbox 1383 244 1473 264; x_wconf 63' lang='lat' dir='ltr'><strong>causa:</strong></span> <span class='ocrx_word' id='word_1_128' title='bbox 1484 236 1603 270; x_wconf 86' lang='lat' dir='ltr'><strong>fuerint;</strong></span> <span class='ocrx_word' id='word_1_129' title='bbox 1617 237 1640 253; x_wconf 80' lang='lat'><strong>&quot;</strong></span> <span class='ocrx_word' id='word_1_130' title='bbox 1656 238 1690 265; x_wconf 83' lang='lat' dir='ltr'><strong>ad</strong></span> <span class='ocrx_word' id='word_1_131' title='bbox 1703 238 1798 265; x_wconf 86' lang='lat' dir='ltr'><strong>sedem</strong></span> <span class='ocrx_word' id='word_1_132' title='bbox 1815 247 1880 274; x_wconf 81' lang='lat' dir='ltr'><strong>apo-</strong></span> 
     </span>
    </p>
   </div>
   <div class='ocr_carea' id='block_1_20' title="bbox 1090 280 1878 318">
    <p class='ocr_par' dir='ltr' id='par_1_20' title="bbox 1090 280 1878 318">
     <span class='ocr_line' id='line_1_20' title="bbox 1090 280 1878 318; baseline 0.004 -11"><span class='ocrx_word' id='word_1_133' title='bbox 1090 280 1217 308; x_wconf 86' lang='lat' dir='ltr'><strong>stolicam</strong></span> <span class='ocrx_word' id='word_1_134' title='bbox 1249 281 1284 315; x_wconf 90' lang='lat' dir='ltr'><strong>(si</strong></span> <span class='ocrx_word' id='word_1_135' title='bbox 1310 281 1473 317; x_wconf 88' lang='lat' dir='ltr'><strong>appellatum</strong></span> <span class='ocrx_word' id='word_1_136' title='bbox 1500 280 1593 317; x_wconf 86' lang='lat' dir='ltr'><strong>fuerit)</strong></span> <span class='ocrx_word' id='word_1_137' title='bbox 1619 282 1776 310; x_wconf 90' lang='lat' dir='ltr'><strong>referantur</strong></span> <span class='ocrx_word' id='word_1_138' title='bbox 1800 283 1878 318; x_wconf 68' lang='lat'><strong>(10);</strong></span> 
     </span>
    </p>
   </div>
   <div class='ocr_carea' id='block_1_21' title="bbox 1092 327 1880 364">
    <p class='ocr_par' dir='ltr' id='par_1_21' title="bbox 1092 327 1880 364">
     <span class='ocr_line' id='line_1_21' title="bbox 1092 327 1880 364; baseline 0.006 -11"><span class='ocrx_word' id='word_1_139' title='bbox 1092 327 1223 361; x_wconf 88' lang='lat' dir='ltr'><strong>quoniam</strong></span> <span class='ocrx_word' id='word_1_140' title='bbox 1245 327 1361 361; x_wconf 85' lang='lat' dir='ltr'><strong>apostoli</strong></span> <span class='ocrx_word' id='word_1_141' title='bbox 1376 327 1430 355; x_wconf 89' lang='lat' dir='ltr'><strong>hoc</strong></span> <span class='ocrx_word' id='word_1_142' title='bbox 1445 332 1599 356; x_wconf 88' lang='lat' dir='ltr'><strong>statuerunt</strong></span> <span class='ocrx_word' id='word_1_143' title='bbox 1611 328 1669 364; x_wconf 80' lang='lat' dir='ltr'><strong>(li)</strong></span> <span class='ocrx_word' id='word_1_144' title='bbox 1680 328 1808 364; x_wconf 90' lang='lat' dir='ltr'><strong>jussione</strong></span> <span class='ocrx_word' id='word_1_145' title='bbox 1822 329 1880 357; x_wconf 79' lang='lat' dir='ltr'><strong>Sal-</strong></span> 
     </span>
    </p>
   </div>
   <div class='ocr_carea' id='block_1_22' title="bbox 1088 373 1878 410">
    <p class='ocr_par' dir='ltr' id='par_1_22' title="bbox 1088 373 1878 410">
     <span class='ocr_line' id='line_1_22' title="bbox 1088 373 1878 410; baseline 0.006 -11"><span class='ocrx_word' id='word_1_146' title='bbox 1088 373 1191 400; x_wconf 86' lang='lat' dir='ltr'><strong>vatoris</strong></span> <span class='ocrx_word' id='word_1_147' title='bbox 1206 392 1214 406; x_wconf 86' lang='lat'><strong>,</strong></span> <span class='ocrx_word' id='word_1_148' title='bbox 1240 377 1272 400; x_wconf 89' lang='lat' dir='ltr'><strong>ut</strong></span> <span class='ocrx_word' id='word_1_149' title='bbox 1296 373 1414 408; x_wconf 83' lang='lat' dir='ltr'><strong>majores</strong></span> <span class='ocrx_word' id='word_1_150' title='bbox 1439 378 1467 401; x_wconf 89' lang='lat' dir='ltr'><strong>et</strong></span> <span class='ocrx_word' id='word_1_151' title='bbox 1498 373 1666 402; x_wconf 83' lang='lat' dir='ltr'><strong>difﬁciliores</strong></span> <span class='ocrx_word' id='word_1_152' title='bbox 1699 376 1878 410; x_wconf 66' lang='lat' dir='ltr'><strong>quaestiones,</strong></span> 
     </span>
    </p>
   </div>
   <div class='ocr_carea' id='block_1_23' title="bbox 1086 418 1879 458">
    <p class='ocr_par' dir='ltr' id='par_1_23' title="bbox 1086 418 1879 458">
     <span class='ocr_line' id='line_1_23' title="bbox 1086 418 1879 458; baseline 0.006 -13"><span class='ocrx_word' id='word_1_153' title='bbox 1086 426 1195 453; x_wconf 87' lang='lat' dir='ltr'><strong>semper</strong></span> <span class='ocrx_word' id='word_1_154' title='bbox 1218 418 1253 446; x_wconf 90' lang='lat' dir='ltr'><strong>ad</strong></span> <span class='ocrx_word' id='word_1_155' title='bbox 1273 419 1364 446; x_wconf 82' lang='lat' dir='ltr'><strong>sedem</strong></span> <span class='ocrx_word' id='word_1_156' title='bbox 1386 419 1547 447; x_wconf 81' lang='lat' dir='ltr'><strong>deferantur</strong></span> <span class='ocrx_word' id='word_1_157' title='bbox 1569 421 1765 455; x_wconf 83' lang='lat' dir='ltr'><strong>apostolicam.</strong></span> <span class='ocrx_word' id='word_1_158' title='bbox 1797 430 1879 458; x_wconf 83' lang='lat' dir='ltr'><strong>super</strong></span> 
     </span>
    </p>
   </div>
   <div class='ocr_carea' id='block_1_24' title="bbox 1086 463 1878 501">
    <p class='ocr_par' dir='ltr' id='par_1_24' title="bbox 1086 463 1878 501">
     <span class='ocr_line' id='line_1_24' title="bbox 1086 463 1878 501; baseline 0.006 -11"><span class='ocrx_word' id='word_1_159' title='bbox 1086 471 1170 500; x_wconf 88' lang='lat' dir='ltr'><strong>quam</strong></span> <span class='ocrx_word' id='word_1_160' title='bbox 1198 463 1324 493; x_wconf 88' lang='lat' dir='ltr'><strong>Christus</strong></span> <span class='ocrx_word' id='word_1_161' title='bbox 1357 465 1513 493; x_wconf 79' lang='lat' dir='ltr'><strong>universam</strong></span> <span class='ocrx_word' id='word_1_162' title='bbox 1532 466 1686 494; x_wconf 74' lang='lat' dir='ltr'><strong>construxit</strong></span> <span class='ocrx_word' id='word_1_163' title='bbox 1712 466 1878 501; x_wconf 79' lang='lat' dir='ltr'><strong>Ecclesiam,</strong></span> 
     </span>
    </p>
   </div>
   <div class='ocr_carea' id='block_1_25' title="bbox 1086 508 1879 548">
    <p class='ocr_par' dir='ltr' id='par_1_25' title="bbox 1086 508 1879 548">
     <span class='ocr_line' id='line_1_25' title="bbox 1086 508 1879 548; baseline 0.008 -12"><span class='ocrx_word' id='word_1_164' title='bbox 1086 508 1193 537; x_wconf 87' lang='lat' dir='ltr'><strong>dicente</strong></span> <span class='ocrx_word' id='word_1_165' title='bbox 1214 510 1273 545; x_wconf 92' lang='lat' dir='ltr'><strong>ipso</strong></span> <span class='ocrx_word' id='word_1_166' title='bbox 1287 510 1320 538; x_wconf 91' lang='lat' dir='ltr'><strong>ad</strong></span> <span class='ocrx_word' id='word_1_167' title='bbox 1335 511 1444 538; x_wconf 89' lang='lat' dir='ltr'><strong>beatum</strong></span> <span class='ocrx_word' id='word_1_168' title='bbox 1459 512 1609 547; x_wconf 88' lang='lat' dir='ltr'><strong>principem</strong></span> <span class='ocrx_word' id='word_1_169' title='bbox 1625 514 1814 548; x_wconf 82' lang='lat' dir='ltr'><strong>apostolorum</strong></span> <span class='ocrx_word' id='word_1_170' title='bbox 1831 513 1879 542; x_wconf 56' lang='lat' dir='ltr'><strong>Pe</strong></span> 
     </span>
    </p>
   </div>
   <div class='ocr_carea' id='block_1_26' title="bbox 1086 555 1879 594">
    <p class='ocr_par' dir='ltr' id='par_1_26' title="bbox 1086 555 1879 594">
     <span class='ocr_line' id='line_1_26' title="bbox 1086 555 1879 594; baseline 0.006 -13"><span class='ocrx_word' id='word_1_171' title='bbox 1086 559 1160 582; x_wconf 91' lang='lat' dir='ltr'><strong>trum</strong></span> <span class='ocrx_word' id='word_1_172' title='bbox 1179 565 1184 582; x_wconf 92' lang='lat'><strong>:</strong></span> <span class='ocrx_word' id='word_1_173' title='bbox 1206 555 1243 582; x_wconf 89' lang='lat' dir='ltr'><strong>Tu</strong></span> <span class='ocrx_word' id='word_1_174' title='bbox 1258 564 1295 588; x_wconf 86' lang='lat' dir='ltr'><strong>es,</strong></span> <span class='ocrx_word' id='word_1_175' title='bbox 1309 556 1415 591; x_wconf 91' lang='lat' dir='ltr'><strong>inquit,</strong></span> <span class='ocrx_word' id='word_1_176' title='bbox 1437 556 1543 590; x_wconf 80' lang='lat' dir='ltr'><strong>Petrus,</strong></span> <span class='ocrx_word' id='word_1_177' title='bbox 1558 562 1584 584; x_wconf 83' lang='lat' dir='ltr'><strong>et</strong></span> <span class='ocrx_word' id='word_1_178' title='bbox 1602 566 1678 593; x_wconf 81' lang='lat' dir='ltr'><strong>super</strong></span> <span class='ocrx_word' id='word_1_179' title='bbox 1691 559 1762 586; x_wconf 82' lang='lat' dir='ltr'><strong>hanc</strong></span> <span class='ocrx_word' id='word_1_180' title='bbox 1776 564 1879 594; x_wconf 75' lang='lat' dir='ltr'><strong>petram</strong></span> 
     </span>
    </p>
   </div>
   <div class='ocr_carea' id='block_1_27' title="bbox 1087 602 1878 642">
    <p class='ocr_par' dir='ltr' id='par_1_27' title="bbox 1087 602 1878 642">
     <span class='ocr_line' id='line_1_27' title="bbox 1087 602 1878 642; baseline 0.008 -14"><span class='ocrx_word' id='word_1_181' title='bbox 1087 602 1224 636; x_wconf 71' lang='lat' dir='ltr'><strong>cdiﬁcabo</strong></span> <span class='ocrx_word' id='word_1_182' title='bbox 1240 602 1386 630; x_wconf 80' lang='lat' dir='ltr'><strong>Ecclesium</strong></span> <span class='ocrx_word' id='word_1_183' title='bbox 1404 611 1490 630; x_wconf 86' lang='lat' dir='ltr'><strong>meam</strong></span> <span class='ocrx_word' id='word_1_184' title='bbox 1503 604 1542 637; x_wconf 81' lang='grc'><strong>⁸³,</strong></span> <span class='ocrx_word' id='word_1_185' title='bbox 1563 609 1591 632; x_wconf 90' lang='lat' dir='ltr'><strong>et</strong></span> <span class='ocrx_word' id='word_1_186' title='bbox 1604 604 1719 640; x_wconf 83' lang='lat' dir='ltr'><strong>reliqua.</strong></span> <span class='ocrx_word' id='word_1_187' title='bbox 1734 605 1778 633; x_wconf 86' lang='lat' dir='ltr'><strong>Sit</strong></span> <span class='ocrx_word' id='word_1_188' title='bbox 1801 614 1878 642; x_wconf 68' lang='lat' dir='ltr'><strong>ergo,</strong></span> 
     </span>
    </p>
   </div>
   <div class='ocr_carea' id='block_1_28' title="bbox 1088 648 1879 680">
    <p class='ocr_par' dir='ltr' id='par_1_28' title="bbox 1088 648 1879 680">
     <span class='ocr_line' id='line_1_28' title="bbox 1088 648 1879 680; baseline 0.005 -5"><span class='ocrx_word' id='word_1_189' title='bbox 1088 648 1197 680; x_wconf 87' lang='lat' dir='ltr'><strong>fratres,</strong></span> <span class='ocrx_word' id='word_1_190' title='bbox 1212 650 1367 677; x_wconf 88' lang='lat' dir='ltr'><strong>constantia</strong></span> <span class='ocrx_word' id='word_1_191' title='bbox 1380 656 1471 678; x_wconf 86' lang='lat' dir='ltr'><strong>vestra</strong></span> <span class='ocrx_word' id='word_1_192' title='bbox 1485 651 1617 679; x_wconf 82' lang='lat' dir='ltr'><strong>adversus</strong></span> <span class='ocrx_word' id='word_1_193' title='bbox 1630 652 1824 680; x_wconf 87' lang='lat' dir='ltr'><strong>contentiones</strong></span> <span class='ocrx_word' id='word_1_194' title='bbox 1833 660 1879 680; x_wconf 87' lang='lat' dir='ltr'><strong>eo-</strong></span> 
     </span>
    </p>
   </div>
   <div class='ocr_carea' id='block_1_29' title="bbox 1087 694 1878 732">
    <p class='ocr_par' dir='ltr' id='par_1_29' title="bbox 1087 694 1878 732">
     <span class='ocr_line' id='line_1_29' title="bbox 1087 694 1878 732; baseline 0.006 -12"><span class='ocrx_word' id='word_1_195' title='bbox 1087 701 1149 721; x_wconf 88' lang='lat' dir='ltr'><strong>rum</strong></span> <span class='ocrx_word' id='word_1_196' title='bbox 1163 695 1210 728; x_wconf 88' lang='lat' dir='ltr'><strong>qui</strong></span> <span class='ocrx_word' id='word_1_197' title='bbox 1225 694 1340 722; x_wconf 84' lang='lat' dir='ltr'><strong>adversa</strong></span> <span class='ocrx_word' id='word_1_198' title='bbox 1355 696 1466 730; x_wconf 78' lang='lat' dir='ltr'><strong>sapiunt</strong></span> <span class='ocrx_word' id='word_1_199' title='bbox 1477 715 1484 727; x_wconf 90' lang='lat'><strong>,</strong></span> <span class='ocrx_word' id='word_1_200' title='bbox 1501 700 1528 723; x_wconf 92' lang='lat' dir='ltr'><strong>et</strong></span> <span class='ocrx_word' id='word_1_201' title='bbox 1543 703 1597 723; x_wconf 93' lang='lat' dir='ltr'><strong>non</strong></span> <span class='ocrx_word' id='word_1_202' title='bbox 1610 705 1670 732; x_wconf 62' lang='lat' dir='ltr'><strong>qua:</strong></span> <span class='ocrx_word' id='word_1_203' title='bbox 1685 696 1732 725; x_wconf 90' lang='lat' dir='ltr'><strong>Dei</strong></span> <span class='ocrx_word' id='word_1_204' title='bbox 1749 702 1816 725; x_wconf 89' lang='lat' dir='ltr'><strong>sunt</strong></span> <span class='ocrx_word' id='word_1_205' title='bbox 1834 705 1878 726; x_wconf 79' lang='lat' dir='ltr'><strong>sa-</strong></span> 
     </span>
    </p>
   </div>
   <div class='ocr_carea' id='block_1_30' title="bbox 1087 740 1879 778">
    <p class='ocr_par' dir='ltr' id='par_1_30' title="bbox 1087 740 1879 778">
     <span class='ocr_line' id='line_1_30' title="bbox 1087 740 1879 778; baseline 0.004 -11"><span class='ocrx_word' id='word_1_206' title='bbox 1087 740 1177 775; x_wconf 89' lang='lat' dir='ltr'><strong>piunt,</strong></span> <span class='ocrx_word' id='word_1_207' title='bbox 1200 745 1228 768; x_wconf 89' lang='lat' dir='ltr'><strong>et</strong></span> <span class='ocrx_word' id='word_1_208' title='bbox 1243 742 1295 768; x_wconf 91' lang='lat' dir='ltr'><strong>erit</strong></span> <span class='ocrx_word' id='word_1_209' title='bbox 1311 741 1408 769; x_wconf 81' lang='lat' dir='ltr'><strong>fortior</strong></span> <span class='ocrx_word' id='word_1_210' title='bbox 1429 747 1504 776; x_wconf 86' lang='lat' dir='ltr'><strong>petra</strong></span> <span class='ocrx_word' id='word_1_211' title='bbox 1520 743 1674 772; x_wconf 85' lang='lat' dir='ltr'><strong>constantia</strong></span> <span class='ocrx_word' id='word_1_212' title='bbox 1685 748 1794 778; x_wconf 82' lang='lat' dir='ltr'><strong>vestra,</strong></span> <span class='ocrx_word' id='word_1_213' title='bbox 1808 745 1879 772; x_wconf 88' lang='lat' dir='ltr'><strong>sicut</strong></span> 
     </span>
    </p>
   </div>
   <div class='ocr_carea' id='block_1_31' title="bbox 1087 787 1878 824">
    <p class='ocr_par' dir='ltr' id='par_1_31' title="bbox 1087 787 1878 824">
     <span class='ocr_line' id='line_1_31' title="bbox 1087 787 1878 824; baseline 0.003 -10"><span class='ocrx_word' id='word_1_214' title='bbox 1087 787 1219 822; x_wconf 87' lang='lat' dir='ltr'><strong>scriptum</strong></span> <span class='ocrx_word' id='word_1_215' title='bbox 1235 792 1275 815; x_wconf 88' lang='lat' dir='ltr'><strong>est</strong></span> <span class='ocrx_word' id='word_1_216' title='bbox 1288 797 1296 815; x_wconf 92' lang='lat'><strong><em>:</em></strong></span> <span class='ocrx_word' id='word_1_217' title='bbox 1311 787 1352 815; x_wconf 90' lang='lat' dir='ltr'><strong>Ne</strong></span> <span class='ocrx_word' id='word_1_218' title='bbox 1367 789 1508 815; x_wconf 84' lang='lat' dir='ltr'><strong>limueritis</strong></span> <span class='ocrx_word' id='word_1_219' title='bbox 1524 788 1555 815; x_wconf 85' lang='lat' dir='ltr'><strong>ab</strong></span> <span class='ocrx_word' id='word_1_220' title='bbox 1568 789 1619 823; x_wconf 84' lang='lat' dir='ltr'><strong>his,</strong></span> <span class='ocrx_word' id='word_1_221' title='bbox 1631 797 1712 824; x_wconf 86' lang='lat' dir='ltr'><strong>neque</strong></span> <span class='ocrx_word' id='word_1_222' title='bbox 1724 791 1878 817; x_wconf 83' lang='lat' dir='ltr'><strong>terreamini</strong></span> 
     </span>
    </p>
   </div>
   <div class='ocr_carea' id='block_1_32' title="bbox 1087 833 1879 869">
    <p class='ocr_par' dir='ltr' id='par_1_32' title="bbox 1087 833 1879 869">
     <span class='ocr_line' id='line_1_32' title="bbox 1087 833 1879 869; baseline 0.004 -10"><span class='ocrx_word' id='word_1_223' title='bbox 1087 842 1104 860; x_wconf 92' lang='lat' dir='ltr'><strong>a</strong></span> <span class='ocrx_word' id='word_1_224' title='bbox 1121 833 1190 868; x_wconf 82' lang='lat' dir='ltr'><strong>facie</strong></span> <span class='ocrx_word' id='word_1_225' title='bbox 1208 842 1298 860; x_wconf 89' lang='lat' dir='ltr'><strong>eorum</strong></span> <span class='ocrx_word' id='word_1_226' title='bbox 1320 835 1365 868; x_wconf 88' lang='lat' dir='ltr'><strong>qui</strong></span> <span class='ocrx_word' id='word_1_227' title='bbox 1384 842 1478 869; x_wconf 76' lang='lat' dir='ltr'><strong>corpus</strong></span> <span class='ocrx_word' id='word_1_228' title='bbox 1494 835 1627 868; x_wconf 81' lang='lat' dir='ltr'><strong>occidunt,</strong></span> <span class='ocrx_word' id='word_1_229' title='bbox 1645 835 1766 862; x_wconf 86' lang='lat' dir='ltr'><strong>animam</strong></span> <span class='ocrx_word' id='word_1_230' title='bbox 1791 842 1879 863; x_wconf 75' lang='lat' dir='ltr'><strong>autem</strong></span> 
     </span>
    </p>
   </div>
   <div class='ocr_carea' id='block_1_33' title="bbox 246 878 1879 914">
    <p class='ocr_par' dir='ltr' id='par_1_33' title="bbox 246 878 1879 914">
     <span class='ocr_line' id='line_1_33' title="bbox 246 878 1879 914; baseline 0 -8"><span class='ocrx_word' id='word_1_231' title='bbox 246 887 308 906; x_wconf 84' lang='lat' dir='ltr'><strong>cum</strong></span> <span class='ocrx_word' id='word_1_232' title='bbox 325 878 473 914; x_wconf 85' lang='lat' dir='ltr'><strong>Apostolus</strong></span> <span class='ocrx_word' id='word_1_233' title='bbox 498 879 667 914; x_wconf 81' lang='lat' dir='ltr'><strong>privatorum</strong></span> <span class='ocrx_word' id='word_1_234' title='bbox 697 878 918 906; x_wconf 85' lang='lat' dir='ltr'><strong>Christianorum</strong></span> <span class='ocrx_word' id='word_1_235' title='bbox 937 885 1036 906; x_wconf 84' lang='lat' dir='ltr'><strong>causas</strong></span> <span class='ocrx_word' id='word_1_236' title='bbox 1051 879 1072 907; x_wconf 86' lang='grc' dir='ltr'>Β</span> <span class='ocrx_word' id='word_1_237' title='bbox 1086 886 1137 906; x_wconf 86' lang='lat' dir='ltr'><strong>non</strong></span> <span class='ocrx_word' id='word_1_238' title='bbox 1154 884 1262 914; x_wconf 80' lang='lat' dir='ltr'><strong>possunt</strong></span> <span class='ocrx_word' id='word_1_239' title='bbox 1279 880 1397 907; x_wconf 86' lang='lat' dir='ltr'><strong>occidere</strong></span> <span class='ocrx_word' id='word_1_240' title='bbox 1417 881 1450 907; x_wconf 66' lang='grc'><strong>⁸⁸.</strong></span> <span class='ocrx_word' id='word_1_241' title='bbox 1464 880 1540 913; x_wconf 82' lang='lat' dir='ltr'><strong>Quod</strong></span> <span class='ocrx_word' id='word_1_242' title='bbox 1562 886 1649 906; x_wconf 83' lang='lat' dir='ltr'><strong>autem</strong></span> <span class='ocrx_word' id='word_1_243' title='bbox 1670 881 1698 906; x_wconf 82' lang='lat' dir='ltr'><strong>in</strong></span> <span class='ocrx_word' id='word_1_244' title='bbox 1716 888 1785 906; x_wconf 82' lang='lat' dir='ltr'><strong>aure</strong></span> <span class='ocrx_word' id='word_1_245' title='bbox 1799 881 1879 906; x_wconf 75' lang='lat' dir='ltr'><strong>audi—</strong></span> 
     </span>
    </p>
   </div>
   <div class='ocr_carea' id='block_1_34' title="bbox 245 923 1034 959">
    <p class='ocr_par' dir='ltr' id='par_1_34' title="bbox 245 923 1034 959">
     <span class='ocr_line' id='line_1_34' title="bbox 245 923 1034 959; baseline 0 -7"><span class='ocrx_word' id='word_1_246' title='bbox 245 925 333 959; x_wconf 78' lang='lat' dir='ltr'><strong>magis</strong></span> <span class='ocrx_word' id='word_1_247' title='bbox 344 925 467 952; x_wconf 84' lang='lat' dir='ltr'><strong>ecclesiis</strong></span> <span class='ocrx_word' id='word_1_248' title='bbox 478 924 588 958; x_wconf 77' lang='lat' dir='ltr'><strong>deferri,</strong></span> <span class='ocrx_word' id='word_1_249' title='bbox 609 929 636 952; x_wconf 90' lang='lat' dir='ltr'><strong>ct</strong></span> <span class='ocrx_word' id='word_1_250' title='bbox 647 925 746 953; x_wconf 84' lang='lat' dir='ltr'><strong>ibidem</strong></span> <span class='ocrx_word' id='word_1_251' title='bbox 757 924 920 953; x_wconf 78' lang='lat' dir='ltr'><strong>sacerdotali</strong></span> <span class='ocrx_word' id='word_1_252' title='bbox 931 923 1034 959; x_wconf 81' lang='lat' dir='ltr'><strong>judicio</strong></span> 
     </span>
    </p>
   </div>
   <div class='ocr_carea' id='block_1_35' title="bbox 245 971 533 998">
    <p class='ocr_par' dir='ltr' id='par_1_35' title="bbox 245 971 533 998">
     <span class='ocr_line' id='line_1_35' title="bbox 245 971 533 998; baseline 0.003 -1"><span class='ocrx_word' id='word_1_253' title='bbox 245 971 386 998; x_wconf 82' lang='lat' dir='ltr'><strong>terminari</strong></span> <span class='ocrx_word' id='word_1_254' title='bbox 403 971 486 998; x_wconf 83' lang='lat' dir='ltr'><strong>voluit</strong></span> <span class='ocrx_word' id='word_1_255' title='bbox 500 972 533 998; x_wconf 89' lang='grc'><strong>⁷⁷.</strong></span> 
     </span>
    </p>
   </div>
   <div class='ocr_carea' id='block_1_36' title="bbox 615 1057 660 1084">
    <p class='ocr_par' dir='ltr' id='par_1_36' title="bbox 615 1057 660 1084">
     <span class='ocr_line' id='line_1_36' title="bbox 615 1057 660 1084; baseline 0 0"><span class='ocrx_word' id='word_1_256' title='bbox 615 1057 660 1084; x_wconf 80' lang='grc' dir='ltr'><strong>ιν.</strong></span> 
     </span>
    </p>
   </div>
   <div class='ocr_carea' id='block_1_37' title="bbox 247 1144 1035 1184">
    <p class='ocr_par' dir='ltr' id='par_1_37' title="bbox 247 1144 1035 1184">
     <span class='ocr_line' id='line_1_37' title="bbox 247 1144 1035 1184; baseline -0.006 -8"><span class='ocrx_word' id='word_1_257' title='bbox 247 1149 280 1176; x_wconf 84' lang='lat' dir='ltr'><strong>Ut</strong></span> <span class='ocrx_word' id='word_1_258' title='bbox 296 1156 434 1184; x_wconf 78' lang='lat' dir='ltr'><strong>oppressus</strong></span> <span class='ocrx_word' id='word_1_259' title='bbox 450 1147 747 1184; x_wconf 17' lang='lat' dir='ltr'><strong>judiciorstecularium</strong></span> <span class='ocrx_word' id='word_1_260' title='bbox 773 1146 885 1184; x_wconf 82' lang='lat' dir='ltr'><strong>appellet</strong></span> <span class='ocrx_word' id='word_1_261' title='bbox 901 1144 1035 1184; x_wconf 74' lang='lat' dir='ltr'><strong>judicium</strong></span> 
     </span>
    </p>
   </div>
   <div class='ocr_carea' id='block_1_38' title="bbox 279 1180 1036 1216">
    <p class='ocr_par' dir='ltr' id='par_1_38' title="bbox 279 1180 1036 1216">
     <span class='ocr_line' id='line_1_38' title="bbox 279 1180 1036 1216; baseline -0.005 -6"><span class='ocrx_word' id='word_1_262' title='bbox 279 1180 468 1216; x_wconf 37' lang='lat' dir='ltr'><strong>sacerdotum}</strong></span> <span class='ocrx_word' id='word_1_263' title='bbox 497 1188 521 1210; x_wconf 85' lang='lat' dir='ltr'><strong>et</strong></span> <span class='ocrx_word' id='word_1_264' title='bbox 550 1183 582 1210; x_wconf 84' lang='lat' dir='ltr'><strong>de</strong></span> <span class='ocrx_word' id='word_1_265' title='bbox 603 1182 751 1216; x_wconf 73' lang='lat' dir='ltr'><strong>majoribus</strong></span> <span class='ocrx_word' id='word_1_266' title='bbox 776 1182 865 1208; x_wconf 79' lang='lat' dir='ltr'><strong>causis</strong></span> <span class='ocrx_word' id='word_1_267' title='bbox 891 1181 925 1207; x_wconf 88' lang='lat' dir='ltr'><strong>ad</strong></span> <span class='ocrx_word' id='word_1_268' title='bbox 950 1180 1036 1206; x_wconf 80' lang='lat' dir='ltr'><strong>sedem</strong></span> 
     </span>
    </p>
   </div>
   <div class='ocr_carea' id='block_1_39' title="bbox 280 1218 630 1253">
    <p class='ocr_par' dir='ltr' id='par_1_39' title="bbox 280 1218 630 1253">
     <span class='ocr_line' id='line_1_39' title="bbox 280 1218 630 1253; baseline -0.006 -7"><span class='ocrx_word' id='word_1_269' title='bbox 280 1219 454 1253; x_wconf 83' lang='lat' dir='ltr'><strong>apostolicum</strong></span> <span class='ocrx_word' id='word_1_270' title='bbox 477 1218 630 1252; x_wconf 75' lang='lat' dir='ltr'><strong>referendis.</strong></span> 
     </span>
    </p>
   </div>
   <div class='ocr_carea' id='block_1_40' title="bbox 279 1305 1036 1342">
    <p class='ocr_par' dir='ltr' id='par_1_40' title="bbox 279 1305 1036 1342">
     <span class='ocr_line' id='line_1_40' title="bbox 279 1305 1036 1342; baseline -0.004 -7"><span class='ocrx_word' id='word_1_271' title='bbox 279 1308 302 1325; x_wconf 80' lang='grc'>⁷⁸</span> <span class='ocrx_word' id='word_1_272' title='bbox 317 1308 413 1335; x_wconf 89' lang='lat' dir='ltr'><strong>Omnis</strong></span> <span class='ocrx_word' id='word_1_273' title='bbox 433 1307 506 1334; x_wconf 89' lang='lat' dir='ltr'><strong>enim</strong></span> <span class='ocrx_word' id='word_1_274' title='bbox 530 1315 687 1342; x_wconf 81' lang='lat' dir='ltr'><strong>oppressus,</strong></span> <span class='ocrx_word' id='word_1_275' title='bbox 710 1306 733 1322; x_wconf 86' lang='lat'><strong>&quot;</strong></span> <span class='ocrx_word' id='word_1_276' title='bbox 758 1306 843 1333; x_wconf 87' lang='lat' dir='ltr'><strong>libere</strong></span> <span class='ocrx_word' id='word_1_277' title='bbox 864 1305 1036 1332; x_wconf 86' lang='lat' dir='ltr'><strong>sacerdotum</strong></span> 
     </span>
    </p>
   </div>
   <div class='ocr_carea' id='block_1_41' title="bbox 245 1350 1036 1389">
    <p class='ocr_par' dir='ltr' id='par_1_41' title="bbox 245 1350 1036 1389">
     <span class='ocr_line' id='line_1_41' title="bbox 245 1350 1036 1389; baseline -0.005 -8"><span class='ocrx_word' id='word_1_278' title='bbox 245 1354 280 1389; x_wconf 87' lang='lat' dir='ltr'><strong>(si</strong></span> <span class='ocrx_word' id='word_1_279' title='bbox 299 1353 428 1386; x_wconf 84' lang='lat' dir='ltr'><strong>voluerit)</strong></span> <span class='ocrx_word' id='word_1_280' title='bbox 445 1353 561 1387; x_wconf 81' lang='lat' dir='ltr'><strong>appellet</strong></span> <span class='ocrx_word' id='word_1_281' title='bbox 572 1351 718 1386; x_wconf 84' lang='lat' dir='ltr'><strong>judicium,</strong></span> <span class='ocrx_word' id='word_1_282' title='bbox 735 1356 762 1378; x_wconf 88' lang='lat' dir='ltr'><strong>et</strong></span> <span class='ocrx_word' id='word_1_283' title='bbox 779 1351 878 1378; x_wconf 91' lang='lat' dir='ltr'><strong>annllo</strong></span> <span class='ocrx_word' id='word_1_284' title='bbox 889 1350 1036 1386; x_wconf 82' lang='lat' dir='ltr'><strong>prohibea-</strong></span> 
     </span>
    </p>
   </div>
   <div class='ocr_carea' id='block_1_42' title="bbox 245 1396 1038 1433">
    <p class='ocr_par' dir='ltr' id='par_1_42' title="bbox 245 1396 1038 1433">
     <span class='ocr_line' id='line_1_42' title="bbox 245 1396 1038 1433; baseline -0.005 -6"><span class='ocrx_word' id='word_1_285' title='bbox 245 1405 300 1433; x_wconf 84' lang='lat' dir='ltr'><strong>tur,</strong></span> <span class='ocrx_word' id='word_1_286' title='bbox 313 1399 359 1426; x_wconf 88' lang='lat' dir='ltr'><strong>sed</strong></span> <span class='ocrx_word' id='word_1_287' title='bbox 373 1399 463 1426; x_wconf 88' lang='lat' dir='ltr'><strong>abhis</strong></span> <span class='ocrx_word' id='word_1_288' title='bbox 479 1397 607 1425; x_wconf 87' lang='lat' dir='ltr'><strong>fulciatur</strong></span> <span class='ocrx_word' id='word_1_289' title='bbox 623 1403 649 1425; x_wconf 90' lang='lat' dir='ltr'><strong>et</strong></span> <span class='ocrx_word' id='word_1_290' title='bbox 668 1397 806 1425; x_wconf 81' lang='lat' dir='ltr'><strong>liberetur.</strong></span> <span class='ocrx_word' id='word_1_291' title='bbox 822 1396 851 1424; x_wconf 89' lang='lat' dir='ltr'><strong>Si</strong></span> <span class='ocrx_word' id='word_1_292' title='bbox 865 1401 955 1424; x_wconf 90' lang='lat' dir='ltr'><strong>autem</strong></span> <span class='ocrx_word' id='word_1_293' title='bbox 972 1396 1038 1424; x_wconf 82' lang='lat' dir='ltr'><strong>difﬁ-</strong></span> 
     </span>
    </p>
   </div>
   <div class='ocr_carea' id='block_1_43' title="bbox 245 1442 1037 1478">
    <p class='ocr_par' dir='ltr' id='par_1_43' title="bbox 245 1442 1037 1478">
     <span class='ocr_line' id='line_1_43' title="bbox 245 1442 1037 1478; baseline -0.004 -6"><span class='ocrx_word' id='word_1_294' title='bbox 245 1445 310 1472; x_wconf 90' lang='lat' dir='ltr'><strong>ciles</strong></span> <span class='ocrx_word' id='word_1_295' title='bbox 334 1452 434 1476; x_wconf 67' lang='lat' dir='ltr'><strong>causaa,</strong></span> <span class='ocrx_word' id='word_1_296' title='bbox 451 1448 498 1471; x_wconf 87' lang='lat' dir='ltr'><strong>aut</strong></span> <span class='ocrx_word' id='word_1_297' title='bbox 518 1443 623 1478; x_wconf 84' lang='lat' dir='ltr'><strong>majora</strong></span> <span class='ocrx_word' id='word_1_298' title='bbox 649 1443 757 1478; x_wconf 78' lang='lat' dir='ltr'><strong>negotia</strong></span> <span class='ocrx_word' id='word_1_299' title='bbox 782 1447 841 1470; x_wconf 89' lang='lat' dir='ltr'><strong>orta</strong></span> <span class='ocrx_word' id='word_1_300' title='bbox 866 1442 977 1474; x_wconf 85' lang='lat' dir='ltr'><strong>fuerint,</strong></span> <span class='ocrx_word' id='word_1_301' title='bbox 1003 1442 1037 1470; x_wconf 84' lang='lat' dir='ltr'><strong>ad</strong></span> 
     </span>
    </p>
   </div>
   <div class='ocr_carea' id='block_1_44' title="bbox 245 1488 1037 1526">
    <p class='ocr_par' dir='ltr' id='par_1_44' title="bbox 245 1488 1037 1526">
     <span class='ocr_line' id='line_1_44' title="bbox 245 1488 1037 1526; baseline -0.003 -8"><span class='ocrx_word' id='word_1_302' title='bbox 245 1491 378 1526; x_wconf 84' lang='lat' dir='ltr'><strong>majorem</strong></span> <span class='ocrx_word' id='word_1_303' title='bbox 404 1489 496 1518; x_wconf 90' lang='lat' dir='ltr'><strong>sedem</strong></span> <span class='ocrx_word' id='word_1_304' title='bbox 521 1489 685 1517; x_wconf 88' lang='lat' dir='ltr'><strong>referantur.</strong></span> <span class='ocrx_word' id='word_1_305' title='bbox 709 1489 741 1516; x_wconf 85' lang='lat' dir='ltr'><strong>Et</strong></span> <span class='ocrx_word' id='word_1_306' title='bbox 763 1489 787 1516; x_wconf 91' lang='lat' dir='ltr'><strong>si</strong></span> <span class='ocrx_word' id='word_1_307' title='bbox 808 1489 862 1516; x_wconf 86' lang='lat' dir='ltr'><strong>illic</strong></span> <span class='ocrx_word' id='word_1_308' title='bbox 887 1488 966 1516; x_wconf 81' lang='lat' dir='ltr'><strong>facile</strong></span> <span class='ocrx_word' id='word_1_309' title='bbox 980 1488 1037 1516; x_wconf 90' lang='lat' dir='ltr'><strong>dis-</strong></span> 
     </span>
    </p>
   </div>
   <div class='ocr_carea' id='block_1_45' title="bbox 246 1534 1038 1572">
    <p class='ocr_par' dir='ltr' id='par_1_45' title="bbox 246 1534 1038 1572">
     <span class='ocr_line' id='line_1_45' title="bbox 246 1534 1038 1572; baseline -0.004 -8"><span class='ocrx_word' id='word_1_310' title='bbox 246 1537 318 1566; x_wconf 85' lang='lat' dir='ltr'><strong>cerni</strong></span> <span class='ocrx_word' id='word_1_311' title='bbox 333 1545 388 1564; x_wconf 89' lang='lat' dir='ltr'><strong>non</strong></span> <span class='ocrx_word' id='word_1_312' title='bbox 411 1541 550 1572; x_wconf 88' lang='lat' dir='ltr'><strong>poterunt,</strong></span> <span class='ocrx_word' id='word_1_313' title='bbox 571 1541 617 1563; x_wconf 87' lang='lat' dir='ltr'><strong>aut</strong></span> <span class='ocrx_word' id='word_1_314' title='bbox 635 1536 709 1571; x_wconf 88' lang='lat' dir='ltr'><strong>juste</strong></span> <span class='ocrx_word' id='word_1_315' title='bbox 725 1535 878 1568; x_wconf 79' lang='lat' dir='ltr'><strong>terminari,</strong></span> <span class='ocrx_word' id='word_1_316' title='bbox 892 1535 937 1562; x_wconf 90' lang='lat' dir='ltr'><strong>ubi</strong></span> <span class='ocrx_word' id='word_1_317' title='bbox 955 1534 1038 1562; x_wconf 89' lang='lat' dir='ltr'><strong>fuerit</strong></span> 
     </span>
    </p>
   </div>
   <div class='ocr_carea' id='block_1_46' title="bbox 246 1581 1037 1618">
    <p class='ocr_par' dir='ltr' id='par_1_46' title="bbox 246 1581 1037 1618">
     <span class='ocr_line' id='line_1_46' title="bbox 246 1581 1037 1618; baseline -0.004 -8"><span class='ocrx_word' id='word_1_318' title='bbox 246 1591 416 1610; x_wconf 89' lang='lat' dir='ltr'><strong>summorum</strong></span> <span class='ocrx_word' id='word_1_319' title='bbox 439 1587 602 1618; x_wconf 80' lang='lat' dir='ltr'><strong>congregata</strong></span> <span class='ocrx_word' id='word_1_320' title='bbox 628 1582 802 1616; x_wconf 78' lang='lat' dir='ltr'><strong>congregatio</strong></span> <span class='ocrx_word' id='word_1_321' title='bbox 816 1602 823 1614; x_wconf 95' lang='lat'><strong>,</strong></span> <span class='ocrx_word' id='word_1_322' title='bbox 844 1589 904 1616; x_wconf 71' lang='lat' dir='ltr'><strong>quae</strong></span> <span class='ocrx_word' id='word_1_323' title='bbox 918 1589 965 1616; x_wconf 87' lang='lat' dir='ltr'><strong>per</strong></span> <span class='ocrx_word' id='word_1_324' title='bbox 979 1581 1037 1608; x_wconf 89' lang='lat' dir='ltr'><strong>sin-</strong></span> 
     </span>
    </p>
   </div>
   <div class='ocr_carea' id='block_1_47' title="bbox 246 1627 1037 1664">
    <p class='ocr_par' dir='ltr' id='par_1_47' title="bbox 246 1627 1037 1664">
     <span class='ocr_line' id='line_1_47' title="bbox 246 1627 1037 1664; baseline -0.003 -8"><span class='ocrx_word' id='word_1_325' title='bbox 246 1629 324 1664; x_wconf 87' lang='lat' dir='ltr'><strong>gulos</strong></span> <span class='ocrx_word' id='word_1_326' title='bbox 342 1636 428 1656; x_wconf 87' lang='lat' dir='ltr'><strong>annos</strong></span> <span class='ocrx_word' id='word_1_327' title='bbox 449 1629 492 1655; x_wconf 91' lang='lat' dir='ltr'><strong>bis</strong></span> <span class='ocrx_word' id='word_1_328' title='bbox 519 1628 577 1655; x_wconf 84' lang='lat' dir='ltr'><strong>fieri</strong></span> <span class='ocrx_word' id='word_1_329' title='bbox 604 1628 674 1656; x_wconf 89' lang='lat' dir='ltr'><strong>solet</strong></span> <span class='ocrx_word' id='word_1_330' title='bbox 697 1628 745 1662; x_wconf 88' lang='lat'><strong>(9),</strong></span> <span class='ocrx_word' id='word_1_331' title='bbox 767 1632 794 1655; x_wconf 92' lang='lat' dir='ltr'><strong>et</strong></span> <span class='ocrx_word' id='word_1_332' title='bbox 813 1628 908 1660; x_wconf 87' lang='lat' dir='ltr'><strong>debet;</strong></span> <span class='ocrx_word' id='word_1_333' title='bbox 925 1627 999 1662; x_wconf 88' lang='lat' dir='ltr'><strong>juste</strong></span> <span class='ocrx_word' id='word_1_334' title='bbox 1009 1632 1037 1654; x_wconf 85' lang='lat' dir='ltr'><strong>et</strong></span> 
     </span>
    </p>
   </div>
   <div class='ocr_carea' id='block_1_48' title="bbox 247 1673 1036 1708">
    <p class='ocr_par' dir='ltr' id='par_1_48' title="bbox 247 1673 1036 1708">
     <span class='ocr_line' id='line_1_48' title="bbox 247 1673 1036 1708; baseline 0 -9"><span class='ocrx_word' id='word_1_335' title='bbox 247 1673 302 1701; x_wconf 88' lang='lat' dir='ltr'><strong>Deo</strong></span> <span class='ocrx_word' id='word_1_336' title='bbox 321 1674 419 1708; x_wconf 79' lang='lat' dir='ltr'><strong>placito</strong></span> <span class='ocrx_word' id='word_1_337' title='bbox 435 1681 527 1700; x_wconf 88' lang='lat' dir='ltr'><strong>coram</strong></span> <span class='ocrx_word' id='word_1_338' title='bbox 543 1674 697 1708; x_wconf 89' lang='lat' dir='ltr'><strong>patriarcha</strong></span> <span class='ocrx_word' id='word_1_339' title='bbox 719 1678 765 1700; x_wconf 88' lang='lat' dir='ltr'><strong>aut</strong></span> <span class='ocrx_word' id='word_1_340' title='bbox 780 1674 894 1708; x_wconf 83' lang='lat' dir='ltr'><strong>primate</strong></span> <span class='ocrx_word' id='word_1_341' title='bbox 907 1673 1036 1700; x_wconf 86' lang='lat' dir='ltr'><strong>ecclesia-</strong></span> 
     </span>
    </p>
   </div>
   <div class='ocr_carea' id='block_1_49' title="bbox 250 1718 1037 1754">
    <p class='ocr_par' dir='ltr' id='par_1_49' title="bbox 250 1718 1037 1754">
     <span class='ocr_line' id='line_1_49' title="bbox 250 1718 1037 1754; baseline -0.004 -7"><span class='ocrx_word' id='word_1_342' title='bbox 250 1720 325 1752; x_wconf 70' lang='lat' dir='ltr'><strong>stico,</strong></span> <span class='ocrx_word' id='word_1_343' title='bbox 351 1724 378 1747; x_wconf 89' lang='lat' dir='ltr'><strong>et</strong></span> <span class='ocrx_word' id='word_1_344' title='bbox 403 1727 496 1747; x_wconf 90' lang='lat' dir='ltr'><strong>coram</strong></span> <span class='ocrx_word' id='word_1_345' title='bbox 517 1719 632 1754; x_wconf 86' lang='lat' dir='ltr'><strong>patricio</strong></span> <span class='ocrx_word' id='word_1_346' title='bbox 647 1720 669 1735; x_wconf 79' lang='grc'><strong>⁸⁸</strong></span> <span class='ocrx_word' id='word_1_347' title='bbox 693 1719 815 1747; x_wconf 69' lang='lat' dir='ltr'><strong>smculari</strong></span> <span class='ocrx_word' id='word_1_348' title='bbox 835 1719 856 1734; x_wconf 78' lang='grc'>⁸¹</span> <span class='ocrx_word' id='word_1_349' title='bbox 878 1718 1037 1754; x_wconf 89' lang='lat' dir='ltr'><strong>judicentur</strong></span> 
     </span>
    </p>
   </div>
   <div class='ocr_carea' id='block_1_50' title="bbox 247 1761 1036 1800">
    <p class='ocr_par' dir='ltr' id='par_1_50' title="bbox 247 1761 1036 1800">
     <span class='ocr_line' id='line_1_50' title="bbox 247 1761 1036 1800; baseline 0 -10"><span class='ocrx_word' id='word_1_350' title='bbox 247 1764 355 1800; x_wconf 79' lang='lat' dir='ltr'><strong>negotia</strong></span> <span class='ocrx_word' id='word_1_351' title='bbox 370 1764 397 1791; x_wconf 94' lang='lat' dir='ltr'><strong>in</strong></span> <span class='ocrx_word' id='word_1_352' title='bbox 408 1772 564 1792; x_wconf 89' lang='lat' dir='ltr'><strong>commune.</strong></span> <span class='ocrx_word' id='word_1_353' title='bbox 582 1764 660 1797; x_wconf 82' lang='lat' dir='ltr'><strong>Quod</strong></span> <span class='ocrx_word' id='word_1_354' title='bbox 679 1764 702 1791; x_wconf 88' lang='lat' dir='ltr'><strong>si</strong></span> <span class='ocrx_word' id='word_1_355' title='bbox 716 1764 881 1791; x_wconf 88' lang='lat' dir='ltr'><strong>ditlieiliores</strong></span> <span class='ocrx_word' id='word_1_356' title='bbox 898 1768 965 1791; x_wconf 55' lang='lat' dir='ltr'><strong>ortae</strong></span> <span class='ocrx_word' id='word_1_357' title='bbox 976 1761 1036 1790; x_wconf 88' lang='lat' dir='ltr'><strong>fue-</strong></span> 
     </span>
    </p>
   </div>
   <div class='ocr_carea' id='block_1_51' title="bbox 281 1897 1060 1933">
    <p class='ocr_par' dir='ltr' id='par_1_51' title="bbox 281 1897 1060 1933">
     <span class='ocr_line' id='line_1_51' title="bbox 281 1897 1060 1933; baseline -0.003 -7"><span class='ocrx_word' id='word_1_358' title='bbox 281 1899 305 1915; x_wconf 90' lang='grc'>⁷³</span> <span class='ocrx_word' id='word_1_359' title='bbox 325 1899 423 1926; x_wconf 85' lang='lat' dir='ltr'><strong>Cenes.</strong></span> <span class='ocrx_word' id='word_1_360' title='bbox 447 1906 511 1931; x_wconf 60' lang='grc' dir='ltr'>ιιι,</span> <span class='ocrx_word' id='word_1_361' title='bbox 536 1898 564 1925; x_wconf 83' lang='grc'><strong>9.</strong></span> <span class='ocrx_word' id='word_1_362' title='bbox 620 1899 700 1930; x_wconf 73' lang='lat' dir='ltr'><strong>&quot;in,</strong></span> <span class='ocrx_word' id='word_1_363' title='bbox 721 1902 816 1932; x_wconf 61' lang='lat' dir='ltr'><strong>quaest.</strong></span> <span class='ocrx_word' id='word_1_364' title='bbox 833 1897 869 1930; x_wconf 85' lang='lat'><strong>6,</strong></span> <span class='ocrx_word' id='word_1_365' title='bbox 892 1897 1060 1933; x_wconf 69' lang='lat' dir='ltr'><strong>Unaquaeque</strong></span> 
     </span>
    </p>
   </div>
   <div class='ocr_carea' id='block_1_52' title="bbox 251 1933 1046 1969">
    <p class='ocr_par' dir='ltr' id='par_1_52' title="bbox 251 1933 1046 1969">
     <span class='ocr_line' id='line_1_52' title="bbox 251 1933 1046 1969; baseline -0.003 -8"><span class='ocrx_word' id='word_1_366' title='bbox 251 1936 273 1967; x_wconf 82' lang='lat'><strong>2,</strong></span> <span class='ocrx_word' id='word_1_367' title='bbox 286 1943 315 1968; x_wconf 88' lang='lat' dir='ltr'><strong>q.</strong></span> <span class='ocrx_word' id='word_1_368' title='bbox 330 1935 354 1961; x_wconf 83' lang='lat'><strong>6.</strong></span> <span class='ocrx_word' id='word_1_369' title='bbox 395 1935 417 1949; x_wconf 85' lang='grc'>⁷⁶</span> <span class='ocrx_word' id='word_1_370' title='bbox 425 1934 510 1961; x_wconf 85' lang='lat' dir='ltr'><strong>Cone.</strong></span> <span class='ocrx_word' id='word_1_371' title='bbox 521 1934 650 1969; x_wconf 77' lang='lat' dir='ltr'><strong>Carthag.</strong></span> <span class='ocrx_word' id='word_1_372' title='bbox 671 1943 696 1960; x_wconf 81' lang='lat' dir='ltr'><strong>XI</strong></span> <span class='ocrx_word' id='word_1_373' title='bbox 709 1955 716 1966; x_wconf 82' lang='lat'><strong>,</strong></span> <span class='ocrx_word' id='word_1_374' title='bbox 735 1935 774 1960; x_wconf 80' lang='grc' dir='ltr'><strong>ιο.</strong></span> <span class='ocrx_word' id='word_1_375' title='bbox 811 1933 851 1969; x_wconf 79' lang='lat' dir='ltr'><strong>&quot;l</strong></span> <span class='ocrx_word' id='word_1_376' title='bbox 871 1933 998 1969; x_wconf 56' lang='lat' dir='ltr'><strong>Corinth.</strong></span> <span class='ocrx_word' id='word_1_377' title='bbox 1009 1941 1046 1969; x_wconf 86' lang='lat' dir='ltr'><strong>vl.</strong></span> 
     </span>
    </p>
   </div>
   <div class='ocr_carea' id='block_1_53' title="bbox 247 1968 901 2002">
    <p class='ocr_par' dir='ltr' id='par_1_53' title="bbox 247 1968 901 2002">
     <span class='ocr_line' id='line_1_53' title="bbox 247 1968 901 2002; baseline -0.003 -6"><span class='ocrx_word' id='word_1_378' title='bbox 247 1971 289 1996; x_wconf 87' lang='lat' dir='ltr'><strong>tit.</strong></span> <span class='ocrx_word' id='word_1_379' title='bbox 303 1970 438 2002; x_wconf 62' lang='lat' dir='ltr'><strong>b,c0nst.</strong></span> <span class='ocrx_word' id='word_1_380' title='bbox 455 1969 470 1996; x_wconf 88' lang='lat'>8</span> <span class='ocrx_word' id='word_1_381' title='bbox 509 1974 536 1996; x_wconf 87' lang='lat' dir='ltr'><strong>et</strong></span> <span class='ocrx_word' id='word_1_382' title='bbox 554 1970 580 1996; x_wconf 82' lang='grc'><strong>9.</strong></span> <span class='ocrx_word' id='word_1_383' title='bbox 610 1968 695 1996; x_wconf 77' lang='lat' dir='ltr'><strong>Cone.</strong></span> <span class='ocrx_word' id='word_1_384' title='bbox 719 1969 813 1995; x_wconf 86' lang='lat' dir='ltr'><strong>Colon.</strong></span> <span class='ocrx_word' id='word_1_385' title='bbox 839 1968 901 1995; x_wconf 76' lang='lat'><strong>887.</strong></span> 
     </span>
    </p>
   </div>
   <div class='ocr_carea' id='block_1_54' title="bbox 247 2004 787 2040">
    <p class='ocr_par' dir='ltr' id='par_1_54' title="bbox 247 2004 787 2040">
     <span class='ocr_line' id='line_1_54' title="bbox 247 2004 787 2040; baseline -0.002 -9"><span class='ocrx_word' id='word_1_386' title='bbox 247 2005 358 2040; x_wconf 74' lang='lat' dir='ltr'><strong>prwside</strong></span> <span class='ocrx_word' id='word_1_387' title='bbox 373 2005 491 2040; x_wconf 57' lang='lat' dir='ltr'><strong>reponit.</strong></span> <span class='ocrx_word' id='word_1_388' title='bbox 529 2005 549 2019; x_wconf 76' lang='grc'><strong>⁸³</strong></span> <span class='ocrx_word' id='word_1_389' title='bbox 565 2012 615 2040; x_wconf 85' lang='lat' dir='ltr'><strong>ms.</strong></span> <span class='ocrx_word' id='word_1_390' title='bbox 634 2004 787 2030; x_wconf 79' lang='lat' dir='ltr'><strong>sa&#39;culuria.</strong></span> 
     </span>
    </p>
   </div>
   <div class='ocr_carea' id='block_1_55' title="bbox 252 2039 812 2071">
    <p class='ocr_par' dir='ltr' id='par_1_55' title="bbox 252 2039 812 2071">
     <span class='ocr_line' id='line_1_55' title="bbox 252 2039 812 2071; baseline 0 -5"><span class='ocrx_word' id='word_1_391' title='bbox 252 2040 372 2066; x_wconf 73' lang='lat' dir='ltr'><strong>u‘lllatth.</strong></span> <span class='ocrx_word' id='word_1_392' title='bbox 403 2048 436 2071; x_wconf 66' lang='grc' dir='ltr'>ι,</span> <span class='ocrx_word' id='word_1_393' title='bbox 461 2039 506 2066; x_wconf 68' lang='lat'><strong>28.</strong></span> <span class='ocrx_word' id='word_1_394' title='bbox 545 2040 568 2054; x_wconf 73' lang='grc'>⁸⁸</span> <span class='ocrx_word' id='word_1_395' title='bbox 580 2039 600 2066; x_wconf 90' lang='lat' dir='ltr'><strong>ll</strong></span> <span class='ocrx_word' id='word_1_396' title='bbox 615 2040 679 2066; x_wconf 86' lang='lat' dir='ltr'><strong>Cor.</strong></span> <span class='ocrx_word' id='word_1_397' title='bbox 709 2048 735 2070; x_wconf 67' lang='grc' dir='ltr'><strong>χ,</strong></span> <span class='ocrx_word' id='word_1_398' title='bbox 753 2039 812 2066; x_wconf 83' lang='grc'><strong>5-5.</strong></span> 
     </span>
    </p>
   </div>
   <div class='ocr_carea' id='block_1_56' title="bbox 1050 1559 1071 1587">
    <p class='ocr_par' dir='ltr' id='par_1_56' title="bbox 1050 1559 1071 1587">
     <span class='ocr_line' id='line_1_56' title="bbox 1050 1559 1071 1587; baseline 0 0"><span class='ocrx_word' id='word_1_399' title='bbox 1050 1559 1071 1587; x_wconf 90' lang='lat' dir='ltr'><strong>C</strong></span> 
     </span>
    </p>
   </div>
   <div class='ocr_carea' id='block_1_57' title="bbox 827 2003 1089 2030">
    <p class='ocr_par' dir='ltr' id='par_1_57' title="bbox 827 2003 1089 2030">
     <span class='ocr_line' id='line_1_57' title="bbox 827 2003 1089 2030; baseline 0 0"><span class='ocrx_word' id='word_1_400' title='bbox 827 2003 849 2019; x_wconf 63' lang='grc' dir='ltr'><strong>η’</strong></span> <span class='ocrx_word' id='word_1_401' title='bbox 870 2005 963 2030; x_wconf 89' lang='lat' dir='ltr'><strong>lnnoc.</strong></span> <span class='ocrx_word' id='word_1_402' title='bbox 989 2003 1017 2030; x_wconf 85' lang='grc' dir='ltr'><strong>Ι.</strong></span> <span class='ocrx_word' id='word_1_403' title='bbox 1044 2011 1089 2030; x_wconf 83' lang='lat' dir='ltr'><strong>ea.</strong></span> 
     </span>
    </p>
   </div>
   <div class='ocr_carea' id='block_1_58' title="bbox 847 2005 1881 2073">
    <p class='ocr_par' dir='ltr' id='par_1_58' title="bbox 847 2005 1881 2073">
     <span class='ocr_line' id='line_1_58' title="bbox 847 2005 1880 2037; baseline -0.006 -6"><span class='ocrx_word' id='word_1_404' title='bbox 847 2006 849 2019; x_wconf 71' lang='lat'>&quot;</span> <span class='ocrx_word' id='word_1_405' title='bbox 870 2005 963 2031; x_wconf 89' lang='lat' dir='ltr'><strong>lnnoc.</strong></span> <span class='ocrx_word' id='word_1_406' title='bbox 989 2005 1017 2033; x_wconf 87' lang='grc'><strong>1,</strong></span> <span class='ocrx_word' id='word_1_407' title='bbox 1044 2011 1089 2037; x_wconf 89' lang='lat' dir='ltr'><strong>ep.</strong></span> <span class='ocrx_word' id='word_1_408' title='bbox 1115 2011 1153 2032; x_wconf 70' lang='lat' dir='ltr'><strong>st.</strong></span> <span class='ocrx_word' id='word_1_409' title='bbox 1178 2011 1238 2036; x_wconf 73' lang='lat' dir='ltr'><strong>t-ap.</strong></span> <span class='ocrx_word' id='word_1_410' title='bbox 1258 2005 1284 2028; x_wconf 78' lang='grc'><strong>5.</strong></span> <span class='ocrx_word' id='word_1_411' title='bbox 1325 2005 1348 2016; x_wconf 72' lang='grc'><strong>⁸³</strong></span> <span class='ocrx_word' id='word_1_412' title='bbox 1360 2005 1454 2027; x_wconf 84' lang='lat' dir='ltr'><strong>Matth.</strong></span> <span class='ocrx_word' id='word_1_413' title='bbox 1479 2008 1543 2031; x_wconf 70' lang='lat' dir='ltr'><strong>nt,</strong></span> <span class='ocrx_word' id='word_1_414' title='bbox 1560 2005 1603 2027; x_wconf 72' lang='grc' dir='ltr'><strong>ιδ.</strong></span> <span class='ocrx_word' id='word_1_415' title='bbox 1657 2005 1681 2014; x_wconf 76' lang='grc'><strong>⁵⁸</strong></span> <span class='ocrx_word' id='word_1_416' title='bbox 1702 2005 1772 2026; x_wconf 82' lang='lat' dir='ltr'><strong>Luc.</strong></span> <span class='ocrx_word' id='word_1_417' title='bbox 1795 2005 1880 2031; x_wconf 68' lang='lat' dir='ltr'><strong>xn,s.</strong></span> 
     </span>
     <span class='ocr_line' id='line_1_59' title="bbox 847 2034 1881 2073; baseline -0.004 -8"><span class='ocrx_word' id='word_1_418' title='bbox 847 2039 868 2054; x_wconf 78' lang='grc'>³⁷</span> <span class='ocrx_word' id='word_1_419' title='bbox 881 2038 980 2073; x_wconf 79' lang='lat' dir='ltr'><strong>Ephes.</strong></span> <span class='ocrx_word' id='word_1_420' title='bbox 1002 2047 1046 2070; x_wconf 75' lang='lat' dir='ltr'><strong>v1,</strong></span> <span class='ocrx_word' id='word_1_421' title='bbox 1068 2038 1110 2064; x_wconf 80' lang='grc'><strong>10.</strong></span> <span class='ocrx_word' id='word_1_422' title='bbox 1149 2038 1227 2064; x_wconf 65' lang='lat' dir='ltr'><strong>&quot;lla:</strong></span> <span class='ocrx_word' id='word_1_423' title='bbox 1270 2037 1430 2073; x_wconf 75' lang='lat' dir='ltr'><strong>similesque</strong></span> <span class='ocrx_word' id='word_1_424' title='bbox 1450 2036 1552 2073; x_wconf 77' lang='lat' dir='ltr'><strong>passim</strong></span> <span class='ocrx_word' id='word_1_425' title='bbox 1566 2039 1762 2073; x_wconf 67' lang='grc' dir='ltr'><strong>⁸οεοιιιϊθιιιεε</strong></span> <span class='ocrx_word' id='word_1_426' title='bbox 1780 2034 1881 2062; x_wconf 65' lang='lat' dir='ltr'><strong>lacinia:</strong></span> 
     </span>
    </p>
   </div>
   <div class='ocr_carea' id='block_1_59' title="bbox 1088 925 1878 962">
    <p class='ocr_par' dir='ltr' id='par_1_59' title="bbox 1088 925 1878 962">
     <span class='ocr_line' id='line_1_60' title="bbox 1088 925 1878 962; baseline 0.001 -10"><span class='ocrx_word' id='word_1_427' title='bbox 1088 925 1132 958; x_wconf 84' lang='lat' dir='ltr'><strong>tis,</strong></span> <span class='ocrx_word' id='word_1_428' title='bbox 1147 926 1290 960; x_wconf 64' lang='lat' dir='ltr'><strong>praedicare</strong></span> <span class='ocrx_word' id='word_1_429' title='bbox 1306 927 1333 953; x_wconf 89' lang='lat' dir='ltr'><strong>in</strong></span> <span class='ocrx_word' id='word_1_430' title='bbox 1347 926 1463 959; x_wconf 83' lang='lat' dir='ltr'><strong>lumine,</strong></span> <span class='ocrx_word' id='word_1_431' title='bbox 1486 926 1563 954; x_wconf 88' lang='lat' dir='ltr'><strong>illum</strong></span> <span class='ocrx_word' id='word_1_432' title='bbox 1586 927 1706 954; x_wconf 82' lang='lat' dir='ltr'><strong>timentes</strong></span> <span class='ocrx_word' id='word_1_433' title='bbox 1728 928 1778 962; x_wconf 86' lang='lat' dir='ltr'><strong>qui</strong></span> <span class='ocrx_word' id='word_1_434' title='bbox 1793 932 1878 962; x_wconf 80' lang='lat' dir='ltr'><strong>potest</strong></span> 
     </span>
    </p>
   </div>
   <div class='ocr_carea' id='block_1_60' title="bbox 1088 973 1879 1009">
    <p class='ocr_par' dir='ltr' id='par_1_60' title="bbox 1088 973 1879 1009">
     <span class='ocr_line' id='line_1_61' title="bbox 1088 973 1879 1009; baseline 0.003 -11"><span class='ocrx_word' id='word_1_435' title='bbox 1088 973 1207 999; x_wconf 88' lang='lat' dir='ltr'><strong>animam</strong></span> <span class='ocrx_word' id='word_1_436' title='bbox 1232 977 1257 999; x_wconf 83' lang='lat' dir='ltr'><strong>et</strong></span> <span class='ocrx_word' id='word_1_437' title='bbox 1288 980 1383 1008; x_wconf 77' lang='lat' dir='ltr'><strong>corpus</strong></span> <span class='ocrx_word' id='word_1_438' title='bbox 1409 973 1526 1000; x_wconf 87' lang='lat' dir='ltr'><strong>occidere</strong></span> <span class='ocrx_word' id='word_1_439' title='bbox 1550 978 1575 1000; x_wconf 87' lang='lat' dir='ltr'><strong>et</strong></span> <span class='ocrx_word' id='word_1_440' title='bbox 1600 974 1702 1001; x_wconf 84' lang='lat' dir='ltr'><strong>mittere</strong></span> <span class='ocrx_word' id='word_1_441' title='bbox 1725 973 1755 1000; x_wconf 89' lang='lat' dir='ltr'><strong>in</strong></span> <span class='ocrx_word' id='word_1_442' title='bbox 1783 974 1879 1009; x_wconf 76' lang='lat' dir='ltr'><strong>gehen-</strong></span> 
     </span>
    </p>
   </div>
   <div class='ocr_carea' id='block_1_61' title="bbox 1088 1018 1880 1051">
    <p class='ocr_par' dir='ltr' id='par_1_61' title="bbox 1088 1018 1880 1051">
     <span class='ocr_line' id='line_1_62' title="bbox 1088 1018 1880 1051; baseline 0 -5"><span class='ocrx_word' id='word_1_443' title='bbox 1088 1028 1150 1047; x_wconf 87' lang='lat' dir='ltr'><strong>nam</strong></span> <span class='ocrx_word' id='word_1_444' title='bbox 1163 1019 1196 1046; x_wconf 78' lang='grc'><strong>⁸⁸.</strong></span> <span class='ocrx_word' id='word_1_445' title='bbox 1216 1018 1326 1046; x_wconf 80' lang='lat' dir='ltr'><strong>Fratres</strong></span> <span class='ocrx_word' id='word_1_446' title='bbox 1348 1019 1409 1051; x_wconf 81' lang='lat' dir='ltr'><strong>mei,</strong></span> <span class='ocrx_word' id='word_1_447' title='bbox 1430 1019 1457 1046; x_wconf 80' lang='lat' dir='ltr'><strong>in</strong></span> <span class='ocrx_word' id='word_1_448' title='bbox 1472 1027 1550 1046; x_wconf 85' lang='lat' dir='ltr'><strong>carne</strong></span> <span class='ocrx_word' id='word_1_449' title='bbox 1569 1019 1750 1051; x_wconf 77' lang='lat' dir='ltr'><strong>ambulantes,</strong></span> <span class='ocrx_word' id='word_1_450' title='bbox 1767 1028 1822 1046; x_wconf 86' lang='lat' dir='ltr'><strong>non</strong></span> <span class='ocrx_word' id='word_1_451' title='bbox 1841 1028 1880 1047; x_wconf 79' lang='lat' dir='ltr'><strong>se-</strong></span> 
     </span>
    </p>
   </div>
   <div class='ocr_carea' id='block_1_62' title="bbox 1085 1061 1880 1091">
    <p class='ocr_par' dir='ltr' id='par_1_62' title="bbox 1085 1061 1880 1091">
     <span class='ocr_line' id='line_1_63' title="bbox 1085 1061 1880 1091; baseline 0.001 -3"><span class='ocrx_word' id='word_1_452' title='bbox 1085 1061 1201 1088; x_wconf 86' lang='lat' dir='ltr'><strong>cundum</strong></span> <span class='ocrx_word' id='word_1_453' title='bbox 1223 1070 1330 1088; x_wconf 71' lang='lat' dir='ltr'><strong>carnem</strong></span> <span class='ocrx_word' id='word_1_454' title='bbox 1351 1062 1509 1091; x_wconf 78' lang='lat' dir='ltr'><strong>militamus.</strong></span> <span class='ocrx_word' id='word_1_455' title='bbox 1524 1062 1606 1089; x_wconf 84' lang='lat' dir='ltr'><strong>Arma</strong></span> <span class='ocrx_word' id='word_1_456' title='bbox 1623 1063 1693 1089; x_wconf 86' lang='lat' dir='ltr'><strong>enim</strong></span> <span class='ocrx_word' id='word_1_457' title='bbox 1711 1063 1822 1090; x_wconf 67' lang='lat' dir='ltr'><strong>militia</strong></span> <span class='ocrx_word' id='word_1_458' title='bbox 1835 1071 1880 1089; x_wconf 83' lang='lat' dir='ltr'><strong>ao-</strong></span> 
     </span>
    </p>
   </div>
   <div class='ocr_carea' id='block_1_63' title="bbox 1085 1107 1880 1143">
    <p class='ocr_par' dir='ltr' id='par_1_63' title="bbox 1085 1107 1880 1143">
     <span class='ocr_line' id='line_1_64' title="bbox 1085 1107 1880 1143; baseline 0.001 -8"><span class='ocrx_word' id='word_1_459' title='bbox 1085 1113 1148 1136; x_wconf 79' lang='lat' dir='ltr'><strong>stra:</strong></span> <span class='ocrx_word' id='word_1_460' title='bbox 1170 1116 1221 1134; x_wconf 89' lang='lat' dir='ltr'><strong>non</strong></span> <span class='ocrx_word' id='word_1_461' title='bbox 1241 1107 1372 1142; x_wconf 84' lang='lat' dir='ltr'><strong>carnalia,</strong></span> <span class='ocrx_word' id='word_1_462' title='bbox 1397 1108 1442 1135; x_wconf 86' lang='lat' dir='ltr'><strong>sed</strong></span> <span class='ocrx_word' id='word_1_463' title='bbox 1456 1109 1572 1143; x_wconf 85' lang='lat' dir='ltr'><strong>potentia</strong></span> <span class='ocrx_word' id='word_1_464' title='bbox 1585 1108 1651 1142; x_wconf 84' lang='lat' dir='ltr'><strong>Deo,</strong></span> <span class='ocrx_word' id='word_1_465' title='bbox 1667 1110 1702 1135; x_wconf 81' lang='lat' dir='ltr'><strong>ad</strong></span> <span class='ocrx_word' id='word_1_466' title='bbox 1717 1109 1880 1136; x_wconf 82' lang='lat' dir='ltr'><strong>destructio-</strong></span> 
     </span>
    </p>
   </div>
   <div class='ocr_carea' id='block_1_64' title="bbox 1086 1154 1880 1187">
    <p class='ocr_par' dir='ltr' id='par_1_64' title="bbox 1086 1154 1880 1187">
     <span class='ocr_line' id='line_1_65' title="bbox 1086 1154 1880 1187; baseline 0.001 -7"><span class='ocrx_word' id='word_1_467' title='bbox 1086 1162 1144 1181; x_wconf 83' lang='lat' dir='ltr'><strong>nem</strong></span> <span class='ocrx_word' id='word_1_468' title='bbox 1165 1154 1346 1180; x_wconf 83' lang='lat' dir='ltr'><strong>munitionum</strong></span> <span class='ocrx_word' id='word_1_469' title='bbox 1361 1174 1368 1186; x_wconf 92' lang='lat'><strong>,</strong></span> <span class='ocrx_word' id='word_1_470' title='bbox 1391 1154 1503 1181; x_wconf 82' lang='lat' dir='ltr'><strong>consilia</strong></span> <span class='ocrx_word' id='word_1_471' title='bbox 1523 1154 1698 1187; x_wconf 80' lang='lat' dir='ltr'><strong>destruentes,</strong></span> <span class='ocrx_word' id='word_1_472' title='bbox 1726 1159 1754 1181; x_wconf 87' lang='lat' dir='ltr'><strong>et</strong></span> <span class='ocrx_word' id='word_1_473' title='bbox 1778 1163 1880 1182; x_wconf 73' lang='lat' dir='ltr'><strong>omnem</strong></span> 
     </span>
    </p>
   </div>
   <div class='ocr_carea' id='block_1_65' title="bbox 1085 1199 1879 1233">
    <p class='ocr_par' dir='ltr' id='par_1_65' title="bbox 1085 1199 1879 1233">
     <span class='ocr_line' id='line_1_66' title="bbox 1085 1199 1879 1233; baseline 0 -7"><span class='ocrx_word' id='word_1_474' title='bbox 1085 1200 1275 1227; x_wconf 76' lang='lat' dir='ltr'><strong>exultationem</strong></span> <span class='ocrx_word' id='word_1_475' title='bbox 1290 1199 1458 1226; x_wconf 76' lang='lat' dir='ltr'><strong>extollentem</strong></span> <span class='ocrx_word' id='word_1_476' title='bbox 1473 1207 1500 1227; x_wconf 83' lang='lat' dir='ltr'><strong>se</strong></span> <span class='ocrx_word' id='word_1_477' title='bbox 1518 1199 1642 1226; x_wconf 80' lang='lat' dir='ltr'><strong>adversus</strong></span> <span class='ocrx_word' id='word_1_478' title='bbox 1660 1200 1805 1226; x_wconf 78' lang='lat' dir='ltr'><strong>scientiam</strong></span> <span class='ocrx_word' id='word_1_479' title='bbox 1823 1200 1879 1233; x_wconf 76' lang='lat' dir='ltr'><strong>Dei,</strong></span> 
     </span>
    </p>
   </div>
   <div class='ocr_carea' id='block_1_66' title="bbox 1086 1245 1880 1280">
    <p class='ocr_par' dir='ltr' id='par_1_66' title="bbox 1086 1245 1880 1280">
     <span class='ocr_line' id='line_1_67' title="bbox 1086 1245 1880 1280; baseline -0.001 -7"><span class='ocrx_word' id='word_1_480' title='bbox 1086 1251 1111 1273; x_wconf 85' lang='lat' dir='ltr'><strong>ct</strong></span> <span class='ocrx_word' id='word_1_481' title='bbox 1133 1247 1161 1272; x_wconf 86' lang='lat' dir='ltr'><strong>in</strong></span> <span class='ocrx_word' id='word_1_482' title='bbox 1175 1246 1356 1280; x_wconf 79' lang='lat' dir='ltr'><strong>captivitatem</strong></span> <span class='ocrx_word' id='word_1_483' title='bbox 1384 1245 1530 1280; x_wconf 82' lang='lat' dir='ltr'><strong>redigentes</strong></span> <span class='ocrx_word' id='word_1_484' title='bbox 1555 1253 1657 1272; x_wconf 86' lang='lat' dir='ltr'><strong>omnem</strong></span> <span class='ocrx_word' id='word_1_485' title='bbox 1678 1245 1880 1280; x_wconf 80' lang='lat' dir='ltr'><strong>cogitationem.</strong></span> 
     </span>
    </p>
   </div>
   <div class='ocr_carea' id='block_1_67' title="bbox 1086 1291 1881 1328">
    <p class='ocr_par' dir='ltr' id='par_1_67' title="bbox 1086 1291 1881 1328">
     <span class='ocr_line' id='line_1_68' title="bbox 1086 1291 1881 1328; baseline 0 -9"><span class='ocrx_word' id='word_1_486' title='bbox 1086 1298 1111 1320; x_wconf 89' lang='lat' dir='ltr'><strong>et</strong></span> <span class='ocrx_word' id='word_1_487' title='bbox 1130 1293 1157 1319; x_wconf 89' lang='lat' dir='ltr'><strong>in</strong></span> <span class='ocrx_word' id='word_1_488' title='bbox 1176 1292 1329 1328; x_wconf 81' lang='lat' dir='ltr'><strong>obsequium</strong></span> <span class='ocrx_word' id='word_1_489' title='bbox 1349 1291 1454 1319; x_wconf 79' lang='lat' dir='ltr'><strong>Christo</strong></span> <span class='ocrx_word' id='word_1_490' title='bbox 1470 1292 1642 1326; x_wconf 80' lang='lat' dir='ltr'><strong>perducentes</strong></span> <span class='ocrx_word' id='word_1_491' title='bbox 1655 1291 1689 1319; x_wconf 81' lang='grc'><strong>⁸⁸.</strong></span> <span class='ocrx_word' id='word_1_492' title='bbox 1709 1291 1750 1319; x_wconf 81' lang='lat' dir='ltr'><strong>De</strong></span> <span class='ocrx_word' id='word_1_493' title='bbox 1773 1297 1881 1324; x_wconf 71' lang='lat' dir='ltr'><strong>cirtero,</strong></span> 
     </span>
    </p>
   </div>
   <div class='ocr_carea' id='block_1_68' title="bbox 1088 1338 1884 1375">
    <p class='ocr_par' dir='ltr' id='par_1_68' title="bbox 1088 1338 1884 1375">
     <span class='ocr_line' id='line_1_69' title="bbox 1088 1338 1884 1375; baseline 0 -9"><span class='ocrx_word' id='word_1_494' title='bbox 1088 1340 1197 1375; x_wconf 82' lang='lat' dir='ltr'><strong>fratres,</strong></span> <span class='ocrx_word' id='word_1_495' title='bbox 1215 1339 1404 1374; x_wconf 80' lang='lat' dir='ltr'><strong>confortamini</strong></span> <span class='ocrx_word' id='word_1_496' title='bbox 1422 1339 1449 1365; x_wconf 90' lang='lat' dir='ltr'><strong>in</strong></span> <span class='ocrx_word' id='word_1_497' title='bbox 1468 1338 1592 1373; x_wconf 86' lang='lat' dir='ltr'><strong>Domino,</strong></span> <span class='ocrx_word' id='word_1_498' title='bbox 1607 1339 1674 1366; x_wconf 78' lang='lat' dir='ltr'><strong>etin</strong></span> <span class='ocrx_word' id='word_1_499' title='bbox 1689 1339 1813 1374; x_wconf 80' lang='lat' dir='ltr'><strong>potentia</strong></span> <span class='ocrx_word' id='word_1_500' title='bbox 1830 1340 1884 1374; x_wconf 78' lang='lat' dir='ltr'><strong>for-</strong></span> 
     </span>
    </p>
   </div>
   <div class='ocr_carea' id='block_1_69' title="bbox 1088 1385 1883 1420">
    <p class='ocr_par' dir='ltr' id='par_1_69' title="bbox 1088 1385 1883 1420">
     <span class='ocr_line' id='line_1_70' title="bbox 1088 1385 1883 1420; baseline 0.001 -7"><span class='ocrx_word' id='word_1_501' title='bbox 1088 1386 1212 1414; x_wconf 80' lang='lat' dir='ltr'><strong>titudinis</strong></span> <span class='ocrx_word' id='word_1_502' title='bbox 1227 1386 1283 1420; x_wconf 79' lang='lat' dir='ltr'><strong>ejus</strong></span> <span class='ocrx_word' id='word_1_503' title='bbox 1297 1386 1319 1402; x_wconf 80' lang='grc'>⁸⁷</span> <span class='ocrx_word' id='word_1_504' title='bbox 1330 1406 1338 1418; x_wconf 87' lang='lat'><strong>,</strong></span> <span class='ocrx_word' id='word_1_505' title='bbox 1354 1389 1384 1414; x_wconf 83' lang='lat' dir='ltr'><strong>ut</strong></span> <span class='ocrx_word' id='word_1_506' title='bbox 1397 1393 1449 1420; x_wconf 80' lang='lat' dir='ltr'><strong>pax</strong></span> <span class='ocrx_word' id='word_1_507' title='bbox 1466 1385 1544 1413; x_wconf 89' lang='lat' dir='ltr'><strong>vobis</strong></span> <span class='ocrx_word' id='word_1_508' title='bbox 1558 1385 1644 1412; x_wconf 89' lang='lat' dir='ltr'><strong>multa</strong></span> <span class='ocrx_word' id='word_1_509' title='bbox 1659 1389 1687 1413; x_wconf 91' lang='lat' dir='ltr'><strong>et</strong></span> <span class='ocrx_word' id='word_1_510' title='bbox 1701 1386 1793 1420; x_wconf 80' lang='lat' dir='ltr'><strong>gratia</strong></span> <span class='ocrx_word' id='word_1_511' title='bbox 1805 1394 1820 1413; x_wconf 91' lang='lat' dir='ltr'><strong>a</strong></span> <span class='ocrx_word' id='word_1_512' title='bbox 1830 1386 1883 1414; x_wconf 75' lang='lat' dir='ltr'><strong>Deo</strong></span> 
     </span>
    </p>
   </div>
   <div class='ocr_carea' id='block_1_70' title="bbox 1087 1431 1883 1460">
    <p class='ocr_par' dir='ltr' id='par_1_70' title="bbox 1087 1431 1883 1460">
     <span class='ocr_line' id='line_1_71' title="bbox 1087 1431 1883 1460; baseline -0.003 0"><span class='ocrx_word' id='word_1_513' title='bbox 1087 1438 1115 1460; x_wconf 93' lang='lat' dir='ltr'><strong>et</strong></span> <span class='ocrx_word' id='word_1_514' title='bbox 1133 1432 1249 1460; x_wconf 84' lang='lat' dir='ltr'><strong>Domino</strong></span> <span class='ocrx_word' id='word_1_515' title='bbox 1272 1436 1365 1460; x_wconf 90' lang='lat' dir='ltr'><strong>nostro</strong></span> <span class='ocrx_word' id='word_1_516' title='bbox 1386 1431 1450 1460; x_wconf 83' lang='lat' dir='ltr'><strong>Jesu</strong></span> <span class='ocrx_word' id='word_1_517' title='bbox 1473 1431 1584 1459; x_wconf 86' lang='lat' dir='ltr'><strong>Christo</strong></span> <span class='ocrx_word' id='word_1_518' title='bbox 1605 1431 1793 1459; x_wconf 85' lang='lat' dir='ltr'><strong>ministretur.</strong></span> <span class='ocrx_word' id='word_1_519' title='bbox 1820 1432 1883 1459; x_wconf 79' lang='lat' dir='ltr'><strong>Am-</strong></span> 
     </span>
    </p>
   </div>
   <div class='ocr_carea' id='block_1_71' title="bbox 1088 1477 1883 1514">
    <p class='ocr_par' dir='ltr' id='par_1_71' title="bbox 1088 1477 1883 1514">
     <span class='ocr_line' id='line_1_72' title="bbox 1088 1477 1883 1514; baseline 0 -8"><span class='ocrx_word' id='word_1_520' title='bbox 1088 1479 1232 1514; x_wconf 89' lang='lat' dir='ltr'><strong>plectimur</strong></span> <span class='ocrx_word' id='word_1_521' title='bbox 1250 1483 1278 1506; x_wconf 83' lang='lat' dir='ltr'><strong>et</strong></span> <span class='ocrx_word' id='word_1_522' title='bbox 1299 1478 1476 1512; x_wconf 84' lang='lat' dir='ltr'><strong>osculamur,</strong></span> <span class='ocrx_word' id='word_1_523' title='bbox 1492 1486 1523 1506; x_wconf 87' lang='lat' dir='ltr'><strong>ac</strong></span> <span class='ocrx_word' id='word_1_524' title='bbox 1538 1477 1561 1506; x_wconf 88' lang='lat' dir='ltr'><strong>si</strong></span> <span class='ocrx_word' id='word_1_525' title='bbox 1579 1483 1742 1513; x_wconf 70' lang='lat' dir='ltr'><strong>praesentes,</strong></span> <span class='ocrx_word' id='word_1_526' title='bbox 1763 1479 1883 1506; x_wconf 82' lang='lat' dir='ltr'><strong>charita-</strong></span> 
     </span>
    </p>
   </div>
   <div class='ocr_carea' id='block_1_72' title="bbox 1088 1526 1885 1562">
    <p class='ocr_par' dir='ltr' id='par_1_72' title="bbox 1088 1526 1885 1562">
     <span class='ocr_line' id='line_1_73' title="bbox 1088 1526 1885 1562; baseline -0.001 -8"><span class='ocrx_word' id='word_1_527' title='bbox 1088 1532 1142 1554; x_wconf 82' lang='lat' dir='ltr'><strong>tetn</strong></span> <span class='ocrx_word' id='word_1_528' title='bbox 1159 1532 1289 1558; x_wconf 82' lang='lat' dir='ltr'><strong>vestram,</strong></span> <span class='ocrx_word' id='word_1_529' title='bbox 1311 1527 1338 1553; x_wconf 92' lang='lat' dir='ltr'><strong>in</strong></span> <span class='ocrx_word' id='word_1_530' title='bbox 1363 1527 1465 1554; x_wconf 89' lang='lat' dir='ltr'><strong>unitate</strong></span> <span class='ocrx_word' id='word_1_531' title='bbox 1487 1526 1612 1561; x_wconf 86' lang='lat' dir='ltr'><strong>spiritus,</strong></span> <span class='ocrx_word' id='word_1_532' title='bbox 1634 1526 1663 1553; x_wconf 93' lang='lat' dir='ltr'><strong>in</strong></span> <span class='ocrx_word' id='word_1_533' title='bbox 1677 1526 1792 1554; x_wconf 91' lang='lat' dir='ltr'><strong>vinculo</strong></span> <span class='ocrx_word' id='word_1_534' title='bbox 1810 1528 1885 1562; x_wconf 86' lang='lat' dir='ltr'><strong>pacis</strong></span> 
     </span>
    </p>
   </div>
   <div class='ocr_carea' id='block_1_73' title="bbox 1088 1572 1883 1608">
    <p class='ocr_par' dir='ltr' id='par_1_73' title="bbox 1088 1572 1883 1608">
     <span class='ocr_line' id='line_1_74' title="bbox 1088 1572 1883 1608; baseline 0 -7"><span class='ocrx_word' id='word_1_535' title='bbox 1088 1578 1116 1601; x_wconf 90' lang='lat' dir='ltr'><strong>et</strong></span> <span class='ocrx_word' id='word_1_536' title='bbox 1128 1574 1270 1601; x_wconf 88' lang='lat' dir='ltr'><strong>charitatis</strong></span> <span class='ocrx_word' id='word_1_537' title='bbox 1288 1573 1401 1601; x_wconf 85' lang='lat' dir='ltr'><strong>Christi.</strong></span> <span class='ocrx_word' id='word_1_538' title='bbox 1421 1572 1533 1607; x_wconf 81' lang='lat' dir='ltr'><strong>Propter</strong></span> <span class='ocrx_word' id='word_1_539' title='bbox 1551 1573 1631 1608; x_wconf 83' lang='lat' dir='ltr'><strong>quod,</strong></span> <span class='ocrx_word' id='word_1_540' title='bbox 1650 1573 1824 1607; x_wconf 77' lang='lat' dir='ltr'><strong>charissimi,</strong></span> <span class='ocrx_word' id='word_1_541' title='bbox 1841 1582 1883 1601; x_wconf 73' lang='lat' dir='ltr'><strong>e1-</strong></span> 
     </span>
    </p>
   </div>
   <div class='ocr_carea' id='block_1_74' title="bbox 1090 1618 1885 1655">
    <p class='ocr_par' dir='ltr' id='par_1_74' title="bbox 1090 1618 1885 1655">
     <span class='ocr_line' id='line_1_75' title="bbox 1090 1618 1885 1655; baseline -0.001 -8"><span class='ocrx_word' id='word_1_542' title='bbox 1090 1624 1247 1655; x_wconf 82' lang='lat' dir='ltr'><strong>spectantes,</strong></span> <span class='ocrx_word' id='word_1_543' title='bbox 1269 1620 1383 1654; x_wconf 82' lang='lat' dir='ltr'><strong>satagite</strong></span> <span class='ocrx_word' id='word_1_544' title='bbox 1399 1618 1564 1645; x_wconf 80' lang='lat' dir='ltr'><strong>immaculati</strong></span> <span class='ocrx_word' id='word_1_545' title='bbox 1578 1623 1603 1645; x_wconf 85' lang='lat' dir='ltr'><strong>ct</strong></span> <span class='ocrx_word' id='word_1_546' title='bbox 1623 1619 1752 1646; x_wconf 77' lang='lat' dir='ltr'><strong>inviolati</strong></span> <span class='ocrx_word' id='word_1_547' title='bbox 1771 1620 1885 1646; x_wconf 71' lang='lat' dir='ltr'><strong>inueniri</strong></span> 
     </span>
    </p>
   </div>
   <div class='ocr_carea' id='block_1_75' title="bbox 1089 1666 1883 1702">
    <p class='ocr_par' dir='ltr' id='par_1_75' title="bbox 1089 1666 1883 1702">
     <span class='ocr_line' id='line_1_76' title="bbox 1089 1666 1883 1702; baseline -0.001 -8"><span class='ocrx_word' id='word_1_548' title='bbox 1089 1669 1116 1694; x_wconf 88' lang='lat' dir='ltr'><strong>in</strong></span> <span class='ocrx_word' id='word_1_549' title='bbox 1133 1675 1207 1702; x_wconf 82' lang='lat' dir='ltr'><strong>pace,</strong></span> <span class='ocrx_word' id='word_1_550' title='bbox 1223 1671 1249 1694; x_wconf 84' lang='lat' dir='ltr'><strong>et</strong></span> <span class='ocrx_word' id='word_1_551' title='bbox 1270 1666 1379 1693; x_wconf 87' lang='lat' dir='ltr'><strong>Domini</strong></span> <span class='ocrx_word' id='word_1_552' title='bbox 1392 1666 1481 1699; x_wconf 68' lang='lat' dir='ltr'><strong>fnostri</strong></span> <span class='ocrx_word' id='word_1_553' title='bbox 1496 1666 1746 1700; x_wconf 83' lang='lat' dir='ltr'><strong>longanimitatem,</strong></span> <span class='ocrx_word' id='word_1_554' title='bbox 1768 1667 1883 1693; x_wconf 81' lang='lat' dir='ltr'><strong>salutem</strong></span> 
     </span>
    </p>
   </div>
   <div class='ocr_carea' id='block_1_76' title="bbox 1089 1710 1885 1745">
    <p class='ocr_par' dir='ltr' id='par_1_76' title="bbox 1089 1710 1885 1745">
     <span class='ocr_line' id='line_1_77' title="bbox 1089 1710 1885 1745; baseline -0.003 -6"><span class='ocrx_word' id='word_1_555' title='bbox 1089 1712 1268 1744; x_wconf 84' lang='lat' dir='ltr'><strong>arbitremini,</strong></span> <span class='ocrx_word' id='word_1_556' title='bbox 1293 1711 1317 1727; x_wconf 81' lang='grc'><strong>⁸⁸</strong></span> <span class='ocrx_word' id='word_1_557' title='bbox 1340 1712 1409 1738; x_wconf 81' lang='lat' dir='ltr'><strong>sicut</strong></span> <span class='ocrx_word' id='word_1_558' title='bbox 1433 1715 1458 1737; x_wconf 79' lang='lat' dir='ltr'><strong>et</strong></span> <span class='ocrx_word' id='word_1_559' title='bbox 1485 1710 1659 1737; x_wconf 79' lang='lat' dir='ltr'><strong>charissimus</strong></span> <span class='ocrx_word' id='word_1_560' title='bbox 1689 1710 1780 1745; x_wconf 78' lang='lat' dir='ltr'><strong>frater</strong></span> <span class='ocrx_word' id='word_1_561' title='bbox 1798 1716 1885 1737; x_wconf 71' lang='lat' dir='ltr'><strong>noster</strong></span> 
     </span>
    </p>
   </div>
   <div class='ocr_carea' id='block_1_77' title="bbox 1090 1757 1884 1792">
    <p class='ocr_par' dir='ltr' id='par_1_77' title="bbox 1090 1757 1884 1792">
     <span class='ocr_line' id='line_1_78' title="bbox 1090 1757 1884 1792; baseline -0.005 -5"><span class='ocrx_word' id='word_1_562' title='bbox 1090 1759 1193 1787; x_wconf 78' lang='lat' dir='ltr'><strong>Paulus</strong></span> <span class='ocrx_word' id='word_1_563' title='bbox 1209 1758 1352 1786; x_wconf 75' lang='lat' dir='ltr'><strong>secundant</strong></span> <span class='ocrx_word' id='word_1_564' title='bbox 1365 1758 1458 1784; x_wconf 83' lang='lat' dir='ltr'><strong>datam</strong></span> <span class='ocrx_word' id='word_1_565' title='bbox 1470 1757 1520 1784; x_wconf 79' lang='lat' dir='ltr'><strong>sibi</strong></span> <span class='ocrx_word' id='word_1_566' title='bbox 1538 1757 1700 1792; x_wconf 83' lang='lat' dir='ltr'><strong>sapientiam</strong></span> <span class='ocrx_word' id='word_1_567' title='bbox 1716 1757 1829 1792; x_wconf 82' lang='lat' dir='ltr'><strong>scripsit</strong></span> <span class='ocrx_word' id='word_1_568' title='bbox 1844 1765 1884 1784; x_wconf 79' lang='lat' dir='ltr'><strong>ro-</strong></span> 
     </span>
    </p>
   </div>
   <div class='ocr_carea' id='block_1_78' title="bbox 1276 1892 1879 1926">
    <p class='ocr_par' dir='ltr' id='par_1_78' title="bbox 1276 1892 1879 1926">
     <span class='ocr_line' id='line_1_79' title="bbox 1276 1892 1879 1926; baseline -0.003 -5"><span class='ocrx_word' id='word_1_569' title='bbox 1276 1894 1299 1910; x_wconf 80' lang='grc'><strong>⁷⁸</strong></span> <span class='ocrx_word' id='word_1_570' title='bbox 1313 1894 1416 1922; x_wconf 76' lang='lat' dir='ltr'><strong>Codex.</strong></span> <span class='ocrx_word' id='word_1_571' title='bbox 1431 1892 1537 1921; x_wconf 87' lang='lat' dir='ltr'><strong>Theod.</strong></span> <span class='ocrx_word' id='word_1_572' title='bbox 1552 1893 1601 1921; x_wconf 89' lang='lat' dir='ltr'><strong>lib.</strong></span> <span class='ocrx_word' id='word_1_573' title='bbox 1614 1901 1653 1926; x_wconf 90' lang='grc' dir='ltr'>ιι,</span> <span class='ocrx_word' id='word_1_574' title='bbox 1676 1893 1728 1920; x_wconf 66' lang='lat' dir='ltr'><strong>tit.</strong></span> <span class='ocrx_word' id='word_1_575' title='bbox 1743 1893 1757 1920; x_wconf 75' lang='grc'><strong>1</strong></span> <span class='ocrx_word' id='word_1_576' title='bbox 1772 1913 1780 1925; x_wconf 89' lang='grc'><em>,</em></span> <span class='ocrx_word' id='word_1_577' title='bbox 1796 1898 1879 1921; x_wconf 85' lang='lat' dir='ltr'><strong>consl.</strong></span> 
     </span>
    </p>
   </div>
   <div class='ocr_carea' id='block_1_79' title="bbox 1088 1896 1236 1930">
    <p class='ocr_par' dir='ltr' id='par_1_79' title="bbox 1088 1896 1236 1930">
     <span class='ocr_line' id='line_1_80' title="bbox 1088 1896 1236 1930; baseline 0 -7"><span class='ocrx_word' id='word_1_578' title='bbox 1088 1896 1236 1930; x_wconf 79' lang='lat' dir='ltr'><strong>provincia.</strong></span> 
     </span>
    </p>
   </div>
   <div class='ocr_carea' id='block_1_80' title="bbox 1651 1928 1880 1961">
    <p class='ocr_par' dir='ltr' id='par_1_80' title="bbox 1651 1928 1880 1961">
     <span class='ocr_line' id='line_1_81' title="bbox 1651 1928 1880 1961; baseline -0.004 -6"><span class='ocrx_word' id='word_1_579' title='bbox 1651 1928 1673 1944; x_wconf 83' lang='lat'><strong>&quot;</strong></span> <span class='ocrx_word' id='word_1_580' title='bbox 1684 1928 1748 1955; x_wconf 86' lang='lat' dir='ltr'><strong>Lib.</strong></span> <span class='ocrx_word' id='word_1_581' title='bbox 1776 1937 1800 1961; x_wconf 86' lang='grc' dir='ltr'><strong>ι,</strong></span> <span class='ocrx_word' id='word_1_582' title='bbox 1819 1929 1880 1955; x_wconf 86' lang='lat' dir='ltr'><strong>Cod.</strong></span> 
     </span>
    </p>
   </div>
   <div class='ocr_carea' id='block_1_81' title="bbox 1084 1929 1610 1966">
    <p class='ocr_par' dir='ltr' id='par_1_81' title="bbox 1084 1929 1610 1966">
     <span class='ocr_line' id='line_1_82' title="bbox 1084 1929 1610 1966; baseline -0.008 -7"><span class='ocrx_word' id='word_1_583' title='bbox 1084 1929 1106 1948; x_wconf 81' lang='grc'>⁷⁸</span> <span class='ocrx_word' id='word_1_584' title='bbox 1127 1941 1156 1959; x_wconf 86' lang='grc' dir='ltr'><strong>ιιι</strong></span> <span class='ocrx_word' id='word_1_585' title='bbox 1168 1953 1175 1964; x_wconf 92' lang='grc'>,</span> <span class='ocrx_word' id='word_1_586' title='bbox 1188 1935 1283 1966; x_wconf 61' lang='lat' dir='ltr'><strong>(lutost.</strong></span> <span class='ocrx_word' id='word_1_587' title='bbox 1296 1930 1312 1956; x_wconf 82' lang='lat'>6</span> <span class='ocrx_word' id='word_1_588' title='bbox 1324 1951 1332 1964; x_wconf 88' lang='lat'><strong>,</strong></span> <span class='ocrx_word' id='word_1_589' title='bbox 1354 1929 1446 1957; x_wconf 77' lang='lat' dir='ltr'><strong>Omnis</strong></span> <span class='ocrx_word' id='word_1_590' title='bbox 1462 1937 1610 1966; x_wconf 78' lang='lat' dir='ltr'><strong>oppressus.</strong></span> 
     </span>
    </p>
   </div>
   <div class='ocr_carea' id='block_1_82' title="bbox 941 1963 1881 2001">
    <p class='ocr_par' dir='ltr' id='par_1_82' title="bbox 941 1963 1881 2001">
     <span class='ocr_line' id='line_1_83' title="bbox 941 1963 1881 2001; baseline -0.004 -7"><span class='ocrx_word' id='word_1_591' title='bbox 941 1969 963 1984; x_wconf 77' lang='grc' dir='ltr'><strong>⁸ο</strong></span> <span class='ocrx_word' id='word_1_592' title='bbox 978 1967 1045 1995; x_wconf 86' lang='lat' dir='ltr'><strong>Vide</strong></span> <span class='ocrx_word' id='word_1_593' title='bbox 1070 1967 1132 1994; x_wconf 87' lang='lat' dir='ltr'><strong>Ant.</strong></span> <span class='ocrx_word' id='word_1_594' title='bbox 1156 1963 1336 2001; x_wconf 54' lang='lat' dir='ltr'><strong>Augustinum</strong></span> <span class='ocrx_word' id='word_1_595' title='bbox 1353 1966 1379 1992; x_wconf 84' lang='lat' dir='ltr'><strong>in</strong></span> <span class='ocrx_word' id='word_1_596' title='bbox 1396 1966 1468 1992; x_wconf 87' lang='lat' dir='ltr'><strong>notis</strong></span> <span class='ocrx_word' id='word_1_597' title='bbox 1490 1965 1522 1991; x_wconf 86' lang='lat' dir='ltr'><strong>ad</strong></span> <span class='ocrx_word' id='word_1_598' title='bbox 1537 1965 1599 2001; x_wconf 80' lang='lat' dir='ltr'><strong>coll.</strong></span> <span class='ocrx_word' id='word_1_599' title='bbox 1615 1963 1712 2001; x_wconf 82' lang='lat' dir='ltr'><strong>Hadr._</strong></span> <span class='ocrx_word' id='word_1_600' title='bbox 1723 1971 1750 1991; x_wconf 87' lang='lat' dir='ltr'><strong>c.</strong></span> <span class='ocrx_word' id='word_1_601' title='bbox 1779 1964 1808 1996; x_wconf 85' lang='lat'><strong>9,</strong></span> <span class='ocrx_word' id='word_1_602' title='bbox 1841 1965 1881 2001; x_wconf 77' lang='lat' dir='ltr'><strong>ubi</strong></span> 
     </span>
    </p>
   </div>
   <div class='ocr_carea' id='block_1_83' title="bbox 1115 1998 1880 2036">
    <p class='ocr_par' dir='ltr' id='par_1_83' title="bbox 1115 1998 1880 2036">
     <span class='ocr_line' id='line_1_84' title="bbox 1115 1998 1880 2036; baseline -0.007 -6"><span class='ocrx_word' id='word_1_603' title='bbox 1115 2011 1153 2032; x_wconf 73' lang='grc' dir='ltr'>ιιι.</span> <span class='ocrx_word' id='word_1_604' title='bbox 1178 1998 1238 2036; x_wconf 66' lang='lat' dir='ltr'><strong>cap.</strong></span> <span class='ocrx_word' id='word_1_605' title='bbox 1258 2002 1284 2028; x_wconf 79' lang='grc'><strong>5.</strong></span> <span class='ocrx_word' id='word_1_606' title='bbox 1325 2002 1348 2016; x_wconf 78' lang='grc'><strong>⁸³</strong></span> <span class='ocrx_word' id='word_1_607' title='bbox 1360 2001 1454 2027; x_wconf 84' lang='lat' dir='ltr'><strong>Matth.</strong></span> <span class='ocrx_word' id='word_1_608' title='bbox 1479 2008 1543 2031; x_wconf 70' lang='lat' dir='ltr'><strong>nt,</strong></span> <span class='ocrx_word' id='word_1_609' title='bbox 1560 1999 1603 2027; x_wconf 72' lang='lat' dir='ltr'><strong>i8.</strong></span> <span class='ocrx_word' id='word_1_610' title='bbox 1657 1999 1681 2014; x_wconf 79' lang='grc'><strong>⁸⁸</strong></span> <span class='ocrx_word' id='word_1_611' title='bbox 1702 1998 1880 2036; x_wconf 23' lang='lat' dir='ltr'><strong>Lucanus.</strong></span> 
     </span>
    </p>
   </div>
   <div class='ocr_carea' id='block_1_84' title="bbox 250 2069 1599 2110">
    <p class='ocr_par' dir='ltr' id='par_1_84' title="bbox 250 2069 1599 2110">
     <span class='ocr_line' id='line_1_85' title="bbox 250 2069 1599 2110; baseline -0.005 -7"><span class='ocrx_word' id='word_1_612' title='bbox 250 2082 266 2103; x_wconf 85' lang='lat' dir='ltr'><strong>e</strong></span> <span class='ocrx_word' id='word_1_613' title='bbox 289 2075 380 2103; x_wconf 81' lang='lat' dir='ltr'><strong>bibliis</strong></span> <span class='ocrx_word' id='word_1_614' title='bbox 405 2069 549 2110; x_wconf 69' lang='lat' dir='ltr'><strong>descriptae</strong></span> <span class='ocrx_word' id='word_1_615' title='bbox 576 2074 656 2110; x_wconf 72' lang='lat' dir='ltr'><strong>longe</strong></span> <span class='ocrx_word' id='word_1_616' title='bbox 688 2075 789 2102; x_wconf 88' lang='lat' dir='ltr'><strong>absunt</strong></span> <span class='ocrx_word' id='word_1_617' title='bbox 822 2081 837 2101; x_wconf 88' lang='lat' dir='ltr'><strong>a</strong></span> <span class='ocrx_word' id='word_1_618' title='bbox 875 2069 946 2109; x_wconf 63' lang='lat' dir='ltr'><strong>st&#39;ylo</strong></span> <span class='ocrx_word' id='word_1_619' title='bbox 966 2074 1108 2106; x_wconf 83' lang='lat' dir='ltr'><strong>Anacleti,</strong></span> <span class='ocrx_word' id='word_1_620' title='bbox 1140 2073 1285 2101; x_wconf 82' lang='lat' dir='ltr'><strong>alteriusve</strong></span> <span class='ocrx_word' id='word_1_621' title='bbox 1311 2069 1428 2099; x_wconf 74' lang='lat' dir='ltr'><strong>Romani</strong></span> <span class='ocrx_word' id='word_1_622' title='bbox 1451 2069 1599 2106; x_wconf 77' lang='lat' dir='ltr'><strong>pontificis.</strong></span> 
     </span>
    </p>
   </div>
   <div class='ocr_carea' id='block_1_85' title="bbox 286 2192 1881 2239">
    <p class='ocr_par' dir='ltr' id='par_1_85' title="bbox 286 2192 1881 2239">
     <span class='ocr_line' id='line_1_86' title="bbox 286 2192 1881 2239; baseline 0 0"><span class='ocrx_word' id='word_1_623' title='bbox 286 2197 328 2239; x_wconf 33' lang='lat'><strong>&lt;9).</strong></span> <span class='ocrx_word' id='word_1_624' title='bbox 346 2196 411 2239; x_wconf 70' lang='grc' dir='ltr'><strong>ῼαω</strong></span> <span class='ocrx_word' id='word_1_625' title='bbox 432 2204 478 2239; x_wconf 64' lang='grc' dir='ltr'><strong>νεῖν</strong></span> <span class='ocrx_word' id='word_1_626' title='bbox 492 2196 609 2231; x_wconf 58' lang='lat' dir='ltr'><strong>singulos</strong></span> <span class='ocrx_word' id='word_1_627' title='bbox 628 2204 713 2239; x_wconf 77' lang='grc' dir='ltr'><strong>αηηοε,</strong></span> <span class='ocrx_word' id='word_1_628' title='bbox 727 2195 766 2239; x_wconf 49' lang='lat' dir='ltr'><strong>bis</strong></span> <span class='ocrx_word' id='word_1_629' title='bbox 788 2195 846 2230; x_wconf 69' lang='grc' dir='ltr'><strong>βενε</strong></span> <span class='ocrx_word' id='word_1_630' title='bbox 866 2194 941 2239; x_wconf 31' lang='grc' dir='ltr'><strong>ερνίει-</strong></span> <span class='ocrx_word' id='word_1_631' title='bbox 957 2194 1042 2239; x_wconf 56' lang='lat' dir='ltr'><strong>Jun“</strong></span> <span class='ocrx_word' id='word_1_632' title='bbox 1058 2192 1881 2239; x_wconf 41' lang='grc' dir='ltr'><strong>οβέβΐίὲωξξλὶδῗρΡΓΪΨμίξτ..⁴ἷνί⁵Ῐ9¹Ξ¹,⁷ἕ.ῗέ,ἒιὲἱδέξξῆξῖἓδ</strong></span> 
     </span>
    </p>
   </div>
   <div class='ocr_carea' id='block_1_86' title="bbox 253 2231 1042 2268">
    <p class='ocr_par' dir='ltr' id='par_1_86' title="bbox 253 2231 1042 2268">
     <span class='ocr_line' id='line_1_87' title="bbox 253 2231 1042 2268; baseline -0.003 -8"><span class='ocrx_word' id='word_1_633' title='bbox 253 2233 440 2268; x_wconf 85' lang='lat' dir='ltr'><strong>apostolorum</strong></span> <span class='ocrx_word' id='word_1_634' title='bbox 457 2232 542 2268; x_wconf 73' lang='lat' dir='ltr'><strong>legem</strong></span> <span class='ocrx_word' id='word_1_635' title='bbox 557 2240 589 2268; x_wconf 70' lang='lat' dir='ltr'><strong>ac</strong></span> <span class='ocrx_word' id='word_1_636' title='bbox 601 2231 830 2268; x_wconf 76' lang='lat' dir='ltr'><strong>consuetudinem</strong></span> <span class='ocrx_word' id='word_1_637' title='bbox 844 2239 851 2258; x_wconf 89' lang='lat'><strong>:</strong></span> <span class='ocrx_word' id='word_1_638' title='bbox 868 2231 902 2258; x_wconf 89' lang='lat' dir='ltr'><strong>de</strong></span> <span class='ocrx_word' id='word_1_639' title='bbox 913 2238 968 2266; x_wconf 86' lang='lat' dir='ltr'><strong>qua</strong></span> <span class='ocrx_word' id='word_1_640' title='bbox 981 2231 1042 2258; x_wconf 88' lang='lat' dir='ltr'><strong>vide</strong></span> 
     </span>
    </p>
   </div>
   <div class='ocr_carea' id='block_1_87' title="bbox 253 2265 745 2296">
    <p class='ocr_par' dir='ltr' id='par_1_87' title="bbox 253 2265 745 2296">
     <span class='ocr_line' id='line_1_88' title="bbox 253 2265 745 2296; baseline -0.004 -1"><span class='ocrx_word' id='word_1_641' title='bbox 253 2265 353 2296; x_wconf 76' lang='lat' dir='ltr'><strong>canon.</strong></span> <span class='ocrx_word' id='word_1_642' title='bbox 367 2265 544 2296; x_wconf 33' lang='lat' dir='ltr'><strong>apostol.’38.</strong></span> <span class='ocrx_word' id='word_1_643' title='bbox 562 2266 626 2294; x_wconf 78' lang='lat' dir='ltr'><strong>Ssv.</strong></span> <span class='ocrx_word' id='word_1_644' title='bbox 643 2265 745 2294; x_wconf 80' lang='lat' dir='ltr'><strong>Bnuus.</strong></span> 
     </span>
    </p>
   </div>
   <div class='ocr_carea' id='block_1_88' title="bbox 290 2274 1042 2337">
    <p class='ocr_par' dir='ltr' id='par_1_88' title="bbox 290 2274 1042 2337">
     <span class='ocr_line' id='line_1_89' title="bbox 290 2274 745 2295; baseline -0.004 0"><span class='ocrx_word' id='word_1_645' title='bbox 290 2275 353 2295; x_wconf 90' lang='lat' dir='ltr'><strong>non.</strong></span> <span class='ocrx_word' id='word_1_646' title='bbox 367 2275 382 2293; x_wconf 88' lang='lat' dir='ltr'><strong>a</strong></span> <span class='ocrx_word' id='word_1_647' title='bbox 403 2274 484 2293; x_wconf 82' lang='lat' dir='ltr'><strong>ostot.</strong></span> <span class='ocrx_word' id='word_1_648' title='bbox 500 2274 544 2294; x_wconf 75' lang='grc' dir='ltr'><strong>οδ.</strong></span> <span class='ocrx_word' id='word_1_649' title='bbox 563 2274 626 2294; x_wconf 61' lang='grc' dir='ltr'><strong>θεν.</strong></span> <span class='ocrx_word' id='word_1_650' title='bbox 643 2274 745 2294; x_wconf 76' lang='lat' dir='ltr'><strong>ulmus.</strong></span> 
     </span>
     <span class='ocr_line' id='line_1_90' title="bbox 290 2274 1042 2337; baseline 0 -10"><span class='ocrx_word' id='word_1_651' title='bbox 290 2302 346 2337; x_wconf 80' lang='grc'><strong>(10)</strong></span> <span class='ocrx_word' id='word_1_652' title='bbox 369 2274 483 2337; x_wconf 43' lang='lat' dir='ltr'><strong>[lidiores</strong></span> <span class='ocrx_word' id='word_1_653' title='bbox 504 2302 757 2329; x_wconf 59' lang='lat' dir='ltr'><strong>causa’...adsedem</strong></span> <span class='ocrx_word' id='word_1_654' title='bbox 778 2301 951 2337; x_wconf 81' lang='lat' dir='ltr'><strong>apostolicam</strong></span> <span class='ocrx_word' id='word_1_655' title='bbox 974 2301 1042 2335; x_wconf 83' lang='lat' dir='ltr'><strong>refe—</strong></span> 
     </span>
    </p>
   </div>
   <div class='ocr_carea' id='block_1_89' title="bbox 255 2336 1043 2370">
    <p class='ocr_par' dir='ltr' id='par_1_89' title="bbox 255 2336 1043 2370">
     <span class='ocr_line' id='line_1_91' title="bbox 255 2336 1043 2370; baseline -0.004 -4"><span class='ocrx_word' id='word_1_656' title='bbox 255 2342 362 2366; x_wconf 89' lang='lat' dir='ltr'><strong>rantur.</strong></span> <span class='ocrx_word' id='word_1_657' title='bbox 381 2336 439 2364; x_wconf 88' lang='lat' dir='ltr'><strong>Hoc</strong></span> <span class='ocrx_word' id='word_1_658' title='bbox 450 2338 569 2364; x_wconf 80' lang='lat' dir='ltr'><strong>Anacleti</strong></span> <span class='ocrx_word' id='word_1_659' title='bbox 586 2338 724 2364; x_wconf 89' lang='lat' dir='ltr'><strong>decretum</strong></span> <span class='ocrx_word' id='word_1_660' title='bbox 745 2337 813 2364; x_wconf 84' lang='lat' dir='ltr'><strong>bene</strong></span> <span class='ocrx_word' id='word_1_661' title='bbox 827 2341 854 2363; x_wconf 89' lang='lat' dir='ltr'><strong>et</strong></span> <span class='ocrx_word' id='word_1_662' title='bbox 869 2337 942 2370; x_wconf 85' lang='lat' dir='ltr'><strong>juste</strong></span> <span class='ocrx_word' id='word_1_663' title='bbox 959 2336 1043 2363; x_wconf 85' lang='lat' dir='ltr'><strong>latum</strong></span> 
     </span>
    </p>
   </div>
   <div class='ocr_carea' id='block_1_90' title="bbox 255 2372 1044 2406">
    <p class='ocr_par' dir='ltr' id='par_1_90' title="bbox 255 2372 1044 2406">
     <span class='ocr_line' id='line_1_92' title="bbox 255 2372 1044 2406; baseline -0.004 -5"><span class='ocrx_word' id='word_1_664' title='bbox 255 2381 318 2401; x_wconf 71' lang='lat' dir='ltr'><strong>esse</strong></span> <span class='ocrx_word' id='word_1_665' title='bbox 332 2381 364 2400; x_wconf 73' lang='lat' dir='ltr'><strong>ex</strong></span> <span class='ocrx_word' id='word_1_666' title='bbox 381 2380 414 2399; x_wconf 92' lang='lat' dir='ltr'><strong>eo</strong></span> <span class='ocrx_word' id='word_1_667' title='bbox 427 2376 509 2406; x_wconf 86' lang='lat' dir='ltr'><strong>patet,</strong></span> <span class='ocrx_word' id='word_1_668' title='bbox 521 2372 592 2406; x_wconf 90' lang='lat' dir='ltr'><strong>quod</strong></span> <span class='ocrx_word' id='word_1_669' title='bbox 605 2372 759 2399; x_wconf 80' lang='lat' dir='ltr'><strong>universale</strong></span> <span class='ocrx_word' id='word_1_670' title='bbox 773 2377 799 2399; x_wconf 87' lang='lat' dir='ltr'><strong>et</strong></span> <span class='ocrx_word' id='word_1_671' title='bbox 815 2372 965 2406; x_wconf 77' lang='lat' dir='ltr'><strong>legitimum</strong></span> <span class='ocrx_word' id='word_1_672' title='bbox 979 2372 1044 2398; x_wconf 88' lang='lat' dir='ltr'><strong>Sar-</strong></span> 
     </span>
    </p>
   </div>
   <div class='ocr_carea' id='block_1_91' title="bbox 257 2407 1043 2442">
    <p class='ocr_par' dir='ltr' id='par_1_91' title="bbox 257 2407 1043 2442">
     <span class='ocr_line' id='line_1_93' title="bbox 257 2407 1043 2442; baseline -0.005 -6"><span class='ocrx_word' id='word_1_673' title='bbox 257 2409 368 2436; x_wconf 88' lang='lat' dir='ltr'><strong>dicense</strong></span> <span class='ocrx_word' id='word_1_674' title='bbox 384 2407 530 2434; x_wconf 82' lang='lat' dir='ltr'><strong>concilium</strong></span> <span class='ocrx_word' id='word_1_675' title='bbox 543 2415 647 2434; x_wconf 85' lang='lat' dir='ltr'><strong>canone</strong></span> <span class='ocrx_word' id='word_1_676' title='bbox 665 2407 682 2433; x_wconf 74' lang='grc'>4</span> <span class='ocrx_word' id='word_1_677' title='bbox 701 2411 727 2434; x_wconf 88' lang='lat' dir='ltr'><strong>et</strong></span> <span class='ocrx_word' id='word_1_678' title='bbox 748 2407 775 2439; x_wconf 83' lang='lat'><strong>7,</strong></span> <span class='ocrx_word' id='word_1_679' title='bbox 791 2407 871 2442; x_wconf 82' lang='lat' dir='ltr'><strong>plane</strong></span> <span class='ocrx_word' id='word_1_680' title='bbox 886 2407 957 2434; x_wconf 89' lang='lat' dir='ltr'><strong>idem</strong></span> <span class='ocrx_word' id='word_1_681' title='bbox 976 2415 1043 2433; x_wconf 88' lang='lat' dir='ltr'><strong>cou-</strong></span> 
     </span>
    </p>
   </div>
   <div class='ocr_carea' id='block_1_92' title="bbox 258 2441 1043 2477">
    <p class='ocr_par' dir='ltr' id='par_1_92' title="bbox 258 2441 1043 2477">
     <span class='ocr_line' id='line_1_94' title="bbox 258 2441 1043 2477; baseline -0.004 -6"><span class='ocrx_word' id='word_1_682' title='bbox 258 2443 379 2471; x_wconf 80' lang='lat' dir='ltr'><strong>stituerit</strong></span> <span class='ocrx_word' id='word_1_683' title='bbox 393 2446 400 2468; x_wconf 70' lang='grc' dir='ltr'>ξ</span> <span class='ocrx_word' id='word_1_684' title='bbox 416 2442 544 2476; x_wconf 88' lang='lat' dir='ltr'><strong>quodque</strong></span> <span class='ocrx_word' id='word_1_685' title='bbox 555 2441 680 2469; x_wconf 78' lang='lat' dir='ltr'><strong>Gelasius</strong></span> <span class='ocrx_word' id='word_1_686' title='bbox 692 2442 719 2469; x_wconf 92' lang='lat' dir='ltr'><strong>in</strong></span> <span class='ocrx_word' id='word_1_687' title='bbox 730 2443 853 2477; x_wconf 88' lang='lat' dir='ltr'><strong>epistolis</strong></span> <span class='ocrx_word' id='word_1_688' title='bbox 866 2443 898 2468; x_wconf 86' lang='lat' dir='ltr'><strong>ad</strong></span> <span class='ocrx_word' id='word_1_689' title='bbox 913 2442 1043 2469; x_wconf 80' lang='lat' dir='ltr'><strong>Faustum</strong></span> 
     </span>
    </p>
   </div>
   <div class='ocr_carea' id='block_1_93' title="bbox 257 2477 1044 2512">
    <p class='ocr_par' dir='ltr' id='par_1_93' title="bbox 257 2477 1044 2512">
     <span class='ocr_line' id='line_1_95' title="bbox 257 2477 1044 2512; baseline -0.004 -6"><span class='ocrx_word' id='word_1_690' title='bbox 257 2484 285 2506; x_wconf 87' lang='lat' dir='ltr'><strong>et</strong></span> <span class='ocrx_word' id='word_1_691' title='bbox 301 2479 333 2505; x_wconf 89' lang='lat' dir='ltr'><strong>ad</strong></span> <span class='ocrx_word' id='word_1_692' title='bbox 349 2478 493 2512; x_wconf 86' lang='lat' dir='ltr'><strong>episcopos</strong></span> <span class='ocrx_word' id='word_1_693' title='bbox 510 2477 651 2504; x_wconf 66' lang='lat' dir='ltr'><strong>Dardaniae</strong></span> <span class='ocrx_word' id='word_1_694' title='bbox 665 2477 778 2510; x_wconf 85' lang='lat' dir='ltr'><strong>scribat,</strong></span> <span class='ocrx_word' id='word_1_695' title='bbox 795 2478 944 2504; x_wconf 87' lang='lat' dir='ltr'><strong>secundum</strong></span> <span class='ocrx_word' id='word_1_696' title='bbox 961 2484 1044 2512; x_wconf 74' lang='lat' dir='ltr'><strong>eano-</strong></span> 
     </span>
    </p>
   </div>
   <div class='ocr_carea' id='block_1_94' title="bbox 258 2511 1044 2547">
    <p class='ocr_par' dir='ltr' id='par_1_94' title="bbox 258 2511 1044 2547">
     <span class='ocr_line' id='line_1_96' title="bbox 258 2511 1044 2547; baseline -0.004 -6"><span class='ocrx_word' id='word_1_697' title='bbox 258 2522 307 2541; x_wconf 82' lang='lat' dir='ltr'><strong>nes</strong></span> <span class='ocrx_word' id='word_1_698' title='bbox 323 2511 391 2543; x_wconf 76' lang='lat' dir='ltr'><strong>lieri,</strong></span> <span class='ocrx_word' id='word_1_699' title='bbox 407 2513 479 2547; x_wconf 89' lang='lat' dir='ltr'><strong>quod</strong></span> <span class='ocrx_word' id='word_1_700' title='bbox 493 2513 576 2539; x_wconf 88' lang='lat' dir='ltr'><strong>totius</strong></span> <span class='ocrx_word' id='word_1_701' title='bbox 590 2511 718 2539; x_wconf 63' lang='lat' dir='ltr'><strong>Ecclesia:</strong></span> <span class='ocrx_word' id='word_1_702' title='bbox 733 2513 927 2547; x_wconf 82' lang='lat' dir='ltr'><strong>appellationes</strong></span> <span class='ocrx_word' id='word_1_703' title='bbox 943 2512 977 2539; x_wconf 89' lang='lat' dir='ltr'><strong>ad</strong></span> <span class='ocrx_word' id='word_1_704' title='bbox 989 2511 1044 2538; x_wconf 83' lang='lat' dir='ltr'><strong>Ro-</strong></span> 
     </span>
    </p>
   </div>
   <div class='ocr_carea' id='block_1_95' title="bbox 259 2548 1042 2581">
    <p class='ocr_par' dir='ltr' id='par_1_95' title="bbox 259 2548 1042 2581">
     <span class='ocr_line' id='line_1_97' title="bbox 259 2548 1042 2581; baseline -0.003 -6"><span class='ocrx_word' id='word_1_705' title='bbox 259 2556 346 2576; x_wconf 66' lang='lat' dir='ltr'><strong>mana:</strong></span> <span class='ocrx_word' id='word_1_706' title='bbox 362 2548 434 2575; x_wconf 86' lang='lat' dir='ltr'><strong>sedis</strong></span> <span class='ocrx_word' id='word_1_707' title='bbox 448 2555 562 2574; x_wconf 79' lang='lat' dir='ltr'><strong>exanien</strong></span> <span class='ocrx_word' id='word_1_708' title='bbox 576 2548 744 2580; x_wconf 82' lang='lat' dir='ltr'><strong>deferantur,</strong></span> <span class='ocrx_word' id='word_1_709' title='bbox 761 2548 795 2574; x_wconf 84' lang='lat' dir='ltr'><strong>ab</strong></span> <span class='ocrx_word' id='word_1_710' title='bbox 811 2548 868 2581; x_wconf 87' lang='lat' dir='ltr'><strong>ipsa</strong></span> <span class='ocrx_word' id='word_1_711' title='bbox 886 2552 976 2574; x_wconf 84' lang='lat' dir='ltr'><strong>autem</strong></span> <span class='ocrx_word' id='word_1_712' title='bbox 993 2555 1042 2581; x_wconf 87' lang='lat' dir='ltr'><strong>ap—</strong></span> 
     </span>
    </p>
   </div>
   <div class='ocr_carea' id='block_1_96' title="bbox 259 2582 1042 2619">
    <p class='ocr_par' dir='ltr' id='par_1_96' title="bbox 259 2582 1042 2619">
     <span class='ocr_line' id='line_1_98' title="bbox 259 2582 1042 2619; baseline -0.003 -9"><span class='ocrx_word' id='word_1_713' title='bbox 259 2584 363 2619; x_wconf 69' lang='lat' dir='ltr'><strong>pellare</strong></span> <span class='ocrx_word' id='word_1_714' title='bbox 383 2583 485 2610; x_wconf 84' lang='lat' dir='ltr'><strong>nemini</strong></span> <span class='ocrx_word' id='word_1_715' title='bbox 507 2584 689 2617; x_wconf 86' lang='lat' dir='ltr'><strong>permittatur.</strong></span> <span class='ocrx_word' id='word_1_716' title='bbox 710 2582 786 2619; x_wconf 72' lang='lat' dir='ltr'><strong>lianc</strong></span> <span class='ocrx_word' id='word_1_717' title='bbox 795 2582 960 2619; x_wconf 4' lang='lat' dir='ltr'><strong>appellandi,</strong></span> <span class='ocrx_word' id='word_1_718' title='bbox 975 2590 1042 2619; x_wconf 81' lang='lat' dir='ltr'><strong>con-</strong></span> 
     </span>
    </p>
   </div>
   <div class='ocr_carea' id='block_1_97' title="bbox 258 2617 1041 2652">
    <p class='ocr_par' dir='ltr' id='par_1_97' title="bbox 258 2617 1041 2652">
     <span class='ocr_line' id='line_1_99' title="bbox 258 2617 1041 2652; baseline 0 -7"><span class='ocrx_word' id='word_1_719' title='bbox 258 2617 430 2646; x_wconf 75' lang='lat' dir='ltr'><strong>suetudinem</strong></span> <span class='ocrx_word' id='word_1_720' title='bbox 448 2618 668 2652; x_wconf 80' lang='lat' dir='ltr'><strong>antiquissimam</strong></span> <span class='ocrx_word' id='word_1_721' title='bbox 681 2626 741 2645; x_wconf 84' lang='lat' dir='ltr'><strong>esse</strong></span> <span class='ocrx_word' id='word_1_722' title='bbox 757 2617 785 2644; x_wconf 88' lang='lat' dir='ltr'><strong>S.</strong></span> <span class='ocrx_word' id='word_1_723' title='bbox 795 2617 859 2650; x_wconf 87' lang='lat' dir='ltr'><strong>Leo,</strong></span> <span class='ocrx_word' id='word_1_724' title='bbox 867 2617 979 2652; x_wconf 87' lang='lat' dir='ltr'><strong>epistola</strong></span> <span class='ocrx_word' id='word_1_725' title='bbox 992 2617 1026 2643; x_wconf 89' lang='lat'><strong>89</strong></span> <span class='ocrx_word' id='word_1_726' title='bbox 1038 2639 1041 2645; x_wconf 93' lang='lat'><strong>.</strong></span> 
     </span>
    </p>
   </div>
   <div class='ocr_carea' id='block_1_98' title="bbox 258 2652 1043 2687">
    <p class='ocr_par' dir='ltr' id='par_1_98' title="bbox 258 2652 1043 2687">
     <span class='ocr_line' id='line_1_100' title="bbox 258 2652 1043 2687; baseline -0.003 -7"><span class='ocrx_word' id='word_1_727' title='bbox 258 2657 385 2686; x_wconf 77' lang='lat' dir='ltr'><strong>testatur,</strong></span> <span class='ocrx_word' id='word_1_728' title='bbox 401 2657 428 2680; x_wconf 87' lang='lat' dir='ltr'><strong>et</strong></span> <span class='ocrx_word' id='word_1_729' title='bbox 449 2653 703 2687; x_wconf 75' lang='lat' dir='ltr'><strong>antiquissimorum</strong></span> <span class='ocrx_word' id='word_1_730' title='bbox 731 2653 763 2679; x_wconf 89' lang='lat' dir='ltr'><strong>ad</strong></span> <span class='ocrx_word' id='word_1_731' title='bbox 780 2653 872 2680; x_wconf 88' lang='lat' dir='ltr'><strong>sedem</strong></span> <span class='ocrx_word' id='word_1_732' title='bbox 891 2652 1043 2687; x_wconf 79' lang='lat' dir='ltr'><strong>llotnanam</strong></span> 
     </span>
    </p>
   </div>
   <div class='ocr_carea' id='block_1_99' title="bbox 259 2686 1045 2723">
    <p class='ocr_par' dir='ltr' id='par_1_99' title="bbox 259 2686 1045 2723">
     <span class='ocr_line' id='line_1_101' title="bbox 259 2686 1045 2723; baseline -0.003 -8"><span class='ocrx_word' id='word_1_733' title='bbox 259 2688 456 2723; x_wconf 75' lang='lat' dir='ltr'><strong>appellantium</strong></span> <span class='ocrx_word' id='word_1_734' title='bbox 467 2686 590 2723; x_wconf 72' lang='lat' dir='ltr'><strong>exempla</strong></span> <span class='ocrx_word' id='word_1_735' title='bbox 603 2688 776 2715; x_wconf 78' lang='lat' dir='ltr'><strong>conﬁrmant.</strong></span> <span class='ocrx_word' id='word_1_736' title='bbox 794 2687 911 2714; x_wconf 84' lang='lat' dir='ltr'><strong>Marcion</strong></span> <span class='ocrx_word' id='word_1_737' title='bbox 920 2687 997 2723; x_wconf 66' lang='lat' dir='ltr'><strong>enim</strong></span> <span class='ocrx_word' id='word_1_738' title='bbox 1011 2686 1045 2713; x_wconf 84' lang='lat' dir='ltr'><strong>ab</strong></span> 
     </span>
    </p>
   </div>
   <div class='ocr_carea' id='block_1_100' title="bbox 258 2721 1045 2758">
    <p class='ocr_par' dir='ltr' id='par_1_100' title="bbox 258 2721 1045 2758">
     <span class='ocr_line' id='line_1_102' title="bbox 258 2721 1045 2758; baseline -0.005 -7"><span class='ocrx_word' id='word_1_739' title='bbox 258 2721 387 2758; x_wconf 72' lang='lat' dir='ltr'><strong>episcopo</strong></span> <span class='ocrx_word' id='word_1_740' title='bbox 402 2723 429 2749; x_wconf 93' lang='lat' dir='ltr'><strong>in</strong></span> <span class='ocrx_word' id='word_1_741' title='bbox 445 2722 533 2750; x_wconf 88' lang='lat' dir='ltr'><strong>Ponto</strong></span> <span class='ocrx_word' id='word_1_742' title='bbox 547 2721 803 2750; x_wconf 75' lang='lat' dir='ltr'><strong>excommunicatus</strong></span> <span class='ocrx_word' id='word_1_743' title='bbox 813 2743 819 2754; x_wconf 94' lang='lat'><strong>,</strong></span> <span class='ocrx_word' id='word_1_744' title='bbox 843 2727 904 2758; x_wconf 18' lang='lat' dir='ltr'><strong>utia</strong></span> <span class='ocrx_word' id='word_1_745' title='bbox 919 2721 1045 2758; x_wconf 72' lang='lat' dir='ltr'><strong>Romano</strong></span> 
     </span>
    </p>
   </div>
   <div class='ocr_carea' id='block_1_101' title="bbox 259 2757 1045 2793">
    <p class='ocr_par' dir='ltr' id='par_1_101' title="bbox 259 2757 1045 2793">
     <span class='ocr_line' id='line_1_103' title="bbox 259 2757 1045 2793; baseline -0.003 -8"><span class='ocrx_word' id='word_1_746' title='bbox 259 2758 386 2793; x_wconf 67' lang='lat' dir='ltr'><strong>pontiﬁce</strong></span> <span class='ocrx_word' id='word_1_747' title='bbox 401 2757 607 2793; x_wconf 74' lang='lat' dir='ltr'><strong>absolveretur,</strong></span> <span class='ocrx_word' id='word_1_748' title='bbox 634 2758 749 2785; x_wconf 80' lang='lat' dir='ltr'><strong>Romam</strong></span> <span class='ocrx_word' id='word_1_749' title='bbox 770 2758 853 2784; x_wconf 88' lang='lat' dir='ltr'><strong>venit.</strong></span> <span class='ocrx_word' id='word_1_750' title='bbox 876 2757 1045 2793; x_wconf 78' lang='lat' dir='ltr'><strong>Epiphanius</strong></span> 
     </span>
    </p>
   </div>
   <div class='ocr_carea' id='block_1_102' title="bbox 258 2792 1043 2827">
    <p class='ocr_par' dir='ltr' id='par_1_102' title="bbox 258 2792 1043 2827">
     <span class='ocr_line' id='line_1_104' title="bbox 258 2792 1043 2827; baseline -0.004 -7"><span class='ocrx_word' id='word_1_751' title='bbox 258 2792 354 2820; x_wconf 70' lang='lat' dir='ltr'><strong>lucrost</strong></span> <span class='ocrx_word' id='word_1_752' title='bbox 371 2793 411 2820; x_wconf 67' lang='lat'><strong>£2.</strong></span> <span class='ocrx_word' id='word_1_753' title='bbox 423 2792 589 2820; x_wconf 85' lang='lat' dir='ltr'><strong>Fortunatus</strong></span> <span class='ocrx_word' id='word_1_754' title='bbox 601 2798 627 2820; x_wconf 89' lang='lat' dir='ltr'><strong>et</strong></span> <span class='ocrx_word' id='word_1_755' title='bbox 640 2793 713 2819; x_wconf 77' lang='lat' dir='ltr'><strong>Felix</strong></span> <span class='ocrx_word' id='word_1_756' title='bbox 727 2793 753 2819; x_wconf 91' lang='lat' dir='ltr'><strong>in</strong></span> <span class='ocrx_word' id='word_1_757' title='bbox 766 2793 857 2820; x_wconf 82' lang='lat' dir='ltr'><strong>Africa</strong></span> <span class='ocrx_word' id='word_1_758' title='bbox 871 2801 885 2819; x_wconf 92' lang='lat' dir='ltr'><strong>a</strong></span> <span class='ocrx_word' id='word_1_759' title='bbox 897 2792 1043 2827; x_wconf 71' lang='lat' dir='ltr'><strong>Cypriane,</strong></span> 
     </span>
    </p>
   </div>
   <div class='ocr_carea' id='block_1_103' title="bbox 260 2827 1045 2862">
    <p class='ocr_par' dir='ltr' id='par_1_103' title="bbox 260 2827 1045 2862">
     <span class='ocr_line' id='line_1_105' title="bbox 260 2827 1045 2862; baseline -0.003 -8"><span class='ocrx_word' id='word_1_760' title='bbox 260 2827 388 2862; x_wconf 62' lang='lat' dir='ltr'><strong>Basilides</strong></span> <span class='ocrx_word' id='word_1_761' title='bbox 420 2827 448 2862; x_wconf 80' lang='lat' dir='ltr'><strong>in</strong></span> <span class='ocrx_word' id='word_1_762' title='bbox 473 2827 614 2862; x_wconf 85' lang='lat' dir='ltr'><strong>Hispania,</strong></span> <span class='ocrx_word' id='word_1_763' title='bbox 639 2828 767 2862; x_wconf 66' lang='lat' dir='ltr'><strong>depositi,</strong></span> <span class='ocrx_word' id='word_1_764' title='bbox 791 2828 824 2854; x_wconf 90' lang='lat' dir='ltr'><strong>ad</strong></span> <span class='ocrx_word' id='word_1_765' title='bbox 838 2828 995 2855; x_wconf 83' lang='lat' dir='ltr'><strong>Cornelium</strong></span> <span class='ocrx_word' id='word_1_766' title='bbox 1018 2831 1045 2853; x_wconf 82' lang='lat' dir='ltr'><strong>et</strong></span> 
     </span>
    </p>
   </div>
   <div class='ocr_carea' id='block_1_104' title="bbox 258 2861 1042 2898">
    <p class='ocr_par' dir='ltr' id='par_1_104' title="bbox 258 2861 1042 2898">
     <span class='ocr_line' id='line_1_106' title="bbox 258 2861 1042 2898; baseline 0 -8"><span class='ocrx_word' id='word_1_767' title='bbox 258 2861 427 2894; x_wconf 77' lang='lat' dir='ltr'><strong>Stepnanum</strong></span> <span class='ocrx_word' id='word_1_768' title='bbox 439 2861 566 2890; x_wconf 78' lang='lat' dir='ltr'><strong>Romana:</strong></span> <span class='ocrx_word' id='word_1_769' title='bbox 577 2861 703 2891; x_wconf 63' lang='lat' dir='ltr'><strong>Ecclesiae</strong></span> <span class='ocrx_word' id='word_1_770' title='bbox 713 2864 854 2898; x_wconf 82' lang='lat' dir='ltr'><strong>pontiﬁces</strong></span> <span class='ocrx_word' id='word_1_771' title='bbox 863 2863 1042 2898; x_wconf 87' lang='lat' dir='ltr'><strong>appellarunt.</strong></span> 
     </span>
    </p>
   </div>
   <div class='ocr_carea' id='block_1_105' title="bbox 1096 2227 1879 2264">
    <p class='ocr_par' dir='ltr' id='par_1_105' title="bbox 1096 2227 1879 2264">
     <span class='ocr_line' id='line_1_107' title="bbox 1096 2227 1879 2264; baseline -0.005 -7"><span class='ocrx_word' id='word_1_772' title='bbox 1096 2227 1324 2261; x_wconf 41' lang='lat' dir='ltr'><strong>ali-orientalibus</strong></span> <span class='ocrx_word' id='word_1_773' title='bbox 1335 2227 1492 2264; x_wconf 66' lang='lat' dir='ltr'><strong>depositus,</strong></span> <span class='ocrx_word' id='word_1_774' title='bbox 1507 2229 1542 2256; x_wconf 86' lang='lat' dir='ltr'><strong>ad</strong></span> <span class='ocrx_word' id='word_1_775' title='bbox 1555 2228 1711 2264; x_wconf 65' lang='lat' dir='ltr'><strong>pontiﬁcem</strong></span> <span class='ocrx_word' id='word_1_776' title='bbox 1726 2227 1879 2264; x_wconf 68' lang='lat' dir='ltr'><strong>appellat-ii,</strong></span> 
     </span>
    </p>
   </div>
   <div class='ocr_carea' id='block_1_106' title="bbox 1094 2262 1879 2298">
    <p class='ocr_par' dir='ltr' id='par_1_106' title="bbox 1094 2262 1879 2298">
     <span class='ocr_line' id='line_1_108' title="bbox 1094 2262 1879 2298; baseline -0.006 -6"><span class='ocrx_word' id='word_1_777' title='bbox 1094 2270 1121 2292; x_wconf 88' lang='lat' dir='ltr'><strong>et</strong></span> <span class='ocrx_word' id='word_1_778' title='bbox 1141 2266 1174 2292; x_wconf 86' lang='lat' dir='ltr'><strong>ab</strong></span> <span class='ocrx_word' id='word_1_779' title='bbox 1196 2273 1229 2292; x_wconf 89' lang='lat' dir='ltr'><strong>eo</strong></span> <span class='ocrx_word' id='word_1_780' title='bbox 1246 2262 1388 2292; x_wconf 72' lang='lat' dir='ltr'><strong>restitutus</strong></span> <span class='ocrx_word' id='word_1_781' title='bbox 1400 2268 1451 2291; x_wconf 87' lang='lat' dir='ltr'><strong>est.</strong></span> <span class='ocrx_word' id='word_1_782' title='bbox 1465 2262 1633 2291; x_wconf 86' lang='lat' dir='ltr'><strong>Sozonienus</strong></span> <span class='ocrx_word' id='word_1_783' title='bbox 1647 2263 1696 2290; x_wconf 90' lang='lat' dir='ltr'><strong>lib.</strong></span> <span class='ocrx_word' id='word_1_784' title='bbox 1716 2262 1836 2298; x_wconf 49' lang='grc' dir='ltr'>ιιιζειρ.</span> <span class='ocrx_word' id='word_1_785' title='bbox 1856 2262 1879 2287; x_wconf 76' lang='lat'><strong>7.</strong></span> 
     </span>
    </p>
   </div>
   <div class='ocr_carea' id='block_1_107' title="bbox 1094 2298 1878 2362">
    <p class='ocr_par' dir='ltr' id='par_1_107' title="bbox 1094 2298 1878 2362">
     <span class='ocr_line' id='line_1_109' title="bbox 1094 2298 1878 2362; baseline -0.005 -35"><span class='ocrx_word' id='word_1_786' title='bbox 1094 2300 1252 2362; x_wconf 44' lang='lat' dir='ltr'><strong>Pluragp&#39;idle</strong></span> <span class='ocrx_word' id='word_1_787' title='bbox 1267 2300 1339 2335; x_wconf 89' lang='lat' dir='ltr'><strong>apud</strong></span> <span class='ocrx_word' id='word_1_788' title='bbox 1352 2298 1479 2326; x_wconf 82' lang='lat' dir='ltr'><strong>Bellarm.</strong></span> <span class='ocrx_word' id='word_1_789' title='bbox 1493 2299 1539 2326; x_wconf 90' lang='lat' dir='ltr'><strong>lib.</strong></span> <span class='ocrx_word' id='word_1_790' title='bbox 1555 2306 1585 2333; x_wconf 86' lang='lat' dir='ltr'><strong>tt,</strong></span> <span class='ocrx_word' id='word_1_791' title='bbox 1602 2298 1640 2325; x_wconf 87' lang='lat' dir='ltr'><strong>De</strong></span> <span class='ocrx_word' id='word_1_792' title='bbox 1653 2298 1772 2325; x_wconf 75' lang='lat' dir='ltr'><strong>Roman.</strong></span> <span class='ocrx_word' id='word_1_793' title='bbox 1787 2298 1878 2334; x_wconf 79' lang='lat' dir='ltr'><strong>pontif.</strong></span> 
     </span>
     <span class='ocr_line' id='line_1_110' title="bbox 1095 2343 1270 2362; baseline 0 0"><span class='ocrx_word' id='word_1_794' title='bbox 1095 2344 1154 2362; x_wconf 90' lang='lat' dir='ltr'><strong>ean.</strong></span> <span class='ocrx_word' id='word_1_795' title='bbox 1208 2355 1215 2362; x_wconf 92' lang='lat'><strong>.</strong></span> <span class='ocrx_word' id='word_1_796' title='bbox 1244 2343 1270 2362; x_wconf 79' lang='grc' dir='ltr'><strong>ι).</strong></span> 
     </span>
    </p>
   </div>
   <div class='ocr_carea' id='block_1_108' title="bbox 1095 2343 1270 2363">
    <p class='ocr_par' dir='ltr' id='par_1_108' title="bbox 1095 2343 1270 2363">
     <span class='ocr_line' id='line_1_111' title="bbox 1095 2343 1270 2363; baseline -0.011 0"><span class='ocrx_word' id='word_1_797' title='bbox 1095 2344 1154 2363; x_wconf 89' lang='lat' dir='ltr'><strong>can.</strong></span> <span class='ocrx_word' id='word_1_798' title='bbox 1170 2343 1200 2362; x_wconf 84' lang='grc' dir='ltr'><strong>ΖΙ</strong></span> <span class='ocrx_word' id='word_1_799' title='bbox 1208 2355 1215 2362; x_wconf 87' lang='grc'><strong>.</strong></span> <span class='ocrx_word' id='word_1_800' title='bbox 1233 2343 1270 2362; x_wconf 88' lang='lat' dir='ltr'><strong>ID.</strong></span> 
     </span>
    </p>
   </div>
   <div class='ocr_carea' id='block_1_109' title="bbox 1129 2345 1879 2406">
    <p class='ocr_par' dir='ltr' id='par_1_109' title="bbox 1129 2345 1879 2406">
     <span class='ocr_line' id='line_1_112' title="bbox 1129 2345 1879 2406; baseline -0.004 -8"><span class='ocrx_word' id='word_1_801' title='bbox 1162 2345 1343 2406; x_wconf 43' lang='lat' dir='ltr'><strong>Sicilinum</strong></span> <span class='ocrx_word' id='word_1_802' title='bbox 1355 2369 1469 2404; x_wconf 81' lang='lat' dir='ltr'><strong>apostoli</strong></span> <span class='ocrx_word' id='word_1_803' title='bbox 1482 2370 1530 2406; x_wconf 58' lang='lat' dir='ltr'><strong>hoc</strong></span> <span class='ocrx_word' id='word_1_804' title='bbox 1548 2373 1709 2406; x_wconf 77' lang='lat' dir='ltr'><strong>statuerunt.</strong></span> <span class='ocrx_word' id='word_1_805' title='bbox 1727 2368 1808 2406; x_wconf 66' lang='lat' dir='ltr'><strong>[lane</strong></span> <span class='ocrx_word' id='word_1_806' title='bbox 1820 2376 1879 2403; x_wconf 88' lang='lat' dir='ltr'><strong>apo-</strong></span> 
     </span>
    </p>
   </div>
   <div class='ocr_carea' id='block_1_110' title="bbox 1096 2404 1878 2434">
    <p class='ocr_par' dir='ltr' id='par_1_110' title="bbox 1096 2404 1878 2434">
     <span class='ocr_line' id='line_1_113' title="bbox 1096 2404 1878 2434; baseline -0.006 0"><span class='ocrx_word' id='word_1_807' title='bbox 1096 2404 1229 2434; x_wconf 83' lang='lat' dir='ltr'><strong>stolorum</strong></span> <span class='ocrx_word' id='word_1_808' title='bbox 1258 2405 1480 2432; x_wconf 82' lang='lat' dir='ltr'><strong>constitutionem</strong></span> <span class='ocrx_word' id='word_1_809' title='bbox 1505 2405 1631 2432; x_wconf 87' lang='lat' dir='ltr'><strong>Clemens</strong></span> <span class='ocrx_word' id='word_1_810' title='bbox 1651 2405 1670 2431; x_wconf 91' lang='lat' dir='ltr'><strong>l.</strong></span> <span class='ocrx_word' id='word_1_811' title='bbox 1699 2412 1719 2430; x_wconf 93' lang='grc' dir='ltr'><strong>ιι</strong></span> <span class='ocrx_word' id='word_1_812' title='bbox 1748 2404 1878 2434; x_wconf 76' lang='lat' dir='ltr'><strong>Cottstit.,</strong></span> 
     </span>
    </p>
   </div>
   <div class='ocr_carea' id='block_1_111' title="bbox 1095 2438 1878 2475">
    <p class='ocr_par' dir='ltr' id='par_1_111' title="bbox 1095 2438 1878 2475">
     <span class='ocr_line' id='line_1_114' title="bbox 1095 2438 1878 2475; baseline -0.004 -7"><span class='ocrx_word' id='word_1_813' title='bbox 1095 2449 1120 2468; x_wconf 90' lang='lat' dir='ltr'><strong>e.</strong></span> <span class='ocrx_word' id='word_1_814' title='bbox 1134 2442 1186 2474; x_wconf 68' lang='grc'><strong>45,</strong></span> <span class='ocrx_word' id='word_1_815' title='bbox 1201 2449 1234 2468; x_wconf 77' lang='lat' dir='ltr'><strong>ex</strong></span> <span class='ocrx_word' id='word_1_816' title='bbox 1251 2441 1475 2475; x_wconf 84' lang='lat' dir='ltr'><strong>interpretatione</strong></span> <span class='ocrx_word' id='word_1_817' title='bbox 1489 2439 1616 2467; x_wconf 87' lang='lat' dir='ltr'><strong>Turriaui</strong></span> <span class='ocrx_word' id='word_1_818' title='bbox 1628 2460 1635 2472; x_wconf 85' lang='lat'><strong>,</strong></span> <span class='ocrx_word' id='word_1_819' title='bbox 1656 2447 1690 2466; x_wconf 81' lang='lat' dir='ltr'><strong>ex</strong></span> <span class='ocrx_word' id='word_1_820' title='bbox 1707 2438 1787 2466; x_wconf 75' lang='lat' dir='ltr'><strong>Bovii</strong></span> <span class='ocrx_word' id='word_1_821' title='bbox 1803 2440 1878 2475; x_wconf 79' lang='lat' dir='ltr'><strong>inter-</strong></span> 
     </span>
    </p>
   </div>
   <div class='ocr_carea' id='block_1_112' title="bbox 1095 2473 1879 2511">
    <p class='ocr_par' dir='ltr' id='par_1_112' title="bbox 1095 2473 1879 2511">
     <span class='ocr_line' id='line_1_115' title="bbox 1095 2473 1879 2511; baseline -0.005 -7"><span class='ocrx_word' id='word_1_822' title='bbox 1095 2477 1244 2511; x_wconf 88' lang='lat' dir='ltr'><strong>pretatione</strong></span> <span class='ocrx_word' id='word_1_823' title='bbox 1258 2473 1347 2503; x_wconf 84' lang='lat' dir='ltr'><strong>autem</strong></span> <span class='ocrx_word' id='word_1_824' title='bbox 1365 2484 1390 2502; x_wconf 88' lang='lat' dir='ltr'><strong>c.</strong></span> <span class='ocrx_word' id='word_1_825' title='bbox 1405 2475 1450 2506; x_wconf 67' lang='lat'><strong>49,</strong></span> <span class='ocrx_word' id='word_1_826' title='bbox 1465 2480 1589 2503; x_wconf 85' lang='lat' dir='ltr'><strong>recenset</strong></span> <span class='ocrx_word' id='word_1_827' title='bbox 1603 2475 1646 2511; x_wconf 85' lang='lat' dir='ltr'><strong>his</strong></span> <span class='ocrx_word' id='word_1_828' title='bbox 1656 2474 1751 2511; x_wconf 79' lang='lat' dir='ltr'><strong>verbis</strong></span> <span class='ocrx_word' id='word_1_829' title='bbox 1765 2483 1772 2501; x_wconf 89' lang='lat'><strong>:</strong></span> <span class='ocrx_word' id='word_1_830' title='bbox 1790 2483 1800 2500; x_wconf 76' lang='grc' dir='ltr'>ί</span> <span class='ocrx_word' id='word_1_831' title='bbox 1815 2473 1879 2500; x_wconf 66' lang='lat' dir='ltr'><strong>Pr:-</strong></span> 
     </span>
    </p>
   </div>
   <div class='ocr_carea' id='block_1_113' title="bbox 1095 2510 1878 2543">
    <p class='ocr_par' dir='ltr' id='par_1_113' title="bbox 1095 2510 1878 2543">
     <span class='ocr_line' id='line_1_116' title="bbox 1095 2510 1878 2543; baseline -0.005 -5"><span class='ocrx_word' id='word_1_832' title='bbox 1095 2510 1168 2539; x_wconf 78' lang='lat' dir='ltr'><strong>clara</strong></span> <span class='ocrx_word' id='word_1_833' title='bbox 1185 2511 1334 2539; x_wconf 88' lang='lat' dir='ltr'><strong>Christiani</strong></span> <span class='ocrx_word' id='word_1_834' title='bbox 1351 2511 1411 2538; x_wconf 82' lang='lat' dir='ltr'><strong>laus</strong></span> <span class='ocrx_word' id='word_1_835' title='bbox 1425 2516 1486 2543; x_wconf 89' lang='lat' dir='ltr'><strong>est,</strong></span> <span class='ocrx_word' id='word_1_836' title='bbox 1507 2518 1569 2538; x_wconf 90' lang='lat' dir='ltr'><strong>cum</strong></span> <span class='ocrx_word' id='word_1_837' title='bbox 1585 2510 1661 2536; x_wconf 91' lang='lat' dir='ltr'><strong>nullo</strong></span> <span class='ocrx_word' id='word_1_838' title='bbox 1679 2510 1785 2536; x_wconf 84' lang='lat' dir='ltr'><strong>habere</strong></span> <span class='ocrx_word' id='word_1_839' title='bbox 1801 2516 1878 2543; x_wconf 70' lang='lat' dir='ltr'><strong>nego~</strong></span> 
     </span>
    </p>
   </div>
   <div class='ocr_carea' id='block_1_114' title="bbox 1095 2545 1878 2580">
    <p class='ocr_par' dir='ltr' id='par_1_114' title="bbox 1095 2545 1878 2580">
     <span class='ocr_line' id='line_1_117' title="bbox 1095 2545 1878 2580; baseline -0.005 -6"><span class='ocrx_word' id='word_1_840' title='bbox 1095 2549 1174 2574; x_wconf 92' lang='lat' dir='ltr'><strong>tium.</strong></span> <span class='ocrx_word' id='word_1_841' title='bbox 1195 2547 1273 2580; x_wconf 83' lang='lat' dir='ltr'><strong>Quod</strong></span> <span class='ocrx_word' id='word_1_842' title='bbox 1300 2547 1323 2573; x_wconf 88' lang='lat' dir='ltr'><strong>si</strong></span> <span class='ocrx_word' id='word_1_843' title='bbox 1347 2554 1380 2573; x_wconf 80' lang='lat' dir='ltr'><strong>ex</strong></span> <span class='ocrx_word' id='word_1_844' title='bbox 1405 2546 1496 2580; x_wconf 84' lang='lat' dir='ltr'><strong>aliqua</strong></span> <span class='ocrx_word' id='word_1_845' title='bbox 1518 2546 1662 2572; x_wconf 81' lang='lat' dir='ltr'><strong>vexatione</strong></span> <span class='ocrx_word' id='word_1_846' title='bbox 1683 2548 1713 2571; x_wconf 86' lang='lat' dir='ltr'><strong>et</strong></span> <span class='ocrx_word' id='word_1_847' title='bbox 1733 2545 1878 2580; x_wconf 74' lang='lat' dir='ltr'><strong>teutatione</strong></span> 
     </span>
    </p>
   </div>
   <div class='ocr_carea' id='block_1_115' title="bbox 1096 2578 1878 2614">
    <p class='ocr_par' dir='ltr' id='par_1_115' title="bbox 1096 2578 1878 2614">
     <span class='ocr_line' id='line_1_118' title="bbox 1096 2578 1878 2614; baseline -0.006 -5"><span class='ocrx_word' id='word_1_848' title='bbox 1096 2583 1176 2610; x_wconf 87' lang='lat' dir='ltr'><strong>alicui</strong></span> <span class='ocrx_word' id='word_1_849' title='bbox 1193 2578 1226 2609; x_wconf 82' lang='lat' dir='ltr'><strong>lis</strong></span> <span class='ocrx_word' id='word_1_850' title='bbox 1244 2582 1357 2613; x_wconf 88' lang='lat' dir='ltr'><strong>oriatur,</strong></span> <span class='ocrx_word' id='word_1_851' title='bbox 1372 2578 1495 2608; x_wconf 46' lang='lat' dir='ltr'><strong>curet—nt</strong></span> <span class='ocrx_word' id='word_1_852' title='bbox 1509 2589 1541 2608; x_wconf 84' lang='lat' dir='ltr'><strong>ea</strong></span> <span class='ocrx_word' id='word_1_853' title='bbox 1566 2580 1752 2614; x_wconf 78' lang='lat' dir='ltr'><strong>transigatur,</strong></span> <span class='ocrx_word' id='word_1_854' title='bbox 1777 2578 1878 2607; x_wconf 77' lang='lat' dir='ltr'><strong>etiamsi</strong></span> 
     </span>
    </p>
   </div>
   <div class='ocr_carea' id='block_1_116' title="bbox 1095 2614 1877 2651">
    <p class='ocr_par' dir='ltr' id='par_1_116' title="bbox 1095 2614 1877 2651">
     <span class='ocr_line' id='line_1_119' title="bbox 1095 2614 1877 2651; baseline -0.005 -7"><span class='ocrx_word' id='word_1_855' title='bbox 1095 2618 1287 2644; x_wconf 86' lang='lat' dir='ltr'><strong>detrimentum</strong></span> <span class='ocrx_word' id='word_1_856' title='bbox 1305 2617 1359 2651; x_wconf 86' lang='lat' dir='ltr'><strong>pati</strong></span> <span class='ocrx_word' id='word_1_857' title='bbox 1375 2616 1489 2649; x_wconf 88' lang='lat' dir='ltr'><strong>debeat;</strong></span> <span class='ocrx_word' id='word_1_858' title='bbox 1517 2623 1567 2643; x_wconf 90' lang='lat' dir='ltr'><strong>nec</strong></span> <span class='ocrx_word' id='word_1_859' title='bbox 1588 2615 1621 2643; x_wconf 92' lang='lat' dir='ltr'><strong>ad</strong></span> <span class='ocrx_word' id='word_1_860' title='bbox 1643 2614 1790 2642; x_wconf 84' lang='lat' dir='ltr'><strong>ethnicum</strong></span> <span class='ocrx_word' id='word_1_861' title='bbox 1807 2614 1877 2651; x_wconf 79' lang='lat' dir='ltr'><strong>judi-</strong></span> 
     </span>
    </p>
   </div>
   <div class='ocr_carea' id='block_1_117' title="bbox 1095 2651 1875 2686">
    <p class='ocr_par' dir='ltr' id='par_1_117' title="bbox 1095 2651 1875 2686">
     <span class='ocr_line' id='line_1_120' title="bbox 1095 2651 1875 2686; baseline -0.006 -7"><span class='ocrx_word' id='word_1_862' title='bbox 1095 2653 1168 2679; x_wconf 89' lang='lat' dir='ltr'><strong>cium</strong></span> <span class='ocrx_word' id='word_1_863' title='bbox 1185 2652 1312 2684; x_wconf 83' lang='lat' dir='ltr'><strong>accedat,</strong></span> <span class='ocrx_word' id='word_1_864' title='bbox 1335 2652 1381 2679; x_wconf 87' lang='lat' dir='ltr'><strong>sed</strong></span> <span class='ocrx_word' id='word_1_865' title='bbox 1404 2660 1453 2678; x_wconf 85' lang='lat' dir='ltr'><strong>nec</strong></span> <span class='ocrx_word' id='word_1_866' title='bbox 1474 2652 1593 2686; x_wconf 87' lang='lat' dir='ltr'><strong>patiatur</strong></span> <span class='ocrx_word' id='word_1_867' title='bbox 1608 2651 1783 2686; x_wconf 52' lang='lat' dir='ltr'><strong>mundanas</strong></span> <span class='ocrx_word' id='word_1_868' title='bbox 1799 2655 1875 2686; x_wconf 72' lang='lat' dir='ltr'><strong>ningu-</strong></span> 
     </span>
    </p>
   </div>
   <div class='ocr_carea' id='block_1_118' title="bbox 1095 2684 1875 2721">
    <p class='ocr_par' dir='ltr' id='par_1_118' title="bbox 1095 2684 1875 2721">
     <span class='ocr_line' id='line_1_121' title="bbox 1095 2684 1875 2721; baseline -0.009 -5"><span class='ocrx_word' id='word_1_869' title='bbox 1095 2691 1197 2716; x_wconf 87' lang='lat' dir='ltr'><strong>stratus</strong></span> <span class='ocrx_word' id='word_1_870' title='bbox 1205 2687 1238 2714; x_wconf 85' lang='lat' dir='ltr'><strong>de</strong></span> <span class='ocrx_word' id='word_1_871' title='bbox 1249 2688 1328 2714; x_wconf 85' lang='lat' dir='ltr'><strong>nobis</strong></span> <span class='ocrx_word' id='word_1_872' title='bbox 1343 2687 1390 2721; x_wconf 77' lang='lat' dir='ltr'><strong>jus</strong></span> <span class='ocrx_word' id='word_1_873' title='bbox 1403 2684 1514 2714; x_wconf 73' lang='lat' dir='ltr'><strong>dicere:</strong></span> <span class='ocrx_word' id='word_1_874' title='bbox 1530 2694 1594 2714; x_wconf 87' lang='lat' dir='ltr'><strong>nam</strong></span> <span class='ocrx_word' id='word_1_875' title='bbox 1611 2693 1660 2719; x_wconf 86' lang='lat' dir='ltr'><strong>per</strong></span> <span class='ocrx_word' id='word_1_876' title='bbox 1677 2684 1741 2721; x_wconf 81' lang='lat' dir='ltr'><strong>illos</strong></span> <span class='ocrx_word' id='word_1_877' title='bbox 1758 2685 1875 2721; x_wconf 76' lang='lat' dir='ltr'><strong>diabolus</strong></span> 
     </span>
    </p>
   </div>
   <div class='ocr_carea' id='block_1_119' title="bbox 1096 2720 1873 2755">
    <p class='ocr_par' dir='ltr' id='par_1_119' title="bbox 1096 2720 1873 2755">
     <span class='ocr_line' id='line_1_122' title="bbox 1096 2720 1873 2755; baseline -0.005 -6"><span class='ocrx_word' id='word_1_878' title='bbox 1096 2730 1188 2749; x_wconf 79' lang='lat' dir='ltr'><strong>servos</strong></span> <span class='ocrx_word' id='word_1_879' title='bbox 1201 2722 1248 2749; x_wconf 88' lang='lat' dir='ltr'><strong>Dei</strong></span> <span class='ocrx_word' id='word_1_880' title='bbox 1263 2720 1354 2755; x_wconf 71' lang='lat' dir='ltr'><strong>vexat,</strong></span> <span class='ocrx_word' id='word_1_881' title='bbox 1373 2727 1401 2748; x_wconf 88' lang='lat' dir='ltr'><strong>et</strong></span> <span class='ocrx_word' id='word_1_882' title='bbox 1416 2722 1493 2749; x_wconf 89' lang='lat' dir='ltr'><strong>nobis</strong></span> <span class='ocrx_word' id='word_1_883' title='bbox 1509 2726 1601 2748; x_wconf 87' lang='lat' dir='ltr'><strong>notam</strong></span> <span class='ocrx_word' id='word_1_884' title='bbox 1615 2720 1717 2752; x_wconf 85' lang='lat' dir='ltr'><strong>inurit,</strong></span> <span class='ocrx_word' id='word_1_885' title='bbox 1733 2720 1813 2754; x_wconf 87' lang='lat' dir='ltr'><strong>quasi</strong></span> <span class='ocrx_word' id='word_1_886' title='bbox 1828 2726 1873 2744; x_wconf 86' lang='lat' dir='ltr'><strong>non</strong></span> 
     </span>
    </p>
   </div>
   <div class='ocr_carea' id='block_1_120' title="bbox 1098 2755 1873 2792">
    <p class='ocr_par' dir='ltr' id='par_1_120' title="bbox 1098 2755 1873 2792">
     <span class='ocr_line' id='line_1_123' title="bbox 1098 2755 1873 2792; baseline -0.006 -8"><span class='ocrx_word' id='word_1_887' title='bbox 1098 2758 1245 2784; x_wconf 85' lang='lat' dir='ltr'><strong>habeamus</strong></span> <span class='ocrx_word' id='word_1_888' title='bbox 1261 2766 1310 2784; x_wconf 90' lang='lat' dir='ltr'><strong>nos</strong></span> <span class='ocrx_word' id='word_1_889' title='bbox 1328 2764 1411 2784; x_wconf 90' lang='lat' dir='ltr'><strong>unutn</strong></span> <span class='ocrx_word' id='word_1_890' title='bbox 1433 2757 1583 2792; x_wconf 79' lang='lat' dir='ltr'><strong>sapientem</strong></span> <span class='ocrx_word' id='word_1_891' title='bbox 1597 2775 1604 2787; x_wconf 84' lang='lat'><strong>,</strong></span> <span class='ocrx_word' id='word_1_892' title='bbox 1629 2755 1677 2790; x_wconf 85' lang='lat' dir='ltr'><strong>qui</strong></span> <span class='ocrx_word' id='word_1_893' title='bbox 1702 2755 1790 2792; x_wconf 83' lang='lat' dir='ltr'><strong>possit</strong></span> <span class='ocrx_word' id='word_1_894' title='bbox 1812 2755 1873 2781; x_wconf 85' lang='lat' dir='ltr'><strong>inter</strong></span> 
     </span>
    </p>
   </div>
   <div class='ocr_carea' id='block_1_121' title="bbox 1097 2791 1873 2854">
    <p class='ocr_par' dir='ltr' id='par_1_121' title="bbox 1097 2791 1873 2854">
     <span class='ocr_line' id='line_1_124' title="bbox 1097 2791 1873 2854; baseline -0.003 -35"><span class='ocrx_word' id='word_1_895' title='bbox 1097 2798 1186 2827; x_wconf 79' lang='lat' dir='ltr'><strong>partes</strong></span> <span class='ocrx_word' id='word_1_896' title='bbox 1205 2793 1250 2854; x_wconf 72' lang='lat' dir='ltr'><strong>jlus</strong></span> <span class='ocrx_word' id='word_1_897' title='bbox 1271 2792 1463 2821; x_wconf 85' lang='lat' dir='ltr'><strong>administrare</strong></span> <span class='ocrx_word' id='word_1_898' title='bbox 1487 2797 1515 2820; x_wconf 87' lang='lat' dir='ltr'><strong>et</strong></span> <span class='ocrx_word' id='word_1_899' title='bbox 1539 2791 1744 2820; x_wconf 70' lang='lat' dir='ltr'><strong>controversias</strong></span> <span class='ocrx_word' id='word_1_900' title='bbox 1771 2797 1873 2825; x_wconf 76' lang='lat' dir='ltr'><strong>compo-</strong></span> 
     </span>
     <span class='ocr_line' id='line_1_125' title="bbox 1097 2836 1251 2854; baseline 0 0"><span class='ocrx_word' id='word_1_901' title='bbox 1097 2836 1169 2854; x_wconf 78' lang='lat' dir='ltr'><strong>llCl‘C.</strong></span> <span class='ocrx_word' id='word_1_902' title='bbox 1187 2837 1196 2853; x_wconf 85' lang='grc'><strong>›</strong></span> <span class='ocrx_word' id='word_1_903' title='bbox 1226 2836 1251 2854; x_wconf 76' lang='grc' dir='ltr'><strong>ι).</strong></span> 
     </span>
    </p>
   </div>
   <div class='ocr_carea' id='block_1_122' title="bbox 1097 2836 1251 2856">
    <p class='ocr_par' dir='ltr' id='par_1_122' title="bbox 1097 2836 1251 2856">
     <span class='ocr_line' id='line_1_126' title="bbox 1097 2836 1251 2856; baseline 0.006 -2"><span class='ocrx_word' id='word_1_904' title='bbox 1097 2836 1169 2856; x_wconf 74' lang='grc' dir='ltr'><strong>ΙΙΟΙό.</strong></span> <span class='ocrx_word' id='word_1_905' title='bbox 1187 2837 1196 2853; x_wconf 85' lang='grc'><strong>›</strong></span> <span class='ocrx_word' id='word_1_906' title='bbox 1214 2836 1251 2855; x_wconf 76' lang='grc' dir='ltr'>ιι).</span> 
     </span>
    </p>
   </div>
  </div>
