1916 3104
40 162 77 191 80!
747 158 798 187 EPI
803 158 924 186 STOLIE
929 177 936 186 .

40 232 80 265 bis,
98 230 160 258 sicut
181 235 205 257 et
227 229 255 257 in
270 229 391 257 omnibus
409 229 544 265 epistolis,
564 229 670 264 loquens
683 229 710 255 in
722 229 758 255 eis
774 229 805 255 de
821 218 844 246 Α

39 277 81 309 his,
95 276 119 303 in
133 275 223 311 quibus
239 279 301 302 sunt
316 275 438 312 quedam
453 275 572 310 difﬁcilia
586 273 732 307 intellectu,
748 282 808 309 qua:

39 322 123 349 indocti
134 327 156 349 et
168 321 304 348 instabiles
319 322 473 356 depravant,
485 322 555 348 sicut
574 326 599 348 et
613 324 722 348 δίεισι-αδ
736 319 807 347 Scri-

40 375 126 403 pturas,
148 368 182 395 ad
209 377 287 395 suam
311 369 496 403 perditionem.
523 368 573 394 Vos
600 376 673 403 ergo,
697 369 806 403 fratres,

40 415 184 450 prascien.“
206 414 339 441 custodite
357 422 366 441 :
383 423 415 442 ne
441 415 625 450 insipientium
647 423 735 442 errore
752 419 808 441 tra-

41 461 110 493 ducti,
123 460 249 488 excidatis
265 469 280 487 a
295 461 403 496 propria
418 461 556 495 ﬁrmitate.
574 460 691 488 Crescite
706 469 765 488 vero
780 461 807 487 in

41 508 113 541 gratia
130 511 153 533 et
172 507 320 542 cognitione
343 506 450 534 Domini
469 507 553 534 nostri
576 506 640 534 Iesu
664 506 764 534 Christi
782 512 807 534 et

42 552 169 580 Saluatoris
182 552 214 580 ⁸⁸.
233 551 284 580 Vos
300 557 398 584 autem,
414 553 574 586 cltarissimi,
587 561 712 580 memores
727 558 808 581 estote

41 598 168 631 verborum,
192 606 251 633 qute
267 599 397 633 prwdicta
419 604 479 626 sunt
501 600 533 626 ab
557 599 684 635 apostolis
699 599 807 627 Domini

42 644 110 671 nostri
125 643 185 672 Jcsu
200 644 310 677 Christi,
333 645 378 680 qui
402 645 522 672 dicebant
541 645 624 678 vobis,
642 646 766 682 quoniant
780 647 808 673 in

42 690 164 717 novissimo
177 695 293 725 tempore
309 691 411 718 venient
427 690 561 726 illusores,
581 692 725 719 secundum
738 693 808 720 desi-

42 735 102 763 deria
113 744 159 764 sua
178 736 345 764 ambulantes
365 737 393 764 in
407 737 551 773 impietate.
575 737 613 765 Hi
632 743 693 765 sunt
708 739 753 774 qui
765 747 807 766 se—

43 787 132 817 gregant
145 783 307 816 semetipsos,
321 783 461 817 animales,
471 784 603 818 Spiritum
615 792 665 811 non
674 784 806 813 habentes.

47 825 87 853 l’os
100 831 190 860 autem,
204 827 367 861 charissimi,
382 829 624 863 supermliﬁcantes
637 831 808 865 vosmetipsos

1591 157 1645 184 πιξὲ

1243 260 1262 286 ι.

919 351 957 378 De
979 351 1194 379 ordinationibus
1216 351 1400 385 episcoporum
1424 356 1449 377 et
1470 350 1585 376 omnium

1168 387 1335 414 clericorum.

894 475 916 490 θ’
938 473 1133 503 Ordinationes
1154 475 1347 510 episcoporum
1381 473 1458 509 (l2),
1487 473 1648 502 auctoritate

858 521 1019 555 apostolica,
1049 521 1084 548 ab
1108 521 1237 548 omnibus
1253 520 1299 555 qui
1313 520 1341 547 in
1353 519 1447 548 eadem
1464 520 1565 547 luerim
1585 527 1649 555 pro-

859 567 947 594 vincia
963 567 1098 602 episcopis
1111 572 1175 594 sunt
1189 567 1360 594 celebranda:
1372 566 1406 593 ".
1422 566 1473 599 Qui
1488 566 1570 593 simul
1583 574 1649 593 con-

858 613 1010 646 venientes,
1023 613 1186 641 scrutinium
1196 612 1342 648 diligenter
1354 617 1445 648 agant,
1458 612 1649 647 jejuniutnque

858 667 920 687 cum
940 659 1069 687 omnibus
1090 660 1229 688 celebrent
1253 659 1391 694 precibus,
1416 663 1444 686 et
1468 667 1566 686 manus
1586 666 1649 686 cum

859 705 962 732 sanctis
987 704 1154 740 Evangeliis,
1180 713 1242 740 qua:
1262 704 1438 739 praedicaturi
1462 709 1536 737 sunt,
1562 705 1651 739 impo-

858 755 956 778 nentes
967 750 1110 778 Dominica
1125 751 1180 784 die,
1195 751 1264 778 hora
1279 751 1358 778 tertia
1371 755 1494 784 orantes,
1517 758 1651 785 sacraque

858 797 996 829 unctione,
1021 797 1146 831 exemplo
1167 796 1362 831 prophetarum
1381 800 1407 822 ct
1428 803 1534 831 regum,
1562 796 1651 830 capita

858 851 954 871 eorum
970 843 1058 879 (more
1073 843 1260 878 apostolorum
1272 847 1299 869 ct
1310 841 1421 878 Moysis)
1433 847 1574 877 augentes,
1587 843 1651 877 quia

42 878 197 923 ξ⁸⁷⁸⁶¹¹⁸⁶¹⁷⁷¹¹ξ³
215 878 310 923 υἷξπαῖ
322 874 395 923 ﬁdei;
418 875 444 923 in"
464 874 569 910 8’15".”
585 881 677 903 ⁸⁴²⁷¹⁶¹⁰
692 881 807 910 θναη¹θ³ν
825 892 848 923 Β
861 889 952 917 omnis
968 874 1150 917 sanctiﬁcatio
1163 893 1270 916 constat
1289 888 1317 915 in
1334 888 1435 923 Spiritu
1447 892 1553 921 sancto,
1571 888 1651 923 cujus

42 919 99 953 ipsos
117 927 159 946 vos
178 919 204 946 in
216 919 361 947 dilectione
374 920 423 947 Dei
439 927 550 955 servate,
564 927 745 957 exspectantes
760 923 810 950 mi-

42 964 193 991 sericordiam
217 965 326 993 Domini
349 967 434 993 nostri
456 966 520 994 Iesu
551 967 652 996 Christi
676 969 703 995 in
728 969 810 996 vitam

43 1014 160 1038 retentam.
177 1010 210 1038 Et
224 1011 271 1038 hos
286 1012 390 1048 quidem
401 1014 504 1048 arguite
513 1013 662 1048 judicatos,
678 1013 738 1041 illos
751 1023 810 1042 vero

43 1057 137 1092 sulcate,
147 1057 177 1085 de
190 1059 250 1094 igne
264 1059 406 1094 rapientes.
423 1059 492 1088 Aliis
505 1065 593 1088 autem
608 1062 770 1089 miseremini
784 1062 811 1089 iu

44 1102 132 1136 timore,
157 1103 272 1131 odientes
285 1112 343 1130 eam
358 1112 417 1139 quae
435 1105 554 1132 carnalis
573 1111 623 1140 est,
649 1107 809 1135 maculatam

43 1150 153 1177 tunicam.
167 1149 200 1177 Ei
214 1155 304 1177 autem
320 1151 365 1186 qui
378 1156 468 1186 potens
481 1159 519 1179 est
533 1161 577 1180 vos
589 1161 743 1181 conservare
754 1155 810 1182 sine

43 1199 143 1229 peccato,
159 1200 184 1224 et
206 1197 369 1225 constituere
386 1203 447 1226 ante
471 1205 637 1234 conspectum
652 1200 744 1235 gloria:
757 1210 812 1229 sua:

43 1242 208 1270 inmaculatos
223 1244 251 1270 in
267 1243 454 1278 exsultatione,
477 1246 528 1272 soli
542 1245 596 1273 Deo
612 1245 746 1274 Saluatori
765 1255 814 1274 no-

45 1291 91 1314 stro
101 1295 144 1322 per
153 1287 244 1316 Iesum
265 1289 402 1317 Christum
417 1290 560 1319 Dominum
576 1297 706 1326 nostrum,
726 1293 813 1328 gloria

44 1337 63 1359 et
81 1335 280 1370 magniﬁcentia,
302 1337 442 1372 imperium
462 1342 487 1365 et
505 1343 633 1372 potestas,
646 1345 707 1366 ante
725 1341 813 1367 omnia

44 1381 136 1412 secula,
162 1385 185 1407 et
212 1388 283 1409 nunc
311 1386 336 1409 et
365 1383 394 1410 in
404 1383 493 1410 omnia
519 1385 617 1411 sarcula
645 1385 811 1413 stt-culorum.

44 1425 112 1453 Amen
119 1427 150 1454 ".

306 1495 476 1525 EPISTOLA
501 1498 530 1526 ll.

863 936 948 963 virtus
969 935 1116 963 invisibilis
1136 939 1231 963 sancto
1247 935 1389 962 chrismati
1404 939 1446 962 est
1467 935 1609 969 pcrmista,
1625 940 1652 962 et

863 982 915 1010 hoc
928 982 982 1009 ritu
999 981 1148 1010 solemnem
1161 981 1297 1009 celebrent
1311 981 1522 1008 ordinationem.
1538 981 1561 996 νδ
1573 980 1651 1014 Quod

862 1028 884 1056 si
897 1028 979 1056 simul
996 1035 1092 1055 omnes
1107 1028 1256 1055 convenire
1271 1027 1384 1055 minime
1401 1031 1540 1062 poterunt,
1556 1035 1652 1055 assen-

862 1083 923 1103 sum
939 1079 1028 1102 tamen
1041 1074 1099 1102 suis
1112 1074 1240 1109 precibus
1252 1074 1400 1109 prazbeant,
1416 1078 1445 1100 ut
1461 1073 1496 1100 ab
1510 1074 1567 1108 ipsa
1578 1073 1651 1100 ordi-

862 1122 972 1149 natione
991 1121 1084 1148 animo
1103 1128 1158 1148 non
1174 1121 1274 1148 desint.
1296 1120 1318 1136 θ’
1334 1119 1421 1147 Porro
1442 1123 1468 1147 et
1493 1119 1652 1155 Hierosoly-

862 1167 992 1194 mitarum
1023 1167 1128 1202 primus
1151 1166 1376 1202 archiepiscopus
1398 1166 1494 1193 beatus
1520 1164 1652 1198 Jacobus,

863 1214 1012 1249 quijustus
1030 1214 1186 1246 dicebatur,
1203 1219 1230 1242 et
1243 1213 1393 1241 secundum
1406 1221 1528 1247 carnem,
1546 1213 1652 1241 Domini

863 1265 1037 1297 nuncupatus
1059 1265 1101 1289 est
1119 1261 1202 1288 frater
1216 1282 1223 1294 ,
1240 1269 1255 1288 a
1270 1260 1361 1292 Petro,
1384 1260 1486 1288 Jacobo
1503 1266 1530 1288 et
1549 1260 1654 1288 Joanne

864 1309 994 1343 apostolis
1024 1312 1066 1336 est
1097 1308 1262 1341 ordinatus,
1293 1307 1500 1335 successoribus
1528 1307 1653 1334 videlicet

863 1354 992 1381 dantibus
1015 1353 1132 1381 formam
1156 1361 1268 1386 eorum,
1293 1358 1323 1380 ut
1347 1360 1402 1380 non
1421 1353 1513 1380 minus
1532 1360 1614 1387 quam
1637 1360 1653 1379 a

866 1400 954 1427 tribus
978 1399 1114 1434 episcopis
1130 1420 1137 1433 ,
1165 1399 1333 1434 reliquisque
1357 1399 1485 1426 omnibus
1509 1406 1652 1426 assensum

865 1445 1059 1480 praebentibus,
1073 1445 1210 1472 ullatenus
1222 1445 1367 1480 episcopus
1379 1444 1530 1477 ordinetur,
1539 1449 1566 1471 et
1580 1452 1653 1471 com-

865 1491 942 1518 muni
973 1496 1036 1518 γοιο
1061 1490 1198 1518 ordinatio
1227 1490 1390 1517 celebretur.
1411 1489 1434 1505 ⁹⁶
1457 1489 1565 1524 Reliqui
1589 1497 1649 1516 ven

866 1536 1022 1563 sacerdotes
1035 1544 1049 1563 a
1062 1537 1173 1571 proprio
1192 1533 1353 1562 ordinentur
1368 1535 1508 1570 episcopo,
1525 1534 1560 1561 ita
1574 1538 1603 1560 ut
1616 1534 1655 1561 ci-

46 1574 83 1616 ι)ιῄ
91 1572 250 1616 ordinatione
267 1575 524 1616 archiepiscoporum
538 1583 566 1616 et.
580 1577 814 1616 reliquoruchpi-
827 1578 849 1608 (Ξ
867 1589 913 1609 ves
932 1588 959 1609 et
982 1582 1027 1609 alii
1050 1583 1206 1610 sacerdotes
1220 1589 1364 1609 assensum
1380 1581 1529 1616 prwbeant,
1544 1585 1571 1608 et
1584 1581 1651 1615 jeju-

73 1614 199 1670 gq‘qqrum
217 1616 299 1646 atque
319 1612 486 1639 sacerdotum
509 1617 534 1639 et
550 1613 581 1640 de
596 1612 647 1648 ﬁde
661 1614 815 1649 cwterisque

139 1652 161 1670 ι.

139 1652 161 1672 ι.

75 1732 224 1762 Ancterus
235 1735 392 1770 episcopus,
401 1736 537 1764 universis
549 1738 685 1772 episcopis
699 1739 726 1766 in
739 1739 817 1768 Italia

48 1779 196 1807 constitutis.

75 1824 198 1858 Quoniam
210 1828 232 1844 ⁹¹
245 1829 404 1864 apostolicae
419 1830 492 1858 sedis
503 1830 621 1858 debitam
637 1833 817 1860 reverentiam

47 1876 100 1906 erga
114 1880 153 1901 me
169 1875 288 1902 Charitas
308 1880 400 1903 vestra
424 1877 573 1910 distribuit,
597 1882 624 1905 et
647 1879 710 1913 quia
731 1879 816 1913 pluri-

48 1924 109 1945 mum
119 1921 301 1949 venerationis
313 1942 320 1955 ,
333 1922 487 1950 charissimi
501 1923 559 1956 lilii,
575 1924 730 1958 prtebuistis
743 1926 815 1960 (natu

47 1963 101 1992 licet
120 1965 256 1999 Ecclesiae.
285 1970 314 1996 in
334 1977 389 2004 qua
404 1974 516 1998 sanctus
536 1971 680 2005 apostolus
693 1972 817 2000 residens

48 2010 134 2046 docuit,
155 2015 360 2048 quodammodo
383 2023 432 2044 nos
455 2016 640 2052 gubernacula
663 2022 813 2052 teneamus,

48 2061 124 2086 tamen
142 2060 301 2095 proﬁtemur
315 2069 367 2089 nos
379 2061 482 2090 honore
494 2067 521 2090 et
533 2064 678 2091 sanctitate
698 2064 818 2092 minores

48 2109 107 2136 esse,
129 2110 154 2133 et
174 2111 318 2142 propterea
337 2107 450 2136 omnino
471 2108 644 2143 festinamus,
659 2114 689 2137 ut
707 2111 740 2137 ad
758 2111 817 2145 glo-

49 2147 104 2176 riam
118 2151 173 2186 ejus
189 2153 368 2181 beatitudinis
388 2155 528 2189 pervenire
549 2156 717 2191 possimus);
736 2157 818 2192 igitur

49 2197 276 2226 consultationibus
303 2200 404 2227 vestris
433 2200 540 2235 plenius
569 2202 816 2236 rcspoudissemus,

866 1632 963 1656 nantes
978 1629 1179 1656 ordinationem
1191 1628 1329 1655 celebrent
1345 1636 1353 1655 :
1366 1627 1492 1655 similiter
1507 1632 1534 1654 et
1546 1627 1655 1654 diaconi

866 1678 1049 1710 ordinentur;
1075 1681 1235 1704 cretei-orum
1257 1679 1347 1701 autem
1372 1674 1504 1709 graduum
1521 1674 1655 1701 distribu-

867 1723 946 1756 tioni,
965 1722 1046 1749 trium
1062 1721 1200 1748 veracium
1224 1719 1428 1752 testimonium,
1448 1727 1510 1746 cum
1533 1718 1654 1754 episcopi

867 1769 970 1797 scilicet
980 1769 1190 1804 approbatione,
1206 1766 1333 1795 sufﬁcere
1347 1770 1445 1801 potest.

1026 1959 1065 1988 De
1076 1959 1288 1987 accusationibus
1302 1960 1491 1994 episcoporum.

904 2063 926 2080 "
940 2062 1086 2090 Accusatio
1097 2068 1205 2097 quoque
1221 2068 1328 2093 eorum,
1347 2067 1430 2095 super
1444 2067 1497 2095 qua
1518 2067 1568 2087 nos
1587 2067 1655 2087 con-

869 2111 960 2139 sulere
972 2110 1108 2141 voluistis,
1122 2117 1175 2137 non
1190 2109 1243 2137 nisi
1259 2110 1294 2137 ab
1313 2108 1431 2142 idoneis,
1443 2113 1471 2136 et.
1482 2108 1505 2124 ’⁸
1517 2109 1655 2144 probatis—

869 2157 947 2185 simis
962 2157 1039 2189 viris,
1055 2161 1083 2183 et
1097 2156 1144 2191 qui
1165 2156 1371 2190 suspicionibus
1392 2159 1420 2182 et
1441 2154 1590 2182 sceleribus
1611 2162 1657 2181 ca—

869 2208 958 2236 reant,
973 2202 1032 2230 ﬁeri
1047 2201 1143 2234 debet;
1161 2200 1224 2235 quia
1239 2200 1372 2228 Dominus
1391 2200 1461 2228 sacri
1478 2200 1519 2228 sui
1534 2200 1657 2235 corporis

50 2240 68 2267 si
80 2241 204 2277 licuisset;
228 2245 276 2272 sed
291 2245 458 2275 inﬁrmitatis
470 2255 502 2274 ac
519 2248 686 2283 reliquarum
701 2257 815 2284 oppreS-
831 2253 853 2280 Ι)
869 2252 1045 2280 tractatores,
1063 2255 1078 2274 a
1101 2247 1200 2274 vilibus
1224 2250 1252 2274 et
1274 2246 1398 2281 reprobis
1423 2253 1455 2273 ac
1470 2253 1524 2273 non
1551 2245 1656 2273 idoneis

50 2287 142 2318 sionutn
163 2299 244 2320 onere
276 2294 388 2327 pressi,
418 2294 538 2322 breviter
565 2297 658 2329 (prout
681 2295 815 2322 Dominus

50 2334 137 2370 tribuit,
152 2342 177 2365 et
195 2343 224 2366 ut
243 2346 258 2365 a
285 2339 365 2366 beato
386 2338 466 2368 Petro
486 2340 607 2375 principe
629 2341 815 2376 apostolorum

50 2386 132 2410 sumus
144 2384 265 2412 instructi
279 2405 286 2418 ,
305 2392 320 2412 a
335 2393 391 2420 quo
405 2390 433 2413 et
449 2387 590 2422 presbyter
617 2395 679 2414 sum
704 2387 816 2415 ordina—

51 2426 95 2477 llts)
115 2429 228 2458 scribere
252 2431 333 2458 vobis
358 2431 441 2466 (sicut
463 2433 591 2469 petiistis)
613 2441 668 2460 non
694 2433 814 2469 denega-

51 2478 133 2502 rimus.

96 2604 114 2640 ξ’
131 2605 149 2632 ΙΙ
169 2605 238 2634 Petr.
265 2615 306 2640 ιιι,
324 2608 416 2636 ιιι-ιε.

52 2638 249 2684 Ϊιιροιιοιιξιὰ⁹
261 2638 332 2684 Hist.
348 2651 375 2675 v,
384 2644 405 2684 _l
411 2643 436 2670 0.
473 2647 489 2684 ’ρ

53 2680 186 2715 scoparum:
200 2683 226 2705 et
243 2679 271 2705 in
288 2678 363 2706 Dccr.
380 2678 454 2705 lvon.
473 2678 519 2704 lib.
537 2687 576 2705 ιιι.
616 2680 639 2696 θδ
651 2679 718 2706 Dist.
735 2682 743 2706 ι

53 2707 89 2741 61),
99 2709 184 2748 Porro,
197 2718 248 2741 etc.
287 2713 386 2741 "Dist.
402 2715 434 2741 ti'i
445 2735 452 2746 ,
469 2714 571 2748 Reliqui
585 2714 743 2740 sacerdotes.

868 2295 995 2330 personis
1007 2293 1136 2321 infamari
1151 2292 1248 2326 noluit,
1265 2300 1316 2320 nec
1336 2291 1500 2319 calumniari
1521 2291 1655 2326 permisit,

870 2341 916 2370 sed
939 2341 998 2375 ipse
1029 2340 1140 2375 proprio
1165 2338 1272 2374 ﬂagello
1299 2343 1444 2373 peccantes
1467 2339 1623 2366 sacerdotes
1641 2345 1656 2365 a

869 2387 971 2422 templo
982 2386 1072 2421 eiecit.
1085 2385 1165 2413 Unde
1179 2385 1277 2420 liquet,
1291 2384 1364 2420 quod
1377 2384 1477 2412 summi
1491 2384 1656 2416 sacerdotes,

869 2434 897 2462 id
920 2439 961 2461 est
986 2432 1107 2469 episcopi
1118 2433 1152 2466 ν’,
1169 2439 1184 2459 a
1209 2431 1265 2459 Deo
1290 2435 1352 2459 sunt
1365 2430 1506 2466 judicandi
1520 2451 1527 2463 ,
1542 2437 1597 2462 non
1623 2429 1657 2456 ab

869 2481 1000 2508 humanis
1017 2484 1064 2507 aut
1082 2486 1173 2514 prava}
1191 2479 1254 2505 vitae
1274 2477 1431 2504 hominibus
1445 2475 1594 2509 laccrandi,
1609 2474 1656 2502 sed

461 2609 484 2625 '°
513 2609 592 2644 ind,
615 2609 707 2635 17-25.
746 2609 766 2624 ⁸·
779 2609 886 2636 Damasi
905 2616 948 2644 cp.
967 2609 1000 2635 ad
1022 2607 1176 2644 Orientales
1190 2605 1273 2644 Erip.
1294 2604 1527 2644 [listonﬂc.nlii,
1545 2603 1593 2630 lib.
1615 2611 1656 2644 Is,

488 2644 510 2659 "
520 2643 586 2671 Dist.
605 2644 649 2675 6i,
667 2643 791 2671 Ordinat.
804 2645 996 2678 episcoporum.

616 2680 639 2696 ηδ
651 2679 718 2706 Dist.
735 2680 769 2706 64
782 2699 789 2711 ,
805 2679 930 2706 Ordinat.
949 2679 1140 2712 episcoporum.

1035 2642 1172 2669 "Concil.
1190 2641 1248 2667 Nic.
1263 2649 1299 2672 tv,
1311 2641 1373 2667 dist.
1392 2639 1435 2671 75,
1457 2639 1581 2666 Ordinat.
1599 2640 1656 2672 epi-

1181 2677 1241 2702 ⁹³Ιιι
1268 2675 1345 2702 Decr.
1371 2674 1445 2701 Ιυοιι.
1464 2675 1509 2702 ιιι).
1528 2682 1574 2705 ιιι,
1589 2674 1655 2701 dist.

808 2714 830 2730 ³⁷
843 2722 885 2744 ιιι,
907 2709 1003 2749 quaest.
1020 2709 1047 2746 7',
1064 2712 1206 2740 Accusatio
1219 2719 1328 2746 quoque.
1339 2709 1372 2737 Et
1386 2710 1411 2736 in
1427 2709 1503 2738 Decr.
1524 2709 1655 2737 luon.lib.

55 2750 84 2772 ιν.
116 2747 188 2782 "Ep.
203 2749 373 2777 Constantini
389 2749 424 2776 Μ.
438 2749 471 2776 ad
482 2747 635 2776 Ablavium.
670 2749 841 2777 99lsid.sent.
864 2747 923 2781 ut,‘
938 2749 982 2776 59.

87 2869 132 2904 (l2)
152 2871 333 2900 Ordinationes
357 2874 534 2908 episcoporum
571 2872 607 2900 De
626 2871 822 2907 episcoporum
842 2871 1026 2900 ordinatione.
1043 2869 1103 2897 vide
1134 2876 1195 2903 qua:
1231 2866 1350 2894 diximus
1372 2872 1452 2900 supra
1484 2871 1511 2892 tn
1527 2863 1598 2892 notis
1622 2864 1655 2891 ad

57 2910 140 2933 canon.
154 2913 237 2944 apost.
256 2909 279 2936 ι.
295 2908 355 2936 ch.
374 2909 475 2936 BINIUS.
