1916 3104
903 137 1077 167 ANACLETI
1099 137 1198 165 ΡΑΡᾸΞ

1818 133 1882 162 ω

240 203 332 238 potius
344 202 380 230 ab
392 201 522 230 omnibus
535 201 569 217 ¹⁶⁶
587 202 714 230 ﬁdelibus
734 199 874 236 portandi,
891 199 951 234 ipso
972 198 1027 225 Do-
1042 202 1065 230 Α
1079 196 1152 224 tibus
1168 194 1342 226 consentire;
1371 193 1435 229 quia
1462 199 1518 220 non
1540 191 1639 238 solum
1661 189 1712 238 qui

239 249 316 275 mino
329 248 485 282 exemplum
496 247 590 281 dante,
600 247 711 282 quando
728 254 775 280 per
791 245 922 280 scipsum,
933 248 1025 271 etnon

239 301 288 329 per
302 293 399 326 alium,
415 292 576 325 vendentes,
591 297 619 319 et
636 297 759 319 ementes
773 291 853 326 eiecit
867 291 901 317 de
915 289 1026 324 templo,

238 344 266 365 et
277 345 386 365 mensas
396 338 645 365 nummulariorum
657 342 684 364 et
694 336 838 364 cathedras
850 335 1025 363 vendentium

239 384 352 418 proprio
367 384 464 410 evertit
477 383 594 418 ﬂagello,
606 387 633 410 et
647 383 728 417 ejeeit
738 383 771 409 de
786 381 897 416 templo.
909 380 942 408 Et
956 381 1027 408 sicut

239 430 303 456 alibi
318 430 357 456 ait
370 439 377 456 τ
394 429 464 456 Deus
475 430 548 456 stetit
563 430 590 456 in
607 437 741 464 synagoga
759 429 879 460 deorum,
894 428 921 454 in
941 427 1025 454 medio

237 481 325 502 autem
335 477 396 502 deos
406 477 414 492 '
428 476 543 503 decernit
554 477 565 492 ¹
578 485 585 508 ;
602 480 629 503 et
638 477 702 503 alibi
718 485 724 502 :
742 475 796 510 Ego
809 476 866 502 dixi
874 482 882 501 :
894 474 940 501 Dii
950 475 1024 507 estis,

239 529 264 549 et
286 523 455 557 ﬁliiExct-lsi
471 531 560 550 omnes
569 524 589 550 '.
620 521 718 550 Nullus
732 523 854 555 enimlut
865 523 937 556 reor)
947 521 1026 548 inve-

239 570 314 596 nitur
340 570 411 596 inter
430 577 495 602 nos,
512 569 559 604 qui
583 569 648 596 velit
669 577 750 596 suum
774 576 883 596 servum
903 569 938 595 ab
960 568 1023 600 alio,

237 623 320 650 quam
336 623 350 642 a
371 623 409 647 se,
430 616 547 650 juilicari
563 625 570 642 :
585 615 658 650 quod
681 616 703 642 si
720 620 914 650 praesumptum
931 614 1024 649 fuerit,

238 666 287 688 aut
310 661 394 688 multa
413 662 471 696 ipse
496 662 684 696 indignatione
706 661 850 694 irascitur,
873 666 921 688 aut
935 663 1025 695 potius

238 709 370 737 ultionem
386 710 484 744 quaerit
500 717 583 744 super
595 718 668 736 eum.
688 709 716 736 Si
738 717 802 736 vero
815 710 866 736 hoc
887 709 958 736 inter
973 710 1024 736 bo—

238 755 326 782 mines
339 755 445 788 agitur,
462 754 527 788 quid
552 755 654 788 putatis
674 753 755 780 faciet
770 753 840 780 Deus
853 753 978 786 deorum,
997 757 1026 780 et

238 799 371 828 Dominus
386 801 598 831 dominantium,
613 800 659 835 qui
676 800 809 826 ultionem
827 807 941 826 suorum
959 806 1025 834 pro-

238 847 314 873 misit
326 854 380 873 non
397 846 506 873 differre
519 845 682 873 servorum?
697 844 774 872 Unde
788 850 815 872 et
829 845 886 880 ipse
900 852 947 879 per
954 843 1023 870 Pro-

1077 242 1264 273 damnantur,
1280 241 1328 268 sed
1353 239 1400 274 qui
1423 237 1599 266 consentiunt
1619 235 1803 264 facienﬁbus.
1833 234 1874 262 De

1078 285 1178 312 talibus
1195 289 1222 311 et
1248 284 1291 310 his
1315 283 1451 310 similibus
1475 283 1534 318 ipsa
1555 281 1664 309 Veritas
1686 281 1725 307 ait
1744 289 1752 307 :
1774 279 1872 314 Vulpes

1077 331 1165 365 foveas
1179 330 1273 357 habent
1283 351 1292 362 ,
1305 335 1330 357 et
1349 329 1464 356 uolucres
1486 328 1544 355 ctcli
1558 328 1635 354 nidos
1647 334 1657 353 .'
1673 325 1766 353 Filius
1779 331 1873 352 autem

1077 377 1191 404 hominis
1205 385 1256 404 non
1270 377 1347 403 habet
1359 377 1403 402 ubi
1418 380 1497 410 caput
1516 383 1594 402 suum
1611 367 1721 401 reElinet
1732 372 1769 404 “,
1785 371 1814 399 id
1829 376 1874 398 est

1077 425 1106 451 in
1121 423 1221 451 talibus
1234 431 1288 451 non
1302 424 1407 451 habitat
1421 422 1563 454 Dom'mus,
1573 429 1623 448 nec
1635 421 1688 455 ipsi
1708 422 1829 447 manent
1844 419 1872 444 in

1076 477 1120 498 eo.
1131 469 1165 496 Et
1180 469 1310 497 Salomon
1323 470 1456 505 loquitur,
1469 468 1565 496 dicens
1579 477 1585 494 :
1601 466 1654 499 Qui
1666 466 1738 501 fodit
1753 465 1872 499 (om.

1076 517 1174 544 incidet
1190 517 1218 543 in
1230 524 1287 543 eant
1300 523 1309 542 :
1324 521 1349 542 et
1365 516 1411 551 qui
1428 514 1507 542 volvit
1524 513 1658 548 lapidein,
1672 516 1825 539 revertetur
1838 510 1873 536 ad

1075 571 1145 590 eum.
1157 561 1263 597 Lingua
1278 562 1365 596 fallas:
1376 569 1428 588 non
1445 564 1518 587 amat
1531 560 1680 590 veritatem,
1691 562 1717 584 et
1735 565 1768 584 os
1782 556 1873 583 lubri-

1076 618 1136 637 cum
1151 615 1276 645 operatur
1287 609 1379 635 ruinas
1393 607 1426 634 ".
1444 607 1529 634 Grave
1542 611 1581 634 est
1596 613 1703 638 suum,
1714 609 1741 632 et
1757 611 1873 631 onerosa

1075 664 1156 683 arena
1168 664 1177 682 :
1192 656 1237 683 sed
1259 657 1301 682 ira
1318 654 1405 687 stulti,
1424 659 1534 688 utroque
1555 653 1660 688 gratior
1674 651 1707 678 “.
1723 650 1873 678 Hominem

1075 703 1120 736 qui
1137 701 1317 728 calumniatur
1331 701 1428 727 animo:
1445 699 1610 734 sanguinem,
1620 698 1644 725 si
1661 705 1745 732 usque
1768 696 1806 722 ad
1830 696 1873 722 la—

1075 756 1135 774 cum
1149 748 1258 783 fugerit,
1280 755 1356 774 nemo
1368 747 1489 773 sustinet.
1507 745 1561 778 Qui
1571 753 1599 772 se
1611 745 1699 779 jactat
1714 748 1741 770 et
1758 742 1872 773 dilatat,

1071 793 1165 827 jurgia
1179 794 1305 819 concitat.
1327 791 1380 824 Qui
1395 797 1484 826 sperat
1508 792 1535 818 in
1560 790 1686 822 Domino,
1705 788 1872 816 sals-abitu.

1076 837 1129 870 Qui
1147 839 1257 873 conﬁdit
1282 838 1308 864 in
1326 837 1404 864 corde
1424 845 1488 869 suo,
1513 836 1610 864 stultus
1621 840 1661 862 est
1676 843 1686 861 :
1707 835 1757 869 qui
1782 839 1874 860 autem

237 892 346 927 phetam
361 892 491 926 loquitur,
507 893 621 919 dicens:
648 891 716 918 Deus
740 891 870 918 ultionum
883 891 1024 922 Dominus,

1087 886 1199 914 traditur
1219 885 1365 919 sapienter,
1390 884 1445 918 ipse
1464 883 1620 910 laudabitur
1634 883 1665 908 ".
1691 881 1746 914 Qui
1765 881 1875 915 fortiter

239 937 310 964 Deus
325 937 456 964 ultionunt
472 937 552 964 libere
574 938 626 972 egit
638 938 667 963 δε
683 941 711 964 et
725 937 841 971 reliqua.
856 936 889 963 Et
905 937 1024 970 Aposto-

239 982 283 1009 lus
299 983 387 1016 inquit
400 991 406 1008 :
421 982 461 1009 Tu
472 983 531 1017 quis
545 990 583 1015 es,
595 982 756 1016 quijudicas
772 990 875 1008 senum
889 982 1004 1008 alienum
1013 982 1026 1008 .’

237 1026 293 1054 Suo
315 1029 383 1054 enim
401 1027 508 1054 demitto
529 1033 582 1054 stat
599 1033 645 1054 aut
660 1027 765 1054 cadit‘.
789 1026 823 1053 Et
838 1027 915 1061 ipse:
932 1023 1025 1054 Nolite

232 1073 357 1108 judicare
370 1074 491 1106 inuicem,
504 1074 548 1100 sed
563 1074 611 1100 hoc
630 1074 752 1108 judicate
766 1074 861 1108 magis,
873 1082 904 1101 ne
919 1074 1025 1108 ponatis

236 1119 426 1153 oﬂ‘eudiculum
439 1120 519 1154 fratri
538 1119 576 1146 rel
591 1120 748 1146 scandalum
756 1121 776 1146 ⁵.
790 1119 822 1146 Ει
834 1119 965 1147 Dominus
978 1127 1026 1154 per

235 1165 397 1200 prophetam
411 1166 500 1200 inquit
513 1175 520 1192 :
539 1166 591 1198 Qui
614 1174 657 1192 eos
672 1166 773 1200 tangit,
788 1166 873 1200 tangit
895 1166 1024 1201 pupillam

236 1211 308 1237 oculi
326 1211 409 1237 mei".
422 1209 491 1236 Nam
508 1211 532 1238 si
546 1210 647 1246 aliquis
660 1219 734 1237 nunc
756 1211 783 1237 in
803 1211 906 1237 malum
931 1211 1025 1238 oculos

238 1257 375 1291 alicujus'
389 1257 522 1291 principis
534 1257 630 1291 incipit
647 1262 776 1289 tractare,
794 1257 939 1285 manifeste
963 1265 1025 1284 reus

238 1302 392 1337 majestatis
405 1303 557 1337 judicatur,
573 1310 601 1330 et
615 1302 727 1330 infamis
741 1303 866 1335 edicitur,
879 1310 925 1331 aut
936 1305 1027 1338 potius

237 1348 348 1382 capitali
375 1348 516 1375 sententia:
544 1348 678 1382 subjacct.
703 1347 779 1380 liae,
807 1348 923 1381 fratres,
950 1349 1026 1376 valde

238 1394 358 1420 carenda
376 1398 452 1426 sunt,
469 1398 496 1421 et
519 1394 594 1428 quod
610 1394 736 1421 homines
759 1394 856 1420 nolunt
881 1394 932 1421 sibi
948 1394 1005 1421 ﬁeri
1017 1415 1024 1428 ,

240 1439 297 1467 Deo
307 1440 422 1467 deorum
438 1448 494 1466 non
512 1440 612 1467 debent
626 1440 736 1472 inferre,
758 1448 792 1467 ne
809 1440 878 1467 forte
893 1441 1026 1468 irascatur

239 1484 382 1519 Dominus,
404 1491 431 1512 et
448 1486 531 1513 faciat
547 1486 696 1513 vindictam
712 1494 819 1518 eorum,
833 1487 915 1514 etiam
939 1487 965 1513 in
978 1494 1026 1514 eos

239 1532 287 1567 qui
297 1540 350 1560 non
360 1537 551 1566 peccaverunt;
565 1533 629 1567 quia
641 1533 711 1567 perit
720 1533 967 1568 stopissimejustus
977 1540 1026 1568 pro

239 1578 333 1613 ilnpio.
360 1578 511 1606 Imitandus
537 1584 579 1606 est
604 1579 686 1605 etiam
708 1578 860 1613 Propheta,
876 1588 924 1614 per
945 1587 1026 1614 quem

241 1624 374 1652 Dominus
388 1625 446 1651 ait:
464 1623 685 1651 Perambulabam
704 1626 732 1651 in
747 1625 918 1659 simplicitate
941 1625 1027 1651 cordis

239 1671 301 1704 mei,
313 1671 340 1697 in
355 1671 439 1697 medio
451 1671 544 1697 domus
558 1679 622 1697 mea:
633 1679 642 1697 :
661 1670 722 1697 Non
739 1679 834 1706 ponam
843 1671 953 1698 coram'
965 1679 1028 1697 ocu-

238 1717 274 1743 lis
286 1718 350 1743 meis
362 1718 465 1744 uerbum
479 1716 566 1743 Belial
578 1717 611 1743 “.
624 1716 783 1752 Loquentem
795 1717 815 1733 "
832 1718 858 1743 in
875 1717 1028 1744 abscondito

238 1769 331 1790 contra
345 1765 495 1798 proximum
511 1765 532 1779 "
550 1772 636 1797 suum,
650 1765 718 1790 hunc
730 1765 889 1798 interficiant
902 1764 969 1792 ¹²·¹δ.
995 1764 1029 1792 Et

239 1811 268 1838 hi
288 1811 402 1839 cavendi
417 1817 492 1844 sunt,
508 1811 542 1838 de
559 1811 660 1846 quibus
676 1811 805 1838 Salomon
819 1813 857 1838 ait
871 1821 878 1839 :
895 1812 969 1839 Sicut
982 1820 1029 1838 no-

238 1858 299 1884 xius
314 1863 352 1885 est
369 1858 415 1893 qui
433 1859 515 1885 mittit
537 1858 654 1889 lanceas,
677 1863 700 1885 et
719 1859 832 1893 sagittas
858 1859 885 1885 in
906 1864 1028 1892 mortem,

239 1905 277 1931 sic
293 1905 333 1930 vir
359 1904 405 1939 qui
428 1904 612 1938 fraudulenter
636 1911 709 1932 nocet
731 1905 816 1931 antica
835 1913 901 1938 suo,
922 1911 946 1931 et
969 1913 1029 1931 cum

241 1951 322 1984 fuerit
340 1950 514 1984 deprehensus
530 1950 616 1976 dicit:
631 1949 738 1977 Ludens
757 1951 818 1985 feci.
835 1950 910 1978 Sicut
934 1951 1028 1977 carbo-

240 2003 285 2022 nes
296 1996 330 2021 ad
341 2003 452 2029 prunas,
462 2000 486 2022 et
499 1995 572 2030 ligna
587 1995 621 2022 ad
635 1996 732 2030 ignem,
743 1996 783 2022 sic
797 1996 873 2022 homo
884 1996 1028 2023 iracundus

240 2041 351 2067 suscitat
368 2041 453 2068 rixas.
472 2041 556 2068 Verba
575 2042 728 2068 susurronis
751 2043 830 2076 quasi
847 2042 989 2076 simplina,
1004 2047 1029 2068 et

241 2087 299 2121 ipsa
312 2087 466 2122 perveniunt
478 2086 513 2113 ad
524 2087 618 2114 intima
630 2088 725 2114 centris
737 2088 768 2114 η.
784 2087 817 2115 Et
827 2088 850 2116 si
861 2088 1028 2116 detractores

241 2140 469 2168 quorntncunque
495 2134 612 2168 graviter
637 2134 816 2168 iudicantur,
835 2141 863 2162 et
887 2135 914 2161 in
936 2135 1024 2170 perdi-

242 2178 326 2205 tionis
355 2179 482 2213 laqueum
508 2181 628 2214 cadunt,
661 2181 746 2208 multo
775 2181 862 2216 magis
897 2181 1030 2208 lacerato-

1075 933 1170 967 prentit
1186 932 1267 958 ubera
1282 932 1317 958 ad
1335 931 1493 958 eliciendum
1511 930 1564 963 lac,
1578 929 1704 964 exprimit
1719 929 1853 962 butyrum
1865 934 1874 952 :

1075 979 1121 1014 qui
1140 978 1301 1005 vehementer
1319 978 1436 1012 emungit
1449 998 1457 1010 ,
1479 977 1551 1004 elicit
1572 976 1750 1011 sanguinem:
1775 980 1801 1001 et
1828 974 1875 1007 qui

1075 1029 1199 1060 prouocat
1222 1025 1296 1057 iras,
1323 1024 1446 1058 producit
1466 1022 1614 1050 discordias
1626 1022 1661 1048 ".
1678 1019 1745 1048 Haec
1768 1025 1798 1047 et
1821 1019 1875 1046 alia

1077 1071 1231 1107 periculosa
1256 1070 1463 1098 considerantes
1489 1068 1606 1104 apostoli
1630 1070 1815 1098 statuerunt,
1843 1073 1876 1092 ne

1076 1119 1156 1147 facile
1176 1122 1415 1144 commoverentur
1427 1137 1435 1150 ,
1464 1121 1511 1143 aut
1532 1116 1720 1143 lacerarentur
1733 1133 1743 1146 ,
1761 1113 1806 1140 vel
1831 1120 1877 1139 ac-

1076 1171 1240 1194 cusarentur
1265 1166 1402 1192 columna:
1426 1168 1527 1191 sanctae
1557 1161 1606 1189 Dei
1630 1160 1765 1188 Ecclesia:
1781 1179 1791 1192 ,
1813 1166 1877 1194 qua:

1077 1213 1194 1248 apostoli
1217 1218 1246 1239 et
1262 1217 1438 1239 successores
1466 1216 1562 1236 eorum
1584 1215 1640 1234 non
1661 1205 1810 1233 immerito
1833 1205 1876 1231 di-

1077 1264 1189 1287 cuntur.
1207 1259 1227 1274 "
1243 1257 1295 1285 Sed
1313 1257 1336 1284 si
1355 1256 1418 1291 quis
1442 1255 1575 1282 adversus
1599 1261 1647 1281 eos
1672 1252 1716 1280 vel
1738 1251 1877 1279 ecclesias

1076 1313 1171 1333 eorum
1201 1308 1357 1332 commotus
1383 1302 1485 1332 fuerit.
1515 1305 1563 1328 aut
1590 1306 1689 1327 causas
1719 1297 1876 1327 habuerit;

1076 1353 1154 1388 prius
1168 1352 1202 1379 ad
1215 1359 1264 1379 eos
1279 1355 1404 1379 recurrat
1417 1347 1561 1377 charitatis
1573 1346 1678 1378 studio,
1695 1349 1725 1371 ut
1739 1343 1877 1370 familiari

1077 1399 1214 1433 colloquio
1225 1397 1387 1425 commoniti
1398 1404 1430 1423 ea
1449 1399 1557 1427 sanant,
1577 1400 1639 1428 qua:
1653 1390 1783 1419 sananda
1800 1396 1877 1421 sunt,

1077 1446 1104 1468 et
1125 1441 1287 1468 charitative
1308 1440 1475 1471 emendem.
1504 1447 1567 1474 qua:
1593 1438 1668 1473 juste
1697 1435 1878 1463 emendanda

1077 1488 1250 1523 agnoverint.
1277 1489 1305 1514 Si
1325 1492 1418 1514 autem
1442 1486 1527 1521 aliqui
1543 1493 1604 1517 eos,
1629 1483 1801 1519 priusquam
1827 1482 1879 1509 hoc

1079 1536 1194 1570 egerint,
1211 1535 1343 1567 lacerare,
1355 1540 1503 1564 accusare,
1520 1536 1568 1559 aut
1591 1531 1722 1558 infestare
1738 1536 1879 1564 praesum-

1080 1582 1196 1617 pserint,
1209 1580 1494 1612 excommunicentur,
1507 1583 1536 1606 ct
1549 1577 1664 1605 minime
1679 1576 1879 1606 absolvantur,

1079 1632 1224 1662 antequam
1248 1635 1296 1662 per
1319 1625 1535 1654 satisfactionem
1551 1623 1665 1660 (utjam
1691 1622 1805 1650 dictum
1821 1626 1880 1649 est!

1079 1674 1244 1709 condignam
1268 1673 1373 1708 egerint
1392 1671 1599 1708 ptenitentiam,
1615 1669 1753 1705 quoniam
1773 1667 1880 1703 injuria

1077 1728 1173 1748 eorum
1201 1720 1236 1747 ad
1261 1720 1401 1747 Christum
1427 1717 1547 1752 pertinet
1568 1717 1609 1748 ",
1627 1715 1708 1750 cujus
1735 1715 1881 1750 legatione

1079 1765 1242 1801 funguntur.
1259 1764 1314 1792 Nec
1336 1765 1388 1791 hoc
1413 1763 1529 1796 mirum,
1547 1762 1612 1797 quia
1637 1762 1658 1789 si
1683 1760 1813 1796 quisque
1830 1769 1881 1787 no-

1080 1817 1169 1841 strum
1187 1811 1298 1839 cuidam
1321 1817 1465 1838 servorum
1474 1809 1498 1824 “
1522 1807 1687 1843 legationem
1704 1806 1880 1842 iniungeret,

1079 1863 1105 1886 et
1118 1866 1133 1885 a
1154 1864 1296 1892 quoquam
1322 1856 1517 1891 impediretur,
1540 1859 1588 1881 aut
1604 1853 1639 1880 ab
1655 1853 1756 1888 aliquo
1780 1852 1879 1880 subdi-

1079 1909 1171 1931 torum
1195 1909 1308 1930 suorum
1322 1901 1531 1936 despiceretur;
1546 1906 1611 1926 mox
1632 1899 1800 1933 indignatus
1824 1898 1879 1924 ira-

1079 1954 1214 1982 sceretur,
1229 1953 1278 1975 aut
1293 1947 1357 1974 talia
1373 1947 1467 1983 (prout
1490 1946 1595 1981 posset)
1615 1944 1788 1975 vindicaret,
1804 1949 1834 1971 et
1848 1944 1880 1970 ad

1080 1995 1211 2030 injuriam
1228 2002 1261 2022 ac
1277 1993 1472 2021 contumeliam
1499 1999 1578 2019 suam
1598 1991 1652 2018 hoc
1667 1989 1778 2017 factum
1798 1997 1880 2024 repu—

1079 2047 1150 2070 taret
1171 2046 1197 2069 et
1209 2041 1339 2069 talionem
1353 2040 1388 2074 (si
1403 2041 1430 2067 iu
1445 2035 1576 2074 praesenti
1586 2046 1642 2066 non
1653 2037 1764 2072 posset)
1777 2036 1880 2064 futuris

1079 2089 1250 2123 temporibus
1264 2087 1399 2114 redderet.
1414 2085 1482 2113 Nam
1498 2086 1523 2114 si
1538 2086 1566 2112 in
1579 2083 1703 2112 hominis
1716 2089 1808 2110 causa
1823 2081 1879 2108 haec

1080 2135 1166 2167 ﬁunt,
1186 2135 1252 2169 quid
1272 2133 1377 2169 putatis
1394 2133 1467 2160 Deus
1486 2132 1575 2159 faciet.
1587 2131 1622 2158 de
1644 2130 1726 2163 suis,
1750 2129 1803 2164 qui
1831 2137 1879 2156 uec

1081 2181 1209 2216 capillum
1224 2181 1322 2215 capitis
1338 2187 1435 2206 eorum
1453 2178 1544 2213 perire
1563 2177 1665 2204 dixerit
1675 2176 1720 2202 ’δῗ
1749 2175 1831 2204 Unde
1854 2180 1879 2202 et

243 2232 304 2255 res,
328 2231 356 2252 et
384 2226 551 2253 detractores
580 2232 661 2261 atque
692 2232 868 2254 accusatores
893 2234 1030 2254 memora-
1047 2224 1066 2249 Ι)
1082 2227 1214 2254 Dominus
1230 2234 1278 2262 per
1294 2225 1403 2253 Nabum
1423 2225 1585 2260 prophetam
1602 2223 1739 2258 loquitur,
1757 2222 1877 2250 dicens:

243 2274 333 2297 torum
358 2269 405 2297 Dei
428 2269 592 2298 famulorum
617 2277 699 2307 atque
725 2278 931 2307 persecutorum
951 2273 1028 2300 dam-

242 2320 359 2348 nantur,
378 2320 405 2343 et
421 2316 449 2343 in
472 2316 631 2344 barathrum
642 2338 650 2349 ,
678 2319 730 2345 nisi
756 2326 786 2346 se
799 2319 985 2350 correxerint,
1001 2323 1029 2346 et

242 2370 292 2397 per
317 2369 414 2389 eorum
434 2362 652 2391 satisfactionem
668 2365 830 2400 condignam
844 2366 949 2401 egerint
971 2373 1029 2400 po:-

243 2408 397 2442 nitcntiam,
410 2408 595 2436 indubitanter
610 2411 724 2442 vadunt,
736 2416 763 2437 et
781 2411 935 2439 vindicibus
949 2411 1028 2438 llam-

243 2455 296 2482 mis
311 2460 476 2482 exuruntur.
498 2454 669 2490 Quapropter
692 2461 799 2491 oportet
817 2465 914 2485 omnes
933 2458 968 2485 ab
986 2458 1029 2486 his

243 2508 350 2534 cavere,
365 2505 392 2529 et
415 2509 470 2528 non
488 2503 577 2529 solum
602 2510 655 2530 non
679 2503 780 2534 facere,
796 2504 844 2530 sed
858 2511 907 2531 nec
923 2504 1028 2531 facien-

295 2664 328 2680 ¹⁰⁰
359 2664 517 2691 hominibus.
570 2667 725 2694 ‘discernit.

246 2699 257 2714 ‘
268 2698 347 2730 ibid.,
365 2699 407 2726 15.
446 2699 548 2727 ’Zach.
566 2709 596 2731 ll.
611 2701 627 2727 8
678 2703 687 2717 '
698 2701 758 2729 Not.
774 2710 837 2730 vox.

779 2669 788 2682 ¹
808 2667 881 2695 Psal.
909 2676 1009 2700 um,
1035 2669 1061 2694 Ι.

373 2704 407 2738 l5.
447 2704 549 2738 ’Lach.
566 2709 596 2731 ll.
611 2704 627 2727 8
654 2737 658 2738 γ
678 2704 758 2729 'Not.
774 2710 837 2730 vox.
886 2704 1026 2737 I'proponel

1104 2709 1164 2730 ante
1183 2704 1285 2730 oculos.

247 2741 297 2772 nas
323 2736 475 2772 variantes:
491 2736 620 2772 lectiones
644 2737 780 2772 decerpsit
804 2736 970 2766 llartluinus’.
1000 2738 1050 2765 his.
1071 2747 1160 2764 eorum
1192 2739 1274 2765 oculis
1303 2739 1407 2772 verbum
1435 2740 1490 2765 oris
1519 2738 1618 2765 Belial.

1065 2273 1151 2299 .Deus
1166 2272 1308 2299 aemulator
1321 2293 1329 2304 ,
1344 2276 1370 2298 et
1396 2271 1526 2298 ulciscens
1548 2269 1678 2296 Dominus
1691 2289 1700 2302 ,
1722 2273 1750 2294 et
1780 2268 1878 2294 habens

1081 2319 1207 2352 furorem.
1225 2317 1354 2344 ulciscens
1370 2316 1500 2343 Dominus
1516 2317 1543 2343 in
1565 2316 1653 2342 hostes
1678 2323 1756 2346 suos,
1772 2319 1798 2341 et
1822 2315 1877 2340 ira-

1079 2371 1153 2391 scens
1168 2364 1223 2398 ipse
1240 2363 1356 2390 inimicis
1378 2363 1452 2394 suis;
1470 2366 1532 2389 ante
1557 2361 1655 2396 faciem
1677 2360 1878 2395 indignationis

1079 2410 1137 2445 ejus
1152 2411 1210 2445 quis
1224 2410 1328 2437 stabit?
1339 2413 1364 2436 et
1383 2409 1442 2444 quis
1457 2409 1560 2435 resistet
1580 2408 1609 2434 in
1625 2408 1668 2433 ira
1682 2407 1790 2441 furoris
1803 2407 1879 2441 ejus?

1082 2455 1236 2491 Indignatio
1249 2455 1306 2489 ejus
1318 2455 1403 2489 eﬂusa
1418 2460 1457 2481 est
1471 2455 1540 2481 sicut
1555 2454 1636 2488 ignis,
1647 2458 1671 2480 et
1687 2458 1776 2488 petra:
1790 2452 1876 2479 disso-

1082 2503 1145 2530 lute
1158 2508 1220 2529 sunt
1241 2503 1274 2528 alt
1293 2510 1334 2529 eo.
1350 2501 1440 2529 Bonus
1454 2507 1493 2529 est
1510 2501 1652 2533 Dominus,
1673 2505 1701 2526 et
1724 2500 1877 2535 confortans

1101 2669 1110 2683 ³
1129 2668 1211 2698 ibid.,
1240 2668 1266 2694 ii.
1308 2668 1316 2682 ‘
1338 2667 1410 2695 Psal.
1438 2675 1504 2695 xcnt
1520 2689 1528 2700 ,
1556 2669 1580 2694 Ι.
1637 2667 1743 2695 z‘Rom.
1769 2677 1833 2699 xlv.
1854 2668 1876 2695 l.

1326 2705 1347 2719 "
1357 2703 1395 2729 Ex
1414 2705 1499 2731 citato
1517 2711 1571 2730 nis.
1587 2702 1708 2737 Collegii
1731 2703 1798 2730 Soe.
1819 2703 1876 2729 .Iesu

1660 2739 1681 2754 “
1698 2739 1875 2766 detrahentem

248 2768 418 2813 ffdglff'j;
430 2769 514 2813 73'“
524 2770 598 2813 Psal.
607 2779 637 2813 5,
653 2771 682 2803 2,
698 2768 735 2799 ρκ’
754 2773 920 2813 interprz‘S.
938 2774 1106 2813 llieronvn-i.
1129 2773 1194 2813 “his.
1213 2769 1403 2813 Detrahenteni
1423 2773 1784 2813 i-A_absc_ondit_o_sodalem
1808 2781 1875 2813 suain

246 2802 314 2838 hunc
333 2803 531 2837 iuterﬁciebam.
572 2807 593 2822 ’³
607 2802 687 2833 Prov.
708 2816 770 2834 .uvt
783 2828 790 2838 .
806 2802 898 2835 ise-‘22.

939 2810 960 2824 ¹⁶
975 2808 1041 2835 Luc.
1064 2817 1090 2834 Ix
1104 2828 1113 2841 ,
1128 2809 1172 2835 58.
1212 2810 1231 2824 ¹τ
1242 2809 1323 2836 Prov.
1346 2817 1425 2839 xm.
1446 2809 1554 2836 27-28.

1597 2809 1619 2824 ¹⁸
1631 2808 1718 2836 Prov.
1742 2818 1831 2839 xxvii,
1851 2808 1874 2832 5.

282 2836 470 2880 ξιξονηξινιεέ
484 2839 526 2874 Π,
541 2841 586 2873 25,
600 2842 645 2869 ‘26.
686 2836 872 2877 "Prov.'xxx,
885 2845 929 2872 35.
969 2845 989 2859 “
1000 2847 1022 2871 Δ

1087 2863 1094 2870 .
1106 2836 1142 2874 'v.
1156 2844 1196 2871 l7.
1235 2846 1257 2860 "
1270 2844 1298 2872 S.
1315 2844 1409 2880 Grc-3.,
1420 2836 1470 2879 vcp.
1487 2844 1523 2871 5'2
1535 2864 1542 2877 ,
1559 2844 1609 2872 lib.
1622 2852 1687 2872 χιιι.
1729 2845 1753 2861 ³³
1764 2836 1874 2872 suarum.

249 2871 271 2887 "
281 2870 347 2899 Luc.
363 2879 420 2904 ut,
436 2872 479 2900 l8.
