1916 3104
37 148 84 177 805

735 162 738 163 ν
749 149 941 178 EPISTOLE.

1601 153 1654 182 806

38 211 62 237 in
73 209 112 236 die
126 209 325 243 tribulationis,
351 214 374 236 et
390 211 473 238 sciens
490 216 624 247 sperantes
646 212 673 238 in
694 219 720 238 se
731 211 754 227 ’³
765 232 772 244 ,
787 215 815 238 et
829 215 850 243 Α
865 211 961 238 lineam
983 216 1008 238 et
1027 212 1144 239 tunicam
1155 233 1162 245 ,
1179 217 1203 239 et
1229 213 1452 247 superhumerale,
1472 218 1497 241 et
1509 216 1651 249 rationale,

38 256 140 291 reliqua.
157 255 289 289 Quzedam
306 261 396 283 autem
410 265 443 284 ex
459 257 510 290 his,
523 257 580 292 jam
603 257 665 284 aliis
681 256 812 284 fratribus

39 301 183 336 scripsimus
200 322 208 334 ,
228 310 293 336 qua:
318 302 396 329 toties
415 307 479 329 sunt
499 303 655 337 replicanda
669 322 676 334 ,
703 303 812 338 quoties
830 303 834 306 '

40 347 127 374 fuerim
141 348 306 374 necessaria.
315 348 374 363 "-"
382 347 547 382 Ejeelionem
555 356 663 383 quoqtte
673 349 713 383 (ut
729 357 810 383 sttpra

39 399 203 421 memoratum
222 394 285 429 est)
300 402 472 422 summorum
496 396 668 422 sacerdotum
684 394 735 422 sibi
759 394 812 422 Do-

40 440 118 466 minus
131 440 291 473 reservavit,
306 440 368 467 liect
385 441 544 468 electionem
560 449 654 467 eorttm
672 441 751 467 bonis
763 448 809 468 sa-

39 484 178 512 cerdotibus
207 489 236 512 et
264 485 453 520 spiritualilnts
484 487 593 521 populis
617 487 809 514 concessisset.

38 530 189 557 Electionem
215 531 292 558 enim
321 531 429 558 illorum
459 532 551 559 taliter
578 532 724 566 Apostolus
753 532 810 558 ﬁeri

36 577 100 611 jubet
112 587 118 603 :
132 576 160 603 Si
174 577 233 612 quis
248 577 305 604 sine
321 578 428 604 crimine
445 583 493 611 est,
508 579 586 605 unius
598 579 689 605 uxoris
705 579 808 610 virum,

38 623 96 656 ﬁlios
107 622 241 649 habentem
258 623 350 657 ﬁdeles
363 644 369 655 ,
385 632 434 650 non
452 625 479 650 in
496 625 663 651 accttsatione
677 624 808 657 luxui-ite,

38 674 75 695 aul
90 677 135 695 non
146 668 267 695 subditos
282 669 316 701 ¹⁹,
332 674 358 696 et
371 670 487 705 reliqua.
503 670 525 686 ’°
541 670 568 697 Si
589 670 660 696 enim
680 671 739 697 sine
753 670 809 697 cri-

38 713 98 739 mine
118 714 245 740 sacerdos
261 714 325 749 eligi
341 715 499 750 prteripitur
510 735 516 746 ,
534 715 690 742 nullatenus
711 715 745 742 ab
758 716 808 742 lto-

38 759 141 786 ntinibus
167 759 332 788 criminibus
353 761 466 788 irretitis
482 762 606 788 accusari
635 765 683 788 aut
704 761 808 788 calum-

37 805 95 831 niari
117 806 301 839 permittitur,
326 814 375 833 nec
388 807 422 834 ab
438 807 500 834 aliis
512 828 519 839 .
544 815 625 842 quant
646 808 680 834 ab
694 808 738 835 his
761 807 808 842 qui

38 851 85 877 sine
99 851 210 878 crimine
226 856 304 883 sunt.
318 856 345 879 et
356 852 434 886 juxta
448 853 608 879 electionem
625 853 658 885 ³¹,
676 853 698 879 si
714 859 809 879 neces-

36 897 94 923 sitas
108 896 195 930 l'uerit,
210 905 258 924 aut
273 897 325 932 ipsi
339 899 454 926 volendo
475 899 591 925 Domino
606 899 708 926 servire
720 898 808 933 elege-

37 943 91 975 rittt,
110 943 130 959 ³’
142 944 356 979 sacerdotesque
371 945 430 972 sine
442 944 556 972 crimine
572 944 629 972 ﬁeri
646 948 672 971 et
685 943 806 971 ordinari

37 989 136 1023 pOSsint,
151 993 178 1016 et
202 990 272 1018 tales
296 998 345 1025 per
359 991 452 1018 omnia
476 990 597 1024 fuerint,
627 991 720 1025 quales
745 990 806 1025 eligi

37 1034 175 1063 sacerdotes
193 1035 366 1070 jubentur."
390 1035 476 1063 Porro
490 1040 517 1063 et
533 1035 621 1071 Moysi
638 1035 804 1071 przecipitur,

36 1085 60 1106 ut
71 1081 143 1116 eligat
157 1081 366 1117 presbyteros.“
394 1081 471 1109 Unde
484 1087 510 1110 et
527 1083 554 1109 in
569 1081 725 1109 Proverbiis
738 1081 807 1109 dici-

37 1131 90 1154 tur:
116 1127 205 1156 Gloria
227 1137 321 1156 senum
340 1128 495 1156 canities".
519 1128 582 1156 Haec
604 1136 669 1155 vero
692 1128 806 1155 cattitics

36 1172 179 1206 sapientiam
191 1174 330 1209 designat,
346 1174 379 1201 de
393 1182 447 1208 qua
460 1174 593 1208 scriptum
611 1177 672 1201 est:
688 1173 805 1200 Canities

37 1217 153 1245 hominum
175 1220 319 1254 prudentia
342 1224 381 1247 est
400 1219 432 1246 ".
457 1219 581 1254 Cumque
604 1224 757 1255 nongentos
779 1224 807 1246 et

36 1265 137 1299 amplius
148 1272 234 1293 annos
250 1265 287 1292 ab
301 1265 385 1292 Adam
403 1273 489 1300 usque
503 1266 536 1292 ad
552 1264 691 1292 Abraham
704 1265 806 1292 vicisse

36 1310 145 1339 homines
166 1312 327 1346 legerimus,
350 1311 442 1338 nullus
461 1311 533 1338 alius
552 1311 629 1345 prius
654 1311 805 1345 appellatus

35 1361 70 1383 est
80 1358 228 1393 presbyter,
253 1357 282 1384 id
310 1361 352 1384 est
375 1358 485 1390 senior,
510 1357 562 1384 nisi
591 1356 806 1391 Abraham,qui

36 1402 108 1429 multo
122 1403 299 1438 paucioribus
316 1404 418 1431 vixisse
444 1403 524 1430 annis
544 1403 725 1430 convincitur.
746 1402 806 1430 Non

36 1456 90 1483 ergo
103 1455 207 1484 propter
231 1451 399 1485 decrepitam
419 1455 586 1478 senectutem
599 1470 607 1482 ,
625 1450 671 1477 sed
696 1455 806 1484 propter

37 1494 179 1529 sapientiam
197 1495 351 1531 presbyteri
369 1496 580 1523 nominantur-'7
607 1495 716 1522 initium
731 1495 805 1522 enim

37 1540 163 1567 sacerdotii
185 1541 280 1568 Aaron
304 1541 370 1574 fuit,
386 1542 448 1568 licet
468 1541 647 1568 Mclchisedcc
660 1541 734 1575 prior
756 1540 805 1568 ob-
818 1561 839 1591 ο

37 1585 114 1612 tulerit
127 1587 312 1622 sacriﬁcium',
326 1592 352 1614 et
375 1592 436 1622 post
449 1588 522 1614 hunc
545 1587 699 1620 Abraham,
716 1586 804 1620 Isaac,

36 1635 58 1657 et
68 1630 159 1659 Jacob:
183 1633 230 1660 sed
248 1633 277 1660 hi
300 1638 450 1668 spontanea
466 1633 604 1660 voluntate
617 1653 624 1664 .
641 1640 695 1660 non
713 1640 805 1660 sacer-

36 1674 104 1703 dotali
118 1679 290 1711 auctoritate,
313 1679 365 1705 ista
382 1678 515 1706 fecerunt.
533 1679 555 1694 ³⁸
565 1678 699 1705 Caeterum
712 1678 804 1704 Aaron

36 1722 125 1755 primus
150 1724 176 1750 in
195 1724 254 1760 lege
284 1725 453 1752 sacerdotale
482 1732 581 1751 nomen
605 1724 718 1759 accepit,
747 1724 804 1758 pri-

37 1774 133 1799 musque
149 1770 299 1803 pontiﬁcali
323 1770 393 1797 stola
410 1771 521 1797 indutus
544 1771 668 1798 victimas
693 1769 801 1802 obtulit,

35 1811 130 1846 iubente
144 1814 262 1843 Domino
289 1824 322 1844 ac
343 1816 471 1851 loquente
488 1817 522 1844 ad
548 1816 658 1852 Moysen
673 1825 680 1843 :
696 1815 800 1850 Accipe,

37 1858 119 1893 inquit,
134 1861 218 1889 Aaron
232 1867 258 1889 et
279 1862 350 1896 ﬁlios
364 1857 431 1897 ejus,
452 1868 476 1890 et
493 1863 639 1897 applicabit;
654 1863 689 1889 ad
705 1863 802 1889 ostium

38 1906 180 1935 tabernaculi
197 1909 353 1936 testimonii.
367 1909 484 1944 Cumque
503 1909 599 1936 laveris
619 1914 720 1944 patrem
743 1916 803 1935 cum

36 1950 89 1983 ﬁliis
102 1961 182 1988 aqua,
204 1955 300 1983 indues
320 1956 410 1983 Aaron
431 1956 590 1982 uestimentis
617 1956 690 1988 suis,
713 1955 742 1982 id
763 1960 802 1982 est

65 2107 189 2136 “Nahum
217 2119 242 2143 t,
260 2111 342 2144 2,6,
359 2112 382 2138 Ἰ.

37 2145 140 2181 {accidas
158 2145 221 2172 sine.
262 2147 283 2162 ³¹
301 2148 377 2181 justo
394 2146 526 2174 electione.

38 2175 58 2203 7.
91 2178 190 2207 "Prov.
205 2189 252 2214 xx,
275 2175 321 2210 29.
360 2181 443 2208 “Job
466 2189 515 2211 xtl.
530 2186 555 2208 et
573 2180 636 2214 Sap.
653 2189 689 2207 tv.

38 2246 55 2261 ”
65 2246 121 2276 Luc.
140 2250 226 2283 x,16.

65 2369 113 2404 (l5)
122 2369 151 2397 In
164 2370 251 2398 locum
260 2379 350 2398 eorum
361 2375 541 2398 successerunt
551 2372 675 2405 episcopi.
687 2370 744 2398 Hoc
755 2375 798 2398 est

39 2405 268 2442 quodrpsalaxuv,
294 2407 424 2442 propheta
447 2406 529 2442 David
543 2407 720 2440 pra-dixerat:
742 2406 796 2433 Pro

40 2440 139 2476 putribus
152 2441 202 2467 tuis
211 2442 268 2468 nati
279 2440 400 2468 sunt’tibi
411 2441 470 2475 ﬁlii.
485 2441 551 2468 Nam
564 2441 715 2476 Augustino
726 2449 796 2475 prte-

40 2473 148 2512 dictiloei
165 2476 322 2512 interprete.
341 2473 432 2511 patres
448 2477 564 2511 apostoli
590 2473 665 2509 sunt,
680 2473 734 2503 lilii
749 2483 799 2510 pro

40 2509 143 2546 pulsibus
164 2509 441 2546 nati,'apostolorum
464 2509 638 2539 successores
665 2509 796 2546 episcopi.

40 2541 170 2573 Concilium
183 2541 368 2574 Floretitinum
382 2547 408 2573 in
420 2547 600 2574 instructione
612 2541 796 2573 Armenortim

40 2582 60 2604 et
75 2581 160 2616 cont-il.
181 2580 329 2609 Tridetttin.
351 2590 421 2609 sess.
435 2582 480 2613 25,
506 2589 566 2616 cap.
583 2581 609 2614 4,
630 2581 700 2608 idem
727 2589 806 2615 asse-4

42 2618 102 2640 runt.
113 2615 238 2644 Dicuntur
253 2622 344 2644 autem
361 2617 480 2651 episcopi
493 2615 624 2651 apostolis
639 2617 795 2649 succedere,

41 2654 83 2686 non
100 2652 200 2685 proprie
212 2659 245 2679 eo
260 2652 342 2680 ntodo
357 2659 412 2686 quo
430 2652 573 2686 episcopus
586 2652 729 2686 episcopo,
748 2651 803 2678 rex‘

40 2684 84 2717 regi
98 2684 218 2719 succedit,
234 2688 280 2714 sed
295 2684 396 2721 duplici
415 2684 467 2714 alia
486 2684 723 2717 rat‘ioneJPrim'o,
750 2687 804 2713 ra-'

39 2721 97 2757 tuane
111 2721 175 2757 sacri
187 2722 348 2757 episcopalis
361 2722 481 2754 ordinis;
495 2721 626 2753 secundo,
639 2729 687 2755 per
698 2729 795 2756 quam-

40 2751 88 2790 dam
103 2751 296 2792 similitudinem
308 2761 334 2784 et
351 2751 572 2792 proportionem;
590 2751 652 2790 quia
665 2751 803 2792 nititirum.

40 2789 97 2814 sicut
108 2789 210 2817 Christo
223 2791 248 2819 itt
264 2789 478 2824 terris'virenti,
502 2792 580 2826 primi
598 2789 659 2818 sub
685 2790 796 2818 Christo

40 2827 104 2860 Ciani
117 2827 224 2859 apostoli
248 2827 403 2860 duodecim,
430 2827 526 2854 deinde
552 2826 723 2860 septuaginta
742 2826 797 2853 duo

41 2855 162 2897 discipuli:
175 2861 208 2888 ita
220 2869 290 2889 nunc
301 2862 380 2897 primi
395 2855 447 2889 sub
460 2855 722 2897 Romano-pontiﬁce
732 2865 797 2888 sunt

41 2895 152 2929 θυιδεορὶ,
171 2901 228 2930 post
252 2895 308 2926 eos
327 2897 476 2933 presbyteri
494 2918 501 2931 ,
527 2895 723 2932 inde'diaconi,
743 2901 795 2924 etc.

424 2111 480 2126 ¹⁶·²⁸
492 2110 588 2138 Distin.
601 2110 635 2136 79
647 2130 654 2142 ,
668 2108 831 2144 Ejectionem
856 2117 926 2136 vero.

567 2145 679 2172 "lladr.
703 2146 777 2176 coll..
795 2153 820 2171 c.
848 2145 890 2171 l9.

729 2181 749 2196 ³⁷
762 2179 832 2206 idem
852 2179 915 2206 lsid.
934 2187 992 2214 cap.
1009 2179 1034 2205 5.

40 2219 101 2250 μμ,
114 2214 168 2241 4-9.
203 2215 226 2232 ⁸ο
247 2217 278 2244 21
295 2218 357 2245 dist.
369 2238 377 2250 ,
393 2217 424 2244 In
439 2225 502 2243 novo
517 2222 588 2248 11:31.,
600 2221 624 2243 et
648 2216 674 2242 itt
696 2215 770 2242 θεον.
790 2214 803 2241 1

858 2234 865 2241 .
894 2215 940 2241 lib.
962 2223 1002 2241 lll.

863 258 932 293 quod
951 259 1114 293 constringes
1135 259 1220 285 balteo
1232 266 1241 284 :
1256 264 1280 285 et
1298 267 1377 293 pones
1399 260 1496 286 tiaram
1516 262 1542 287 in
1567 263 1652 296 capite

861 304 928 338 ejus,
944 309 967 331 et
990 303 1119 330 laminam
1145 309 1264 330 sanctam
1290 313 1369 336 super
1396 305 1503 338 tiaram,
1515 310 1539 332 et
1565 306 1650 334 oleant

863 350 995 376 unctionis
1022 349 1115 384 fundes
1131 357 1210 384 super
1236 356 1315 381 caput
1336 350 1393 384 ejus
1406 371 1412 383 ,
1433 356 1510 386 atque
1524 353 1571 378 hoc
1598 353 1650 379 ritu

861 395 1067 422 consecrabitur.
1097 395 1183 422 Filios
1207 404 1308 431 quoque
1336 397 1410 423 illius
1438 397 1599 431 applicabis,
1625 404 1651 426 et

860 439 953 467 indues
970 441 1067 466 tunicis
1085 441 1179 473 lineis,
1200 441 1337 476 cingesque
1359 441 1446 468 balteo
1462 442 1552 468 Aaron
1573 448 1597 470 et
1613 443 1650 470 li-

861 487 934 513 beros
950 487 1018 521 ejus,
1039 491 1063 514 et
1087 487 1202 520 importes
1225 488 1319 514 mitras
1344 489 1401 521 eis,
1420 494 1546 524 eruntque
1560 497 1650 516 sacer-

859 532 932 559 dotes
948 533 1014 559 mihi
1036 532 1161 567 religione
1179 537 1304 567 perpetua
1316 533 1349 560 ".
1368 533 1429 566 Quo
1445 534 1505 561 loco
1526 539 1650 562 content-

860 579 929 613 plari
947 583 1066 613 oportet,
1082 579 1174 606 Aaron
1191 587 1328 606 summum
1352 580 1521 607 sacerdotem
1534 601 1540 613 ,
1563 581 1587 608 id
1607 585 1650 608 est

859 624 1019 658 episcopum
1040 624 1140 656 fuisse,
1158 632 1240 659 porro
1256 625 1327 652 ﬁlios
1351 625 1411 660 ejus
1427 625 1649 661 presbyterorum

859 670 1064 697 demonstrasse
1087 670 1213 705 ﬁguram.
1231 670 1287 697 lloc
1301 671 1373 698 enim
1396 671 1448 698 luit
1465 671 1535 699 inter
1557 672 1649 699 Aaron

859 723 998 742 sutntttum
1017 716 1197 748 sacerdotem,
1210 721 1237 743 et
1259 717 1330 743 lilios
1344 717 1403 752 ejus
1428 718 1474 752 qui
1493 719 1648 745 sacerdotes

858 766 947 795 erant,
963 762 1036 797 quod
1051 763 1141 788 Aaron
1162 770 1243 798 super
1259 763 1380 790 tunicam
1397 763 1550 798 accipiebat
1564 765 1648 799 pode-

858 815 926 840 rem,
942 809 1040 835 stolam
1053 813 1187 841 sanctam,
1200 813 1227 836 et
1238 816 1368 836 coronam
1385 817 1509 843 auream,
1524 811 1646 843 mitram,

858 858 885 881 et
908 861 1004 881 zonam
1031 862 1159 886 auream,
1188 859 1215 881 et
1232 856 1473 889 superltumerale,
1491 861 1517 883 et
1543 857 1647 891 reliqua

858 907 919 934 qua:
934 899 1044 934 praeﬁxa
1059 904 1124 926 suttt
1141 908 1148 926 :
1173 900 1220 926 ﬁlii
1245 906 1336 927 autem
1360 900 1464 935 Aaron,
1480 909 1561 937 super
1573 903 1648 929 tuiti-

858 953 904 973 cas
919 945 1006 972 lineas
1020 946 1103 973 cincti
1117 945 1307 973 tantummodo
1325 951 1352 973 ct
1367 946 1467 979 tiarati,
1483 947 1649 974 assistebant

857 990 992 1018 sacriﬁcio
1015 990 1133 1018 Domini.
1154 991 1177 1007 ‘°
1192 991 1220 1017 ln
1248 999 1319 1018 novo
1344 996 1436 1019 autem
1462 996 1644 1025 testamettto,

856 1040 917 1071 post
930 1035 1071 1064 Christum
1087 1035 1246 1069 Dominum,
1260 1044 1274 1063 a
1292 1035 1373 1063 Petro
1389 1037 1569 1065 sacerdotalis
1586 1046 1644 1066 cte-

855 1081 896 1116 pit
911 1081 989 1114 ordo,
1017 1082 1081 1116 quia
1107 1082 1159 1116 ipsi
1186 1082 1277 1116 primo
1290 1082 1464 1116 pontiﬁcatus
1480 1083 1506 1109 in
1523 1082 1645 1111 Ecclesia

856 1127 956 1154 Christi
973 1128 1052 1154 datus
1068 1132 1119 1159 est,
1139 1127 1247 1154 dicente
1265 1127 1381 1155 Domino
1398 1129 1430 1155 ad
1444 1136 1506 1155 eum
1521 1137 1527 1155 :
1549 1128 1587 1154 Tu
1606 1137 1643 1160 es.

856 1172 954 1207 inquit,
966 1172 1063 1200 Petrus
1074 1178 1098 1200 et
1114 1181 1191 1207 super
1205 1174 1273 1200 hanc
1284 1179 1385 1208 petram
1400 1174 1538 1208 ludificatio
1554 1174 1644 1200 Eccle-

855 1219 922 1246 sium
937 1227 1032 1251 nteam,
1045 1224 1069 1246 Ν
1088 1225 1172 1253 ραι-ιω
1194 1220 1273 1254 inferi
1287 1228 1337 1246 non
1353 1221 1531 1254 prmualebunt
1549 1221 1643 1248 aduer-

855 1272 900 1291 sus
913 1273 989 1297 eam,
1010 1269 1033 1291 et
1050 1264 1099 1292 tibi
1119 1265 1188 1292 dabo
1204 1265 1289 1292 claues
1310 1266 1382 1301 regni
1405 1266 1529 1293 malorum
1542 1266 1574 1294 “.
1595 1265 1644 1294 Hic

855 1317 921 1345 ergo
935 1311 1037 1346 ligandi
1053 1315 1134 1345 atque
1159 1311 1283 1340 solvendi
1301 1316 1462 1347 potestatem
1479 1313 1584 1347 primus
1596 1320 1644 1339 ar-

856 1356 928 1390 cepit
946 1364 960 1383 a
977 1356 1104 1389 Domino,
1117 1357 1277 1392 primusque
1298 1358 1331 1385 ad
1347 1358 1427 1385 ﬁdem
1445 1359 1574 1393 populum
1589 1359 1644 1386 vir-

855 1406 912 1428 tute
931 1409 988 1429 sua:
1010 1403 1212 1436 prmdicationis
1233 1403 1357 1430 adduxit.
1375 1403 1472 1432 Caneri
1490 1411 1554 1431 vero
1576 1412 1644 1439 apo-

855 1447 916 1474 stoli
929 1455 991 1474 eum
1002 1447 1097 1475 eodem
1114 1448 1170 1482 pari
1186 1448 1326 1475 consortio
1337 1449 1467 1476 honorem
1481 1454 1508 1476 et
1525 1455 1642 1484 potesta-

856 1498 910 1520 tem
926 1500 1108 1529 acceperunt,
1128 1495 1273 1530 ipsumque
1297 1496 1448 1531 principem
1464 1504 1559 1523 eorum
1583 1504 1643 1524 esse

855 1541 1010 1568 voluerunt.
1020 1540 1071 1573 Qui
1085 1541 1178 1574 etiam,
1191 1541 1302 1575 iubente
1316 1541 1443 1574 Domino,
1460 1542 1487 1568 in
1504 1546 1562 1569 toto
1576 1542 1642 1569 orbe

857 1587 973 1622 dispersi
993 1586 1168 1622 Evangelium
1186 1587 1422 1621 praedicaverunt:
1445 1588 1510 1622 ipsis
1533 1595 1642 1623 quoque

855 1633 1066 1664 decedentibus,
1083 1633 1109 1659 in
1137 1633 1226 1660 locum
1249 1640 1344 1660 eorum
1368 1638 1562 1660 successerunt
1585 1635 1637 1668 epi-

855 1680 928 1714 scopi
946 1678 1014 1714 (15),
1031 1686 1147 1713 quorum
1164 1679 1300 1706 ordinatio
1315 1683 1442 1714 prmtacto
1453 1678 1476 1695 “
1493 1679 1550 1706 ﬁeri
1564 1679 1643 1706 debet

855 1725 952 1752 ordine
964 1729 991 1752 et
1004 1725 1086 1752 modo
1101 1734 1107 1751 :
1127 1732 1197 1759 quos
1208 1725 1255 1760 qui
1271 1725 1368 1760 recipit
1388 1729 1416 1752 et
1430 1725 1513 1752 verba
1534 1733 1640 1757 eorum,

855 1770 940 1798 Deutn
955 1771 1053 1805 recipit
1067 1780 1073 1797 :
1092 1770 1140 1805 qui
1156 1775 1246 1797 autent
1264 1778 1313 1798 eos
1334 1771 1452 1805 spernit,
1469 1778 1532 1798 eutn
1557 1778 1571 1797 a
1587 1779 1639 1805 quo

855 1817 932 1844 missi
948 1822 1022 1850 sunt,
1040 1821 1067 1844 et
1092 1817 1170 1852 cujus
1196 1816 1348 1852 funguntur
1362 1817 1506 1853 legatione,
1527 1818 1639 1852 spernit.

855 1868 882 1891 ct
894 1864 951 1898 ipse
968 1863 1157 1890 indubitanter
1171 1868 1316 1898 spernctur
1328 1871 1342 1890 a
1362 1863 1479 1890 Domino
1493 1864 1526 1890 ⁸³.
1541 1863 1641 1890 Viden-

855 1914 896 1937 tes
917 1913 1009 1936 autem
1027 1909 1079 1944 ipsi
1095 1909 1212 1944 apostoli
1235 1916 1353 1937 messem
1379 1917 1440 1936 esse
1464 1909 1579 1936 multam
1592 1929 1599 1940 ,
1614 1914 1640 1936 et

856 1956 999 1991 operarios
1016 1963 1131 1990 paucos,
1150 1960 1317 1990 rogaverunt
1330 1955 1472 1983 dominum
1488 1955 1594 1989 messis,
1611 1961 1640 1982 ut

980 2109 1002 2124 "
1023 2107 1076 2135 Tit.
1105 2115 1137 2140 ι,
1171 2107 1198 2134 6.
1255 2108 1277 2124 ³ο
1293 2115 1340 2140 Vt,
1371 2107 1523 2142 quaestione
1551 2108 1577 2138 l,
1607 2108 1637 2136 Si

928 2144 950 2159 ³³
967 2143 1062 2170 Distin,
1076 2143 1121 2175 84,
1140 2143 1222 2170 Porro
1237 2143 1314 2170 Mosi.
1353 2143 1375 2158 ²”
1388 2143 1450 2170 Isid.
1470 2143 1506 2170 De
1527 2144 1573 2178 o/f.
1591 2152 1636 2176 χι,

934 2187 992 2206 can.
1009 2179 1034 2205 5.
1089 2178 1204 2205 “Clem.
1231 2178 1323 2205 Const.
1350 2186 1399 2206 v1.
1424 2178 1468 2205 20.
1511 2179 1532 2194 ³⁸
1552 2180 1635 2206 Exod.

1049 2213 1070 2228 ιι
1080 2198 1340 2246 Μειῖίὖῖωιιξῗῖἓ,
1355 2198 1407 2240 'io’.
1425 2198 1470 2229 ’ῗὲ
1477 2198 1636 2248 miri}:

850 2369 909 2397 Non
937 2370 1016 2397 aliter
1040 2374 1131 2398 autem
1156 2371 1300 2405 episcopos
1325 2370 1457 2404 apostolis
1473 2370 1633 2401 succedere.

852 2406 913 2432 inde
937 2410 1020 2440 patet,
1036 2405 1109 2440 quod
1132 2405 1253 2467 episcopi
1269 2405 1371 2432 nullam
1396 2405 1636 2445 vermapostolica‘.

852 2441 1021 2467 auctoritatis
1035 2446 1137 2467 nartem
1159 2442 1283 2467 tabeant:
1299 2440 1414 2467 anostolt
1427 2448 1511 2467 enttn.
1526 2445 1556 2467 ut
1569 2447 1635 2466 cou-

851 2441 1021 2467 auctoritatis
1034 2446 1137 2474 partem
1149 2440 1283 2473 habeant;
1299 2440 1414 2474 apostoli
1427 2441 1511 2472 enim,
1526 2445 1556 2467 ut
1569 2447 1635 2466 cou-

815 2462 836 2490 D
851 2462 1414 2510 ΞὲιῖἱίἔῆὗῗἑῖᾗιὶῖἓᾉἚΞιῖΪῦῘιῖιῆὗξ’ῐι]ἶὸ
1421 2462 1556 2501 ιέιῖὲῖιῖυῆ
1567 2462 1633 2502 ὂὲἰὶε

850 2511 1007 2546 praedicare,
1027 2511 1096 2537 alias
1108 2509 1269 2545 atque’alias
1282 2510 1416 2537 Ecclesias
1439 2509 1562 2546 fundare,
1586 2518 1632 2536 ca-

850 2546 963 2573 nonicos
976 2546 1059 2573 libros
1071 2546 1189 2573 scribere
1204 2550 1344 2580 poterant:
1361 2553 1442 2580 porro
1455 2545 1520 2571 nihil
1536 2546 1631 2571 ltorum

850 2582 969 2615 episcopi
978 2586 1134 2615 potuerunt.
1141 2579 1283 2612 Praeterea,
1291 2581 1392 2607 donum
1406 2579 1505 2614 linguae
1515 2583 1542 2606 et
1551 2580 1633 2606 mira-

849 2616 973 2643 culorum
998 2616 1151 2643 habuerunt
1176 2615 1313 2650 apostoli,
1338 2623 1392 2641 non
1421 2619 1510 2641 autem
1524 2622 1632 2650 fomites

850 2651 981 2686 episcopi.
998 2651 1137 2685 Apostolis
1152 2649 1279 2677 omnibus
1305 2650 1460 2686 immediate
1483 2657 1498 2676 λ
1517 2649 1629 2686 Christo

848 2684 1004 2713 universam
1020 2684 1169 2713 Ecclesium
1180 2685 1347 2720 gubernandi
1363 2688 1485 2718 potestas
1501 2692 1533 2711 ac
1550 2684 1632 2720 jyris-

849 2721 934 2748 dictio
947 2721 1045 2748 collata
1065 2726 1115 2752 est.
1127 2717 1204 2748 Joau.
1220 2728 1279 2754 cap.
1299 2719 1344 2752 20,
1364 2717 1412 2746 his
1432 2720 1537 2746 verbis:
1552 2717 1630 2745 'Sicut

849 2756 922 2782 misit
936 2764 975 2783 me
990 2756 1075 2782 uiuens
1094 2755 1184 2786 Pater,
1211 2759 1236 2782 et
1250 2763 1296 2790 ego
1308 2755 1384 2781 mitto
1400 2762 1443 2780 vos
1461 2755 1629 2789 (quanquam

850 2791 989 2818 ordinaria
1007 2791 1172 2825 jurisdictio,
1195 2798 1255 2825 qua:
1269 2792 1294 2816 in
1311 2794 1434 2824 posteros
1455 2797 1502 2824 per
1521 2796 1630 2816 succes-

851 2826 956 2853 sionem
971 2825 1174 2857 transferretur,
1189 2826 1239 2853 soli
1251 2825 1342 2857 Petro,
1357 2825 1572 2852 extraordinaria
1587 2831 1629 2850 re-

850 2861 934 2895 liquis
948 2862 1078 2895 apostolis
1092 2869 1222 2895 concessa
1234 2861 1279 2895 sit)
1288 2870 1295 2888 :
1304 2868 1399 2887 omnes
1408 2865 1497 2887 autem
1509 2859 1630 2894 episcopi

851 2904 867 2923 a
890 2895 963 2924 Petri
984 2904 1141 2924 successore
1166 2895 1289 2924 Romano
1308 2895 1446 2932 pontiﬁce,
1465 2895 1509 2923 cui
1527 2895 1630 2923 dictum
