1916 3104
235 137 286 165 807

911 133 1082 161 ANACLETI
1113 133 1215 160 PAPt-E

1820 129 1869 158 808

238 193 357 220 mitteret
371 191 515 226 operarios
539 191 566 218 in
586 197 703 218 messem
727 197 804 217 suam
818 189 850 217 “.
867 189 931 218 lnde
948 190 1026 218 electi
1042 195 1064 222 Α
1078 190 1216 222 civitates,
1232 196 1294 224 qua:
1309 189 1431 216 minores
1443 187 1552 224 judices
1567 187 1707 216 habebant
1720 187 1799 222 (licet
1811 195 1868 215 ma-

240 242 301 266 sunt
322 238 357 264 ab
383 237 423 264 eis
449 237 621 271 septuaginta
633 236 688 264 duo
701 236 724 252 ⁸⁵
742 237 881 271 discipuli,
907 244 1025 272 quorum

236 288 330 320 typum
343 288 442 319 gerunt
452 283 603 318 presbyteri
614 282 683 317 (ii),
696 285 777 316 atque
789 282 816 308 in
828 289 923 309 eorum
936 282 1026 308 locum

240 336 303 358 sunt
316 329 458 357 constituti
479 330 506 356 in
521 328 654 361 Ecclesia,
667 328 700 356 de
713 336 831 363 quorum
855 328 1028 355 ordinatione

239 382 266 406 et
288 377 458 411 reliquorum
485 375 674 403 ministrorum
688 395 696 408 ,
723 374 826 402 dixisse
851 382 935 409 supra
951 374 1026 402 sufti-

240 424 304 452 ciat.

612 479 656 507 Ill.

242 560 318 594 Quod
339 561 426 588 minus
441 567 550 595 quanta
566 558 650 586 tribus
665 558 801 595 episcopis
822 558 956 593 episcopus
976 565 1028 584 non

514 594 607 622 debeat
622 593 753 620 ordinari.

277 663 301 680 “
316 662 402 691 Porro
415 662 489 698 quod
500 662 647 697 episcopus
664 669 717 688 non
737 661 772 688 ab
786 668 852 694 uno,
869 660 916 688 sed
933 668 948 688 a
963 668 1031 688 eun-

243 710 306 743 etis,
319 717 456 737 consensu
470 713 517 735 aut
532 708 676 743 praesentia
692 707 976 742 comprovincialium,
991 711 1033 734 est

243 755 412 782 ordinandus
425 776 432 787 ,
450 758 478 781 et
502 754 660 781 nullatenus
683 753 775 780 minus
789 760 870 788 quam
897 760 913 780 a
931 752 1030 784 tribus,

243 801 350 828 caeteris
361 800 596 828 consentientibus
609 799 728 831 cunctis;
742 799 856 831 idcirco,
872 799 1033 826 instituente

244 846 376 879 Domino,
394 846 451 873 fieri
464 845 574 880 jubetur
585 865 592 878 ,
611 852 644 871 ne
659 844 762 879 aliquid
777 849 871 871 contra
887 844 967 871 ﬁdem
981 843 1033 871 Ec-

244 893 337 920 clesiae
365 892 447 920 unius
476 892 617 928 tyrannica
643 891 793 918 auctoritas
816 890 981 922 moliretur,
1005 895 1033 918 et

245 940 338 975 regula
350 940 393 967 vel
409 939 476 967 ﬁdes
490 938 706 967 confunderetur
727 937 908 966 credentium.

617 1016 662 1044 ιν.

246 1098 280 1128 In
293 1099 389 1136 quibus
405 1098 556 1136 ciuitatibus
573 1097 717 1136 primates,
742 1096 768 1122 in
791 1094 885 1131 quibus
902 1098 1034 1128 metropo-

499 1134 577 1160 litani
591 1141 646 1160 esse
658 1132 778 1158 debeant.

282 1203 304 1220 ‘7
318 1203 472 1231 Provinciae
485 1207 577 1230 autem
594 1202 679 1229 multo
691 1206 755 1228 ante
769 1201 872 1228 Christi
887 1201 1035 1228 adventum

247 1253 374 1284 tempore
397 1247 493 1276 divisae
515 1251 580 1274 sunt
595 1246 715 1273 maxima
737 1253 771 1273 ex
785 1251 879 1280 parte,
899 1251 926 1273 et
943 1251 1036 1281 postea

248 1295 283 1323 ab
297 1293 429 1329 apostolis
441 1297 467 1320 et
481 1293 560 1320 beato
572 1291 713 1319 Clemente
728 1292 928 1326 praedecessore
943 1297 1036 1319 nostro

249 1340 309 1375 ipsa
322 1339 422 1366 divisio
437 1343 480 1366 est
499 1342 639 1365 renovata.
657 1337 679 1353 ⁸⁸
693 1337 726 1364 Ει
742 1338 768 1364 in
782 1338 870 1372 capite
883 1338 1037 1372 provincia-

249 1393 323 1419 rum,
339 1385 385 1412 ubi
408 1385 511 1412 dudum
527 1383 658 1418 primates
673 1383 741 1418 legis
750 1383 772 1398 δ’
788 1383 881 1410 διεριῠί
897 1388 988 1415 erant,
1005 1391 1038 1410 ac

251 1430 341 1466 prima
357 1429 503 1464 iudiciaria
516 1433 648 1464 potestas,
660 1428 694 1455 ad
707 1436 778 1462 quos
792 1428 839 1462 qui
855 1436 903 1462 per
916 1429 1037 1463 reliquas

251 1476 374 1504 civitates
390 1475 646 1506 commorabantur,
661 1474 771 1509 quando
786 1474 827 1502 eis
843 1481 953 1501 necesse
967 1478 1037 1507 erat,

251 1521 300 1557 qui
313 1521 346 1548 ad
363 1521 453 1547 aulam
471 1520 644 1554 imperatoris
661 1519 702 1546 vel
714 1527 806 1554 regum
821 1519 968 1553 confugere
983 1526 1036 1545 non

251 1571 379 1602 poterant
391 1587 399 1600 ,
413 1566 455 1593 vel
478 1566 578 1601 quibus
591 1566 755 1600 permissum
776 1573 830 1592 non
853 1569 923 1598 erat,
940 1564 1038 1592 confu-

252 1613 365 1648 giebant
393 1620 444 1648 pro
469 1612 694 1647 oppressionibus
721 1612 762 1639 vel
793 1611 933 1646 injustitiis
965 1611 1038 1643 suis,

253 1659 384 1694 ipsosque
406 1658 596 1693 appellabant,
616 1658 724 1693 quoties
737 1665 806 1692 opus
821 1662 897 1688 erat,
919 1657 990 1685 sicut
1010 1658 1037 1684 in

252 1704 313 1740 iege
332 1712 425 1732 eorum
442 1707 608 1739 praeeptum
624 1708 683 1731 erat
699 1712 705 1730 :
727 1703 794 1738 ipsis
807 1711 916 1738 quoqtte
927 1703 955 1730 in
973 1703 1039 1730 civi-

255 1750 357 1778 tatibus
372 1750 414 1778 vel
431 1750 498 1778 locis
522 1750 636 1782 nostris,
652 1749 822 1784 patriarchas
838 1749 879 1776 vel
899 1749 1038 1784 primates,

254 1796 302 1831 qui
316 1803 399 1823 unam
414 1795 530 1824 fortnam
544 1799 646 1826 tenent,
657 1795 720 1822 licet
730 1794 837 1822 diversa
850 1793 904 1821 sint
919 1794 1039 1826 nomina,

253 1842 328 1878 leges
341 1842 440 1869 divinat
450 1846 477 1869 et
487 1841 680 1869 ecclesiasticae
692 1841 757 1876 poni
770 1844 796 1867 ct
812 1847 872 1868 esse
884 1839 1038 1874 jusserunt,

255 1888 290 1916 ad
306 1895 376 1923 quos
392 1887 513 1922 episcopi
529 1888 567 1922 (si
589 1894 703 1914 necesse
726 1886 823 1920 fuerit)
841 1885 1040 1921 confugerent,

255 1942 360 1969 eosque
389 1935 576 1970 appellarent.
611 1939 638 1960 ct
669 1933 721 1968 ipsi
754 1933 902 1967 primatum
930 1932 1042 1959 nomine

256 1979 423 2012 fruerentur,
437 1984 463 2008 et
476 1988 529 2007 non
541 1980 598 2007 alii.
613 1979 734 2014 Reliquae
744 1986 810 2006 vero
823 1978 1041 2013 metropolitanm

312 2111 436 2138 “Matth.
465 2119 508 2144 nt,
533 2111 583 2143 57;
618 2111 685 2138 Luc.
711 2120 748 2142 ι,
777 2112 795 2138 2
844 2111 941 2138 ulLuc.
956 2110 1018 2138 cod.
1033 2116 1191 2139 constanter
1214 2111 1277 2147 legit
1291 2112 1467 2146 septuaginta.

257 2154 314 2181 quo
332 2152 359 2173 et
375 2147 526 2180 superiora.

259 2182 388 2217 cupitum,
425 2182 446 2200 δν
462 2181 786 2217 πρυηονομοδιδάσχαλοι.

259 2252 361 2279 missis.
407 2251 488 2279 “lsa.
508 2259 567 2285 LVI,
582 2252 624 2278 Μ.

258 2286 420 2322 pastoribus.

1075 235 1151 270 jores
1175 235 1323 263 comitibus
1350 235 1465 269 essent),
1483 235 1618 262 haberent
1642 233 1869 268 metropolitanos

1078 288 1161 312 suos,
1177 281 1224 315 qui
1242 280 1378 315 prmdictis
1401 281 1477 314 juste
1489 280 1512 297 ⁸ο
1529 279 1675 307 obedirent
1692 278 1867 313 primatibus.

1079 326 1150 353 sicut
1166 331 1193 352 et
1208 326 1236 352 in
1253 325 1358 360 legibus
1375 325 1467 353 saeculi
1481 325 1545 352 olim
1560 325 1720 353 ordinatum
1739 328 1810 356 erat,
1825 324 1870 358 qui

1078 380 1134 399 non
1157 373 1316 407 primatum,
1333 372 1382 399 sed
1399 376 1447 399 aut
1467 371 1746 406 metropolitanorum
1765 376 1812 398 aut
1829 378 1870 397 ar—

1080 419 1315 453 chiepiscoporum
1332 418 1444 445 nomine
1458 417 1625 446 fruerentur.
1637 417 1670 445 Et
1683 417 1747 445 licet
1758 417 1870 452 singula:

1080 463 1246 498 metropolcs
1268 463 1394 490 civitates
1415 471 1481 491 suas
1508 463 1664 497 provincias
1683 462 1825 495 habeant,
1846 466 1872 489 et

1081 517 1147 536 suos
1157 508 1384 544 metropolitanos
1393 508 1502 543 judiees
1520 508 1620 536 habere
1633 508 1754 535 debeant
1767 508 1872 542 episeo-

1081 562 1148 590 pos,
1166 555 1238 581 sicut
1265 554 1342 589 prius
1363 553 1588 588 metropolitanos
1608 552 1717 588 judices
1735 552 1873 579 habebant

1082 601 1243 634 saecularcs,
1268 600 1399 635 primates
1417 604 1507 627 tamen
1529 599 1575 633 (ut
1592 599 1736 635 praeﬁxum
1762 598 1822 633 est)
1847 602 1873 625 et

1082 652 1148 675 tunc
1164 652 1190 674 et
1206 654 1280 674 nunc
1299 646 1401 674 habere
1421 646 1505 680 iussa:
1519 651 1594 679 sunt,
1612 646 1647 673 ad
1661 653 1733 680 quos
1747 650 1812 680 post
1831 652 1874 672 se-

1082 693 1143 720 dem
1168 692 1348 727 apostolicam
1373 700 1481 719 summa
1507 692 1615 727 negotia
1641 691 1829 723 conveniant,
1846 696 1874 718 ut

1083 739 1194 772 ibidem,
1207 739 1308 774 quibus
1324 746 1436 766 necesse
1457 738 1551 772 fuerit,
1573 738 1730 765 releventur
1754 743 1783 765 et
1801 738 1874 772 jnste

1084 785 1276 818 restituantur,
1291 790 1318 813 ct
1335 785 1362 811 hi
1378 785 1426 820 qui
1448 785 1548 820 injuste
1563 785 1761 820 opprimuntur
1774 805 1782 817 ,
1801 784 1874 818 juste

1084 832 1268 860 reformentur
1303 837 1384 866 atque
1417 831 1588 864 fulciantur,
1625 831 1875 866 episcoporumque

1083 885 1191 911 causae,
1216 881 1243 904 et
1267 885 1438 904 sunnnorutn
1466 877 1637 911 negotiorum
1659 875 1764 910 judicia
1784 875 1874 910 (salva

1085 923 1243 958 apostolica:
1260 922 1333 950 sedis
1350 921 1528 956 auctoritate)
1551 921 1706 956 justissime
1724 919 1875 947 terminen-

1087 974 1142 997 tur.
1158 969 1221 997 llazc
1236 969 1270 996 ab
1291 969 1412 1003 antiquis
1424 968 1458 1000 “,
1475 968 1534 996 haec
1557 967 1592 994 ab
1609 966 1758 1001 apostolis,
1783 965 1843 993 haec
1861 973 1875 991 ι

1086 1016 1190 1044 sanctis
1213 1016 1344 1044 Patribus
1370 1015 1545 1050 accepimus,
1565 1014 1697 1048 vobisque
1712 1015 1760 1047 (ut
1782 1018 1877 1048 postu-

1086 1064 1174 1099 lastis)
1187 1062 1324 1095 rimauda,
1338 1067 1365 1089 et
1376 1061 1477 1090 futuris
1492 1060 1608 1089 tenenda
1626 1060 1800 1095 temporibus
1815 1059 1877 1086 mit-

1085 1111 1182 1143 timus,
1193 1115 1221 1138 et
1235 1109 1350 1144 reliquis
1367 1108 1500 1136 fratribus
1515 1106 1699 1142 praedicanda,
1714 1113 1748 1133 ac
1771 1106 1877 1133 cunctis

1087 1155 1215 1183 fidelibus
1231 1154 1363 1182 tradenda
1385 1153 1548 1181 mandamus
1561 1173 1568 1186 ,
1585 1160 1618 1179 ne
1633 1156 1779 1187 pastorum
1793 1151 1877 1186 impe-

1087 1201 1163 1234 ritia,
1184 1200 1206 1216 ⁸¹
1230 1201 1278 1236 qui
1303 1203 1478 1234 sequuntur,
1504 1198 1654 1226 deteriores
1667 1197 1753 1230 fiant,
1772 1198 1878 1224 dicente

1088 1247 1204 1275 Domino
1216 1255 1264 1282 per
1278 1246 1438 1282 prophetam
1453 1255 1460 1273 :
1476 1244 1533 1280 Ipsi
1546 1249 1666 1279 pastores
1688 1244 1877 1278 ignoraeennt

1087 1293 1291 1328 intelligentiam
1300 1293 1334 1320 ".

1124 1337 1199 1372 Quos
1213 1346 1310 1366 rursus
1321 1337 1456 1365 Dominus
1479 1337 1641 1368 detestatur,
1657 1336 1771 1363 dicens:
1792 1335 1826 1362 Et
1841 1341 1877 1362 tc-

1088 1390 1176 1413 nentes
1193 1385 1285 1420 legem,
1302 1385 1450 1411 nescierunt
1465 1392 1504 1411 me
1523 1383 1557 1410 ⁵⁸.
1574 1382 1678 1410 Nesciri
1693 1389 1761 1417 ergo
1774 1381 1879 1409 Veritas

1089 1438 1118 1458 se
1132 1430 1166 1458 ab
1184 1430 1224 1457 eis
1235 1431 1423 1464 conqueritur,
1455 1434 1481 1456 et
1508 1429 1616 1456 nescire
1638 1436 1668 1455 se
1693 1427 1878 1462 principatum

1089 1476 1270 1504 nescientium
1286 1476 1545 1510 protestatur;quia
1562 1474 1686 1510 profecto
1710 1475 1739 1502 bi
1766 1475 1815 1509 qui
1839 1481 1880 1505 ea,

1051 1537 1071 1565 ρ
1091 1530 1152 1557 qua:
1162 1527 1226 1551 sunt
1241 1521 1360 1554 Domini,
1374 1522 1510 1554 nesciunt,
1527 1529 1542 1548 a
1566 1521 1683 1548 Domino
1705 1521 1881 1551 nesciuutur,

1091 1569 1176 1596 Paulo
1193 1573 1350 1600 attestante,
1370 1568 1417 1603 qui
1432 1568 1485 1595 ait:
1502 1567 1531 1595 Si
1547 1568 1606 1602 quis
1624 1568 1731 1602 ignorat
1744 1566 1882 1602 ignorabi-

1093 1619 1136 1641 tur
1147 1614 1179 1639 ".
1198 1613 1267 1640 Hinc
1279 1618 1306 1641 et
1322 1613 1477 1645 Psalmista,
1493 1621 1547 1640 non
1569 1613 1690 1648 optantis
1715 1612 1824 1645 animo,
1837 1610 1881 1638 sed

1091 1660 1280 1695 prophetantis
1295 1661 1424 1696 mysterio
1438 1659 1593 1692 denuntiat,
1605 1659 1700 1687 dicens
1711 1668 1720 1687 ε
1731 1660 1883 1686 Obscuram-

1093 1711 1138 1733 tur
1151 1707 1221 1733 oculi
1234 1715 1335 1739 eorum,
1349 1714 1380 1733 ne
1392 1706 1508 1738 videant,
1530 1710 1556 1732 et
1574 1706 1684 1732 dorsum
1704 1714 1800 1732 eorum
1818 1714 1870 1732 sem

1090 1760 1138 1786 per
1153 1753 1261 1778 incurva
1272 1751 1304 1778 ⁵⁸.
1319 1750 1480 1778 Obscuratis
1492 1758 1557 1785 ergo
1573 1750 1661 1777 oculis
1671 1770 1679 1782 ,
1691 1750 1811 1777 dorsum
1836 1750 1882 1776 Πιε-

1092 1796 1189 1830 ctitur;
1205 1796 1334 1832 quoniam
1362 1803 1424 1823 cum
1451 1795 1543 1823 lutnen
1557 1796 1677 1823 scientiae
1693 1796 1817 1830 perdunt
1839 1795 1882 1830 qui

1092 1846 1223 1877 praeeunt,
1238 1844 1297 1870 sine
1311 1842 1394 1869 dubio
1405 1842 1438 1869 ad
1454 1842 1587 1876 portanda
1606 1846 1786 1876 peccatorum
1800 1849 1881 1868 onera

1092 1889 1259 1916 inclinantur
1274 1893 1428 1924 sequentes.
1449 1888 1470 1903 "
1493 1887 1542 1915 [lic
1556 1896 1621 1923 ergo
1632 1888 1704 1915 inter
1724 1896 1828 1916 manus
1847 1888 1882 1915 la-

1092 1937 1202 1962 tronum
1220 1940 1247 1962 et
1258 1934 1352 1962 dentes
1363 1934 1511 1961 furentium
1525 1934 1651 1969 luporum
1668 1938 1815 1969 utcunque
1824 1942 1880 1961 ver-

1091 1987 1193 2006 samur.
1207 1980 1271 2007 Ideo
1296 1984 1323 2007 et
1351 1980 1450 2008 docere
1473 1979 1561 2012 alios,
1585 1984 1613 2007 et
1629 1987 1681 2007 nos
1695 1979 1776 2014 ipsos
1793 1981 1881 2015 (prout

1507 2112 1530 2132 ⁸⁸
1541 2111 1604 2139 lsid.
1623 2111 1660 2139 De
1672 2112 1721 2146 o/T.
1736 2121 1778 2145 ιι,
1799 2114 1816 2140 5
1829 2134 1836 2145 ,
1851 2121 1878 2140 er

573 2141 593 2165 4⁷
618 2147 715 2173 Distin.
730 2141 781 2178 90,
809 2147 955 2173 l’ro’vinciw
971 2146 1063 2173 multo.
1087 2147 1120 2174 Et
1144 2147 1171 2173 in
1188 2141 1265 2174 Decr.
1279 2141 1354 2175 lvon.
1372 2141 1417 2173 lib.
1434 2155 1468 2173 tv.
1490 2146 1627 2173 “Hincm.
1642 2141 1704 2181 cap':
1721 2141 1879 2180 l5,'lib.‘Lv,

384 2202 388 2220 ι
425 2182 786 2222 ξθπρεζηογομοδξδάσηαλοι.
826 2182 928 2222 ’θέλω-ς’.
967 2182 1024 2222 “:1
1047 2183 1179 2222 martyrio
1243 2183 1313 2222 Petri
1343 2182 1464 2209 nondum
1497 2182 1532 2222 6t)
1561 2182 1698 2222 tinxerant
1727 2183 1794 2210 anni
1822 2191 1879 2210 cum

260 2217 317 2243 haec
337 2216 489 2252 scripsisse
504 2217 614 2251 tingitur
632 2216 787 2252 Atiaelettts.
826 2218 848 2232 θ’
861 2217 888 2243 S.
905 2216 986 2252 Greg.
1004 2216 1078 2243 [’ast.
1093 2216 1152 2250 Li,
1168 2217 1330 2252 quibusdam
1354 2225 1404 2251 pro
1423 2225 1498 2244 more
1523 2217 1692 2251 interpolatis
1717 2223 1746 2245 et

1775 2224 1881 2253 praeter-

663 2252 686 2269 ⁵⁸
694 2251 794 2278 Jcrent.
814 2259 844 2285 tt,
858 2252 883 2279 8.
905 2250 945 2277 ⁵⁵1
958 2253 1019 2278 Cor.
1039 2259 1096 2284 ειν,
1108 2252 1152 2279 38.
1176 2250 1210 2268 ’⁵⁸
1221 2253 1290 2280 Psal.
1303 2250 1397 2285 Lrvitt,
1409 2252 1454 2279 24.
1492 2253 1513 2268 ⁵⁷
1524 2250 1678 2288 S.August.
1694 2261 1722 2280 c.
1738 2250 1831 2286 7,'lib.
1848 2253 1880 2279 De

258 2407 488 2451 estz‘Pascenooes
506 2417 590 2450 meas,
601 2417 677 2451 posce
691 2418 771 2450 agnos
784 2418 852 2438 meos
869 2410 961 2451 (ιῖρςιηἶ
978 2419 1038 2451 pit,
1055 2415 1077 2442 D
1092 2413 1204 2451 scipulis
1223 2413 1331 2440 Domini
1344 2419 1397 2451 non
1413 2412 1491 2451 aliter
1507 2419 1650 2451 quam_per
1670 2411 1878 2451 similitudinem

259 2444 316 2479 17),
325 2444 481 2471 immediate
494 2452 570 2471 suam
580 2444 796 2479 jurisdictionem
813 2444 895 2473 certis
907 2446 1038 2474 limitibus

256 2479 396 2519 definitam
414 2484 634 2519 consequuntur:
656 2479 786 2519 Denique,
797 2489 858 2519 _non
883 2481 1039 2509 succeditur

278 2514 367 2549 ropric
394 2514 654 2550 nisiipraecedenti;
671 2519 698 2542 at
723 2515 804 2542 simul
828 2525 890 2543 cum
907 2517 1038 2550 apostolis

271 2551 370 2576 ‘uerunt
394 2549 422 2575 in
449 2549 570 2577 Ecclesia
599 2549 768 2582 Timotheus,
793 2550 881 2583 Titus,
905 2549 1036 2584 Evodius,

257 2584 359 2621 aliique
376 2584 473 2621 plures
481 2585 609 2621 episcopi.
629 2584 658 2621 §i
674 2585 755 2619 igitur
767 2586 885 2621 episcopi
904 2587 1036 2621 apostolis

258 2619 418 2659 succedunt,
432 2620 474 2659 cui
487 2620 615 2659 episcopo
630 2619 708 2659 Titus
718 2621 730 2647 ?
739 2619 792 2659 cui
802 2619 963 2659 Timotheus
975 2629 1038 2648 suc-

259 2653 450 2690 cessitiPatet
464 2653 545 2690 igitur
567 2653 621 2682 n’on
645 2656 723 2682 aliter
739 2655 796 2683 haec
810 2656 933 2683 Anacleti
954 2657 1038 2683 verba

260 2689 495 2725 intelligiideberé.
514 2697 596 2725 quam
612 2690 713 2725 duplici
738 2691 783 2717 illa
805 2691 921 2723 ratione,
938 2690 971 2717 de
983 2698 1037 2725 qua

260 2731 353 2760 supra.
373 2724 439 2760 Vide
460 2724 586 2760 Bellarm.
607 2724 707 2757 Ιίὒξιν,
725 2725 762 2752 De
786 2725 861 2752 Rom.
887 2724 1036 2760 pontufﬁc.

260 2757 306 2792 9.3,
318 2758 354 2786 Ἃ
364 2763 391 2786 et
400 2759 445 2787 25.
459 2759 522 2787 Snv.
538 2760 640 2788 BlNlllS.

297 2793 352 2835 (υ)
373 2794 545 2835 septuaginta
557 2795 608 2835 duo
620 2796 755 2835 discipuli,
769 2803 881 2835 quarunt
896 2801 985 2835 typum
995 2805 1039 2835 ge-

262 2834 322 2854 runt
339 2829 480 2863 presbyteri
506 2829 659 2865 Presbyteri
674 2829 842 2866 septuaginta
867 2829 972 2858 duobus
993 2829 1035 2858 di-

1091 2446 1238 2483 quamdam
1255 2448 1400 2476 succedere
1412 2446 1551 2480 dicuntur,
1578 2448 1656 2483 sicut
1673 2447 1815 2481 apostolis
1828 2446 1879 2483 epi-

1090 2481 1175 2518 s‘copi.
1187 2484 1265 2517 Quod
1290 2488 1380 2510 autem
1394 2490 1449 2509 non
1462 2483 1542 2510 aliter
1560 2482 1724 2518 succedant,
1740 2483 1800 2509 haec
1815 2481 1877 2508 ratio

1089 2517 1228 2546 evidenter
1250 2519 1362 2554 probat:
1392 2517 1570 2554 Septuaginta
1598 2517 1655 2554 duo
1670 2517 1805 2554 discipuli
1820 2524 1877 2554 non

1089 2554 1200 2581 fuerunt
1212 2551 1372 2589 presbyterl,
1386 2551 1437 2580 nec
1454 2551 1539 2580 ullum
1555 2553 1679 2589 ordinem
1704 2551 1877 2589 autrjurisdi‘

1090 2587 1237 2616 ctionem’a
1251 2587 1362 2615 Christo
1370 2593 1562 2622 susceperunt:
1581 2587 1720 2622 siquidem
1738 2587 1876 2620 Philippus

1090 2629 1118 2651 et
1132 2623 1298 2658 Stephanus.
1315 2628 1342 2650 et
1358 2623 1403 2650 alii
1424 2621 1545 2658 quinque
1557 2621 1666 2650 diaconi
1682 2623 1720 2649 ab
1736 2621 1876 2658 apostolis,

1090 2656 1187 2686 Actor:
1199 2667 1226 2686 vr
1237 2680 1243 2690 ,
1261 2659 1378 2686 ordinati
1390 2656 1469 2686 erant
1485 2656 1519 2685 ex
1542 2658 1576 2684 72
1590 2658 1738 2691 discipulis
1757 2656 1875 2686 Domini,

1092 2694 1212 2722 utdocct
1229 2694 1376 2729 Epiphan.,
1391 2694 1490 2720 ltazrcSI
1508 2692 1558 2726 20;
1575 2700 1631 2729 non
1646 2691 1772 2720 fuissent
1786 2696 1873 2729 autent

1092 2729 1199 2756 diaconi
1214 2725 1343 2761 ordinati,
1366 2729 1389 2755 si
1410 2729 1466 2763 jam
1492 2733 1555 2755 ante
1573 2727 1700 2763 ordinem
1716 2725 1871 2762 presbyterii

1092 2764 1262 2792 habuissent.
1287 2763 1354 2791 Vide
1370 2762 1526 2792 Bellarmin.
1552 2763 1599 2791 lib.
1613 2769 1640 2790 tv
1668 2762 1708 2791 Dc
1724 2763 1804 2790 Rom.
1816 2768 1873 2796 ροκν

1092 2800 1145 2835 ti[.,
1162 2807 1222 2835 cap.
1235 2799 1279 2828 25.
1296 2799 1332 2826 lo.
