1916 3104
918 108 1090 140 ANACLETI
1109 108 1209 140 PAPL

1808 112 1859 140 8H

234 177 294 198 rum
306 170 431 206 principe
449 171 592 206 presbyter
607 171 762 202 ordinatus,
776 169 905 197 omnibus
919 169 1024 205 episco—
1037 172 1061 200 Α
1075 169 1208 204 denegare
1219 169 1306 204 possit
1317 168 1500 198 dubitationes
1510 170 1552 198 vel
1561 170 1742 198 necessitates
1752 169 1862 197 eorum’

233 215 275 250 pis
287 223 319 242 ac
337 216 452 251 reliquis
463 215 566 243 Christi
578 215 769 243 sacerdotibus
787 215 915 242 salutem.

266 269 427 298 Benedictus
440 270 510 298 Deus
521 275 546 297 et
558 270 640 297 Pater
654 270 761 296 Domini
775 270 858 296 nostri
869 268 933 295 Iesu
945 267 1023 295 Chri-

233 318 283 350 stt,
297 317 342 352 qui
352 316 485 344 benedixit
501 324 547 343 nos
563 316 592 342 in
608 316 679 342 omni
694 315 872 342 benedictione
887 314 1023 349 spirituali

233 361 263 389 in
278 361 424 389 mlestibus
439 362 467 388 in
476 361 594 394 Christo,
612 362 680 389 sicut
692 360 771 396 elegit
785 368 831 388 nos
844 361 874 387 in
888 361 945 394 ipso
962 364 1022 386 ante

236 408 329 435 mundi
343 408 567 439 constitutionem,
578 411 606 433 ut
619 414 733 433 essemus
751 406 836 433 sancti
848 410 872 432 et
890 406 1021 432 immacu-

237 455 287 481 lati
302 455 328 480 in
340 458 478 488 conspectu
492 453 550 488 ejus
562 453 590 479 in
606 453 747 484 charitate,
769 451 960 487 pra-destinam
976 459 1022 477 nos

236 500 265 526 in
277 500 443 534 adoptionem
455 500 573 534 ﬁliorum
583 498 727 534 perlesum
734 497 869 526 Christum
882 498 910 524 in
925 497 1021 532 ipsum,

237 545 380 572 secundum
394 545 557 580 propositum
569 544 712 570 uoluntatis
721 551 787 576 sate,
803 544 831 570 in
842 542 947 569 laudem
962 541 1022 576 glo-

237 591 286 617 ria
296 590 390 625 gratia:
397 597 462 622 sua,
470 590 504 616 in
513 597 566 624 qua
575 588 736 624 gratiﬁcavit
748 596 794 614 nos
803 588 831 614 in
841 587 936 614 dilecto
950 584 1023 612 Filio

237 645 295 670 suo,
310 637 338 663 in
356 644 407 671 quo
422 635 547 662 habemus
572 635 777 670 redemptionem
796 633 843 669 per
868 636 1023 670 sanguinem

237 683 305 717 ejus,
320 682 498 710 remissionem
506 686 671 716 peccatorum
683 680 825 707 secundum
837 680 948 708 diuitias
962 690 1023 716 gra-

239 729 285 755 tiae
296 727 364 762 ejus,
376 735 434 762 qute
447 727 590 753 abundat-it
604 726 631 752 in
641 725 753 752 nobisin
768 726 839 752 omni
855 725 985 760 sapientia
998 729 1023 752 et

237 774 390 809 prudentia,
400 778 428 800 ut
444 777 532 800 nolunt
547 772 620 800 nobis
648 772 746 807 faceret
770 777 965 799 sacramentum
978 780 1024 799 vo-

238 822 350 849 luntatis
362 830 428 855 sua,
441 821 583 848 secundum
594 820 786 856 bensp/acitum
801 820 869 854 ejus,
881 820 951 856 quod
965 829 1024 855 pro-

238 868 326 903 posuit
337 868 365 894 in
379 875 418 900 eo,
431 867 458 894 in
472 866 670 901 dispensatione
681 865 851 899 plenitudinis
866 870 1022 900 temporum,

238 915 388 941 instaurare
405 913 495 940 omnia
512 913 538 939 in
557 912 674 946 Christo,
689 920 750 947 quae
770 912 797 938 in
810 911 881 938 caelis
893 916 917 938 et
928 920 986 947 qua:
997 912 1024 938 in

239 965 311 987 terra
319 965 381 986 sunt
398 960 425 986 in
439 959 506 994 ipso.
524 957 558 985 In
573 966 624 993 quo
639 958 721 985 etiam
734 962 805 984 sorte
821 958 907 984 vocati
921 965 1023 991 sumus,

238 1006 420 1041 pradastinati
435 1005 577 1034 secundum
594 1004 759 1039 propositum
779 1003 848 1038 ejus,
869 1004 915 1039 qui
935 1003 1025 1030 omnia

239 1057 364 1088 operatur
379 1051 523 1079 secundum
538 1050 680 1078 consilium
700 1050 844 1077 uoluntatis
868 1059 933 1082 suae,
944 1055 972 1077 ut
988 1049 1026 1076 si—

239 1108 297 1126 mus
313 1107 360 1126 nos
373 1099 402 1125 in
414 1098 521 1125 laudem
533 1097 626 1133 gloria:
643 1097 712 1132 ejus,
729 1097 775 1132 qui
789 1102 850 1124 ante
861 1097 1025 1131 speravimus

239 1145 267 1171 in
290 1143 396 1173 Christo
411 1144 445 1170 ".
467 1143 505 1171 De
529 1143 702 1178 primatibus,
718 1142 742 1159 ⁸⁸
753 1142 927 1175 charissimi,
944 1149 1026 1176 super

239 1190 341 1225 quibus
355 1197 399 1217 me
414 1189 526 1224 quidam
544 1193 665 1216 vestrum
680 1188 888 1219 consuluerunt,
907 1192 935 1215 et
960 1195 1027 1222 apo-

240 1236 344 1264 stolicae
356 1234 526 1262 auctoritatis
541 1234 616 1269 (qua,
631 1234 694 1261 licet
704 1234 819 1269 indigni,
835 1233 949 1262 Domino
970 1234 1027 1261 dis-

239 1286 382 1317 pensante,
403 1279 553 1315 iungimur)
577 1280 715 1308 decretum
734 1280 951 1315 postulaverunt,
979 1284 1028 1307 aut

240 1328 264 1354 si
276 1334 336 1354 esse
346 1327 486 1359 deberent,
506 1330 553 1353 aut
564 1333 629 1358 non,
642 1329 775 1360 quantum
793 1326 927 1353 hactenus
938 1326 973 1354 de
983 1326 1027 1353 his

241 1382 257 1400 ιι
270 1372 349 1400 beato
362 1371 443 1399 Petro
462 1371 597 1406 apostolo,
623 1375 651 1398 et
668 1378 684 1398 a
696 1371 809 1406 reliquis
824 1372 966 1406 apostolis,
995 1379 1028 1399 ac

242 1418 323 1446 beato
345 1418 486 1446 Clemente
510 1421 606 1444 nostro
633 1421 729 1444 sancto
760 1417 972 1452 predecessore,
1001 1421 1028 1445 et

245 1469 374 1500 martyre,
387 1463 513 1491 novimus
524 1467 667 1495 statutum,
679 1463 814 1497 denegare
827 1463 904 1490 vobis
916 1463 1028 1491 minime

1459 223 1480 254 ι.

1224 272 1262 300 De
1275 272 1402 308 bipartito
1417 274 1509 300 ordine
1522 271 1700 300 sacerdotum.

1107 328 1299 361 Sacerdotum,
1315 328 1426 361 fratres,
1445 328 1512 356 ordo
1523 328 1669 363 bipartitus
1680 333 1733 361 est,
1749 333 1777 355 et
1790 328 1860 356 sicut

1073 375 1206 402 Dominus
1217 375 1292 402 illum
1309 375 1462 408 constituit,
1478 382 1494 402 a
1509 375 1586 402 nullo
1596 374 1677 402 debet
1690 375 1858 410 perturbari.

1073 420 1156 448 Scitis
1169 424 1260 447 autem
1286 427 1300 447 a
1317 420 1433 448 Domino
1460 419 1600 456 apostolos
1620 427 1682 447 esse
1710 420 1815 447 electos
1835 425 1861 446 et

1073 467 1247 498 constitutos,
1265 471 1293 493 et
1315 471 1412 502 postea
1437 474 1486 502 per
1499 467 1622 494 diversas
1646 466 1806 501 provincias
1828 466 1860 493 ad

1071 511 1275 547 praedicandum
1291 512 1440 547 dispersos.
1455 511 1524 539 Cum
1540 519 1605 539 vero
1616 512 1717 540 messis
1732 512 1861 547 cepisset

1072 565 1207 590 crescere,
1227 558 1325 585 videns
1344 565 1446 593 paucos
1460 565 1521 585 esse
1546 557 1700 592 operarios,
1719 557 1754 585 ad
1767 565 1860 585 eorum

1073 602 1263 638 adiumentum
1276 604 1448 638 septuaginta
1462 603 1532 630 duos
1543 603 1566 619 "
1589 603 1650 638 eligi
1671 603 1803 638 precepit
1819 604 1860 630 di-

1073 649 1204 684 scipulos.
1219 648 1346 684 Episcopi
1360 657 1434 682 vero,
1460 649 1563 676 domini
1578 649 1787 684 apostolorum;
1803 657 1861 684 pre-

1074 695 1175 731 sbyteri
1186 702 1308 730 quoque,
1331 696 1502 731 septuaginta
1522 695 1640 722 duorum
1661 695 1860 730 discipulorum

1074 742 1164 770 locum
1174 745 1279 768 tenent.

1452 789 1485 815 11.

1125 834 1163 861 De
1178 834 1368 861 constitutione
1382 843 1427 861 seu
1442 835 1612 862 ordinatione
1620 835 1806 870 episcoporum

1338 878 1370 896 ac
1381 869 1602 904 presbyterorum.

1111 915 1273 951 "Episcopi
1294 920 1385 943 autem
1403 923 1457 942 non
1484 915 1512 943 in
1529 917 1649 944 castellis
1674 922 1722 944 aut
1747 918 1864 945 modicis

1075 961 1231 989 civitatibus
1243 961 1345 989 debent
1357 961 1487 989 constitui
1499 982 1507 994 ,
1523 961 1570 989 sed
1586 963 1738 998 presbyteri
1754 971 1804 998 per
1817 971 1863 990 ca-

1075 1006 1153 1034 stella
1177 1011 1205 1034 et
1219 1006 1343 1034 modicas
1357 1005 1481 1035 civitates
1502 1012 1585 1042 atque
1608 1007 1688 1036 villas
1705 1009 1811 1036 debent
1830 1009 1864 1036 ab

1075 1053 1354 1088 episcopis'ordinari
1365 1057 1393 1080 et
1408 1053 1491 1088 poni;
1507 1054 1608 1090 singuli
1625 1059 1718 1082 tamen
1741 1063 1791 1090 per
1809 1055 1864 1083 sin-

1075 1100 1154 1135 gulos
1169 1100 1264 1128 titulos
1275 1107 1351 1128 suos.
1368 1097 1403 1126 Et
1417 1099 1563 1135 episcopus
1576 1109 1630 1128 non
1646 1101 1681 1128 ab
1698 1109 1767 1132 uno,
1788 1103 1835 1129 sed
1848 1110 1863 1129 ι

1074 1145 1200 1181 pluribus
1213 1146 1293 1174 debet
1300 1146 1438 1181 episcopis
1451 1146 1589 1174 ordinari:
1603 1152 1639 1180 et,
1654 1152 1683 1174 ut
1693 1148 1802 1176 dictum
1813 1154 1862 1181 est,

1075 1199 1130 1219 non
1155 1192 1187 1219 ad
1204 1192 1341 1220 modicam
1367 1193 1516 1224 civitatem,
1531 1194 1555 1213 ⁸¹
1572 1201 1606 1221 ne
1622 1194 1737 1222 vilescat
1764 1203 1863 1222 nomen

1076 1238 1207 1273 episcopi,
1231 1243 1279 1266 aut
1304 1239 1417 1271 alicubi,
1441 1239 1487 1267 sed
1503 1240 1536 1266 ad
1564 1239 1753 1268 honorabilem
1772 1242 1862 1269 urbem

1077 1284 1233 1312 titulandus
1247 1291 1274 1312 et
1286 1284 1505 1312 denominandus
1520 1290 1570 1312 est.
1592 1284 1739 1321 Presbyter
1751 1295 1819 1314 vero
1833 1288 1863 1314 ad

1075 1330 1365 1364 quemcunquelocum
1379 1330 1421 1357 vel
1432 1330 1575 1358 ecclesiam
1588 1330 1615 1357 iu
1631 1338 1665 1357 eo
1676 1331 1864 1362 constitutam.

1076 1380 1119 1404 est
1131 1376 1333 1411 praeficiendus,
1347 1383 1428 1411 atque
1443 1376 1471 1404 in
1485 1384 1517 1404 ea
1530 1376 1627 1404 diebus
1636 1377 1700 1404 vita
1713 1385 1774 1404 sua:
1784 1378 1864 1405 dura-

1077 1425 1166 1448 turus.
1188 1421 1312 1456 Amplius
1323 1429 1405 1456 quam
1433 1421 1478 1449 isti
1503 1421 1558 1449 duo
1574 1423 1598 1441 ⁸³
1613 1421 1728 1450 ordines
1738 1423 1865 1450 sacerdo-

1078 1470 1148 1499 tum,
1162 1474 1212 1494 nec
1228 1467 1308 1495 nobis
1320 1475 1335 1494 a
1352 1466 1409 1495 Deo
1423 1467 1514 1495 collati
1528 1472 1602 1501 sunt,
1618 1475 1669 1496 nec
1683 1463 1807 1504 apostoli
1822 1470 1866 1497 do-

242 1503 401 1546 possunius.
413 1509 435 1527 ⁸ο
451 1508 484 1537 Ει
496 1508 559 1544 quis
573 1512 624 1540 est,
637 1508 683 1544 qui
695 1508 882 1543 quaerentibus
895 1508 1027 1538 fratribus
1040 1513 1062 1542 c
1078 1516 1204 1540 cuerunt.

277 1627 299 1644 ³⁷
309 1626 405 1662 Ephes.
430 1634 450 1660 ι,
473 1625 548 1653 5-12.

243 1663 455 1697 "septuaginta;
468 1665 492 1688 et
505 1662 543 1688 sic
556 1669 663 1696 semper.
680 1661 746 1697 Luc.

597 1624 734 1653 "Hincm.
765 1633 810 1661 op.
842 1634 885 1659 LV,
912 1627 1109 1661 quaest.c.15.

805 1661 904 1689 “Dist.
929 1662 974 1694 80,
992 1661 1117 1696 Episcopi
1137 1670 1188 1688 non
1202 1663 1239 1688 in.

1161 1626 1183 1643 ⁸⁸
1192 1634 1235 1668 ep.
1254 1627 1346 1670 Attici"
1361 1626 1466 1670 aanP.
1482 1626 1721 1670 rGarthalginen'sis
1747 1626 1868 1670 foqtjlii.

1295 1663 1318 1678 ’³
1330 1661 1492 1690 Sardicense
1510 1669 1572 1690 can.
1589 1661 1617 1695 ϐ,
1632 1667 1659 1689 et
1679 1661 1770 1689 Laod.
1792 1661 1836 1689 57.

243 1695 318 1724 una
333 1695 442 1733 quoque
455 1704 488 1724 ex
505 1697 600 1724 eodem
613 1704 664 1724 ms.
677 1697 712 1724 ab
726 1695 866 1724 llarduino
875 1697 994 1725 collecta:
1009 1695 1146 1725 Sunt.'Ms.
1166 1705 1217 1724 non
1228 1702 1290 1724 sunt
1305 1698 1421 1725 ordines.

243 1798 343 1827 habita:
356 1802 431 1830 sunt,
441 1801 471 1824 ut
483 1801 558 1832 patet
569 1796 652 1824 etiam
667 1803 701 1823 ex
716 1803 795 1823 conc.
810 1795 912 1832 Nician.
922 1804 1027 1824 canone

244 1834 272 1872 (ᾖ,
286 1833 414 1872 Chalced.
431 1831 491 1860 act.’
501 1832 535 1872 lii
545 1852 553 1864 ,
568 1833 636 1872 item
651 1839 684 1858 ex
698 1831 812 1872 epistola
827 1832 861 1872 Ei?)
875 1831 976 1872 Leonis
990 1831 1025 1858 ad

242 1865 417 1896 Anatolium:
433 1875 467 1895 ex
480 1867 593 1902 epistola
606 1865 730 1902 Gregorii
743 1867 777 1894 ad
793 1866 949 1902 Eulogium,
966 1873 1027 1902 quae

243 1874 417 1896 Anatolium:
433 1875 467 1895 ex
480 1874 593 1929 eaplstola
606 1874 730 1928 Gregorii
743 1874 777 1894 au
793 1874 949 1902 nutoglum,
966 1874 1027 1928 quae

243 1909 288 1942 est
300 1904 346 1931 lib.
359 1911 397 1934 vt.
414 1910 473 1937 cap.
507 1901 533 1930 7.
549 1901 663 1942 Hieroso
675 1902 794 1942 vmitana
810 1909 858 1936 per
869 1909 956 1942 atinos
981 1908 1027 1942 ere

243 1939 408 1974 quingentos
420 1959 428 1971 ,
443 1936 495 1964 non
511 1945 540 1965 re
554 1937 601 1964 sed
616 1936 725 1974 nomine
737 1957 744 1968 ,
761 1944 817 1974 non
822 1940 964 1974 potestate
979 1936 1025 1963 sed

244 1971 349 2001 liono're
372 1973 523 2005 duntaxat,
544 1977 640 2007 quarta
656 1971 844 2007 patriarchalis
860 1971 953 1998 habita
967 1975 1026 2004 est;

244 2014 274 2035 ut
285 2012 357 2039 patet
368 2015 401 2035 ex
416 2007 519 2035 Nicaen.
534 2006 644 2039 cenem,
655 2014 753 2034 canon.
768 2006 794 2038 7,
811 2007 857 2034 ubi
872 2006 1027 2034 decernitur

246 2017 274 2035 ΙΙΙ.
303 2017 357 2035 alet
368 2017 401 2035 CX
416 2017 519 2035 meam.
534 2017 644 2039 conum,
655 2017 753 2034 catum.
772 2017 794 2038 Ι,
812 2017 857 2034 um
872 2017 1027 2034 ueccrtmur

246 2049 274 2070 nt
285 2017 565 2078 ‘ilierosolymitanus,
576 2046 703 2076 quartum
716 2041 825 2078 quidem
837 2041 1027 2077 patriarchalis

245 2078 377 2105 sessionis
398 2076 488 2104 locum
510 2085 542 2104 ac
560 2077 690 2103 honorem
717 2076 912 2109 habeat;'non
935 2080 1026 2103 tamen

246 2117 388 2174 propterea
402 2120 417 2139 a
429 2112 598 2152 subjectione
612 2111 787 2138 Caesariensis
797 2131 804 2142 ,
818 2119 880 2151 quae
891 2115 1027 2145 metropo-

257 2152 329 2174 ttana
346 2152 423 2174 erat.
442 2150 618 2174 estmeretur.
636 2145 712 2173 Unde
731 2146 827 2173 beatus
845 2145 1026 2174 Hieronvmus

257 2145 329 2174 itaita
346 2152 423 2179 erat,
442 2145 618 2174 eximeretur.
636 2145 712 2173 Unde
731 2145 835 2181 beatus
845 2145 1026 2181 Hieronymus

247 2183 274 2209 in
289 2182 368 2216 epist.
383 2182 417 2209 ad
429 2181 647 2213 Pammachium,
661 2186 755 2208 contra
773 2180 906 2208 Joannem
921 2181 1028 2216 episgo-

246 2214 614 2258 putillierosolymitanum,
623 2216 672 2256 sic
687 2223 753 2258 eum.
765 2216 912 2258 alloquitur
921 2214 956 2258 :_
973 2214 1025 2255 Tu2

247 2249 347 2286 inquit,
362 2252 408 2286 qui
424 2249 529 2286 regulas
545 2251 646 2285 quaeris
658 2249 869 2283 ecclesiasticas,
881 2256 909 2278 et
923 2249 1026 2286 Sicani

247 2285 357 2314 concilii
371 2285 528 2314 ’cauoriibus
544 2286 629 2313 uteris
641 2306 649 2319 ,
664 2286 798 2320 responde
813 2286 880 2312 mihi
890 2307 897 2319 ,
913 2285 947 2312 ad
962 2285 1026 2320 Aie:

247 2323 410 2350 saudrinum
429 2322 585 2356 episcopum
602 2319 744 2356 Palaestian
766 2321 832 2355 quid
849 2320 980 2355 pertinet?
993 2319 1026 2356 ni

248 2357 329 2384 fallor
344 2357 397 2384 hoc
409 2354 453 2384 ibi'
461 2354 635 2389 decernitur,
658 2360 688 2382 ut
705 2354 855 2383 PalaeStinaé
870 2354 1027 2388 metropolis

248 2393 372 2420 (Stesarea
387 2392 432 2423 sit,
444 2396 471 2419 et
489 2391 572 2418 totius
586 2391 700 2418 orientis
711 2390 863 2417 Antiochia.
879 2391 933 2417 Aut
947 2389 1027 2423 igitur

248 2427 282 2454 ad
296 2427 492 2455 Caesariensem
511 2426 744 2461 archiepiscopum
763 2425 865 2452 referre
881 2425 1026 2456 debueras,

249 2462 294 2490 cui
309 2467 398 2497 spreta
414 2462 605 2497 communione
627 2466 672 2488 tua
691 2460 895 2497 uolumunicare
912 2467 962 2486 nos
978 2466 1027 2484 no-

247 2495 332 2525 veras
340 2518 347 2530 ,
369 2502 416 2524 aut
431 2497 454 2524 si
470 2496 565 2532 procul
595 2496 775 2532 expetendum
800 2495 931 2532 judicium
950 2497 1024 2532 erat,

249 2529 422 2560 Antiochiam
438 2529 529 2567 potius
543 2529 640 2558 litterré
653 2531 810 2567 dirigendae.
828 2529 881 2567 sed
899 2530 1026 2567 novi_t_:ur

249 2567 400 2595 Caesaream
411 2587 418 2601 ,
435 2563 482 2594 cur
496 2566 668 2594 Antiochiam
687 2563 806 2593 nolueris
819 2564 944 2601 imittere.
968 2563 1026 2589 Ma-

250 2603 325 2630 lulsti
346 2602 486 2637 occupatis
510 2602 622 2629 auribus
647 2600 800 2637 molestiam
815 2600 1025 2637 facere,_quam

250 2638 370 2665 debitum
397 2634 605 2665 nictrooolitano
635 2640 683 2663 tuo
714 2636 846 2662 honorem
874 2634 996 2662 reddere.
1014 2642 1024 2658 ›

249 2671 454 2700 Patriarchatus
477 2670 798 2705 Constantinopolitanus
817 2670 891 2705 (quia
908 2675 1027 2705 tempore

251 2706 351 2734 Metelli
367 2707 474 2734 concilii
487 2703 740 2740 Constantinopolis
760 2703 826 2740 urbs
839 2703 960 2740 nondum
978 2703 1026 2730 dc~

252 2742 339 2769 dicata
355 2742 415 2775 fuit)
438 2742 512 2769 hisce
535 2746 628 2776 postea
649 2738 770 2774 tempore
783 2738 929 2767 Iustiniani
943 2759 950 2771 ,
967 2742 1028 2772 post

253 2784 353 2803 anulum
368 2777 471 2803 Domini
489 2776 735 2811 quingentesinmm
749 2796 756 2806 ,
775 2781 859 2811 opera
880 2776 1027 2811 imperatu-

248 2813 301 2845 ris,
313 2816 339 2838 et
349 2808 532 2838 Romanorum
545 2808 702 2846 pontiﬁcum
712 2808 890 2846 permissione
901 2808 1024 2836 accessit.

1076 1796 1105 1824 ln
1120 1796 1242 1832 concilio,
1250 1796 1360 1831 quidem
1375 1796 1680 1832 Constantinopolitano
1699 1798 1795 1832 primo
1810 1819 1819 1831 ,
1839 1806 1868 1825 ac

1075 1836 1169 1867 postea
1185 1832 1213 1859 in
1228 1831 1456 1864 Chalcedonousi,
1474 1831 1804 1867 Const’antinopolitanus
1818 1842 1866 1861 non

1076 1867 1158 1894 modo
1178 1867 1391 1902 patriarchatum
1405 1887 1412 1898 ,
1430 1875 1524 1894 verum
1540 1868 1622 1894 etiam
1648 1869 1807 1896 secundum
1832 1869 1868 1895 lo-

1076 1909 1139 1929 cum
1163 1903 1286 1939 obtinere
1305 1902 1560 1939 conatusesttsed
1579 1902 1722 1939 (pontiﬁce
1740 1904 1869 1939 reliquis.

1076 1945 1135 1978 qqe
1153 1937 1365 1978 reclamantibus
1382 1937 1566 1978 'primatibus)
1589 1937 1704 1978 frustra.
1732 1937 1868 1978 Cur'tres

1080 1972 1185 1999 ta'ntum
1212 1972 1346 2007 praedictae
1370 1973 1449 2000 sedes
1471 1973 1667 2007 patriarchales
1693 1973 1750 2000 isto
1777 1975 1869 2002 ordine

1080 2006 1220 2044 collocatae
1247 2006 1360 2044 fuerint
1372 2007 1457 2044 solius
1471 2006 1543 2044 Petri
1560 2008 1751 2044 apostolorum
1769 2010 1869 2044 princi-

1079 2042 1321 2079 pisprarogativa,
1336 2041 1454 2079 dignitas
1465 2047 1492 2079 et
1506 2041 1649 2077 primatus,
1665 2043 1744 2079 velut
1757 2041 1867 2079 propria

1079 2082 1107 2104 et
1121 2077 1277 2112 immediate
1292 2084 1375 2104 causa
1396 2077 1508 2105 honoris
1524 2082 1551 2104 et
1566 2078 1709 2112 potestatis
1723 2098 1730 2110 ,
1757 2077 1865 2106 errem:

1079 2119 1236 2173 guanquam
1260 2111 1368 2152 Petrum
1389 2112 1416 2138 in
1437 2112 1480 2140 his
1499 2111 1610 2152 sedibus
1624 2113 1782 2173 eligendis,
1797 2114 1866 2149 quod

1100 2165 1109 2173 .
1124 2146 1179 2173 Leo
1193 2155 1220 2173 m
1236 2147 1348 2173 eotstola
1362 2147 1408 2173 δι.
1424 2147 1460 2173 ad
1475 2148 1647 2173 Anastastum
1679 2153 1755 2173 ocet-
1772 2157 1866 2173 ninam-

1100 2165 1109 2174 .
1124 2146 1179 2174 Leo
1193 2147 1220 2183 in
1236 2147 1348 2181 epistola
1362 2147 1414 2183 δι,Δ
1424 2146 1755 2183 αόᾼᾼηαιηιεὶωηγᾶοοεῑ,
1772 2146 1867 2183 quiam-

1041 2169 1064 2197 ι)
1079 2169 1160 2209 άὲιιῖ
1169 2169 1864 2216 ἑᾰιίοιῆειῖὦπῖδῖἦᾗῖάὶιῖἶῖὲῖἰίὖῦἶιῑῶἶῖἑἰιἶῦἷὰἰῆ

1079 2216 1209 2252 habuisse
1232 2216 1324 2250 negari
1342 2224 1395 2252 non
1407 2216 1502 2252 possit.
1519 2216 1641 2243 Romana
1655 2217 1735 2252 sedes
1750 2220 1864 2252 primaut

1078 2251 1236 2287 dignitatem
1249 2251 1457 2287 patriarchalem
1468 2251 1584 2287 obtinet,
1596 2252 1660 2285 quia
1671 2251 1776 2287 Petrus
1805 2260 1864 2287 apo-

1078 2259 1236 2312 aigmtatem
1249 2259 1457 2285 patriarcuaiem
1470 2259 1584 2283 ouunet,
1596 2259 1660 2285 quia
1674 2259 1776 2281 νου-υς
1805 2260 1864 2287 apo-

1071 2289 1115 2322 sto
1127 2293 1159 2313 us
1167 2286 1194 2312 in
1203 2286 1255 2322 hac
1265 2293 1347 2322 «idem
1361 2285 1503 2322 fundavit,
1515 2290 1544 2313 ut
1562 2286 1652 2320 inquit
1667 2286 1698 2313 S.
1716 2287 1864 2322 Gregorius

1077 2321 1124 2347 lib.
1141 2328 1179 2356 vl,
1194 2319 1336 2356 epistIVS'I,
1358 2320 1392 2356 ad
1410 2319 1550 2355 Eulogium
1568 2319 1702 2356 Alexand.
1722 2319 1863 2356 quiéscere

1076 2360 1103 2382 et
1125 2355 1209 2382 vitam
1247 2355 1324 2381 linire
1355 2355 1481 2388 dignatus
1504 2360 1556 2382 est.
1580 2355 1781 2383 Alexandriam
1805 2358 1863 2384 sede

1077 2389 1250 2426 patriarchali
1261 2389 1397 2426 decoravit
1409 2390 1501 2426 (verba
1513 2389 1635 2426 Gregorii
1648 2393 1726 2423 sunt)
1741 2399 1771 2426 in
1784 2399 1862 2426 quam

1077 2423 1269 2460 évaligelistani
1290 2423 1419 2460 Marcum
1441 2423 1605 2460 discipulum
1634 2426 1721 2452 misit.
1755 2423 1860 2457 Tertio,

1077 2459 1168 2487 sedem
1182 2460 1207 2486 in
1223 2466 1276 2493 qua
1290 2459 1347 2494 ipse
1358 2463 1461 2493 septem
1474 2460 1554 2487 armis
1567 2460 1648 2491 sedit,
1663 2461 1861 2488 Antiochenam

1077 2495 1207 2521 nimirum
1233 2495 1369 2530 tirmavit2
1393 2499 1420 2521 et
1443 2494 1518 2530 sedis
1539 2495 1734 2530 patriarchalis
1761 2496 1862 2523 honore

1077 2529 1336 2565 cortdecot-avit;_ita
1351 2528 1500 2565 Gregorius
1517 2528 1646 2565 praedicta
1670 2531 1789 2564 epistola
1801 2551 1810 2563 ,
1834 2530 1859 2557 S.

1077 2563 1258 2600 Leo_epistola
1273 2563 1318 2596 55,
1339 2563 1374 2600 ad
1395 2563 1562 2600 Anatolium.
1583 2565 1661 2592 Sicut
1681 2563 1751 2600 ergo
1777 2566 1860 2600 major

1076 2604 1118 2626 est
1131 2598 1229 2635 Petrus
1242 2598 1383 2635 apostolus
1405 2598 1496 2635 Marco
1516 2600 1681 2635 evangelista
1695 2619 1704 2633 ,
1718 2598 1747 2627 Et
1759 2598 1858 2628 Marcus

1076 2634 1243 2671 evangelista
1258 2633 1395 2671 Evodio,
1421 2633 1469 2668 qui
1493 2633 1751 2671 neque‘apostolus
1778 2643 1857 2671 neque

1076 2669 1242 2703 evangelista
1256 2668 1316 2700 fuit,
1331 2669 1368 2695 ita
1378 2676 1488 2703 quoque
1506 2668 1630 2697 Romana
1655 2671 1780 2698 Ecclesia
1801 2668 1856 2697 Aie-

1077 2704 1249 2735 xandrinam,
1260 2708 1287 2730 et
1296 2704 1478 2730 Alexandrina
1488 2704 1688 2733 Antiochenam
1700 2706 1855 2734 auctoritate

1076 2739 1379 2800 ﬁti’dilgngtaltisupurat.
1397 2735 1462 2766 Vide
1474 2738 1602 2768 Bellaria.
1619 2739 1659 2767 De
1672 2739 1753 2768 Rom.
1768 2740 1851 2775 ροιηί.

1087 2781 1122 2800 ll).
1138 2781 1157 2807 ι,
1173 2782 1198 2800 c.
1214 2781 1257 2801 te.
