1916 3104
61 124 107 152 813

422 183 468 211 111.

139 227 176 255 De
189 227 351 255 discretione
361 228 543 263 episcoporum
558 231 583 255 at
597 227 746 255 civitatum.

90 273 284 309 Episcoporum
301 281 368 302 vero
381 274 450 302 ordo
472 282 545 303 unus
561 279 613 305 est,
629 274 694 302 licet
714 273 769 302 sint
782 281 838 309 pri-

59 325 137 348 mates
147 320 184 348 illi
199 321 248 356 qui
266 321 370 356 primas
382 320 508 348 civitates
523 325 628 353 tenam,
643 319 726 356 quiet
739 319 838 354 i-nqni-

59 366 163 394 busdam
176 366 248 394 locis
260 367 423 402 patriarcha:
435 374 450 393 a
468 366 608 394 nonnullis
631 369 774 394 vocantur.
797 365 837 392 illi

59 417 140 440 autem
153 413 199 447 qui
212 412 240 440 in
254 413 399 448 metropoli
410 420 425 439 a
434 413 514 440 beato
525 412 606 440 Petro
614 412 750 446 apostolo.
763 411 838 440 ordi-

59 461 132 485 nante
146 456 274 489 Domino,
287 462 315 485 et
330 465 344 484 a
359 457 560 492 praedecessore
586 461 682 484 nostro
708 456 839 492 praedicto

59 509 144 532 sancto
157 503 309 537 Clemente,
332 511 380 531 seu
396 511 411 531 a
426 504 505 532 nobis
518 503 660 532 constituti
681 509 757 536 sunt,
783 511 838 531 non

59 558 145 577 omnes
159 550 293 585 primates
318 549 359 577 vel
388 549 553 584 patriarchae
567 557 628 578 esse
640 554 772 585 possunt:
789 550 836 578 sed

59 597 104 624 illae
115 596 203 629 urbes,
212 603 276 632 quae
287 595 409 631 pratiatis
418 600 445 623 et
453 596 551 631 priscis
565 596 734 631 temporibus
745 596 769 617 ’⁵
779 595 837 631 pri-

58 647 152 671 matum
177 646 295 670 tenuere
307 662 315 674 ,
328 642 352 662 "
371 641 591 677 patriarcharum
618 647 667 669 aut
687 642 836 677 primatum

58 689 159 716 nomine
170 688 318 722 fruantur;
335 689 449 723 reliqum
463 696 527 716 vero
539 688 714 723 metropoles,
728 688 837 716 archie-

58 735 221 771 piscoporum
238 740 287 763 aut
302 735 588 770 metropolitanorum,
604 739 631 761 et
645 742 701 762 non
717 734 837 770 patriar-

58 782 161 809 charum
176 785 224 808 aut
254 781 404 815 primatum
431 785 542 809 utantur
567 780 745 814 nominibus;
771 780 837 816 quia

58 826 109 854 haec
124 827 215 854 eadem
230 826 345 862 etleges
357 826 448 854 saeculi
461 827 488 853 in
506 827 564 854 suis
579 826 722 854 continent
732 826 837 861 princi-o

763 122 951 151 EPISTULA).

853 185 877 212 Α
927 184 939 201 ι
950 181 1074 209 Secunda
1087 187 1177 209 autem
1196 182 1275 210 sedes
1289 182 1361 218 apud
1375 181 1567 210 Alexandriam
1579 204 1587 216 ,
1602 183 1674 212 beati

1621 125 1676 156 8M

889 226 961 255 Petri
984 228 1096 255 nomine
1107 248 1116 258 .
1131 236 1147 255 a
1165 227 1256 256 Marco
1270 228 1331 263 ejus
1344 228 1478 264 discipulo
1495 233 1577 264 atque
1590 236 1674 257 evan-

889 273 985 308 gelista
1000 278 1160 301 consecrata
1173 278 1214 302 est
1229 283 1236 307 ;
1252 274 1317 309 quia
1332 274 1391 310 ipse
1403 277 1432 302 et
1446 274 1474 302 in
1488 273 1606 311 Egypto
1620 275 1676 310 pri-

889 327 964 347 mum
978 319 1090 348 verbum
1105 320 1227 348 veritatis
1239 341 1247 353 ,
1267 320 1388 348 directus
1402 328 1418 348 a
1433 320 1512 348 Petro
1523 340 1531 353 ,
1544 321 1676 356 pradica-

888 365 944 398 vit,
962 370 989 393 et
1002 365 1151 401 gloriosum
1171 367 1292 402 suscepit
1310 366 1482 403 martyrium.
1495 366 1546 394 Cui
1560 375 1676 396 venera-

889 412 951 440 bilis
965 412 1098 440 successit
1110 412 1217 440 Abilius
1226 413 1248 441 ⁸.

923 459 934 474 ⁷
949 457 1040 485 Tertia
1054 463 1145 486 autem
1162 460 1242 487 sedes
1257 468 1281 493 a;
1292 459 1328 487 ud
1343 458 1517 487 Antiochiam
1527 480 1536 493 ,
1552 459 1675 494 ejusdem

889 503 929 539 (id
945 509 988 533 est
1000 504 1072 532 beati
1087 504 1172 539 Petri)
1186 506 1302 540 apostoli
1318 505 1429 534 nomine
1451 505 1567 534 habetur
1587 506 1677 534 hono-

888 551 1004 579 rabilis:
1020 552 1083 587 quia
1098 551 1162 583 illic,
1180 552 1340 587 priusquam
1358 551 1473 579 Romam
1489 551 1612 586 veniret,
1628 552 1677 580 ha—

889 596 1003 630 bitavit,
1024 601 1051 625 et
1066 597 1197 634 lgnatium
1212 598 1369 633 episcopum
1379 598 1390 613 "
1404 598 1563 631 constituit,
1580 603 1608 627 et
1623 599 1677 627 illic

887 642 1007 677 primum
1020 651 1120 671 nomen
1135 642 1353 671 Christianorum
1368 644 1481 672 novella
1495 645 1582 680 gentis
1594 652 1677 673 exor-

888 691 947 715 tum
964 692 1016 716 est.
1033 688 1164 724 Reliquas
1179 697 1243 717 vero
1260 694 1290 717 ut
1311 690 1487 725 pradiximus
1505 690 1532 718 in
1555 691 1676 726 quodam

887 737 984 768 tomo,
1008 735 1191 770 prolixitatem
1209 735 1326 764 vitantes
1348 736 1488 772 epistolae,
1511 737 1590 765 vobis
1610 745 1677 765 con-

888 781 1004 816 scriptas
1019 781 1204 809 direximus.’
1214 782 1282 824 inde
1298 791 1418 818 namque
1434 787 1462 810 et
1474 783 1545 811 beati
1559 784 1675 819 apostoli

888 828 959 856 inter
970 835 1000 856 se
1014 831 1181 861 statuerunt,
1195 833 1225 856 ut
1238 828 1360 865 episcopi
1382 830 1551 865 singularum
1573 830 1676 858 scirent

58 873 144 908 pibus;
159 877 183 894 κ
195 874 257 901 alia;
271 878 362 901 autem
385 873 481 908 primae
507 873 632 901 civitates
659 880 729 908 quas
756 873 835 900 vobis
852 876 874 904 Β
887 874 1019 909 gentium,
1028 874 1050 890 ¹⁶
1073 874 1138 909 quis
1161 874 1232 902 inter
1246 882 1295 903 eos
1310 875 1414 910 primus
1428 879 1517 909 esset,
1538 880 1675 911 quatenus

56 919 217 953 conscriptas
242 919 272 946 in
299 918 418 953 quodam
436 922 513 946 tomo
528 917 679 951 mittimus,
701 925 717 946 a
731 918 835 945 sanctis

57 965 188 1000 apostolis,
207 970 235 992 et
254 973 271 992 a
283 965 364 992 beato
386 963 538 997 Clemente,
552 964 609 992 sive
623 972 639 991 a
655 964 736 992 nobis
749 983 756 996 ,
777 963 836 999 pri-

56 1016 134 1039 mates
143 1011 339 1046 praedicatores
353 1015 529 1045 acceperunt.
539 1009 603 1037 Haec
613 1017 679 1037 vero
690 1017 835 1037 sacrosan-

56 1063 93 1086 cta
100 1057 220 1085 Romana
229 1061 257 1084 et
268 1056 419 1092 apostolica
429 1055 562 1089 Ecclesia,
576 1063 631 1083 non
645 1055 680 1083 ab
689 1056 834 1090 apostolis,

56 1104 98 1131 sed
119 1104 153 1131 ab
178 1104 239 1138 ipso
269 1102 385 1130 Domino
405 1102 545 1130 Salvatore
573 1105 703 1130 nostro”
730 1109 835 1137 prima-

57 1156 106 1178 tum
121 1150 246 1181 obtinuit,
265 1154 293 1176 et
311 1149 488 1176 eminentiam
501 1148 644 1183 potestatis
669 1155 752 1182 super
773 1148 836 1174 uni-

57 1205 140 1224 versas
153 1197 292 1224 Ecclesias
302 1205 334 1224 ac
346 1201 432 1223 totum
448 1195 597 1223 Christiani
615 1194 708 1229 populi
724 1201 833 1229 gregem

57 1247 172 1271 assecuta
195 1248 249 1275 est,
266 1242 338 1270 sicut
358 1242 416 1277 ipse
444 1240 472 1268 Β.
502 1240 584 1268 Petro
606 1240 730 1275 apostolo
745 1239 831 1267 dixit:

59 1289 92 1316 Tu
105 1298 130 1317 es
144 1289 251 1323 Petrus,
266 1294 292 1316 et
306 1297 384 1324 super
394 1288 462 1315 hanc
473 1292 575 1322 petram
586 1286 725 1322 cdi/icabo
739 1285 833 1313 Eccle-

57 1338 116 1363 sium
124 1345 215 1370 meam,
227 1342 252 1364 et
265 1341 348 1372 parte
359 1336 439 1371 inferi
452 1344 503 1362 non
519 1334 697 1370 praeualebunt
709 1334 833 1362 adversus

57 1390 108 1409 eam
117 1391 126 1409 :
140 1388 163 1410 et
177 1383 225 1410 tibi
237 1383 309 1410 dabo
324 1381 410 1410 claves
424 1382 496 1417 regni
508 1381 642 1408 cwlorum.
660 1379 694 1407 Et
707 1387 834 1416 quaecun-

58 1437 99 1464 que
109 1429 228 1464 ligaveris
239 1436 320 1463 super
332 1433 441 1460 terram,
454 1432 529 1454 erunt
540 1426 625 1462 ligata
635 1431 661 1454 et
671 1427 699 1453 in
714 1425 794 1453 caelo:
808 1429 834 1452 et

58 1467 206 1510 quacunque
219 1474 330 1502 solveris
345 1481 423 1508 super
436 1477 544 1505 terram,
565 1477 642 1499 erunt
658 1471 747 1499 soluta
762 1476 786 1499 et
804 1471 833 1498 in

59 1520 114 1547 cato
126 1524 158 1548 ιι.
173 1520 304 1548 Adhibita
328 1523 371 1547 est
386 1518 468 1546 etiam
490 1519 607 1546 societas
624 1518 652 1545 in
667 1518 760 1546 eadem
777 1517 834 1546 Ro-

885 921 919 948 ad
934 928 996 948 eum
1010 920 1101 955 potior
1115 928 1210 949 eorum
1225 921 1381 949 sollicitudo
1394 922 1550 957 pertineret.
1568 922 1590 938 “
1606 921 1672 950 Nam

884 969 912 992 et
927 964 999 992 inter
1014 965 1111 992 beatos
1126 965 1266 1000 apostolos
1280 966 1404 1000 quaedam
1420 966 1472 995 l'uit
1485 967 1624 995 discretio.
1641 967 1675 995 Et

884 1009 948 1038 licet
962 1011 1089 1038 omnes"
1103 1014 1196 1038 essent
1209 1011 1335 1046 apostoli,
1347 1011 1428 1043 Petro
1441 1016 1533 1041 tamen
1549 1021 1565 1040 a
1580 1013 1674 1041 Domi-

885 1063 922 1083 no
935 1060 977 1084 est
991 1064 1171 1089 concessum,
1195 1061 1223 1084 et
1240 1057 1292 1092 ipsi
1306 1057 1377 1087 inter
1391 1066 1421 1086 se
1438 1058 1556 1095 idipsum
1577 1060 1673 1088 volue-

884 1107 969 1136 runt,
985 1108 1016 1130 ut
1031 1102 1145 1137 reliquis
1166 1102 1295 1131 omnibus
1316 1107 1446 1138 praeesset
1473 1105 1623 1139 apostolis,
1646 1110 1674 1133 et

884 1148 1003 1184 Cepltss,
1018 1148 1045 1176 id
1056 1153 1109 1181 est,
1123 1153 1206 1184 caput
1219 1153 1247 1177 et
1256 1149 1278 1165 “
1292 1150 1456 1186 principium
1472 1155 1578 1180 teneret
1590 1159 1674 1188 apos-

884 1194 1003 1223 tolatus;
1026 1195 1073 1230 qui
1098 1199 1126 1222 et
1148 1194 1272 1223 eamdem
1297 1195 1414 1224 formam
1431 1197 1490 1225 suis
1504 1199 1673 1227 successori-

884 1241 956 1274 bus,
971 1246 1000 1268 et
1011 1241 1110 1277 reliqui
1124 1241 1241 1277 apostoli
1258 1242 1396 1278 episcopis
1416 1244 1560 1272 tenendam
1585 1245 1672 1274 tradi-

883 1287 992 1316 derunt.
1007 1287 1041 1315 Et
1052 1295 1105 1315 non
1119 1288 1209 1316 solum
1225 1287 1278 1316 hoe
1297 1288 1325 1316 in
1351 1296 1422 1317 novo
1447 1293 1611 1318 testamento
1630 1295 1674 1320 est

884 1334 1064 1362 constitutum
1074 1353 1082 1365 ,
1099 1333 1147 1361 sed
1160 1333 1243 1361 etiam
1259 1333 1286 1361 in
1301 1335 1384 1362 veteri
1399 1334 1462 1363 fuit.
1483 1334 1562 1363 Unde
1590 1335 1674 1364 .scri-

877 1382 953 1413 ptum
960 1378 1124 1413 est,Moyses
1139 1384 1165 1406 et
1179 1379 1269 1406 Aaron
1284 1379 1311 1406 in
1329 1380 1510 1408 sacerdotibus
1525 1380 1583 1415 ejus
1595 1380 1629 1414 “,
1645 1380 1671 1407 id

885 1427 929 1451 est
958 1423 1040 1458 primi
1062 1424 1135 1451 inter
1149 1431 1196 1452 eos
1213 1424 1332 1453 luerunt.
1350 1424 1384 1453 Et
1397 1425 1524 1460 quamvis
1542 1425 1579 1452 ita
1598 1425 1672 1452 ordi-

883 1474 978 1497 natum
993 1469 1087 1504 fuerit,
1104 1477 1186 1498 nemo
1203 1475 1293 1498 tamen
1306 1471 1381 1506 quod
1393 1479 1474 1499 suum
1487 1475 1540 1503 est,
1556 1476 1671 1507 quaerat,

885 1515 933 1543 sed
945 1515 1018 1550 quod
1032 1516 1156 1544 alterius.
1170 1515 1248 1544 Unde
1263 1516 1302 1544 ait
1316 1516 1413 1545 beatus
1437 1516 1576 1551 apostolus
1599 1516 1671 1544 Pau-

60 1574 130 1594 mana
140 1567 205 1595 urbe
217 1566 370 1594 beatissimi
382 1566 495 1601 apostoli
508 1565 666 1593 Paulivasis
678 1565 833 1598 electionis,
846 1550 868 1579 θ
885 1561 944 1590 IHS:
962 1561 1144 1598 Unusquisque
1162 1562 1265 1597 placeat
1280 1563 1402 1598 proximo
1418 1550 1466 1590 suo
1479 1565 1508 1590 in
1522 1562 1618 1589 bonum
1637 1563 1672 1590 ad

60 1612 100 1646 qui
115 1620 166 1640 uno
177 1613 231 1646 die,
247 1620 304 1640 uno
319 1619 429 1647 quoque
455 1616 587 1646 tempore,
602 1611 721 1646 gloriosa
746 1616 834 1639 morte

60 1665 113 1684 cum
127 1657 214 1690 Petro,
228 1658 282 1685 sub
296 1657 418 1692 principe
440 1655 546 1684 Nerone
567 1656 727 1691 agouizans,
756 1663 836 1684 coro-

61 1709 130 1732 natus
149 1710 199 1737 est,
221 1710 249 1733 et
272 1704 353 1732 ambo
366 1708 488 1731 sanctam
513 1703 666 1731 Romanam
683 1702 833 1731 Ecclesiam

60 1755 257 1782 consecrarunt,
269 1750 386 1785 aliisque
398 1749 526 1777 omnibus
539 1749 653 1776 urbibus
665 1748 692 1776 in
706 1748 835 1776 universo

60 1796 150 1824 mundo
164 1804 223 1824 eam
238 1804 291 1824 sua
302 1797 446 1832 praesentia
459 1801 543 1831 atque
558 1796 713 1824 venerando
734 1795 834 1822 trium-

60 1841 106 1876 pho
119 1842 304 1877 praetulerunt.
323 1842 345 1857 ’θ
367 1840 400 1869 Et
425 1841 488 1868 licet
507 1849 557 1876 pro
580 1840 709 1868 omnibus
723 1840 836 1868 assidua

60 1886 122 1920 apud
134 1886 217 1915 Deum
234 1886 358 1914 omnium
382 1891 541 1914 sanctorum
558 1885 713 1913 eﬁundatur
734 1884 834 1918 oratio,

61 1931 98 1959 his
115 1937 200 1961 tamen
214 1932 309 1961 verbis
318 1931 422 1960 Paulus
431 1931 608 1959 beatissimus
623 1929 765 1965 apostolus
780 1929 836 1956 Ro»-

62 1977 139 2005 manis
151 1979 263 2013 proprio
278 1978 462 2013 chirographo
475 1977 619 2012 pollicetur
629 1997 637 2010 ,
653 1976 748 2005 dicens
760 1985 767 2004 :
785 1973 835 2003 Te-

62 2023 102 2050 stis
119 2026 182 2051 enim
195 2029 234 2052 est
249 2024 313 2051 mihi
326 2024 408 2057 Deus,
422 2024 464 2050 cui
476 2025 561 2051 servio
576 2023 603 2050 in
619 2023 717 2058 spiritu
736 2030 792 2049 meo
806 2021 835 2048 in

63 2068 189 2106 Evangelia
204 2070 273 2098 Filii
285 2071 352 2105 ejus,
366 2070 436 2105 quod
450 2070 506 2097 sine
521 2069 715 2096 intermissione
738 2076 835 2095 memo-

62 2117 121 2143 riam
134 2118 209 2145 uestri
226 2117 300 2152 facio
311 2124 413 2152 semper
425 2116 453 2143 in
465 2115 629 2143 orationibus
640 2115 705 2142 meis
726 2114 771 2142 “°.

93 2163 100 2178 '
117 2162 204 2191 Prima
214 2165 224 2179 '
239 2171 305 2199 ergo
320 2163 398 2191 sedes
411 2166 454 2190 est
466 2161 570 2190 caelesti
586 2160 717 2188 beneﬁcio
733 2159 834 2188 Roma-

63 2218 97 2238 na
110 2210 232 2239 Ecclesiae
241 2212 262 2244 ³,
278 2218 360 2246 quam
381 2210 423 2245 (ut
435 2213 618 2237 memoratum
636 2207 689 2242 est)
707 2206 834 2235 beatissi-
848 2227 871 2256 υ

64 2257 94 2283 mi
111 2256 203 2286 Petrus
222 2263 250 2286 et
273 2257 375 2285 Paulus
397 2263 448 2284 suo
468 2255 599 2291 martyrio
625 2257 832 2282 consecrarunt.

64 2301 138 2332 Roma
150 2312 209 2340 quae
219 2305 297 2340 prius
307 2308 366 2331 erat
375 2302 574 2331 cacodaemonis
583 2300 699 2328 artiﬁcio
709 2299 833 2327 omnium

63 2355 174 2377 errorum
188 2349 293 2377 mater‘
306 2353 334 2376 et
350 2348 444 2382 altrix,
459 2347 584 2375 excussis
601 2345 730 2379 tenebris,
744 2349 771 2372 et
783 2352 834 2372 va-

64 2395 100 2422 nis
112 2396 331 2430 superstitionum
349 2394 449 2422 ritibus
468 2393 599 2428 abiectis,
623 2393 743 2420 liliorum
767 2390 834 2424 Dei,

63 2445 146 2468 exorto
157 2442 212 2470 sole
223 2441 337 2477 iustitia:
349 2460 356 2473 ,
377 2439 447 2467 facta
471 2444 512 2467 est
519 2439 629 2474 copiosa
646 2437 834 2474 propagatrix.

885 1607 1137 1641 tediﬁcationem“.
1164 1608 1197 1636 Et
1221 1609 1293 1636 sicut
1319 1608 1377 1644 ipse
1401 1608 1527 1636 Salvator
1551 1608 1609 1637 suis
1635 1609 1674 1636 ait

885 1653 1044 1688 discipulis:
1060 1653 1112 1687 Qui
1122 1654 1209 1690 major
1221 1658 1259 1681 est
1275 1659 1401 1688 uestrum,
1417 1655 1468 1682 erit
1483 1655 1605 1682 minister
1629 1663 1673 1682 ne-

885 1701 980 1734 ster“,
1001 1704 1029 1728 et
1047 1701 1162 1736 reliqua.
1187 1700 1221 1730 Et
1242 1701 1307 1730 licet
1328 1709 1409 1737 super
1420 1701 1464 1729 his
1485 1701 1577 1737 aliqua
1599 1701 1679 1729 dictat

885 1747 985 1775 iuerint
995 1767 1003 1780 ,
1015 1751 1168 1782 repetentes
1182 1751 1274 1776 tamen
1291 1747 1391 1782 sapius
1401 1768 1409 1780 ,
1423 1747 1605 1775 admonemus
1617 1768 1626 1780 ,
1641 1752 1672 1775 ut

885 1801 992 1830 semper
1004 1793 1032 1821 in
1045 1793 1174 1821 omnibus
1188 1797 1216 1821 et
1232 1793 1267 1821 ab
1282 1792 1411 1821 omnibus
1434 1792 1554 1820 vitentur
1575 1793 1672 1820 elatio.

885 1848 935 1869 nes
948 1840 1048 1868 mentis
1061 1843 1088 1867 et
1102 1839 1238 1875 corporis.
1253 1838 1287 1867 Et
1301 1843 1405 1875 quanto
1420 1839 1509 1874 major
1522 1839 1672 1875 unusquis—

884 1895 938 1923 que
949 1887 1056 1915 videtur
1068 1894 1138 1921 esse,
1154 1890 1230 1914 tanto
1243 1886 1280 1914 sit
1293 1886 1437 1919 humilior,
1452 1886 1524 1914 sicut
1538 1884 1671 1914 Dominus

888 1931 1014 1959 Salvator
1028 1936 1122 1959 noster
1140 1939 1192 1959 non
1213 1931 1282 1958 venit
1301 1923 1459 1964 ministrari,
1473 1930 1519 1958 sed
1535 1930 1674 1962 ministra-

886 1984 916 2004 ra
932 1977 964 2004 ".
978 1975 1021 2009 Et.
1035 1977 1059 2004 si
1073 1977 1156 2012 frater
1169 1977 1267 2012 aliquis
1277 1981 1475 2012 praoccupatus
1489 1977 1568 2012 fuerit
1580 1976 1607 2003 in
1622 1976 1675 2004 ali-

883 2032 934 2060 quo
948 2023 1061 2057 delicto,
1077 2030 1138 2056 eos,
1152 2021 1198 2058 qui
1208 2021 1361 2056 spirituales
1375 2020 1596 2057 estis,_iustruite
1610 2027 1671 2046 eum

883 2071 912 2098 in
925 2070 1023 2106 spiritu
1035 2068 1153 2097 lenitatis
1165 2067 1198 2096 ¹⁸.

1254 2133 1300 2161 IV.

914 2192 949 2220 Ut
962 2191 1121 2228 difﬁciliores
1134 2198 1222 2218 causa:
1237 2190 1373 2252 ad‘sedem
1388 2189 1561 2225 apostolicam
1574 2188 1644 2224 refe-

1228 2234 1276 2252 ran
1291 2233 1332 2252 ur.

1228 2233 1332 2252 rantur.

921 2295 943 2312 ¹⁹
957 2294 986 2322 Si
1000 2302 1061 2330 quae
1074 2301 1139 2322 vero
1153 2300 1244 2320 causa:
1258 2291 1424 2321 dillieiliores
1434 2292 1458 2308 ’°
1472 2291 1544 2319 inter
1558 2298 1608 2318 vos
1622 2297 1670 2318 or-

886 2347 920 2370 tae
932 2341 1043 2375 fuerint,
1059 2341 1093 2368 ad
1108 2340 1190 2376 hujus
1203 2343 1304 2367 sancta:
1317 2339 1390 2367 sedis
1401 2338 1506 2374 apicem
1517 2344 1575 2370 eas,
1589 2335 1670 2372 quasi

886 2388 920 2416 ad
931 2392 1023 2423 caput,
1035 2386 1144 2420 referte,
1156 2390 1186 2413 ut
1196 2385 1348 2421 apostolico
1359 2384 1540 2413 terminentur
1547 2382 1668 2419 judicio:

888 2435 951 2471 quia
964 2435 1005 2462 sic
1024 2433 1168 2462 Dominum
1184 2431 1254 2460 velle
1263 2451 1271 2464 ,
1291 2432 1327 2459 ab
1339 2438 1426 2466 eoque
1439 2430 1476 2458 ita
1490 2429 1669 2458 constitutum

94 2541 114 2558 "
122 2549 170 2570 ms.
181 2542 329 2577 primatem.
339 2539 426 2577 illam
442 2536 537 2577 "Isid.
549 2535 775 2577 Etympt.vu,l2_.
791 2534 1076 2577 "Hinctnarushcitgt.
1097 2541 1157 2569 cap.
1180 2533 1216 2577 ξι
1234 2532 1293 2577 “De
1304 2529 1599 2577 paedestinctione“p.l

66 2563 608 2612 tom-"il'Ie'i"i§ii'_i§i§}oci7ﬁ4ssi-
625 2571 670 2612 ιξ.
687 2563 733 2609 ρύ-
756 2570 1013 2612 ιτςέιιινηειίςιλξε.
1035 2563 1212 2612 summa
1229 2563 1405 2612 masne
1420 2566 1497 2612 955';
1520 2563 1666 2612 1.22;):-

66 2608 171 2640 "Conc.
189 2608 269 2639 Rom'.
292 2608 348 2638 sub
377 2608 496 2638 Gelasio.

67 2645 177 2680 ‘f'ilom.
197 2655 224 2680 I,
244 2647 281 2680 9,
296 2646 339 2673 10.

67 2678 170 2709 Gelasio.
206 2676 280 2709 "ms:
295 2680 412 2708 Romana
423 2678 553 2706 Ecclesia.
568 2676 655 2704 Helo.

67 2714 144 2743 'idem
161 2724 237 2744 conc.
258 2715 446 2747 'Zacchaaum,

70 2750 110 2784 Αν.
122 2743 212 2784 35.7“,
218 2743 348 2779 versione
360 2743 547 2783 υἱοπ.Ἐιίειιί
558 2749 668 2784 citatur.
689 2743 778 2784 ᾖξε..
790 2743 835 2773 1ιὲ(

890 2743 1035 2784 1:85,};
1050 2744 1095 2771 il.
1134 2743 1156 2759 "
1165 2750 1253 2784 pares
1264 2745 1365 2784 essent.

69 2775 212 2819 lliooel'ep:
272 2775 374 2819 quasi
381 2775 436 2812 ait
450 2775 648 2819 τῆξυκξςεαλῇς.
688 2781 710 2797 ⁸³
718 2780 835 2819 Psal._xt

890 2780 953 2819 l,__6._
977 2775 1007 2819 ’ξι
1017 2779 1096 2806 Rom.
1108 2775 1212 2819 xlvﬁh
1232 2776 1358 2819 tritanii.
1372 2783 1453 2810 xxiii,
1469 2775 1513 2805 li.

186 2790 262 2849 mg.
287 2790 365 2822 quasi
381 2790 507 2836 cummi
518 2790 648 2845 κεφαλές.
688 2790 710 2797 ι’
719 2790 790 2809 rsai.
807 2790 953 2832 XCVIII,.:).‘
985 2790 1007 2796 --
1017 2790 1096 2806 nom.
1109 2790 1154 2809 xv,
1165 2790 1192 2805 ι.
1233 2790 1358 2818 ;“ωδιιιι.

246 2821 296 2850 sal.
316 2829 354 2850 Vl.
369 2821 391 2847 l.
467 2821 530 2847 dist.
541 2817 585 2845 22.
623 2821 778 2845 aerosaneta
795 2815 869 2843 Rom.
938 2820 965 2843 δ.
985 2814 1050 2848 Leo,
1065 2821 1108 2849 ep.
1124 2815 1170 2845 84,
1184 2809 1263 2850 Ἣειὶ.
1281 2811 1370 2848 ep.!..

70 2826 108 2853 xx,
119 2820 159 2850 28.
186 2817 304 2850 "'Psal.'
316 2829 354 2854 vi,
369 2821 391 2847 l.
431 2820 452 2836 "
467 2817 530 2847 dist.
541 2817 585 2845 22.

396 2606 496 2636 ielasio.
547 2606 759 2638 "Mattlt.'xv1,
785 2606 832 2638 is,
855 2606 898 2633 19.
946 2606 969 2621 θ’
980 2606 1113 2632 hactenus
1134 2606 1217 2631 verba
1243 2606 1345 2630 Gelasii
1365 2610 1367 2628 1

396 2645 405 2661 ⁸
415 2645 450 2686 ab
472 2642 620 2683 his_verbis
634 2648 721 2692 usque
734 2641 768 2669 ad
783 2641 899 2668 secunda
919 2645 1008 2681 autem
1033 2639 1133 2667 desunt
1149 2638 1243 2689 omnia
1261 2637 1287 2664 in
1300 2636 1367 2664 Luc.

396 2688 412 2704 ιι
423 2678 553 2704 Ecclesia.
568 2676 655 2704 Hno.
693 2676 794 2704 absunt
805 2684 821 2704 a
836 2683 887 2703 ms.
942 2675 1030 2702 l’idem
1041 2681 1118 2701 conc.
1175 2673 1311 2703 Amanus,
1332 2675 1360 2699 et

693 2683 794 2704 208"!“
805 2684 821 2704 a
836 2683 887 2703 ms.

946 2606 969 2621 "
980 2599 1113 2632 hactenus
1134 2604 1217 2631 verba
1243 2602 1345 2630 Gelasii
1365 2601 1393 2628 in
1424 2607 1502 2628 conc.
1531 2599 1667 2627 Romano.

946 2645 1008 2662 lllm
1033 2639 1133 2662 (Insunt.
1149 2638 1242 2662 (inuria
1261 2637 1287 2662 in
1300 2636 1367 2662 Luc.
1419 2637 1429 2652 ³
1440 2635 1511 2662 idem
1521 2642 1599 2662 conc.
1617 2633 1669 2661 sub

942 2675 1030 2702 l'idem
1041 2681 1118 2701 conc.
1158 2673 1311 2703 'Anianus,
1332 2675 1360 2699 et
1375 2670 1534 2706 post_hunc
1552 2669 1668 2706 Abiljus.

499 2703 557 2740 stes
574 2703 722 2742 Evodium,
731 2703 793 2746 post
807 2703 888 2747 quem
904 2710 1039 2747 lgnatium
1091 2708 1174 2736 'dist.
1187 2707 1234 2741 22,
1247 2703 1426 2735 Sacrosau'eta
1439 2704 1517 2733 Rom.
1572 2703 1669 2732 “Con.

502 2748 668 2792 ειξῑςηξεέιξτ-
790 2745 908 2792 ιεετηερ-
919 2744 1095 2792 ρειέέ·
1108 2743 1254 2792 ,Υεαηῂ
1264 2740 1440 2792 δείξει-..2.
1449 2739 1503 2792 sit
1521 2747 1563 2792 εῖτ
1572 2739 1671 2792 ὡς.ξέ

1495 2759 1670 2803 ira
