1916 3104
244 126 297 155 799

919 126 1090 154 ANACLETI
1119 127 1220 155 ΡΑΡΑΞ

1830 135 1878 161 800

245 184 339 212 dicens
355 192 362 210 :
379 182 520 219 Ingressus
536 192 564 211 es
581 184 696 219 quidem,
717 185 855 220 inquiunt,
878 190 906 212 ut
928 185 1039 218 advena,
1054 194 1078 222 Α
1092 187 1149 213 rint
1164 187 1343 221 quaestiones,
1359 192 1407 216 aut
1420 187 1610 223 episcoporum
1625 189 1668 216 vel
1686 188 1823 224 majorum
1835 191 1879 224 juo

246 230 364 266 nunquid
381 235 409 256 ut
420 230 525 265 judice:
541 230 566 246 ⁷³
577 231 589 256 ?
601 229 625 246 '”'
643 229 818 266 Unaquzeque
833 232 972 266 provincia
982 236 1038 259 tam

243 276 320 312 juxta
335 275 463 303 Ecclesiae
476 283 559 311 quam
570 276 648 311 juxta
666 277 758 304 saeculi
778 278 861 312 leges,
881 285 945 305 suos
960 277 1040 306 debet

244 323 334 358 justos
366 327 392 350 et
412 331 467 350 non
484 323 592 358 iniquos
605 323 706 351 habere
714 323 832 358 judices,
845 328 871 351 et
884 331 938 352 non
949 328 1040 352 exter—

246 378 312 403 nos,
324 369 378 397 nisi
394 370 550 404 apostolicae
564 370 638 398 sedis
656 370 738 404 hujus
755 370 902 398 decreverit
919 371 1039 398 auctori-

247 420 299 449 tas,
324 420 461 450 quatenus
486 416 643 451 quicunque
668 423 779 443 causam
796 416 937 449 habuerit,
967 416 1039 452 apud

247 469 313 489 suos
328 462 352 478 ⁷⁸
369 461 475 496 judices
487 462 642 497 judicetur;
657 468 684 489 et
698 470 752 489 non
770 462 803 489 ad
819 462 934 495 alienos,
955 470 1038 490 causa

246 508 374 543 vagandi,
396 507 552 535 stimulante
565 507 711 542 protervia,
728 515 805 534 suam
821 507 974 542 despiciens
988 514 1038 542 pa-

246 555 339 587 triam,
362 558 494 587 transeat,
521 553 568 581 sed
581 553 615 580 ad
628 553 652 569 ⁷⁶
668 553 812 580 duodecim
830 553 952 588 ejusdem
973 561 1038 587 pro-

246 600 344 627 vincia:
356 599 472 634 judices,
491 599 525 627 ad
538 607 655 634 quorum
678 599 813 633 judicium
837 605 932 626 omnes
948 606 1039 626 causa:

247 647 388 674 civitatum
403 646 569 679 referuntur,
582 645 719 672 deferatur
738 645 888 681 negotium.
906 644 934 672 Si
947 650 1037 672 autem

247 691 330 719 fuerit
352 691 566 719 ecclesiasticum
582 691 652 726 apud
669 692 812 726 episcopos
831 691 1038 725 (interveniente

247 738 386 773 primate),
399 738 533 773 siquidem
546 738 634 772 major
648 745 732 765 causa
748 737 831 764 fuerit
847 746 853 764 :
871 737 894 764 si
910 744 974 764 vero
986 737 1038 763 mi-

247 792 309 816 nor,
334 784 563 819 metropolitano;
580 784 602 812 si
625 791 691 810 vcro
713 783 795 810 fuerit
810 783 953 816 steculare,
966 782 1038 817 apud

247 830 368 865 ejusdem
381 830 485 858 ordinis
497 830 581 862 viros,
592 830 695 864 judicio
718 835 808 856 tamen
824 829 1017 864 episcoporum
1029 837 1036 862 ;

1093 232 1176 266 dicia,
1193 237 1240 260 aut
1253 233 1371 268 majores
1386 241 1475 261 causa:
1486 233 1606 268 fuerint;
1619 234 1642 250 ⁸¹
1657 235 1691 262 ad
1704 235 1799 263 sedem
1816 244 1878 271 apo-

1092 277 1218 304 stolicam
1251 278 1286 312 (si
1312 278 1476 314 appellatum
1502 277 1596 314 fuerit)
1621 279 1777 308 referantur
1802 281 1877 315 (l0);

1094 323 1225 358 quoniam
1247 324 1364 358 apostoli
1378 324 1432 352 hoc
1447 329 1601 352 statuerunt
1613 325 1670 361 (ll)
1683 325 1810 361 jussione
1822 327 1878 355 Sal-

1090 369 1216 403 vatoris,
1243 373 1274 397 ut
1298 370 1416 405 majores
1442 375 1469 398 et
1501 370 1668 400 difﬁciliores
1700 373 1877 407 quaestiones,

1088 423 1197 450 semper
1220 416 1254 443 ad
1275 416 1366 443 sedem
1389 416 1549 444 deferantur
1571 417 1765 452 apostolicam,
1798 427 1878 455 super

1089 468 1172 496 quam
1200 460 1327 489 Christus
1360 462 1515 490 universam
1534 463 1689 491 construxit
1713 463 1877 498 Ecelesiam,

1088 506 1196 534 dicente
1216 507 1275 542 ipso
1289 508 1323 535 ad
1337 508 1445 536 beatum
1461 508 1611 544 principem
1627 510 1815 545 apostolorum
1830 511 1879 539 Pe.

1088 555 1161 579 trum
1181 562 1186 578 :
1207 551 1246 579 Tu
1260 561 1297 586 es,
1312 553 1418 588 inquit,
1439 553 1546 587 Petrus,
1561 559 1586 582 et
1604 563 1681 590 super
1694 556 1762 583 hanc
1776 562 1879 591 petram

1089 599 1225 633 aediﬁcabo
1242 599 1389 627 Ecclesium
1406 608 1492 628 meum
1505 601 1545 634 ⁸⁸,
1565 606 1593 629 et
1606 601 1721 637 reliqua.
1737 602 1778 630 Sit
1801 611 1876 639 ergo,

1090 644 1200 678 fratres,
1214 647 1370 674 constantia
1383 652 1474 676 vestra
1488 648 1619 676 adversus
1633 649 1823 677 contentiones
1832 657 1878 677 eo-

1089 698 1151 717 rum
1165 692 1212 725 qui
1227 691 1343 719 adversa
1358 693 1486 727 sapiunt,
1503 697 1530 720 et
1546 701 1600 720 non
1612 702 1674 729 quae
1688 694 1734 722 Dei
1749 700 1816 722 sunt
1833 703 1877 723 sa-

1089 737 1179 772 piunt,
1202 742 1230 764 et
1246 739 1298 765 erit
1314 738 1411 766 fortior
1432 744 1507 774 petra
1523 741 1677 769 constantia
1688 745 1793 775 vestra,
1808 742 1878 769 sicut

1089 785 1221 818 scriptum
1237 789 1278 812 est
1291 793 1298 812 :
1313 784 1354 812 Ne
1370 786 1511 812 timueritis
1526 785 1558 812 ab
1570 786 1621 820 his,
1633 795 1714 821 neque
1726 788 1877 814 terreamini

1089 839 1106 857 a
1123 831 1192 865 facie
1211 839 1301 858 eorum
1323 832 1367 865 qui
1387 839 1481 866 corpus
1497 832 1629 865 occidunt,
1647 833 1765 859 animam
1791 839 1878 860 autem

248 884 310 903 cum
327 876 474 911 Apostolus
500 876 669 911 privatorum
699 875 920 903 Christianorum
939 882 1038 902 causas
1053 876 1074 904 B
1088 884 1139 903 non
1156 881 1265 911 possunt
1282 877 1399 904 occidere
1420 877 1453 904 ⁸⁵.
1467 877 1543 910 Quod
1565 882 1651 903 antem
1674 878 1701 903 in
1718 885 1784 904 aure
1799 878 1878 903 audi-

247 922 335 956 magis
347 922 469 949 ecclesiis
480 921 590 956 deferri,
610 927 638 950 et
649 922 748 949 ibidem
760 921 922 950 sacerdotali
933 921 1036 956 judicio

247 968 389 995 terminari
405 968 488 996 voluit.
502 969 535 996 ⁷⁷.

617 1054 662 1082 ιν.

249 1145 282 1174 Ut
299 1153 436 1180 oppressus
453 1145 557 1179 judicio
578 1144 749 1171 smcularium
775 1143 887 1180 appellet
904 1141 1038 1180 judicium

281 1177 470 1213 sacerdotum,
499 1185 523 1207 et
552 1180 584 1206 de
606 1179 753 1214 majoribus
779 1179 867 1206 causis
894 1178 927 1204 ad
952 1177 1038 1204 aedem

282 1216 456 1250 apostolicum
479 1215 633 1250 referendis.

281 1305 305 1322 ⁷⁸
320 1305 415 1332 Omnis
435 1304 508 1332 enim
532 1311 689 1338 oppressus,
712 1303 735 1319 ⁷⁹
760 1303 845 1330 libere
866 1301 1038 1330 sacerdotum

248 1351 282 1386 (si
302 1350 430 1383 voluerit)
447 1349 563 1384 appellet
574 1349 720 1383 judicium,
738 1353 765 1375 et
781 1348 880 1375 annllo
891 1347 1039 1382 prohibea-

247 1402 302 1430 tur,
315 1396 362 1424 sed
375 1396 408 1423 ab
422 1396 465 1423 his
481 1395 610 1423 fulciatur
625 1399 652 1422 et
670 1394 808 1422 liberetur.
824 1393 854 1421 Si
867 1398 957 1421 autem
974 1393 1040 1421 dim-

247 1443 313 1470 ciles
336 1449 436 1473 causm,
452 1445 500 1468 aut
520 1441 625 1475 majora
651 1440 760 1475 negotia
785 1444 844 1467 orta
868 1439 980 1472 fuerint,
1006 1439 1040 1466 ad

248 1488 380 1523 majorem
406 1487 498 1515 sedem
523 1487 688 1515 referantur.
711 1486 744 1513 Et
766 1486 789 1513 si
810 1486 865 1513 illic
889 1485 968 1513 facile
983 1485 1040 1513 dis-

248 1535 321 1564 cerni
335 1542 390 1561 non
413 1538 552 1569 poterunt,
573 1538 619 1560 aut.
637 1533 711 1568 juste
727 1532 880 1564 terminari,
895 1531 940 1559 ubi
958 1531 1040 1558 fuerit

248 1588 418 1608 summorum
441 1583 604 1615 congregata
631 1579 804 1613 congregatio
819 1599 826 1611 ,
846 1586 907 1613 qua:
920 1586 968 1613 per
981 1577 1039 1605 sin-

248 1626 326 1661 gulos
344 1634 430 1653 annos
452 1626 494 1652 bis
522 1625 580 1652 ﬁeri
606 1625 677 1653 solet
699 1625 748 1659 (9),
769 1629 797 1652 et
816 1625 910 1657 debet;
928 1624 1001 1659 juste
1012 1628 1039 1651 et

250 1671 304 1698 Deo
323 1671 421 1706 placite
437 1679 530 1698 coram
546 1671 699 1705 patriarcha
722 1675 767 1697 aut
783 1671 897 1705 primate
910 1670 1038 1697 ecclesia-

253 1717 328 1749 stico,
353 1721 380 1743 et
405 1724 498 1744 coram
519 1717 634 1751 patricio
649 1717 671 1732 ⁸ο
696 1716 818 1744 smculari
838 1716 858 1731 ⁸¹
880 1715 1039 1750 judicentur

249 1761 358 1797 negotia
373 1762 400 1788 in
411 1769 566 1789 commune.
585 1761 663 1794 Quod
681 1761 704 1788 si
718 1761 883 1789 difﬁciliores
900 1764 968 1788 orta:
978 1758 1038 1787 fue-

622 1895 684 1922 ⁷⁸ιιι
696 1916 702 1928 ,
723 1899 819 1929 (ιιιςεδι.
836 1894 852 1921 6
864 1915 872 1927 ,
895 1893 1062 1929 Unaqttwque

627 1939 652 1966 ς.
672 1939 697 1958 xi
711 1952 718 1963 ,
736 1931 776 1957 10.
813 1929 853 1966 "l
873 1930 1048 1966 Corinth._v»t.

284 1895 307 1912 ⁷⁸
327 1896 426 1923 Cenes.
449 1903 513 1929 xu,
539 1895 566 1922 9.

253 1933 275 1964 2,
289 1939 318 1965 q.
332 1932 357 1958 6.
397 1931 513 1958 "Cone.
524 1930 623 1958 Cartha

249 1968 291 1994 tit.
305 1967 339 2000 λι,
352 1971 440 1994 const.
457 1966 473 1993 8
512 1970 539 1993 et
556 1967 583 1993 9.
613 1965 697 1993 Cone.
721 1966 816 1992 Colon.
841 1965 903 1992 887.

249 2002 360 2037 pra'side
376 2001 494 2037 reponit.
531 2002 553 2016 ⁸⁸
567 2009 618 2037 ins.
636 2001 789 2028 sa'cularia.

254 2037 375 2064 “Matth.
406 2045 438 2069 x,
464 2036 508 2063 ‘28.

829 2001 851 2016 ⁸³
872 2001 965 2028 lnnoc.
991 2000 1019 2032 l,
1047 2007 1091 2034 cp.

1091 922 1135 954 tis,
1150 923 1293 957 praedicare
1308 923 1335 950 in
1350 923 1465 956 lumine,
1488 923 1565 951 illum
1589 924 1707 951 timentes
1731 924 1778 958 qui
1794 929 1877 959 potest

1090 970 1209 996 animam
1234 974 1260 996 et
1291 977 1385 1005 corpus
1411 970 1530 997 occidere
1553 975 1577 997 et
1602 971 1703 998 mittere
1728 971 1755 996 in
1783 971 1879 1005 gehen-

1090 1025 1152 1043 nam
1165 1016 1199 1044 ".
1218 1015 1329 1043 Fratres
1351 1016 1412 1048 mei,
1432 1016 1460 1043 in
1475 1024 1553 1043 carne
1571 1016 1750 1048 ambulantes,
1767 1024 1821 1043 non
1839 1025 1879 1044 se-

1088 1058 1203 1085 cundum
1226 1067 1332 1085 carnem
1353 1058 1511 1088 militamus.
1526 1059 1608 1086 Arma
1626 1059 1696 1086 enim
1713 1059 1820 1086 militia:
1834 1068 1879 1086 no-

1088 1110 1151 1133 strte
1172 1113 1224 1132 non
1244 1104 1375 1139 carnalia,
1399 1105 1444 1132 sed
1458 1105 1575 1140 polentia
1588 1105 1654 1138 Deo,
1670 1106 1704 1132 ad
1719 1105 1879 1133 destructio-

1089 1159 1148 1178 nem
1168 1151 1371 1183 munitionum,
1393 1151 1506 1178 consilia
1525 1151 1699 1184 destruentes,
1728 1156 1754 1178 et
1778 1160 1879 1178 omnem

1088 1197 1277 1224 exultationem
1293 1196 1460 1223 extollentem
1475 1204 1502 1223 se
1520 1196 1644 1223 adversus
1662 1196 1805 1223 scientiam
1821 1197 1879 1229 Dei,

1089 1248 1114 1270 et
1135 1243 1163 1270 in
1178 1243 1359 1277 captivitatem
1387 1242 1533 1277 redigentes
1558 1249 1659 1269 omnem
1681 1241 1879 1277 cogitationem,

1089 1295 1114 1317 et
1132 1290 1159 1316 in
1179 1289 1331 1325 obsequium
1351 1288 1457 1316 Christo
1473 1289 1645 1323 perducentes
1657 1288 1691 1315 ⁸⁸.
1711 1288 1749 1316 De
1773 1294 1880 1320 cetera,

1091 1337 1199 1372 fratres,
1217 1336 1407 1370 confortamini
1424 1335 1451 1362 in
1470 1335 1594 1369 Domino,
1609 1340 1635 1363 et
1648 1336 1676 1362 in
1690 1336 1812 1370 potentia
1828 1337 1883 1370 for-

1091 1383 1214 1410 titudinis
1229 1383 1285 1417 ejus
1299 1383 1322 1399 ⁸⁷
1332 1403 1340 1416 ,
1356 1386 1386 1409 ut
1399 1390 1452 1417 pax
1469 1381 1546 1410 vobis
1561 1381 1646 1409 multa
1661 1386 1688 1410 et
1702 1382 1793 1416 gratia
1803 1382 1883 1410 aDeo

1089 1434 1117 1457 et
1135 1429 1251 1456 Domino
1274 1433 1368 1456 nostro
1389 1428 1452 1456 Jesu
1475 1428 1586 1456 Christo
1608 1428 1792 1456 ministretur.
1817 1428 1883 1455 Am-

1090 1476 1235 1511 plectimur
1252 1479 1280 1503 et
1301 1475 1460 1502 osculamur
1471 1495 1478 1508 ,
1495 1483 1526 1502 ac
1541 1475 1563 1503 si
1581 1479 1742 1509 prmsentes,
1761 1475 1883 1502 Charita-

1091 1528 1144 1551 tem
1161 1528 1291 1555 vestram,
1314 1523 1340 1550 in
1365 1523 1467 1550 unitate
1489 1523 1614 1558 spiritus,
1636 1522 1664 1550 in
1679 1522 1791 1550 vinculo
1807 1524 1885 1557 pacis

1090 1574 1118 1598 et
1131 1570 1272 1598 charitatis
1291 1569 1404 1597 Christi.
1424 1569 1535 1604 Propter
1553 1570 1633 1604 quod,
1653 1570 1822 1603 charissimi,
1839 1578 1883 1597 ex-

1091 1621 1249 1651 spectantes,
1271 1616 1385 1650 satagite
1401 1615 1566 1642 immaculati
1580 1619 1605 1642 et
1625 1615 1750 1643 inviolati
1769 1615 1884 1643 inveniri

1091 1665 1118 1691 in
1135 1672 1209 1698 pace,
1226 1668 1251 1690 et
1273 1663 1381 1690 Domini
1394 1662 1484 1695 {nostri
1499 1662 1744 1697 longanimitatem,
1766 1663 1883 1689 salutem

1092 1709 1270 1742 arbitremini,
1296 1708 1319 1724 ⁸⁸
1343 1708 1411 1735 sicut
1435 1711 1460 1733 et
1488 1706 1661 1734 charissima:
1690 1707 1778 1741 frater
1795 1712 1885 1733 noster

1093 1756 1195 1783 Paulus
1211 1755 1355 1782 secundant
1367 1755 1460 1781 datam
1472 1753 1523 1780 sibi
1541 1753 1700 1788 sapientiam
1715 1753 1826 1788 scripsit
1843 1761 1884 1780 co-

1279 1891 1301 1907 "
1315 1890 1418 1918 Codex.
1434 1889 1539 1918 Theod.
1554 1890 1603 1917 lib.
1617 1897 1637 1916 ιι
1648 1910 1656 1923 ,
1678 1890 1727 1917 tit.
1741 1889 1753 1915 Ι
1768 1909 1776 1921 ,
1793 1894 1880 1917 coast.

1091 1893 1238 1927 provincia.

1652 1924 1744 1951 "Lib.
1772 1933 1797 1957 ι⁹
1815 1925 1880 1951 Cod.

1087 1926 1109 1944 73
1129 1937 1158 1956 ιιι
1170 1949 1177 1961 ,
1190 1931 1286 1963 qumst.
1299 1926 1315 1952 6
1327 1948 1334 1960 ,
1356 1926 1451 1963 Omnis
1464 1934 1612 1963 oppressus.

944 1966 966 1981 ⁸ο
981 1964 1048 1991 Vide
1072 1964 1134 1990 Ant.
1158 1959 1339 1998 Augustinum
1356 1963 1382 1988 in
1398 1962 1470 1989 notis
1481 1959 1525 1988 'ad
1539 1961 1601 1998 coll.
1618 1959 1712 1998 Hadr._
1722 1967 1746 1986 c.
1776 1960 1805 1993 9,
1839 1961 1881 1998 ubi

1328 1998 1350 2013 ⁸³
1362 1997 1456 2024 Matth.
1481 2005 1525 2023 xvi
1538 2016 1546 2028 ,
1563 1996 1605 2024 l8.
1659 1996 1682 2011 3‘
1701 1994 1769 2022 Luc.
1792 2003 1843 2027 sn,
1858 1996 1880 2022 Δ.

1117 2008 1155 2031 xt,
1180 2007 1241 2033 cap.
1261 1998 1287 2024 5.

548 2037 570 2051 ⁸⁵
583 2036 602 2063 ll
618 2036 681 2063 Cor.
711 2045 737 2067 ι,
756 2036 814 2063 3-5.
849 2036 870 2051 “7
883 2036 982 2070 Eplies.
1004 2030 1030 2062 vi
1042 2055 1048 2066 ,
1064 2030 1112 2061 Ἦ).
1151 2030 1229 2061 “lla:
1273 2033 1432 2070 similesque
1452 2033 1555 2070 passim
1569 2035 1759 2070 hoccurreutes
1777 2030 1882 2058 lacinia

252 2079 268 2100 e
291 2072 382 2100 bibliis
408 2066 551 2106 descriptae
578 2071 659 2106 longe
690 2072 791 2099 absunt
824 2078 840 2098 a
877 2066 948 2106 st'ylo
969 2070 1110 2102 Anacleti,
1142 2070 1288 2098 alteriusve
1313 2068 1430 2096 Romani
1456 2066 1601 2103 pontiﬁcis.

288 2193 330 2236 (9)7
348 2193 414 2236 Qua:
434 2201 480 2236 per
495 2193 612 2228 singulos
630 2200 716 2236 annos
730 2192 768 2236 bis
791 2192 849 2236 ﬁeri
869 2191 943 2236 splet.
963 2191 1044 2236 Jurta
1059 2206 1086 2236 ο
1097 2190 1333 2236 Cyprianus‘li‘bro
1341 2189 1443 2236 primo,
1458 2189 1648 2236 epistolaile‘t;
1656 2189 1692 2236 Δ4.

255 2227 443 2265 apoSLOlOI'unt
459 2227 545 2265 legem
559 2236 592 2265 ac
604 2227 832 2265 consuetudinem
847 2236 853 2254 :
870 2228 904 2255 de
916 2235 970 2262 qua
984 2228 1045 2255 vide

255 2262 355 2294 canon.
369 2262 547 2294 apostol.'58.
565 2263 629 2290 Sev.
645 2262 748 2290 BINIUS.

292 2299 348 2334 (10)
371 2297 486 2334 Majores
506 2299 760 2326 caui-auuadscdem
781 2298 954 2333 apostolicam
976 2297 1045 2332 refe—

257 2340 364 2363 rantur.
384 2333 441 2361 Hoc
452 2335 572 2360 Anacleti
589 2335 727 2360 decretum
747 2334 815 2361 bene
830 2338 857 2360 et
872 2334 945 2366 juste
961 2333 1046 2360 latum

258 2378 320 2398 esse
334 2378 366 2397 ex
384 2377 416 2396 eo
429 2373 511 2403 patet,
524 2369 595 2403 quod
608 2369 762 2395 universale
776 2373 802 2395 et
818 2369 967 2403 legitimum
981 2368 1046 2395 Sar-

259 2406 371 2433 dicense
386 2404 533 2431 concilium
545 2411 650 2431 canone
668 2403 685 2430 4
703 2408 730 2431 et
751 2403 777 2435 7,
793 2404 873 2438 plane
889 2404 959 2430 idem
978 2411 1045 2430 con-

261 2440 381 2469 stituerit
396 2443 402 2466 ἑ
419 2439 547 2474 quodque
558 2438 683 2466 Gelasius
695 2439 722 2465 in
733 2439 855 2474 epistolis
869 2439 901 2465 ad
916 2439 1046 2466 Faustum

259 2481 287 2504 et
303 2475 336 2502 ad
352 2475 495 2510 episcopos
512 2474 654 2510 Dardania:
668 2475 781 2507 scribat,
797 2474 947 2501 secundum
963 2481 1047 2510 ca_no-

260 2519 309 2539 nes
325 2508 393 2540 ﬁeri,
410 2508 482 2544 quod
496 2510 579 2536 totius
592 2509 720 2536 Ecclesiae
736 2509 929 2544 appellationes
946 2509 979 2536 ad
991 2508 1046 2536 Ro‘

261 2554 348 2573 mante
364 2546 437 2572 sedis
451 2553 565 2572 cxatnen
579 2545 747 2576 deferantur,
763 2545 797 2572 ab
813 2545 871 2578 ipsa
889 2549 978 2571 autent
996 2552 1045 2578 ap-

261 2581 366 2617 pellare
386 2580 488 2608 nemini
500 2581 691 2617 permittatur.
713 2579 789 2617 lianc
798 2579 963 2617 appellandi
977 2587 1044 2617 con-

260 2613 432 2644 suetudinem
450 2613 670 2649 atttiijuissimatn
683 2623 744 2642 esse
759 2615 788 2642 S.
797 2613 861 2647 Leo,
869 2614 982 2649 epistola
994 2613 1028 2640 89
1040 2636 1043 2642 ,

260 2656 388 2683 testatur,
404 2655 430 2677 et
451 2650 705 2684 antiquissimorum
733 2651 765 2677 ad
782 2651 875 2677 sedem
895 2649 1046 2684 Romanam

261 2686 460 2721 appellantium
470 2683 592 2720 exempla
606 2686 778 2712 conlirmant.
796 2685 914 2711 Marcion
923 2685 1000 2721 enim
1013 2683 1047 2710 ab

261 2718 389 2756 episcopo
404 2721 431 2747 in
447 2720 535 2756 Ponto
550 2718 805 2756 excommunicatus
815 2740 830 2756 ,ν
845 2725 906 2756 una
921 2718 1047 2756 Romano

280 2753 389 2783 ontiltce
404 2755 609 2788 absolveretur,
636 2755 751 2782 Romam
772 2755 855 2782 venit.
878 2753 1047 2789 Epiphanius

271 2799 356 2818 iterent
374 2791 414 2818 52.
425 2790 591 2818 Fortunatus
603 2796 629 2818 et
642 2790 716 2817 Felix
729 2791 755 2816 in
769 2790 859 2817 Africa
873 2798 888 2816 a
899 2789 1045 2824 Cypriano,

262 2825 390 2860 Basilides
422 2826 449 2860 in
474 2825 616 2859 llispania,
641 2825 770 2860 depositi,
793 2826 826 2852 ad
841 2825 998 2852 Cornelium
1020 2828 1047 2850 ct

260 2859 429 2892 Stcnuanum
441 2859 568 2888 Romana.-
579 2859 706 2889 Ecclcsiax
715 2861 856 2896 pontiﬁces
865 2860 1044 2896 appellarunt.

1098 2224 1326 2257 ali—orientalibus
1338 2224 1494 2260 depositus,
1510 2225 1544 2252 ad
1557 2225 1711 2260 pontiﬁcem
1726 2224 1880 2260 appellavit”.

1097 2267 1123 2289 et
1143 2262 1177 2290 ab
1198 2270 1231 2289 eo
1248 2259 1390 2289 restitutus
1402 2265 1453 2288 est.
1467 2259 1635 2287 Sozornenus
1649 2260 1696 2287 lib.
1716 2268 1758 2291 ιιι,
1775 2267 1836 2294 cap.
1857 2259 1879 2284 7.

1096 2297 1254 2357 Pluraepidle
1270 2297 1341 2331 apud
1354 2295 1482 2323 Bellarm.
1495 2296 1542 2323 lib.
1557 2303 1588 2329 ll,
1604 2295 1642 2322 De
1656 2295 1770 2321 Roman.
1786 2295 1879 2330 pontif.

1097 2341 1157 2357 can.
1211 2352 1217 2357 .
1246 2340 1272 2357 D.

1097 2341 1157 2360 can.
1172 2333 1202 2358 21
1211 2352 1217 2359 .
1235 2333 1272 2359 In.

1165 2341 1202 2402 1sz
1211 2341 1346 2403 'Qiiiinium
1358 2366 1471 2403 apostoli
1485 2366 1534 2403 hoc
1550 2370 1710 2403 statuerunt.
1728 2364 1807 2403 lianc
1820 2373 1880 2403 apo-

1098 2400 1232 2431 stolorum
1260 2402 1483 2429 constitutionem
1508 2402 1634 2429 Clemens
1654 2401 1672 2427 Ι.
1701 2409 1720 2427 ιι
1747 2400 1879 2432 Constit.,

1098 2446 1122 2466 c.
1136 2439 1171 2466 45
1181 2459 1189 2471 ,
1204 2445 1236 2465 ex
1253 2437 1477 2471 interpretatione
1491 2436 1619 2464 Turriani
1631 2457 1638 2469 ,
1659 2444 1693 2463 ex
1708 2435 1786 2462 Bovii
1803 2436 1879 2471 inter-

1097 2474 1246 2508 pretatione
1260 2470 1349 2499 autem
1367 2480 1392 2499 c.
1407 2472 1452 2503 49,
1467 2476 1592 2500 recenset
1605 2471 1648 2508 his
1659 2471 1750 2508 verbis
1765 2479 1772 2497 :
1791 2479 1801 2496 ι
1815 2470 1880 2497 Prae-

1098 2506 1171 2536 clara
1187 2508 1336 2536 Christiani
1353 2508 1413 2534 laus
1428 2513 1488 2540 est,
1510 2514 1571 2534 cum
1588 2506 1664 2534 nullo
1682 2506 1786 2533 habere
1801 2513 1879 2540 nego-

1098 2545 1176 2571 tium.
1197 2543 1275 2576 Quod
1302 2543 1325 2569 si
1349 2550 1383 2569 ex
1407 2542 1498 2577 aliqua
1521 2542 1664 2569 vexatione
1686 2545 1714 2568 et
1734 2541 1880 2577 tentatione

1099 2579 1178 2606 alicui
1195 2575 1228 2606 lis
1247 2579 1359 2609 oriatur,
1375 2575 1498 2604 curet-ut
1512 2585 1544 2604 ea
1569 2577 1752 2611 transigatur,
1778 2575 1879 2603 etiamsi

1098 2615 1289 2641 detrimentum
1307 2613 1362 2648 pati
1378 2613 1492 2646 debeat;
1519 2620 1569 2640 nec
1590 2612 1625 2639 ad
1646 2611 1792 2638 ethnicum
1809 2611 1878 2648 judi-

1098 2650 1171 2676 cium
1187 2647 1315 2680 accedat,
1338 2649 1384 2675 sed
1407 2656 1456 2675 nec
1477 2649 1595 2683 patiatur
1611 2647 1786 2683 mundanosﬂ
1801 2652 1878 2683 ningu-

1098 2684 1241 2712 stratusde
1251 2684 1329 2711 nobis
1345 2684 1392 2718 jus
1405 2681 1516 2711 dicere:
1532 2690 1596 2710 nam
1613 2690 1662 2718 per
1680 2681 1742 2718 illos
1759 2681 1877 2718 diabolus

1099 2727 1191 2746 servos
1204 2719 1250 2745 Dei
1265 2716 1357 2752 vexat,
1375 2723 1404 2744 et
1418 2719 1496 2746 nobis
1511 2723 1603 2744 notam
1617 2716 1719 2749 inurit,
1736 2716 1815 2751 quasi
1830 2722 1876 2741 tum

1100 2755 1248 2781 habeamus
1263 2762 1313 2781 nos
1330 2761 1414 2780 unum
1435 2753 1607 2788 sapientem,
1631 2752 1680 2787 qui
1704 2751 1793 2788 possit
1815 2751 1876 2778 inter

1099 2795 1189 2824 partes
1207 2790 1253 2851 jlns
1274 2787 1475 2817 administrare
1490 2793 1517 2817 et
1541 2787 1745 2816 controversias
1774 2793 1876 2821 catapo-

1099 2833 1172 2851 IICI‘C.
1190 2834 1198 2850 ι
1229 2833 1254 2851 D.

1099 2833 1172 2853 IlCl‘C.
1190 2834 1198 2850 ι
1216 2833 1254 2852 Π).
