1916 3104
36 158 74 187 80!
747 154 798 182 El’l
804 153 924 182 STOL/E
930 173 937 181 .

36 228 76 261 bis,
94 226 158 254 sicut
180 231 204 254 et
227 226 257 253 in
272 225 391 253 omnibus
409 225 544 261 epistolis,
564 225 671 260 loquens
683 225 711 251 in
722 224 759 251 eis
774 224 806 251 de
822 214 844 242 Α

36 273 78 305 his,
92 273 116 299 in
131 272 223 308 quibus
239 276 302 299 sunt
317 271 439 308 quwdam
453 271 572 306 difﬁcilia
586 270 732 303 intellectu,
748 278 808 306 quae

36 319 121 345 indocti
132 324 154 345 et
166 318 305 345 instabiles
319 318 474 353 depravant,
486 318 555 344 sicut
574 321 599 344 et
613 321 722 344 cwteras
736 315 808 343 Scri-

36 371 123 400 pturas,
146 365 180 392 nd
208 373 287 391 suam
312 365 496 400 perditionem.
523 364 574 391 Vos
601 373 673 399 ergo,
697 365 806 399 fratres,

36 411 182 446 pnescienes
206 411 339 438 custodite
357 419 366 437 :
384 419 416 438 ne
441 411 625 446 insipientium
647 419 736 438 errore
752 415 809 437 tra-

37 457 107 489 ducti,
120 457 250 484 excidatis
265 465 281 484 a
295 458 404 492 propria
419 457 557 492 ﬁrmitate.
575 456 692 484 Crescite
706 465 765 484 vero
780 457 808 483 in

37 504 110 538 gratia
128 507 151 529 et
170 503 320 538 cognitione
343 503 451 530 Domini
469 504 554 531 nostri
576 503 640 530 Jesu
665 502 764 530 Christi
783 508 808 530 et

38 548 168 576 Saluatoris
181 548 214 576 ".
234 547 285 576 Vos
301 554 399 580 autem,
415 549 575 583 charissimi,
588 557 713 577 memores
728 554 808 577 estote

37 594 166 627 uerborum,
190 603 251 630 quae
268 595 398 629 prwdicta
420 600 480 623 sunt
502 596 534 622 ab
558 596 685 631 apostolis
700 596 808 624 Domini

38 640 107 667 nostri
122 639 184 668 Iesu
199 641 311 673 Christi,
334 641 379 676 qui
402 641 523 668 dicebant
542 641 625 675 vobis,
642 642 767 678 quoniam
781 643 808 669 in

38 687 162 714 novissimo
176 691 294 727 tempore
310 687 411 714 venient
427 686 562 722 illusores,
582 688 726 716 secundum
739 689 809 716 desi-

37 731 99 759 deria
110 741 156 760 sua
177 732 346 760 ambulantes
366 733 394 760 in
407 733 552 769 impietate.
576 733 614 761 Hi
633 739 694 762 sunt
709 735 754 770 qui
766 743 807 762 se-

38 783 129 813 gregant
142 779 309 812 semetipsos,
323 779 462 813 animales,
472 780 604 814 Spiritum
616 788 666 807 non
675 780 807 809 habentes.

42 821 83 849 Vos
96 828 190 857 autem,
203 823 368 857 charissimi,
383 825 626 859 superaedi/icantes
638 827 809 861 vosmetipsos

1593 151 1645 179 περ

1243 255 1263 282 ι.

919 347 958 375 De
980 347 1194 374 ordinationibus
1217 346 1401 381 episcoporum
1425 351 1449 372 et
1470 344 1586 371 omnium

1169 383 1336 409 clericorum.

895 471 917 486 ⁹²
939 469 1134 498 Ordinationes
1155 470 1348 505 episcoporum
1382 468 1458 503 (l2),
1487 468 1650 496 auctoritate

859 516 1020 551 apostolica,
1050 517 1085 544 ab
1108 516 1238 544 omnibus
1253 516 1300 550 qui
1314 515 1342 542 in
1354 515 1447 543 eadem
1465 514 1566 542 luerim
1586 522 1649 549 pro-

860 563 948 590 vincia
963 563 1099 598 episcopis
1112 567 1176 590 sunt
1190 562 1360 589 celebranda;
1373 561 1407 588 ".
1423 561 1474 594 Qui
1489 561 1570 588 simul
1585 568 1650 588 con-

859 609 1010 642 venientes,
1024 609 1187 636 scrutiuium
1197 607 1343 643 diligenter
1355 612 1446 642 agant,
1459 607 1650 642 jejuniuluque

860 663 921 683 cum
941 655 1069 683 omnibus
1091 655 1229 683 celebrent
1254 654 1391 689 precibus,
1417 658 1444 681 et
1468 661 1567 680 manus
1587 661 1650 680 cum

859 700 963 728 sanctis
987 700 1154 736 Evangeliis,
1181 707 1242 735 qua:
1263 699 1439 734 pradicaturi
1463 703 1537 732 sunt,
1563 699 1652 734 impo-

859 751 956 774 nentes
968 745 1111 774 Dominica
1126 746 1180 779 die,
1197 747 1265 773 hora
1279 745 1359 773 tertia
1372 750 1494 779 orantes,
1518 752 1652 780 sacraque

859 792 997 825 unctione,
1021 792 1146 827 exemplo
1168 791 1363 826 prophetarum
1382 795 1409 818 ct
1429 798 1535 826 regum,
1563 790 1652 825 capita

860 847 955 867 eorum
971 839 1059 875 (more
1074 838 1261 873 apostolorum
1273 842 1300 864 ct
1312 837 1423 873 Moysis)
1433 842 1576 872 uagantes,
1588 837 1652 872 quia

37 873 196 919 fumum"?
215 875 311 919 "ﬁt"?
323 870 396 919 ﬁda;
419 880 445 919 θ’
466 870 569 906 simu"
587 877 678 899 ⁵⁰η⁶¹⁰
693 877 808 906 omni“,
825 888 848 919 Β
862 885 952 913 omnis
968 884 1150 912 sanctiﬁcatio
1164 888 1271 911 constat
1291 883 1318 910 in
1335 883 1437 918 Spiritu
1449 887 1555 916 sancto,
1573 883 1652 917 cujus

37 915 95 949 ipsos
114 923 157 942 vos
176 916 204 942 in
216 915 362 944 dilectione
375 917 424 944 Dei
440 923 552 951 servate,
566 924 746 953 exspectantes
761 919 811 946 mi-

37 961 193 988 sericordiam
217 961 327 989 Domini
350 963 435 990 nostri
457 963 522 990 Iesu
552 963 653 992 Christi
677 966 704 991 in
729 965 811 992 vitam

37 1010 158 1034 cateruam.
176 1007 210 1034 Et
224 1008 273 1035 hos
287 1009 392 1044 quidem
402 1009 506 1044 arguite
515 1009 663 1044 judicatos,
679 1009 739 1038 illos
752 1019 811 1038 vero

38 1054 134 1088 salvete,
145 1053 175 1081 de
189 1055 251 1090 igne
265 1055 407 1090 rapientes.
425 1055 493 1084 Aliis
507 1061 595 1084 autem
610 1058 771 1085 miseremini
785 1058 813 1085 in

39 1099 129 1132 timore,
155 1099 272 1127 odientes
286 1108 344 1126 eam
359 1108 418 1136 quae
437 1102 556 1129 carnalis
574 1107 624 1136 est,
650 1103 810 1130 maculatam

38 1145 150 1173 tunicam.
166 1145 200 1173 Ei
215 1151 305 1174 autem
321 1147 366 1182 qui
379 1152 470 1182 potens
483 1155 521 1176 est
535 1157 579 1175 vos
590 1157 744 1176 conservare
755 1151 812 1178 sine

38 1196 141 1226 peccato,
157 1198 182 1220 et
206 1194 370 1221 constituere
388 1199 449 1222 ante
473 1200 638 1230 conspectum
653 1196 745 1231 gloria:
758 1205 813 1224 sua:

38 1238 208 1266 immaculato;
224 1240 253 1267 in
269 1240 456 1274 exsultatione,
479 1242 530 1268 soli
544 1241 598 1268 Deo
613 1241 747 1270 Saluatori
767 1251 815 1270 no-

40 1288 87 1310 stro
98 1292 141 1318 per
151 1284 246 1312 Iesum
267 1285 403 1313 Christum
419 1287 562 1315 Dontinum
578 1293 707 1322 nostrum,
728 1289 815 1324 gloria

39 1334 58 1356 et
77 1331 281 1366 magniﬁcentia,
303 1333 443 1368 imperium
464 1338 489 1361 et
507 1339 634 1368 potestas,
648 1341 708 1362 ante
726 1337 815 1363 omnia

38 1377 133 1408 saecula,
160 1381 185 1404 et
213 1384 285 1405 nunc
313 1382 338 1405 et
366 1379 395 1406 in
405 1379 495 1406 omnia
520 1380 619 1407 sarcula
646 1381 813 1408 saeculorum.

38 1421 147 1450 Amen".

308 1491 479 1521 EPISTOLA
503 1494 532 1522 ll.

864 932 949 959 virtus
971 931 1116 958 invisibilis
1137 935 1232 958 sancto
1248 930 1390 957 chrismati
1406 934 1448 957 est
1468 930 1611 965 permista,
1626 935 1654 957 et

863 978 916 1005 hoc
929 977 984 1004 ritu
1000 977 1149 1005 solemnem
1162 977 1299 1005 celebrent
1313 977 1524 1004 ordinationem.
1540 976 1563 992 °"
1575 975 1652 1009 Quod

863 1024 886 1052 si
898 1024 980 1051 simul
997 1031 1093 1051 omnes
1108 1024 1257 1051 convenire
1272 1023 1385 1050 minime
1403 1027 1541 1057 poterunt,
1558 1030 1654 1050 assen—

863 1079 924 1099 sum
940 1075 1029 1098 tamen
1042 1070 1100 1097 suis
1114 1070 1241 1104 precibus
1253 1069 1402 1104 prreheant,
1417 1073 1447 1096 ut
1463 1068 1498 1096 ab
1511 1069 1569 1103 ipsa
1580 1068 1653 1095 ordi-

863 1118 973 1145 natione
991 1117 1085 1144 animo
1104 1123 1158 1143 non
1174 1116 1276 1144 desint.
1297 1116 1320 1132 9"
1335 1115 1423 1142 Porro
1444 1118 1470 1142 et
1494 1114 1654 1150 Hierosoly—

863 1163 993 1190 mitarum
1024 1163 1129 1198 primus
1152 1162 1377 1197 archiepiscopus
1400 1161 1496 1189 beatus
1521 1160 1653 1193 Jacobus,

864 1210 1013 1245 quijustus
1031 1210 1187 1242 dicebatur,
1205 1214 1231 1237 et
1245 1209 1394 1237 Secundum
1408 1216 1530 1242 carnem,
1548 1208 1654 1236 Domini

864 1262 1039 1292 nuncupatus
1060 1261 1102 1285 est
1120 1256 1203 1284 frater
1218 1278 1224 1290 ,
1241 1264 1255 1284 a
1271 1256 1362 1288 Petro,
1386 1256 1488 1284 Jacoho
1505 1261 1531 1282 ct
1550 1255 1655 1283 Joanne

865 1305 995 1339 apostolis
1025 1308 1067 1332 est
1099 1303 1262 1337 ordinatus,
1294 1302 1501 1330 successoribus
1529 1302 1655 1329 videlicet

865 1349 993 1377 dantibus
1016 1349 1132 1377 formam
1157 1357 1269 1381 eorum,
1294 1353 1324 1376 ut
1347 1356 1404 1375 non
1422 1349 1514 1375 minus
1533 1355 1616 1383 quam
1639 1355 1655 1374 a

868 1395 955 1423 tribus
980 1395 1115 1430 episcopis
1131 1416 1138 1429 ,
1166 1395 1334 1430 reliquisque
1358 1395 1486 1422 omnibus
1510 1401 1654 1421 assensum

866 1441 1061 1476 praebentibus,
1075 1442 1211 1468 ullatenus
1223 1440 1368 1475 episcopus
1380 1440 1567 1472 ordinetur,et
1581 1447 1654 1466 com-

867 1486 943 1513 muni
974 1492 1037 1514 voto
1063 1486 1199 1513 ordinatio
1227 1486 1391 1513 celebretur.
1412 1485 1435 1501 ³⁸
1459 1484 1566 1519 Reliqui
1592 1492 1651 1511 ven

868 1531 1024 1558 sacerdotes
1036 1540 1050 1558 a
1063 1532 1175 1566 proprio
1193 1529 1355 1558 ordinentur
1369 1530 1509 1565 episcopo,
1526 1530 1562 1556 ita
1575 1533 1604 1556 ut
1617 1529 1656 1556 ci-

40 1571 73 1594 Ue
89 1569 252 1598 ordinatione
269 1571 526 1611 archiepiscoporum
540 1579 568 1611 et
582 1573 815 1611 reliquarumrcpi-
829 1574 851 1603 (Ξ
869 1584 914 1605 ves
934 1583 961 1604 et
983 1577 1028 1604 alii
1051 1578 1208 1605 sacerdotes
1221 1584 1366 1604 assensum
1381 1577 1530 1611 praebeant,
1546 1581 1573 1604 et
1585 1576 1653 1610 jeju-

69 1611 199 1666 Zztzorum
219 1612 301 1642 atque
321 1608 488 1634 sacerdotum
511 1613 536 1634 et
551 1608 583 1636 de
598 1609 649 1644 [ide
663 1610 816 1644 cwterisque

127 1648 160 1666 ιι.

127 1648 160 1668 ιι.

70 1729 224 1758 ΔιιΑειετιιε
236 1730 395 1766 episcopus,
404 1732 539 1760 universis
550 1734 687 1769 episcopis
701 1735 728 1762 in
741 1734 819 1764 Italia

41 1776 196 1804 constitutis.

70 1821 197 1855 Quoniam
210 1825 232 1840 “
247 1825 406 1860 apostolicae
422 1826 494 1854 sedis
505 1826 622 1854 debitam
638 1829 818 1856 reverentiam

41 1874 95 1904 erga
110 1878 151 1898 me
167 1871 291 1899 Charitas
310 1876 403 1899 vestra
426 1873 575 1906 distribuit,
599 1878 626 1901 et
649 1874 713 1908 quia
734 1875 818 1909 pluri-

41 1922 105 1942 mum
116 1917 303 1945 venerationis
314 1938 322 1951 ,
335 1918 490 1945 charissimi
503 1919 560 1952 lilii,
578 1920 732 1954 praebuistis
745 1921 817 1955 (nam

40 1961 96 1989 licet
116 1962 260 1996 Ecclesiae.
287 1966 316 1992 in
337 1973 391 2000 qua
406 1971 518 1993 sanctus
538 1967 683 2001 apostolus
695 1968 819 1996 residens

41 2007 131 2043 docuit,
153 2012 361 2046 quodammodo
385 2019 434 2040 nos
458 2013 642 2048 gubernacula
665 2018 816 2048 teneamus,

41 2059 120 2083 tamen
139 2057 303 2092 proﬁtemur
317 2065 369 2085 nos
381 2058 485 2086 honore
497 2063 523 2086 et
535 2059 681 2086 sanctitate
700 2059 820 2087 minores

41 2107 103 2134 esse,
125 2107 151 2130 et
172 2108 320 2139 propterea
339 2104 452 2132 omnino
473 2104 646 2139 festinamus,
661 2110 691 2132 ut
709 2107 742 2133 ad
760 2106 819 2141 glo-

42 2146 100 2174 riam
114 2148 172 2183 ejus
188 2149 371 2177 beatitudinis
390 2150 531 2185 pervenire
552 2151 720 2187 possimus);
738 2152 820 2187 igitur

42 2194 279 2222 consultationibus
305 2196 406 2223 vestris
435 2197 542 2231 plenius
571 2198 818 2232 respondissemus,

868 1628 964 1651 nantes
980 1624 1180 1651 ordinationem
1193 1623 1331 1651 celebrent
1347 1632 1354 1650 :
1367 1623 1493 1650 similiter
1509 1627 1535 1650 et
1548 1622 1656 1649 diaconi

867 1673 1051 1705 ordinentur;
1077 1676 1236 1699 czeterorum
1258 1674 1348 1696 autem
1374 1670 1506 1704 graduum
1523 1669 1656 1697 distribu-

868 1718 948 1752 tioni,
966 1717 1047 1745 trium
1064 1715 1202 1744 veracium
1225 1714 1429 1748 testimonium,
1449 1722 1512 1742 cum
1534 1713 1656 1749 episcopi

869 1765 972 1793 scilicet
982 1764 1191 1799 approbatione,
1207 1761 1334 1790 sufﬁcere
1348 1765 1446 1796 potest.

1245 1864 1277 1891 11.

1028 1955 1066 1984 De
1078 1955 1290 1982 accusationibus
1304 1955 1493 1989 episcoporum.

906 2059 928 2075 θ’
941 2057 1088 2085 Accusatio
1099 2064 1207 2092 quoque
1223 2064 1330 2089 eorum,
1350 2063 1432 2090 super
1446 2063 1499 2090 qua
1519 2063 1570 2082 nos
1589 2062 1657 2082 con-

871 2106 962 2134 sulere
974 2106 1110 2137 voluistis,
1124 2113 1177 2132 non
1191 2105 1245 2132 nisi
1261 2105 1296 2132 ab
1315 2104 1433 2137 idoneis,
1446 2108 1473 2131 et.
1484 2104 1506 2120 ³³
1519 2104 1656 2139 probatis-

872 2152 950 2180 simis
965 2153 1041 2185 viris,
1058 2157 1085 2179 et
1099 2152 1147 2186 qui
1167 2151 1373 2186 suspicionibus
1394 2154 1422 2177 et
1443 2149 1591 2177 sceleribus
1612 2157 1658 2176 ca-

871 2204 960 2231 reant,
976 2197 1034 2225 ﬁeri
1049 2197 1145 2229 debet;
1163 2196 1226 2231 quia
1241 2196 1374 2224 Dominus
1393 2196 1464 2223 sacri
1480 2195 1521 2222 sui
1535 2195 1658 2229 corporis

43 2238 62 2265 si
75 2239 204 2275 licuisset;
229 2242 279 2269 sed
294 2242 461 2271 inﬁrmitatis
472 2251 504 2271 ac
521 2244 688 2278 reliquarum
703 2252 817 2280 oppres-
833 2249 856 2276 D
871 2248 1048 2276 tractatores,
1065 2251 1081 2270 a
1103 2243 1203 2269 vilibus
1226 2245 1254 2268 et
1276 2241 1400 2276 reprobis
1425 2249 1458 2269 ac
1472 2248 1526 2268 non
1552 2239 1658 2268 idoneis

43 2286 139 2316 sionum
161 2296 246 2316 onere
279 2289 390 2323 pressi,
420 2290 541 2318 breviter
568 2293 660 2325 (prout
684 2290 817 2318 Dominus

44 2332 134 2367 tribuit,
150 2340 175 2362 et
194 2340 224 2362 ut
246 2343 261 2362 a
287 2335 367 2362 beato
388 2335 468 2364 Petro
488 2336 609 2371 principe
632 2337 818 2371 apostolorum

44 2384 129 2408 sumus
141 2381 268 2409 instructi
281 2402 289 2414 ,
307 2389 322 2408 a
337 2389 393 2416 quo
408 2386 436 2409 et
451 2382 593 2418 presbyter
620 2391 681 2410 sum
706 2383 818 2411 ordina-

44 2424 90 2459 tus)
112 2427 229 2455 scribere
255 2427 335 2454 vobis
360 2427 444 2462 (sicut
466 2429 593 2464 petiistis)
616 2437 670 2457 non
697 2429 817 2465 denega-

45 2476 130 2499 Vll'llllS.

92 2602 111 2618 ι’
128 2603 148 2630 ll
168 2603 240 2632 Petr.
268 2612 309 2637 In,
326 2604 418 2632 ιιι-ιδ.

46 2642 74 2662 ex
90 2637 244 2667 Theodoreti
261 2639 335 2666 Hist.
351 2647 378 2671 ν,
397 2639 439 2666 l0.

47 2678 186 2707 scoparum:
200 2680 227 2702 et
245 2675 273 2702 in
290 2674 366 2702 Decr.
382 2674 457 2702 Imm.
476 2674 522 2700 lih.
539 2683 578 2701 Ill.

48 2706 87 2740 θῧέ
95 2707 184 2741 Porro,
197 2715 249 2738 etc.
290 2711 313 2726 ί¹⁶
321 2710 389 2737 Dist.
405 2711 437 2737 67
448 2731 454 2742 ,
472 2709 574 2744 Reliqui
588 2710 746 2736 sacerdotes.

618 2676 642 2692 οδ
655 2674 721 2701 Dist.
738 2675 772 2701 64
785 2695 792 2707 ,
808 2675 933 2701 Ordinat.
952 2674 1142 2708 episcoporum.

619 2710 746 2736 cerdotes.
810 2709 832 2725 ⁹⁷
846 2717 887 2736 ut.
909 2713 1006 2736 aliaest.
1023 2708 1049 2736 7.
1066 2710 1142 2735 Acca,

846 2718 887 2740 Ill,

871 2290 997 2326 personis
1009 2289 1138 2316 infamari
1153 2288 1251 2321 noluit,
1267 2295 1318 2315 nec
1338 2286 1502 2314 calumniari
1522 2286 1657 2321 permisit,

872 2337 919 2365 sed
942 2336 1000 2371 ipse
1031 2335 1142 2370 proprio
1167 2334 1274 2369 ﬂagello
1301 2339 1446 2368 peccantes
1470 2333 1624 2361 sacerdotes
1643 2340 1658 2359 a

871 2382 973 2417 templo
984 2381 1074 2417 ejecil.
1087 2380 1167 2409 Unde
1181 2380 1279 2415 liquet,
1293 2379 1366 2414 quod
1379 2379 1479 2407 summi
1493 2379 1657 2411 sacerdotes,

872 2430 899 2457 id
922 2434 964 2457 est
988 2427 1110 2464 episcopi
1120 2428 1154 2461 9',
1171 2435 1186 2454 a
1211 2427 1267 2454 Deo
1291 2430 1354 2454 sunt
1367 2426 1508 2461 judicandi
1522 2446 1530 2458 ,
1545 2432 1599 2457 non
1625 2424 1659 2450 ab

872 2476 1002 2504 humanis
1019 2479 1066 2502 aut
1085 2481 1175 2510 pravae
1193 2473 1256 2500 vita:
1276 2472 1434 2499 hominibus
1448 2470 1596 2504 laccrandi,
1610 2469 1658 2497 sed

464 2605 486 2621 ‘°
515 2605 595 2636 Jnd.,
618 2604 710 2631 17-23.
749 2605 888 2631 ἰ’⁸Ι)ίιιῐιῖιςί
908 2612 950 2639 ep.
969 2604 1003 2631 ad
1025 2603 1178 2639 Orientales
1192 2601 1275 2639 [νῦν.
1297 2599 1529 2639 Ιιξξιονεφ-ρ.ῄιῆε
1547 2599 1595 2626 lib.
1618 2606 1658 2639 ιιι,

490 2640 512 2655 ⁹¹
523 2639 588 2666 Dist.
608 2639 652 2671 6i,
670 2639 794 2666 Ordinat.
807 2641 998 2674 episcoporum.

1038 2638 1175 2665 "Concil.
1192 2634 1253 2663 Nic;
1266 2644 1302 2669 iv,
1314 2636 1376 2663 dist.
1394 2635 1438 2667 75,
1461 2634 1584 2662 Ord'mat.
1601 2635 1658 2667 epi-

1184 2673 1244 2698 ⁸³¹Ιιι
1271 2671 1348 2698 Decr.
1374 2669 1448 2697 Iuon.
1467 2670 1512 2697 lib.
1531 2678 1577 2700 ιιι,
1593 2670 1658 2696 dist.

909 2704 1006 2744 quaest.
1023 2704 1049 2741 7,
1066 2708 1208 2735 Accusatio
1222 2715 1331 2742 quoque.
1342 2705 1375 2733 Et
1389 2706 1415 2732 in
1429 2705 1506 2734 Decr.
1527 2704 1599 2732 luon.
1609 2704 1657 2731 lib.

49 2749 80 2770 Iv.
112 2744 188 2780 “Ep.
203 2745 376 2773 Constantini
392 2745 427 2772 Μ.
440 2745 473 2772 ad
484 2745 637 2772 Ablavium.
673 2744 843 2772 9°lsid.sent.
867 2753 910 2777 1H,
940 2744 985 2771 59.

83 2868 130 2903 (12)
151 2869 336 2897 Ordinationes

52 2909 137 2932 canon.
152 2911 238 2942 apost.
257 2905 282 2933 l.
298 2904 357 2932 δεῖν.
377 2904 478 2932 Burnus.

392 2869 537 2903 iscoporum
573 2868 610 2896 De
629 2867 826 2902 episcoporum
845 2866 1028 2895 ordinatione.
1046 2865 1106 2892 vide
1137 2871 1198 2899 qua:
1233 2862 1352 2889 diximus
1374 2868 1456 2896 supra
1487 2867 1514 2887 in
1530 2859 1601 2888 uotis
1625 2859 1658 2886 ad
