1916 3104
241 153 295 182 ωδ

906 144 952 173 AN
957 143 1079 172 ACLETI
1102 141 1201 170 PAPJE

1818 139 1875 167 ω

243 212 334 247 potius
347 210 382 238 ab
395 209 525 237 omnibus
538 209 572 225 ‘°°
590 209 717 238 fidelibus
737 205 876 243 portandi,
894 206 954 240 ipso
975 203 1029 230 Do-
1045 207 1068 234 Α
1082 201 1154 228 tibus
1171 198 1345 230 consentire;
1374 197 1438 247 quia
1465 203 1520 224 non
1542 196 1642 247 'SOllllE!
1664 195 1712 246 qui
1724 194 1868 247 “faciunt,

243 257 318 284 ntiuo
333 255 488 290 exemplum
500 255 593 288 dante,
604 253 714 289 quando
731 260 778 287 per
794 251 925 286 seipsum,
936 254 1028 277 etnon

243 309 292 338 per
306 302 402 334 alium,
419 300 578 332 vendentes,
595 304 622 327 et
640 303 762 326 ementes
777 297 856 332 ejecit
871 296 904 323 de
918 294 1028 329 templo,

242 353 269 373 et
280 353 389 374 mensas
400 345 649 373 nummulariorum
661 349 688 371 et
698 342 841 370 cathedras
854 340 1028 369 vendentium

244 392 355 427 proprio
371 392 467 418 evertit
480 390 598 425 ﬂagello,
610 394 637 417 et
651 389 731 424 ejecit
742 389 775 416 de
790 387 900 422 templo.
912 386 946 414 Et
959 387 1031 414 sicut

243 438 307 465 alibi
323 438 380 464 ait:
397 437 468 464 Deus
479 437 552 463 stetit
566 437 594 463 in
611 443 745 471 synagoga
764 435 882 466 deorum,
898 433 925 460 in
945 433 1028 459 medio

242 489 329 511 autem
339 485 400 511 deos
410 485 418 500 ¹
431 484 548 511 decernit
558 485 569 499 ¹
582 492 589 516 ;
606 487 633 510 et
642 483 705 510 alibi
721 491 728 508 :
746 481 800 517 Ego
813 481 886 508 dixi:
898 480 944 507 Dii
955 481 1028 513 estis,

243 537 269 558 et
291 531 343 566 ﬁlii
353 531 459 558 Επειδὶ
476 539 563 557 omnes
574 531 593 558 ³.
625 529 722 556 Nullus
736 529 857 563 enimiut
869 528 941 562 reor)
951 527 1029 554 inve-

243 578 319 605 nitur
344 577 416 604 inter
434 585 500 610 nos,
517 576 563 612 qui
587 577 652 604 velit
673 583 753 603 suum
778 582 887 602 servum
907 574 942 601 ab
964 573 1027 605 alio,

242 631 324 659 quam
340 632 355 650 a
375 631 414 656 se,
434 624 552 657 judicari
567 632 574 650 :
589 622 662 657 quod
685 623 708 649 si
724 626 918 656 praesumptum
935 620 1028 655 fuerit,

243 674 292 697 aut
315 669 399 696 multa
418 670 476 704 ipse
500 669 688 703 indignatione
710 667 854 700 irascitur,
877 671 925 694 aut
940 667 1029 701 potius

243 718 376 745 ultionem
391 718 489 752 quaerit
505 725 587 752 super
599 725 673 743 euut.
693 715 721 743 Si
742 724 806 743 vero
818 716 871 742 hoc
892 715 962 742 inter
977 715 1028 742 ho-

243 763 331 790 mines
345 763 450 797 agitur,
467 761 532 796 quid
557 761 659 796 putatis
679 759 759 787 faciet
774 759 845 786 Deus
858 759 983 791 deorum,
1002 762 1030 785 et

243 808 376 836 Dominus
392 808 602 839 dominantium,
618 807 664 842 qui
681 806 813 833 ultionem
832 813 946 833 suorutn
963 811 1030 839 pro-

243 855 319 882 misit
331 862 385 881 nou
403 853 511 881 differre
524 852 686 880 servorum?
702 850 778 879 Unde
793 856 820 878 et
834 851 891 885 ipse
905 849 1028 885 perPro—

1081 247 1246 274 damnantur
1259 266 1267 278 ,
1284 245 1331 272 sed
1356 243 1403 278 qui
1426 241 1602 270 consentiunt
1622 240 1805 268 facientibus.
1831 239 1870 268 De

1080 289 1181 316 talibus
1198 294 1226 316 et
1251 288 1294 315 his
1319 287 1454 315 similibus
1478 287 1538 322 ipsa
1558 285 1666 313 Veritas
1688 286 1728 312 ait
1746 294 1753 312 :
1775 284 1869 320 Vulpes

1081 336 1168 370 foveas
1183 334 1294 367 habent,
1309 340 1333 361 et
1352 333 1467 361 volucres
1490 332 1547 359 caeli
1562 333 1659 359 nidos:
1676 330 1766 357 Filius
1780 336 1870 358 autem

1081 382 1194 409 hominis
1208 389 1259 408 non
1273 381 1349 407 habet
1363 381 1407 407 ubi
1422 384 1500 414 caput
1520 387 1598 407 suum
1614 371 1723 405 reElinet
1735 377 1769 410 ",
1785 377 1813 404 id
1827 381 1870 404 est

1080 430 1109 456 in
1124 429 1225 456 talibus
1237 436 1291 455 non
1305 428 1411 456 habitat
1425 426 1566 459 Dominus,
1577 433 1626 452 nec
1638 425 1691 460 ipsi
1710 428 1825 452 manent
1841 425 1869 450 iu

1080 482 1123 503 eo.
1135 474 1168 501 Et
1184 474 1314 502 Salomon
1327 474 1460 509 loquitur,
1473 472 1568 500 dicens
1583 481 1589 498 :
1605 471 1657 504 Qui
1670 471 1740 506 fodit
1753 470 1868 504 foveam.

1079 521 1178 548 incidet
1194 521 1291 548 ineant
1304 528 1312 547 :
1328 525 1353 547 et
1370 520 1415 556 qui
1432 518 1511 546 volvit
1528 518 1661 553 lapidem,
1677 520 1822 544 revertetur
1836 516 1870 541 ad

1079 575 1149 595 eum.
1161 566 1267 602 Lingua
1282 566 1369 601 fallax
1380 574 1432 593 non
1449 568 1522 591 amat
1535 564 1683 596 ueritatem,
1694 567 1720 589 et
1738 570 1768 589 os
1782 561 1870 588 lubri-

1081 623 1140 642 cum
1155 619 1280 649 operatur
1291 613 1383 640 ruinas
1398 612 1430 639 ”.
1449 611 1532 638 Grave
1546 615 1585 638 est
1600 618 1706 644 saxum,
1717 614 1743 636 et
1757 617 1871 636 onerosa

1080 668 1181 688 arena:
1196 661 1241 687 sed
1263 661 1304 687 ira
1323 659 1409 692 stulti,
1429 663 1538 694 utroque
1558 657 1664 693 gravior
1678 656 1709 683 ¹⁸.
1726 655 1870 682 Hominem

1080 708 1124 742 qui
1141 706 1321 733 calumniatur
1335 705 1431 732 anima:
1450 704 1614 739 sanguinem,
1625 703 1648 730 si
1665 710 1746 737 usque
1768 702 1805 728 ad
1827 701 1870 727 la-

1080 761 1139 780 cum
1153 753 1263 788 Ingerit,
1285 759 1360 778 nemo
1373 751 1494 778 sustinet.
1512 750 1565 783 Qui
1576 758 1603 777 se
1615 749 1702 784 iactat
1717 752 1742 775 et
1757 748 1868 779 dilatat,

1076 798 1170 833 jurgia
1184 798 1310 824 concitat.
1332 796 1384 829 Qui
1400 801 1489 831 sperat
1512 797 1540 823 in
1565 795 1689 827 Domino,
1708 793 1868 822 salvabitttr.

1081 843 1134 876 Qui
1152 843 1262 877 conﬁdit
1286 842 1313 869 in
1331 841 1408 869 corde
1429 850 1492 874 suo,
1517 841 1615 868 stultus
1626 845 1688 867 est:
1710 840 1756 874 qui
1782 844 1869 865 autem

242 901 351 935 pltetam
366 900 496 934 loquitur,
513 901 626 926 dicens:
653 898 721 925 Deus
744 897 875 924 ultionum
888 897 1028 928 Dominus,

1084 891 1204 926 graditur
1225 890 1369 924 sapienter,
1394 889 1449 924 ipse
1469 888 1624 915 laudabitur
1638 887 1669 914 ¹⁹.
1693 886 1747 919 Qui
1764 886 1870 920 fortiter

245 945 316 973 Deus
331 945 461 972 ultionum
478 945 557 971 libere
580 945 631 979 egit
643 944 672 970 δε
689 948 716 970 et
731 944 846 978 reliqua.
861 942 894 969 Et
911 942 1029 976 Aposto-

244 991 288 1018 lus
305 991 393 1025 inquit
406 999 412 1016 :
427 990 466 1017 Tu
478 990 537 1025 quis
550 997 588 1022 es,
601 990 645 1024 qui
654 989 761 1023 judicas
777 995 880 1015 servum
894 987 1031 1014 alienant?

243 1035 298 1063 Suo
321 1036 390 1062 enim
407 1036 513 1062 domino
535 1040 588 1062 stat
604 1040 650 1061 aut
666 1034 738 1061 cadit
749 1034 771 1061 ⁵,
795 1033 828 1060 Et
843 1033 920 1068 ipse:
937 1029 1030 1060 Nolite

239 1082 363 1118 iudicare
375 1082 496 1114 invicem,
510 1081 554 1108 sed
569 1082 616 1107 hoc
635 1081 758 1116 judicate
771 1080 866 1115 magis,
879 1088 910 1107 ne
925 1080 1030 1114 ponatis

242 1127 432 1162 o/fendiculum
445 1128 525 1162 fratri
544 1127 582 1154 uel
596 1127 754 1154 scandalum
762 1128 782 1153 ⁵.
795 1126 828 1152 Ει
839 1125 970 1153 Dominus
984 1133 1031 1160 per

241 1174 402 1209 prophetam
417 1174 506 1208 inquit
520 1182 526 1200 :
545 1174 597 1206 Qui
619 1181 663 1200 vos
679 1173 779 1207 tangit,
794 1173 879 1207 tangit
901 1171 1030 1207 pupillam

242 1219 315 1246 oculi
332 1219 383 1246 mei
394 1219 415 1245 '.
427 1217 497 1245 Nam
514 1218 538 1245 si
552 1218 653 1253 aliquis
666 1225 740 1245 nunc
761 1218 788 1244 in
809 1217 912 1244 malum
937 1217 1031 1244 oculos

244 1265 381 1300 alicujus“
395 1265 528 1299 principis
541 1264 637 1299 incipit
653 1269 782 1296 tractare,
800 1263 945 1291 manifeste
968 1271 1031 1290 reus

245 1311 398 1346 ntajestatis
411 1311 563 1345 judicatur,
580 1317 607 1338 et
621 1310 733 1338 infamis
747 1309 872 1342 efficitur,
885 1315 931 1337 aut
941 1310 1033 1345 potius

244 1356 354 1392 capitali
381 1356 522 1383 sententiae
551 1356 685 1390 subjacet.
709 1354 786 1388 Haec,
814 1354 929 1388 fratres,
955 1355 1033 1382 valde

245 1403 365 1430 cavenda
382 1406 458 1435 sttnt,
476 1406 503 1429 et
526 1402 600 1436 quod
617 1401 743 1428 homines
766 1401 863 1427 nolunt
887 1400 939 1428 sibi
954 1400 1011 1427 ﬁeri
1024 1421 1031 1434 ,

247 1448 304 1476 Deo
314 1449 428 1476 deorum
445 1456 501 1475 non
519 1448 618 1475 debent
632 1447 742 1480 inferre,
765 1455 799 1474 ne
816 1446 885 1474 forte
900 1447 1033 1474 irascatur

245 1494 388 1528 Dominus,
411 1499 438 1521 et
454 1494 538 1521 faciat
555 1494 702 1521 vindictam
718 1501 825 1525 eorum,
840 1494 921 1520 etiam
945 1493 972 1520 in
985 1500 1033 1520 eos

246 1542 293 1577 qui
304 1549 357 1569 non
367 1545 558 1575 peccaverunt;
572 1541 636 1575 quia
648 1541 718 1575 perit
727 1540 974 1575 saepissimejustus
984 1547 1033 1574 pro

246 1588 340 1623 impio.
366 1587 518 1614 Imitandus
544 1591 586 1614 est
611 1587 692 1613 etiam
714 1585 866 1621 Propheta,
883 1594 931 1621 per
952 1593 1033 1621 quem

248 1634 381 1661 Dominus
395 1634 453 1660 ait:
471 1632 692 1659 Perambulabam
711 1634 739 1658 in
754 1632 925 1667 simplicitate
948 1631 1034 1658 cordis

246 1681 308 1714 mei,
321 1681 348 1706 in
361 1680 446 1706 medio
458 1679 551 1706 domus
565 1687 628 1706 metu
640 1686 648 1705 :
667 1678 729 1705 Non
746 1687 841 1713 ponam
851 1678 960 1705 coram’
973 1685 1035 1704 ocu-

246 1726 281 1753 lis
294 1727 357 1752 meis
369 1727 473 1753 verbum
487 1725 573 1752 Bclial
586 1725 618 1752 ⁵⁸.
631 1724 790 1760 Loquentem
803 1725 822 1740 “
839 1725 867 1751 in
882 1723 1035 1751 abscondito

245 1779 339 1800 contra
353 1774 502 1808 proximum
518 1773 539 1788 ¹²
557 1780 644 1805 suum,
657 1772 725 1798 [tunc
737 1772 897 1806 interﬁciant
909 1771 976 1798 ¹¹·¹⁸.
1003 1771 1037 1798 Et

247 1821 276 1848 hi
296 1820 409 1848 cavendi
424 1825 499 1854 sunt,
516 1819 549 1846 de
567 1820 668 1854 quibus
683 1818 812 1846 Salomon
828 1820 865 1845 ait
879 1827 886 1846 :
902 1818 977 1846 Sicut
990 1826 1036 1845 no-

245 1868 307 1894 :cius
322 1872 360 1895 est
377 1868 422 1902 qui
440 1868 523 1894 mittit
544 1866 662 1898 lanceas,
685 1871 708 1892 et
727 1867 840 1901 sagittas
865 1866 893 1892 in
914 1870 1035 1899 mortem,

247 1914 285 1942 sic
300 1915 341 1940 vir
367 1914 412 1949 qui
436 1913 620 1947 fraudulenter
644 1918 717 1940 nocet
739 1913 824 1939 antica
844 1920 909 1945 suo,
930 1917 955 1938 et
977 1920 1037 1938 cum

249 1960 330 1995 fuerit
348 1959 522 1994 deprehensus
538 1959 624 1986 dicit:
640 1958 746 1986 Ludcns
766 1959 826 1993 feci.
844 1957 919 1985 Sicut
942 1958 1036 1985 carbo-

248 2013 292 2032 nes
304 2005 337 2031 ad
349 2013 460 2040 prunas,
470 2009 494 2031 et
507 2004 581 2039 ligna
596 2004 630 2030 ad
643 2004 740 2039 ignem,
752 2004 791 2030 sic
805 2003 881 2030 homo
892 2003 1037 2030 iracundus

247 2051 359 2078 suscitat
376 2051 461 2077 rixas.
481 2050 564 2077 Verba
583 2050 736 2077 susurronis
760 2051 837 2085 quasi
855 2050 997 2085 simplicta,
1013 2053 1037 2076 et

249 2097 308 2132 ipsa
320 2097 474 2133 perueniunt
486 2096 521 2123 ad
533 2097 627 2123 intima
638 2097 734 2123 ventris
745 2096 776 2122 “’.
792 2095 826 2124 Et
835 2096 858 2124 si
870 2096 1037 2124 delractores

249 2151 478 2178 quorumcunque
503 2143 621 2178 graviter
646 2143 824 2177 iudicantur,
844 2149 871 2170 et
896 2143 922 2169 in
945 2142 1033 2177 perdi~

250 2189 333 2216 tionis
362 2190 490 2224 laqueum
517 2190 637 2223 cadunt,
669 2190 755 2217 ntulto
783 2189 870 2224 magis
905 2189 1039 2216 lacerato-

1080 938 1175 972 premit
1191 937 1272 963 ubera
1287 937 1322 963 ad
1340 936 1497 962 eliciendum
1516 935 1569 968 lac,
1583 934 1707 969 exprimit
1723 933 1849 968 butyrum
1859 939 1869 957 .'

1081 984 1126 1020 qui
1145 983 1305 1010 vehementer
1324 983 1440 1018 emungit
1454 1002 1462 1015 ,
1484 981 1555 1009 elicit
1577 980 1750 1016 sanguinem:
1774 985 1800 1006 et
1825 979 1870 1013 qui

1080 1034 1205 1066 provocat
1228 1030 1301 1062 iras,
1329 1028 1451 1063 producit
1471 1027 1619 1055 discordias
1631 1027 1665 1053 ²⁰.
1681 1025 1745 1052 Haec
1768 1030 1798 1052 et
1818 1024 1871 1051 alia

1082 1075 1237 1112 periculosa
1262 1075 1468 1103 considerantes
1494 1073 1610 1108 apostoli
1635 1075 1812 1103 statuerunt,
1839 1078 1871 1097 ne

1082 1124 1161 1152 facile
1182 1126 1420 1150 commoverentur
1433 1142 1440 1154 ,
1469 1126 1516 1148 aut
1537 1120 1723 1148 lacerarentur
1736 1138 1744 1152 ,
1761 1118 1804 1145 vel
1828 1125 1872 1144 ac-

1082 1176 1246 1199 cusarentur
1272 1171 1407 1198 columna
1431 1173 1532 1195 sanctae
1562 1166 1610 1194 Dei
1634 1165 1765 1193 Ecclesiae
1781 1183 1790 1198 ,
1811 1171 1873 1199 qua:

1083 1218 1200 1254 apostoli
1223 1223 1252 1244 et
1268 1222 1444 1244 successores
1472 1221 1567 1241 eorum
1588 1220 1644 1240 non
1665 1211 1807 1238 immerito
1829 1210 1871 1236 di-

1083 1269 1196 1292 cuntur.
1213 1264 1234 1279 “
1249 1262 1302 1290 Sed
1319 1262 1342 1289 si
1361 1261 1424 1296 quis
1448 1260 1580 1288 adversus
1603 1266 1651 1286 eos
1676 1258 1718 1285 vel
1740 1256 1872 1284 ecclesias

1082 1319 1177 1339 eorum
1207 1313 1363 1338 commotus
1389 1307 1490 1337 fuerit.
1519 1309 1568 1332 aut
1595 1311 1692 1332 causas
1722 1302 1871 1334 habuerit;

1083 1358 1160 1393 prius
1175 1357 1209 1385 ad
1222 1364 1270 1385 eos
1285 1359 1410 1384 recurrat
1423 1352 1565 1382 charitatis
1578 1351 1680 1384 studio,
1697 1354 1728 1376 ut
1740 1348 1871 1376 familiari

1084 1403 1220 1439 colloquio
1232 1402 1393 1431 commoniti
1404 1409 1436 1429 ea
1455 1403 1562 1432 sanent,
1582 1405 1643 1433 qua:
1657 1395 1782 1424 sananda
1798 1401 1871 1426 sunt,

1084 1451 1111 1474 et
1132 1446 1294 1474 charitative
1315 1445 1480 1477 emendenl,
1510 1452 1572 1479 qua:
1598 1443 1671 1478 iuste
1699 1440 1872 1468 emendanda

1084 1494 1258 1530 agnoverint.
1284 1494 1312 1520 Si
1332 1497 1424 1520 autem
1448 1491 1533 1526 aliqui
1549 1498 1607 1523 eos,
1632 1489 1799 1524 priusquam
1823 1487 1873 1514 hoc

1086 1541 1201 1576 egerint,
1218 1541 1350 1573 lacerare,
1363 1545 1509 1570 accusare,
1526 1541 1573 1564 aut
1595 1536 1725 1563 infestare
1739 1542 1874 1569 praesum-

1087 1587 1203 1623 pseriut,
1217 1586 1499 1617 excommuniccntur,
1513 1588 1541 1611 et
1554 1583 1668 1610 minime
1682 1581 1873 1612 absolvantur,

1086 1638 1232 1668 antequam
1255 1640 1303 1667 per
1327 1631 1540 1659 satisfactionem
1557 1630 1602 1665 (ut
1614 1629 1669 1664 jam
1694 1627 1802 1655 dictum
1818 1628 1875 1654 est)

1086 1680 1252 1715 condignam
1276 1679 1380 1714 egerint
1400 1677 1604 1713 paenitentiam,
1619 1675 1753 1710 quoniam
1773 1673 1875 1708 injuria

1085 1734 1181 1754 eorum
1209 1726 1244 1753 ad
1269 1725 1408 1752 Christum
1435 1723 1552 1758 pertinet
1574 1722 1613 1754 “,
1631 1721 1711 1756 cujus
1736 1720 1876 1756 legatione

1086 1771 1249 1807 funguntur.
1267 1770 1321 1798 Nec
1343 1770 1395 1797 hoc
1421 1769 1535 1802 mirttm,
1553 1767 1617 1803 quia
1640 1767 1663 1794 si
1686 1766 1809 1801 quisque
1827 1774 1876 1793 no-

1088 1823 1177 1847 strum
1195 1817 1305 1845 cuidam
1330 1822 1470 1844 servorum
1481 1815 1505 1830 “
1528 1813 1691 1849 legationem
1708 1811 1876 1847 iniungeret,

1087 1869 1141 1892 cta
1163 1870 1304 1899 quoquam
1330 1861 1523 1897 impediretur,
1546 1864 1593 1887 aut
1609 1859 1644 1886 ab
1660 1859 1755 1893 aliquo
1779 1858 1875 1886 subdi-

1087 1915 1179 1938 torum
1203 1916 1317 1936 suorum
1331 1907 1537 1942 despiceretur;
1552 1912 1616 1932 mox
1636 1904 1797 1939 indignatus
1821 1903 1876 1929 ira-

1087 1960 1222 1988 sceretur,
1238 1959 1286 1982 aut
1301 1953 1365 1981 talia
1381 1953 1475 1988 (prout
1497 1951 1600 1987 posset)
1621 1950 1787 1981 vindicaret,
1802 1955 1831 1977 et
1845 1950 1876 1975 ad

1089 2002 1219 2037 iniuriam
1237 2008 1270 2029 ac
1285 1999 1480 2027 contumeliam
1505 2005 1584 2025 suam
1603 1997 1657 2024 hoc
1672 1995 1778 2023 factum
1797 2003 1877 2030 repu-

1088 2053 1159 2077 taret
1180 2053 1206 2076 et
1217 2048 1347 2076 talionem
1361 2047 1396 2081 (si
1411 2046 1437 2073 in
1453 2041 1582 2080 praascnti'
1592 2051 1646 2071 non
1659 2042 1764 2078 posset)
1778 2042 1877 2069 futuris

1088 2095 1259 2130 temporibus
1273 2094 1407 2121 redderet.
1423 2091 1489 2119 Nam
1506 2091 1529 2121 si
1545 2092 1572 2118 itt
1586 2089 1707 2118 hominis
1720 2095 1807 2115 causa
1822 2087 1877 2114 ln'c

1089 2143 1175 2175 ﬁunt,
1195 2141 1260 2177 quid
1281 2139 1385 2175 putatis
1402 2139 1475 2167 Deus
1494 2137 1627 2165 facietde
1650 2135 1708 2163 suis
1721 2156 1729 2168 ,
1752 2135 1802 2170 qui
1830 2142 1877 2161 nec

1090 2188 1218 2223 capillum
1234 2187 1331 2222 capitis
1347 2193 1443 2213 eorum
1461 2184 1550 2219 perire
1570 2182 1670 2210 dixerit
1680 2182 1724 2208 ’⁸⁸2
1750 2180 1830 2209 Unde
1853 2186 1877 2208 et

251 2243 312 2267 res.
337 2241 364 2263 et
393 2236 560 2263 dett-actores
588 2241 669 2271 atque
701 2240 876 2264 accusatores
902 2242 1038 2262 memora-
1056 2231 1075 2257 Β
1090 2235 1224 2262 Dominus
1239 2241 1287 2269 per
1304 2232 1411 2260 Nahum
1431 2231 1591 2267 prophetam
1608 2229 1742 2264 loquitur,
1759 2228 1855 2255 dicens
1870 2236 1875 2252 :

251 2285 341 2308 torum
366 2280 413 2308 Dei
437 2280 601 2308 famulorum
625 2286 708 2317 atque
734 2286 939 2316 persecutorum
960 2281 1038 2308 dam—

250 2332 367 2360 ttautur,
387 2331 414 2353 et
430 2327 457 2353 iu
481 2326 658 2360 barathrum,
686 2328 739 2355 nisi
766 2335 795 2355 se
808 2327 994 2360 correxerint,
1011 2331 1038 2354 et

251 2382 300 2409 per
326 2381 423 2400 eorunt
443 2373 661 2401 satisfactionem
677 2374 838 2410 condignam
853 2375 958 2410 egerint
980 2381 1038 2409 pte-

251 2420 406 2454 nitentiam,
419 2419 604 2447 indubitanter
618 2421 733 2452 vadunt,
745 2425 772 2447 et
789 2421 944 2448 vindicibus
959 2420 1038 2447 llam-

252 2467 305 2494 ntis
320 2472 485 2494 exuruntur.
507 2465 678 2502 Quapropter
701 2471 808 2501 oportet
827 2475 922 2494 omnes
943 2467 977 2494 ab
995 2467 1039 2494 his

251 2521 359 2546 cavere,
374 2517 401 2541 et
424 2521 479 2540 non
497 2513 586 2540 solum
611 2521 664 2541 non
688 2513 789 2545 facere,
806 2513 853 2541 sed
868 2521 917 2540 nec
932 2513 1037 2540 facien‘

303 2677 337 2693 ¹⁰⁰
368 2676 526 2704 hominibus.

255 2713 266 2728 ⁶
277 2712 356 2743 ibid.,
373 2712 416 2738 15.

579 2679 586 2693 ‘
598 2678 735 2705 discernit.

455 2712 558 2740 ’Zach.
575 2721 605 2743 tt.
620 2713 636 2739 8
687 2714 696 2729 ⁵
707 2712 769 2740 Not.
784 2721 847 2740 vox.

789 2679 799 2693 ²
818 2677 891 2705 Psal.
919 2686 1019 2710 Lxxxt,
1045 2678 1071 2704 Ι.

382 2713 416 2752 l5.
431 2751 434 2752 ν
455 2713 558 2752 ⁷Ζιιεὴἶ
575 2721 605 2743 tt,
620 2713 636 2739 8
664 2748 669 2752 _
687 2713 847 2752 ﬂNot._vo.§.
878 2748 884 2752 _
897 2713 1090 2752 “proponebant
1114 2717 1174 2739 ante
1194 2713 1295 2752 oculos.

257 2754 305 2774 nas
332 2748 482 2783 γει-ἱππῆες,
500 2748 629 2775 lectiones
654 2748 790 2783 decerpsit
814 2744 981 2776 [laruluinusl
1011 2747 1061 2775 Ms.
1082 2756 1175 2783 eorum
1203 2748 1286 2774 oculis
1313 2747 1417 2782 verbum
1437 2747 1511 2783 roris
1527 2744 1624 2772 Belial.

1074 2280 1160 2307 .Deus
1175 2279 1317 2307 emulator
1331 2299 1338 2311 ,
1354 2283 1378 2304 et
1404 2277 1533 2304 ulciscens
1555 2275 1682 2302 Dominus
1695 2295 1703 2307 ,
1727 2279 1752 2300 ct
1782 2273 1876 2300 habens

1090 2326 1217 2361 furorem,
1234 2324 1363 2352 ulciscens
1379 2323 1507 2350 Dontinus
1523 2323 1549 2350 in
1572 2322 1658 2348 hostes
1683 2329 1758 2352 suos,
1774 2325 1800 2347 et
1822 2320 1875 2346 ira-

1089 2380 1163 2399 scens
1178 2372 1232 2406 ipse
1250 2370 1365 2397 inimicis
1388 2370 1461 2401 suis;
1477 2372 1539 2395 ante
1564 2368 1661 2402 facient
1681 2366 1876 2402 indignationis

1088 2418 1146 2453 ejus
1162 2419 1220 2453 quis
1234 2417 1338 2444 stabit?
1349 2420 1374 2443 et
1392 2416 1450 2451 quis
1465 2415 1567 2442 resistet
1587 2414 1614 2440 in
1631 2414 1673 2440 ira
1686 2413 1791 2447 furoris
1805 2412 1877 2447 ejus!

1091 2464 1246 2499 Indignatio
1260 2462 1316 2497 ejus
1327 2462 1412 2497 eﬂusa
1427 2466 1465 2488 cst
1479 2461 1548 2488 sicut
1562 2460 1641 2495 ignis,
1651 2464 1676 2486 et
1690 2463 1778 2494 petra:
1793 2458 1873 2485 disso-

1092 2511 1155 2538 lutte
1168 2516 1230 2538 sunt
1252 2510 1284 2536 ab
1303 2518 1343 2537 eo.
1359 2509 1449 2536 Bonus
1462 2514 1501 2536 est
1517 2507 1657 2540 Dominus,
1678 2511 1704 2532 et
1727 2506 1874 2540 confortaus

1111 2678 1121 2693 ³
1139 2677 1221 2708 ibid.,
1251 2676 1277 2703 6.
1318 2676 1328 2691 ⁸
1348 2675 1420 2703 Psal.
1447 2683 1512 2702 xcnt
1528 2696 1535 2708 ,
1563 2675 1587 2701 ι.
1642 2673 1745 2701 IsRom.
1770 2682 1833 2704 xtv,
1853 2674 1874 2699 .l.

1336 2713 1357 2726 ¹⁰
1367 2711 1405 2737 Ex
1424 2712 1507 2738 citato
1525 2718 1578 2737 uis.
1594 2709 1711 2744 Collegii
1733 2709 1798 2736 Soc.
1819 2709 1874 2735 Jth

1665 2745 1685 2760 “
1701 2745 1873 2771 detrahentem

257 2782 278 2819 ξ’
297 2781 428 2819 εοάᾳιιξηιἒ
450 2777 524 2819 βαι
534 2783 646 2819 Psal.p,
663 2783 691 2816 2,
708 2777 745 2810 ρκ’
763 2784 876 2818 interpr.
902 2783 931 2810 S.
949 2784 1116 2819 Hieronymi.
1155 2782 1205 2810 Ms.
1230 2777 1413 2819 Detrahentcni
1433 2782 1469 2819 in_
1478 2779 1784 2819 abscondito_sodalem
1807 2786 1873 2818 Silii"

256 2816 323 2842 hunc
342 2817 541 2851 interficiebam.
582 2819 603 2834 “’
615 2817 696 2845 Prov.
717 2827 780 2846 xxvt
793 2839 801 2850 ,
816 2816 908 2846 18-22.

257 2852 279 2888 δέ
291 2851 370 2888 Prov.
383 2859 480 2888 xxvut.
493 2852 536 2888 l7,
550 2853 595 2886 25,
610 2854 654 2881 26.

493 2853 536 2888 17,
550 2853 595 2886 25,
610 2854 654 2881 26.
696 2855 717 2870 ’θ
726 2853 884 2889 Prov.’xxx,
896 2855 940 2882 55.

273 2885 281 2900 "
291 2885 357 2913 Luc.
373 2893 430 2918 ut,
445 2886 488 2913 18.

950 2820 971 2834 ιθ
986 2818 1052 2846 Luc.
1074 2827 1101 2845 ιι
1115 2838 1123 2852 ,
1139 2819 1183 2845 58.

980 2855 1000 2870 ²¹
1011 2854 1104 2882 Aurel.
1126 2862 1153 2885 v,
1167 2854 1207 2882 17.

1223 2819 1243 2833 ¹⁷
1253 2818 1333 2844 Prov.
1357 2825 1435 2847 xxvt.
1456 2816 1561 2844 27-28.
1603 2816 1624 2831 ⁸⁸
1637 2815 1720 2842 Prov.
1743 2823 1831 2846 xxv-tt,
1851 2815 1871 2837 5-

1246 2855 1268 2870 ¹²
1281 2853 1308 2880 S.
1326 2852 1419 2888 Greg.,
1436 2860 1479 2887 ep.
1496 2852 1531 2879 5‘2
1543 2872 1550 2885 ,
1567 2851 1614 2879 lib.
1628 2858 1690 2878 xui.
1731 2852 1754 2867 ³³
1765 2857 1871 2878 εισι-ιω.
