1916 3104
44 151 90 180 805

751 151 942 180 EPISTOLIE.

1603 155 1656 183 806

45 214 68 240 in
79 212 118 240 die
131 212 310 240 tribulationis
320 234 327 246 ,
352 217 376 239 et
391 214 474 241 sciens
492 218 626 250 sperantes
648 215 675 240 in
696 222 722 241 se
733 214 756 229 “
767 235 774 246 ,
789 217 817 241 et
831 217 852 245 Α
867 214 963 241 lineam
985 218 1010 241 et
1028 215 1147 241 tunicam
1157 235 1164 248 ,
1181 219 1205 242 et
1230 215 1454 250 superhamerale,
1474 221 1498 243 et
1511 218 1653 251 rationale,

45 259 146 294 reliqua.
162 259 290 292 Quaedam
307 265 398 286 autem
412 268 445 287 ex
460 260 511 293 his,
525 260 582 294 iam
605 260 667 286 aliis
682 259 813 286 fratribus

46 304 188 339 scripsimus
205 325 213 337 ,
232 313 294 339 qua:
320 305 398 332 toties
418 309 481 332 sunt
501 305 657 340 replicanda
670 325 678 337 ,
705 305 813 340 quoties
832 306 836 309 '

46 351 133 378 iuerint
146 351 308 378 necessaria.
317 351 376 366 “'"‘
385 350 549 385 Eiet-tionem
557 359 665 386 quoque
675 352 715 386 (ut
730 359 812 385 supra

46 402 207 424 uicinoratum
226 398 286 431 est)
302 405 474 424 summorum
498 398 670 425 sacerdotum
687 398 737 424 sibi
761 396 814 424 Do-

47 443 123 469 minus
136 443 292 476 reservavit,
308 443 370 470 licct
386 444 545 470 electionem
561 451 656 470 eorum
674 443 753 470 bonis
765 451 811 470 sa-

45 488 183 515 cerdotibus
212 492 239 515 et
267 488 455 522 spiritualibns
486 489 594 524 populis
619 489 811 516 concessisset.

45 533 194 560 Electionem
220 534 294 560 etiim
323 534 431 561 illorum
461 535 553 562 taliter
580 535 725 569 Apostolus
755 534 812 561 ﬁeri

42 580 123 614 jubet:
138 579 165 606 Si
179 580 237 614 quis
252 580 308 606 sine
323 581 431 607 crimine
447 586 496 613 est,
510 582 588 607 unius
600 581 691 607 uxoris
707 581 791 607 virum
803 601 810 613 ,

44 626 101 659 ﬁlios
112 626 245 652 habentem
261 626 352 660 ﬁdeles
365 647 372 658 ,
387 635 436 653 non
454 627 481 652 in
498 627 665 653 accusatione
679 626 810 659 luxuria',

44 677 81 698 aut
95 680 140 698 non
151 671 270 698 subditos
285 672 319 703 ",
334 677 360 699 et
373 673 489 708 reliqua.
504 673 526 688 ‘°
543 673 570 699 Si
591 673 663 699 enim
682 673 741 700 sine
756 673 810 699 cri-

43 716 104 742 mine
123 717 249 743 sacerdos
264 717 327 752 eligi
343 718 518 752 praerlpitur,
536 718 692 745 nullatenus
713 718 747 744 ab
760 718 811 744 ho-

43 761 146 789 minibus
171 763 334 790 Criminibus
356 763 468 791 irrctitis
484 764 608 791 accusari
637 767 685 791 aut
706 764 811 791 calum-

42 808 100 834 niari
122 809 304 842 permittitur,
329 817 378 836 nec
391 810 424 836 ab
440 810 522 843 aliis,
546 818 628 845 quam
648 811 682 837 ab
696 810 739 837 his
763 809 811 844 qui

42 853 90 880 sine
104 854 214 881 crimine
229 859 306 886 sunt,
321 859 348 881 et
358 855 436 889 juxta
449 855 611 882 electionem
628 855 660 887 3‘,
678 855 700 882 si
716 862 811 882 neces-

865 261 934 295 quod
952 261 1116 296 eoustringes
1136 260 1242 287 balteo:
1258 266 1282 288 et
1300 269 1379 295 pones
1400 263 1498 288 tiaram
1518 264 1544 290 iu
1569 265 1654 298 capite

864 307 930 340 ejus,
946 311 969 333 et
992 306 1121 333 laminam
1147 311 1266 332 sanetam
1292 315 1371 339 super
1398 307 1541 335 tiaram.et
1567 308 1652 336 oleum

865 353 997 379 unctionis
1024 352 1117 386 fundes
1133 360 1212 386 super
1238 358 1317 382 caput
1338 352 1413 386 ejus,
1435 358 1511 388 atque
1526 354 1573 380 hoc
1600 355 1651 381 ritu

863 397 1069 424 eonsecrabitur.
1099 397 1185 424 Filios
1209 406 1310 433 quoque
1338 399 1411 425 illius
1440 399 1601 434 applicabis,
1627 406 1653 428 et

862 442 956 469 indues
972 443 1068 469 tunicis
1087 443 1181 476 lineis,
1202 444 1339 478 eingesque
1361 444 1448 470 balteo
1464 444 1553 470 Aaron
1575 450 1599 472 et
1614 445 1652 472 li-

863 489 936 515 beros
952 489 1019 523 ejus,
1040 493 1065 516 et
1089 490 1204 523 importes
1227 491 1321 516 mitras
1346 491 1403 524 eis,
1422 496 1548 526 eruntque
1562 499 1651 518 sacer-

861 534 934 562 dotes
950 535 1016 562 mihi
1038 534 1163 570 religione
1181 540 1306 569 perpetua
1318 535 1351 562 ³³.
1371 535 1431 568 Quo
1447 536 1507 563 loco
1528 541 1652 564 contem—

862 581 931 616 plari
949 585 1068 615 oportet,
1084 581 1176 608 Aaron
1193 589 1330 608 summum
1354 582 1524 609 sacerdotem
1536 603 1542 615 ,
1564 583 1589 610 id
1609 587 1652 610 est

861 626 1021 660 episcopum
1042 626 1142 659 fuisse,
1160 634 1242 661 porro
1259 627 1329 654 ﬁlios
1353 627 1413 662 ejus
1429 627 1652 663 presbyterorum

861 672 1066 699 demonstrasse
1089 672 1215 707 ﬁguram.
1234 672 1289 700 Hoc
1303 673 1376 700 enim
1398 673 1450 701 luit
1468 673 1538 701 inter
1559 674 1651 701 Aaron

861 725 1000 744 summum
1019 718 1199 750 sacerdotem,
1212 723 1239 746 et
1261 719 1332 746 ﬁlios
1346 719 1406 754 ejus
1429 720 1476 754 qui
1496 721 1651 747 sacerdotes

860 768 949 797 erant,
965 764 1038 799 quod
1053 765 1143 791 Aaron
1163 772 1245 799 super
1261 765 1382 792 tunicam
1400 765 1552 800 accipiebat
1566 767 1650 801 pode-

860 818 929 843 rem,
944 811 1042 838 stolam
1056 815 1189 844 sanctam,
1202 815 1229 838 et
1240 818 1370 838 coronam
1387 819 1510 845 auream,
1526 813 1649 844 mitram,

860 861 887 883 et
910 864 1006 883 zonam
1033 864 1161 888 auream,
1190 861 1217 883 et
1234 858 1475 891 superhumerale,
1493 863 1519 885 et
1545 859 1649 894 reliqua

42 900 98 927 sitas
112 899 199 933 luerit,
214 908 261 927 aut
276 901 327 935 ipsi
342 902 457 928 volcndo
477 901 594 928 Domino
608 901 710 929 srrvire
722 901 810 935 elege—
826 889 848 919 Β
861 909 921 937 qua
936 902 1046 937 praeﬁxa
1061 907 1126 929 sunt
1143 911 1150 929 ς
1175 902 1223 929 lilii
1248 909 1338 929 autem
1362 903 1466 937 Aaron,
1482 911 1563 939 super
1575 905 1650 931 tuni-

41 946 96 978 rint,
115 947 134 962 "
146 947 359 982 sacerdotesque
373 948 432 974 sine
445 947 559 974 crimine
574 947 632 974 ﬁeri
648 951 673 974 et
688 946 809 974 ordinari

41 991 140 1026 possint,
155 996 182 1019 et
205 993 275 1020 tales
300 1000 347 1028 per
362 993 454 1020 omnia
478 993 600 1026 fuerint,
629 993 722 1028 quales
747 992 809 1028 eligi

41 1037 179 1066 sacerdotes
197 1038 369 1073 iubentur.“
393 1038 479 1066 Porro
492 1043 519 1065 et
536 1038 622 1074 Moysi
640 1038 807 1074 przecipitur,

40 1088 65 1110 ut
75 1084 148 1119 eligat
161 1085 369 1120 presbyteros.”
397 1084 473 1112 Unde
486 1089 512 1112 et
530 1085 556 1112 in
571 1084 727 1112 Proverbiis
740 1084 809 1111 dici-

41 1134 94 1158 tur:
120 1130 208 1159 Gloria
230 1139 324 1159 senum
342 1131 452 1158 canities
464 1131 498 1159 ".
521 1131 584 1158 Haec
607 1138 671 1158 vero
695 1131 808 1158 canities

40 1175 183 1210 sapientiam
195 1177 333 1212 designat,
349 1177 382 1204 de
396 1184 449 1211 qua
463 1177 595 1211 scriptum
614 1180 655 1203 est
669 1185 675 1202 :
691 1176 807 1202 Canities

40 1220 158 1248 hominum
179 1223 322 1257 prudentia
345 1227 384 1250 est
403 1222 435 1249 ³⁸.
459 1221 583 1257 Cumque
607 1226 759 1257 nongentos
782 1226 808 1248 et

40 1267 140 1302 amplius
152 1275 238 1295 annos
254 1268 290 1295 ab
303 1268 388 1295 Adam
406 1275 492 1302 usque
506 1268 539 1294 ad
555 1267 694 1294 Abraham
707 1267 809 1295 vixisse

40 1312 149 1341 homines
170 1315 330 1349 legerimus,
352 1314 444 1341 nullus
464 1314 535 1341 alius
555 1313 631 1348 prius
657 1313 807 1348 appellatus

39 1364 74 1386 est
84 1361 232 1396 presbyter,
257 1360 285 1387 id
312 1364 355 1387 est
378 1360 488 1392 senior,
513 1360 564 1386 nisi
594 1359 808 1393 Abraham,qui

39 1405 112 1432 multo
126 1405 302 1440 paucioribus
319 1406 421 1434 vixisse
447 1405 527 1432 annis
548 1405 727 1432 convincitur.
748 1404 808 1432 Non

39 1458 93 1486 ergo
106 1457 211 1487 propter
235 1453 402 1488 decrepitam
422 1457 589 1481 senectutem
602 1473 610 1484 ,
627 1453 674 1480 sed
699 1457 808 1487 propter

40 1497 182 1532 sapientiam
201 1498 354 1534 presbyteri
372 1499 583 1525 nominantur-"
610 1497 719 1525 initium
734 1498 808 1525 enim

40 1543 166 1570 sacerdotii
189 1544 283 1570 Aaron
307 1543 374 1577 fuit,
388 1545 451 1571 licet
471 1543 650 1571 Melchisedec
663 1543 737 1578 prior
758 1543 842 1593 σιμ(Ξ

40 1587 118 1615 tulerit
130 1590 315 1625 sacriﬁcium“,
329 1594 356 1617 et
378 1595 439 1625 post
452 1590 525 1617 hunc
547 1590 701 1622 Abraham,
719 1589 806 1622 Isaac,

38 1638 60 1660 et
71 1633 162 1662 Iacob:
186 1636 233 1663 sed
252 1636 280 1663 hi
303 1641 453 1670 spontauea
469 1636 607 1663 voluntate
619 1655 626 1666 ,
643 1643 698 1662 non
716 1643 808 1662 sacer-

38 1677 108 1706 dotali
121 1681 294 1714 auctoritatc,
316 1681 368 1708 ista
385 1681 518 1708 fecerunt.
536 1681 558 1696 ³⁸
568 1681 701 1708 Caeterum
714 1680 806 1707 Aaron

38 1725 128 1758 primus
153 1727 179 1753 in
198 1727 258 1762 lege
287 1727 456 1754 sacerdotale
484 1734 585 1754 nomen
608 1726 721 1761 accepit,
749 1726 806 1760 pri-

39 1777 136 1802 musque
151 1773 301 1806 pontiﬁcali
326 1773 396 1800 stola
413 1773 524 1800 indutus
547 1773 672 1800 victimas
696 1771 804 1804 obtulit,

37 1815 132 1849 iubente
147 1817 265 1846 Domino
291 1827 324 1846 ac
345 1819 474 1854 loquente
491 1819 525 1846 ad
551 1818 662 1854 Moysen
677 1827 682 1845 :
699 1818 803 1853 Accipe,

39 1861 121 1896 inquit,
137 1864 221 1892 Aaron
234 1870 261 1892 et
283 1865 352 1899 ﬁlios
367 1860 435 1900 ejus,
455 1870 480 1892 et
496 1865 642 1900 applicabis
658 1866 692 1892 ad
708 1865 806 1892 ostium

39 1908 182 1938 tabernaculi
200 1912 356 1939 testimonii.
371 1911 487 1947 Cumque
506 1911 603 1938 laveris
622 1916 723 1946 patrem
747 1919 806 1938 cum

37 1953 91 1986 ﬁliis
104 1963 185 1991 aqua,
207 1957 302 1986 induas
323 1959 413 1986 Aaron
434 1959 593 1985 vestimentis
620 1959 693 1991 suis,
717 1958 745 1984 id
766 1962 805 1985 est

66 2110 191 2139 “Nahum
219 2121 246 2146 ι,
264 2114 346 2147 2,6,
362 2114 386 2141 7.

38 2147 142 2184 εαίεζᾴρς
160 2148 223 2176 sine.
265 2150 287 2165 ³¹
304 2150 380 2184 justo
397 2149 530 2176 electione.

39 2179 60 2206 7.
92 2181 192 2210 "Prov.
207 2192 255 2217 xx,
279 2179 324 2212 29.
363 2184 446 2211 “Job
469 2192 518 2214 xu.
533 2189 558 2211 et
576 2183 640 2217 Sap.
656 2191 692 2209 tv.

427 2114 483 2129 "'“
495 2113 591 2140 Distin.
604 2113 638 2139 79
650 2133 657 2144 ,
671 2110 834 2146 Ejectionem

733 2183 752 2198 π
765 2181 836 2209 ldcm

40 2222 102 2252 μμ,
115 2217 169 2244 4-9.
206 2218 228 2234 ⁸⁰
250 2220 281 2247 2|
299 2221 360 2248 dist.
373 2241 380 2252 ,
396 2219 427 2246 In
442 2227 506 2246 noro
520 2225 591 2251 ιδεμ,
603 2216 627 2245 et
651 2218 677 2245 in
699 2217 774 2244 Decr.
794 2216 807 2243 1

861 2237 868 2244 .
897 2217 943 2243 lib.
965 2225 1005 2243 Ill.

38 2249 122 2279 “Luc.
142 2261 173 2286 ι,
186 2253 228 2280 16.

66 2371 114 2408 (l5)
123 2372 153 2400 1η
165 2373 254 2401 locum
263 2382 354 2400 eorum
365 2377 545 2401 successerunt
555 2374 678 2408 episcopi.
690 2372 748 2400 Hoc
759 2377 801 2400 est

39 2408 98 2444 quod
111 2409 174 2443 psal.
191 2417 271 2442 xuv,
297 2409 427 2444 propheta
451 2409 533 2444 David
546 2409 723 2443 pra‘dixerat:
746 2408 799 2435 Pro

39 2443 139 2478 putribus
153 2445 203 2470 tuis
212 2445 272 2470 nati
283 2443 343 2471 sunt
358 2444 404 2471 tibi
414 2444 474 2478 filii.
488 2443 554 2470 Nam
568 2444 718 2478 Augustino
730 2451 799 2478 pra:-

39 2476 149 2514 dietiloci
166 2479 326 2514 interprete,
345 2476 436 2513 patres
451 2479 567 2514 apostoli
593 2476 668 2512 sunt,
684 2476 737 2506 ﬁlii
753 2486 802 2513 pro

39 2512 143 2549 patribus
165 2512 444 2549 natifapostolorum
467 2512 641 2541 successores
668 2512 800 2548 episcopi.

39 2545 170 2576 Concilium
184 2545 372 2577 Florentinum
385 2550 411 2576 in
424 2549 604 2576 iustructione
616 2545 800 2575 Armeniorum

39 2585 60 2607 et
75 2584 161 2610 coucil.
181 2583 334 2612 Tridentin.
355 2592 424 2611 sess.
438 2585 484 2615 25,
510 2592 569 2618 cap.
586 2584 613 2616 4,
634 2584 703 2611 idem
730 2592 809 2617 assc-l

41 2621 103 2644 runt.
113 2618 241 2646 Dicuntur
257 2625 348 2646 autem
365 2619 483 2653 episcopi
496 2619 627 2653 apostolis
643 2619 799 2651 succedere,

41 2658 84 2688 non
101 2655 202 2688 proprie
215 2662 248 2682 eo
264 2654 346 2682 modo
360 2662 415 2688 quo
433 2655 577 2688 episcopus
590 2654 732 2688 episeopo,
752 2661 800 2681 rex

39 2687 85 2720 regi
99 2687 220 2722 succedit,
237 2690 284 2717 sed
300 2687 399 2724 duplici
418 2687 471 2716 alia
489 2687 709 2716 ratione.'Prinio
720 2709 727 2720 ,
752 2690 807 2716 ra-'

39 2724 98 2759 Itone
111 2724 176 2759 sacri
189 2724 352 2759 episcopalis
365 2725 484 2756 ordinis;
498 2724 629 2755 secundo,
643 2731 690 2758 per
702 2731 799 2759 quam-

39 2754 88 2794 ιΙρῐιι
103 2754 300 2794 similitudinem
312 2764 339 2786 et
355 2754 555 2794 proportionem
569 2768 576 2792 ;
593 2754 656 2793 quia
669 2754 806 2794 tiiiiiirum,

40 2792 98 2817 sicut
109 2792 212 2821 Christo
225 2794 252 2821 in
268 2792 482 2826 terris—viventi,
506 2794 583 2828 primi
605 2792 663 2820 sub
689 2792 806 2820 Christo

40 2831 104 2864 erant
119 2830 226 2864 apostoli
252 2830 406 2862 duodecim,
434 2829 530 2864 deinde
555 2828 727 2863 septuaginta
745 2829 800 2855 duo

40 2858 163 2899 discipuli:
176 2865 211 2891 ita
222 2872 294 2892 nunc
305 2865 384 2899 primi
399 2858 451 2891 sub
464 2858 726 2898 Romano'pontiﬁce
736 2868 801 2891 sunt

40 2898 153 2932 ευιεεορὶ.
172 2904 232 2934 post
255 2898 312 2928 eos
331 2900 480 2936 presbyteri
498 2920 506 2933 ,
531 2899 594 2927 inde
607 2899 726 2934 diaconi,
746 2904 798 2927 etc.

818 2464 839 2492 D

570 2147 683 2175 "Hadr.
707 2148 781 2179 col|.,
798 2154 823 2174 c.
851 2147 893 2173 19.

860 955 907 975 cas
921 948 1008 975 lineas
1023 949 1106 975 cincti
1119 947 1308 975 tantummodo
1327 954 1354 975 et
1369 948 1469 982 tiarati,
1485 949 1651 977 assistebant

860 993 994 1021 sacriﬁcio
1017 993 1135 1021 Domini.
1156 994 1179 1009 ⁸⁰
1194 993 1222 1020 lu
1250 1001 1321 1020 novo
1347 999 1438 1021 autem
1464 999 1647 1028 testamento,

858 1043 920 1073 post
933 1038 1073 1066 Christum
1090 1038 1249 1071 Dominum,
1262 1046 1277 1065 a
1293 1038 1375 1066 Petro
1391 1040 1572 1067 sacerdotalis
1589 1048 1646 1068 cm-

858 1084 898 1118 pit
913 1084 992 1116 ordo,
1019 1084 1084 1118 quia
1110 1084 1161 1118 ipsi
1189 1084 1279 1118 primo
1292 1085 1466 1119 pontiﬁcatus
1482 1085 1509 1111 in
1525 1085 1647 1113 Ecclesia

858 1129 958 1157 Christi
976 1130 1055 1157 datus
1070 1134 1121 1161 est,
1142 1129 1249 1157 dicente
1268 1129 1383 1157 Domino
1400 1131 1432 1157 ad
1447 1139 1508 1158 eum
1523 1140 1529 1157 2
1551 1130 1589 1156 Tu
1608 1139 1646 1162 es,

858 1174 956 1210 inquit,
969 1175 1065 1202 Petrus
1076 1180 1100 1202 et
1116 1183 1194 1209 super
1208 1176 1275 1203 hanc
1286 1181 1387 1210 petram
1402 1176 1540 1210 wdiﬁcabo
1556 1176 1646 1202 Eccle-

858 1221 925 1248 siam
940 1229 1034 1254 meam,
1048 1227 1071 1248 rt
1090 1227 1175 1256 porta:
1196 1222 1276 1256 inferi
1290 1230 1339 1249 non
1355 1223 1533 1256 praeualebunt
1551 1223 1645 1250 adver-

858 1275 902 1294 sus
916 1275 991 1300 eam,
1011 1272 1036 1293 et
1053 1267 1101 1294 tibi
1122 1267 1191 1294 dabo
1207 1267 1292 1295 claves
1312 1269 1384 1303 regni
1408 1268 1532 1295 ewlorum
1544 1268 1576 1296 δ’.
1598 1268 1647 1296 llic

858 1320 923 1347 ergo
937 1313 1040 1348 ligandi
1055 1317 1137 1348 alque
1162 1313 1285 1341 solvendi
1303 1319 1464 1349 potestatem
1481 1315 1586 1349 primus
1598 1323 1645 1341 ac-

858 1359 930 1393 cepit
948 1367 963 1386 a
980 1358 1106 1392 Domino,
1120 1360 1279 1395 primusque
1300 1361 1334 1387 ad
1349 1360 1429 1387 ﬁdem
1447 1361 1577 1395 populum
1591 1362 1646 1388 vir~

858 1408 915 1431 tute
934 1412 991 1431 sua:
1012 1405 1214 1439 prmdicationis
1236 1405 1360 1432 adduxit.
1377 1405 1474 1434 (Σπιθτί
1493 1414 1556 1433 vero
1579 1414 1646 1441 apo-

858 1449 918 1476 stoli
932 1457 993 1476 cum
1005 1450 1100 1477 eodem
1116 1450 1173 1484 pari
1189 1450 1328 1477 consortio
1340 1451 1470 1478 honorem
1484 1456 1511 1478 et
1528 1457 1645 1486 potesta-

859 1501 913 1523 tem
928 1502 1111 1531 acceperunt,
1130 1497 1275 1532 ipsumque
1300 1498 1450 1533 principem
1466 1506 1562 1526 eorum
1585 1505 1645 1525 esse

858 1542 1074 1576 voluerunt.Qui
1088 1543 1181 1576 etiam,
1193 1543 1305 1577 iubente
1319 1543 1446 1576 Domino,
1462 1544 1489 1570 in
1506 1548 1564 1571 toto
1578 1544 1644 1571 orbe

859 1589 975 1624 dispersi
995 1589 1171 1624 Evangelium
1190 1589 1424 1624 praedicaverunt:
1447 1590 1513 1624 ipsis
1535 1597 1644 1625 quoque

858 1635 1069 1667 decedentibus,
1086 1635 1112 1661 in
1139 1635 1229 1662 locum
1252 1642 1346 1662 eorum
1370 1640 1564 1662 successerunt
1588 1637 1639 1670 epi-

858 1682 931 1716 scopi
949 1681 1017 1716 (15),
1033 1689 1150 1715 quorum
1167 1681 1302 1708 ordinatio
1318 1685 1444 1716 prtetacto
1456 1680 1479 1696 ⁸¹
1496 1681 1553 1708 ﬁeri
1567 1681 1646 1708 debet

858 1727 954 1755 ordine
967 1731 994 1754 et
1007 1727 1089 1754 modo
1104 1736 1109 1753 :
1129 1734 1199 1761 quos
1211 1727 1258 1762 qui
1274 1727 1371 1762 recipit
1391 1731 1418 1754 et
1433 1727 1516 1754 verba
1536 1735 1642 1759 eorum,

858 1772 943 1800 Deum
958 1773 1055 1807 recipit
1070 1782 1076 1799 ε
1094 1773 1143 1807 qui
1158 1778 1249 1800 autem
1267 1781 1316 1800 eos
1337 1773 1455 1808 spernit,
1472 1780 1535 1800 eum
1560 1780 1574 1799 a
1589 1781 1642 1807 quo

858 1819 934 1847 missi
951 1824 1025 1853 sunt,
1043 1823 1070 1846 et
1094 1819 1174 1854 cujus
1199 1819 1350 1854 iunguntur
1364 1819 1509 1854 legatione,
1529 1820 1642 1855 spernit,

858 1870 884 1893 ct
897 1867 954 1901 ipse
971 1865 1161 1892 indubitanter
1174 1870 1319 1900 spernetur
1331 1874 1345 1892 a
1365 1865 1481 1893 Domino
1495 1866 1529 1892 ⁸³.
1544 1865 1644 1892 Viden-

858 1916 899 1939 tes
920 1916 1012 1939 autem
1030 1911 1082 1946 ipsi
1099 1911 1215 1946 apostoli
1238 1919 1355 1939 messem
1382 1919 1443 1938 esse
1467 1911 1582 1938 multam
1595 1931 1601 1941 .
1617 1915 1643 1938 et

859 1958 1002 1993 operarios
1019 1965 1134 1992 paucos,
1153 1962 1320 1992 rogaverunt
1333 1958 1475 1985 dominum
1490 1957 1598 1990 messis,
1614 1963 1643 1984 ut

983 2111 1005 2126 ¹⁹
1026 2109 1079 2137 Tit.
1109 2118 1140 2142 ι,
1174 2110 1201 2137 6.
1258 2110 1280 2126 ³⁰
1297 2117 1344 2142 vt,

932 2146 954 2162 ³³
970 2145 1064 2172 Distin.
1080 2145 1124 2177 87s,
1143 2145 1225 2172 Porro
1240 2145 1318 2171 Mosi.
1356 2145 1378 2160 “
1391 2145 1453 2172 Isid.
1474 2144 1509 2172 De
1530 2146 1576 2180 0/1“.
1595 2154 1639 2178 tu,

856 2181 918 2208 Isid.
936 2189 996 2216 cap.
1011 2181 1058 2216 5.,
1084 2180 1206 2216 ffClem.
1234 2180 1326 2216 Const.
1352 2188 1402 2216 vt,
1426 2180 1471 2207 20.
1514 2181 1535 2196 ⁸⁹
1555 2182 1637 2208 Exod.

1052 2214 1178 2242 "Matth.
1209 2223 1268 2248 xvn,
1293 2215 1343 2248 18⁷
1368 2215 1411 2242 19.
1450 2217 1639 2250 “pra’taxato.

859 2119 929 2138 vero.
983 2111 1005 2126 ¹⁹
1026 2109 1079 2137 Tit.
1109 2118 1140 2142 ι,
1174 2110 1201 2137 6.
1258 2110 1280 2126 ³⁰
1297 2117 1344 2142 Vl,
1374 2109 1526 2144 qumstione
1554 2110 1580 2140 1.
1610 2110 1640 2138 Si

854 2371 912 2399 Non
941 2372 1019 2399 aliter
1043 2376 1134 2399 autem
1159 2373 1303 2407 episcopos
1328 2372 1460 2406 apostolis
1476 2372 1637 2402 succedere,

855 2408 917 2434 inde
940 2411 1024 2442 patet,
1040 2408 1112 2442 quod
1136 2415 1150 2434 e
1172 2407 1256 2442 iscopi
1272 2407 1374 2434 nullam
1399 2415 1468 2434 vera:
1484 2407 1639 2441 apostolica:

855 2442 1024 2469 auctoritatis
1038 2447 1140 2469 partem
1153 2416 1286 2469 liabeant:
1302 2442 1418 2469 apostoli
1431 2442 1514 2469 enim.
1530 2448 1559 2468 ut
1572 2450 1638 2469 con-

854 2442 1024 2470 auctoritatis
1038 2447 1140 2476 partem
1153 2442 1286 2474 habeant;
1302 2442 1418 2476 apostoli
1431 2442 1514 2474 enim,
1530 2448 1559 2468 ut
1572 2450 1638 2469 con-

854 2483 907 2506 stat
924 2478 1019 2505 Matth.
1029 2481 1058 2504 et
1069 2477 1153 2504 lllarc.
1164 2486 1224 2512 cap.
1239 2477 1345 2509 ultimo,
1357 2481 1414 2503 toto
1424 2481 1558 2512 terrarum
1571 2478 1636 2503 orbe

853 2513 1010 2548 praedicare,
1031 2513 1099 2540 alias
1111 2511 1272 2547 atque'alias
1285 2511 1420 2539 Ecelesias
1442 2511 1565 2548 fundare,
1589 2520 1635 2538 ca-

853 2546 966 2575 nonicos
979 2549 1062 2575 libros
1075 2546 1193 2575 scribere
1208 2551 1347 2582 poterant:
1364 2555 1445 2582 porro
1458 2546 1523 2572 nihil
1539 2547 1634 2582 horum

853 2584 972 2617 episcopi
981 2588 1137 2617 potuerunt.
1144 2582 1287 2614 l’rxterca,
1295 2582 1396 2608 donum
1409 2581 1508 2615 lingu-te
1518 2585 1545 2607 et
1554 2581 1636 2607 mira-

852 2618 976 2645 culorum
1001 2619 1155 2645 habuerunt
1179 2617 1316 2652 apostoli,
1341 2624 1395 2643 non
1424 2621 1514 2643 autem
1526 2623 1635 2652 Aotnncs

853 2653 985 2688 episcopi.
1002 2653 1140 2690 Apostolis
1156 2650 1283 2690 omnibus
1308 2652 1464 2690 immediate
1487 2659 1502 2677 a
1521 2650 1639 2690 Christo.

853 2686 1007 2716 universam
1024 2686 1173 2715 Ecclesiam
1184 2686 1350 2722 gubernandi
1366 2690 1488 2720 potestas
1504 2693 1536 2712 ac
1554 2686 1635 2722 iuris-

853 2724 937 2750 dictio
951 2723 1049 2751 collata
1068 2728 1118 2754 est,
1131 2719 1208 2750 Joan.
1223 2729 1283 2756 cap.
1303 2721 1348 2754 20,
1367 2719 1415 2748 ’his
1436 2721 1541 2747 verbis:
1555 2719 1633 2747 Sicut

853 2759 925 2784 misit
939 2767 978 2785 me
993 2758 1079 2785 vivens
1098 2758 1188 2789 Pater,
1216 2761 1239 2784 et
1254 2765 1300 2792 ego
1311 2757 1387 2783 mitto
1403 2764 1445 2782 vos
1465 2758 1632 2791 (quanquam

853 2793 992 2820 ordinaria
1011 2793 1175 2827 iurisdictio,
1198 2794 1297 2828 qmeiin
1315 2796 1438 2826 posteros
1458 2799 1505 2828 per
1524 2798 1633 2828 succes-

854 2828 959 2855 sionem
975 2826 1178 2859 transl'erretur,
1193 2826 1242 2856 soli
1255 2827 1345 2859 Petro,
1361 2826 1575 2854 extraordinaria
1591 2833 1633 2852 re-

853 2863 938 2898 liquis
951 2864 1081 2898 apostolis
1096 2871 1226 2898 concessa
1237 2863 1283 2898 sit)
1292 2872 1298 2890 :
1307 2870 1403 2890 omnes
1412 2861 1634 2898 autemcpiscopi

855 2906 871 2925 a
893 2897 975 2926 Petri
987 2906 1145 2927 successore
1170 2897 1292 2926 Rolnano
1311 2897 1449 2934 pontiﬁce,
1469 2897 1513 2924 cui
1530 2897 1632 2924 dictum
