1916 3104
236 138 288 166 807

912 135 1083 163 ᾹΝΛΕΕΕΤΙ
1114 135 1216 163 DARE

1821 132 1872 160 808

239 195 358 221 mitteret
372 193 516 228 operarios
539 193 566 219 in
587 199 704 220 messem
728 200 805 219 suam
819 191 851 219 “.
868 191 932 219 lude
949 192 1027 219 electi
1043 197 1065 224 Α
1079 192 1217 225 civitates,
1233 199 1295 226 quae
1310 191 1431 219 minores
1444 190 1552 226 judiees
1567 190 1706 218 habebam
1719 189 1799 225 (licet
1812 198 1871 218 Ina-

241 244 302 267 sunt
323 239 357 266 ab
383 239 424 266 eis
449 238 622 273 septuaginta
634 238 688 265 duo
702 238 725 254 ’⁵⁵
743 238 882 273 discipuli,
907 246 1026 274 quorum

236 289 331 321 typqu
344 289 443 320 gerunt
452 284 604 319 presbyteri
615 283 683 318 (Μ),
697 287 778 318 atque
790 284 816 310 in
828 291 923 311 eorum
937 284 1027 310 locum

241 337 304 360 sunt
316 331 458 358 constituti
480 331 507 357 in
521 330 654 363 Ecclesia,
667 329 701 357 de
713 338 831 364 quorum
856 330 1028 357 ordinatione

240 384 266 407 et
289 378 459 413 reliquorum
485 377 697 410 ministrorum,
724 376 826 404 dixisse
852 384 935 411 supra
951 377 1026 404 suffi-

241 426 304 454 ciat.

613 481 657 508 lll.

242 562 319 596 Quod
340 562 427 589 minus
441 569 521 596 quam
536 569 551 587 (ι
567 560 650 587 tribus
675 560 801 595 episcopis
822 560 956 594 episcopus
976 567 1029 586 non

515 596 607 623 debeat
622 595 753 622 ordinari.

277 664 302 681 ⁸⁸
316 664 402 692 Porro
415 664 488 699 quod
501 663 648 698 episcopus
664 671 718 690 non
738 663 773 690 ab
786 670 852 696 uno,
869 662 916 690 sed
933 670 948 690 a
963 670 1031 690 cun-

243 711 306 744 ctis,
319 718 456 738 consensu
470 714 517 737 aut
532 710 676 744 praesentia
692 709 976 744 comprovincialium.
991 713 1033 736 est

243 756 412 783 ordinandus
425 777 433 788 ,
451 759 478 783 et
503 755 661 782 nullatenus
683 755 775 782 minus
789 762 871 790 quam
897 762 913 782 a
931 754 1031 786 tribus,

243 802 350 830 exteris
361 801 595 829 consentientibus
609 801 728 833 cunctis;
742 801 856 833 idcirco,
873 801 1033 828 instituente

244 847 376 881 Domino,
393 847 452 875 fieri
464 847 574 882 jubetnr
585 867 592 879 ,
611 854 645 873 ne
659 846 762 881 aliquid
777 850 871 873 contra
886 846 967 873 fidem
981 845 1034 873 Ec-

244 894 336 922 clesia!
365 894 447 921 unius
476 894 618 929 tyrannica
643 893 794 920 auctoritas
816 892 981 924 moliretur,
1006 897 1033 920 et

244 941 338 977 regula
350 941 393 969 vel
409 941 477 969 ﬁdes
490 940 706 968 confunderetur
727 939 909 968 credentium.

617 1018 663 1046 lV.

246 1100 280 1129 In
294 1101 389 1137 quibus
404 1099 556 1137 civitatibus
572 1099 717 1137 primates,
742 1098 768 1124 in
791 1096 885 1133 quibus
902 1100 1035 1130 metropo-

499 1135 577 1162 litani
591 1143 646 1161 esse
657 1134 778 1160 debeant.

282 1205 304 1222 "
318 1204 472 1232 Provinciae
485 1209 577 1231 autem
594 1203 679 1230 multo
691 1207 755 1230 ante
769 1203 872 1230 Christi
887 1203 1035 1230 adventum

247 1255 373 1285 tempore
397 1249 492 1277 divisa:
514 1253 579 1276 sunt
595 1248 715 1275 maxima
736 1255 770 1275 ex
785 1253 879 1283 parte,
899 1253 926 1275 et
943 1253 1036 1283 postea

248 1296 282 1324 ab
296 1295 429 1330 apostolis
440 1299 467 1322 et
480 1295 560 1322 beato
571 1293 713 1320 Clemente
728 1294 928 1328 prmdecessore
942 1299 1036 1321 nostro

248 1341 308 1376 ipsa
322 1341 421 1368 divisio
436 1344 480 1368 est
498 1344 639 1367 renovata.
656 1340 680 1354 ‘“
693 1339 725 1366 Et
742 1340 768 1366 in
782 1340 870 1374 capite
882 1340 1037 1374 provincia-

249 1394 323 1420 rum,
339 1386 385 1414 ubi
407 1386 511 1413 dudum
527 1385 657 1419 primates
673 1384 741 1419 legis
750 1384 772 1400 δ’
788 1385 881 1412 smculi
897 1390 988 1417 erant,
1005 1393 1037 1412 ac

250 1431 340 1467 prima
356 1431 503 1466 iudiciaria
516 1435 647 1465 potestas.
660 1430 693 1457 ad
706 1438 777 1464 quos
792 1430 838 1464 qui
855 1438 902 1464 per
916 1430 1037 1465 reliquas

250 1477 374 1506 civitates
390 1477 645 1508 commorabantur,
660 1477 770 1510 quando
786 1476 826 1503 eis
842 1483 953 1503 necesse
967 1480 1037 1508 erat,

251 1523 300 1558 qui
313 1522 346 1550 ad
363 1522 452 1549 aulam
470 1521 643 1556 imperatoris
660 1521 701 1548 vel
713 1529 806 1556 regum
820 1521 967 1556 confugere
982 1528 1036 1548 non

251 1572 378 1603 poterant
391 1589 398 1601 ,
413 1568 455 1595 Vel
477 1568 578 1602 quibus
591 1568 754 1602 permissum
775 1575 829 1594 non
853 1571 922 1599 erat,
940 1566 1037 1594 confu-

252 1614 364 1650 giebant
393 1622 443 1650 pro
468 1614 694 1649 oppressionibus
721 1613 762 1641 vel
792 1613 932 1648 injustitiis
964 1614 1037 1646 suis,

252 1660 383 1696 ipsosque
405 1660 596 1694 appellabant,
615 1660 723 1695 quoties
736 1667 806 1694 opus
820 1664 897 1690 erat.
919 1660 990 1687 sicut
1010 1660 1037 1686 in

251 1705 313 1742 iege
331 1713 424 1733 eorum
441 1709 608 1740 preceptum
624 1710 683 1732 erat
698 1714 705 1732 :
726 1705 793 1740 ipsis
806 1712 915 1740 quoque
927 1705 955 1732 in
972 1705 1038 1732 civi.

254 1752 356 1780 tatibus
372 1752 414 1779 vel
430 1751 498 1779 lacis
522 1752 636 1784 nostris,
651 1751 821 1786 patriarchas
837 1751 878 1778 vel
897 1751 1038 1786 primates,

253 1797 301 1832 qui
316 1805 398 1824 unam
414 1797 530 1825 formam
543 1801 646 1827 tenent,
656 1797 719 1824 licet
729 1796 836 1824 diversa
849 1795 904 1823 sint
918 1796 1038 1828 nomina,

253 1843 328 1879 leges
340 1843 439 1870 divinm
449 1848 476 1870 et
486 1843 680 1870 ecclesiasticas
692 1843 756 1877 poni
769 1845 796 1869 et
811 1849 872 1870 esse
884 1842 1038 1877 jusserunt,

255 1889 290 1916 ad
305 1897 375 1925 quos
391 1889 513 1924 episcopi
528 1890 566 1923 (si
589 1895 701 1916 necesse
726 1887 822 1921 fuerit)
840 1887 1039 1922 confugerent,

255 1943 359 1971 eosque
388 1936 575 1971 appellarent.
610 1941 637 1962 et
669 1935 719 1970 ipsi
753 1934 902 1969 primatum
929 1934 1041 1961 nomine

255 1980 422 2014 fruerentur,
436 1985 462 2009 et
475 1989 529 2009 non
541 1981 597 2009 alii.
612 1981 734 2016 Reliqua:
744 1988 809 2008 vero
822 1980 1040 2015 metropolitana:

311 2112 436 2140 “Matth.
464 2121 507 2145 IX,
533 2112 583 2145 57;
618 2112 684 2149 Luc.
710 2121 747 2144 ι.
777 2113 794 2140 2
817 2148 823 2149 γ
843 2113 940 2140 "huc.
956 2113 1190 2149 cod.rconstanter
1213 2113 1276 2149 legit
1290 2115 1467 2149 septuaginta.

256 2156 313 2183 quo
331 2153 358 2175 et
374 2148 525 2182 superiora.

258 2184 386 2218 capitum.
424 2184 445 2202 ⁸³
462 2183 785 2218 προπονομοδιδάσκαλοι.

258 2218 316 2245 base
336 2217 489 2252 scripsisse
503 2219 613 2253 tingitur
632 2218 786 2246 Anacletus.

259 2254 360 2280 missis.
406 2253 487 2281 “lsa.
507 2253 623 2286 Lv1,H.

257 2288 420 2323 pastoribus.

1075 238 1152 273 jores
1176 238 1323 265 comitibus
1351 237 1466 272 essent),
1484 237 1619 264 haberent
1643 236 1871 271 metropolitanos

1079 291 1162 314 suos,
1178 283 1225 318 qui
1243 283 1379 318 przediclis
1401 283 1478 316 juste
1490 283 1512 300 ⁸⁰
1529 282 1675 310 obedirent
1693 281 1869 316 primatibus.

1079 327 1150 355 sicut
1167 333 1194 355 et
1209 328 1236 354 in
1254 328 1359 362 legibus
1376 328 1467 355 szeculi
1481 328 1546 354 olim
1561 328 1720 355 ordinatum
1738 331 1810 358 erat,
1824 327 1871 362 qui

1079 382 1135 402 non
1157 375 1317 409 primatum,
1334 374 1383 401 sed
1399 379 1447 402 aut
1468 374 1747 409 metropolitanorum
1764 378 1812 400 aut
1828 381 1871 400 ar-

1081 420 1316 455 chiepiscoporum
1333 421 1445 448 nomine
1458 420 1625 448 fruerentur.
1637 419 1671 447 Et
1683 420 1747 448 licet
1757 420 1871 455 singula:

1080 465 1247 501 metropoles
1269 466 1394 493 civitates
1416 473 1481 493 suas
1508 465 1664 500 provincias
1684 465 1824 498 habeant,
1846 469 1872 492 et

1081 519 1147 539 suos
1158 511 1384 546 metropolitanos
1394 511 1502 546 judi'ces
1520 510 1620 538 habere
1633 511 1752 538 debeant
1766 511 1873 545 episco-

1082 565 1148 592 pos,
1166 557 1239 584 sicut
1266 556 1342 591 prius
1363 556 1589 590 metropolitanos
1608 554 1717 590 iudices
1735 555 1874 582 habebant

1083 603 1244 636 saecularcs,
1269 602 1400 638 primates
1417 607 1508 629 tamen
1529 602 1575 636 (ut
1593 602 1735 637 praefixum
1759 601 1820 635 est)
1847 605 1874 627 et

1082 654 1148 678 tunc
1164 655 1190 677 ct
1206 657 1280 676 nunc
1299 649 1401 676 habere
1421 648 1505 682 jusste
1519 653 1595 681 sunt,
1613 648 1647 675 ad
1661 655 1732 683 quos
1747 653 1811 682 post
1830 655 1874 674 se-

1082 695 1143 723 dem
1168 695 1348 730 apostolicam
1374 702 1481 722 summa
1507 695 1615 730 negotia
1642 694 1828 726 conveniant,
1846 698 1875 721 ut

1083 741 1194 774 ibidem,
1207 741 1308 776 quibus
1324 748 1436 768 necesse
1458 740 1551 774 fuerit,
1573 741 1729 768 releventur
1752 746 1782 768 et
1800 740 1875 774 justc

1085 787 1276 821 restituantur,
1291 792 1318 815 ct
1335 787 1362 814 hi
1379 787 1426 822 qui
1448 787 1548 822 injuste
1564 787 1759 822 opprimuntur
1772 807 1781 819 ,
1801 787 1874 821 juste

1084 833 1268 862 reformentur
1303 839 1384 869 atque
1418 833 1588 867 fulciantur,
1625 833 1875 869 episcoporumque

1084 887 1191 912 causae,
1216 884 1243 906 et
1267 887 1438 907 summorum
1466 879 1637 913 negotiorum
1659 878 1762 912 judicia
1783 878 1875 912 (salva

1085 925 1243 960 apostolicae
1260 924 1333 952 sedis
1350 923 1528 959 auctoritate)
1551 923 1705 958 justissime
1724 922 1875 949 terminen-

1087 976 1142 999 tur.
1158 971 1221 999 llmc
1236 971 1270 998 ab
1291 971 1412 1005 antiquis
1424 970 1458 1002 “,
1475 970 1533 997 hate
1557 969 1592 996 ab
1609 969 1756 1004 apostolis,
1782 968 1842 996 haec
1861 976 1875 994 a

1087 1019 1190 1047 sanctis
1213 1018 1343 1046 Patribus
1370 1017 1545 1052 accepimus,
1564 1017 1697 1051 vobisque
1712 1017 1758 1050 (ut
1781 1021 1877 1050 postu-

1086 1066 1175 1101 lastis)
1188 1064 1323 1098 rimanda,
1337 1070 1364 1092 et
1377 1064 1477 1092 futuris
1491 1063 1608 1091 tenenda
1626 1063 1800 1097 temporibus
1814 1062 1876 1089 mit-

1086 1113 1182 1145 timus,
1194 1118 1221 1140 et
1235 1111 1350 1147 reliquis
1367 1110 1500 1138 fratribus
1514 1109 1699 1145 praedicanda,
1714 1116 1747 1136 ac
1770 1109 1876 1136 cunctis

1087 1157 1215 1185 ﬁdelibus
1232 1157 1363 1184 tradenda
1385 1155 1549 1183 mandamus
1561 1175 1568 1188 ,
1585 1162 1619 1182 ne
1633 1159 1778 1189 pastorum
1792 1154 1876 1189 impe-

1088 1204 1163 1236 ritia,
1184 1203 1206 1218 "’
1230 1203 1277 1238 qui
1304 1206 1478 1236 sequuntur,
1503 1201 1654 1228 deteriores
1667 1200 1752 1232 ﬁant,
1771 1200 1877 1227 dicente

1088 1249 1204 1277 Domino
1216 1258 1264 1285 per
1278 1249 1438 1284 prophetam
1453 1257 1460 1276 :
1475 1247 1533 1282 Ipsi
1546 1251 1666 1282 pastores
1688 1247 1876 1281 ignoraturum

1087 1296 1290 1331 intelligentiam
1300 1295 1334 1322 ".

1124 1340 1199 1374 Quos
1212 1348 1310 1368 rursus
1322 1340 1455 1367 Dominus
1478 1339 1640 1371 detestatur,
1657 1338 1770 1366 dicens:
1791 1337 1824 1364 Et
1840 1344 1876 1365 te—

1088 1393 1176 1415 nentes
1192 1387 1285 1422 legem,
1302 1387 1451 1414 nescierunt
1464 1394 1504 1413 me
1523 1386 1556 1412 ⁵⁸.
1574 1385 1678 1412 Nesciri
1693 1391 1759 1419 ergo
1772 1383 1878 1412 Veritas

1088 1440 1118 1460 se
1132 1433 1166 1460 ab
1184 1432 1224 1460 eis
1235 1433 1423 1467 conqueritur,
1454 1437 1481 1459 et
1508 1432 1615 1459 nescire
1638 1439 1668 1458 se
1693 1430 1877 1465 principatum

1089 1478 1270 1506 nescientium
1286 1478 1545 1513 protestatur;quia
1561 1476 1686 1512 profecto
1711 1477 1739 1504 hi
1765 1477 1814 1511 qui
1838 1484 1879 1509 ca,

1051 1539 1071 1568 ο
1091 1532 1152 1559 qua:
1161 1529 1226 1552 sunt
1241 1523 1360 1557 Domini,
1374 1524 1509 1556 nesciunt,
1526 1532 1542 1551 a
1566 1523 1683 1550 Domino
1705 1523 1879 1553 nesciuntur.

1091 1571 1176 1599 Paulo
1194 1575 1350 1602 attestante,
1370 1570 1417 1606 qui
1432 1570 1484 1597 ait:
1501 1569 1531 1597 Si
1547 1571 1606 1605 quis
1624 1570 1731 1604 ignorat
1744 1569 1881 1604 ignorabi-

1092 1621 1136 1643 tur
1147 1616 1178 1641 ³⁸.
1198 1615 1266 1642 Hinc
1279 1621 1306 1643 et
1321 1615 1476 1647 Psalmista,
1493 1623 1546 1643 non
1569 1615 1689 1650 optantis
1714 1615 1822 1647 animo,
1835 1613 1879 1641 sed

1090 1663 1280 1698 prophetantis
1294 1663 1424 1698 mysterio
1437 1662 1593 1694 denuntiat,
1605 1662 1718 1689 dicens:
1731 1662 1882 1689 Obscurat-

1093 1713 1138 1735 tur
1151 1709 1221 1735 oeuli
1233 1717 1335 1741 eorum,
1348 1717 1379 1735 ne
1391 1708 1508 1741 videant,
1530 1713 1555 1735 et
1573 1708 1683 1735 dorsum
1703 1716 1800 1735 eorum
1816 1716 1868 1735 sem

1089 1762 1137 1789 per
1153 1754 1261 1780 incurva
1271 1753 1304 1780 '“.
1318 1753 1479 1780 Obscuratis
1491 1761 1557 1787 ergo
1572 1753 1660 1780 oculis
1671 1773 1678 1784 ,
1691 1752 1810 1780 dorsum
1835 1752 1879 1779 tle—

1092 1798 1189 1831 ctitur;
1204 1799 1334 1834 quoniam
1361 1806 1424 1825 cum
1451 1798 1542 1825 lumen
1556 1799 1676 1826 scientiae
1691 1798 1816 1832 perdunt
1838 1798 1879 1832 qui

1091 1849 1222 1879 prabeunt,
1238 1846 1296 1872 sine
1310 1845 1393 1872 dubio
1405 1844 1438 1872 ad
1454 1845 1587 1878 portanda
1605 1849 1786 1879 peccatorum
1801 1852 1878 1871 onera

1091 1891 1258 1918 inclinantur
1274 1895 1427 1926 sequentes.
1448 1891 1470 1906 "’
1492 1890 1542 1918 llic
1555 1898 1620 1925 ergo
1631 1890 1703 1918 inter
1724 1899 1828 1918 manus
1845 1891 1879 1917 la-

1091 1940 1201 1964 tronum
1220 1942 1246 1964 et
1257 1937 1351 1964 dentes
1363 1937 1511 1964 furentium
1523 1937 1650 1972 luporum
1668 1941 1815 1972 utcunque
1824 1944 1876 1964 ver-

1091 1989 1193 2009 samur.
1207 1982 1270 2010 ideo
1295 1987 1322 2010 ct
1351 1983 1449 2010 docere
1472 1982 1561 2014 alios,
1585 1986 1612 2009 et
1628 1989 1680 2009 nos
1695 1982 1777 2017 ipsos
1795 1984 1879 2018 (prout

1507 2115 1530 2134 ιδ
1541 2114 1602 2141 lsid.
1622 2113 1658 2142 De
1671 2115 1720 2149 off.
1736 2123 1779 2147 ιι,
1801 2116 1818 2143 5
1829 2137 1836 2147 ,
1851 2123 1878 2143 cx

572 2143 592 2166 ί⁷
617 2148 714 2188 Distin.
729 2143 780 2188 Eii),
808 2148 954 2188 ﬂuitantia:
968 2148 1062 2188 tuulto.
1087 2149 1120 2176 Et
1144 2149 1171 2188 in
1188 2143 1264 2188 ρεεξ.
1279 2143 1353 2188 lvon.
1371 2143 1417 2188 lib.
1433 2157 1467 2175 Iv.
1489 2149 1626 2188 "jﬂiltClli.
1641 2143 1702 2184 cari:
1721 2143 1877 2182 l5,'lib.:tv.

825 2184 927 2219 “jure.
967 2184 1020 2219 “ig
1046 2185 1178 2219 martyrio
1193 2184 1222 2211 S.
1242 2185 1313 2211 Petri
1343 2185 1463 2211 nondum
1496 2185 1531 2212 60
1561 2185 1697 2212 tinxerant
1727 2187 1795 2213 anni
1822 2194 1876 2213 cum

825 2220 847 2234 θ’
860 2219 888 2244 S.
904 2218 985 2254 Greg.
1003 2218 1078 2245 Pasl.
1093 2219 1110 2245 l.
1121 2218 1130 2245 i
1144 2240 1151 2251 ,
1167 2220 1330 2254 quibusdam
1354 2227 1403 2254 pro
1422 2227 1498 2247 more
1522 2220 1691 2254 interpolatis
1716 2226 1745 2248 et

662 2254 685 2270 ⁵⁵
693 2253 793 2280 Jcrcm.
813 2261 843 2286 ιι,
857 2254 882 2280 8.
905 2252 944 2279 ⁵⁵1
957 2254 1018 2280 Cor.

1088 2274 1095 2287 ,
1107 2254 1151 2281 '58.
1176 2252 1209 2270 ’⁵⁸
1220 2255 1289 2282 l’sal.
1303 2252 1397 2288 uviu,
1408 2255 1453 2282 24.
1491 2255 1513 2270 ⁵⁷
1523 2255 1552 2282 S.
1562 2252 1677 2290 August.
1693 2263 1720 2283 c.
1737 2257 1766 2288 7,
1776 2252 1830 2283 'lib.
1847 2256 1877 2282 ιιι

1776 2227 1878 2255 praeter-

257 2409 487 2453 est:_Pasceoves
505 2419 588 2452 meas,
599 2419 676 2453 pasce
690 2420 770 2447 agnos
783 2420 851 2440 meos
868 2411 960 2453 (Ionii:
977 2421 1035 2453 sxt,

1091 2415 1203 2453 scipulis
1221 2415 1330 2442 Domini
1343 2421 1397 2453 non
1412 2415 1490 2453 aliter
1506 2421 1649 2453 quamper
1669 2414 1874 2453 similitudinem

258 2445 479 2481 t7),immediale
493 2454 568 2473 suam
579 2445 796 2481 jurisdictioncm
811 2445 894 2475 certis
906 2448 1037 2476 limitibus

255 2480 394 2508 deﬁnitam
419 2486 633 2515 consequuntur.
655 2481 785 2516 Denique,
804 2491 857 2510 nou
882 2483 1038 2511 succeditur

277 2516 366 2550 roprie
393 2515 652 2555 nisi—priscedenti;
670 2521 697 2555 at
722 2515 890 2555 simul__cum
905 2519 1037 2555 apostolis

270 2552 370 2577 nerunt
393 2550 421 2577 in
449 2550 569 2578 Ecclesia
598 2551 767 2584 Timotheus,
791 2552 880 2584 Titus,
905 2550 1035 2586 E‘vodius,

256 2585 358 2622 aliique
374 2585 608 2622 pluresrepiscopi.
628 2586 656 2622 Sj
673 2587 754 2621 igitur
766 2588 885 2622 episcopi
903 2585 1035 2622 apostolis

258 2620 417 2656 succedunt,
431 2621 474 2648 cui
485 2620 613 2656 episcopo
629 2620 728 2648 Titus?
743 2620 790 2649 cui
801 2620 962 2650 Timotheus
975 2630 1037 2650 suc-

257 2655 449 2692 cessit?_Patet
463 2656 544 2692 igitur
566 2655 619 2683 non
644 2657 722 2684 aliter
738 2657 795 2684 haac
810 2657 932 2684 Anacleti
954 2658 1037 2684 verba

259 2690 494 2727 intelligiﬁdeberé.
513 2699 595 2727 quam
611 2692 712 2726 duplici
731 2692 782 2727 illa
805 2693 920 2724 ratione,
937 2692 971 2719 de
982 2700 1036 2727 qua

259 2733 352 2762 supra.
372 2725 438 2762 Vide
459 2725 585 2762 Bellarm.
606 2725 706 2759 libftv,
724 2726 762 2753 De
786 2727 861 2753 Rom.
886 2725 1035 2762 ponti/2,0.

259 2759 305 2793 25,
317 2760 352 2787 25
363 2765 390 2787 et
399 2760 443 2788 25.
459 2761 520 2788 Sev.
538 2761 639 2790 Buvius.

296 2794 351 2836 (μ)
372 2795 544 2836 septuaginta
556 2797 608 2836 duo
619 2797 754 2836 discipuli,
767 2805 880 2836 quarunt
895 2803 984 2836 typum
995 2807 1038 2836 ge-

261 2835 321 2856 runt
337 2831 480 2864 nrexbyteri
504 2831 658 2866 Presbyteri
673 2831 841 2868 septuaginta
865 2831 972 2860 duclius
992 2831 1033 2860 di-

1090 2451 1237 2485 quamdam
1254 2451 1400 2478 succedere
1411 2449 1551 2483 dicuntur,
1577 2450 1649 2477 sicut
1672 2450 1812 2484 apostolis
1825 2449 1874 2485 epi-

1089 2484 1174 2520 scopi.
1187 2486 1264 2518 Quod
1289 2491 1379 2512 autem
1393 2493 1448 2512 non
1461 2486 1542 2512 aliter
1559 2485 1722 2520 succedant,
1738 2486 1798 2512 habe
1812 2484 1873 2511 ratio

1088 2519 1227 2556 evidenter
1249 2522 1361 2556 prohat:
1391 2520 1569 2556 Septuaginta
1598 2520 1654 2547 duo
1669 2519 1803 2554 discipuli
1817 2526 1873 2556 non

1088 2555 1199 2582 fuerunt
1210 2554 1371 2591 presbyteri,
1385 2554 1436 2583 nec
1453 2554 1538 2582 ullum
1554 2555 1679 2591 ordinem
1702 2560 1754 2591 aut
1769 2554 1873 2589 jurisdi-

1088 2589 1236 2618 ctionem’a
1250 2589 1361 2618 Christo
1370 2596 1562 2625 susceperunt:
1580 2590 1719 2625 siquidem
1737 2589 1873 2623 Philippus

1089 2630 1117 2653 et
1131 2625 1297 2661 Stephanus,
1314 2630 1341 2653 et
1357 2626 1402 2652 alii
1422 2624 1664 2661 quinqueﬂdiac'oui
1681 2625 1718 2652 ab
1735 2624 1871 2661 apostolis.

1089 2659 1185 2689 Actor.
1198 2669 1242 2693 vi.
1260 2661 1377 2688 ordinati
1390 2665 1468 2688 erant
1484 2659 1518 2687 ei:
1541 2660 1575 2686 ’12
1589 2660 1737 2694 discipulis
1763 2659 1870 2688 Domini,

1091 2696 1210 2724 utdocct
1228 2696 1375 2731 Epipbau..
1390 2697 1490 2723 ἣκει-εει
1507 2695 1557 2729 20;
1573 2703 1629 2731 non
1645 2693 1770 2722 fuissent
1785 2699 1868 2731 autem

1091 2731 1199 2758 diaconi
1212 2728 1341 2763 ordinati,
1365 2732 1388 2758 si
1409 2731 1466 2766 jam
1490 2735 1554 2758 ante
1573 2730 1699 2766 ordinem
1715 2728 1868 2765 presbytcni

1091 2766 1261 2794 habuissent.
1287 2766 1353 2793 Vide
1369 2765 1525 2794 Bellarmin.
1551 2766 1597 2794 lib.
1612 2772 1639 2792 tv
1668 2765 1707 2793 Dc
1723 2766 1803 2793 Rom.
1815 2771 1868 2799 pon-

1091 2802 1144 2837 ti[.,
1161 2810 1221 2837 cap.
1233 2802 1278 2830 25.
1295 2801 1332 2829 In.
