1916 3104
49 99 97 129 80)

758 103 809 131 ΕΡΙ
813 103 947 132 STOLE.

1605 107 1659 135 8i0

51 157 170 186 Dominus
180 157 298 193 dederit)
319 158 461 192 providere
474 159 614 188 debemus.
634 161 657 177 ³⁸
679 160 750 189 Sane
761 169 823 197 per—
837 163 860 192 Α
874 161 1035 193 destrueret,
1050 165 1077 189 et
1090 169 1148 194 eos,
1170 163 1273 198 quosin
1290 163 1408 191 tenebris
1423 167 1450 191 ct
1470 163 1566 190 umbra
1581 172 1659 192 mor-

49 203 187 232 cuSsorille
205 203 303 230 doctor
316 203 427 236 dicitur,
447 205 494 239 qui
509 212 635 233 sermone
647 206 736 234 inutili
757 215 824 235 con-

49 249 176 278 scientiam
188 249 307 283 percutit
317 249 488 277 inﬁrmorum
502 250 536 277 ".
548 251 611 279 ldeo
628 256 720 281 tenere
731 261 781 281 vos
796 258 824 281 et

49 302 132 323 omnes
146 293 240 321 ﬁdeles
253 299 362 329 oportet
387 303 456 329 eum,
476 298 523 331 qui
547 297 690 324 secundum
721 298 823 326 doctri-

48 349 100 367 nam
113 344 165 372 est,
180 340 288 374 ﬁdelem
302 347 468 373 sermonem;
483 346 511 368 ut
528 346 621 377 potens
638 343 672 370 sit
688 344 821 371 consolari

48 387 70 413 in
81 386 195 413 doctrina
212 395 293 420 sana,
308 391 334 414 et
345 387 552 416 contradicentes
577 389 734 425 redarguere
744 391 778 423 “,
797 394 824 418 et

48 438 110 460 recte
121 433 254 466 viventes,
279 437 360 469 atque
372 438 475 462 rectam
491 435 571 462 ﬁdem
589 439 712 463 tenentes
722 444 822 464 conso-

48 478 129 505 lidare.
144 478 200 506 Illis
211 486 280 514 ergo
289 479 336 514 qui
351 479 456 514 dicunt,
465 481 536 516 qttod
547 481 635 509 Filius
647 483 673 509 in
687 491 721 511 eo
733 483 824 511 minor

48 528 90 555 est,
104 524 164 558 quia
179 525 315 559 propheta
328 526 433 561 inquit:
454 526 566 554 Verbum
588 528 669 562 faciet
692 528 822 557 Dominus

48 571 179 597 breviatum
193 571 320 599 universo
345 573 402 599 orbi
421 573 460 600 “:
479 574 516 600 ita
539 575 758 609 respondendum
783 581 825 604 est

47 616 134 643 divinis
145 617 331 646 testimoniis:
348 618 370 634 "
384 617 501 646 Verbum
519 620 669 648 breviatum
685 623 758 657 quod
771 622 822 649 Do-

48 663 128 690 minus
139 662 218 690 faciet
232 672 317 698 super
330 668 440 697 terram,
453 673 508 692 non
524 666 703 694 minutionem
715 668 824 696 deitatis

48 710 70 736 in
84 709 148 737 Filio
163 710 210 738 Dei
227 711 375 747 signiﬁcat,
387 712 433 740 sed
445 712 676 748 dispensationem
691 720 824 750 susceptae

46 755 127 782 carnis
141 757 307 790 annuntiat;
323 758 350 784 in
365 758 439 793 quali
451 757 655 792 dispensatione
668 768 721 787 non
736 761 824 787 solum

47 799 117 828 Patre
142 802 266 829 hominis
282 802 392 835 Filium,
409 803 457 831 sed
475 804 556 831 etiam
573 805 677 840 angelis
707 806 823 840 legimus

47 848 211 882 tninoratum,
226 848 313 876 Paulo
328 854 472 878 attestante
487 851 628 885 apostolo:
641 851 709 878 Eum
723 857 822 886 autem,

47 888 133 930 inquit,
151 895 254 922 modice
269 896 356 923 minus
368 897 400 923 ab
410 897 511 932 angelis
525 898 686 924 minoratum
708 898 821 926 vidimus

46 939 136 972 Iesum,
163 946 273 977 propter
290 943 439 976 passionem
456 944 560 976 mortis,
574 943 660 979 gloria
676 949 701 970 et
726 944 822 971 honore

46 992 205 1020 mronatum;
220 993 248 1015 et
262 987 346 1015 infra:
366 988 477 1024 Propter
488 997 567 1025 quant
581 998 688 1017 causam
700 998 750 1017 non
762 999 824 1017 con-

47 1032 157 1066 funditur
167 1034 268 1068 fratres
280 1042 323 1062 eos
337 1042 441 1067 vocare,
457 1035 546 1062 dicens
555 1042 565 1062 :
579 1036 749 1063 Annuntiabo
773 1045 822 1064 no-

47 1085 96 1103 men
110 1082 180 1104 tuum
193 1079 326 1113 fratribus
341 1079 414 1113 meis,
430 1080 457 1107 in
472 1080 558 1108 medio
580 1080 696 1108 ecclesiae
708 1081 823 1109 laudabo

48 1126 68 1149 te
84 1122 112 1150 ".
132 1122 163 1151 Et
177 1123 318 1160 Propheta
335 1125 440 1161 inquit:
454 1126 596 1154 Minorasti
607 1135 666 1154 eum
681 1128 761 1163 paulo
774 1130 824 1156 mi-

48 1177 88 1194 nus
101 1169 131 1196 ab
146 1171 259 1205 angelis,
273 1171 359 1206 gloria
385 1164 526 1200 et'honore
554 1175 689 1201 coronasli
718 1183 777 1202 eum
788 1175 820 1202 ⁵⁸.

48 1212 75 1241 Et
88 1219 116 1242 ut
134 1216 247 1243 verbum
275 1216 324 1245 Dei
340 1217 429 1246 Patris
445 1218 598 1247 breviatum
629 1220 657 1247 in
671 1220 740 1249 Filio
768 1230 822 1250 non

47 1269 99 1289 esse
116 1262 275 1297 doceamus,
291 1264 363 1292 hanc
377 1265 454 1292 Isaiae
468 1266 609 1301 propheta:
625 1267 763 1296 volumine
776 1276 824 1304 ap-

47 1310 183 1343 probamus
209 1312 387 1339 sententiam.
416 1312 545 1348 Nunquid
559 1313 581 1329 ⁶⁸
598 1314 764 1343 abbreviatus
781 1316 823 1351 fa-

47 1360 97 1383 τηιε
107 1362 143 1383 εει
154 1365 240 1384 sermo
258 1365 344 1392 meus,
356 1363 401 1385 aut
414 1359 451 1385 ἰια
462 1368 558 1395 parvus
576 1365 626 1394 εει,
641 1366 670 1388 ιιι
689 1370 740 1389 non
759 1371 822 1397 p08-

47 1401 90 1427 sitn
102 1402 235 1437 redimere,
248 1408 297 1430 aut
309 1412 360 1431 non
370 1405 442 1432 estin
452 1414 491 1432 me
502 1406 583 1433 uirtus
596 1407 631 1433 ad
645 1407 821 1440 liberandum,

48 1446 103 1473 dicit
116 1447 244 1476 Dominus
273 1449 435 1484 omnipotens
451 1450 491 1482 “;
505 1454 532 1478 et
547 1451 663 1479 iterum:
681 1452 746 1480 [1th
757 1454 823 1481 dicit

48 1491 164 1521 Dominus
176 1495 344 1530 omnipotens
367 1502 376 1521 :
391 1494 518 1531 Nunquid
534 1497 686 1525 abbreviata
706 1504 745 1526 est
768 1508 824 1527 ma-

49 1546 90 1566 nus
107 1549 171 1573 mea,
184 1545 213 1568 ut
225 1541 332 1569 salvare
347 1550 399 1569 non
412 1543 494 1577 possit
504 1544 516 1571 7
528 1544 581 1571 Aut
594 1552 646 1571 non
659 1550 744 1580 potest
760 1547 823 1573 vivi-

49 1584 118 1618 ﬁcare
137 1595 181 1614 cor
199 1587 344 1614 humilium
357 1592 383 1615 et
405 1589 528 1624 spiritum
545 1591 719 1618 contritorum
735 1592 778 1620 "7
792 1592 825 1620 Et

48 1635 74 1658 nt
82 1632 216 1661 brachium
233 1633 337 1664 Patris.
350 1642 410 1669 quas
421 1642 519 1663 manus
530 1641 582 1668 est,
594 1635 693 1665 Filium
703 1645 764 1666 esse
775 1638 824 1666 do-

49 1681 121 1708 ceret,
136 1677 237 1712 intulit,
256 1678 368 1706 dicens:
391 1678 504 1707 Paravit
526 1680 656 1709 Dominus
686 1683 823 1711 brachium

49 1726 156 1748 sanctum
170 1731 248 1750 suum
265 1723 291 1750 in
311 1723 396 1751 oculis
409 1725 527 1752 omnium
547 1727 675 1761 gentium,
701 1734 727 1756 et
753 1729 823 1756 vide-

49 1767 104 1794 bunt
123 1777 210 1796 omnes
226 1771 298 1805 fines
310 1775 388 1797 terra:
402 1771 521 1799 salutare
532 1772 589 1807 ejus
604 1773 637 1800 ⁸⁸.
656 1773 724 1802 Nam
746 1779 773 1803 et
795 1776 822 1802 iu

49 1814 185 1843 novissimo
200 1821 326 1851 tempore
341 1816 387 1844 hic
400 1824 497 1845 sensus
513 1826 567 1845 non
587 1819 706 1847 inaniter
724 1822 824 1856 poterit

49 1862 171 1896 coaptari;
196 1863 224 1891 in
242 1871 301 1898 quo
316 1867 438 1899 tempore
464 1864 597 1893 Dominus
617 1866 639 1882 "
653 1874 686 1894 ex
718 1868 822 1896 ctelesti

49 1907 102 1935 aula
125 1916 156 1936 ac
179 1917 311 1945 empyreo
327 1910 466 1938 domicilio
478 1911 591 1945 pessimi
615 1912 748 1942 daemonis
765 1914 822 1949 jam

50 1953 110 1982 l'crre
119 1955 270 1992 dedignans
286 1957 468 1993 tyrannidem,
485 1957 512 1985 in
524 1962 664 1986 creaturas
674 1967 739 1987 suas
757 1968 822 1988 cru-

49 1999 172 2030 delissime
195 2002 366 2036 saevientem,
381 2003 509 2038 plasmati
537 2004 696 2038 condolens,
720 2014 752 2034 ac.
765 2015 822 2035 sua:

49 2043 176 2075 immensa:
187 2048 332 2075 charitatis
348 2048 508 2076 thesaurum
531 2057 655 2078 reserare
670 2051 777 2084 volens,
793 2053 822 2080 in

50 2092 197 2121 castissima:
229 2093 352 2130 Virginis
383 2095 561 2129 purissimum
591 2101 711 2130 uterum,
731 2099 822 2126 omnis

51 2137 94 2164 turi
106 2139 189 2167 virilis
201 2140 338 2173 nescium,
362 2140 539 2169 inenarrabili
552 2143 698 2178 mysterio,
713 2152 762 2179 pro
779 2153 823 2172 re-

50 2182 190 2220 demptione
216 2192 313 2215 nostra
336 2195 449 2215 carnem
471 2189 624 2224 suscipiens
636 2191 670 2224 ⁷ο,
701 2192 822 2226 advenit,
840 2178 862 2206 θ

51 2233 76 2256 ut
87 2234 112 2257 et
123 2231 196 2260 illum
207 2233 255 2268 qui
267 2233 384 2261 habebat
395 2235 492 2262 mortis
505 2235 660 2270 imperium,
675 2244 725 2265 sua
737 2243 823 2266 morte

81 2336 198 2378 I"Distin.
207 2339 254 2378 15:,
270 2338 349 2378 sane
356 2349 503 2378 percussor.
542 2344 564 2359 5“
577 2344 605 2370 S.
618 2343 702 2378 Ilion,
713 2346 823 2375 ibidem.

45 2370 96 2417 quis
117 2374 220 2417 tandem
233 2370 370 2417 fueritlib.
383 2377 630 2417 Λευιγγατεωψβ.
643 2370 829 2417 Ἶὶίἰὲὶἦῗῖιζ
841 2386 857 2413 9

47 2411 67 2435 L,
76 2408 102 2432 2.

47 2446 86 2472 xu,
101 2441 141 2469 35.

46 2481 86 2518 fit,
100 2476 141 2504 9.9.
175 2478 201 2518 ζ’
212 2479 281 2518 Ibid:
293 2481 338 2508 51.
365 2481 399 2518 Af“
410 2476 736 2518 carreptioneml."diuis.

44 2515 73 2557 ᾗ
94 2513 327 2557 ἓξμῦοηιὶηἱεᾳε.
363 2516 451 2557 ‘fAms.
470 2513 633 2557 pertineant.

55 2544 73 2559 ι’
95 2545 173 2585 Εοειίἷ
198 2557 272 2582 xui,
297 2551 347 2583 ει,
368 2552 413 2579 22.
430 2544 449 2545 "
469 2544 675 2585 είὴὶέῗβὲἱινῑ.

46 2577 102 2648 ξῦξῖ
118 2582 201 2646 :qcpita
230 2577 667 2623 descripsitnpseudot-lsidortis:

144 2408 165 2423 "
183 2409 237 2436 lsa.
252 2417 309 2441 Lis,
327 2411 353 2437 l.
404 2412 427 2427 ⁸⁸
443 2412 496 2439 lsa.
514 2421 562 2444 ut.
581 2415 623 2441 10.

149 2679 278 2721 Epistula.
296 2681 358 2721 llaec
372 2683 497 2721 epistola,
513 2685 584 2719 quod
599 2685 680 2713 trium
696 2687 813 2721 patriar-

50 2710 153 2741 chalium
167 2710 270 2755 aedium
286 2710 584 2755 ordinet-uiipsitinique
596 2710 812 2755 patriarcharum

51 2753 136 2790 nomen
150 2752 276 2790 alumnis
289 2759 316 2790 et.
330 2752 485 2790 agentibus
500 2752 670 2790 usurpatum,
689 2762 716 2784 et
731 2759 765 2784 ab
781 2758 814 2785 iis

51 2787 103 2810 cum
119 2786 206 2814 multis
218 2787 320 2815 aliisin
343 2788 492 2817 Ecclesiam
515 2786 628 2818 feliciter
651 2786 812 2821 translatum

197 2833 334 2865 Panos"
351 2835 410 2866 Gn.
439 2835 478 2867 ll.

873 206 909 234 tis
922 207 1044 242 captivos
1069 208 1225 243 subegerat,
1237 208 1346 236 virtutis
1354 216 1410 236 sua
1425 209 1545 244 potentia
1558 210 1585 236 in
1597 212 1658 245 ipso

873 259 960 288 parvo
975 257 1003 280 et
1028 253 1120 288 exigui
1140 254 1271 288 temporis
1286 254 1374 288 spatio
1399 254 1536 282 liberaret.
1555 255 1591 282 De
1607 257 1660 284 hoc

873 299 956 325 etiam
973 299 1072 334 exiguo
1087 303 1210 334 tetnpore
1235 299 1383 335 discipulos
1403 300 1564 333 instruebat,
1593 301 1658 328 dum

874 348 922 369 eos
934 341 960 368 in
977 342 1077 374 lucem,
1088 350 1150 370 cum
1163 343 1254 370 adhuc
1264 348 1370 377 tempus
1398 343 1529 372 haberent
1543 365 1551 378 ,
1585 345 1661 373 ince-

875 387 939 414 dere
950 388 1151 422 prtemonebat:
1164 389 1257 416 Adhuc
1272 390 1415 422 modicum,
1430 389 1528 424 inquit,
1551 391 1579 417 in
1587 391 1659 419 vobis

874 433 962 460 lumen
973 440 1022 461 est.
1041 433 1112 461 Dum
1126 433 1210 462 lucem
1224 434 1335 468 habetis,
1360 435 1529 462 ambulatein
1542 436 1610 470 luce,
1629 444 1662 464 ne

874 487 917 506 vos
929 480 1041 507 tenebra:
1050 480 1269 514 comprehendant
1277 481 1311 511 ⁷¹,
1330 480 1363 508 Et
1373 481 1399 508 in
1408 481 1432 496 "'
1443 481 1582 510 canonicis
1593 490 1661 517 apo-

874 525 1009 552 stolorum
1032 526 1132 561 legitur
1147 526 1293 562 Epistolis:
1307 525 1412 559 Filioli,
1435 527 1578 555 novissima
1595 529 1662 555 hora

874 571 936 606 quia
952 571 1030 598 multi
1055 572 1286 607 pseudoprophette
1309 573 1430 599 exierunt
1445 573 1473 600 in
1496 574 1565 600 hunc
1588 583 1663 601 mun-

874 617 938 642 dum
956 617 989 644 7‘.
1004 616 1148 645 EtPaulus
1171 618 1330 652 apostolus:
1353 617 1465 653 Tempus
1491 620 1561 646 enim
1587 619 1662 647 breve

874 667 922 690 est.
957 662 991 690 Et
1023 664 1142 691 iterum:
1172 663 1301 691 Praeterit
1332 664 1401 691 enim
1430 665 1517 699 ﬁgura
1540 665 1564 681 ⁷⁸
1582 665 1661 699 hujus

875 709 965 735 mundi
977 709 1010 736 ".
1024 709 1182 738 Etiterum:
1197 710 1293 738 Omnia
1307 710 1362 738 haec
1378 711 1412 737 ad
1439 711 1626 738 correctionem
1638 712 1663 730 "

875 760 993 781 nostram
1007 754 1080 789 facta
1095 760 1168 788 sunt,
1181 757 1209 783 in
1224 764 1287 791 quos
1304 757 1327 772 "
1338 757 1403 791 fines
1414 758 1574 784 saeculorum
1586 757 1663 785 obve-

875 805 969 827 nerunt
986 800 1019 827 ⁷⁸.
1043 800 1110 828 Nam
1136 801 1270 830 Dominus
1294 801 1321 829 in
1340 802 1398 837 ipsa
1421 804 1547 831 oratione
1570 803 1663 831 Domi.-

875 846 935 874 uica
954 847 976 863 "’
989 847 1122 874 breviavit
1139 848 1219 875 nobis
1235 847 1401 881 sermonem,
1417 849 1482 876 dum
1503 859 1552 879 nos
1563 859 1579 878 a
1591 851 1663 878 mul-

874 894 989 929 tiloquio
1000 892 1158 928 prohibens,
1172 902 1260 929 pauca
1277 895 1353 930 loqui
1365 896 1499 929 docuerit,
1515 905 1577 932 quae
1600 905 1664 933 per-

875 939 961 966 tinent
974 939 997 955 ”
1021 940 1055 967 ad
1079 940 1206 967 salutem.
1227 940 1295 968 Cum
1324 943 1419 976 oratis,
1450 943 1555 978 inquit,
1580 944 1663 972 nolite

874 984 987 1011 multum
1002 985 1073 1021 loqui
1084 986 1118 1012 ⁸¹.
1135 985 1169 1012 Et
1186 985 1276 1013 infra:
1298 985 1348 1014 Vos
1370 993 1458 1015 autem
1483 997 1542 1016 cum
1563 991 1661 1024 oratis,

873 1029 972 1058 dicite:
985 1030 1065 1058 Pater
1075 1036 1176 1066 noster,
1189 1033 1234 1068 qui
1244 1041 1270 1060 es
1280 1034 1307 1060 in
1321 1033 1392 1061 cwlt's
1404 1035 1438 1067 ε’,
1450 1039 1502 1063 etc.
1518 1034 1578 1063 Non
1587 1036 1661 1064 enim

873 1077 1004 1112 propheta
1018 1078 1117 1105 Filium
1133 1078 1180 1106 Dei
1195 1079 1220 1106 in
1233 1081 1284 1108 hoc
1299 1081 1418 1116 capitulo
1435 1082 1600 1110 minoratum
1614 1083 1658 1111 de-

874 1123 993 1157 signavit
1006 1124 1032 1150 in
1049 1124 1143 1157 verbo,
1159 1125 1289 1160 quoniam
1305 1126 1363 1161 ipse
1382 1127 1410 1154 in
1424 1128 1564 1162 prophetis
1587 1133 1661 1155 retro

875 1171 998 1202 tempore
1011 1168 1184 1204 loquebatur,
1199 1171 1245 1205 qui
1262 1171 1343 1199 etiam
1362 1181 1434 1200 nunc
1454 1181 1501 1208 per
1520 1174 1661 1208 apostolos

874 1217 901 1240 et
913 1213 1079 1248 apostolicos
1107 1214 1180 1243 viros
1202 1216 1354 1245 novissimo
1381 1222 1502 1254 tempore
1523 1219 1660 1255 loquitur:

874 1257 941 1294 Ego,
958 1258 1058 1294 inquit,
1073 1260 1118 1295 qui
1138 1260 1274 1296 loquebar,
1288 1263 1315 1290 in
1336 1271 1432 1292 servos
1453 1273 1529 1292 meos
1544 1266 1661 1301 prophe-

874 1307 928 1334 tas,
946 1311 1006 1331 ecce
1020 1304 1113 1332 adsum
1125 1305 1158 1332 ⁸³.
1175 1305 1208 1334 Et
1221 1306 1290 1335 alius
1304 1309 1452 1343 propheta:
1475 1308 1549 1336 Sicut
1570 1315 1608 1337 cst
1627 1310 1660 1337 ab

873 1349 950 1375 initio
963 1357 1045 1384 usque
1053 1350 1080 1377 in
1092 1351 1229 1385 steculum,
1245 1361 1326 1388 neque
1341 1354 1473 1389 adjectum
1488 1360 1526 1382 est
1535 1356 1569 1389 ei,
1581 1364 1661 1392 neque

874 1395 1007 1422 minuetur
1030 1396 1083 1429 illi,
1104 1398 1228 1432 quoniam
1253 1399 1307 1434 ipse
1327 1404 1366 1437 est
1387 1399 1517 1428 Dominus
1532 1406 1662 1429 creatura:

874 1438 979 1467 sum”.
989 1439 1144 1476 Eccequale
1153 1442 1264 1470 verbum
1276 1444 1428 1473 breviatum
1451 1445 1514 1474 fecit
1530 1447 1661 1476 Dominus

877 1484 904 1511 in
919 1485 986 1512 orbe
1001 1490 1147 1513 terrarum.
1162 1486 1220 1515 Non
1234 1488 1349 1523 quia,ut
1364 1490 1402 1518 illi
1422 1496 1528 1526 putant,
1551 1493 1662 1521 inferio-

876 1538 933 1557 rem
947 1530 1028 1559 Patre
1040 1532 1063 1548 ”
1080 1532 1218 1561 intimaret
1231 1534 1388 1564 hominibus
1406 1537 1517 1571 Filium,
1534 1539 1582 1566 sed
1595 1540 1661 1575 quia

875 1576 1053 1605 novissimum
1068 1579 1128 1614 ejus
1141 1580 1319 1609 annuntiaret
1339 1583 1497 1611 adventum.
1514 1585 1537 1601 ⁸⁵
1552 1584 1581 1612 Si
1595 1593 1661 1622 ergo

874 1621 917 1657 (ut
938 1624 1097 1658 prazdietum
1113 1627 1165 1660 est)
1187 1625 1280 1655 Aaron
1302 1628 1351 1655 lilii
1374 1629 1413 1662 ⁸³,
1438 1621 1660 1667 presbyterorum

874 1668 990 1704 ﬁguram
1012 1671 1165 1705 gestabant,
1181 1676 1209 1700 et
1228 1673 1319 1701 Aaron
1339 1676 1439 1703 summi
1455 1677 1618 1710 sacerdotis,
1634 1679 1661 1706 id

873 1718 915 1741 est
936 1715 1068 1751 episcopi,
1083 1716 1191 1753 Moyses
1211 1717 1398 1748 indubitanter
1417 1721 1520 1750 Christi
1551 1725 1661 1752 tenebat

874 1759 1008 1794 formam;
1034 1763 1164 1796 quoniam
1183 1763 1235 1791 fuit
1256 1764 1406 1794 similitudo
1425 1769 1583 1797 mediatoris
1600 1769 1659 1803 Dei.

873 1806 920 1841 qui
940 1810 982 1833 est
1003 1807 1074 1834 inter
1090 1807 1176 1836 Deum
1200 1814 1228 1836 et
1247 1809 1384 1839 hominem
1411 1812 1491 1842 Iesus
1521 1814 1658 1848 Christus,

873 1851 920 1885 qui
935 1855 976 1878 est
989 1860 1070 1879 verus
1086 1853 1141 1880 dux
1154 1855 1328 1889 populorum,
1340 1861 1367 1885 et
1382 1865 1462 1885 verus
1475 1859 1600 1895 princeps
1613 1869 1661 1888 Sil-

873 1898 1025 1930 cerdotum,
1043 1904 1070 1926 et
1086 1899 1217 1929 Dominus
1229 1904 1400 1937 pontificum,
1414 1905 1458 1932 cui
1476 1911 1519 1934 est
1531 1906 1619 1935 honor
1632 1912 1661 1935 et

873 1943 958 1978 gloria
970 1945 996 1972 in
1006 1945 1105 1973 saecula
1121 1947 1295 1976 stcculorum.
1307 1949 1404 1977 Amen.

1118 2013 1286 2042 EPISTULA
1306 2016 1336 2043 lll
1354 2018 1420 2053 (15).

873 2065 911 2094 De
925 2068 1084 2113 patriqrﬁhis
1094 2074 1118 2096 et
1133 2071 1304 2113 primatibus,
1326 2082 1357 2113 ac
1376 2074 1485 2113 reliquis
1511 2078 1659 2113 episcopis:

907 2108 933 2147 sit
942 2104 1011 2147 quod
1023 2104 1141 2131 Romanu
1154 2105 1272 2134 Ecclesia
1282 2104 1363 2135 cardo
1374 2110 1408 2136 sit
1420 2104 1444 2137 et
1453 2104 1532 2147 σαρκὶ
1541 2104 1659 2142 omnium

908 2137 1099 2167 Ecclesiarunt.

911 2195 1071 2223 Amenc'rus
1079 2205 1174 2225 servus
1188 2197 1292 2226 Christi
1304 2199 1379 2233 Jesu,
1396 2209 1423 2228 tu
1437 2204 1587 2237 apostolica
1596 2207 1660 2234 sede

877 2246 892 2266 a
912 2239 1027 2268 Domino
1041 2243 1217 2278 constitutus,
1232 2247 1262 2274 et
1278 2252 1294 2272 a
1305 2251 1402 2274 sancto
1421 2247 1503 2277 Petro
1516 2256 1659 2286 apostolo-

862 2351 886 2400 αἱ
893 2351 985 2400 'll‘it‘.nt,
1000 2354 1026 2400 ᾖ
1038 2355 1172 2400 ῇέξβοηι.
1185 2364 1224 2400 ιχ,
1237 2357 1283 2400 ἓξζ
1316 2360 1338 2376 ⁶¹
1347 2359 1466 2400 ltltacitts
1478 2362 1649 2400 Clarusquis-

675 2387 886 2431 11(3)::
1005 2390 1027 2431 ἠδ
1037 2389 1110 2431 Psal.
1119 2400 1182 2431 ut",
1261 2395 1285 2410 "
1296 2403 1347 2423 ms.
1361 2387 1654 2431 aib?éi}ai&;2"ii'i;?..

687 2418 697 2433 ’
710 2418 766 2446 haec
778 2419 878 2447 absunt
894 2422 920 2447 in
940 2429 991 2449 ms.
1002 2430 1027 2450 c.
1040 2418 1157 2452 Justelli;

194 2444 323 2489 z'nvelrba.
336 2445 431 2489 Ithacii
453 2449 570 2489 notanda
592 2444 991 2489 quat__impostuiamariiuiinb

687 2495 736 2515 IIIS.
754 2489 818 2522 ﬁnes
835 2491 994 2519 seculorum
1009 2494 1120 2522 obvenit.
1158 2497 1182 2514 "
1196 2497 1205 2523 l
1224 2489 1391 2532 Corrig-ll.
1406 2489 1500 2527 hihi-in
1518 2489 1664 2532 ms.'a‘h‘esi

682 2522 704 2538 ⁹¹
721 2523 815 2551 Matth.
835 2533 871 2553 vt.
888 2526 915 2553 7.
959 2527 982 2543 ⁸¹
1000 2527 1079 2553 lhitL
1096 2531 1121 2553 9.
1168 2532 1191 2548 ﬂ
1205 2532 1244 2553 Ιςςι
1279 2542 1314 2553 ..-
1352 2535 1383 2553 tt-
1402 2533 1472 2553 ποι-ις
1501 2544 1582 2553 νη...
1619 2539 1652 2553 η

721 2541 815 2551 ,τις-ιιι..
838 2541 846 2552 v
854 2541 871 2558 ι,
892 2541 900 2552 ι
908 2546 915 2553 .

731 2558 836 2609 ll:alslid.
860 2569 894 2592 ll.
922 2561 959 2609 DE
974 2563 1021 2598 o/f.
1044 2558 1083 2609 δέ.
1099 2558 1662 2609 succetlitillita-cio:cujus-stout.itileétid

739 2594 762 2610 ⁸⁸
795 2596 825 2623 lu
857 2604 908 2625 ins.
940 2594 1003 2627 hau?
1026 2594 1109 2629 verba
1142 2594 1356 2638 quinque-“noli
1378 2594 1539 2640 iisan-till:

1204 2428 1227 2443 ⁷⁰
1244 2436 1296 2455 ms.
1315 2429 1496 2462 suscipiendo.

1213 2462 1236 2479 ⁷³
1254 2463 1262 2490 l
1277 2462 1358 2492 Joan.
1375 2471 1434 2495 vut,
1452 2464 1476 2491 Ι.

1543 2431 1565 2446 ⁷¹
1582 2431 1662 2460 Joan.

1532 2465 1558 2482 ’⁸
1575 2467 1582 2493 Ι
1599 2468 1663 2496 Cor.

959 2527 982 2543 θ’
997 2527 1080 2570 thigh,
1096 2531 1121 2559 9.
1168 2532 1256 2570 “uisa:
1279 2527 1334 2564 ιιι(
1352 2535 1384 2565 6;
1402 2533 1484 2570 Eccli.
1501 2527 1662 2570 xxiv-ili:

868 2690 1017 2732 pontiucat,
1034 2693 1217 2732 nugatoribus
1232 2694 1367 2732 displicet.
1384 2696 1452 2725 Vide
1464 2699 1566 2728 Baron.
1580 2710 1652 2730 anno
1667 2729 1671 2732 ,

868 2725 928 2765 ll'2_,
946 2734 1021 2765 num.
1033 2727 1060 2753 ‘2.
1074 2726 1142 2754 Tres
1156 2725 1294 2762 Ecclesiai,
1310 2730 1443 2764 Romana.

867 2765 893 2800 et
907 2761 1075 2807 An‘tiocliena
1086 2782 1092 2793 ,
1105 2771 1141 2807 eo
1157 2765 1229 2807 quod
1245 2774 1260 2792 τι
1275 2765 1356 2793 Petro
1372 2761 1653 2807 apos'tolorutuﬁpriii:

867 2796 926 2831 cipe
947 2796 1066 2825 fundata:
1088 2796 1173 2831 siut{
1188 2800 1253 2828 sola:
1277 2809 1309 2829 ac
1330 2796 1436 2838 semper
1459 2796 1654 2839 patriarcha-le.

1507 2850 1546 2880 εῑά
