1916 3104
915 107 1086 140 ANACLETI
1105 107 1205 139 PAPIE

1804 111 1857 139 812

231 177 290 198 rum
302 170 427 206 principe
445 170 588 206 presbyter
603 170 758 201 ordinatus,
773 168 902 197 omnibus
915 169 1019 204 episco-
1034 171 1057 199 Α
1071 168 1205 204 denegare
1215 168 1303 204 possit
1313 168 1496 197 dubitationes
1506 169 1548 198 vel
1557 169 1736 198 necessitates
1747 169 1858 197 eorum’

229 214 272 250 pls
283 222 315 242 ac
333 215 448 251 reliquis
460 215 563 243 Christi
575 215 766 242 sacerdotibus
783 214 911 241 salutem.

263 268 424 298 Benedictus
436 270 506 297 Deus
518 274 542 297 et
554 269 636 296 Pater
650 269 757 296 Domini
772 269 855 295 nostri
865 267 930 295 Jesu
941 267 1019 295 Chri-

230 318 279 349 stt,
294 316 338 351 qui
348 315 481 343 benedixit
497 323 543 342 nos
559 315 588 342 in
604 316 675 342 omni
691 314 868 341 benedictione
883 313 1019 348 spirituali

230 360 260 388 in
274 361 421 389 calestibus
436 362 463 387 in
472 360 590 394 Christo,
608 361 676 388 sicut
689 359 767 395 elegit
781 368 827 387 nos
841 360 870 386 in
884 360 941 394 ipso
958 363 1018 386 ante

233 407 325 434 mundi
340 407 563 439 constitutionem,
574 411 603 433 ut
616 414 729 433 essemus
747 406 832 432 sancti
844 410 868 432 et
886 405 1017 431 immacu-

233 454 283 480 lati
298 454 324 479 in
337 458 474 488 conspectu
488 453 546 487 ejus
558 453 586 479 in
603 452 744 484 charitate,
765 451 957 487 praedestinans
972 458 1018 477 nos

233 500 261 526 in
273 500 439 534 adoptionem
451 499 569 534 ﬁliorum
579 506 625 534 per
631 498 723 525 Iesum
731 497 865 525 Christum
878 497 906 524 in
921 497 1017 531 ipsum,

233 545 375 571 secundum
390 545 553 579 propositum
566 543 708 570 uoluntatis
717 551 783 576 tute,
799 544 827 569 in
838 542 943 569 laudem
958 541 1018 576 glo-

233 590 282 616 riae
292 589 386 624 gratia:
393 597 458 621 suae,
466 589 500 615 «in
510 596 562 623 qua
571 588 732 624 grati/ienuit
744 596 790 614 nos
799 587 826 613 in
837 587 932 613 dilecto
946 584 1019 612 Filio

234 644 292 669 suo,
306 636 334 662 in
353 644 403 670 quo
419 635 543 662 habemus
568 634 772 669 redemptionem
792 632 839 669 per'
864 635 1019 670 sanguinem

233 682 301 717 ejus,
316 682 494 709 remissionem
502 685 667 716 peccatorum
679 680 821 707 secundum
833 680 944 708 diuitias
957 689 1018 716 gra-

235 728 281 754 tia:
292 727 360 761 ejus,
372 734 430 761 qua
443 726 586 753 abundavit
600 726 627 752 in
637 724 749 751 nobisin
764 725 835 751 omni
851 725 981 759 sapientia
995 729 1019 752 et

233 774 386 809 prudentia,
396 777 424 799 ut
440 777 529 799 notum
543 772 616 798 nobis
644 772 742 806 faceret
766 776 960 798 sacramentum
974 780 1020 798 vo-

234 821 346 848 luntatis
359 829 423 854 sure,
436 820 579 848 secundum
591 819 783 855 beneplacitum
797 819 865 854 ejus,
877 820 947 855 quod
961 828 1020 855 pro-

234 867 322 902 posuit
333 867 361 893 in
375 875 415 900 eo,
427 867 455 893 in
468 865 666 901 dispensatione
677 865 847 899 plenitudinis
862 869 1018 900 temporum,

234 914 384 940 instaurare
401 913 491 939 omnia
508 912 534 939 in
553 912 670 945 Christo,
685 919 746 947 quac
766 911 793 938 in
806 910 877 938 coriis
889 915 913 938 et
925 919 982 946 qua-
993 911 1020 938 in

235 965 307 987 terra
315 965 377 986 sunt
394 959 422 985 in
435 958 502 993 ipso.
520 957 554 984 In
569 965 620 993 quo
635 958 717 984 etiam
730 961 800 984 sorte
817 957 903 984 uocati
917 965 1019 990 sumus,

234 1006 416 1041 pradestinati
431 1005 573 1034 secundum
590 1004 755 1039 propositum
775 1003 844 1038 ejus,
865 1003 910 1039 qui
931 1003 1021 1030 omnia

235 1056 360 1087 operatur
375 1051 519 1078 secundum
534 1050 675 1077 consilium
696 1049 839 1076 voluntatis
864 1058 929 1082 suis,
940 1054 968 1076 ut
984 1049 1022 1076 si-

235 1107 294 1126 mus
310 1106 356 1125 nos
370 1098 398 1125 in
410 1097 517 1124 laudem
529 1096 622 1132 gloria:
639 1096 708 1131 ejus,
724 1097 771 1131 qui
785 1101 846 1123 ante
857 1096 1021 1130 speravimus

235 1145 263 1171 in
286 1143 392 1172 Christo
408 1143 441 1170 ".
463 1142 502 1170 De
525 1142 698 1178 primatibus,
714 1141 738 1158 ⁸⁸
749 1142 923 1175 charissimi,
939 1149 1022 1176 super

235 1190 337 1225 quibus
352 1196 395 1216 me
410 1188 521 1224 quidam
540 1192 661 1215 vestrum
676 1187 884 1219 consuluerunt,
903 1191 931 1214 et
956 1194 1023 1221 apo-

236 1235 340 1263 stolica.-
352 1233 522 1262 auctoritatis
537 1233 612 1268 (qua,
626 1233 690 1260 licet
700 1233 814 1268 indigni,
831 1233 945 1261 Domino
966 1233 1023 1261 dis-

235 1285 378 1316 pensante,
399 1279 549 1315 iungimur)
573 1279 711 1307 decretum
730 1279 947 1315 postulaverunt,
975 1284 1024 1307 aut

236 1327 260 1354 ei
272 1334 332 1354 esse
342 1326 482 1359 deberent,
501 1330 548 1353 aut
560 1333 625 1358 non,
638 1329 771 1360 quantum
789 1326 923 1353 hactenus
934 1326 968 1353 de
979 1325 1022 1353 bis

237 1382 253 1400 υ
266 1371 345 1399 beato
358 1371 439 1398 Petro
458 1370 593 1406 apostolo,
619 1374 646 1398 et
664 1377 680 1398 a
692 1370 804 1406 reliquis
820 1371 962 1406 apostolis,
991 1379 1023 1399 ac

239 1418 319 1446 beato
341 1417 482 1445 Clemente
506 1420 602 1444 nostro
629 1420 725 1443 sancto
756 1416 968 1451 praedecessore,
997 1421 1024 1445 et

241 1469 369 1499 martyre,
382 1463 509 1491 novimus
520 1466 663 1494 statutum,
676 1462 810 1497 denegare
823 1463 900 1490 vobis
912 1462 1024 1490 minime

1454 223 1476 254 1.

1219 271 1258 299 De
1271 271 1398 308 bipartito
1412 274 1505 300 ordine
1518 270 1696 300 sacerdotum.

1104 328 1295 361 Sacerdotum,
1311 327 1421 361 fratres,
1441 328 1508 356 ordo
1519 328 1664 363 bipartitus
1675 332 1727 360 est,
1744 332 1771 355 et
1785 327 1855 355 sicut

1070 374 1202 402 Dominus
1213 374 1289 401 illum
1305 375 1457 408 constituit,
1474 382 1490 402 a
1505 375 1581 402 nullo
1591 374 1673 402 debet
1686 374 1854 409 perturbari.

1070 419 1152 448 Scitis
1165 424 1256 447 autem
1282 427 1296 446 a
1313 419 1429 447 Domino
1455 419 1595 455 apostolos
1615 427 1677 447 esse
1705 419 1810 447 electos
1830 424 1856 446 et

1069 466 1243 497 constitutos.
1262 470 1289 493 et
1312 470 1407 501 postea
1433 473 1482 502 per
1494 466 1617 494 diversas
1642 466 1800 501 provincias
1823 465 1855 493 ad

1068 511 1271 547 prmdicandum
1287 511 1435 546 dispersos.
1451 511 1520 539 Cum
1536 519 1601 539 vero
1611 511 1712 539 messis
1727 512 1856 546 coepisset

1068 565 1203 590 crescere,
1223 557 1321 585 videns
1340 565 1442 592 paucos
1456 565 1517 585 esse
1542 557 1695 592 operarios,
1713 557 1748 584 ad
1760 565 1855 584 eorum

1069 602 1258 637 adiumentum
1273 604 1444 638 septuaginta
1458 603 1528 630 duos
1539 603 1562 618 “
1585 603 1646 638 eligi
1666 603 1797 638 praecepit
1813 604 1855 630 di-

1070 649 1201 684 scipulos.
1215 648 1341 683 Episcopi
1356 656 1430 682 vero,
1456 649 1558 676 domini
1573 649 1780 684 apostolorum;
1796 657 1856 684 pre-

1069 695 1171 731 sbyteri
1182 701 1304 729 quoque,
1327 695 1497 730 septuaginta
1518 695 1636 722 duorum
1656 695 1855 730 discipulorum

1070 742 1160 770 locum
1170 744 1275 768 tenent.

1447 789 1480 815 Π.

1121 834 1159 860 Dc
1175 834 1364 861 constitutione
1378 842 1422 860 seu
1438 834 1607 861 ordinatione
1616 834 1799 869 episcoporum

1335 877 1366 896 ac
1377 869 1598 904 presbyterorum.

1107 915 1269 950 "Episcopi
1289 920 1381 943 autem
1399 923 1453 942 non
1480 915 1507 942 in
1524 917 1644 944 castellis
1669 922 1716 944 aut
1741 917 1858 945 modicis

1071 961 1227 989 civitatibus
1239 961 1340 988 debent
1353 961 1483 988 constitui
1495 981 1503 994 ,
1519 961 1565 989 sed
1582 962 1732 998 presbyteri
1747 971 1797 998 per
1811 971 1857 990 ea.

1071 1006 1150 1033 stella
1174 1011 1201 1033 et
1216 1006 1339 1034 modicas
1353 1004 1477 1034 civitates
1498 1011 1581 1042 atque
1604 1007 1684 1035 villas
1699 1008 1804 1036 debent
1824 1009 1858 1036 ah

1071 1052 1350 1088 episcopis'ordinari
1361 1057 1388 1080 et
1404 1052 1487 1087 poni;
1503 1053 1603 1090 singuli
1621 1059 1713 1082 tamen
1736 1063 1785 1089 per
1803 1055 1858 1082 sin-

1071 1100 1150 1135 gulos
1165 1099 1260 1127 titulos
1271 1107 1347 1127 suos.
1364 1097 1398 1126 Et
1412 1098 1558 1134 episcopus
1572 1108 1626 1128 non
1642 1101 1676 1128 ab
1693 1109 1761 1132 uno,
1783 1102 1829 1128 sed
1842 1109 1857 1129 ι

1070 1145 1196 1180 pluribus
1209 1145 1289 1173 debet
1296 1145 1434 1181 episcopis
1447 1145 1584 1174 ordinari:
1598 1152 1635 1180 et,
1649 1152 1679 1174 ut
1689 1147 1795 1175 dictum
1807 1154 1857 1180 est,

1071 1199 1126 1218 non
1151 1191 1183 1218 ad
1199 1191 1336 1220 modicam
1363 1192 1512 1224 civitatem,
1527 1193 1551 1212 "
1568 1201 1601 1220 ne
1618 1193 1732 1221 vilescat
1758 1202 1858 1222 nomen

1072 1237 1203 1272 episcopi,
1227 1243 1275 1265 aut
1299 1238 1412 1270 alicubi,
1437 1239 1483 1266 sed
1498 1239 1532 1266 ad
1559 1239 1747 1267 honorabilem
1766 1242 1857 1268 urbem

1073 1283 1229 1311 titulandus
1243 1290 1270 1312 et
1283 1284 1501 1312 denominandus
1515 1290 1565 1312 est.
1588 1284 1734 1320 Presbyter
1746 1294 1812 1313 vero
1827 1287 1858 1313 ad

1072 1336 1263 1364 quemcunque
1271 1329 1361 1356 locum
1375 1330 1417 1356 vel
1428 1330 1571 1357 ecclesiam
1584 1330 1611 1357 in
1627 1337 1661 1357 eo
1672 1331 1858 1362 constitutam,

1072 1380 1115 1404 est
1127 1375 1329 1410 praeﬁciendus,
1343 1382 1424 1411 atque
1438 1376 1467 1403 in
1482 1383 1513 1403 ea
1526 1375 1623 1404 diebus
1632 1376 1695 1404 vita
1709 1384 1768 1404 sua:
1778 1378 1859 1404 dura-

1072 1425 1162 1448 turus.
1184 1421 1308 1456 Amplius
1318 1428 1401 1456 quam
1429 1421 1474 1448 isti
1499 1421 1554 1448 duo
1570 1422 1594 1440 ⁸³
1609 1421 1723 1449 ordines
1733 1423 1860 1450 sacerdo-

1074 1470 1144 1498 tum,
1158 1474 1208 1494 nec
1224 1467 1304 1494 nobis
1316 1474 1331 1494 a
1348 1466 1405 1495 Deo
1419 1467 1510 1494 collati
1524 1472 1598 1500 sunt,
1614 1475 1665 1496 nec
1679 1463 1801 1503 apostoli
1815 1470 1861 1496 do-

238 1502 397 1546 possunius.
409 1509 432 1526 ⁸⁸
447 1507 480 1536 Ει
492 1508 555 1544 quis
569 1512 619 1540 est,
633 1507 679 1543 qui
691 1508 878 1543 qumreutibus
892 1508 1022 1538 fratribus
1036 1513 1057 1542 ο
1073 1516 1200 1540 cuerunt.

273 1626 295 1643 "’
304 1626 402 1661 Ephes.
426 1633 446 1659 ι,
469 1625 544 1652 5-12.

239 1660 451 1696 "septuaginta;
464 1665 488 1687 et
501 1661 539 1687 sic
551 1669 658 1695 semper.
675 1660 742 1696 Luc.

593 1624 730 1661 "Hincm.
761 1633 806 1660 op.
838 1634 881 1659 LV,
908 1626 1104 1661 quaest.c.15.

801 1661 900 1689 “Dist.
925 1661 970 1694 80,
988 1661 1112 1696 Episcopi
1132 1669 1184 1688 non
1198 1662 1235 1688 in.

1157 1626 1231 1661 "ep.
1250 1627 1331 1653 Attici
1357 1626 1390 1654 ad
1412 1626 1462 1654 PP.
1490 1625 1717 1661 Carthaginensis
1744 1625 1862 1653 concilii.

1291 1662 1314 1677 ³³
1326 1661 1488 1690 Sardicense
1506 1669 1568 1689 can.
1585 1660 1612 1694 6,
1628 1667 1655 1689 et
1675 1660 1763 1688 Laod.
1784 1661 1828 1688 57.

239 1695 314 1724 "ita:
329 1695 439 1732 quoque
451 1704 485 1724 ex
501 1696 596 1724 eodem
609 1704 659 1723 ms.
673 1697 708 1723 ab
722 1695 861 1724 Harduino
871 1697 990 1725 collectae
1005 1695 1142 1725 suntJis.
1162 1704 1213 1723 non
1224 1701 1286 1724 sunt
1301 1697 1417 1725 ordines.

239 1797 339 1826 habitae
353 1801 467 1829 sunt.ut
478 1800 554 1831 patet
565 1796 648 1823 etiam
663 1803 697 1823 ex
712 1803 790 1824 conc.
805 1795 908 1831 Nician.
918 1803 1022 1824 canone

240 1834 268 1866 6,
282 1832 410 1860 Chalced.
426 1830 531 1859 aetiis
541 1851 549 1864 ,
569 1832 632 1866 item
646 1839 679 1858 ex
694 1831 808 1866 epistola
822 1831 858 1858 53
871 1830 971 1859 Leonis
986 1831 1021 1858 ad

238 1865 413 1907 Ahatolium:
429 1875 463 1894 ex
476 1866 589 1907 epistola
602 1865 773 1907 Gregoriiad
789 1865 945 1901 Eulogium,
961 1873 1023 1907 quae

239 1874 413 1895 Anatolium:
429 1875 463 1894 ex
476 1874 589 1929 (gnum-aa
602 1874 726 1927 uregorn
739 1874 773 1893 an
789 1874 945 1901 nuiogrum,
961 1874 1023 1907 qua:

239 1908 284 1942 est
296 1903 342 1930 lib.
355 1910 393 1933 vt,
409 1910 470 1936 cap.
503 1901 528 1930 7.
544 1901 659 1942 Hieroso
671 1906 790 1942 ymitana
806 1909 854 1936 per
865 1908 952 1942 artnos
966 1902 1023 1942 lere

239 1939 403 1973 quingentos
416 1958 424 1970 ,
439 1935 491 1964 non
507 1944 536 1964 re
550 1936 598 1964 sed
611 1935 721 1973 nomine
733 1957 740 1968 ,
757 1943 813 1973 non
818 1940 959 1973 potestate
975 1935 1021 1963 sed

240 1971 345 2000 honore
368 1973 519 2004 duntaxat,
540 1976 636 2006 quarta
651 1971 840 2005 patriarchalis
856 1971 948 1998 habita
963 1975 1022 2004 est;

240 2013 270 2034 ut
281 2011 353 2038 patet
364 2015 397 2035 ex
412 2006 514 2034 Nicaen.
530 2007 639 2038 concii.,
650 2014 749 2033 canon.
764 2006 790 2038 7,
807 2006 854 2033 ubi
868 2006 1023 2033 decernitur

242 2048 270 2070 ut
282 2040 562 2078 llierosolyrnitanus,
572 2046 699 2076 quartum
712 2041 821 2078 quidem
833 2040 1023 2076 patriarchalis

241 2077 373 2104 sessionis
393 2075 484 2104 locum
505 2084 538 2103 ac
555 2076 686 2103 h0norem
713 2075 909 2109 habeat;’non
931 2080 1022 2103 tamen

262 2117 385 2146 ropterea
397 2119 413 2138 a
425 2111 594 2146 subiectione
608 2110 783 2146 Ciesariensis
793 2130 800 2142 ,
814 2118 875 2146 qua:
886 2114 1023 2144 metropo-

262 2120 385 2146 ropterea
397 2120 413 2138 a
425 2120 594 2146 sunjectlonc
608 2120 783 2138 uaesanensis
793 2130 800 2142 ,
814 2120 875 2145 qua:
886 2120 1022 2144 metropo-

242 2120 325 2174 iitana
342 2151 418 2179 erat,
438 2147 614 2174 eximeretur.
632 2144 708 2173 Unde
727 2145 823 2180 beatus
841 2144 1022 2180 Hieronymus

243 2182 269 2208 in
285 2181 364 2216 epist.
379 2182 412 2208 ad
425 2180 642 2213 Pammachium,
657 2185 751 2208 contra
769 2179 902 2208 Joannem
917 2179 1023 2216 episco-

242 2213 609 2257 punidiierosolymitanum,
618 2216 667 2255 _sic
683 2222 749 2257 eum.
761 2215 908 2257 alloquitur
917 2213 952 2257 it
969 2213 1021 2254 Tu,

243 2248 343 2286 inquit,
357 2251 404 2285 qui
419 2248 525 2286 regulas
541 2250 641 2285 quieris
654 2248 905 2286 ecclesiasticas,ret
919 2248 1022 2286 Νίσαξηί

243 2284 353 2313 concilii
367 2284 524 2313 ’canonibus
539 2286 625 2312 uteris
637 2306 645 2318 ,
660 2285 794 2319 responde
809 2285 876 2312 mihi
886 2306 893 2318 ,
909 2284 942 2311 ad
958 2284 1022 2319 Aie:

243 2322 406 2349 xandrinum
425 2321 581 2355 episcopum
598 2318 745 2355 Palaestina,
762 2320 828 2354 quid
845 2319 976 2354 pertinet?
989 2318 1022 2355 _ni

244 2356 325 2383 fallor
340 2356 392 2383 hoc
405 2353 613 2383 ibi—decernitur
623 2376 630 2388 ,
654 2359 684 2382 ut
700 2353 851 2381 Palaestinae
865 2353 1023 2388 metropolis

244 2391 368 2418 Caesarea
383 2391 427 2423 sit,
440 2395 467 2418 et
485 2390 568 2417 totius
582 2390 696 2417 orientis
707 2389 859 2416 Antiochia.
875 2390 929 2416 Aut
942 2389 1022 2423 igitur

244 2426 279 2453 ad
291 2426 488 2454 Caesariensem
507 2426 740 2460 archiepiscopum
759 2424 860 2452 referre
877 2425 1022 2456 debueras,

245 2461 290 2490 cui
304 2466 394 2496 spreta
410 2459 608 2496 communione
623 2465 668 2487 tua
686 2459 890 2496 communicare
907 2466 958 2486 nos
974 2465 1023 2484 no-

243 2494 344 2530 veras,
365 2500 412 2523 aut
427 2496 450 2524 si
467 2495 561 2531 procul
591 2495 770 2531 expetendum
795 2494 926 2531 judicium
946 2497 1020 2531 erat,

245 2531 419 2559 Antiochiam
434 2529 525 2566 potius
539 2529 636 2557 litterae
650 2530 806 2566 dirigendae.
823 2529 876 2566 sed
895 2530 1023 2566 novi_t_:ur

245 2567 396 2594 Cauaream
407 2587 414 2600 ,
431 2562 478 2593 cur
492 2565 664 2593 Antiochiam
683 2562 802 2592 nolueris
818 2564 939 2600 mittere.
964 2562 1022 2589 Ma-

246 2602 321 2629 lulsti
342 2601 483 2636 occupatis
506 2601 618 2628 auribus
642 2600 796 2627 molestiam
811 2599 901 2626 facere
910 2605 1021 2636 inquam

245 2637 366 2664 debitum
393 2634 601 2664 metropolitano
631 2640 678 2662 tuo
710 2635 841 2662 honorem
870 2634 992 2661 reddere.
1010 2641 1020 2657 )

245 2671 450 2699 Patriarchatus
473 2669 794 2705 Constantinopolitanus
813 2669 887 2704 (quia
902 2674 1023 2705 tempore

246 2706 347 2733 Metelli
363 2706 470 2733 concilii
483 2703 736 2740 Constantinopolis
755 2703 822 2740 urbs
836 2704 956 2740 nondum
974 2703 1022 2729 (Ιο-

247 2741 335 2768 dicata
351 2741 411 2774 l'uit)
434 2741 508 2767 hisce
530 2745 624 2775 postea
645 2738 766 2774 tempore
779 2738 925 2766 Justiniani
938 2758 946 2770 ,
962 2741 1024 2771 post

248 2776 467 2811 arinuinibomiui
484 2775 731 2811 quingentesimum
745 2795 752 2806 ,
770 2781 854 2811 opera
876 2775 1023 2811 imperato-

243 2812 297 2844 ris,
308 2816 335 2837 ct
345 2808 529 2838 Romanorum
542 2808 698 2845 pontiﬁcum
707 2809 885 2845 permissione
897 2808 1020 2835 accessit.

1072 1796 1100 1824 In
1115 1796 1356 1832 conciliorquidem
1372 1796 1676 1832 Constantinopolitano
1693 1798 1788 1831 primo
1802 1818 1810 1830 ,
1832 1805 1863 1825 ac

1071 1836 1164 1866 postea
1181 1832 1208 1859 in
1224 1831 1452 1864 Chalcedononsi,
1470 1831 1796 1867 Constantiuopolitanus
1810 1841 1861 1860 non

1072 1867 1154 1894 modo
1174 1867 1387 1901 patriarchatum
1401 1887 1408 1898 ,
1426 1874 1520 1894 verum
1536 1868 1618 1894 etiam
1643 1868 1799 1895 secundum
1824 1868 1862 1895 lo-

1072 1909 1135 1929 cum
1159 1902 1282 1938 obtinere
1301 1907 1419 1938 conatus
1434 1902 1556 1938 est,”sed
1575 1902 1717 1938 (pontiﬁce
1736 1903 1863 1938 reliquis-

1072 1944 1131 1978 que
1149 1936 1361 1978 reclamantibus
1378 1937 1562 1978 primatibus)
1585 1937 1699 1978 l_‘ru_stra_.
1718 1936 1862 1978 ‘Cur'tres

1076 1972 1181 1999 ta’ntum
1208 1972 1342 2006 praedicta:
1366 1972 1445 1999 sedes
1466 1972 1663 2006 patriarchales
1688 1973 1744 2000 isto
1770 1974 1862 2001 ordine

1075 2006 1216 2043 collocatas
1243 2006 1453 2043 fuerintsolius
1468 2006 1539 2043 Petri
1556 2008 1745 2043 apostolorum
1763 2009 1863 2043 princi-

1075 2041 1317 2081 pisprarogativa,
1331 2040 1450 2081 dignitas
1461 2046 1488 2081 et_
1501 2040 1644 2076 primatus,
1661 2042 1738 2081 velut
1751 2040 1860 2081 p'i-_opria

1075 2081 1103 2104 et
1117 2077 1273 2104 immediata
1288 2083 1371 2103 causa
1391 2077 1504 2104 honoris
1520 2081 1547 2104 et
1561 2078 1704 2111 potestatis
1718 2098 1725 2110 ,
1751 2077 1858 2106 eﬂ'ecit:

1075 2118 1232 2148 quanquam
1256 2111 1363 2148 Petrum
1383 2112 1411 2148 in
1433 2112 1476 2148 his
1495 2112 1606 2148 sedibus
1621 2113 1775 2148 eligendis,
1791 2113 1860 2148 quod

1075 2120 1232 2146 quanquam
1256 2120 1363 2138 retrum
1385 2120 1411 2138 in
1433 2120 1476 2139 IIIS
1495 2120 1606 2139 somnus
1621 2120 1656 2139 en
1675 2120 1775 2145 endis,
1791 2120 1860 2148 quoa

1074 2145 1105 2183 S_.
1120 2145 1175 2174 Leo
1189 2146 1216 2183 in
1231 2146 1344 2181 epistola
1358 2146 1410 2183 δι..
1420 2120 1749 2183 aduAitastasiumrﬁocet,
1766 2156 1861 2183 quam-

1037 2169 1060 2196 ι)
1074 2169 1156 2208 ὦ]ιῖ
1165 2169 1860 2216 ἑᾱίἰοῖἧέιᾙίῶἧςῖἱί[υἷιἰιῖἶζὲῖῖἶῖιῦἶιῖιῐιῖῖὲὐῖἰὶῖιῖἔη

1074 2215 1204 2252 habuisse
1228 2215 1320 2252 negari
1337 2223 1390 2252 non
1402 2216 1499 2252 possit.
1515 2215 1637 2243 Romana
1651 2217 1730 2252 sedes
1744 2219 1861 2252 primam

1074 2250 1231 2287 dignitatem
1245 2250 1453 2287 patriarclialetn
1463 2251 1580 2287 robtinet,
1592 2251 1656 2287 quia
1666 2250 1771 2287 Petrus
1801 2260 1861 2287 apo-

1074 2258 1231 2311 oigmtatem
1245 2258 1453 2285 patriarcnatein
1466 2258 1580 2283 oounet,
1592 2259 1656 2285 quia
1670 2258 1771 2280 reti-us
1801 2260 1860 2287 apo-

1067 2289 1110 2322 sto
1123 2285 1251 2322 usinhac
1262 2293 1342 2322 (manu
1357 2285 1499 2322 fundavit,
1511 2290 1540 2312 ut
1558 2286 1648 2322 inquit
1663 2285 1693 2322 S.
1711 2286 1860 2322 Gregorius

1073 2321 1120 2347 lib.
1137 2327 1175 2351 vr,
1190 2319 1276 2354 epist.
1287 2319 1332 2352 57,
1354 2320 1388 2355 ad
1405 2319 1546 2354 Eulogium
1563 2319 1696 2347 Alezund.
1718 2319 1860 2355 quiéssere

1073 2359 1099 2381 et
1122 2354 1205 2381 vitam
1243 2354 1320 2381 linire
1350 2354 1477 2388 dignatus
1500 2360 1552 2382 cst.
1575 2354 1777 2382 Alexandriam
1802 2357 1860 2384 sede

1073 2389 1246 2426 patriarchali
1257 2389 1393 2426 decoravit
1404 2390 1497 2426 (verba
1508 2389 1630 2426 Gregorii
1644 2393 1722 2426 sunt)
1736 2399 1767 2426 in
1780 2399 1859 2426 quam

1073 2422 1265 2459 evangelistam
1292 2422 1414 2451 Marcum
1436 2422 1601 2459 discipultim
1630 2425 1716 2452 misit.
1751 2422 1858 2457 Tertio.

1073 2459 1164 2486 sedem
1177 2460 1204 2485 in
1219 2466 1272 2492 qua
1285 2459 1342 2493 ipse
1354 2463 1456 2493 septem
1470 2460 1550 2486 annis
1564 2460 1643 2491 sedit,
1659 2460 1859 2488 Antiochenam

1073 2494 1202 2520 nimirum
1229 2494 1365 2529 tirmavit,
1389 2498 1416 2520 et
1439 2494 1514 2521 sedis
1535 2495 1729 2529 patriarchalis
1756 2496 1862 2523 honore

1073 2528 1279 2561 condecoravit;
1297 2529 1332 2555 ita
1347 2528 1496 2589 Gregorius
1513 2528 1641 2564 praedicta
1665 2530 1786 2564 epistola
1798 2551 1807 2563 ,
1832 2530 1858 2557 8.

1073 2562 1127 2589 Leo
1141 2563 1254 2589 epistola
1269 2563 1313 2589 55.
1334 2563 1370 2589 ad
1416 2563 1557 2589 natalium-
1579 2565 1657 2589 Sicut
1677 2572 1746 2589 ergo
1774 2566 1858 2589 maior

1073 2562 1254 2601 Leo~epistola
1269 2563 1313 2596 55,
1334 2563 1370 2601 ad
1391 2562 1557 2601 Anatolium.
1579 2565 1657 2601 Sicut
1677 2562 1859 2601 ergoimajor

1072 2603 1114 2625 est
1127 2597 1224 2635 Petrus
1238 2597 1379 2635 apostolus
1401 2598 1492 2635 Marco
1511 2599 1677 2635 evangelista
1690 2597 1742 2635 ,VEt
1754 2597 1857 2628 Marc-is

1072 2633 1239 2671 evangelista
1254 2632 1370 2671 _E_vodio
1383 2653 1390 2666 ,
1417 2633 1465 2668 qui
1489 2632 1746 2671 neque'apostolus
1775 2643 1856 2671 neque

1072 2667 1238 2702 evangelista
1251 2667 1312 2700 fuit,
1327 2668 1363 2695 ita
1374 2667 1484 2703 quoque
1502 2667 1626 2697 Romana
1651 2670 1777 2698 Ecclesia
1798 2667 1855 2696 Aie

1073 2703 1245 2735 xandrinam,
1256 2707 1284 2730 et
1292 2703 1474 2730 Alexandrina
1484 2704 1683 2732 Antiochenam
1695 2706 1854 2733 auctoritate

1072 2738 1242 2800 ῐὶάίξςιιέιθῧ
1253 2742 1375 2773 supcrat.
1392 2734 1458 2766 Vide
1470 2737 1597 2767 Bellarm.
1615 2738 1655 2766 De
1668 2739 1749 2768 Rom.
1764 2740 1850 2776 pontif.

1083 2780 1119 2799 ιυ.
1135 2780 1153 2806 ι,
1169 2781 1193 2800 c.
1210 2780 1253 2800 to.
