1916 3104
63 128 108 156 815

422 186 468 214 ιιι.

140 231 177 258 De
190 231 350 258 discretione
361 231 543 266 episcoporum
558 235 583 258 et
597 231 746 258 ciuitatum.

91 276 284 312 Episcoporum
301 285 367 306 vero
381 278 450 305 ordo
472 285 546 306 unus
560 283 613 309 est,
628 277 693 305 licet
713 277 769 305 sint
782 285 837 312 prt-

61 329 138 351 mates
149 323 186 351 illi
200 324 249 359 qui
265 324 369 359 primas
382 323 508 352 civitates
523 328 628 356 tenent,
642 323 726 359 quiet
739 323 766 350 in
775 323 838 358 qui-

60 369 165 397 busdam
178 369 249 398 locis
260 370 423 405 patriarcha:
434 378 450 397 a
467 369 608 398 nonnullis
631 372 774 397 vocantur.
796 369 837 396 llli

60 420 141 443 autem
153 415 201 450 qui
213 415 242 443 in
254 416 398 451 metropoli
409 424 424 442 a
434 416 514 443 beato
525 415 606 444 Petro
613 415 750 450 apostolo.
763 415 838 443 ordi-

60 464 133 488 nante
147 459 274 492 Domino,
287 465 314 488 et
329 468 344 488 a
359 461 560 496 praedecessore
586 464 681 488 nostro
708 459 838 495 praedicto

60 512 145 535 saneto
157 506 309 539 Clemente,
331 514 380 535 seu
395 515 411 534 a
425 507 505 535 nobis
517 507 660 535 constituti
681 512 757 539 sunt,
782 514 837 535 non

59 561 146 580 omnes
159 553 293 588 primates
317 553 359 580 vel
388 553 552 588 patriarchae
566 560 627 581 esse
639 557 771 588 possunt:
789 554 836 581 sed

59 599 105 626 illze
115 599 203 631 urbes,
213 606 276 635 quae
287 598 408 634 praefatis
417 603 445 626 et
453 599 551 634 priscis
565 599 734 634 temp0ribus
744 599 769 620 οδ
779 599 836 635 pri-

59 650 152 673 uatum
178 649 294 674 tenuere
306 665 314 677 ,
327 645 352 665 "
371 645 590 680 patriarcharum
617 650 666 672 aut
686 645 835 680 primatum

59 692 160 719 nomine
170 691 318 724 fruantur;
335 691 448 726 reliquae
463 699 526 719 vero
538 691 714 726 metropoles,
728 691 836 720 archie-

58 739 222 774 piscoporum
238 743 287 766 aut
301 738 588 773 metropolitanorum,
603 742 631 765 et
644 746 700 765 non
716 737 836 773 patriar-

58 785 161 812 charum
176 788 224 811 aut
254 784 404 819 primatum
430 788 542 812 utantur
567 783 745 817 nominibus;
771 784 836 820 quia

58 829 108 856 haec
124 830 215 857 eadem
230 833 259 857 et
271 830 344 864 leges
356 829 448 857 saeculi
460 830 488 857 in
505 830 564 857 suis
579 830 722 858 continent
731 829 836 864 princi-

762 126 951 155 EPISTOLIE.

853 189 877 216 Α
927 187 938 204 ³
949 185 1073 212 Secunda
1087 191 1177 213 autem
1196 186 1275 214 sedes
1289 186 1361 222 apud
1375 185 1567 214 Alexandriam
1579 208 1587 220 ,
1601 187 1674 215 beati

1621 129 1675 160 ιιι

889 230 961 258 Petri
984 232 1096 259 nomine
1107 251 1115 263 ,
1131 239 1146 259 a
1164 231 1256 260 Marco
1270 232 1331 266 ejus
1344 232 1478 268 discipulo
1495 237 1577 268 atque
1589 240 1674 261 evan-

888 277 985 312 gelista
1000 281 1160 305 consecrata
1173 282 1213 305 est
1228 287 1236 311 ;
1251 277 1316 313 quia
1332 278 1390 313 ipse
1403 281 1432 306 et
1445 278 1473 306 in
1488 278 1606 315 Egypto
1619 280 1675 315 pri-

889 331 964 351 mum
978 323 1090 351 verbum
1105 323 1227 351 veritatis
1239 345 1246 357 ,
1267 324 1387 352 directus
1401 332 1417 352 a
1432 323 1512 352 Petro
1523 344 1531 357 ,
1543 325 1675 361 pradica-

888 369 944 401 vit,
961 373 989 397 et
1002 369 1151 404 gloriosum
1171 371 1292 406 suscepit
1310 371 1481 406 martyrium.
1494 370 1545 399 Cui
1560 379 1675 400 venera—

888 415 951 443 bilis
965 416 1097 444 successit
1110 416 1217 444 Abilius
1226 416 1248 444 ⁸.

923 462 933 478 τ
949 461 1039 489 Tertia
1053 466 1144 490 autem
1162 463 1241 491 sedes
1256 472 1280 496 a;
1292 463 1328 491 ud
1343 463 1516 491 Antiochiam
1527 483 1535 497 ,
1551 463 1674 499 ejusdem

889 506 928 542 (id
944 513 987 536 est
1000 508 1071 536 beati
1086 508 1172 543 Petri)
1185 510 1301 544 apostoli
1318 510 1429 537 nomine
1451 510 1566 538 habetur
1586 511 1676 538 hono-

888 554 1004 583 rabilis:
1019 555 1082 591 quia
1097 555 1162 587 illic,
1179 556 1339 591 priusquam
1357 555 1472 584 Romam
1488 556 1612 589 veniret,
1627 557 1676 584 ba-

888 600 1002 634 bitavit,
1023 605 1051 629 et
1065 600 1197 638 lgnatium
1211 602 1368 637 epi~copum
1378 602 1389 618 "
1403 602 1562 635 constituit,
1580 608 1607 631 et
1622 603 1677 631 illic

887 645 1006 680 primum
1019 654 1119 675 nomen
1134 646 1352 675 Christianorum
1367 648 1481 676 novella
1494 649 1581 684 gentis
1593 657 1676 677 exor-

887 695 946 718 tum
963 696 1015 720 est.
1032 691 1164 728 Reliquas
1178 701 1243 721 vero
1259 698 1290 721 ut
1311 694 1486 729 praediximus
1504 694 1531 722 iu
1554 695 1675 730 quodam

887 740 983 771 tomo,
1007 739 1191 774 prolixitatem
1209 739 1325 768 vitantes
1347 740 1487 776 epistola,
1511 741 1589 770 vobis
1610 749 1676 770 con-

887 785 1004 820 scriptas
1019 785 1203 813 direximus.’
1213 786 1282 828 inde
1298 794 1417 822 namque
1433 791 1461 814 et
1473 787 1544 815 beati
1558 788 1674 823 apostoli

887 832 958 860 inter
969 839 1000 860 se
1013 835 1181 864 statuerunt,
1194 837 1224 860 ut
1237 832 1359 868 episcopi
1381 834 1550 869 singularum
1572 834 1676 862 scirent

58 876 144 911 pibus;
159 880 182 897 κ
195 877 257 904 alia:
270 881 362 904 autem
385 877 480 911 prima:
506 876 631 904 civitates
658 883 729 912 quas
755 876 834 904 vobis
851 880 873 908 Β
886 877 1018 913 gentium,
1028 878 1049 893 "
1073 877 1137 913 quis
1160 878 1231 905 inter
1245 886 1294 907 eos
1309 879 1414 914 primus
1427 884 1516 913 esset,
1537 884 1674 915 quatenus

56 922 217 956 conscriptas
242 922 271 949 in
298 921 417 956 quodam
435 926 512 949 tomo
527 921 678 954 mittimus,
700 929 716 949 a
730 921 834 949 sanctis

56 968 187 1003 apostolis,
207 973 235 995 et
254 975 270 995 a
282 968 363 996 beato
385 966 537 1001 Clemente,
551 968 608 995 sive
622 975 638 995 a
655 967 735 995 nobis
748 987 756 1000 ,
777 967 835 1003 pri-

55 1019 133 1042 mates
143 1014 338 1050 praedicatores
352 1018 528 1048 acceperunt.
538 1012 602 1041 Haec
613 1020 678 1040 vero
689 1020 834 1041 sacrosan-

55 1066 93 1089 cta
100 1060 220 1088 Romana
229 1064 257 1088 et
267 1060 418 1095 apostolica
428 1059 561 1093 Ecclesia,
575 1067 631 1087 non
644 1059 679 1086 ab
688 1059 833 1094 apostolis,

55 1108 97 1134 sed
119 1107 153 1134 ab
177 1107 238 1141 ipso
269 1105 384 1133 Domino
404 1105 544 1133 Salvatore
572 1109 667 1133 nostro
677 1108 702 1126 θ’
729 1112 834 1140 prima-

55 1159 105 1181 tum
120 1153 246 1184 obtinuit,
264 1157 292 1180 et
310 1152 487 1179 eminentiam
500 1151 644 1187 potestatis
668 1159 750 1186 super
772 1152 834 1178 uni-

56 1209 139 1228 versas
153 1200 291 1227 Ecclesias
301 1208 333 1227 ac
345 1205 431 1227 totum
447 1198 596 1226 Christiani
615 1198 707 1233 populi
723 1205 832 1233 gregem

56 1251 171 1274 assecuta
194 1250 249 1278 est,
265 1246 337 1274 sicut
357 1245 415 1280 ipse
442 1244 471 1271 Β.
501 1243 582 1272 Petro
605 1243 728 1279 apostolo
743 1243 830 1270 dixit:

58 1292 91 1319 Tu
104 1301 129 1320 es
143 1292 251 1326 Petrus,
265 1297 291 1319 et
305 1300 383 1327 super
393 1292 460 1318 hanc
472 1295 575 1326 petram
586 1289 724 1325 cdiﬁcabo
738 1288 832 1317 Eccle-

55 1341 115 1366 liam
123 1348 214 1373 nteant,
226 1345 252 1367 et
263 1344 347 1374 portae
358 1339 438 1374 inferi
451 1347 502 1366 non
518 1337 696 1373 prteralebunt
708 1338 832 1365 adversus

55 1393 124 1413 «ita:
139 1391 162 1413 et
176 1386 225 1413 tibi
237 1386 308 1412 dabo
323 1385 409 1412 claves
423 1385 494 1420 regni
507 1384 642 1412 cistarum.
659 1383 692 1410 Et
705 1391 832 1419 quecui:-

56 1440 98 1467 que
108 1432 227 1467 ligaveris
239 1439 319 1466 super
331 1436 440 1464 terram,
452 1435 528 1457 erunt
539 1429 624 1465 ligata
634 1430 698 1457 etin
713 1429 792 1457 celo:
807 1433 832 1456 et

56 1470 204 1513 quaecunque
218 1477 329 1505 solverit
344 1484 422 1511 super
434 1480 543 1508 terram,
564 1480 640 1503 erunt
657 1474 745 1502 soluta
760 1480 785 1502 et
802 1475 832 1502 in

57 1523 112 1550 creto
124 1527 156 1551 κ.
171 1523 303 1551 Adhibita
328 1527 370 1550 est
385 1521 467 1549 etiam
489 1522 605 1549 societas
623 1522 651 1549 in
665 1522 759 1550 eadem
775 1521 832 1549 Ro-

884 925 918 952 ad
932 932 995 952 eum
1009 924 1100 959 potior
1114 931 1209 954 eorum
1225 925 1380 953 sollicitudo
1393 926 1549 961 pertineret.
1568 927 1589 942 “
1605 925 1672 954 Nam

883 972 912 995 et
926 968 997 996 inter
1013 968 1110 996 beatos
1125 969 1264 1004 apostolos
1279 970 1403 1004 quaulam
1419 970 1471 998 l'uit
1484 971 1622 1000 discretio.
1641 971 1674 1000 Et

884 1013 947 1041 licet
961 1021 1058 1042 omnes
1067 1014 1088 1030 "
1102 1018 1195 1042 essent
1208 1015 1334 1050 apostoli,
1347 1015 1427 1047 Petro
1440 1020 1532 1045 tamen
1548 1024 1564 1045 a
1579 1017 1673 1045 Domi-

884 1067 921 1087 no
934 1064 977 1088 est
989 1067 1152 1088 concessum
1163 1080 1170 1093 ,
1194 1065 1222 1088 et
1239 1061 1291 1096 ipsi
1305 1061 1376 1091 inter
1390 1070 1420 1090 se
1438 1062 1555 1098 idipsum
1576 1064 1672 1092 volue-

883 1110 968 1140 runt,
984 1112 1015 1134 ut
1030 1106 1144 1141 reliquis
1165 1106 1294 1135 omnibus
1315 1112 1445 1142 praeesset
1472 1109 1622 1143 apostolis,
1645 1114 1673 1138 et

883 1152 1001 1187 Cephas,
1017 1153 1044 1180 id
1055 1157 1108 1185 est,
1122 1157 1205 1188 caput
1218 1157 1246 1180 et
1255 1153 1277 1169 "
1291 1154 1454 1190 principium
1471 1160 1577 1184 teneret
1589 1164 1672 1192 apos-

883 1198 1002 1227 tolatus;
1025 1198 1072 1234 qui
1097 1203 1125 1226 et
1147 1199 1271 1227 eamdem
1296 1199 1412 1229 formam
1430 1201 1488 1229 suis
1503 1203 1672 1231 successori-

883 1245 954 1278 bus,
970 1249 998 1272 et
1010 1245 1109 1281 reliqui
1123 1245 1240 1281 apostoli
1257 1246 1395 1282 episcopis
1415 1248 1559 1276 tenendam
1584 1249 1671 1278 tradi-

882 1291 992 1319 derunt.
1006 1291 1039 1319 Et
1051 1299 1104 1318 non
1118 1291 1208 1319 solum
1224 1291 1277 1319 hoe
1296 1292 1324 1320 in
1350 1300 1422 1320 novo
1445 1297 1610 1323 testamento
1628 1299 1672 1324 est

883 1338 1062 1365 constitutum
1072 1356 1081 1369 ,
1098 1337 1145 1364 sed
1159 1337 1242 1365 etiam
1258 1338 1285 1365 in
1299 1339 1383 1366 veteri
1398 1338 1460 1367 fuit.
1482 1339 1560 1368 Unde
1588 1339 1672 1369 .scri-

876 1386 952 1416 ptum
959 1382 1123 1418 est,Mogsu
1138 1388 1164 1410 et
1177 1383 1268 1410 Aaron
1282 1383 1310 1410 in
1327 1383 1509 1412 sacerdotibus
1524 1384 1581 1419 ejus
1594 1384 1627 1418 “,
1644 1384 1670 1411 id

884 1430 927 1455 est
956 1427 1039 1462 primi
1061 1427 1134 1455 inter
1147 1435 1195 1456 eos
1212 1428 1331 1457 l'uerunt.
1349 1429 1382 1456 Et
1396 1429 1522 1464 quamvis
1541 1429 1577 1456 ita
1596 1429 1671 1456 ordi-

881 1478 976 1501 natum
992 1473 1086 1508 fuerit,
1103 1481 1185 1502 nemo
1201 1480 1291 1502 tamen
1305 1476 1379 1510 quod
1391 1483 1473 1504 suum
1486 1479 1538 1508 est,
1555 1480 1670 1511 quaerat,

884 1518 931 1547 sed
943 1519 1016 1553 quod
1030 1519 1155 1548 alterius.
1168 1519 1247 1548 Unde
1262 1520 1301 1548 ait
1314 1521 1412 1549 beatus
1435 1521 1574 1556 apostolus
1597 1520 1669 1548 Pau-

57 1578 128 1598 mana
139 1571 204 1598 urbe
215 1570 369 1598 beatissimi
381 1569 494 1604 apostoli
507 1568 583 1596 Pauli
592 1569 665 1596 vasis
677 1569 831 1602 electionis,
845 1554 867 1583 (ἶ
884 1566 943 1593 lus:
960 1564 1143 1601 Unusquisque
1160 1565 1264 1601 placeat
1278 1567 1401 1602 proximo
1417 1554 1464 1594 tuo
1477 1569 1506 1594 in
1520 1567 1616 1594 bonum
1635 1567 1670 1594 ad

57 1615 97 1650 qui
113 1623 164 1643 uno
175 1616 230 1649 die,
246 1623 303 1643 uno
318 1623 428 1650 quoque
454 1619 586 1649 tempore,
600 1614 720 1649 gloriosa
745 1620 833 1642 morte

57 1668 111 1687 cum
126 1660 213 1693 Petro,
227 1661 280 1688 sub
295 1660 417 1696 principe
438 1659 545 1688 Nerone
566 1660 726 1695 agonizans,
755 1667 834 1687 coro-

58 1712 128 1735 natus
147 1713 198 1740 est,
219 1713 248 1736 et
269 1707 352 1735 ambo
364 1711 487 1734 sanctam
511 1706 664 1734 Romanam
682 1706 832 1735 Ecclesium

57 1758 254 1785 consecrarunt,
267 1753 384 1788 aliisque
396 1752 524 1780 omnibus
539 1752 651 1780 urbibus
664 1752 691 1779 in
705 1752 834 1780 universo

58 1799 149 1827 mundo
163 1807 222 1827 eam
237 1807 289 1828 sua
301 1800 444 1835 praesentia
458 1804 542 1834 atque
557 1799 712 1827 venerando
733 1799 833 1826 trium-

58 1845 104 1879 pho
117 1845 303 1880 praetulerunt.
321 1845 344 1860 ⁹⁹
365 1843 399 1872 Et
423 1844 487 1872 licet
506 1852 555 1880 pro
579 1844 707 1872 omnibus
722 1843 834 1872 assidua

58 1889 120 1924 apud
132 1889 216 1918 Deum
232 1890 357 1918 omnium
380 1894 540 1917 sanctorum
557 1889 712 1917 etiundatur
732 1888 832 1922 oratio,

58 1935 96 1962 his
113 1940 198 1964 tamen
212 1936 308 1964 verbis
317 1935 420 1963 Paulus
429 1935 607 1963 beatissimus
621 1933 763 1969 apostolus
778 1932 834 1960 lto»

59 1981 138 2008 manis
149 1982 260 2017 proprio
276 1981 460 2016 chirographo
473 1981 635 2016 pollicetur,
651 1980 766 2008 dicens:
784 1977 834 2007 Te~

60 2027 100 2053 stis
116 2029 181 2054 enim
193 2032 232 2055 est
246 2027 312 2054 mihi
325 2027 406 2060 Deus,
421 2028 463 2054 cui
475 2027 559 2054 seruio
574 2027 601 2053 in
617 2027 715 2061 spiritu
734 2033 790 2053 meo
804 2025 833 2052 in

60 2071 187 2109 Evangelia
202 2073 271 2101 Filii
283 2074 351 2108 ejus,
364 2073 434 2108 quod
448 2074 504 2100 sine
519 2073 713 2099 intermissione
736 2079 833 2099 mento-

60 2120 118 2146 riarn
132 2122 207 2148 vestri
224 2121 298 2156 facio
309 2127 411 2155 semper
423 2119 451 2146 in
464 2118 628 2146 orationibus
639 2118 703 2145 meis
724 2117 769 2145 ¹⁰⁰.

90 2166 98 2181 ⁸
115 2165 202 2194 Prima
211 2168 222 2182 '
236 2174 303 2202 ergo
318 2166 397 2194 sedes
409 2169 452 2193 est
464 2165 569 2193 caelesti
584 2164 715 2192 beneﬂcio
731 2163 832 2191 Roma-

60 2221 95 2241 m:
107 2213 230 2242 Ecclesiae
238 2215 260 2247 ⁸,
276 2221 358 2249 quam
379 2213 421 2248 (ut
433 2216 616 2240 memoratum
634 2211 687 2246 est)
705 2210 832 2238 beatissi-
846 2231 869 2260 υ

60 2260 90 2286 mi
108 2259 200 2288 Petrus
220 2266 248 2289 et
271 2260 373 2288 Paulus
395 2267 446 2287 suo
467 2259 598 2294 martyrio
624 2261 829 2286 consecrarunt.

61 2305 135 2335 Roma
147 2315 207 2343 quat
216 2308 296 2343 prius
305 2311 364 2334 erat
373 2305 572 2334 cacodaamonis
582 2303 697 2332 artiﬁcio
707 2302 831 2331 omnium

59 2359 171 2380 errorum
185 2351 291 2381 mater‘
305 2356 332 2379 et
349 2351 442 2385 altrix,
458 2350 582 2379 exclusis
599 2348 727 2383 tenebris,
742 2352 769 2376 et
782 2355 831 2375 va-

61 2398 97 2426 nis
109 2399 330 2433 superstitionum
347 2398 447 2425 ritibus
466 2396 597 2432 abjectis,
621 2396 740 2423 ﬁliorum
765 2393 832 2427 Dei,

59 2448 143 2472 exorto
154 2445 209 2473 sole
220 2443 335 2480 justitize
347 2463 354 2476 ,
375 2443 446 2471 facta
469 2448 510 2471 est
517 2443 626 2478 copiosa
644 2440 831 2477 propagatrix.

884 1611 1135 1646 aediﬁcationem“.
1162 1612 1195 1639 Et
1219 1613 1291 1640 sicut
1317 1612 1375 1648 ipse
1399 1612 1525 1640 Salvator
1550 1612 1607 1641 suis
1633 1613 1672 1641 ait

884 1657 1043 1692 discipulis:
1058 1657 1111 1690 Qui
1120 1658 1207 1694 major
1219 1663 1257 1685 est
1273 1663 1400 1693 uestrum,
1416 1659 1467 1686 erit
1481 1659 1603 1686 minister
1628 1667 1671 1686 ve-

883 1705 978 1738 ster“,
1000 1708 1027 1732 et
1045 1705 1161 1740 reliqua.
1185 1704 1219 1733 Et
1241 1706 1305 1734 licet
1326 1705 1462 1741 superbis
1484 1706 1576 1741 aliqua
1598 1705 1677 1733 dictat

883 1750 984 1779 iuerint
993 1770 1001 1784 ,
1014 1755 1167 1786 repetentes
1181 1755 1272 1779 tamen
1290 1751 1389 1786 saepius
1399 1772 1407 1784 ,
1421 1751 1603 1780 admonemus
1616 1772 1624 1784 ,
1640 1756 1671 1779 ut

883 1805 991 1833 semper
1003 1798 1030 1825 in
1044 1797 1172 1825 omnibus
1187 1801 1214 1825 et
1230 1797 1265 1825 ab
1281 1797 1410 1825 omnibus
1432 1796 1552 1824 vitentur
1573 1797 1670 1825 elatio-

882 1851 933 1872 nes
947 1843 1046 1871 mentis
1059 1847 1087 1870 et
1100 1843 1235 1879 corporis.
1252 1842 1286 1871 Et
1299 1847 1403 1879 quanto
1417 1843 1507 1878 major
1520 1844 1670 1879 unusquis-

882 1898 936 1927 que
946 1891 1054 1919 videtur
1066 1898 1137 1924 esse,
1152 1894 1228 1918 tanto
1242 1890 1278 1918 sit
1291 1889 1436 1931 humilior,
1450 1890 1523 1918 sicut
1536 1888 1670 1929 Dominus

886 1934 1013 1962 Salvator
1026 1940 1120 1964 noster
1138 1944 1190 1963 non
1211 1935 1280 1962 venit
1300 1935 1457 1968 ministrari,
1472 1935 1517 1962 sed
1533 1934 1672 1966 ministra-

884 1988 914 2008 re
930 1981 962 2008 ".
976 1979 1019 2014 Et,
1033 1981 1058 2008 si
1071 1981 1154 2016 frater
1168 1981 1264 2016 aliquis
1275 1985 1473 2016 prteoccupatur
1487 1981 1566 2017 fuerit
1578 1980 1605 2008 in
1620 1980 1673 2008 ali-

881 2036 932 2064 quo
947 2027 1059 2061 delicto,
1075 2034 1136 2060 vos,
1150 2026 1196 2062 qui
1206 2024 1359 2060 spirituales
1374 2024 1594 2061 estishitutruite
1608 2031 1669 2050 eum

881 2075 910 2102 in
923 2074 1021 2110 spiritu
1033 2072 1151 2101 lenitatis
1163 2072 1196 2100 ".

1252 2137 1298 2166 IV.

912 2196 947 2223 Ut
959 2195 1119 2232 di/ﬁciliores
1132 2203 1221 2222 causa
1235 2195 1371 2256 adlaedem
1386 2194 1559 2229 apostolicam
1572 2193 1642 2228 refe-

1226 2238 1274 2256 ran
1289 2237 1330 2256 ur.

1226 2237 1330 2257 rantur.

919 2299 940 2316 ¹³
955 2298 984 2326 Si
997 2305 1059 2334 quae
1072 2304 1137 2326 vero
1152 2304 1242 2324 causae
1256 2295 1422 2325 diliiciliores
1431 2296 1455 2312 "
1470 2295 1542 2324 inter
1555 2302 1606 2323 vos
1619 2301 1668 2322 or-

884 2351 918 2374 tae
930 2345 1041 2378 fuerint,
1056 2344 1091 2372 ad
1105 2344 1188 2380 hujus
1201 2348 1302 2371 sanctae
1315 2343 1388 2371 sedis
1399 2342 1504 2379 apicem
1515 2349 1572 2374 eas,
1587 2340 1667 2376 quasi

884 2392 918 2420 ad
929 2396 1021 2426 caput,
1033 2389 1142 2423 referte,
1153 2394 1184 2417 ut
1193 2389 1345 2425 apostolico
1358 2389 1537 2417 terminentur
1545 2386 1666 2423 judicio:

885 2438 949 2474 quia
962 2438 1003 2466 sic
1021 2437 1166 2465 Dominum
1182 2435 1251 2464 velle
1261 2456 1268 2468 ,
1289 2436 1325 2463 ab
1337 2443 1424 2470 eoque
1437 2435 1474 2462 ita
1488 2433 1667 2462 constitutum

90 2545 111 2561 ’⁸
119 2552 167 2572 ms.
178 2545 328 2580 primatem.
337 2542 424 2580 iisan.
440 2540 535 2580 "Isid.
547 2539 773 2580 Etympl.vu,l2_.
788 2538 813 2556 "
821 2538 1074 2580 Hincrnarusncita‘t.
1094 2545 1155 2573 cap.
1177 2537 1214 2580 ξι
1232 2536 1279 2580 “De
1302 2533 1596 2580 pigdestigationeup.‘

62 2568 534 2615 ιοπίῖξ’ξέιᾟέέξίῆξξξιοιῃίΙΙ,
623 2575 667 2615 l_5,
684 2568 731 2613 op.
753 2574 1010 2615 Lr_._qq._,ndist.n‘2_2,
1033 2568 1210 2615 Sacrosancta
1227 2568 1402 2615 th‘lnitiglln
1418 2570 1495 2615 licet}
1517 2568 1664 2615 Igoﬂliv.

62 2612 168 2643 "Cone.
186 2612 267 2642 Rom’.
291 2612 346 2642 sub
375 2612 494 2641 Gelasio.

63 2649 174 2683 ‘f’Rom.
195 2658 222 2683 ι,
242 2649 279 2682 9,
294 2649 336 2676 l0.

63 2682 167 2712 Gelasio.
204 2679 278 2712 l'ms:
293 2684 409 2711 Romana
420 2681 551 2709 Ecclesia.
566 2679 653 2707 Hann.

544 2610 764 2647 "ﬂauius",
782 2610 827 2642 l8,
853 2610 896 2647 tt).
944 2610 967 2625 ”
978 2610 1110 2647 hactenus
1132 2610 1220 2647 verba
1241 2610 1265 2647 ti

394 2649 402 2664 ¹
413 2648 448 2688 ab
469 2645 618 2687 bisverbis
632 2652 719 2696 usque
732 2640 766 2672 ad
780 2640 896 2672 secunda
917 2649 1006 2685 autem
1031 2643 1131 2671 desunt
1147 2642 1241 2682 omnia
1258 2641 1285 2668 in
1298 2640 1365 2668 Luc.

394 2691 409 2708 α
420 2681 551 2708 Ecclesia.
566 2679 653 2707 iisan.
690 2680 791 2708 absunt
803 2688 819 2708 a
834 2687 885 2707 ms.
939 2680 1028 2706 'idem
1039 2685 1116 2706 conc.
1155 2677 1308 2707 'Anlanus,
1329 2679 1358 2704 et

944 2610 967 2625 ”
978 2603 1110 2636 hactenus
1132 2608 1215 2635 verba
1241 2606 1343 2634 Gelasii
1362 2606 1391 2633 in
1421 2611 1500 2632 conc.
1529 2603 1665 2631 Romano.

944 2649 1006 2667 item
1031 2643 1131 2667 desunt
1147 2642 1241 2667 omnia
1258 2641 1285 2667 in
1298 2640 1365 2667 Luc.
1416 2641 1427 2656 ³
1438 2640 1508 2667 idem
1519 2647 1597 2666 conc.
1615 2638 1668 2665 sub

939 2680 1028 2706 'idem
1039 2685 1116 2706 conc.
1155 2677 1308 2707 'Anianus,
1329 2679 1358 2704 et
1373 2674 1532 2710 postihunc
1550 2673 1666 2710 Abiljus.

1584 2743 1619 2777 ι,
1639 2747 1668 2770 et

63 2707 555 2779 iiiéﬁ'éoncﬁ'ﬁééﬁé‘dnﬁéﬁs'ma
572 2715 714 2746 Evodium.
728 2707 791 2750 post
805 2707 842 2750 qu

65 2753 106 2779 An.
119 2754 160 2779 55.
176 2762 209 2779 ex
220 2761 346 2779 versione
358 2754 435 2779 Dion.
472 2758 545 2779 κιαιιι
555 2753 665 2778 citatur.
704 2750 725 2766 “
738 2749 767 2777 S.
788 2749 842 2777 Leo

901 2713 1036 2750 lgnatium
1089 2713 1172 2740 ’dist.
1185 2711 1232 2745 22,
1245 2707 1424 2739 Sacrosaticta
1437 2709 1514 2737 Rom.
1569 2709 1591 2726 “
1599 2707 1667 2736 Cant.

889 2757 905 2777 ι.
931 2750 982 2779 δι.
1001 2756 1026 2776 c.
1048 2748 1093 2775 ll.
1132 2748 1154 2764 "
1166 2755 1244 2779 pares
1268 2749 1363 2773 essent.
1411 2744 1434 2761 ⁸³
1447 2743 1501 2772 Sir.
1518 2743 1619 2779 apud,
1639 2747 1667 2779 ct

65 2753 106 2788 δι’.
119 2754 160 2788 55,
176 2762 209 2783 ex
220 2755 346 2782 versione
358 2754 435 2781 Dion.

499 2751 665 2787 guicltatur.
687 2748 776 2787 __“_‘S._
788 2748 842 2777 Leo
863 2757 905 2784 ep.
915 2748 966 2787 :85
974 2756 1032 2787 ,ηιξ
1048 2748 1093 2775 ll.
1132 2748 1154 2764 "
1164 2755 1251 2787 pares
1262 2749 1363 2787 _e_uet_tt.

64 2779 210 2826 1ιῖιάᾴῖἏᾷ
223 2779 263 2826 ἔξ
270 2779 646 2826 ἶξιιῖεἷᾶπᾲὲτῆξκειξαλῇς.
685 2785 708 2800 ⁸³
716 2784 788 2826 Psal.
795 2779 951 2826 _xcvui,_§_.‘
975 2779 1005 2826 ’γ
1015 2783 1093 2826 Rom.
1106 2791 1152 2826 xlv:
1162 2779 1210 2826 ἒς.
1230 2780 1356 2826 Matth.
1369 2787 1451 2815 mu,
1467 2779 1511 2809 ll.

1411 2744 1434 2761 ⁸³
1447 2743 1501 2772 Sir.
1518 2751 1561 2796 ep.
1584 2743 1619 2777 ι,
1639 2747 1668 2770 et

1411 2787 1451 2807 Ill.
1467 2779 1511 2807 ll.
1549 2777 1668 2807 ’Πρω

168 2813 214 2841 Ἶἶὶ
412 2813 527 2850 Π¹⁹νάἶει
538 2813 582 2848 ἓξ.
600 2813 775 2849 sacrosancta
792 2820 843 2847 Ron

894 2813 962 2846 ηδ.
982 2818 1047 2852 Leo,
1063 2825 1105 2853 ep.
1121 2819 1168 2849 84.
1183 2813 1261 2854 “sit.
1279 2823 1322 2852 ep.
1333 2815 1368 2845 2..
