1916 3104
202 133 254 161 ﬁlii

863 121 1035 152 ANACLETI
1053 116 1155 147 ΡΛΡᾸΞ

201 201 271 226 esse,
288 186 433 219 antedictis
457 186 621 215 testimoniis
643 182 806 213 deciratur.
834 179 896 210 Haec
919 188 984 209 vero
999 181 1022 209 Α
1036 184 1149 212 cusent,
1164 177 1226 205 ut"
1242 177 1376 213 (plebibus
1393 170 1677 211 languescentibus“,
1692 169 1737 196 vel
1754 167 1827 196 ma!a

201 237 348 274 apostolica
361 234 440 264 sedes
451 233 534 261 cardo
545 236 573 259 et
584 235 664 266 caput
675 230 716 265 (ut
727 231 886 265 pretactum
895 227 917 243 “
932 227 985 260 est)

201 273 324 313 omnium
338 279 534 311 Ecclesiarum,
543 285 559 305 a
572 276 699 309 Domino,
713 280 739 303 et
751 282 804 302 non
817 274 853 302 ab
864 273 930 305 alio,
944 277 987 300 est

202 330 364 360 constituta.
382 326 417 353 Et
427 325 500 353 sicut
510 323 621 352 cardine
633 321 735 350 ostium
748 320 862 356 regitur,
881 319 920 346 sic
933 318 987 346 bu-

201 379 247 414 jus
259 378 361 404 sanctae
377 372 449 401 sedis
465 369 626 398 auctoritate
649 374 745 396 omnes
760 366 889 395 Ecclesiae
902 386 910 399 ,
932 364 987 392 Do-

203 424 278 452 mino
291 422 462 456 dispOnente,
477 420 619 453 reguntur.

587 472 619 499 V.

207 527 268 554 Non
283 523 460 552 admittendos
474 521 509 548 ad
528 519 723 554 accusationem
742 517 794 543 sive
811 515 845 542 att
869 514 989 554 testimo-

348 549 428 586 aitteu
436 556 536 584 inimwi
546 556 661 589 fuerunt,
671 556 695 579 et
704 552 735 578 de
742 549 977 583 extrcntojudicio.

241 609 264 625 ²¹
274 608 454 635 Accusatores
469 606 560 630 autem
575 605 602 628 et
616 603 697 627 testes
709 605 771 625 esse
788 604 841 623 non
856 598 990 630 possunt,

206 655 253 692 qui
269 657 333 682 ante
345 652 504 679 hesternum
522 647 594 675 diem
610 650 658 673 aut
671 643 871 672 nudiustertius
886 640 990 668 inimici

206 687 328 732 fuerunt,
341 705 376 726 ne
388 696 460 729 irati,
473 701 572 722 nocere
583 692 708 727 cupiant,
719 689 761 717 vel
775 688 843 722 laesi,
856 695 885 715 se
897 687 992 714 ulcisci

208 747 302 774 velint.
316 744 340 760 “
354 741 507 770 lnoﬁ'ensus
529 738 612 774 igitur
632 739 824 764 accusatorum
840 737 867 761 et
882 733 992 760 testium

208 790 322 819 aﬁectus
336 785 500 823 quazrendus
511 787 571 816 est,
590 786 618 810 et
633 789 687 809 non
703 782 858 814 suspectus.
873 777 992 805 Causam

208 835 282 864 enim
313 822 431 861 vestram
458 829 547 857 alieno
569 827 654 855 nolite
681 824 853 853 committere
871 822 992 858 judicio:

209 880 288 908 valde
299 878 372 907 enim
386 877 510 911 iniquum
526 877 569 901 est
580 893 588 906 ,
603 876 634 900 ut
648 870 760 899 omissis
774 870 832 897 suis
844 890 851 902 ,
868 869 913 896 alii
935 868 995 904 qui-

210 926 277 953 libet
289 923 405 952 aliorum
420 927 449 948 se
464 919 556 948 causis
567 917 754 949 immisceant;
772 914 902 950 quoniam
915 913 997 941 nullis

210 971 238 998 in
250 970 320 998 locis
332 966 482 1004 spiritualis
490 966 523 981 "'
536 971 603 992 cura
614 963 715 995 deﬁcit,
730 961 777 990 sed
790 968 820 988 se
832 967 881 995 per
893 955 996 992 omnia,

210 1020 375 1053 quocunque
389 1020 490 1041 nomen
505 1010 553 1038 Dei
575 1009 740 1045 pradicatur
751 1028 758 1041 ,
777 1005 909 1034 estendit.
933 1004 997 1032 Stu-

211 1051 329 1090 dendum
342 1064 384 1088 est
399 1057 528 1086 omnibus
539 1076 547 1090 ,
572 1063 607 1084 ne
622 1056 664 1090 (ut
675 1055 749 1090 sunt)
771 1052 960 1081 aemulationes
974 1051 998 1067 "

212 1109 291 1137 mala
302 1127 311 1140 ,
328 1106 376 1135 sed
390 1105 443 1141 pia:
457 1103 513 1132 sint
525 1103 596 1131 inter
616 1108 666 1129 vos
688 1099 863 1132 dilectiones;
887 1098 952 1133 quia
969 1098 997 1125 in

212 1155 266 1182 hoc
279 1160 328 1180 vos
341 1157 436 1180 omnes
449 1148 556 1176 Domini
568 1145 714 1181 discipulos
728 1152 790 1173 esse
809 1151 890 1171 veros
914 1150 999 1170 nove-

212 1200 284 1233 ritis,
299 1199 322 1226 si
335 1196 501 1224 dilectionem
524 1192 669 1220 habueritis
681 1191 715 1218 ad
725 1191 847 1218 invicem.
869 1189 908 1216 Ex
923 1189 998 1216 omni

212 1253 279 1282 ergo
309 1250 407 1279 genere
431 1241 565 1277 plurimos
589 1238 662 1266 Deus
687 1237 815 1272 dignatur
842 1236 997 1268 attrahere,

213 1299 284 1328 quos
294 1291 318 1307 "
332 1294 426 1318 erutos
439 1287 473 1315 de
488 1289 622 1322 potestate
637 1284 810 1311 tenebrarum
824 1303 830 1315 ,
854 1282 1001 1309 transferat

214 1341 242 1368 in
256 1345 368 1374 regnum
376 1336 438 1364 Filii
452 1333 596 1363 cbaritatis
606 1340 673 1365 suae,
685 1336 712 1360 et
726 1331 760 1359 de
773 1331 847 1358 vasis
863 1330 909 1357 ire
920 1329 1002 1357 faciat

214 1394 280 1414 vasa
305 1381 510 1412 misericordia.
536 1379 614 1407 Unde
639 1378 718 1405 nobis
744 1383 917 1410 summopere
943 1379 1001 1403 stu-

215 1432 333 1460 dendum
348 1433 410 1462 est,
433 1432 464 1455 ut
486 1429 678 1461 cooperatores
703 1424 791 1451 simus
818 1423 912 1458 gratiae
932 1421 1000 1455 Dei;

215 1479 282 1516 quia
296 1477 331 1506 ad
343 1477 397 1504 hoc
411 1474 501 1503 vocati
515 1479 624 1505 sumus,
640 1471 756 1506 ejusque
774 1469 902 1496 familiari
918 1468 1003 1496 collo-

1037 224 1193 261 agentibus,
1208 231 1262 251 non
1275 222 1432 251 tenentibus
1446 219 1602 256 pastoribus
1619 216 1697 244 frena
1717 215 1828 248 eorum)

1037 259 1193 304 lasciviant,
1205 274 1286 305 atque
1298 269 1326 296 ln
1341 268 1396 296 ima
1412 271 1503 295 ruant.
1519 265 1541 282 ³⁷
1556 264 1671 292 Multum
1686 269 1755 290 vero
1786 259 1830 288 di-

1040 321 1115 346 stant
1126 317 1227 345 damna
1242 323 1351 343 morum
1368 322 1383 341 a
1398 313 1505 341 damnis
1515 319 1605 340 rerum
1617 307 1812 344 temporalium
1822 327 1830 340 ,

1040 372 1103 393 cum
1125 364 1178 392 ista
1191 367 1267 391 extra
1283 369 1333 389 nos
1343 361 1415 393 sint,
1431 360 1478 387 illa
1489 365 1554 386 vero
1569 357 1596 384 in
1610 355 1703 384 nobis.
1719 353 1743 370 "'
1760 352 1831 380 Sen-

1040 412 1124 440 tentia
1140 417 1251 447 qu0que
1262 409 1349 436 Cham
1369 407 1417 434 fdii
1430 406 1486 434 Noe
1505 405 1673 433 damnantur
1693 401 1743 436 qui
1767 406 1831 427 suo-

1041 465 1101 485 rum
1116 445 1257 484 doctorum
1273 453 1314 480 vel
1335 451 1545 488 praepositorum
1561 449 1670 484 culpam
1690 445 1831 482 produnt.

1042 510 1091 530 ceu
1102 501 1188 529 Cham
1201 521 1209 533 ,
1225 499 1271 535 qui
1293 498 1380 534 patris
1401 496 1525 532 pudenda
1549 502 1604 523 non
1627 492 1760 529 operuit,
1786 490 1832 518 sed

1042 548 1129 584 magis
1150 545 1297 575 deridenda
1313 543 1478 572 monstravit
1486 543 1518 570 ³⁸.
1533 541 1556 557 ⁸ο
1568 540 1669 568 Doctor
1681 543 1777 566 autem
1792 535 1834 563 vel

1042 582 1136 629 pastor
1148 592 1277 621 Ecclesia:
1287 611 1298 626 ,
1312 590 1335 619 si
1348 597 1364 617 a
1376 588 1429 617 ﬁde
1440 587 1634 616 exorbitaverit
1644 605 1653 618 ,
1668 585 1724 612 erit
1738 592 1754 611 a
1767 582 1833 611 ﬁde-

1044 641 1116 668 libus
1129 639 1323 674 corrigendus:
1338 638 1384 666 sed
1400 645 1452 674 pro
1466 633 1590 670 reprobis
1602 631 1731 660 moribus
1747 629 1835 665 magis

1044 691 1086 714 est
1095 686 1267 720 tolerandus,
1278 693 1361 721 quam
1372 682 1587 718 distringendus,
1601 680 1666 716 quia
1675 679 1698 696 δι
1712 682 1836 706 rectores

1045 732 1173 761 Ecclesia
1188 740 1204 760 ιι
1216 732 1272 760 Deo
1286 731 1426 767 judicandi
1445 732 1520 760 sunt,
1537 727 1608 755 sicut
1625 725 1664 753 ait
1678 723 1835 760 propheta:

1046 780 1116 807 Deus
1135 779 1208 806 stetit
1232 779 1260 806 in
1277 777 1419 813 Syuagoga
1439 776 1566 807 deorum,
1591 773 1619 800 in
1644 771 1734 798 medio
1749 775 1837 796 autem

1046 828 1107 854 deos
1123 825 1255 860 dijudicat
1265 825 1297 851 δ’.
1315 823 1392 851 Unde
1408 825 1514 857 oportet
1528 823 1758 854 unumquemque
1772 815 1837 842 Iide-

1012 861 1032 887 Β
1047 874 1110 905 lem,
1126 872 1149 900 si
1163 871 1260 899 viderit
1278 873 1327 897 aut
1342 867 1501 904 cognoverit
1516 866 1608 901 plebes
1623 863 1762 905 adversus
1795 866 1840 895 pa-

1043 923 1230 946 storemsuum
1243 920 1396 943 tumescere
1409 934 1417 946 ,
1449 916 1497 940 aut
1511 913 1607 938 contra
1626 908 1735 935 clerum
1748 904 1839 931 detra-

1047 964 1185 993 ctionibus
1198 969 1307 995 vacare,
1318 961 1372 988 hoc
1382 959 1477 987 vitium
1493 965 1543 993 pro
1554 955 1659 983 viribus
1671 952 1838 985 exstirpare.

1048 1010 1252 1046 prudenterque
1274 1007 1412 1043 corrigere
1424 1009 1540 1040 satagat.
1556 1002 1612 1030 Nec
1625 1001 1666 1029 eis
1680 1000 1710 1028 in
1725 998 1840 1035 quibus-

1048 1065 1156 1092 cnnque
1170 1055 1287 1092 negotiis
1299 1053 1429 1086 misceri,
1450 1052 1473 1080 si
1488 1048 1688 1084 incorrigibiles
1704 1052 1842 1082 apparue-

1050 1105 1114 1137 rint,
1129 1107 1276 1138 antequam
1292 1108 1343 1129 suo
1358 1098 1569 1127 reconcilientur
1582 1093 1709 1127 doctori,
1735 1098 1841 1127 praesu-

1050 1154 1123 1177 mat:
1143 1149 1274 1184 quoniam
1283 1147 1306 1163 "
1329 1145 1419 1174 tam“
1436 1143 1610 1175 sacerdotes,
1635 1147 1721 1175 quam
1744 1135 1842 1171 reliqui

1051 1196 1143 1224 ﬁdeles
1154 1201 1261 1226 omnes,
1273 1199 1409 1221 summam
1422 1198 1516 1219 curam
1529 1189 1631 1216 habere
1639 1186 1745 1215 debent
1755 1186 1790 1214 de
1801 1185 1843 1213 bis

1050 1242 1097 1278 qui
1108 1244 1232 1277 pereunt.
1247 1242 1384 1274 quatenus
1398 1244 1494 1264 eorum
1509 1234 1704 1268 redargutione
1721 1236 1772 1259 aut
1784 1239 1844 1259 cor-

1053 1289 1176 1324 rigantur
1187 1293 1202 1313 a
1213 1283 1348 1320 peccatis,
1361 1287 1418 1315 aut.
1438 1282 1462 1310 si
1483 1280 1684 1316 incorrigibilcs
1706 1285 1843 1314 apparue-

1052 1333 1115 1366 rint,
1128 1332 1162 1360 ab
1173 1330 1296 1359 Ecclesia
1307 1332 1478 1364 separentur.

1087 1388 1110 1405 ⁸³
1123 1387 1163 1415 Ita
1179 1394 1244 1423 ergo
1255 1385 1279 1402 “
1292 1386 1388 1414 beatus
1401 1383 1527 1420 princeps
1538 1381 1728 1417 apostolorum
1747 1379 1845 1407 Petrus

1052 1435 1086 1463 de
1106 1439 1202 1463 sancto
1221 1432 1421 1468 praedecessore
1440 1434 1535 1457 nostro
1558 1427 1702 1455 Clemente
1717 1425 1846 1461 plebibus

1053 1479 1228 1516 pradicando
1240 1499 1248 1512 ,
1271 1477 1382 1513 quando
1406 1476 1522 1504 docebat
1535 1482 1582 1502 eas
1598 1473 1719 1509 qualiter
1735 1472 1763 1499 ei
1784 1471 1847 1498 obe-

216 1514 282 1562 quio
294 1522 410 1556 sociati,
427 1526 454 1548 et
468 1519 624 1548 sacerdotes
647 1517 767 1549 saerati,
792 1520 823 1543 ut
847 1514 1037 1559 frnctuowsc
1054 1514 1113 1554 uiue
1138 1525 1290 1557 deberem,
1314 1529 1432 1557 eumque
1459 1521 1626 1553 observare,
1650 1518 1724 1546 inter
1748 1522 1846 1545 πίθῃ

218 1561 257 1600 illi
270 1569 425 1605 manipulos
436 1570 608 1602 reportemus
618 1585 626 1598 ,
642 1567 808 1598 cooperante
827 1562 914 1597 gratia
930 1561 1001 1596 ejus.

218 1618 241 1634 "
252 1616 368 1645 Necesse
379 1619 421 1642 est
435 1613 509 1641 enim
521 1633 529 1645 ,
546 1616 576 1638 ut
590 1615 710 1638 rectores
724 1616 741 1636 a
755 1607 872 1635 subditis
887 1608 1003 1635 timean-

219 1670 275 1694 tur.
289 1663 324 1690 ab
337 1661 460 1696 ipsisque
471 1657 644 1692 corrigantur
656 1676 664 1689 ,
680 1659 710 1682 ut
723 1655 843 1682 humana
860 1653 1005 1681 formidine

219 1717 333 1746 peccare
345 1710 478 1739 metuant,
492 1704 540 1739 qui
552 1702 643 1730 divina
654 1701 757 1737 judicia
774 1708 829 1728 non
844 1699 1003 1728 formidant.

221 1757 243 1774 "
258 1754 412 1783 Deteriores
423 1751 526 1787 quippe
536 1753 612 1780 sunt,
624 1747 671 1782 qui
687 1747 832 1775 doctorum
845 1746 929 1773 vitam
945 1752 1006 1772 mo-

219 1809 320 1837 resque
340 1800 539 1832 corrumpunt,
559 1795 603 1822 bis
624 1793 671 1828 qui
694 1792 864 1820 substantias
888 1791 1005 1819 aliorum

221 1844 407 1885 praediaque“
424 1842 566 1877 diripiunt.
591 1839 644 1874 Ipsi
669 1838 742 1866 enim
752 1838 774 1854 “
799 1845 831 1865 ea
853 1845 914 1873 qua).
928 1842 1006 1865 extra

221 1883 271 1923 nos
283 1914 292 1927 ,
315 1893 379 1920 licet
394 1894 488 1918 nostra
504 1890 569 1915 sunt
580 1905 588 1918 ,
612 1883 758 1911 auferunt:
778 1884 863 1911 nostri
880 1887 972 1911 autem
983 1883 1006 1899 ³⁸

220 1942 399 1971 detracturos,
413 1941 440 1964 et
453 1941 559 1962 morum
572 1935 750 1965 corruptores
763 1934 932 1963 nostrorum,
949 1929 1007 1957 sive

222 1987 268 2022 qui
282 1986 412 2013 adversus
427 1989 478 2010 n0s
494 1985 637 2008 armantur
650 2001 657 2013 ,
680 1977 789 2014 proprie
804 1984 855 2004 nos
869 1976 945 2011 ipsos
958 1976 1006 2003 de-

222 2020 377 2066 cerpunt“.
391 2027 426 2055 Et
436 2027 497 2055 ideo
508 2026 583 2061 juste
600 2025 716 2052 infames
731 2026 806 2054 sunt,
822 2026 848 2049 et
862 2021 960 2048 merito
973 2020 1007 2048 ab

222 2075 346 2105 Ecclesia
360 2072 482 2102 eitorres
501 2071 580 2099 ﬁunt.
592 2071 614 2086 "
635 2069 688 2096 Pro
704 2067 809 2095 meritis
827 2074 892 2102 ergo
909 2066 1007 2102 plebis,

223 2130 295 2158 saepe
305 2124 429 2157 pastores
444 2119 628 2153 depravantur
641 2113 770 2142 Ecclesiae
784 2133 791 2146 ,
811 2117 841 2140 ut
860 2112 1008 2148 proclivius

223 2156 357 2196 corruant
377 2164 426 2200 qui
449 2166 611 2198 sequuntur.
629 2159 724 2194 Capite
739 2157 865 2186 videlicet
898 2156 1008 2191 langue.

1055 1572 1145 1600 ait":
1165 1580 1175 1597 t
1194 1570 1224 1598 Si
1248 1568 1376 1597 inimicus
1397 1572 1439 1595 est
1459 1566 1541 1594 alicui
1564 1573 1614 1600 pro
1636 1565 1749 1592 actibus
1771 1563 1845 1594 suis,

1056 1627 1104 1647 vos
1119 1618 1204 1646 nolite
1217 1619 1388 1651 exspectare,
1404 1618 1435 1642 ut
1448 1614 1506 1649 ipse
1520 1612 1601 1640 vobis
1613 1611 1698 1639 dicat.
1716 1610 1790 1638 Cum
1803 1610 1847 1636 illo

1056 1665 1140 1693 nolite
1153 1662 1234 1691 amici
1249 1669 1327 1690 esse:
1345 1661 1392 1689 sed
1407 1659 1554 1695 prudenter
1567 1657 1716 1685 observare
1729 1655 1846 1686 debetis.

1055 1715 1083 1738 et
1100 1708 1236 1737 voluntati
1263 1707 1324 1742 ejus
1349 1706 1452 1741 absque
1473 1703 1689 1733 commonitione
1711 1701 1849 1729 obsecun-

1056 1755 1136 1788 dare,
1150 1758 1177 1782 et
1191 1756 1315 1781 avertere
1329 1759 1379 1779 vos
1393 1751 1428 1778 ab
1442 1758 1491 1783 eo,
1509 1749 1553 1777 cui
1569 1749 1660 1783 ipsum
1674 1747 1789 1775 sentitis
1804 1747 1849 1774 ad-

1057 1808 1182 1828 versum:
1195 1799 1242 1827 sed
1255 1806 1305 1826 nec
1315 1797 1390 1832 loqui
1401 1796 1445 1824 bis
1459 1795 1560 1831 quibus
1575 1795 1633 1830 ipse
1643 1801 1700 1822 non
1714 1793 1847 1828 loquitur.

1057 1851 1087 1874 ut
1109 1844 1301 1880 unusquisque
1325 1843 1372 1879 qui
1387 1842 1415 1870 in
1431 1843 1510 1877 culpa
1532 1846 1591 1872 est.
1607 1841 1672 1868 dum
1698 1840 1780 1874 cupit
1793 1847 1848 1866 om-

1057 1891 1134 1918 nium
1148 1895 1270 1918 vestrum
1285 1888 1421 1916 amicitias
1436 1887 1518 1918 ferre,
1535 1886 1644 1913 iestinet
1657 1885 1743 1913 citius
1755 1892 1848 1912 recon-

1058 1937 1145 1965 ciliari
1162 1937 1187 1964 ei
1203 1937 1250 1972 qui
1263 1935 1392 1964 omnibus
1405 1937 1513 1969 praeest,
1529 1938 1559 1960 ut
1573 1940 1622 1967 per
1637 1931 1690 1958 hoc
1707 1931 1805 1959 redeat
1817 1930 1846 1957 ad

1059 1983 1185 2015 salutem,
1200 1989 1262 2009 cum
1279 1980 1390 2008 obedire
1405 1979 1520 2014 cmperit
1535 1978 1646 2005 monitis
1662 1977 1846 2010 praesidentis.

1059 2028 1088 2056 Si
1100 2035 1165 2056 vero
1179 2027 1242 2063 quis
1254 2026 1360 2055 amicus
1374 2025 1456 2053 fuerit
1469 2025 1512 2052 his
1524 2024 1625 2059 quibus
1639 2023 1698 2058 ipse
1718 2030 1776 2049 non
1795 2026 1846 2053 est,

1057 2079 1085 2102 ct
1104 2074 1213 2101 locutus
1241 2071 1324 2100 fuerit
1348 2071 1392 2098 his
1415 2071 1516 2105 quibus
1540 2070 1598 2104 ipse
1624 2076 1680 2095 non
1707 2068 1846 2102 loquitur,

1059 2127 1130 2147 unus
1142 2122 1185 2146 est
1198 2123 1225 2146 et
1240 2117 1297 2153 ipse
1314 2125 1347 2145 ex
1363 2116 1416 2143 illis
1431 2116 1479 2151 qui
1495 2114 1678 2143 exterminare
1695 2113 1745 2140 Dei
1759 2113 1847 2140 Eccle-

1059 2166 1128 2193 siam
1142 2165 1256 2197 volunt;
1276 2172 1286 2190 ι
1305 2169 1332 2191 et
1343 2163 1457 2197 reliqua.
1479 2160 1527 2188 llis
1549 2161 1665 2195 aliisque
1686 2167 1774 2195 quam
1789 2159 1846 2194 plu-

218 2216 319 2244 scente,
329 2211 436 2238 facilius
451 2209 556 2242 reliqua
571 2205 692 2234 membra
706 2204 828 2238 corp0ris
840 2202 1006 2236 inﬁciuutur,
1025 2207 1045 2234 υ
1060 2211 1137 2239 rimis
1161 2209 1333 2238 documentis
1345 2229 1353 2242 ’
1380 2208 1462 2236 facile
1489 2206 1678 2241 unusquisque
1708 2205 1848 2232 “verum

227 2263 256 2285 ut
268 2257 400 2291 scriptum
415 2259 475 2282 est:
494 2253 578 2280 Omne
599 2255 678 2286 caput
702 2249 858 2285 languidum
869 2268 877 2281 ,
892 2252 916 2275 et
932 2255 1007 2274 omne

227 2313 272 2332 cor
285 2310 406 2332 mwrcns.
426 2301 449 2328 Α
462 2301 555 2335 planta
568 2297 640 2333 pedis
655 2305 736 2333 usque
751 2296 785 2323 ad
799 2295 921 2323 verticem
937 2295 1012 2329 capi-

227 2351 273 2382 tis,
287 2357 339 2376 non
352 2352 390 2375 est
406 2347 434 2374 in
447 2353 477 2373 eo
493 2344 593 2372 sanitas
603 2343 635 2370 ⁸³.
649 2341 819 2378 Quapropter
836 2339 1010 2368 manifestum

227 2400 280 2430 est,
293 2393 433 2423 diabolum
448 2391 505 2427 (qui
518 2391 586 2418 sicut
602 2389 641 2416 leo
664 2389 768 2424 rugiens
784 2387 878 2414 circuit
893 2394 1011 2422 quwreus

227 2450 304 2477 quem
317 2440 399 2476 possit
414 2439 539 2466 devorare
549 2436 581 2471 “)
596 2435 725 2463 cordibus
742 2433 861 2469 plebium
877 2432 1010 2464 suadere,

229 2493 258 2516 ut
271 2487 396 2515 doctores
410 2490 492 2519 atque
506 2487 631 2519 pastores
645 2487 712 2509 suos
726 2478 942 2507 detractionibus
966 2485 1011 2505 ac-

269 2593 348 2619 “ms.
369 2591 481 2626 factum,
501 2588 571 2616 forte
588 2587 694 2626 fatum‘;
711 2589 742 2625 Iet
758 2585 791 2626 ab
818 2591 860 2626 eo_
878 2584 975 2626 absunt
989 2584 1049 2611 duae
1067 2591 1212 2626 sequentes
1223 2594 1304 2614 voces
1317 2586 1434 2613 omnium
1448 2584 1635 2611 Εσειρδίανωη,

230 2617 400 2655 Accusator-les
415 2617 502 2652 autem
516 2629 540 2650 et
557 2617 643 2649 testes.
663 2619 696 2647 Et.
711 2620 737 2646 in
756 2619 823 2646 Decr
833 2617 906 2655 _Ivo.
923 2620 970 2646 lib.
985 2627 1029 2655 μιν.

231 2653 413 2689 ιιόιιάςτηιιιαι.
452 2659 552 2687 "Idem
570 2665 602 2692 cp
633 2657 657 2683 I.
678 2663 701 2683 ε.
716 2655 758 2692 ii.
796 2655 818 2670 ἐ
830 2653 858 2681 S.
875 2654 954 2689 (ἔπνεις.
980 2653 1056 2692 Ruit.
1074 2663 1099 2689 p.
1115 2665 1144 2688 ιι,
1160 2666 1184 2685 c.
1197 2659 1221 2684 6.
1262 2653 1330 2688 "'VI,
1343 2664 1371 2691 q.
1385 2657 1411 2688 l,
1424 2655 1573 2682 Deteriores
1584 2659 1655 2680 sunt.

995 2689 1015 2704 ³¹
1026 2690 1157 2725 decipiunt
1188 2693 1265 2723 alias.
1277 2689 1417 2725 diripiunt.

231 2698 305 2725 Sent.
324 2705 367 2728 ιιι,
383 2697 426 2724 38.
478 2696 500 2711 ³⁹
510 2702 562 2721 ms.
584 2690 682 2718 autem.
695 2724 707 2728 Α
734 2690 816 2728 '°_t_n_s.
835 2698 945 2723 quoque.

232 2724 323 2759 έδιδιιι.
346 2724 366 2763 ι,
386 2732 413 2763 5,
432 2731 458 2758 ti.
495 2728 537 2754 ³⁸1
559 2728 640 2763 Pctr._
649 2733 676 2758 v,
693 2724 722 2763 81
757 2725 900 2763 “irrogari!
919 2724 967 2763 iret.

1021 2725 1042 2762 ’ξ
1055 2725 1249 2762 languentibus.
1290 2728 1310 2743 ³⁷
1330 2725 1403 2753 Idem
1426 2725 1491 2762 Isid.

1060 2261 1149 2292 potest
1169 2256 1288 2292 qualiter
1309 2255 1422 2283 obedire
1437 2259 1464 2282 et
1477 2254 1668 2287 obtemperare
1683 2251 1769 2279 debet
1783 2257 1849 2286 prae-

1063 2302 1161 2338 positis
1175 2302 1244 2335 suis,
1257 2306 1284 2330 et
1296 2301 1413 2336 qualiter
1428 2300 1500 2328 circa
1514 2307 1562 2327 eos
1576 2298 1713 2333 agendum
1728 2298 1777 2329 sit,
1791 2297 1849 2332 qui-

1059 2348 1110 2375 bus
1125 2347 1176 2382 ipsi
1194 2351 1243 2374 aut
1257 2347 1337 2375 amici
1355 2350 1437 2378 sunt,
1456 2350 1504 2373 aut
1520 2344 1635 2372 initnici.
1656 2343 1685 2370 Si
1699 2344 1766 2378 quis
1779 2343 1848 2370 enim

1061 2393 1118 2421 haec
1137 2398 1271 2429 praecepta
1287 2401 1340 2420 non
1359 2392 1567 2425 observaverit,
1591 2391 1679 2418 hostis
1695 2394 1740 2417 est
1754 2390 1849 2417 animae

1060 2445 1134 2470 suae;
1149 2443 1245 2466 etnon
1257 2443 1362 2466 tantum
1379 2437 1489 2465 infamis
1500 2458 1507 2471 ,
1523 2437 1570 2465 sed
1585 2441 1611 2463 et
1625 2434 1848 2463 excommunica-

1061 2489 1117 2517 tus,
1134 2490 1217 2520 atque
1238 2485 1344 2513 alienus
1361 2484 1395 2512 ab
1408 2483 1530 2512 Ecclesia
1545 2482 1698 2515 eﬂiciatur;
1721 2480 1846 2516 quoniam

1689 2584 1763 2615 "in,
1778 2590 1803 2617 q.
1820 2581 1845 2612 5,

1417 2621 1449 2636 ²⁸⁴
1460 2619 1487 2647 S.
1503 2620 1571 2647 (Icel.
1583 2627 1627 2653 ep.
1640 2618 1668 2645 2.
1707 2618 1732 2634 ’λ
1741 2626 1791 2644 ms.
1821 2622 1845 2642 at

1424 2655 1573 2680 Deteriores
1584 2659 1655 2680 sunt.
1709 2654 1731 2670 ³³
1741 2652 1769 2680 S.
1785 2652 1843 2679 Isid.

1465 2672 1573 2682 ωηυιιο
1584 2672 1655 2680 ........
1741 2672 1769 2680 ν.

1463 2689 1524 2717 "S.
1557 2689 1618 2716 Isid.
1646 2694 1719 2715 sent.
1742 2696 1784 2717 ιιι,
1802 2687 1843 2713 23.

1542 2725 1603 2754 ³⁸ιι,
1618 2732 1646 2755 ιι.
1662 2724 1677 2749 7
1690 2745 1698 2755 ,
1715 2723 1843 2751 Sententia

1081 2621 1103 2636 ¹²
1114 2621 1142 2648 S.
1158 2622 1253 2650 Ainbr.
1266 2630 1309 2655 ep.
1321 2621 1366 2648 δι.

233 2758 326 2794 (litant.
359 2758 386 2783 ’³⁸
396 2758 462 2794 (ien.
476 2773 514 2792 nt.
553 2761 610 2788 “In
621 2761 699 2787 Decr.
713 2761 769 2789 lvo.
784 2760 831 2786 lib.
844 2758 879 2785 iv.
919 2758 998 2786 “Idel

233 2802 312 2817 suum
339 2802 398 2817 om.
426 2808 454 2817 ...
488 2801 519 2817 At:
568 2796 682 2817 “ﬁniet.
699 2801 710 2817 ι
726 2815 732 2817 .
749 2794 781 2817 ad
805 2793 935 2817 Iacobum
949 2814 955 2817 _
973 2801 998 2817 tu

1051 2760 1092 2787 iid-
1102 2758 1112 2762 ’
1132 2763 1153 2778 ’⁵²
1162 2763 1234 2790 I’sal.
1244 2771 1335 2792 tum.
1347 2762 1372 2788 I.
1410 2761 1433 2776 ⁸³
1444 2768 1518 2791 xxrv,
1532 2768 1559 2794 q.
1573 2759 1601 2794 5,
1612 2758 1678 2785 Tam
1691 2759 1842 2785 sacerdota.

1055 2799 1246 2817 lvrnrnlnlinnn
1278 2797 1362 2817 Rulini
1391 2800 1417 2817 pl
1431 2796 1494 2817 diu.
1507 2795 1553 2817 93.
1568 2794 1596 2817 Si
1613 2795 1748 2817 inimicus-
1774 2799 1799 2817 El
1820 2800 1842 2817 III

233 2781 326 2794 ‘l'lu'll.
367 2781 383 2783 ’⁷
397 2781 462 2794 “CII:
476 2781 514 2792 Ila
582 2781 610 2788 ιιι
621 2781 682 2787 ννν-
692 2781 699 2786 v
713 2781 769 2789 μιν.
784 2781 831 2786 ι-η-
845 2781 850 2785 .
860 2781 879 2785 ν-
948 2781 998 2786 -..νη

233 2802 324 2828 “Isid.
337 2802 399 2839 sent
426 2808 467 2839 ιιι,
485 2801 530 2826 46.
568 2796 682 2839 “Epist.
698 2801 734 2839 τε,
749 2793 935 2839 adjacubum
948 2801 998 2839 ,“ci

1055 2781 1376 2839 terpretatititie“
1391 2800 1418 2825 et

235 2838 335 2864 dun-ct.
350 2836 448 2863 Leonis
460 2829 549 2869 papa;
589 2829 671 2858 “ius.
690 2830 734 2856 Ait
750 2837 820 2864 ergo.
860 2829 939 2856 "ius.
955 2829 1004 2855 ita.
