1916 3104
62 176 102 204 κει
680 175 827 205 ΡΑδτοιι.
844 191 877 195 -
890 175 1071 204 ΡΗΟΕΕΜΙΑ.

1616 175 1669 204 8⁵22

698 232 773 266 lusit,
788 232 865 266 ibid.,
877 233 957 268 paulo
966 237 1036 268 post.

91 287 215 324 Φοδητέον
237 286 285 316 οὖν
308 290 354 317 τὸν
372 290 483 328 Κύρων,
505 291 591 326 λέγει,
611 291 651 323 εις
673 291 850 329 οἱκοδομὴνν

922 291 992 319 Dicit
1006 291 1114 326 itaque,
1134 288 1284 318 timendu
1300 298 1362 319 esse
1376 289 1520 320 Domitium
1538 291 1571 318 ad
1587 290 1671 318 zediﬂ-

62 334 110 360 ὰλλ¹
125 334 152 361 οὐ
171 335 217 362 τὸν
235 335 356 363 διάδολον
367 338 407 369 εις
422 339 621 375 καταστροφήν.
642 339 780 375 Ἔμπαλιν
792 339 832 371 δὲ,

62 377 91 404 τὰ
104 378 149 413 μὲν
163 378 230 414 ἔργα
247 378 294 407 τοῦ
311 382 424 417 Κυρίου,
437 382 561 410 τουτέστι
575 383 626 415 τὰς
639 383 757 416 ἐντολὰς,
770 384 835 418 ἁγα-

63 424 148 458 πητέον
160 425 207 452 καὶ
224 426 360 462 ποιητέον·
374 427 408 455 τὰ
421 428 449 456 δὲ
459 428 528 465 ἔργα
541 429 588 456 τοῦ
605 429 739 462 διαῦόλου,
754 429 836 465 φοση.

63 468 112 495 τέον
126 469 171 496 καὶ
185 469 216 496 οὔ
232 471 367 506 ποιητέον.

887 338 1035 370 cntionem,
1061 336 1109 365 sed
1134 343 1189 364 non
1217 336 1357 364 diabolum
1384 337 1418 365 ad
1436 337 1614 365 eversionem.
1639 336 1671 365 Et

887 391 985 411 rursus
1000 392 1006 410 :
1023 382 1110 418 Opera
1126 382 1235 417 quidem
1258 381 1377 417 Domini,
1399 383 1452 412 hoc
1474 388 1515 411 est
1527 388 1670 418 praecepta,

885 437 946 458 esse
961 428 1098 464 diligenda
1114 433 1140 456 et
1161 428 1303 462 facienda;
1324 437 1408 464 opera
1432 437 1498 457 vero
1515 429 1618 458 diaboli
1636 429 1670 456 ti-

885 476 982 503 menda
995 483 1066 508 esse,
1083 479 1110 502 et
1126 482 1180 503 non
1195 474 1327 502 facienda.
1347 475 1404 503 Lib.
1420 484 1451 509 tt,
1464 475 1553 503 mund.
1570 483 1617 503 vn.

634 538 698 567 inut
709 560 716 572 ,
735 539 815 572 ibid.,
831 541 922 575 paucis
937 539 1092 574 interjectis.

96 598 121 625 '0
134 598 161 625 δὲ
174 597 256 630 αὐτὸς
271 598 318 624 καὶ
335 597 385 633 τὴν
402 596 546 633 μετάνοιαν
564 596 670 624 σύνεσιν
685 594 755 624 εἶναι
768 605 834 632 φησι

62 644 179 680 μεγάλην.
205 643 354 671 Μετανοῶν
367 643 422 678 γὰρ
443 643 485 677 ἐφ’
500 640 541 674 οἷς
563 642 694 678 ἔδρασεν,
720 643 771 670 οὐκ
795 643 834 670 ἔτι

61 690 149 726 ποιεῖῆ
163 691 245 725 λέγει.
260 690 416 722 Βασανίξων
433 689 461 716 δὲ
474 690 516 724 ἐφ’
530 687 571 721 οἷς
582 689 690 725 ἥμαρτε
703 689 752 725 τὴν
772 691 835 717 ἑαυ-

60 736 99 763 τοῦ
109 736 202 772 ψυχὴν,
220 736 394 772 ἁγαθοεργεῖ.
409 736 523 770 Ἀφεσις
540 734 628 762 τοίνυν
639 734 780 771 ἁμαρτιῶν
792 743 837 770 μαε-

60 781 155 812 cavata;
168 780 292 816 διαφέρει
302 788 309 796 ·
322 780 405 815 ἄμφω
415 779 444 806 δὲ
455 779 573 806 δείκνυσι
585 778 619 805 τὰ
633 778 676 813 ἐφ’
691 779 767 814 ἡμῖν.
783 777 835 804 Τὸν

59 825 98 853 οὖν
125 827 251 862 εἰληφότα
275 826 325 862 τὴν
347 825 444 860 ἄφεσιν
466 824 521 852 Ιτῶν
542 824 693 860 ἁμαρτιῶν,
721 824 771 851 οὐκ
794 823 835 850 ἔτι

59 871 212 906 ἁμαρτάνειν
229 871 283 907 χρή
294 879 301 885 ο
317 871 362 896 ἐπὶ
374 869 429 905 γὰρ
441 871 474 905 τῇ
489 869 584 906 πρώτῃ
607 870 653 896 καὶ
669 869 736 905 μόνῃ
751 878 834 905 μετα-

921 596 995 625 Idem
1016 601 1107 624 autem
1124 601 1151 625 et
1171 598 1247 631 dicit,
1266 598 1453 633 penitentiam
1477 607 1539 627 esse
1563 607 1672 628 sensum

886 650 1029 678 magnum.
1054 642 1107 676 Qui
1125 643 1198 670 enim
1218 644 1405 678 pceuitentiam
1428 644 1485 680 agit
1495 653 1591 673 eorum
1611 653 1675 681 qua

888 687 962 721 fecit,
983 695 1039 716 non
1062 688 1181 724 amplius
1196 688 1262 717 facit
1285 690 1327 718 vel
1349 690 1426 718 dicit.
1445 690 1588 726 Torquens
1608 700 1674 720 vero

888 734 1009 760 animam
1031 741 1110 761 suam
1134 739 1245 770 propter
1261 743 1294 762 ea
1312 743 1374 770 qus
1389 736 1522 771 peccavit,
1545 742 1675 772 operatur

888 779 967 806 bene.
984 778 1120 806 Remissio
1133 787 1199 814 ergo
1213 785 1388 815 peccatorum
1406 780 1496 808 diﬁ'ert
1510 789 1525 808 a
1539 781 1675 816 pmniteu-

888 825 926 852 tia
943 836 949 852 :
965 825 1047 852 ambo
1062 829 1152 852 autem
1169 825 1317 853 ostendunt
1339 834 1371 853 ea
1385 833 1447 854 esse
1463 826 1490 853 in
1512 831 1605 854 nostra
1627 835 1676 861 po-

887 876 994 899 testate.
1010 871 1078 899 Eum
1095 871 1178 907 igitur
1191 872 1238 906 qui
1252 873 1357 907 accepit
1372 873 1561 900 remissionem
1578 881 1676 908 pecca-

59 916 108 952 νοίᾳ
126 916 176 943 τῶν
189 915 331 952 ἁμαρτιῶν
351 915 438 951 (αὕτη
457 915 490 942 ἂν
507 915 549 951 εἴη
566 915 620 942 τῶν
641 914 834 951 προϋπαρξάν-

888 921 988 952 torum,
1003 926 1057 945 non
1072 922 1180 953 oportet
1190 918 1308 953 amplius
1323 925 1450 953 peccare;
1466 926 1528 946 nam
1544 919 1570 945 in
1586 919 1674 954 prima

58 972 103 990 των
114 962 180 990 κατὰ
196 963 242 990 τὸν
257 962 363 989 ὲθνικὺν
376 962 422 989 καὶ
436 961 541 996 πρῶτον
558 961 627 997 βίον·
641 961 686 988 τὸν
697 962 726 988 ἐν
739 961 834 997 ἀγνοίᾳ

57 1009 127 1044 λέγω)
138 1009 235 1036 αὐτίκα
246 1010 304 1040 τοῖς
318 1008 439 1043 κληθεῖσι
455 1008 596 1044 πρόκειται
609 1007 746 1044 μετάνοια,
756 1008 772 1043 ή
784 1016 834 1034 κα-

57 1056 172 1091 θαίρουσα
187 1055 234 1082 τὸν
250 1055 333 1082 τόπον
348 1055 399 1090 τῆς
414 1053 504 1090 ψυχῆς
523 1054 577 1081 ἀπὸ
592 1054 646 1081 τῶν
669 1053 833 1090 πλημμελη-

58 1103 147 1136 μάτων,
164 1102 206 1128 ἵνα
222 1103 240 1137 ἡ
262 1101 354 1133 πίστις
375 1100 537 1137 θεμελιωθῇ.
556 1099 785 1136 Καρδιογνὼστης
805 1100 834 1126 δὲ

56 1148 86 1173 ὢν
98 1149 110 1175 ό
124 1148 231 1184 Κύριος,
246 1147 296 1174 καὶ¹
316 1147 352 1174 τὰ
374 1147 506 1182 μέλλοντα
522 1146 729 1183 προγινώσκων,
756 1145 785 1173 τό
804 1155 833 1172 τε

55 1193 219 1228 εὐμετάϐολον
235 1193 284 1220 τοῦ
306 1191 461 1228 ἀνθρώπου,
482 1193 530 1219 καὶ
549 1192 579 1219 τὸ
600 1192 768 1227 παλίμὸολον
787 1191 834 1218 καὶ

56 1240 194 1276 πανοῦργον
206 1240 254 1267 τοῦ
272 1240 406 1272 διαϐάλοι),
424 1239 531 1267 ἄνωθεν
553 1239 672 1275 ἀρχῆθεν
693 1238 832 1274 προεῖδεν,

55 1284 94 1316 ὡς.
105 1285 223 1320 ζηλώσας
235 1286 284 1313 ἐπὶ
291 1287 324 1321 τῇ
341 1285 437 1320 ἀφέσει
450 1284 505 1312 τῶν
517 1284 660 1321 ἁμαρτιῶν
676 1284 721 1310 τὸν
734 1283 835 1320 ἀνθρω-

56 1337 107 1362 πον,
123 1330 317 1366 προστρίψεταί
339 1338 416 1362 τινας
438 1329 527 1362 αἰτίας
549 1329 604 1357 τῶν
625 1328 834 1365 ἁμαρτημάτων

56 1375 104 1407 τοῖς
126 1375 225 1408 δούλοις
250 1376 299 1402 τοῦ
329 1376 407 1409 Θεοῦ,
435 1376 574 1413 φρονίμως
600 1375 832 1412 πονηρευόμενος,

55 1421 118 1454 ὅπως
133 1422 163 1458 δὴ
181 1423 228 1449 καὶ
244 1422 323 1449 αὐτοὶ
338 1423 528 1449 συνεκπέσοιεν
545 1421 629 1458 αὐτῷ.
649 1421 768 1448 Ἔδωκεν
786 1419 833 1448 οὖν

55 1466 126 1502 ἄλλην
137 1467 182 1495 ἐπὶ
191 1470 248 1500 τοῖς
259 1469 311 1495 κὰν
321 1469 354 1504 τῇ
367 1468 456 1495 πίστει
471 1467 666 1504 περιπίπτουσι
674 1476 727 1494 τινι
742 1466 833 1503 πλημ-

885 967 913 992 et
924 964 982 992 sola
997 968 1172 998 peccatorum
1192 964 1353 999 paenitentia
1368 964 1410 999 (ea
1424 969 1515 992 autem
1533 964 1674 992 luet-itea-

885 1016 957 1042 rum,
973 1017 1034 1045 quae
1047 1010 1124 1044 prius
1137 1010 1305 1037 exstiterunt
1319 1010 1345 1037 in
1360 1010 1453 1045 gentili
1465 1014 1493 1037 et
1505 1010 1588 1045 priori
1599 1009 1672 1041 vita;

885 1063 928 1089 ea,
951 1055 1074 1090 inquam,
1095 1063 1156 1090 quae
1175 1055 1227 1083 luit
1243 1056 1271 1083 in
1293 1056 1457 1092 ignorantia)
1474 1056 1508 1084 iis
1530 1057 1611 1083 etiam
1626 1056 1674 1090 qui

885 1101 975 1129 vocati
996 1106 1070 1134 sunt,
1092 1102 1254 1136 proponitur
1266 1102 1438 1136 paenitentia,
1457 1109 1613 1137 expurgatis
1633 1102 1674 1128 lo-

886 1155 948 1175 cum
964 1150 1063 1175 animze
1077 1155 1092 1174 a
1104 1148 1222 1180 delictis,
1236 1152 1265 1175 ut
1284 1148 1350 1175 lides
1364 1148 1503 1175 fundelur.
1523 1148 1593 1175 Cum
1609 1156 1674 1175 vero

886 1185 1020 1220 Dominus
1031 1193 1211 1228 cogitationes
1224 1193 1436 1228 praecordiorum
1452 1194 1533 1227 norit,
1547 1199 1572 1221 et
1581 1193 1672 1221 futura

885 1237 1026 1273 praesciat,
1040 1236 1146 1264 facilem
1162 1237 1282 1264 hominis
1296 1238 1486 1271 mutationem,
1500 1243 1527 1266 et
1542 1239 1674 1274 multipli-

885 1291 944 1311 cem
968 1283 1135 1318 nequitatem
1150 1283 1262 1315 diaboli,
1277 1284 1334 1318 jam
1351 1284 1413 1311 ittde
1428 1292 1443 1311 a
1458 1284 1593 1320 principio
1606 1293 1674 1319 prin.-

884 1330 952 1357 vidit
971 1329 1045 1365 quod
1071 1329 1175 1357 homini
1195 1329 1321 1357 invidens
1346 1335 1457 1364 propter
1481 1330 1672 1358 remissionem

885 1379 1071 1410 peccatorum,
1080 1373 1186 1409 aliquas
1196 1381 1294 1401 causas
1307 1373 1468 1401 delictorum
1481 1379 1606 1410 suggeret
1616 1382 1675 1402 ser-

885 1420 927 1447 vis
942 1419 1001 1453 Dei,
1022 1423 1112 1447 astute
1133 1424 1160 1446 et
1174 1419 1290 1454 maligne
1308 1419 1434 1452 moliens,
1451 1424 1482 1447 ut
1496 1421 1547 1455 ipsi
1565 1428 1674 1456 quoque

884 1473 948 1494 cum
962 1473 995 1493 eo
1011 1466 1119 1492 cadant.
1136 1464 1215 1492 Dedit
1231 1473 1307 1501 ergo,
1324 1473 1388 1493 cum
1403 1466 1441 1494 sit
1460 1467 1552 1498 multae
1567 1467 1671 1494 miseri-

57 1512 188 1549 μελήματι,
214 1513 359 1546 πολυέλεος
382 1513 430 1547 ὢν,
455 1513 597 1549 μετάνοιαν
621 1513 763 1548 δευτέραν·
781 1513 831 1548 ἢν,

888 1512 996 1543 [εοιάἱω.
1020 1511 1055 1539 iis
1071 1511 1119 1546 qui
1135 1512 1218 1539 etiam
1244 1511 1273 1539 in
1290 1512 1343 1539 ﬁde
1358 1512 1483 1540 incidunt
1509 1513 1536 1540 in
1562 1513 1675 1548 aliquod

56 1557 79 1583 εί
89 1566 127 1590 τις
136 1559 332 1595 ὲκπειρασθειη
346 1558 414 1594 μετὰ
427 1559 476 1595 τὴν
491 1558 598 1594 κλῆσιν,
613 1558 732 1593 βιασθεὶς
745 1558 773 1587 δὲ
786 1558 833 1585 καὶ

888 1564 1038 1593 peceatum,
1053 1558 1134 1585 aliam
1147 1562 1175 1586 et
1190 1558 1337 1586 secundam
1352 1559 1540 1594 paenitentiam
1553 1569 1560 1587 :
1577 1567 1672 1594 quam,

56 1604 271 1639 κατασοφισθεὶς,
301 1605 365 1640 μίαν
399 1605 439 1632 ἐτι
475 1604 619 1640 μετάνοιαν
646 1603 850 1640 ἁμετανόητονι

888 1605 906 1632 ti
916 1605 978 1639 quis
995 1608 1113 1632 tentatus
1129 1604 1211 1633 fuerit
1225 1609 1287 1640 post
1299 1606 1483 1638 vocationem,
1503 1610 1531 1633 et
1549 1610 1671 1635 coactus.

55 1647 123 1685 λὰὸῃ,
884 1654 912 1679 et
925 1650 1022 1678 callide
1044 1650 1259 1683 circumventus,
1277 1658 1360 1678 unam
1378 1651 1469 1680 adhuc
1482 1652 1514 1679 ad
1535 1652 1671 1687 poeniten-

883 1697 948 1725 dum
964 1696 1082 1732 accipiat
1096 1697 1297 1732 pmnitentiam.
1310 1697 1372 1724 Lib.
1384 1706 1415 1731 tt,
1432 1698 1522 1725 mund.
1539 1706 1575 1731 tv,
1595 1707 1671 1732 capp.

882 1740 938 1770 2e!
955 1740 981 1768 5.

521 1796 602 1830 In“,
618 1796 698 1830 ibid.,
713 1796 761 1824 lib.
776 1804 813 1830 tv,
830 1804 889 1831 cap.
909 1796 936 1830 9,
954 1805 1032 1832 pagg.
1049 1797 1112 1830 596,
1129 1797 1190 1824 597.

923 1854 983 1884 1am
997 1864 1063 1883 vero
1075 1856 1173 1883 Pauor
1183 1856 1248 1883 dicit
1262 1865 1269 1882 :
1288 1855 1430 1891 Eﬁ'ugielis
1442 1857 1493 1882 vim
1507 1857 1571 1890 fera:
1582 1857 1672 1884 bestia:

882 1903 906 1929 εἰ
919 1910 965 1929 cor
984 1907 1098 1929 vestrum
1119 1902 1198 1936 fuerit
1214 1910 1308 1936 purum
1325 1910 1356 1928 ac
1370 1902 1426 1928 sine
1441 1901 1557 1929 macula.
1573 1902 1631 1934 Lib.
1651 1912 1669 1937 t,

883 1949 937 1976 vis.
948 1956 985 1980 tv,
998 1955 1058 1983 cap.
1074 1947 1102 1974 2.

85 1855 181 1883 Αὐτίκα
191 1857 208 1884 ὁ
222 1856 340 1892 Ποιμήν
352 1865 434 1892 φησιν
445 1864 451 1869 ⁵
473 1856 673 1891 Ἐκφεύξεσθε
682 1855 740 1890 τὴν
753 1855 835 1890 ἐνέρ-

55 1910 127 1936 τηιαν
138 1903 188 1930 τοῦ
201 1903 317 1938 ἀγγιιου,
331 1903 385 1931 ἐὰν
396 1904 415 1938 ἡ
431 1903 537 1938 καρδία
550 1903 633 1938 ὑμῶν
646 1902 766 1938 γένηται
777 1911 830 1930 κα-

55 1948 120 1982 θαρὰ
131 1948 177 1976 καὶ
191 1949 321 1985 ἄμωμος.

584 2015 650 2044 [DEI
664 2016 741 2048 ibid.,
758 2016 804 2043 lib.
820 2017 937 2050 vt,'cap.
956 2014 1001 2046 15,
1018 2021 1078 2048 pag.
1096 2013 1157 2040 806.

86 2073 118 2101 Ἣ
133 2075 185 2110 γὰρ
199 2075 261 2110 οὐχὶ
279 2074 327 2101 καὶ
342 2075 371 2101 ὲν
392 2075 427 2110 τῇ
443 2075 537 2110 ὁράσει.
549 2074 589 2110 τῷ
609 2075 698 2110 Ἑρμᾷ
717 2075 735 2110 ἡ
749 2073 831 2101 Δύνα-

918 2073 1017 2100 Annon
1041 2072 1115 2099 enim
1137 2075 1164 2098 et
1185 2070 1289 2104 Virtus,
1305 2078 1366 2106 qua:
1381 2071 1407 2098 in
1425 2073 1530 2100 visione
1544 2075 1671 2109 apparuit

56 2127 96 2152 μις
109 2120 135 2146 ὲν
147 2120 185 2156 τῷ
198 2120 278 2156 τύπῳ
293 2120 342 2156 τῆς
363 2120 525 2156 Ἐκκλησίας
546 2121 671 2155 φανεῖσα,
688 2119 786 2146 ἔδωκεν
801 2119 832 2146 τὸ

888 2117 993 2146 Hermae
1001 2117 1029 2144 in
1045 2118 1130 2152 ﬁgura
1145 2116 1284 2149 Ecclesiae,
1300 2116 1374 2144 dedit
1392 2118 1502 2152 librum,
1519 2126 1549 2147 ut
1563 2121 1669 2148 deseri-

56 2163 144 2198 βιὸλίον
153 2167 192 2198 εἰς
205 2166 396 2202 μεταγραφὴν,
408 2166 422 2192 ὃ
434 2167 490 2197 τοῖς
501 2165 638 2197 ἐκλεκτοῖς
650 2165 832 2200 ἀναγγελῆναι
847 2180 850 2208 ]

888 2164 972 2197 heret,
982 2170 1062 2198 quem
1075 2163 1169 2190 electis
1180 2163 1336 2190 annuutiari
1350 2164 1473 2192 volebat?
1485 2164 1553 2193 Eum
1566 2171 1675 2202 autem,

55 2209 181 2244 ιεούλετο;
195 2211 276 2238 τοῦτο
289 2211 316 2237 δὲ
331 2211 519 2249 μετεγράψατο
531 2211 599 2247 πρὸς
609 2211 736 2247 γράμμα,
754 2211 831 2247 φησὶ,

888 2210 983 2245 inquit,
997 2209 1169 2243 transcripsit
1181 2209 1215 2237 ad
1228 2209 1362 2244 litteram;
1387 2219 1440 2238 non
1458 2212 1599 2240 inveniens
1613 2221 1669 2248 quo

56 2255 88 2291 μὴ
100 2257 228 2292 εὑρίσκων
241 2256 292 2289 τὰς
308 2256 441 2288 συλλαϐὰς
456 2257 573 2283 τελέσαι.

888 2256 966 2284 modo
981 2255 1100 2291 syllabas
1113 2256 1263 2291 perﬁceret.
1279 2255 1338 2284 Lib.
1356 2265 1375 2289 ι,
1392 2258 1441 2286 vis.
1458 2267 1488 2291 ιι,
1512 2267 1571 2294 cup.
1591 2262 1613 2287 l.

830 2324 876 2353 Ill.

470 2388 678 2417 TERTULLIANUS
692 2389 848 2422 catholicus,
863 2388 909 2415 lib.
925 2388 963 2416 De
979 2388 1114 2420 oratione,
1130 2397 1188 2424 cap.
1207 2389 1249 2416 19.

84 2446 154 2480 Quod
172 2447 313 2482 assignato
334 2447 458 2475 oratione
477 2447 614 2475 assidcndi
631 2455 690 2475 mos
708 2453 750 2474 est
764 2446 938 2482 quibusdam,
961 2454 1015 2473 non
1034 2445 1167 2481 perspicio
1191 2447 1336 2477 rationem,
1356 2446 1407 2479 nisi
1431 2446 1454 2473 sl
1471 2445 1584 2472 Hermas
1606 2445 1665 2482 ille,

54 2480 351 2518 cujusrscripturarl'ere
368 2481 468 2509 Pastor
492 2483 663 2515 inscribitur,
689 2480 827 2509 transacta
843 2483 986 2518 oratione,
999 2480 1054 2518 non
1077 2489 1158 2515 super
1175 2483 1276 2518 lectum
1290 2482 1456 2518 assedisset,
1474 2487 1569 2507 verum
1593 2480 1667 2518 aliud

54 2517 110 2550 quid
126 2515 243 2550 fecisset,
259 2517 287 2544 id
303 2524 415 2552 quoque
432 2518 466 2544 ad
483 2518 703 2545 observationem
720 2517 937 2544 viudicaremus.
964 2515 1065 2551 Utique
1081 2524 1147 2544 nou.
1173 2516 1341 2552 Simpliciter
1357 2515 1430 2552 enim
1453 2520 1482 2542 et
1496 2522 1569 2552 nunc
1589 2516 1665 2552 posi-

55 2525 110 2550 qutu
126 2525 243 2550 tectsset,
259 2525 287 2544 tu
323 2525 415 2552 uoque
432 2525 466 2544 au
483 2525 703 2545 ooservauonem
720 2525 937 2544 vmutcaremus.
966 2525 1065 2551 utique
1081 2525 1147 2544 nou.
1173 2525 1341 2550 mmpttcuer
1357 2525 1430 2542 enim
1453 2525 1482 2542 et
1496 2525 1569 2542 nunc
1589 2525 1664 2549 potil-

55 2555 105 2587 tum
121 2557 162 2579 est
178 2562 184 2580 :
202 2553 271 2580 Cum
286 2525 440 2582 agorassem
455 2558 480 2579 el
494 2553 651 2580 “sedissem
665 2561 744 2587 super
761 2553 859 2579 lectum
871 2561 880 2579 :
896 2552 929 2579 ad
945 2552 1070 2578 ordinem
1088 2551 1266 2587 narrationis,
1283 2559 1343 2587 non,
1352 2551 1385 2578 ad
1399 2550 1485 2587 instar
1503 2549 1664 2587 disciplinae.

55 2586 168 2627 falioquin
184 2588 390 2627 nusquamuerit
406 2587 588 2627 adorandum,
605 2588 669 2627 nisi
674 2585 719 2615 ubi
737 2587 820 2615 fuerit
839 2587 927 2615 lectus
944 2596 950 2614 :
968 2587 1024 2614 imo
1035 2590 1131 2614 contra
1149 2585 1317 2620 Scripturam
1332 2585 1437 2618 iecerit,
1454 2585 1476 2612 si
1494 2585 1557 2620 quis
1578 2585 1606 2611 in
1618 2593 1666 2612 ca-
1720 2626 1723 2627 ν

54 2621 149 2656 thedra,
163 2627 210 2651 aut
222 2621 356 2651 subsellio
369 2623 478 2651 sederit.
493 2622 552 2653 Lib.
566 2630 597 2656 ιι,
611 2623 638 2649 in
647 2622 762 2650 Proem.

412 2680 488 2708 Idem
504 2680 711 2708 TERTULLIANUS
724 2680 900 2716 (haereticus),
915 2680 961 2707 lib.
978 2679 1016 2707 De
1029 2679 1168 2715 pudicitia,
1188 2685 1246 2712 cap.
1264 2678 1307 2706 l0.

84 2737 150 2775 Deus
161 2740 252 2769 bonus
263 2744 306 2768 est
320 2750 328 2767 :
343 2739 413 2773 suis,
426 2747 481 2766 non
496 2739 614 2768 ethnicis
625 2740 716 2767 sinum
732 2740 842 2775 subiicit
854 2749 862 2768 :
879 2739 1000 2775 secunda
1014 2744 1041 2767 te
1053 2738 1216 2775 poenitentia
1224 2737 1340 2775 excipiet
1354 2746 1361 2775 :_
1373 2737 1428 2764 eris
1443 2736 1540 2775 iterum
1551 2736 1584 2775 de
1598 2742 1666 2763 mm-

56 2773 101 2811 chp
110 2774 290 2803 Christianus.
307 2771 411 2811 Haactu
426 2774 507 2811 mihi,
527 2775 721 2810 benignissime
741 2771 791 2802 Dei
804 2775 966 2811 interpres!_
982 2774 1034 2801 Sed
1051 2771 1174 2811 cederem
1191 2771 1294 2811 tibitsi’
1310 2772 1444 2811 scriptura
1465 2771 1588 2811 Pastoris
1603 2778 1666 2806 qua

57 2809 108 2836 sola
121 2811 240 2839 mtechos
252 2815 336 2843 amat,
349 2810 444 2837 divino
461 2807 646 2837 instrumento
661 2811 808 2838 meruisset
826 2807 926 2843 incidi;
945 2809 968 2837 si
982 2817 1035 2837 non
1049 2809 1084 2836 ab
1098 2809 1173 2836 omni
1185 2809 1303 2836 concilio
1315 2807 1510 2837 Ecclesiarum.
1523 2807 1604 2833 etiam
1615 2814 1665 2843 re-

57 2848 173 2881 glrarum,
187 2846 258 2874 inter
275 2841 432 2881 apocrypha
447 2849 478 2872 et
493 2845 561 2872 lalsa
575 2845 763 2881 judicatgetur;
781 2845 906 2881 adultera
919 2841 947 2872 et
961 2845 1030 2879 ipsa,
1047 2849 1073 2881 _et
1089 2845 1151 2881 inde
1165 2849 1281 2881 patrona
1295 2843 1447 2874 sociorum;
1464 2851 1478 2881 a
1494 2850 1546 2876 qua
1559 2841 1665 2881 clnalias

58 2875 183 2909 initiaris':
197 2881 242 2909 cui
257 2875 304 2910 illé
316 2881 341 2909 si
360 2875 431 2909 forte
442 2875 662 2916 patrocinabitur
677 2875 774 2908 Pastor
793 2887 875 2915 quem
892 2880 919 2907 in
934 2875 1028 2907 cal'ice'
1040 2875 1174 2915 depingis;
1199 2880 1405 2915 prostitutorent
1420 2882 1447 2906 et
1472 2875 1560 2914 ipsum
1583 2875 1664 2904 Chri-
