1920 3104
253 165 305 193 827

771 275 904 304 Eussmus
919 274 989 304 llist.
1002 276 1114 311 eccles.,
1127 276 1176 305 lib.
1194 284 1235 310 ιιι,
1248 285 1307 310 cap.
1322 276 1349 305 5.

358 324 400 352 Ea:
413 325 551 360 interpret.
563 324 663 352 llullni.

289 381 321 408 Et
333 381 440 409 libellus
448 381 556 410 Hermae
563 382 609 417 qui
619 382 772 417 appellatur

252 426 375 455 Pastoris
385 448 392 460 ,
405 427 485 462 cujus
499 426 600 455 Paulus
617 427 643 454 in
665 426 773 462 Episto-

252 475 286 503 lis
303 475 361 503 suis
377 475 516 508 meminit,
537 482 551 501 a
574 474 698 509 plurimis
714 483 768 502 non

250 527 293 548 εει
307 524 431 555 receptus
445 529 452 547 :
468 519 503 546 ab
523 520 585 548 aliis
604 524 695 547 autem
719 527 768 547 ne-

251 567 388 595 cessarius
412 567 551 602 judicatus
572 571 633 599 est,
658 572 769 602 propter

251 618 299 638 eos
311 611 356 646 qui
371 611 467 646 primis
481 612 514 639 ad
526 612 605 639 ﬁdem
620 612 769 640 institutio-

251 656 331 684 nibus
343 656 503 685 imbuuntur
516 667 522 684 :
536 657 608 685 unde
619 662 646 684 et
656 657 684 685 in
699 665 770 685 non-

251 701 334 729 nullis
357 702 481 730 ecclesiis
506 702 620 738 legitur,
638 707 667 730 et
690 702 768 730 multi

251 751 374 775 veterum
394 748 559 784 scriptorum
580 748 623 777 usi
644 752 710 777 sunt
728 753 769 778 te-

252 796 389 824 stimoniis
405 795 476 831 ejus.

363 1302 405 1331 Ea:
416 1303 552 1339 interpret.
571 1301 673 1330 Ruﬁni.

287 1358 354 1387 Post
363 1359 422 1387 haec
432 1359 488 1394 jam
500 1359 635 1394 scriptura
650 1362 701 1391 est,
712 1366 774 1394 quae

252 1405 354 1433 dicitur
368 1406 448 1432 Actus
469 1404 550 1432 Pauli
564 1414 573 1437 ,'
588 1405 635 1433 sed
652 1409 679 1432 et
693 1404 772 1432 libel-

253 1449 297 1478 lus
315 1451 363 1486 qui
385 1451 536 1486 appellatur
552 1451 685 1484 Pastoris,
705 1455 770 1484 etc.,

253 1497 287 1525 de
301 1498 402 1531 quibus
422 1505 505 1532 Quam
526 1497 645 1526 maxime
664 1497 773 1525 dubita-

253 1547 308 1572 tur.

363 1649 406 1678 Et
417 1650 550 1686 interpret.
565 1650 666 1679 Ruﬁni.

292 1707 345 1736 Nec
360 1716 413 1737 non
424 1713 451 1737 et
464 1709 586 1737 libellum
600 1708 646 1744 qui
659 1713 772 1737 vocatur

254 1754 377 1782 Pastoris
389 1776 396 1789 ,
415 1755 587 1790 amplectitur
607 1754 770 1790 (lrenteus),

251 1801 365 1828 'dicens:
382 1800 454 1828 Bene
464 1808 529 1836 ergo
547 1799 630 1828 refert
644 1800 768 1834 Scriptu-

254 1853 300 1879 ra,
321 1854 382 1881 quae
402 1846 469 1874 dicit
489 1855 496 1873 :
513 1845 635 1873 Primum
652 1845 770 1872 omnium

255 1891 413 1919 credendum
425 1897 474 1926 est,
486 1892 549 1927 quia
556 1900 624 1919 unus
639 1896 677 1918 est
689 1891 770 1924 Deus,

254 1938 301 1974 qui
323 1938 412 1966 omnia
439 1939 537 1966 creauit
566 1943 645 1973 atque
665 1946 772 1972 compo-

255 1987 318 2015 suit.

985 163 1016 189 S.
1036 161 1188 190 HERMAS.

1057 218 1100 247 Vl.

849 376 926 404 Ἐπεὶ
946 376 976 404 δὲ
997 377 1012 403 ὁ
1032 376 1114 409 αὐτὸς
1128 377 1276 408 ἀπόστολος
1298 377 1326 404 ὲν

807 422 868 454 ταῖς
881 422 927 448 ἐπὶ
940 421 1012 448 τέλει
1021 422 1188 458 προσρήσεσι
1197 422 1248 458 τῆς
1260 422 1327 458 πρὸς

811 467 971 503 Ῥωμαίους,
985 468 1094 503 μνήμην
1110 467 1264 503 πεποίηται,
1280 476 1328 503 με-

805 512 840 539 τὰ
855 512 909 540 τῶν
923 513 1009 539 ἁλλῶν
1022 534 1029 546 ,
1048 514 1094 540 καὶ
1113 513 1216 550 Ἑρμᾶ,
1231 511 1261 540 οὗ
1279 522 1326 548 φα-

809 566 849 585 σιν
865 558 997 594 ὑπάρχειν
1013 559 1044 585 τὸ
1061 559 1115 586 τοῦ
1129 559 1274 594 Ιιοιμένος
1287 559 1327 595 βί-

808 605 890 632 ϐλίον·
907 605 993 632 ἰστέον
1006 605 1044 637 ὡς
1051 605 1097 632 καὶ
1106 605 1185 632 τοῦτο
1199 606 1266 642 πρὸς
1278 607 1326 642 μέν

803 661 882 679 τινων
896 651 1091 684 ἁντιλέλεκται,
1100 652 1132 679 δι’
1140 652 1187 684 οὒς
1195 653 1245 679 οὐκ
1253 653 1286 680 ἂν
1296 654 1324 680 ἐν

803 697 1027 734 ὁμολογουμένοις
1043 698 1145 734 τεθείη·
1162 698 1206 733 ὑφ’
1225 698 1325 734 ἐτέρων

803 743 831 770 δὲ
848 742 1069 777 ἀναγκαιότατον,
1091 740 1131 775 οἷς
1147 744 1262 779 μάλιστα
1285 744 1326 770 δεῖ

807 786 1003 822 στοιχειώσεως
1017 789 1211 824 εῑσαγωγικῆς,
1231 788 1325 824 κέκρι-

806 842 860 860 ται·
886 833 947 860 ὅθεν
970 833 1021 870 ἤδη
1042 834 1089 861 καὶ
1111 835 1141 861 ὲν
1168 834 1326 870 ἐκκλησίαις

809 879 887 914 ἴσμεν
911 879 976 906 αὐτὸ
1001 879 1260 916 δεδημοσιωμένον,
1280 881 1327 908 καὶ

807 923 863 950 τῶν
890 924 1077 953 παλαιοτάτων
1098 926 1127 952 δὲ
1151 926 1328 962 συγγραφέων

807 970 993 1007 ιεχρημένους
1011 971 1088 1004 τινὰς
1105 972 1180 1009 αὐτῷ
1199 973 1328 1008 κατείλη-

806 1027 855 1054 φα.

856 1255 932 1290 Ιυειι,
949 1256 1027 1291 ibid.,
1039 1257 1085 1285 lib.
1101 1266 1143 1291 ιιι,
1159 1267 1218 1294 cap.
1232 1259 1279 1287 25.

849 1360 894 1387 Ἐν
926 1360 985 1392 τοῖς
1020 1359 1109 1392 νόθοις
1136 1361 1328 1397 κατατετάχθω

808 1405 856 1431 καὶ
871 1404 930 1432 τῶν
944 1406 1068 1432 Παύλου
1083 1404 1220 1439 πράξεων
1235 1406 1253 1442 ἡ
1266 1415 1329 1442 γραι-

809 1450 856 1487 φὴ,
871 1450 886 1477 ὃ
900 1459 930 1477 τε
941 1450 1087 1486 λεγόμενος
1096 1450 1221 1486 Ποιμήν.

870 1600 946 1633 lusit,
961 1597 1039 1631 ibid.,
1054 1596 1101 1624 lib.
1116 1604 1143 1628 ν,
1158 1604 1217 1632 cap.
1231 1597 1258 1625 8.

842 1711 880 1738 Οὐ
908 1710 988 1747 μόνον
1016 1709 1046 1737 δὲ
1076 1707 1156 1742 οἶδεν,
1187 1708 1256 1736 ἀλλὰ
1281 1709 1330 1737 καὶ

807 1756 968 1792 ἀποδέχεται
980 1755 1030 1792 τὴν
1040 1755 1093 1783 τοῦ
1108 1755 1253 1790 Ποιμένπ
1261 1764 1330 1792 γρα-

807 1801 871 1837 φὴν,
891 1800 993 1835 λέγων·
1018 1799 1116 1832 Καλῶς
1138 1797 1186 1827 οὖν
1213 1797 1290 1826 εἶπεν
1312 1800 1330 1836 ἠ

806 1848 898 1886 γραφὴ
921 1850 938 1885 ή
962 1848 1095 1883 λέγουσα·
1112 1847 1233 1882 Πρῶτον
1260 1847 1331 1875 πάν-

807 1904 866 1922 των
887 1895 1055 1922 πίστευσον
1077 1894 1123 1921 ὅτι
1143 1894 1187 1928 εἷς
1208 1894 1295 1920 ἐστιν
1310 1894 1328 1920 ό

810 1939 891 1973 Θεὸς,
902 1941 919 1966 ὁ
928 1939 964 1966 τὰ
973 1939 1071 1966 πάντα
1083 1938 1190 1972 κτίσας
1200 1938 1250 1966 καὶ
1260 1946 1329 1966 κατ-

810 1984 946 2019 αρτίσας,
963 1983 1010 2011 καὶ
1020 1983 1056 2010 τὰ
1070 1983 1144 2019 ιξῆς.

1043 2071 1099 2099 VII.

1447 324 1490 352 Es
1502 325 1639 360 interpret.
1654 324 1799 353 Cotelerii.

1397 379 1532 414 Quoniam
1544 387 1610 408 vero
1625 380 1770 414 apostolus
1786 379 1886 407 Paulus

1363 426 1390 454 in
1407 425 1618 454 salutationibus
1634 425 1689 452 illis
1712 434 1778 461 qua:
1794 425 1846 453 sub
1860 427 1887 452 ﬁ—

1363 479 1424 500 nem
1440 471 1568 506 Epistolas
1584 471 1618 498 ad
1635 471 1780 499 Romanos
1791 471 1886 507 legun-

1363 521 1416 550 tur,
1438 517 1508 544 inter
1522 521 1634 545 caeteros
1653 517 1825 545 mentionem
1849 517 1889 544 fe-

1363 564 1400 592 cit
1413 564 1495 592 etiam
1506 563 1620 595 Hermae,
1631 565 1713 599 cujus
1725 572 1790 591 esse
1801 564 1887 592 fertur

1364 610 1431 637 liber
1446 609 1584 642 Pastoris;
1610 610 1754 638 sciendum
1769 616 1812 638 est
1825 618 1886 637 eum

1362 654 1462 682 librum
1475 663 1490 682 a
1507 655 1646 683 nonnullis
1659 655 1775 690 quidem
1792 656 1820 682 in
1837 656 1887 682 du-

1360 699 1436 727 bium
1466 708 1527 728 esse
1553 705 1722 733 revocatum,
1751 701 1792 728 ob
1820 709 1887 736 quos

1361 745 1432 773 inter
1456 750 1571 781 recepta:
1594 747 1772 774 auctoritatis
1804 746 1888 774 libros

1360 791 1424 827 poni
1452 799 1506 819 non
1531 796 1634 827 potest;
1664 793 1699 820 ab
1728 793 1798 820 aliis
1825 801 1888 820 vero

1362 836 1481 864 maxime
1491 837 1673 869 necessarius,
1685 838 1720 865 iis
1730 839 1887 873 praesertim

1363 879 1410 915 qui
1430 879 1626 908 introductoria
1655 881 1690 908 ad
1720 881 1887 916 religionem

1365 925 1486 961 indigent
1493 926 1887 961 institutione,judicatusest;

1363 972 1436 1000 unde
1457 973 1539 1000 etiam
1563 972 1591 999 in
1613 972 1738 1000 ecclesiis
1756 981 1824 1000 eum
1842 981 1889 1008 pu-

1364 1017 1433 1046 blice
1456 1019 1556 1046 lectum
1577 1019 1691 1053 scimus,
1707 1024 1735 1048 et
1751 1026 1888 1056 quosdam

1362 1073 1395 1094 ex
1414 1067 1610 1095 vetustissimis
1632 1069 1823 1104 scriptoribus
1848 1073 1887 1096 te—

1362 1112 1493 1140 stimonio
1514 1113 1602 1148 ipsius
1617 1122 1684 1141 usos
1701 1113 1794 1142 fuisse
1815 1122 1889 1142 comv

1362 1157 1430 1192 peri.
1454 1157 1520 1194 Lege
1544 1158 1755 1195 Nicephorum,
1779 1160 1829 1188 lib.
1853 1168 1886 1191 ιι.

1363 1211 1422 1238 cap.
1435 1204 1479 1231 Mi.

1448 1307 1491 1334 Ea;
1509 1309 1646 1344 interpret.
1661 1309 1809 1338 Cotelerii.

1399 1363 1472 1391 Inter
1483 1364 1567 1392 libros
1581 1365 1683 1393 nothos
1697 1367 1889 1395 colloet'turet

1364 1409 1478 1436 Aetnam
1492 1408 1572 1436 Pauli
1594 1411 1734 1446 scriptura
1746 1432 1757 1446 ,
1778 1418 1807 1440 et
1822 1413 1889 1441 libet

1363 1456 1411 1490 qui
1422 1456 1521 1484 dicitur
1535 1457 1644 1486 Pastor.

1456 1647 1496 1675 Ea
1506 1648 1642 1684 interpret.
1656 1648 1803 1679 Cotelerii.

1399 1702 1460 1732 Non
1472 1704 1561 1732 solum
1578 1709 1669 1732 autem
1683 1705 1835 1744 [lrenaaus]
1846 1716 1890 1736 no-

1364 1749 1413 1782 vit,
1426 1750 1473 1777 sed
1483 1754 1511 1778 et
1524 1750 1620 1786 recipit
1633 1749 1759 1780 Pastoris
1771 1754 1890 1788 scriptu-

1366 1802 1441 1827 ram,
1467 1794 1583 1824 dicens:
1602 1795 1686 1824 Recte
1708 1797 1797 1833 igitur
1824 1799 1891 1826 dixit

1367 1841 1517 1876 Scriptura.
1525 1849 1587 1877 qua:
1596 1842 1652 1870 ait:
1664 1842 1761 1871 Primo
1772 1846 1891 1871 omnium

1364 1885 1449 1918 crede,
1463 1886 1533 1921 quod
1547 1894 1614 1913 unus
1624 1891 1664 1914 est
1675 1886 1760 1922 Deus,
1777 1889 1827 1924 qui
1835 1897 1890 1915 on-

1365 1933 1410 1960 nia
1432 1933 1530 1960 creavit
1555 1938 1580 1961 et
1601 1937 1814 1969 consummavit,
1839 1941 1888 1964 etc.

1366 1978 1425 2006 Lib.
1450 1986 1490 2012 ιι,
1515 1979 1607 2007 mand.
1624 1988 1652 2013 ι,
1672 1980 1742 2017 Lege
1762 1981 1888 2018 Nicepb.,

1367 2026 1414 2053 lib.
1431 2034 1469 2060 IV,
1479 2035 1538 2062 cap.
1554 2027 1599 2055 ﬂ.

412 2137 593 2169 Arnsnssws,
608 2135 648 2164 De
662 2134 852 2164 incarnatione
865 2133 947 2162 Verbi
959 2133 1018 2167 Dei,
1029 2142 1044 2160 η

1115 2132 1142 2164 5,
1156 2137 1219 2159 tam.
1237 2130 1257 2166 Ι,
1269 2139 1331 2166 pag.
1344 2129 1390 2164 49,
1405 2129 1437 2157 lli
1451 2130 1516 2158 edit.
1527 2129 1631 2164 Paria,
1643 2130 1726 2160 1698.

293 2195 328 2222 At
340 2193 431 2222 divina
442 2193 565 2221 doctrina
578 2197 606 2221 et
624 2193 728 2221 Christi
745 2193 846 2221 tldes...
859 2192 897 2220 ait
909 2199 956 2227 per
963 2190 1039 2227 Moy-

258 2249 316 2270 sem
328 2241 476 2276 quidem...
490 2245 517 2268 et
533 2240 560 2268 in
575 2240 722 2268 utilissimo
740 2239 863 2267 Pastoris
875 2238 964 2266 libro:
979 2237 1042 2264 Pri-

257 2295 331 2315 mum
350 2286 468 2314 omnium
490 2285 566 2313 crede
585 2293 668 2312 unum
687 2284 773 2312 Deum
791 2293 865 2317 esse,
889 2283 935 2319 qui
953 2282 1044 2310 omnia

256 2333 356 2361 creavit
368 2337 395 2360 et
411 2332 531 2368 perfecit,
553 2339 634 2366 eaque
658 2338 717 2366 qua:
736 2338 788 2358 non
805 2334 892 2364 erant,
913 2334 942 2356 stt
954 2331 1044 2356 essent

258 2379 331 2416 fecit.
343 2377 403 2407 Lib.
421 2385 452 2411 ιι,
467 2377 560 2406 mand.
573 2386 593 2405 ι.

1135 2190 1167 2216 Ἦ
1181 2189 1210 2216 δὲ
1227 2188 1317 2221 ἔνθεος
1332 2187 1505 2220 διδασκαλία,
1520 2185 1567 2213 καὶ
1582 2185 1600 2221 ᾗ
1618 2184 1691 2212 κατὰ
1708 2184 1833 2221 Χριστὸν
1847 2186 1887 2211 πί-

1099 2245 1157 2268 στις
1170 2252 1205 2256 -
1221 2235 1290 2272 φησὶ
1304 2234 1349 2261 διὰ
1364 2234 1414 2270 μὲν
1427 2232 1567 2265 Μωῦσέως
1577 2248 1613 2253 --
1624 2231 1671 2259 διὰ
1684 2231 1715 2258 δὲ
1724 2232 1777 2267 τῆς
1789 2232 1887 2268 ὡφελι-

1098 2282 1224 2318 μωτάτης
1249 2280 1341 2316 βίϐλου
1369 2280 1422 2307 τοῦ
1449 2278 1602 2314 Ποιμένος·
1625 2277 1750 2312 Πρῶτον
1768 2278 1888 2305 πάντα*

1096 2328 1273 2360 πίστευσον,
1287 2327 1332 2354 ὅτι
1346 2326 1391 2360 εἷς
1399 2325 1487 2353 ἐστιν
1501 2326 1518 2353 d
1536 2324 1620 2357 Θεὸς,
1630 2325 1648 2352 ό
1662 2323 1699 2351 τὰ
1712 2323 1816 2353 πάντα
1829 2324 1887 2350 κτί-

1096 2381 1156 2407 σας
1164 2373 1213 2401 καὶ
1223 2373 1413 2408 καταρτίσας,
1426 2370 1478 2399 ml
1489 2370 1620 2404 ποιήσας
1630 2370 1666 2398 ἐκ
1678 2370 1733 2398 τοῦ
1745 2369 1792 2406 μὴ
1803 2369 1888 2401 ὄντος

1097 2420 1141 2453 εις
1154 2419 1189 2446 τὸ
1202 2419 1288 2446 εἶναι.

590 2481 666 2515 lusu,
678 2479 717 2508 De
732 2478 855 2508 Decretis
865 2477 984 2506 Nicena:
998 2477 1107 2514 synodi,
1120 2486 1193 2505 num.
1206 2477 1234 2511 4,
1248 2481 1312 2504 tom.
1328 2478 1349 2510 l,
1360 2483 1421 2512 pag.
1433 2475 1499 2508 2H,
1519 2473 1551 2502 Ι).

295 2541 324 2572 ld
336 2551 411 2576 vero,
428 2546 459 2570 ut
473 2543 513 2570 ait
530 2541 638 2576 Pastor,
655 2549 710 2570 non
729 2541 783 2569 nisi
799 2548 815 2568 a
831 2539 942 2568 diabolo
955 2543 1046 2567 ortum

260 2591 352 2620 habet.
366 2590 426 2618 Lib.
445 2597 475 2622 ιι,
491 2589 581 2616 mund.
598 2597 635 2616 ix.

265 2893 313 2920 cit.
327 2892 388 2921 Lib.
404 2900 434 2925 ιι,
446 2891 539 2920 mund.
554 2900 573 2921 ι.

1099 2584 1187 2612 δόλου.

798 2645 875 2679 lusu,
891 2644 1000 2677 ibidem,
1016 2651 1088 2672 nam.
1104 2643 1149 2676 l8,
1160 2647 1222 2678 pag.
1235 2642 1300 2674 ἥδ,
1313 2639 1346 2669 F.

297 2709 325 2736 In
343 2708 454 2736 Pastore
483 2711 575 2736 autem
595 2706 727 2743 scriptum
749 2709 792 2734 est
814 2703 1046 2740 (quandoquidem

262 2755 362 2782 librum
377 2755 452 2783 hunc
465 2755 562 2788 citant,
581 2753 709 2789 quamvis
731 2759 787 2780 non
802 2752 839 2780 sit
852 2758 887 2779 ex
903 2749 1024 2785 Canone)
1037 2756 1045 2776 :

264 2801 386 2828 Primum
399 2801 516 2828 omnium
528 2800 604 2828 crede
617 2808 697 2828 unum
712 2807 767 2827 esse
781 2797 866 2826 Deum
875 2817 884 2831 ,
898 2797 944 2833 qui
960 2795 1050 2823 omnia

265 2847 361 2874 creavit
373 2851 397 2874 et
410 2846 537 2882 perfecit,
551 2846 689 2882 omniaque
703 2853 736 2873 es:
748 2844 832 2874 nihilo
842 2863 850 2878 ,
865 2847 895 2871 ut
908 2846 992 2871 essent
1008 2841 1047 2877 fe-

1135 2537 1222 2565 Τοῦτο
1235 2538 1273 2570 δὲ,
1289 2537 1327 2570 ὥς
1341 2538 1357 2565 ὸ
1370 2535 1486 2572 Ποιμὴν
1500 2535 1621 2572 εἴρηκεν,
1636 2531 1750 2568 ἔκγονον
1763 2532 1823 2558 ἔστι
1834 2530 1887 2557 διο-

1141 2703 1186 2730 Ἐν
1204 2702 1233 2730 δὲ
1245 2701 1286 2735 τῷ
1300 2701 1421 2736 Ποιμὲνι
1433 2699 1585 2735 γέγραπται
1604 2695 1711 2732 (ἐπειδὴ
1726 2694 1776 2721 καὶ
1791 2693 1867 2720 τοῦτο
1876 2711 1883 2722 ι

1099 2750 1147 2778 και
1162 2758 1204 2776 τοι
1221 2749 1259 2785 μὴ
1274 2748 1304 2775 ὃν
1320 2748 1352 2774 ὲκ
1366 2746 1414 2773 τοῦ
1431 2745 1551 2776 κανόνος,
1565 2741 1759 2779 προφέρουσιν
1771 2739 1884 2785 agitor

1099 2782 1418 2824 πάντωίσάστευσον,
1441 2790 1487 2817 ὅτι
1502 2789 1546 2823 εἷς
1567 2788 1654 2816 ἐστιν
1674 2789 1693 2815 ὀ
1717 2786 1806 2819 Θεὸς,
1821 2786 1837 2812 ὀ
1850 2782 1884 2809 τὸ

1100 2840 1198 2868 πάντα
1218 2839 1325 2872 κτίσας
1347 2837 1397 2864 καὶ
1418 2835 1616 2870 καταρτίσας,
1636 2832 1689 2860 καὶ
1707 2831 1835 2865 ποιήσας
1851 2828 1882 2855 ἐι

1101 2884 1153 2912 τοῦ
1166 2883 1210 2920 μὴ
1221 2883 1309 2917 ὄντος
1322 2882 1365 2916 εἰς
1381 2880 1414 2909 τὸ
1427 2880 1504 2908 εἶναι
1519 2879 1555 2906 τὰ
1567 2877 1677 2906 πάντα.
