1920 3104
25 123 67 152 833
641 123 786 152 PAS'I'OR.
804 139 841 145 —
857 124 1040 153 PROGEMIA.

805 182 887 211 XXII.

110 241 242 270 SCIIP‘I'OI
258 242 325 270 Vita:
339 242 368 269 S.
381 242 536 277 Gcnovefaa,
550 251 609 278 cap.
623 251 660 277 iv,
673 252 747 273 num.
760 244 803 278 15,
817 245 887 280 apud
902 244 1074 278 Bollandum,
1091 243 1108 271 5
1121 243 1259 277 Januarii,
1275 248 1338 271 tom.
1356 244 1375 277 Ι,
1392 253 1454 281 pag.
1472 246 1533 274 139.

53 300 187 328 Duodecim
202 299 277 328 enirn
292 300 410 335 virgines
425 299 598 336 spirituales,
613 307 683 335 quas
697 299 823 334 Hermas,
844 300 892 336 qui
912 306 943 336 et
960 300 1060 336 Pastor
1075 308 1247 336 nuncupatus
1261 306 1320 335 est,
1336 303 1363 330 in
1378 303 1449 331 libro
1463 312 1515 332 suo
1526 304 1632 334 descri-

50 341 77 367 u.
89 337 110 362 ei
122 335 268 363 individuae
280 334 395 363 comites
408 334 551 369 exstitere;

593 343 638 375 uae.
653 335 691 363 ita
707 336 908 375 pomiriantutz
923 335 1221 375 Fides.,_'Ab_stinenti_a.
1247 336 1396 375 Patientia,
1419 338 1629 375 Magnanimitas

42 370 180 409 implicitas,
195 370 365 404 lnnocentia,
376 366 548 405 Concordia,
556 366 694 406 Charitas,
707 370 868 407 Disciplina,
878 366 1019 404 Castitas,"
1025 370 1132 399 Veritas
1144 375 1172 399 et
1183 372 1340 400 Prudentia.
1359 366 1419 401 Lt'b.
1433 366 1479 404 m‘.’
1490 366 1573 404 simii.
1587 366 1627 409 .1:

24 415 85 441 ωρρ.
98 406 124 450 2,
137 406 170 434 ιδ
183 410 209 433 et
223 413 296 442 uqq.

796 450 892 480 XXIII.

532 506 648 536 James
659 507 887 542 SAIUSBERIENSIS,
907 507 1033 544 Epistola
1045 508 1107 536 I72.

51 568 120 598 Liber
134 577 204 606 vero
211 567 360 604 Sapientiae
371 551 404 606 _e_t
416 564 636 606 Ecolesiasticus,
648 564 741 606 Juditb
751 585 758 598 ,
775 565 876 606 Tobias
887 571 914 594 et
928 566 1036 606 Pastor,
1051 571 1080 606 ut
1094 566 1165 606 idem
1178 566 1362 606 Hieronymus
1380 569 1489 602 asserit,
1508 578 1561 597 non
1585 578 1630 598 re-

23 610 132 666 putantur
146 605 173 632 in
185 601 308 632 Canone.
321 618 359 644 _——
371 602 418 630 Ille
431 605 527 642 putem
543 601 591 635 qui
613 601 713 640 Pastor
732 601 894 629 inscribitur
924 611 959 630 an
979 602 1080 630 alicubi
1103 603 1149 636 sit,
1165 603 1258 631 nescio
1270 601 1343 631 {sed
1357 608 1463 632 certum
1483 601 1538 638 est,
1551 606 1625 641 quod

33 640 183 666 heronvmus
195 644 224 666 et
236 639 308 666 Beda
322 638 399 666 illum
411 637 515 664 vidisse
526 640 554 664 et
568 636 667 666 legisse
682 643 712 664 se
726 640 874 664 testantur.

33 640 183 676 lieronymus
195 644 224 667 et
236 639 308 668 Beda
322 638 399 666 illum
411 636 515 664 vidisse
526 640 554 664 et
568 636 667 671 legisse
682 643 712 664 se
726 640 874 664 testantur.

31 738 1624 756 .———_—————n——————_——__

584 815 1057 874 DISSERTATIO

203 928 280 974 DE
314 930 458 976 VITA
495 930 570 975 ET
604 930 786 979 SCRIP'

844 930 872 975 S
907 929 1117 976 SANCTI
1154 931 1234 975 HE
1246 930 1404 976 RMIE.

365 1030 375 1065 (
390 1029 422 1057 D.
440 1030 478 1059 Le
500 1030 622 1064 Noun“,
645 1031 799 1067 Apparatus
821 1031 857 1058 ad
869 1030 1025 1058 Bibiiotltec.
1039 1038 1127 1065 mam,
1141 1038 1171 1066 p.
1183 1030 1241 1066 47.)

274 1101 473 1130 ARTICULUS
491 1102 514 1130 l.

49 1156 159 1192 Aualgsis
177 1158 266 1193 operis
275 1157 304 1186 S.
322 1159 428 1187 Hermte
438 1160 481 1187 cui
497 1160 591 1187 titulus
606 1168 615 1187 :
631 1160 751 1188 Pssron.

48 1212 139 1243 Ριιιιυς
152 1215 235 1251 hujus
247 1217 338 1252 operis
352 1218 421 1246 liber
438 1218 466 1245 in
484 1223 603 1254 quatuor
613 1219 734 1247 visiones
747 1218 790 1246 di-

22 1260 154 1288 stribuitur.
176 1262 203 1289 ln
219 1264 308 1298 prima
329 1269 425 1292 auctor
439 1265 581 1293 mulierem
598 1265 625 1292 in
640 1265 731 1292 Tiberi
748 1265 789 1292 la-

22 1310 111 1334 vantem
123 1315 151 1335 se
164 1309 268 1337 vidisse
280 1310 334 1343 ait;
352 1311 431 1346 cujus
444 1312 555 1347 quidem
572 1311 662 1339 forma
681 1317 789 1347 captus,

22 1359 71 1378 cum
90 1361 198 1381 uxorem
213 1354 238 1382 ei
259 1355 375 1383 similem
389 1356 601 1392 concupivisset,
617 1357 680 1384 inde
693 1356 728 1384 ab
744 1364 791 1384 ea—

22 1397 69 1424 dem
83 1399 201 1432 muliere,
219 1400 329 1436 aliaque
342 1401 449 1429 seniore
462 1405 605 1437 correptus
618 1407 668 1430 est.
685 1401 790 1430 Exinde

22 1443 129 1477 patefacit
141 1445 279 1480 ejusmodi
300 1448 431 1482 cogitata,
447 1455 508 1483 quae
527 1448 641 1475 minime
657 1448 729 1476 mala
746 1448 790 1475 vi-

22 1490 114 1523 dentur,
126 1493 281 1526 periculosa
295 1501 366 1527 esse,
379 1501 430 1522 nec
446 1495 570 1522 criminis
583 1495 718 1530 expertia.
734 1496 789 1522 Ar-

23 1538 100 1570 guitur
114 1538 225 1574 insuper
254 1540 327 1574 quod
348 1544 494 1575 peccantes
510 1541 580 1569 tilios
596 1549 662 1568 suos
673 1561 680 1573 ,
697 1545 727 1568 ut
741 1549 790 1576 par

21 1587 78 1614 erat,
95 1591 144 1612 non
167 1585 374 1620 emendaverit;
399 1590 428 1614 et
446 1586 511 1622 quid
533 1587 566 1614 ad
583 1587 692 1622 culpam
716 1587 788 1615 hanc

22 1628 144 1657 cluendam
155 1630 341 1665 prazstandum
358 1631 437 1666 foret,
450 1632 573 1660 docetur.
587 1631 731 1660 [Edilicata
741 1633 789 1660 de-

22 1674 89 1708 nique
101 1683 115 1702 a
135 1675 189 1703 Deo
203 1676 328 1705 Ecclesia
342 1678 367 1705 ei
386 1678 551 1712 ostenditur,
565 1683 593 1706 et
607 1679 680 1714 quod
696 1679 787 1706 omnia

21 1721 83 1754 plena
95 1723 154 1757 ﬁent
164 1724 256 1752 electis
271 1724 338 1760 ejus.

804 1106 824 1134 Α
839 1103 948 1130 \‘itatein
963 1103 1097 1138 integram
1107 1102 1239 1130 devorare
1249 1105 1366 1137 poterat.
1380 1099 1456 1128 lianc
1466 1104 1557 1128 autem
1569 1099 1628 1127 bd-

841 1148 913 1176 luam
930 1157 1060 1183 pressum
1073 1155 1097 1175 et
1108 1147 1288 1175 tribulationis
1305 1150 1499 1182 superuentura
1511 1146 1626 1181 ligurum

840 1201 911 1226 esse,
926 1201 941 1220 a
957 1194 1079 1229 virgine,
1097 1201 1159 1229 qua;
1180 1193 1331 1222 Ecclesium
1357 1193 1503 1228 ﬁgurabat,
1519 1191 1625 1224 didicit,

838 1239 875 1266 ab
888 1247 975 1275 eaque
989 1240 1094 1275 accepit
1108 1247 1160 1274 qua
1179 1244 1240 1266 arte
1254 1239 1326 1266 vinci
1344 1241 1454 1273 posset;
1469 1244 1502 1265 ac
1515 1237 1625 1265 tandem

841 1285 899 1313 haec
911 1286 1025 1313 auribus
1036 1291 1197 1313 sanctorum
1209 1285 1283 1320 loqui
1301 1284 1422 1319 jubetur.

876 1330 960 1359 Lmen
975 1339 1108 1360 sscouous
1131 1331 1277 1359 duodecim
1297 1331 1436 1362 mandata,
1455 1336 1517 1365 qua
1528 1328 1627 1356 Pastor

842 1378 960 1410 nuntius,
976 1382 1001 1404 et
1017 1378 1173 1413 praepositus
1185 1378 1345 1413 panitrnliw
1361 1377 1394 1403 ab
1414 1375 1512 1403 Herm:
1527 1374 1628 1402 descri-

841 1424 866 1451 bi
881 1424 1007 1458 imperat,
1020 1424 1217 1459 complectitur.
1230 1423 1352 1451 Primum
1367 1430 1462 1450 eorum
1474 1422 1554 1449 dooet
1561 1420 1626 1456 quid

840 1471 874 1498 de
888 1470 953 1504 Deo,
966 1471 1013 1506 qui
1027 1471 1167 1498 timendus
1185 1475 1243 1502 est,
1266 1469 1442 1498 credendum.
1457 1468 1625 1500 Secundum,

838 1515 922 1542 vitam
937 1515 964 1542 in
975 1515 1151 1550 simplicitate
1165 1519 1191 1542 et
1205 1513 1362 1542 innocentia
1372 1513 1537 1544 ducendam,
1552 1512 1625 1540 elec-

840 1569 970 1598 mosynas
983 1561 1112 1590 omnibus
1128 1561 1298 1597 erogandas,
1320 1560 1423 1587 nullius
1445 1559 1524 1586 famae
1535 1559 1626 1586 detra-

839 1608 970 1636 hendum.
987 1607 1120 1641 Tertium,
1137 1608 1279 1635 veritatem
1291 1615 1399 1642 semper
1411 1606 1586 1634 asserendam
1599 1609 1626 1632 et

839 1660 979 1687 nunquam
990 1653 1184 1680 mentiendum.
1202 1652 1348 1684 Quartum,
1363 1651 1516 1679 castitatem
1529 1658 1627 1684 corpo-

838 1698 878 1727 ris
890 1703 971 1733 atque
992 1698 1091 1726 animae
1108 1697 1271 1726 servandam
1282 1717 1290 1730 ,
1305 1697 1425 1732 quidque
1445 1704 1541 1732 sponso
1562 1704 1626 1731 erga

838 1753 962 1779 sponsam
973 1744 1105 1779 inﬁdelem
1117 1744 1251 1779 agendum
1265 1744 1310 1771 sit.
1325 1743 1362 1770 lbi
1377 1751 1441 1770 vero
1456 1743 1579 1777 quaedam
1591 1743 1626 1769 de

48 1776 71 1804 In
86 1779 198 1807 secunda
212 1780 319 1808 visione
339 1780 448 1809 oblatus
460 1787 502 1811 est
520 1781 626 1810 Hermae
647 1782 682 1810 ab
692 1782 786 1810 eadem

840 1776 1101 1825 ptenitcittia'obiter
1116 1776 1347 1824 perstringuntur.
1364 1776 1494 1821 Quintum
1511 1787 1626 1814 manda-

21 1829 64 1849 ann
79 1824 160 1858 liber;
175 1833 257 1861 quem
279 1833 342 1854 cum
358 1827 468 1862 legisset
485 1828 716 1863 intellexissetque
727 1849 733 1861 ,
753 1835 789 1855 eo

21 1875 101 1897 rursus
110 1873 268 1908 castigatur,
285 1873 357 1908 quod
379 1878 492 1908 peccata
512 1874 607 1902 uxoris
627 1882 684 1901 sua:
701 1882 733 1902 ac
754 1874 786 1901 li-

21 1913 102 1943 liorum
115 1925 166 1945 non
178 1919 361 1953 prohibuerit,
373 1919 467 1955 illique
479 1921 600 1955 aperitur
615 1921 680 1956 quid
694 1921 726 1948 ad
736 1922 786 1949 ob-

20 1959 137 1989 tinclnlam
149 1963 256 1991 veniam
269 1971 349 1999 agere
364 1965 469 1992 debeat.
480 1966 570 2000 Atque
590 1966 626 1993 ibi
640 1971 785 2001 postquam

20 2004 46 2032 de
55 2008 213 2041 pwnitentia.
226 2009 384 2038 innocentia
399 2016 425 2038 et
440 2011 615 2046 simplicitate
635 2019 726 2040 sermo
744 2013 787 2041 in-

20 2050 113 2079 stitutus
126 2058 175 2086 est,
191 2055 350 2090 praecipitur
370 2056 544 2090 annuntiare,
558 2057 632 2092 quod
647 2057 786 2086 tribulatio

21 2103 100 2131 magna
112 2100 186 2126 venit.
198 2100 251 2135 Ipsi
261 2101 359 2128 deinde
366 2102 530 2135 declaratur,
540 2103 693 2137 mulierem,
703 2111 786 2139 quam

20 2143 118 2178 viderat,
132 2154 191 2174 esse
206 2146 369 2181 Ecclesiam,
385 2156 400 2175 a
416 2156 471 2183 qua
483 2153 512 2176 ut
526 2149 582 2176 duo
593 2150 738 2177 memorati
753 2151 786 2177 li-

21 2187 53 2215 bri
73 2198 128 2225 qua.-
148 2192 330 2228 descripserat
357 2194 523 2228 exemplaria
536 2214 544 2226 ,
561 2202 647 2222 unum
675 2194 784 2230 quidem

21 2233 120 2270 Graptaz,
135 2237 251 2266 alterum
263 2246 328 2266 vero
341 2239 473 2267 Clementi
486 2260 494 2272 ,
515 2248 565 2275 per
579 2247 675 2268 omnes
687 2240 784 2268 civita-

22 2285 52 2308 ιω
65 2283 229 2318 mittendum,
250 2289 281 2313 ut
291 2285 409 2321 ipsemet
421 2285 529 2321 dirigat,
545 2286 705 2314 mandatum
720 2294 788 2314 con-

21 2327 83 2356 tinuo
93 2331 196 2366 accipit.

48 2383 72 2412 In
85 2387 159 2415 tertia
172 2388 280 2416 visione
292 2388 386 2416 eadem
402 2389 501 2417 mulier
516 2389 625 2423 turrim,
642 2398 703 2425 qua:
719 2390 786 2418 trdi-

21 2429 144 2465 licabatur,
161 2433 270 2462 Hermas
281 2435 416 2469 ostendit;
428 2436 522 2471 illique
532 2437 683 2471 quomodo,
697 2445 712 2464 a
724 2439 787 2473 qui-

21 2474 62 2503 bus
72 2482 96 2505 et
110 2480 206 2514 quibus
220 2480 357 2516 lapidibus
368 2486 590 2515 construeretur;
605 2486 687 2518 atque
698 2492 729 2511 ex
747 2484 786 2510 la-

21 2523 112 2556 pidibus
123 2528 168 2562 qui
180 2527 326 2563 assumpti,
345 2528 393 2563 qui
413 2528 518 2562 rejecti,
538 2528 585 2564 qui
603 2528 703 2557 iterum
717 2530 787 2557 secti

22 2570 168 2608 ediﬁcioque
184 2574 281 2609 aptati,
297 2574 371 2602 clare
389 2575 523 2609 explicat;
546 2582 578 2602 ac
597 2583 651 2610 qua
675 2576 785 2603 tandem

21 2616 109 2645 ratione
120 2619 174 2647 haec
189 2621 273 2648 turris
284 2620 413 2648 Ecclesiae
424 2621 510 2655 ligura
523 2625 605 2654 esset,
621 2622 718 2656 aperit.
737 2620 786 2648 llis

22 2661 57 2690 ille
76 2665 152 2692 trium
167 2667 290 2701 ejusdem
313 2666 457 2700 Ecclesiae,
476 2675 559 2703 quam
584 2668 637 2695 sub
658 2668 783 2696 mulieris

22 2709 95 2741 Specie
107 2711 223 2745 viderat,
248 2712 389 2749 subjungit
410 2713 612 2748 apparitionum
633 2713 784 2748 expositio-

22 2759 80 2781 ηθῐη.

50 2800 139 2832 Quarta
155 2804 415 2839 ultimaquevnsione
434 2805 549 2832 llermas
563 2806 708 2840 conspexit
724 2805 784 2832 bel-

30 2849 92 2878 υθηδι
105 2853 162 2881 Quae
177 2856 231 2876 uno
247 2848 356 2877 haustu.
373 2850 426 2878 nisi
441 2850 553 2885 angelus
569 2849 730 2884 ObslillSScI,
745 2850 785 2878 ci-

839 1841 895 1864 tum
913 1836 1139 1870 mquanimitatem
1154 1839 1178 1861 et
1191 1834 1348 1869 patientiam
1370 1832 1501 1868 praecipit.
1520 1832 1603 1859 Sexto
1615 1852 1623 1865 ,

837 1882 899 1909 dua)
913 1882 963 1909 vite
975 1886 1002 1909 et
1019 1881 1074 1909 duo
1087 1880 1170 1915 genii,
1184 1887 1302 1914 quorum
1315 1878 1518 1913 unnsjustilim,
1533 1882 1561 1905 et
1578 1885 1625 1905 se-

837 1926 982 1962 quendus;
996 1926 1064 1953 alter
1079 1925 1230 1961 iniustitiae,
1243 1929 1271 1952 ct
1284 1924 1460 1959 expellendus
1475 1923 1626 1951 ostendun-

837 1977 892 2000 tur.
907 1972 1040 2007 Septimo,
1064 1971 1149 1998 Deum
1169 1970 1332 2003 timendum,
1355 1969 1467 1996 minime
1488 1976 1552 1996 vero
1567 1968 1624 1995 du:-

836 2025 956 2045 monem.
982 2018 1099 2050 Octavo,
1113 2025 1195 2045 omne
1216 2017 1318 2044 malum
1346 2015 1419 2051 quod
1445 2014 1624 2050 fugiendum,

837 2071 919 2091 omne
937 2063 1041 2090 bonum
1057 2062 1131 2098 quod
1146 2062 1281 2098 agendum
1304 2067 1354 2089 est.
1372 2060 1460 2094 Nono,
1476 2068 1537 2095 qua:
1552 2060 1624 2087 bona

837 2111 892 2139 sint
912 2111 940 2138 in
961 2111 1086 2138 oratione
1106 2111 1166 2138 sine
1184 2109 1355 2137 dubitatione
1372 2113 1398 2136 et
1414 2116 1476 2136 cum
1498 2115 1626 2143 perseve-

836 2156 936 2190 rantia,
949 2163 964 2183 a
976 2156 1033 2184 Deo
1041 2164 1148 2191 semper
1160 2155 1334 2191 postulanda.
1347 2154 1488 2182 Decimum
1499 2153 1626 2188 prohibet

836 2203 993 2236 tristitiam,
1011 2210 1073 2238 qua:
1094 2203 1152 2237 ﬁlia
1165 2202 1341 2229 dubitationis
1356 2206 1379 2228 et
1395 2201 1543 2228 iracundiw
1564 2207 1626 2227 esse

836 2248 1050 2276 demonstratur.
1068 2247 1247 2275 Undecimum
1267 2247 1355 2282 aperit
1375 2246 1440 2282 quid
1459 2245 1625 2273 discriminis

839 2294 875 2321 sit
889 2301 969 2321 veros
984 2293 1055 2321 inter
1069 2301 1102 2320 ac
1120 2292 1206 2320 falsos
1227 2293 1390 2328 prophetas;
1404 2292 1437 2319 de
1449 2291 1549 2326 quibus
1567 2298 1625 2317 rur-

837 2347 885 2367 sus
900 2345 927 2368 et
941 2340 967 2366 in
982 2339 1158 2370 duodecimo,
1171 2338 1217 2366 ubi
1233 2338 1267 2365 de
1285 2338 1355 2366 bona
1377 2337 1504 2372 malaque
1520 2335 1626 2371 cupidi-

836 2390 902 2418 tate,
928 2385 1014 2413 altera
1042 2385 1200 2420 sequenda,
1226 2384 1353 2420 fugienda
1373 2383 1458 2410 altera
1471 2385 1623 2415 ,tractatur.

837 2430 903 2459 Post
917 2431 974 2458 haec
985 2430 1083 2458 Pastor
1096 2429 1204 2457 Hermae
1219 2429 1345 2464 imperat,
1365 2432 1396 2454 ut
1408 2427 1555 2462 diligenter
1567 2425 1625 2452 haec

840 2476 932 2503 omnia
948 2481 1040 2503 servet
1051 2476 1190 2509 mandata,
1212 2476 1393 2509 hortaturque
1414 2480 1528 2504 omnes,
1547 2475 1577 2498 ut
1592 2478 1624 2497 ea

838 2522 939 2557 pariter
953 2522 1108 2549 observent.
1126 2521 1248 2556 Dunique
1262 2521 1332 2548 idem
1347 2519 1446 2546 Pastor
1459 2518 1529 2545 hanc
1547 2524 1625 2544 man-

838 2567 964 2594 datorum
990 2567 1230 2599 obscrvationem,
1255 2572 1366 2601 propter
1389 2571 1471 2599 quam
1499 2563 1625 2589 homines

837 2612 920 2638 vivent
937 2611 1003 2645 Deo,
1016 2612 1056 2638 eis
1071 2612 1229 2639 facillimam
1241 2619 1303 2638 esse
1319 2611 1498 2638 demonstrat.

872 2668 897 2696 Is
912 2676 993 2703 porro
1006 2669 1032 2696 in
1054 2676 1154 2696 'rsnrlo
1172 2676 1250 2696 Lmno
1264 2668 1297 2695 ad
1315 2667 1406 2695 varias
1421 2664 1624 2697 similitudines,

836 2714 936 2748 quibus
947 2713 1073 2742 llernlam
1084 2715 1191 2741 erudire
1205 2714 1302 2748 pergit,
1313 2712 1446 2740 convertit
1458 2717 1623 2738 sermonem.

841 2759 921 2787 Docet
935 2760 1027 2795 itaque
1037 2768 1090 2787 non
1106 2761 1208 2788 divitiis
1221 2758 1435 2791 accumulandis,
1445 2757 1490 2784 sed
1506 2763 1623 2791 erOgau-

838 2804 880 2832 dis
891 2805 1071 2840 cleemosynis
1083 2805 1303 2832 incumbemlum.
1317 2803 1394 2837 Quod
1406 2802 1513 2838 quidem
1528 2804 1627 2837 probat

837 2851 1016 2880 similitudine
1032 2852 1093 2880 vitis
1105 2860 1166 2880 cum
1183 2852 1282 2886 divite,
1301 2858 1327 2880 et
1339 2851 1404 2879 ulmi
1417 2857 1477 2879 cum
1495 2857 1625 2885 paupere,
