1920 3104
267 114 321 143 835

978 109 1008 139 8.
1028 109 1182 139 HERMAS.

1858 111 1907 139 836

265 169 313 205 qui
333 167 386 196 nisi
401 167 528 200 divitem,
542 166 613 194 sicut
628 165 718 194 ulmus
733 166 815 194 vitem
832 164 941 198 l‘ulciat,
955 164 1056 198 serpit.
1070 166 1094 195 Α
1109 165 1212 193 scilicet
1227 164 1266 193 Pii
1290 172 1375 200 papae,
1389 165 1553 201 episcopatu.
1570 166 1656 201 frater
1677 167 1765 201 ipsius
1793 166 1906 194 Hermas

265 223 317 243 nec
339 214 424 242 ullum
449 213 492 240 vix
515 220 637 248 unquam
657 211 775 239 fructum
801 210 908 239 referet.
929 209 998 238 Hinc
1019 209 1054 237 ad

265 262 334 289 alias
347 260 447 288 transit
459 259 654 287 similitudines
663 278 671 291 ,
684 258 851 293 planumque
863 257 950 292 primo
965 256 992 284 id
1015 256 1055 283 fa-

265 307 320 341 cit,
330 306 403 342 quod
415 306 485 334 sicut
499 306 580 334 arbor
594 304 689 332 viridis
701 312 717 332 a
733 304 805 331 sicca
821 311 875 330 non
898 303 988 330 hieme
1007 302 1055 330 sed

264 357 359 382 aestate
373 352 559 388 distinguitur,
573 351 613 378 sic
633 351 715 378 homo
723 349 815 384 justus
833 349 868 376 ab
884 349 986 384 injusto
1000 355 1055 375 non

265 400 293 427 in
309 399 361 426 hoc
376 398 489 431 mundo,
502 398 549 425 sed
562 397 589 424 in
598 396 702 432 judicio
713 399 836 423 extremo
846 399 887 423 est
898 395 1056 422 discernen-

265 445 327 472 dus.
345 444 445 472 Deinde
464 443 599 478 jejunium
615 450 678 470 cum
694 449 727 470 ea
742 445 882 476 comparat
897 440 1054 476 diligentia,

264 498 318 526 qua
334 498 429 518 servus
441 490 522 517 vitem
537 489 641 517 domini
653 488 694 517 sui
709 509 717 522 ,
732 487 820 524 magis
833 495 915 523 quam
927 487 979 515 sibi
997 486 1056 514 fur

264 541 307 564 rat
320 537 491 571 imperatum.
508 536 598 562 colere
611 534 724 562 studuit.
741 533 800 567 Qua
815 533 910 561 eadem
925 533 1055 561 similitu-

263 582 327 610 dine
343 581 461 609 ostendit
475 586 576 616 quanta
589 589 636 614 pro
652 580 801 607 hominibus
814 579 884 607 Deus
899 578 1054 614 patraverit,

263 634 291 657 et
311 634 413 664 quanta
434 628 471 655 illi
492 628 609 663 puritate
624 627 704 654 vitam
719 627 860 654 instituere
871 626 996 653 debeant.
1012 622 1056 653 0b

263 675 359 702 oculos
372 678 465 710 postea
479 679 614 709 pastorem
627 673 753 708 juvenem
766 673 852 708 ponit,
867 672 946 707 cujus
961 680 1055 707 pecora

264 721 370 756 copiosa
381 722 409 748 in
420 720 597 756 voluptatibus
616 727 639 747 et
658 720 762 746 deliciis
772 740 780 752 ,
796 719 948 754 llgurabant
965 719 1054 745 horni-

264 775 314 795 nes
324 767 508 802 voluptatibus
519 766 641 799 deditos;
655 773 772 801 quorum
785 765 869 800 aliqui
881 773 1054 799 corrumpun-

264 819 308 841 tur
324 822 404 849 usque
417 813 452 840 ad
463 814 647 848 defectionem,
657 813 702 839 alii
714 819 800 847 usque
813 812 847 838 ad
858 815 983 838 mortem.
994 810 1054 837 Non

263 860 391 887 dillitetur
414 864 504 886 tamen
526 859 660 894 quasdam
678 866 739 886 esse
757 858 926 892 voluptates,
941 856 1054 884 salutem

263 905 408 940 afferentes.
418 904 487 933 Hinc
495 905 569 932 venit
577 905 609 932 ad
619 904 823 932 similitudinem
836 904 927 931 salicis
938 911 1053 938 magnae,

262 951 342 985 cujus
365 951 432 978 rami
455 951 558 986 absque
579 951 686 977 arboris
709 949 893 977 diminutione
917 949 1052 982 abscissi,

261 997 411 1032 multisque
424 997 582 1024 hominibus
599 996 754 1028 distributi,
771 1001 854 1031 atque
871 995 955 1023 variis
972 995 1038 1023 sicci

261 1043 326 1071 tatis
334 1048 361 1070 ct
372 1043 516 1070 viriditatis
527 1043 657 1078 gradibus
669 1043 704 1070 ab
716 1042 811 1070 iisdem
824 1041 953 1075 restituti,
964 1041 1054 1069 varios

260 1089 438 1116 observandae
458 1088 525 1123 legis
547 1088 646 1116 divinae
665 1088 761 1116 modos
781 1088 895 1124 mystice
916 1087 1054 1122 signiﬁca-

261 1134 336 1162 bant.
351 1134 429 1161 Rami
443 1139 533 1162 autem
546 1134 669 1161 nonnulli
684 1135 781 1161 iterum
794 1139 821 1161 et
832 1133 912 1161 tertio
928 1133 1052 1168 plantati,

261 1185 289 1207 et
306 1180 339 1207 ad
357 1181 447 1208 varios
472 1180 618 1207 viriditatis
640 1181 741 1215 gradus
767 1179 903 1212 revocati,
925 1179 1054 1215 gerebant

260 1231 434 1262 peccatorum
461 1226 546 1254 variis
575 1226 664 1253 mollis
694 1225 881 1260 paenitentiam
914 1226 1052 1261 agentium

260 1273 476 1301 similitudinem.
484 1272 550 1300 Post
558 1273 615 1300 hzec
625 1272 857 1300 constructionem
868 1272 962 1304 turris,
976 1272 1053 1299 simi-

260 1320 403 1347 litudinem
427 1318 555 1347 Ecclesia:
577 1318 762 1354 praeferentis,
780 1326 863 1353 quam
881 1318 950 1345 libro
964 1318 1053 1353 primo

261 1367 348 1394 levius
363 1367 504 1402 attigerat,
519 1366 658 1394 lusissime
670 1366 801 1393 describit
815 1374 823 1394 :
835 1370 863 1393 et
874 1365 1006 1400 quidquid
1019 1365 1053 1392 ad

260 1421 320 1440 eam
335 1413 466 1448 pertinet,
479 1412 637 1448 singillatim
655 1412 819 1440 Christianis
830 1432 837 1445 ,
854 1411 973 1438 maxime
988 1419 1053 1439 vero

260 1459 457 1494 paenitentibus
483 1458 666 1494 applicando,
691 1457 783 1485 omnia
807 1465 869 1492 qua:
895 1465 910 1485 a
938 1457 1052 1492 singulis

260 1504 414 1540 quibusque
433 1503 612 1538 persolvenda
634 1509 728 1535 erant,
745 1503 886 1538 religionis
900 1508 928 1530 et
942 1502 1050 1537 pietatis
1064 1521 1086 1550 ο

260 1550 347 1578 olllcia
367 1550 493 1585 explicat.
514 1549 617 1578 Dehinc
632 1554 725 1577 narrat
740 1549 855 1577 Hermas
873 1557 955 1585 quant
972 1549 1050 1577 solli-

260 1597 314 1624 cite
328 1596 450 1632 angelus,
463 1596 510 1631 qui
523 1603 585 1624 eum
601 1595 706 1624 Pastori
720 1597 812 1622 nuntio
823 1596 981 1630 prenitentire
997 1600 1052 1622 tra-

260 1642 379 1675 diderat,
409 1642 534 1676 ipsimet,
563 1645 593 1669 ut
618 1642 745 1669 mandata
771 1642 903 1669 hactenus
928 1642 1050 1676 exposita

260 1689 394 1722 observet,
406 1689 522 1724 aliisque
538 1688 663 1716 similiter
678 1688 847 1716 observanda
864 1695 926 1715 esse
942 1687 1053 1714 nuntia-

261 1739 320 1767 ret,
336 1734 518 1769 imperaverit.
533 1734 675 1761 Postremo
689 1733 733 1760 ille
744 1733 833 1768 angeli
849 1737 982 1760 memorat
993 1732 1052 1766 pol-

259 1780 447 1811 licitationem.
464 1787 517 1815 qua
529 1779 588 1808 fore
604 1784 634 1807 ut
649 1779 698 1814 ipsi
714 1785 850 1814 pastorem
866 1783 894 1806 et
907 1778 1051 1806 duodecim

260 1825 395 1861 virgines,
411 1825 437 1852 id
449 1830 490 1853 est
504 1832 602 1853 omnes
616 1825 728 1852 omnino
742 1824 873 1857 virtutes,
888 1831 950 1852 cum
971 1831 1004 1851 eo
1022 1824 1050 1851 in

262 1875 392 1899 aeternum
411 1878 605 1906 permansuros
619 1870 753 1902 mitteret.
769 1870 842 1897 ultro
857 1870 1049 1905 spoponderat.

533 1936 733 1965 ARTICULUS
751 1936 782 1964 ll.

260 1982 325 2015 Quis
340 1982 453 2010 Hermas
470 1988 562 2010 auctor
574 1984 652 2018 hujus
666 1985 766 2018 operis;
781 1992 843 2010 num
860 1984 895 2010 sit
908 1984 991 2018 frater
1006 1983 1050 2012 Pii

470 2019 551 2053 primi
561 2038 568 2050 ,
583 2020 679 2046 summi
694 2019 837 2054 pontiﬁcis.

294 2062 378 2091 Extra
389 2065 605 2092 controversiam
622 2068 664 2091 est
678 2065 728 2091 hoc
740 2072 809 2099 opus
822 2064 892 2092 idem
905 2072 964 2093 esse
975 2065 1049 2099 quod

260 2111 295 2138 ab
307 2111 507 2145 antiquissimis
524 2109 650 2138 Patribus
668 2109 774 2138 Hermia
790 2111 899 2138 nomine
910 2110 1047 2138 laudatur.

260 2157 288 2185 Id
304 2157 408 2191 liquido
419 2157 550 2191 probatur
560 2164 594 2184 ex
607 2156 765 2184 eorumdem
776 2156 887 2184 Patrum
900 2157 976 2184 libris
987 2177 993 2189 ,
1002 2157 1047 2184 ubi

1106 211 1205 238 librum
1217 212 1338 246 scripsit,
1354 213 1381 238 in
1395 220 1445 247 quo
1461 212 1617 239 mandatum
1633 213 1829 248 conﬁrmatur,
1841 215 1905 249 quod

1105 255 1129 282 ei
1142 256 1265 290 praecepit
1278 257 1388 291 angelus
1401 256 1527 290 Domitii,
1543 265 1604 284 cum
1620 258 1717 285 veniret
1735 258 1777 285 ad
1799 266 1862 285 eunt
1881 259 1906 285 in

1105 302 1198 329 habitu
1217 303 1351 337 pastoris.
1377 308 1406 330 ut
1429 308 1550 331 sanctum
1570 304 1676 332 Pascha
1699 305 1744 332 die
1762 304 1905 332 Dominico

1105 350 1291 377 celebraretur.
1305 350 1407 377 Auctor
1422 349 1580 384 decretalis,
1596 350 1631 377 ad
1651 351 1794 378 universos
1808 350 1905 378 Chriin

1106 396 1213 432 ﬁdeles,
1229 404 1290 432 qua:
1305 396 1412 432 ipsimet
1433 396 1482 424 Pio
1503 396 1629 425 Pontiﬁci
1647 397 1795 430 tribuitur,
1812 398 1904 425 eadem

1105 451 1215 480 quoque
1228 443 1339 471 tradidit
1355 453 1361 470 :
1378 443 1442 470 Istis
1457 452 1518 479 ergo
1530 444 1690 479 temporibus
1706 443 1831 471 Hermas
1857 444 1904 470 do-

1089 490 1225 525 'ctorﬁtlei
1241 496 1264 517 et
1279 489 1478 525 Scripturarum
1491 491 1590 526 effulsit
1604 491 1674 518 inter
1689 499 1804 520 nos.....
1823 492 1904 518 eidem

1108 536 1214 563 llerma:
1231 536 1338 571 angelus
1351 536 1458 563 Domini
1475 537 1502 563 in
1520 537 1611 564 habitu
1623 537 1743 572 pastoris
1760 538 1902 571 apparuit,

1105 590 1129 610 et
1154 585 1275 617 praecepit
1300 584 1323 610 ei
1344 588 1373 609 ut
1399 575 1502 610 Pascha
1517 583 1559 610 die
1573 583 1712 610 Dominico
1730 582 1768 609 ab
1785 583 1903 609 omnibus

1106 628 1291 655 celebraretur.
1308 628 1347 655 Ex
1362 628 1404 656 bis
1415 635 1496 663 porro
1512 628 1616 656 ultimis
1629 628 1720 656 verbis
1736 629 1860 656 alterum
1874 636 1903 655 ex

1107 674 1150 701 bis
1164 674 1273 702 duobus
1285 674 1465 709 scriptoribus
1480 674 1513 702 ab
1528 674 1613 702 altero
1629 674 1656 702 id
1671 675 1749 710 quod
1766 674 1904 702 scribebat

1106 725 1260 748 mutuatum
1280 728 1357 754 esse,
1373 724 1420 748 aut
1442 725 1589 756 utrumque
1608 729 1641 748 ex
1662 720 1765 748 iisdem
1779 721 1904 748 bausisx

1108 767 1228 794 fontibus
1245 767 1318 794 haud
1338 766 1456 794 absurde
1475 766 1596 802 colligas.
1613 765 1669 794 Hos
1680 774 1751 794 vero
1768 766 1902 798 nonnulli,

1107 812 1178 841 Beda
1200 813 1329 840 nimirum
1357 817 1385 840 et
1407 813 1486 846 Ado,
1510 821 1563 841 non
1585 813 1695 848 quidem
1720 813 1750 840 in
1776 814 1869 840 citatis
1889 821 1903 840 a

1105 860 1268 894 quibusdam
1283 867 1376 886 eorum
1400 859 1615 899 Martyrologiis,
1630 860 1677 887 sed
1703 860 1730 887 in
1748 859 1902 887 Chronolo-

1105 907 1157 942 giis
1177 911 1271 942 postea
1296 906 1382 934 secuti
1407 911 1480 933 sunt.
1508 905 1547 933 lbi
1572 906 1710 941 siquidem
1735 905 1813 933 Beda
1845 914 1902 933 cum

1105 952 1261 987 scripsisset
1270 951 1407 979 Justinum
1420 952 1610 987 philosophum
1623 952 1674 979 sub
1684 951 1737 979 Pio
1749 960 1823 987 papa
1835 960 1901 979 mar-

1104 999 1175 1035 tyrio
1186 1000 1268 1027 vitam
1282 999 1396 1033 liniisse,
1407 999 1538 1026 continuo
1553 998 1673 1026 subdidit
1685 1008 1692 1025 :
1707 998 1830 1025 Hermas
1842 999 1902 1026 scri-

1104 1046 1156 1080 psit
1169 1046 1266 1073 librum
1276 1066 1284 1079 ,
1299 1045 1344 1081 qui
1363 1045 1463 1072 dicitur
1478 1045 1616 1078 Pastoris,
1632 1045 1658 1071 in
1674 1053 1729 1079 quo
1743 1050 1900 1078 prcceptuu

1103 1091 1190 1126 angeli
1202 1091 1327 1123 continet,
1339 1096 1368 1118 ut
1386 1090 1489 1117 Pascha
1500 1090 1639 1116 Dominico
1651 1089 1697 1116 die
1710 1090 1898 1117 celebraretur.

1105 1137 1182 1165 Beda:
1197 1143 1286 1165 autem
1302 1137 1382 1165 verba
1405 1137 1445 1164 sic
1457 1136 1517 1164 Auo
1530 1136 1704 1171 transcripsit
1726 1146 1733 1163 :
1758 1136 1829 1164 Pius
1848 1137 1899 1170 epi-

1103 1191 1197 1218 scopus
1213 1183 1302 1210 Roma:
1320 1183 1442 1215 habetur,
1457 1182 1503 1209 sub
1519 1191 1569 1217 quo
1588 1181 1703 1209 Hermas
1716 1182 1821 1209 librum
1839 1183 1899 1209 scri-

1102 1231 1166 1265 psit,
1180 1231 1225 1266 qui
1237 1230 1338 1257 dicitur
1353 1229 1486 1263 Pastoris,
1501 1229 1528 1256 in
1540 1237 1591 1264 quo
1601 1235 1772 1263 preceptum
1788 1229 1898 1255 continet

1104 1276 1209 1312 angeli,
1230 1281 1258 1303 ut
1278 1284 1378 1311 semper
1392 1275 1497 1302 Pascha
1517 1275 1560 1302 die
1577 1275 1720 1301 Dominico
1746 1274 1897 1301 celebretur.

1103 1322 1205 1349 Auctor
1218 1329 1326 1358 quoque
1341 1322 1439 1349 veteris
1453 1321 1638 1348 Romanorum
1658 1321 1829 1356 pontilicum
1857 1327 1896 1346 ca-

1103 1368 1184 1404 talogi
1195 1389 1203 1402 ,
1217 1368 1288 1403 apud
1301 1367 1464 1394 Bucheriutn
1477 1372 1504 1395 et
1518 1366 1657 1394 Bollandi'
1680 1366 1896 1397 continuatot’es,

1102 1415 1129 1442 in
1142 1415 1235 1442 eadem
1247 1419 1288 1442 est
1303 1414 1436 1442 sententia
1451 1423 1458 1441 :
1478 1413 1531 1441 Sub
1548 1414 1626 1448 hujus
1640 1433 1649 1445 ,
1665 1413 1725 1445 Pii,
1747 1414 1897 1447 episcopatu

1103 1461 1187 1497 frater
1199 1461 1256 1496 ejus
1272 1460 1386 1488 Hermas
1408 1459 1504 1487 librant
1523 1460 1628 1494 scripsit
1639 1478 1648 1492 .
1671 1460 1699 1486 in
1718 1467 1778 1494 quo
1794 1460 1897 1486 manda

1103 1513 1156 1540 tur,
1183 1508 1379 1542 contineturque
1401 1507 1470 1542 quod
1488 1507 1512 1533 ei
1533 1507 1656 1541 prtecepit
1682 1506 1819 1541 angelus,
1845 1514 1897 1532 cum

1102 1553 1170 1580 venit
1189 1553 1223 1579 ad
1246 1560 1305 1579 eum
1325 1553 1352 1579 in
1373 1553 1466 1579 habitu
1488 1553 1613 1586 pastoris.
1633 1551 1763 1587 Denique
1787 1553 1896 1587 scriptor

1102 1599 1214 1626 alterius
1227 1599 1385 1626 eorumdem
1401 1599 1559 1634 pontilicum
1572 1598 1687 1634 catalogi
1700 1599 1777 1633 apud
1792 1600 1895 1627 eosdem

1103 1645 1226 1672 Bollandi
1250 1645 1370 1672 asseclas
1392 1645 1463 1672 idem
1490 1645 1667 1680 paucioribus
1691 1646 1789 1673 verbis
1809 1646 1894 1672 dixit:

1102 1691 1168 1718 Pius
1182 1692 1288 1718 natione
1301 1690 1388 1718 Italus
1401 1699 1433 1718 ea:
1444 1696 1520 1725 patre
1531 1690 1627 1725 Rufino
1637 1711 1644 1723 ,
1658 1691 1747 1726 frater
1763 1691 1894 1718 Pastoris.

1138 1738 1240 1765 Verum
1255 1738 1313 1765 haec
1325 1737 1419 1773 opinio
1430 1742 1503 1765 stare
1515 1738 1591 1765 nullo
1608 1738 1691 1765 modo
1715 1743 1823 1773 potest.
1843 1738 1895 1765 Pri-

1102 1794 1148 1813 mo
1164 1786 1237 1813 enim
1259 1785 1368 1820 quidam
1388 1794 1421 1813 ex
1443 1786 1486 1813 his
1511 1785 1693 1820 scriptoribus
1719 1792 1824 1812 secum
1851 1785 1894 1819 ipsi

1102 1837 1234 1867 pugnant.
1249 1832 1308 1859 Αάο
1320 1832 1454 1867 siquidem
1467 1833 1493 1858 in
1505 1840 1556 1859 suo
1570 1831 1768 1866 Martyrologio
1783 1832 1893 1859 scribit:

1103 1876 1202 1904 Natale
1216 1877 1302 1904 sancti
1321 1876 1427 1904 Hermae
1442 1878 1517 1912 cujus
1530 1877 1665 1911 apostolus
1685 1876 1797 1904 Paulus
1811 1878 1894 1904 melii-

1102 1923 1198 1951 nit.....
1216 1923 1294 1950 Hunc
1305 1927 1424 1951 asserunt
1436 1928 1571 1949 auctorem
1585 1931 1641 1949 esse
1652 1922 1715 1949 libri
1726 1943 1736 1956 ,
1748 1923 1801 1957 qui
1812 1922 1892 1958 oppd-

1100 1971 1173 1998 latur
1189 1970 1305 1998 PASTOB.
1318 1970 1400 2004 Atqui
1412 1970 1434 1996 si
1450 1969 1564 1997 Hermas
1573 1969 1728 2004 discipulus
1740 1969 1799 1997 fuit
1812 1969 1891 2002 Pauli,

1100 2017 1142 2044 vel
1162 2016 1263 2044 Paulus
1278 2016 1350 2043 illius
1367 2016 1504 2049 meminit,
1518 2023 1573 2043 non
1588 2015 1675 2050 potuit
1691 2020 1769 2043 certe
1797 2016 1891 2044 librum

1100 2070 1181 2090 suum
1192 2082 1200 2095 ,
1214 2062 1294 2090 sicuti
1310 2062 1379 2089 idem
1395 2061 1454 2089 Ado
1470 2062 1497 2088 in
1513 2061 1698 2096 Chronologia
1710 2069 1764 2089 sua
1780 2063 1889 2093 asserit,

1099 2109 1151 2136 sub
1173 2108 1331 2143 pontiﬁcatu
1354 2107 1395 2134 Pii
1420 2107 1560 2141 scribere,
1587 2108 1687 2142 quippe
1712 2108 1763 2142 qui
1786 2112 1888 2136 centum

1101 2154 1187 2182 ferme
1201 2159 1262 2188 post
1277 2153 1392 2181 Paulum
1414 2153 1494 2181 anuis
1512 2161 1638 2181 summus
1652 2153 1778 2188 pontifex
1796 2162 1889 2181 renun-

260 2211 315 2231 non
347 2210 433 2238 pauca
458 2202 578 2230 auctoris
606 2203 693 2230 nostri
719 2202 873 2230 testimonia
902 2211 935 2230 ex
963 2203 1047 2230 variis
1062 2190 1085 2218 D
1099 2201 1181 2229 tiatus
1195 2206 1245 2228 cst.

261 2249 374 2283 hujusce
387 2249 477 2283 operis
490 2248 613 2284 partibus
628 2249 790 2283 transcripta
802 2253 961 2276 occurrunt.
994 2248 1051 2276 Au-

255 2299 383 2323 ctorvero
393 2295 450 2329 ipse
463 2295 490 2321 in
505 2295 557 2322 hoc
571 2302 652 2329 opere
662 2302 761 2322 nomen
773 2294 879 2322 llermat
892 2295 992 2330 ubique
1004 2303 1048 2322 as-

259 2341 352 2368 sumit.
367 2341 539 2375 Quapropter
553 2341 621 2368 illud
634 2344 738 2367 tantum
754 2341 828 2368 venit
846 2341 873 2367 in
889 2345 1048 2368 controver-

257 2385 327 2413 siam
338 2405 346 2417 ,
362 2386 424 2420 quis
435 2385 486 2412 iste
501 2384 537 2412 sit
551 2383 665 2412 Hermas
674 2405 681 2417 ,
697 2387 725 2410 et
738 2391 793 2418 quo
804 2384 901 2411 vixerit
914 2388 1046 2418 tempore.

293 2432 410 2466 Quidam
424 2432 516 2468 itaque
528 2432 677 2466 scriptores
697 2431 772 2458 illum
793 2430 834 2457 Pii
848 2430 927 2465 primi
946 2429 1047 2457 summi

257 2480 394 2516 poutilicis
409 2479 520 2507 fratrem
536 2479 621 2506 fuisse
638 2478 823 2505 indubitanter
843 2482 978 2505 asserunt.
1002 2476 1048 2504 Sic

257 2526 330 2552 enim
347 2525 481 2553 sentiebat
493 2529 589 2552 auctor
603 2524 746 2560 poematis,
764 2523 923 2551 Tertulliani
937 2522 1048 2549 nomine

257 2571 380 2606 inscripti
390 2591 398 2603 ,
414 2571 462 2606 qui
475 2572 508 2599 de
519 2571 565 2598 illo
579 2570 617 2598 ita
627 2570 727 2598 cecinit
743 2579 750 2597 :

293 2627 356 2655 Post
369 2627 436 2654 hunc
446 2627 539 2654 deinde
550 2626 626 2658 Pius.
635 2625 749 2653 Hermas
761 2627 804 2652 cui
815 2627 917 2652 nontine
929 2627 1013 2660 frater

292 2663 433 2697 Angelicus
446 2669 549 2697 pastor,
563 2663 609 2697 qui
628 2662 728 2689 tradita
742 2664 819 2688 verba
834 2661 949 2688 locutus.

292 2707 386 2736 Eidem
407 2708 547 2736 sententiae
566 2712 663 2734 auctor
678 2707 855 2739 Pontillcalis,
868 2707 914 2741 qui
931 2706 1048 2734 Darnaso

258 2755 394 2786 tribuitur,
406 2754 480 2782 hunc
499 2754 661 2789 subscripsit
680 2754 706 2780 in
730 2753 840 2781 modtutt
855 2762 862 2780 :
880 2751 933 2780 Sub
951 2752 1046 2786 hujus,

293 2821 338 2848 'In
353 2821 490 2856 Propylteo
506 2821 608 2849 mensis
628 2821 701 2849 Maii.

1134 2247 1235 2275 Deinde
1247 2247 1273 2274 bi
1287 2246 1434 2282 scriptores
1446 2250 1561 2273 narrant
1574 2253 1608 2273 ex
1622 2245 1693 2273 libro
1709 2245 1823 2274 Herm:
1836 2251 1886 2273 sta-

1098 2298 1198 2326 tutum,
1213 2299 1243 2321 ut
1257 2293 1361 2321 Pascha
1375 2293 1419 2320 die
1433 2292 1576 2319 Dominico
1589 2292 1755 2320 celebretur.
1771 2293 1808 2320 At
1836 2290 1885 2318 l'ru-

1092 2338 1224 2374 straapud
1240 2342 1364 2366 uestrum
1380 2344 1519 2365 auctorem
1537 2337 1729 2372 hujuscemodi
1750 2338 1884 2365 decretum

1097 2384 1249 2420 quaesieris.
1262 2383 1310 2411 Vel
1323 2391 1388 2418 ergo
1399 2388 1525 2412 auctores
1540 2383 1598 2417 illi,
1615 2384 1661 2418 qui
1686 2384 1720 2411 de
1741 2383 1814 2411 libro
1827 2391 1841 2410 a
1860 2390 1884 2410 se

1099 2436 1233 2463 nusquam
1244 2429 1303 2456 viso
1312 2428 1458 2463 scripsisse
1468 2428 1604 2461 videntur,
1614 2428 1730 2455 omnino
1741 2427 1803 2456 falsi
1816 2432 1883 2458 sunt.

1098 2475 1140 2502 vel
1155 2475 1188 2502 de
1199 2475 1254 2502 alio
1266 2482 1358 2509 opere,
1370 2482 1386 2501 a
1401 2479 1496 2502 nostro
1506 2474 1586 2509 plane
1596 2475 1762 2509 penitusque
1771 2475 1882 2505 diverso.

1098 2521 1258 2555 loquuntur.
1286 2519 1408 2554 Denique
1439 2520 1614 2547 manifestum
1649 2523 1693 2547 est
1724 2519 1882 2555 posteriom

1098 2567 1246 2601 scriptorcs
1261 2565 1416 2600 opinionem
1432 2573 1509 2593 suam
1526 2573 1542 2592 a
1557 2565 1698 2600 prioribus
1720 2564 1880 2600 summisse.

1098 2612 1266 2646 proindeque
1281 2610 1414 2647 originem
1424 2611 1547 2646 ejusdem
1558 2611 1698 2646 opinionis
1710 2612 1739 2639 in
1755 2619 1879 2640 memora-

1098 2663 1156 2686 tum
1170 2658 1314 2693 poematis,
1330 2663 1379 2685 aut
1388 2658 1556 2686 Pontilicalis
1570 2663 1712 2686 auctorem
1724 2667 1786 2687 esse
1796 2658 1880 2686 refun-

1097 2702 1224 2732 dendam.
1238 2703 1321 2740 Atqui
1335 2708 1452 2739 uterque
1465 2708 1561 2731 auctor
1573 2707 1616 2731 est
1630 2705 1813 2740 apocryplrns,
1825 2702 1878 2729 nul-

1099 2751 1151 2778 lius
1163 2750 1282 2779 nominis
1304 2750 1406 2778 nullius
1421 2749 1578 2786 diligentia,
1588 2750 1694 2778 nullius
1710 2749 1875 2779 auctoritatis.
