  <div class='ocr_page' id='page_1' title='image "/cluster/home/n/w/nwhite01/storage/ocr_20150623/2/njp.32101077772349/578.png"; bbox 0 0 1920 3104; ppageno 0'>
   <div class='ocr_carea' id='block_1_1' title="bbox 44 112 89 142">
    <p class='ocr_par' dir='ltr' id='par_1_1' title="bbox 44 112 89 142">
     <span class='ocr_line' id='line_1_1' title="bbox 44 112 89 142; baseline -0.022 0"><span class='ocrx_word' id='word_1_1' title='bbox 44 112 89 142; x_wconf 73' lang='lat'><strong>837</strong></span> 
     </span>
    </p>
   </div>
   <div class='ocr_carea' id='block_1_2' title="bbox 296 173 556 204">
    <p class='ocr_par' dir='ltr' id='par_1_2' title="bbox 296 173 556 204">
     <span class='ocr_line' id='line_1_2' title="bbox 296 173 556 204; baseline 0.015 -4"><span class='ocrx_word' id='word_1_2' title='bbox 296 173 495 203; x_wconf 79' lang='lat' dir='ltr'><strong>ARTICULUS</strong></span> <span class='ocrx_word' id='word_1_3' title='bbox 514 176 556 204; x_wconf 90' lang='lat' dir='ltr'><strong>Ill.</strong></span> 
     </span>
    </p>
   </div>
   <div class='ocr_carea' id='block_1_3' title="bbox 90 227 766 271">
    <p class='ocr_par' dir='ltr' id='par_1_3' title="bbox 90 227 766 271">
     <span class='ocr_line' id='line_1_3' title="bbox 90 227 766 271; baseline 0.015 -17"><span class='ocrx_word' id='word_1_4' title='bbox 90 227 158 255; x_wconf 84' lang='lat' dir='ltr'><strong>Num</strong></span> <span class='ocrx_word' id='word_1_5' title='bbox 172 228 287 258; x_wconf 80' lang='lat' dir='ltr'><strong>Hermas</strong></span> <span class='ocrx_word' id='word_1_6' title='bbox 302 231 382 265; x_wconf 82' lang='lat' dir='ltr'><strong>fuerit</strong></span> <span class='ocrx_word' id='word_1_7' title='bbox 393 233 540 268; x_wconf 86' lang='lat' dir='ltr'><strong>discipulus</strong></span> <span class='ocrx_word' id='word_1_8' title='bbox 551 233 634 262; x_wconf 89' lang='lat' dir='ltr'><strong>Pauli</strong></span> <span class='ocrx_word' id='word_1_9' title='bbox 642 235 766 271; x_wconf 86' lang='lat' dir='ltr'><strong>apostoli.</strong></span> 
     </span>
    </p>
   </div>
   <div class='ocr_carea' id='block_1_4' title="bbox 73 285 819 322">
    <p class='ocr_par' dir='ltr' id='par_1_4' title="bbox 73 285 819 322">
     <span class='ocr_line' id='line_1_4' title="bbox 73 285 819 322; baseline 0.012 -10"><span class='ocrx_word' id='word_1_10' title='bbox 73 285 166 312; x_wconf 78' lang='lat' dir='ltr'><strong>Contra</strong></span> <span class='ocrx_word' id='word_1_11' title='bbox 179 293 247 313; x_wconf 87' lang='lat' dir='ltr'><strong>vero</strong></span> <span class='ocrx_word' id='word_1_12' title='bbox 260 287 424 322; x_wconf 88' lang='lat' dir='ltr'><strong>scriptores,</strong></span> <span class='ocrx_word' id='word_1_13' title='bbox 445 289 499 317; x_wconf 86' lang='lat' dir='ltr'><strong>illis</strong></span> <span class='ocrx_word' id='word_1_14' title='bbox 518 291 647 319; x_wconf 88' lang='lat' dir='ltr'><strong>omnibus</strong></span> <span class='ocrx_word' id='word_1_15' title='bbox 660 292 772 321; x_wconf 89' lang='lat' dir='ltr'><strong>nomine</strong></span> <span class='ocrx_word' id='word_1_16' title='bbox 791 297 819 321; x_wconf 87' lang='lat' dir='ltr'><strong>et</strong></span> 
     </span>
    </p>
   </div>
   <div class='ocr_carea' id='block_1_5' title="bbox 42 331 817 369">
    <p class='ocr_par' dir='ltr' id='par_1_5' title="bbox 42 331 817 369">
     <span class='ocr_line' id='line_1_5' title="bbox 42 331 817 369; baseline 0.009 -11"><span class='ocrx_word' id='word_1_17' title='bbox 42 336 110 359; x_wconf 67' lang='lat' dir='ltr'><strong>etate</strong></span> <span class='ocrx_word' id='word_1_18' title='bbox 123 331 201 366; x_wconf 71' lang='lat' dir='ltr'><strong>longe</strong></span> <span class='ocrx_word' id='word_1_19' title='bbox 216 332 391 366; x_wconf 84' lang='lat' dir='ltr'><strong>superiores,</strong></span> <span class='ocrx_word' id='word_1_20' title='bbox 411 338 508 369; x_wconf 89' lang='lat' dir='ltr'><strong>putant</strong></span> <span class='ocrx_word' id='word_1_21' title='bbox 530 334 657 363; x_wconf 72' lang='lat' dir='ltr'><strong>Her-mam</strong></span> <span class='ocrx_word' id='word_1_22' title='bbox 677 341 817 365; x_wconf 80' lang='lat' dir='ltr'><strong>auctorem</strong></span> 
     </span>
    </p>
   </div>
   <div class='ocr_carea' id='block_1_6' title="bbox 42 376 818 418">
    <p class='ocr_par' dir='ltr' id='par_1_6' title="bbox 42 376 818 418">
     <span class='ocr_line' id='line_1_6' title="bbox 42 376 818 418; baseline 0.01 -15"><span class='ocrx_word' id='word_1_23' title='bbox 42 381 151 404; x_wconf 86' lang='lat' dir='ltr'><strong>nostrum</strong></span> <span class='ocrx_word' id='word_1_24' title='bbox 165 376 253 405; x_wconf 82' lang='lat' dir='ltr'><strong>fuisse</strong></span> <span class='ocrx_word' id='word_1_25' title='bbox 266 378 431 413; x_wconf 88' lang='lat' dir='ltr'><strong>discipulum</strong></span> <span class='ocrx_word' id='word_1_26' title='bbox 441 379 518 408; x_wconf 83' lang='lat' dir='ltr'><strong>Pauli</strong></span> <span class='ocrx_word' id='word_1_27' title='bbox 533 381 661 416; x_wconf 72' lang='lat' dir='ltr'><strong>apostoli,</strong></span> <span class='ocrx_word' id='word_1_28' title='bbox 677 390 758 418; x_wconf 83' lang='lat' dir='ltr'><strong>quem</strong></span> <span class='ocrx_word' id='word_1_29' title='bbox 774 383 818 412; x_wconf 89' lang='lat' dir='ltr'><strong>ille</strong></span> 
     </span>
    </p>
   </div>
   <div class='ocr_carea' id='block_1_7' title="bbox 42 421 818 457">
    <p class='ocr_par' dir='ltr' id='par_1_7' title="bbox 42 421 818 457">
     <span class='ocr_line' id='line_1_7' title="bbox 42 421 818 457; baseline 0.013 -10"><span class='ocrx_word' id='word_1_30' title='bbox 42 422 63 448; x_wconf 90' lang='lat' dir='ltr'><strong>in</strong></span> <span class='ocrx_word' id='word_1_31' title='bbox 76 421 188 456; x_wconf 76' lang='lat' dir='ltr'><strong>Epistula</strong></span> <span class='ocrx_word' id='word_1_32' title='bbox 208 422 243 449; x_wconf 88' lang='lat' dir='ltr'><strong>ad</strong></span> <span class='ocrx_word' id='word_1_33' title='bbox 262 422 422 452; x_wconf 82' lang='lat' dir='ltr'><strong>Romanos&#39;</strong></span> <span class='ocrx_word' id='word_1_34' title='bbox 435 425 479 453; x_wconf 86' lang='lat' dir='ltr'><strong>his</strong></span> <span class='ocrx_word' id='word_1_35' title='bbox 493 426 594 454; x_wconf 87' lang='lat' dir='ltr'><strong>salutat</strong></span> <span class='ocrx_word' id='word_1_36' title='bbox 610 427 701 455; x_wconf 82' lang='lat' dir='ltr'><strong>verbis</strong></span> <span class='ocrx_word' id='word_1_37' title='bbox 715 438 721 456; x_wconf 93' lang='lat'>:</span> <span class='ocrx_word' id='word_1_38' title='bbox 737 428 818 457; x_wconf 86' lang='lat' dir='ltr'><strong>Salu-</strong></span> 
     </span>
    </p>
   </div>
   <div class='ocr_carea' id='block_1_8' title="bbox 42 469 817 510">
    <p class='ocr_par' dir='ltr' id='par_1_8' title="bbox 42 469 817 510">
     <span class='ocr_line' id='line_1_8' title="bbox 42 469 817 510; baseline 0.01 -15"><span class='ocrx_word' id='word_1_39' title='bbox 42 474 85 496; x_wconf 79' lang='lat' dir='ltr'><strong>tate</strong></span> <span class='ocrx_word' id='word_1_40' title='bbox 106 469 290 504; x_wconf 78' lang='lat' dir='ltr'><strong>Asyncritum,</strong></span> <span class='ocrx_word' id='word_1_41' title='bbox 308 470 497 506; x_wconf 82' lang='lat' dir='ltr'><strong>Phlegontem,</strong></span> <span class='ocrx_word' id='word_1_42' title='bbox 522 472 658 501; x_wconf 79' lang='lat' dir='ltr'><strong>Hennam.</strong></span> <span class='ocrx_word' id='word_1_43' title='bbox 686 474 817 510; x_wconf 76' lang='lat' dir='ltr'><strong>Origenes</strong></span> 
     </span>
    </p>
   </div>
   <div class='ocr_carea' id='block_1_9' title="bbox 40 515 816 549">
    <p class='ocr_par' dir='ltr' id='par_1_9' title="bbox 40 515 816 549">
     <span class='ocr_line' id='line_1_9' title="bbox 40 515 816 549; baseline 0.01 -8"><span class='ocrx_word' id='word_1_44' title='bbox 40 515 165 543; x_wconf 79' lang='lat' dir='ltr'><strong>enimvero</strong></span> <span class='ocrx_word' id='word_1_45' title='bbox 196 516 225 544; x_wconf 92' lang='lat' dir='ltr'><strong>in</strong></span> <span class='ocrx_word' id='word_1_46' title='bbox 249 517 322 545; x_wconf 92' lang='lat' dir='ltr'><strong>hunc</strong></span> <span class='ocrx_word' id='word_1_47' title='bbox 336 516 414 545; x_wconf 81' lang='lat' dir='ltr'><strong>Pauli</strong></span> <span class='ocrx_word' id='word_1_48' title='bbox 437 518 527 546; x_wconf 77' lang='lat' dir='ltr'><strong>locum</strong></span> <span class='ocrx_word' id='word_1_49' title='bbox 551 520 591 547; x_wconf 88' lang='lat' dir='ltr'><strong>sic</strong></span> <span class='ocrx_word' id='word_1_50' title='bbox 613 521 727 549; x_wconf 79' lang='lat' dir='ltr'><strong>scribit:</strong></span> <span class='ocrx_word' id='word_1_51' title='bbox 747 521 816 549; x_wconf 88' lang='lat' dir='ltr'><strong>Puto</strong></span> 
     </span>
    </p>
   </div>
   <div class='ocr_carea' id='block_1_10' title="bbox 40 558 817 600">
    <p class='ocr_par' dir='ltr' id='par_1_10' title="bbox 40 558 817 600">
     <span class='ocr_line' id='line_1_10' title="bbox 40 558 817 600; baseline 0.012 -15"><span class='ocrx_word' id='word_1_52' title='bbox 40 559 98 594; x_wconf 81' lang='lat' dir='ltr'><strong>quod</strong></span> <span class='ocrx_word' id='word_1_53' title='bbox 110 558 222 587; x_wconf 83' lang='lat' dir='ltr'><strong>Hermas</strong></span> <span class='ocrx_word' id='word_1_54' title='bbox 237 561 287 588; x_wconf 79' lang='lat' dir='ltr'><strong>iste</strong></span> <span class='ocrx_word' id='word_1_55' title='bbox 299 562 334 588; x_wconf 94' lang='lat' dir='ltr'><strong>sit</strong></span> <span class='ocrx_word' id='word_1_56' title='bbox 347 563 461 597; x_wconf 87' lang='lat' dir='ltr'><strong>scriptor</strong></span> <span class='ocrx_word' id='word_1_57' title='bbox 471 563 554 591; x_wconf 77' lang='lat' dir='ltr'><strong>libelli</strong></span> <span class='ocrx_word' id='word_1_58' title='bbox 564 563 647 597; x_wconf 85' lang='lat' dir='ltr'><strong>illius,</strong></span> <span class='ocrx_word' id='word_1_59' title='bbox 659 566 704 600; x_wconf 94' lang='lat' dir='ltr'><strong>qui</strong></span> <span class='ocrx_word' id='word_1_60' title='bbox 718 565 817 594; x_wconf 81' lang='lat' dir='ltr'><strong>Pastor</strong></span> 
     </span>
    </p>
   </div>
   <div class='ocr_carea' id='block_1_11' title="bbox 40 605 815 646">
    <p class='ocr_par' dir='ltr' id='par_1_11' title="bbox 40 605 815 646">
     <span class='ocr_line' id='line_1_11' title="bbox 40 605 815 646; baseline 0.013 -16"><span class='ocrx_word' id='word_1_61' title='bbox 40 605 191 638; x_wconf 84' lang='lat' dir='ltr'><strong>appellatur;</strong></span> <span class='ocrx_word' id='word_1_62' title='bbox 206 614 266 641; x_wconf 65' lang='lat' dir='ltr'><strong>quae</strong></span> <span class='ocrx_word' id='word_1_63' title='bbox 277 608 410 642; x_wconf 84' lang='lat' dir='ltr'><strong>scriptura</strong></span> <span class='ocrx_word' id='word_1_64' title='bbox 421 608 495 635; x_wconf 79' lang='lat' dir='ltr'><strong>valde</strong></span> <span class='ocrx_word' id='word_1_65' title='bbox 507 609 570 636; x_wconf 82' lang='lat' dir='ltr'><strong>mihi</strong></span> <span class='ocrx_word' id='word_1_66' title='bbox 582 610 657 638; x_wconf 84' lang='lat' dir='ltr'><strong>utilis</strong></span> <span class='ocrx_word' id='word_1_67' title='bbox 668 612 778 646; x_wconf 79' lang='lat' dir='ltr'><strong>videtur,</strong></span> <span class='ocrx_word' id='word_1_68' title='bbox 790 617 815 640; x_wconf 82' lang='lat' dir='ltr'><strong>et</strong></span> 
     </span>
    </p>
   </div>
   <div class='ocr_carea' id='block_1_12' title="bbox 39 652 815 693">
    <p class='ocr_par' dir='ltr' id='par_1_12' title="bbox 39 652 815 693">
     <span class='ocr_line' id='line_1_12' title="bbox 39 652 815 693; baseline 0.014 -17"><span class='ocrx_word' id='word_1_69' title='bbox 39 655 100 684; x_wconf 87' lang='lat' dir='ltr'><strong>puta,</strong></span> <span class='ocrx_word' id='word_1_70' title='bbox 119 652 246 679; x_wconf 77' lang='lat' dir='ltr'><strong>diuinitus</strong></span> <span class='ocrx_word' id='word_1_71' title='bbox 269 653 410 688; x_wconf 75' lang='lat' dir='ltr'><strong>inspirata.</strong></span> <span class='ocrx_word' id='word_1_72' title='bbox 430 654 563 684; x_wconf 83' lang='lat' dir='ltr'><strong>Eusebius</strong></span> <span class='ocrx_word' id='word_1_73' title='bbox 576 656 586 672; x_wconf 94' lang='grc'>³</span> <span class='ocrx_word' id='word_1_74' title='bbox 607 661 698 685; x_wconf 90' lang='lat' dir='ltr'><strong>autem</strong></span> <span class='ocrx_word' id='word_1_75' title='bbox 716 668 722 686; x_wconf 91' lang='lat'><strong>:</strong></span> <span class='ocrx_word' id='word_1_76' title='bbox 744 659 815 693; x_wconf 79' lang='grc' dir='ltr'><strong>Δρο-</strong></span> 
     </span>
    </p>
   </div>
   <div class='ocr_carea' id='block_1_13' title="bbox 39 697 813 741">
    <p class='ocr_par' dir='ltr' id='par_1_13' title="bbox 39 697 813 741">
     <span class='ocr_line' id='line_1_13' title="bbox 39 697 813 741; baseline 0.013 -18"><span class='ocrx_word' id='word_1_77' title='bbox 39 698 109 724; x_wconf 82' lang='lat' dir='ltr'><strong>stolus</strong></span> <span class='ocrx_word' id='word_1_78' title='bbox 120 697 232 731; x_wconf 78' lang='lat' dir='ltr'><strong>Paulus,</strong></span> <span class='ocrx_word' id='word_1_79' title='bbox 246 699 344 734; x_wconf 87' lang='lat' dir='ltr'><strong>inquit,</strong></span> <span class='ocrx_word' id='word_1_80' title='bbox 360 701 388 726; x_wconf 88' lang='lat' dir='ltr'><strong>in</strong></span> <span class='ocrx_word' id='word_1_81' title='bbox 403 701 609 731; x_wconf 81' lang='lat' dir='ltr'><strong>salutationibus</strong></span> <span class='ocrx_word' id='word_1_82' title='bbox 620 704 686 737; x_wconf 83' lang='lat' dir='ltr'><strong>illis,</strong></span> <span class='ocrx_word' id='word_1_83' title='bbox 698 714 757 741; x_wconf 65' lang='lat' dir='ltr'><strong>qua</strong></span> <span class='ocrx_word' id='word_1_84' title='bbox 766 706 813 734; x_wconf 88' lang='lat' dir='ltr'><strong>sub</strong></span> 
     </span>
    </p>
   </div>
   <div class='ocr_carea' id='block_1_14' title="bbox 39 741 813 786">
    <p class='ocr_par' dir='ltr' id='par_1_14' title="bbox 39 741 813 786">
     <span class='ocr_line' id='line_1_14' title="bbox 39 741 813 786; baseline 0.016 -20"><span class='ocrx_word' id='word_1_85' title='bbox 39 741 104 775; x_wconf 84' lang='lat' dir='ltr'><strong>ﬁnem</strong></span> <span class='ocrx_word' id='word_1_86' title='bbox 117 741 245 776; x_wconf 63' lang='lat' dir='ltr'><strong>Epistolas</strong></span> <span class='ocrx_word' id='word_1_87' title='bbox 255 743 290 770; x_wconf 88' lang='lat' dir='ltr'><strong>ad</strong></span> <span class='ocrx_word' id='word_1_88' title='bbox 300 743 430 772; x_wconf 85' lang='lat' dir='ltr'><strong>Romanos</strong></span> <span class='ocrx_word' id='word_1_89' title='bbox 441 746 573 782; x_wconf 85' lang='lat' dir='ltr'><strong>leguntur,</strong></span> <span class='ocrx_word' id='word_1_90' title='bbox 586 750 742 777; x_wconf 85' lang='lat' dir='ltr'><strong>mentionem</strong></span> <span class='ocrx_word' id='word_1_91' title='bbox 752 751 813 786; x_wconf 79' lang='lat' dir='ltr'><strong>fecit</strong></span> 
     </span>
    </p>
   </div>
   <div class='ocr_carea' id='block_1_15' title="bbox 39 787 812 829">
    <p class='ocr_par' dir='ltr' id='par_1_15' title="bbox 39 787 812 829">
     <span class='ocr_line' id='line_1_15' title="bbox 39 787 812 829; baseline 0.016 -17"><span class='ocrx_word' id='word_1_92' title='bbox 39 787 141 820; x_wconf 71' lang='lat' dir='ltr'><strong>Herum,</strong></span> <span class='ocrx_word' id='word_1_93' title='bbox 157 789 232 823; x_wconf 80' lang='lat' dir='ltr'><strong>cujus</strong></span> <span class='ocrx_word' id='word_1_94' title='bbox 247 798 302 816; x_wconf 85' lang='lat' dir='ltr'><strong>esse</strong></span> <span class='ocrx_word' id='word_1_95' title='bbox 316 790 401 824; x_wconf 81' lang='lat' dir='ltr'><strong>fertur</strong></span> <span class='ocrx_word' id='word_1_96' title='bbox 414 792 437 818; x_wconf 88' lang='lat' dir='ltr'><strong>is</strong></span> <span class='ocrx_word' id='word_1_97' title='bbox 454 792 529 826; x_wconf 85' lang='lat' dir='ltr'><strong>liber,</strong></span> <span class='ocrx_word' id='word_1_98' title='bbox 545 794 589 829; x_wconf 90' lang='lat' dir='ltr'><strong>qui</strong></span> <span class='ocrx_word' id='word_1_99' title='bbox 607 793 704 823; x_wconf 82' lang='lat' dir='ltr'><strong>Pastor</strong></span> <span class='ocrx_word' id='word_1_100' title='bbox 717 796 812 824; x_wconf 84' lang='lat' dir='ltr'><strong>inscri-</strong></span> 
     </span>
    </p>
   </div>
   <div class='ocr_carea' id='block_1_16' title="bbox 37 833 849 874">
    <p class='ocr_par' dir='ltr' id='par_1_16' title="bbox 37 833 849 874">
     <span class='ocr_line' id='line_1_16' title="bbox 37 833 849 874; baseline 0.016 -16"><span class='ocrx_word' id='word_1_101' title='bbox 37 837 87 866; x_wconf 86' lang='lat' dir='ltr'><strong>ptus</strong></span> <span class='ocrx_word' id='word_1_102' title='bbox 102 838 147 860; x_wconf 86' lang='lat' dir='ltr'><strong>est.</strong></span> <span class='ocrx_word' id='word_1_103' title='bbox 157 833 356 870; x_wconf 65' lang='lat' dir='ltr'><strong>Hieronymus‘</strong></span> <span class='ocrx_word' id='word_1_104' title='bbox 369 844 432 864; x_wconf 83' lang='lat' dir='ltr'><strong>vero</strong></span> <span class='ocrx_word' id='word_1_105' title='bbox 446 838 471 865; x_wconf 90' lang='lat' dir='ltr'><strong>id</strong></span> <span class='ocrx_word' id='word_1_106' title='bbox 487 838 521 866; x_wconf 87' lang='lat' dir='ltr'><strong>ab</strong></span> <span class='ocrx_word' id='word_1_107' title='bbox 533 840 593 867; x_wconf 86' lang='lat' dir='ltr'><strong>aliis</strong></span> <span class='ocrx_word' id='word_1_108' title='bbox 608 845 740 869; x_wconf 84' lang='lat' dir='ltr'><strong>assertum</strong></span> <span class='ocrx_word' id='word_1_109' title='bbox 753 850 813 871; x_wconf 86' lang='lat' dir='ltr'><strong>esse</strong></span> <span class='ocrx_word' id='word_1_110' title='bbox 829 847 849 874; x_wconf 86' lang='grc' dir='ltr'><strong><em>Β</em></strong></span> 
     </span>
    </p>
   </div>
   <div class='ocr_carea' id='block_1_17' title="bbox 37 879 811 919">
    <p class='ocr_par' dir='ltr' id='par_1_17' title="bbox 37 879 811 919">
     <span class='ocr_line' id='line_1_17' title="bbox 37 879 811 919; baseline 0.013 -14"><span class='ocrx_word' id='word_1_111' title='bbox 37 884 154 906; x_wconf 81' lang='lat' dir='ltr'><strong>memorat</strong></span> <span class='ocrx_word' id='word_1_112' title='bbox 166 888 173 906; x_wconf 86' lang='lat'><strong>:</strong></span> <span class='ocrx_word' id='word_1_113' title='bbox 188 879 313 914; x_wconf 86' lang='lat' dir='ltr'><strong>Hermas,</strong></span> <span class='ocrx_word' id='word_1_114' title='bbox 325 882 422 917; x_wconf 86' lang='lat' dir='ltr'><strong>inquit,</strong></span> <span class='ocrx_word' id='word_1_115' title='bbox 435 885 510 918; x_wconf 85' lang='lat' dir='ltr'><strong>cujus</strong></span> <span class='ocrx_word' id='word_1_116' title='bbox 521 886 654 919; x_wconf 77' lang='lat' dir='ltr'><strong>apostolus</strong></span> <span class='ocrx_word' id='word_1_117' title='bbox 666 886 766 915; x_wconf 84' lang='lat' dir='ltr'><strong>Paulus</strong></span> <span class='ocrx_word' id='word_1_118' title='bbox 777 889 811 915; x_wconf 86' lang='lat' dir='ltr'><strong>ad</strong></span> 
     </span>
    </p>
   </div>
   <div class='ocr_carea' id='block_1_18' title="bbox 36 922 811 959">
    <p class='ocr_par' dir='ltr' id='par_1_18' title="bbox 36 922 811 959">
     <span class='ocr_line' id='line_1_18' title="bbox 36 922 811 959; baseline 0.013 -10"><span class='ocrx_word' id='word_1_119' title='bbox 36 922 151 951; x_wconf 72' lang='lat' dir='ltr'><strong>Romanos</strong></span> <span class='ocrx_word' id='word_1_120' title='bbox 178 924 296 953; x_wconf 85' lang='lat' dir='ltr'><strong>scribens</strong></span> <span class='ocrx_word' id='word_1_121' title='bbox 323 928 501 956; x_wconf 83' lang='lat' dir='ltr'><strong>meminit.....</strong></span> <span class='ocrx_word' id='word_1_122' title='bbox 526 935 646 957; x_wconf 82' lang='lat' dir='ltr'><strong>asserunt</strong></span> <span class='ocrx_word' id='word_1_123' title='bbox 677 937 811 959; x_wconf 86' lang='lat' dir='ltr'><strong>auctorem</strong></span> 
     </span>
    </p>
   </div>
   <div class='ocr_carea' id='block_1_19' title="bbox 35 969 811 1006">
    <p class='ocr_par' dir='ltr' id='par_1_19' title="bbox 35 969 811 1006">
     <span class='ocr_line' id='line_1_19' title="bbox 35 969 811 1006; baseline 0.014 -11"><span class='ocrx_word' id='word_1_124' title='bbox 35 978 80 996; x_wconf 82' lang='lat' dir='ltr'><strong>esse</strong></span> <span class='ocrx_word' id='word_1_125' title='bbox 99 969 160 997; x_wconf 88' lang='lat' dir='ltr'><strong>libri</strong></span> <span class='ocrx_word' id='word_1_126' title='bbox 182 971 227 1006; x_wconf 89' lang='lat' dir='ltr'><strong>qui</strong></span> <span class='ocrx_word' id='word_1_127' title='bbox 252 972 400 1006; x_wconf 84' lang='lat' dir='ltr'><strong>appellatur</strong></span> <span class='ocrx_word' id='word_1_128' title='bbox 419 972 525 1002; x_wconf 86' lang='lat' dir='ltr'><strong>Pastor.</strong></span> <span class='ocrx_word' id='word_1_129' title='bbox 547 975 665 1004; x_wconf 80' lang='lat' dir='ltr'><strong>Possunt</strong></span> <span class='ocrx_word' id='word_1_130' title='bbox 687 978 720 1005; x_wconf 91' lang='lat' dir='ltr'><strong>iis</strong></span> <span class='ocrx_word' id='word_1_131' title='bbox 746 979 811 1006; x_wconf 57' lang='lat' dir='ltr'><strong>sub.</strong></span> 
     </span>
    </p>
   </div>
   <div class='ocr_carea' id='block_1_20' title="bbox 34 1014 809 1056">
    <p class='ocr_par' dir='ltr' id='par_1_20' title="bbox 34 1014 809 1056">
     <span class='ocr_line' id='line_1_20' title="bbox 34 1014 809 1056; baseline 0.015 -16"><span class='ocrx_word' id='word_1_132' title='bbox 34 1014 98 1050; x_wconf 76' lang='lat' dir='ltr'><strong>jungi</strong></span> <span class='ocrx_word' id='word_1_133' title='bbox 123 1017 289 1050; x_wconf 82' lang='lat' dir='ltr'><strong>posteriores</strong></span> <span class='ocrx_word' id='word_1_134' title='bbox 320 1019 483 1055; x_wconf 83' lang='lat' dir='ltr'><strong>scriptores.</strong></span> <span class='ocrx_word' id='word_1_135' title='bbox 512 1021 558 1056; x_wconf 90' lang='lat' dir='ltr'><strong>qui</strong></span> <span class='ocrx_word' id='word_1_136' title='bbox 590 1021 698 1050; x_wconf 84' lang='lat' dir='ltr'><strong>illorum</strong></span> <span class='ocrx_word' id='word_1_137' title='bbox 727 1025 809 1053; x_wconf 86' lang='lat' dir='ltr'><strong>verba</strong></span> 
     </span>
    </p>
   </div>
   <div class='ocr_carea' id='block_1_21' title="bbox 35 1061 809 1101">
    <p class='ocr_par' dir='ltr' id='par_1_21' title="bbox 35 1061 809 1101">
     <span class='ocr_line' id='line_1_21' title="bbox 35 1061 809 1101; baseline 0.014 -15"><span class='ocrx_word' id='word_1_138' title='bbox 35 1061 251 1096; x_wconf 83' lang='lat' dir='ltr'><strong>transcripserunt</strong></span> <span class='ocrx_word' id='word_1_139' title='bbox 262 1083 270 1096; x_wconf 94' lang='lat'><strong>,</strong></span> <span class='ocrx_word' id='word_1_140' title='bbox 284 1063 326 1091; x_wconf 88' lang='lat' dir='ltr'><strong>vel</strong></span> <span class='ocrx_word' id='word_1_141' title='bbox 344 1071 438 1092; x_wconf 88' lang='lat' dir='ltr'><strong>eorum</strong></span> <span class='ocrx_word' id='word_1_142' title='bbox 461 1066 683 1101; x_wconf 89' lang='lat' dir='ltr'><strong>subscripserunt</strong></span> <span class='ocrx_word' id='word_1_143' title='bbox 696 1074 809 1097; x_wconf 84' lang='lat' dir='ltr'><strong>senten-</strong></span> 
     </span>
    </p>
   </div>
   <div class='ocr_carea' id='block_1_22' title="bbox 33 1105 806 1148">
    <p class='ocr_par' dir='ltr' id='par_1_22' title="bbox 33 1105 806 1148">
     <span class='ocr_line' id='line_1_22' title="bbox 33 1105 806 1148; baseline 0.016 -17"><span class='ocrx_word' id='word_1_144' title='bbox 33 1107 78 1132; x_wconf 83' lang='lat' dir='ltr'><strong>ti:c.</strong></span> <span class='ocrx_word' id='word_1_145' title='bbox 96 1105 148 1134; x_wconf 85' lang='lat' dir='ltr'><strong>Hos</strong></span> <span class='ocrx_word' id='word_1_146' title='bbox 162 1107 234 1136; x_wconf 90' lang='lat' dir='ltr'><strong>inter</strong></span> <span class='ocrx_word' id='word_1_147' title='bbox 255 1108 383 1138; x_wconf 85' lang='lat' dir='ltr'><strong>Sedulius</strong></span> <span class='ocrx_word' id='word_1_148' title='bbox 395 1110 520 1146; x_wconf 82' lang='lat' dir='ltr'><strong>Origenis</strong></span> <span class='ocrx_word' id='word_1_149' title='bbox 539 1113 644 1147; x_wconf 70' lang='lat' dir='ltr'><strong>verba,’</strong></span> <span class='ocrx_word' id='word_1_150' title='bbox 657 1119 806 1148; x_wconf 84' lang='lat' dir='ltr'><strong>mutuatur,</strong></span> 
     </span>
    </p>
   </div>
   <div class='ocr_carea' id='block_1_23' title="bbox 33 1149 807 1197">
    <p class='ocr_par' dir='ltr' id='par_1_23' title="bbox 33 1149 807 1197">
     <span class='ocr_line' id='line_1_23' title="bbox 33 1149 807 1197; baseline 0.016 -20"><span class='ocrx_word' id='word_1_151' title='bbox 33 1149 186 1186; x_wconf 81' lang='lat' dir='ltr'><strong>Nicephorus</strong></span> <span class='ocrx_word' id='word_1_152' title='bbox 199 1161 267 1182; x_wconf 89' lang='lat' dir='ltr'><strong>vero</strong></span> <span class='ocrx_word' id='word_1_153' title='bbox 277 1154 386 1183; x_wconf 87' lang='lat' dir='ltr'><strong>Eusebii</strong></span> <span class='ocrx_word' id='word_1_154' title='bbox 397 1156 408 1172; x_wconf 90' lang='grc'>⁶</span> <span class='ocrx_word' id='word_1_155' title='bbox 423 1157 545 1193; x_wconf 81' lang='lat' dir='ltr'><strong>vestigiis</strong></span> <span class='ocrx_word' id='word_1_156' title='bbox 560 1159 669 1187; x_wconf 86' lang='lat' dir='ltr'><strong>insistit.</strong></span> <span class='ocrx_word' id='word_1_157' title='bbox 683 1161 712 1188; x_wconf 93' lang='lat' dir='ltr'><strong>ln</strong></span> <span class='ocrx_word' id='word_1_158' title='bbox 725 1161 807 1197; x_wconf 87' lang='lat' dir='ltr'><strong>hujus</strong></span> 
     </span>
    </p>
   </div>
   <div class='ocr_carea' id='block_1_24' title="bbox 33 1200 806 1242">
    <p class='ocr_par' dir='ltr' id='par_1_24' title="bbox 33 1200 806 1242">
     <span class='ocr_line' id='line_1_24' title="bbox 33 1200 806 1242; baseline 0.017 -19"><span class='ocrx_word' id='word_1_159' title='bbox 33 1203 103 1229; x_wconf 76' lang='lat' dir='ltr'><strong>parre</strong></span> <span class='ocrx_word' id='word_1_160' title='bbox 114 1200 254 1227; x_wconf 70' lang='lat' dir='ltr'><strong>sententiae</strong></span> <span class='ocrx_word' id='word_1_161' title='bbox 273 1200 474 1230; x_wconf 87' lang='lat' dir='ltr'><strong>ﬁrmamentum</strong></span> <span class='ocrx_word' id='word_1_162' title='bbox 498 1204 564 1231; x_wconf 87' lang='lat' dir='ltr'><strong>illud</strong></span> <span class='ocrx_word' id='word_1_163' title='bbox 586 1205 684 1234; x_wconf 83' lang='lat' dir='ltr'><strong>adduci</strong></span> <span class='ocrx_word' id='word_1_164' title='bbox 700 1212 806 1242; x_wconf 85' lang='lat' dir='ltr'><strong>posset,</strong></span> 
     </span>
    </p>
   </div>
   <div class='ocr_carea' id='block_1_25' title="bbox 33 1242 806 1282">
    <p class='ocr_par' dir='ltr' id='par_1_25' title="bbox 33 1242 806 1282">
     <span class='ocr_line' id='line_1_25' title="bbox 33 1242 806 1282; baseline 0.017 -14"><span class='ocrx_word' id='word_1_165' title='bbox 33 1242 94 1275; x_wconf 83' lang='lat' dir='ltr'><strong>quod</strong></span> <span class='ocrx_word' id='word_1_166' title='bbox 115 1242 227 1272; x_wconf 86' lang='lat' dir='ltr'><strong>Hermas</strong></span> <span class='ocrx_word' id='word_1_167' title='bbox 254 1245 312 1280; x_wconf 90' lang='lat' dir='ltr'><strong>ipse</strong></span> <span class='ocrx_word' id='word_1_168' title='bbox 340 1251 456 1275; x_wconf 86' lang='lat' dir='ltr'><strong>testatur</strong></span> <span class='ocrx_word' id='word_1_169' title='bbox 481 1256 514 1276; x_wconf 75' lang='lat' dir='ltr'><strong>ex</strong></span> <span class='ocrx_word' id='word_1_170' title='bbox 542 1250 650 1279; x_wconf 90' lang='lat' dir='ltr'><strong>duobus</strong></span> <span class='ocrx_word' id='word_1_171' title='bbox 675 1251 736 1280; x_wconf 90' lang='lat' dir='ltr'><strong>libri</strong></span> <span class='ocrx_word' id='word_1_172' title='bbox 763 1255 806 1282; x_wconf 90' lang='lat' dir='ltr'><strong>sui</strong></span> 
     </span>
    </p>
   </div>
   <div class='ocr_carea' id='block_1_26' title="bbox 33 1288 806 1327">
    <p class='ocr_par' dir='ltr' id='par_1_26' title="bbox 33 1288 806 1327">
     <span class='ocr_line' id='line_1_26' title="bbox 33 1288 806 1327; baseline 0.017 -14"><span class='ocrx_word' id='word_1_173' title='bbox 33 1288 217 1322; x_wconf 83' lang='lat' dir='ltr'><strong>exemplaribus</strong></span> <span class='ocrx_word' id='word_1_174' title='bbox 232 1298 248 1317; x_wconf 93' lang='lat' dir='ltr'><strong>a</strong></span> <span class='ocrx_word' id='word_1_175' title='bbox 270 1299 298 1323; x_wconf 81' lang='lat' dir='ltr'><strong>se</strong></span> <span class='ocrx_word' id='word_1_176' title='bbox 313 1291 458 1327; x_wconf 85' lang='lat' dir='ltr'><strong>descriptis</strong></span> <span class='ocrx_word' id='word_1_177' title='bbox 469 1314 476 1327; x_wconf 90' lang='lat'><strong>,</strong></span> <span class='ocrx_word' id='word_1_178' title='bbox 494 1302 580 1322; x_wconf 89' lang='lat' dir='ltr'><strong>unum</strong></span> <span class='ocrx_word' id='word_1_179' title='bbox 598 1296 625 1322; x_wconf 89' lang='lat' dir='ltr'><strong>in</strong></span> <span class='ocrx_word' id='word_1_180' title='bbox 639 1303 747 1326; x_wconf 76' lang='lat' dir='ltr'><strong>exteras</strong></span> <span class='ocrx_word' id='word_1_181' title='bbox 767 1299 806 1326; x_wconf 90' lang='lat' dir='ltr'><strong>ci-</strong></span> 
     </span>
    </p>
   </div>
   <div class='ocr_carea' id='block_1_27' title="bbox 32 1332 805 1372">
    <p class='ocr_par' dir='ltr' id='par_1_27' title="bbox 32 1332 805 1372">
     <span class='ocr_line' id='line_1_27' title="bbox 32 1332 805 1372; baseline 0.017 -13"><span class='ocrx_word' id='word_1_182' title='bbox 32 1332 140 1361; x_wconf 77' lang='lat' dir='ltr'><strong>vitatesa</strong></span> <span class='ocrx_word' id='word_1_183' title='bbox 154 1334 295 1364; x_wconf 80' lang='lat' dir='ltr'><strong>Clemente</strong></span> <span class='ocrx_word' id='word_1_184' title='bbox 323 1338 483 1366; x_wconf 88' lang='lat' dir='ltr'><strong>mittendum</strong></span> <span class='ocrx_word' id='word_1_185' title='bbox 500 1349 508 1367; x_wconf 86' lang='lat'><strong>:</strong></span> <span class='ocrx_word' id='word_1_186' title='bbox 529 1340 615 1368; x_wconf 83' lang='lat' dir='ltr'><strong>Mittet</strong></span> <span class='ocrx_word' id='word_1_187' title='bbox 636 1347 724 1370; x_wconf 89' lang='lat' dir='ltr'><strong>autem</strong></span> <span class='ocrx_word' id='word_1_188' title='bbox 745 1344 805 1372; x_wconf 81' lang='lat' dir='ltr'><strong>Cle-</strong></span> 
     </span>
    </p>
   </div>
   <div class='ocr_carea' id='block_1_28' title="bbox 32 1380 803 1422">
    <p class='ocr_par' dir='ltr' id='par_1_28' title="bbox 32 1380 803 1422">
     <span class='ocr_line' id='line_1_28' title="bbox 32 1380 803 1422; baseline 0.017 -18"><span class='ocrx_word' id='word_1_189' title='bbox 32 1385 91 1405; x_wconf 81' lang='lat' dir='ltr'><strong>mens</strong></span> <span class='ocrx_word' id='word_1_190' title='bbox 113 1380 139 1406; x_wconf 89' lang='lat' dir='ltr'><strong>in</strong></span> <span class='ocrx_word' id='word_1_191' title='bbox 159 1386 266 1408; x_wconf 67' lang='lat' dir='ltr'><strong>exteras</strong></span> <span class='ocrx_word' id='word_1_192' title='bbox 290 1383 428 1417; x_wconf 83' lang='lat' dir='ltr'><strong>civitates;</strong></span> <span class='ocrx_word' id='word_1_193' title='bbox 454 1386 522 1413; x_wconf 82' lang='lat' dir='ltr'><strong>illud</strong></span> <span class='ocrx_word' id='word_1_194' title='bbox 543 1388 613 1414; x_wconf 82' lang='lat' dir='ltr'><strong>enim</strong></span> <span class='ocrx_word' id='word_1_195' title='bbox 636 1390 803 1422; x_wconf 84' lang='lat' dir='ltr'><strong>permissum.</strong></span> 
     </span>
    </p>
   </div>
   <div class='ocr_carea' id='block_1_29' title="bbox 31 1422 803 1471">
    <p class='ocr_par' dir='ltr' id='par_1_29' title="bbox 31 1422 803 1471">
     <span class='ocr_line' id='line_1_29' title="bbox 31 1422 803 1471; baseline 0.017 -20"><span class='ocrx_word' id='word_1_196' title='bbox 31 1422 102 1456; x_wconf 82' lang='lat' dir='ltr'><strong>Quem</strong></span> <span class='ocrx_word' id='word_1_197' title='bbox 116 1427 185 1454; x_wconf 87' lang='lat' dir='ltr'><strong>enim</strong></span> <span class='ocrx_word' id='word_1_198' title='bbox 207 1427 293 1455; x_wconf 87' lang='lat' dir='ltr'><strong>alium</strong></span> <span class='ocrx_word' id='word_1_199' title='bbox 316 1429 360 1457; x_wconf 91' lang='lat' dir='ltr'><strong>his</strong></span> <span class='ocrx_word' id='word_1_200' title='bbox 381 1430 426 1458; x_wconf 85' lang='lat' dir='ltr'><strong>ille</strong></span> <span class='ocrx_word' id='word_1_201' title='bbox 445 1432 536 1460; x_wconf 82' lang='lat' dir='ltr'><strong>verbis</strong></span> <span class='ocrx_word' id='word_1_202' title='bbox 553 1433 697 1470; x_wconf 74' lang='lat' dir='ltr'><strong>designat,</strong></span> <span class='ocrx_word' id='word_1_203' title='bbox 721 1444 803 1471; x_wconf 89' lang='lat' dir='ltr'><strong>quam</strong></span> 
     </span>
    </p>
   </div>
   <div class='ocr_carea' id='block_1_30' title="bbox 31 1469 802 1514">
    <p class='ocr_par' dir='ltr' id='par_1_30' title="bbox 31 1469 802 1514">
     <span class='ocr_line' id='line_1_30' title="bbox 31 1469 802 1514; baseline 0.018 -18"><span class='ocrx_word' id='word_1_204' title='bbox 31 1469 177 1500; x_wconf 81' lang='lat' dir='ltr'><strong>Clementem</strong></span> <span class='ocrx_word' id='word_1_205' title='bbox 198 1481 337 1502; x_wconf 85' lang='lat' dir='ltr'><strong>summum</strong></span> <span class='ocrx_word' id='word_1_206' title='bbox 361 1477 533 1511; x_wconf 78' lang='lat' dir='ltr'><strong>pentiilcem,</strong></span> <span class='ocrx_word' id='word_1_207' title='bbox 555 1479 603 1514; x_wconf 85' lang='lat' dir='ltr'><strong>qui</strong></span> <span class='ocrx_word' id='word_1_208' title='bbox 622 1488 684 1508; x_wconf 91' lang='lat' dir='ltr'><strong>cum</strong></span> <span class='ocrx_word' id='word_1_209' title='bbox 709 1469 802 1510; x_wconf 68' lang='lat' dir='ltr'><strong>Romae</strong></span> 
     </span>
    </p>
   </div>
   <div class='ocr_carea' id='block_1_31' title="bbox 651 117 1042 148">
    <p class='ocr_par' dir='ltr' id='par_1_31' title="bbox 651 117 1042 148">
     <span class='ocr_line' id='line_1_31' title="bbox 651 117 1042 148; baseline 0.003 -1"><span class='ocrx_word' id='word_1_210' title='bbox 651 117 800 147; x_wconf 80' lang='lat' dir='ltr'><strong>PASTOR.</strong></span> <span class='ocrx_word' id='word_1_211' title='bbox 822 133 853 138; x_wconf 96' lang='lat'>—</span> <span class='ocrx_word' id='word_1_212' title='bbox 872 118 1042 148; x_wconf 68' lang='lat' dir='ltr'><strong>PROLEMIA</strong></span> 
     </span>
    </p>
   </div>
   <div class='ocr_carea' id='block_1_32' title="bbox 835 178 1655 222">
    <p class='ocr_par' dir='ltr' id='par_1_32' title="bbox 835 178 1655 222">
     <span class='ocr_line' id='line_1_32' title="bbox 835 178 1655 222; baseline 0.017 -17"><span class='ocrx_word' id='word_1_213' title='bbox 835 181 859 208; x_wconf 72' lang='grc' dir='ltr'><strong>Α</strong></span> <span class='ocrx_word' id='word_1_214' title='bbox 874 178 954 207; x_wconf 86' lang='lat' dir='ltr'><strong>bendi</strong></span> <span class='ocrx_word' id='word_1_215' title='bbox 968 188 1066 215; x_wconf 74' lang='lat' dir='ltr'><strong>genere</strong></span> <span class='ocrx_word' id='word_1_216' title='bbox 1079 189 1174 210; x_wconf 89' lang='lat' dir='ltr'><strong>omnes</strong></span> <span class='ocrx_word' id='word_1_217' title='bbox 1190 183 1224 211; x_wconf 86' lang='lat' dir='ltr'><strong>ad</strong></span> <span class='ocrx_word' id='word_1_218' title='bbox 1238 185 1369 220; x_wconf 80' lang='lat' dir='ltr'><strong>agendam</strong></span> <span class='ocrx_word' id='word_1_219' title='bbox 1395 193 1568 222; x_wconf 77' lang='lat' dir='ltr'><strong>peccatorum</strong></span> <span class='ocrx_word' id='word_1_220' title='bbox 1588 197 1655 219; x_wconf 85' lang='lat' dir='ltr'><strong>suo-</strong></span> 
     </span>
    </p>
   </div>
   <div class='ocr_carea' id='block_1_33' title="bbox 1604 132 1656 162">
    <p class='ocr_par' dir='ltr' id='par_1_33' title="bbox 1604 132 1656 162">
     <span class='ocr_line' id='line_1_33' title="bbox 1604 132 1656 162; baseline 0.019 -1"><span class='ocrx_word' id='word_1_221' title='bbox 1604 132 1656 162; x_wconf 72' lang='lat'><strong>838</strong></span> 
     </span>
    </p>
   </div>
   <div class='ocr_carea' id='block_1_34' title="bbox 871 227 1657 270">
    <p class='ocr_par' dir='ltr' id='par_1_34' title="bbox 871 227 1657 270">
     <span class='ocr_line' id='line_1_34' title="bbox 871 227 1657 270; baseline 0.017 -18"><span class='ocrx_word' id='word_1_222' title='bbox 871 232 931 253; x_wconf 89' lang='lat' dir='ltr'><strong>rum</strong></span> <span class='ocrx_word' id='word_1_223' title='bbox 944 227 1130 261; x_wconf 62' lang='lat' dir='ltr'><strong>paenitentiam</strong></span> <span class='ocrx_word' id='word_1_224' title='bbox 1147 230 1254 258; x_wconf 75' lang='lat' dir='ltr'><strong>lucilius</strong></span> <span class='ocrx_word' id='word_1_225' title='bbox 1266 232 1411 266; x_wconf 84' lang='lat' dir='ltr'><strong>excitaret,</strong></span> <span class='ocrx_word' id='word_1_226' title='bbox 1425 233 1519 270; x_wconf 86' lang='lat' dir='ltr'><strong>eisque</strong></span> <span class='ocrx_word' id='word_1_227' title='bbox 1531 237 1657 265; x_wconf 77' lang='lat' dir='ltr'><strong>ostende-</strong></span> 
     </span>
    </p>
   </div>
   <div class='ocr_carea' id='block_1_35' title="bbox 869 273 1656 315">
    <p class='ocr_par' dir='ltr' id='par_1_35' title="bbox 869 273 1656 315">
     <span class='ocr_line' id='line_1_35' title="bbox 869 273 1656 315; baseline 0.015 -18"><span class='ocrx_word' id='word_1_228' title='bbox 869 275 912 298; x_wconf 84' lang='lat' dir='ltr'><strong>ret</strong></span> <span class='ocrx_word' id='word_1_229' title='bbox 929 277 1030 307; x_wconf 82' lang='lat' dir='ltr'><strong>quanta</strong></span> <span class='ocrx_word' id='word_1_230' title='bbox 1047 280 1065 301; x_wconf 77' lang='grc' dir='ltr'>ι</span> <span class='ocrx_word' id='word_1_231' title='bbox 1084 273 1248 303; x_wconf 82' lang='lat' dir='ltr'><strong>Christianis</strong></span> <span class='ocrx_word' id='word_1_232' title='bbox 1264 277 1327 304; x_wconf 71' lang='lat' dir='ltr'><strong>vitae</strong></span> <span class='ocrx_word' id='word_1_233' title='bbox 1344 285 1507 315; x_wconf 86' lang='lat' dir='ltr'><strong>morumque</strong></span> <span class='ocrx_word' id='word_1_234' title='bbox 1525 281 1656 310; x_wconf 86' lang='lat' dir='ltr'><strong>sanctitas</strong></span> 
     </span>
    </p>
   </div>
   <div class='ocr_carea' id='block_1_36' title="bbox 869 316 1658 356">
    <p class='ocr_par' dir='ltr' id='par_1_36' title="bbox 869 316 1658 356">
     <span class='ocr_line' id='line_1_36' title="bbox 869 316 1658 356; baseline 0.013 -12"><span class='ocrx_word' id='word_1_235' title='bbox 869 316 1046 346; x_wconf 87' lang='lat' dir='ltr'><strong>desideretur.</strong></span> <span class='ocrx_word' id='word_1_236' title='bbox 1058 319 1092 347; x_wconf 87' lang='lat' dir='ltr'><strong>At</strong></span> <span class='ocrx_word' id='word_1_237' title='bbox 1102 320 1234 356; x_wconf 89' lang='lat' dir='ltr'><strong>quidquid</strong></span> <span class='ocrx_word' id='word_1_238' title='bbox 1246 322 1281 350; x_wconf 88' lang='lat' dir='ltr'><strong>sit</strong></span> <span class='ocrx_word' id='word_1_239' title='bbox 1295 324 1329 351; x_wconf 88' lang='lat' dir='ltr'><strong>de</strong></span> <span class='ocrx_word' id='word_1_240' title='bbox 1341 325 1461 353; x_wconf 85' lang='lat' dir='ltr'><strong>auctoris</strong></span> <span class='ocrx_word' id='word_1_241' title='bbox 1473 326 1559 353; x_wconf 85' lang='lat' dir='ltr'><strong>nostri</strong></span> <span class='ocrx_word' id='word_1_242' title='bbox 1592 332 1658 353; x_wconf 85' lang='lat' dir='ltr'><strong>san-</strong></span> 
     </span>
    </p>
   </div>
   <div class='ocr_carea' id='block_1_37' title="bbox 865 362 1655 407">
    <p class='ocr_par' dir='ltr' id='par_1_37' title="bbox 865 362 1655 407">
     <span class='ocr_line' id='line_1_37' title="bbox 865 362 1655 407; baseline 0.014 -18"><span class='ocrx_word' id='word_1_243' title='bbox 865 362 968 397; x_wconf 89' lang='lat' dir='ltr'><strong>ctitate,</strong></span> <span class='ocrx_word' id='word_1_244' title='bbox 974 371 1038 394; x_wconf 86' lang='lat' dir='ltr'><strong>vero</strong></span> <span class='ocrx_word' id='word_1_245' title='bbox 1044 365 1148 393; x_wconf 86' lang='lat' dir='ltr'><strong>videtur</strong></span> <span class='ocrx_word' id='word_1_246' title='bbox 1158 367 1225 395; x_wconf 87' lang='lat' dir='ltr'><strong>satis</strong></span> <span class='ocrx_word' id='word_1_247' title='bbox 1237 368 1328 396; x_wconf 88' lang='lat' dir='ltr'><strong>simile</strong></span> <span class='ocrx_word' id='word_1_248' title='bbox 1339 369 1415 397; x_wconf 88' lang='lat' dir='ltr'><strong>illum</strong></span> <span class='ocrx_word' id='word_1_249' title='bbox 1425 377 1457 398; x_wconf 90' lang='lat' dir='ltr'><strong>ea</strong></span> <span class='ocrx_word' id='word_1_250' title='bbox 1468 375 1557 405; x_wconf 65' lang='lat' dir='ltr'><strong>astate,</strong></span> <span class='ocrx_word' id='word_1_251' title='bbox 1571 379 1655 407; x_wconf 87' lang='lat' dir='ltr'><strong>quam</strong></span> 
     </span>
    </p>
   </div>
   <div class='ocr_carea' id='block_1_38' title="bbox 867 408 1654 449">
    <p class='ocr_par' dir='ltr' id='par_1_38' title="bbox 867 408 1654 449">
     <span class='ocr_line' id='line_1_38' title="bbox 867 408 1654 449; baseline 0.017 -15"><span class='ocrx_word' id='word_1_252' title='bbox 867 408 949 442; x_wconf 90' lang='lat' dir='ltr'><strong>paulo</strong></span> <span class='ocrx_word' id='word_1_253' title='bbox 961 416 1042 444; x_wconf 82' lang='lat' dir='ltr'><strong>supra</strong></span> <span class='ocrx_word' id='word_1_254' title='bbox 1055 411 1264 447; x_wconf 74' lang='lat' dir='ltr'><strong>assignavimus,</strong></span> <span class='ocrx_word' id='word_1_255' title='bbox 1277 418 1305 442; x_wconf 90' lang='lat' dir='ltr'><strong>et</strong></span> <span class='ocrx_word' id='word_1_256' title='bbox 1319 414 1435 449; x_wconf 80' lang='lat' dir='ltr'><strong>vixisse,</strong></span> <span class='ocrx_word' id='word_1_257' title='bbox 1445 421 1473 445; x_wconf 87' lang='lat' dir='ltr'><strong>et</strong></span> <span class='ocrx_word' id='word_1_258' title='bbox 1487 422 1654 446; x_wconf 84' lang='lat' dir='ltr'><strong>commenta-</strong></span> 
     </span>
    </p>
   </div>
   <div class='ocr_carea' id='block_1_39' title="bbox 867 453 1401 494">
    <p class='ocr_par' dir='ltr' id='par_1_39' title="bbox 867 453 1401 494">
     <span class='ocr_line' id='line_1_39' title="bbox 867 453 1401 494; baseline 0.017 -14"><span class='ocrx_word' id='word_1_259' title='bbox 867 453 968 481; x_wconf 88' lang='lat' dir='ltr'><strong>tionem</strong></span> <span class='ocrx_word' id='word_1_260' title='bbox 982 463 1060 483; x_wconf 88' lang='lat' dir='ltr'><strong>suam</strong></span> <span class='ocrx_word' id='word_1_261' title='bbox 1071 456 1197 486; x_wconf 85' lang='lat' dir='ltr'><strong>emisisse</strong></span> <span class='ocrx_word' id='word_1_262' title='bbox 1208 458 1234 485; x_wconf 90' lang='lat' dir='ltr'><strong>in</strong></span> <span class='ocrx_word' id='word_1_263' title='bbox 1249 460 1401 494; x_wconf 86' lang='lat' dir='ltr'><strong>publicum.</strong></span> 
     </span>
    </p>
   </div>
   <div class='ocr_carea' id='block_1_40' title="bbox 1130 523 1392 554">
    <p class='ocr_par' dir='ltr' id='par_1_40' title="bbox 1130 523 1392 554">
     <span class='ocr_line' id='line_1_40' title="bbox 1130 523 1392 554; baseline 0.011 -4"><span class='ocrx_word' id='word_1_264' title='bbox 1130 523 1328 553; x_wconf 80' lang='lat' dir='ltr'><strong>ARTICULUS</strong></span> <span class='ocrx_word' id='word_1_265' title='bbox 1347 525 1392 554; x_wconf 83' lang='lat' dir='ltr'><strong>iV.</strong></span> 
     </span>
    </p>
   </div>
   <div class='ocr_carea' id='block_1_41' title="bbox 1006 579 1504 619">
    <p class='ocr_par' dir='ltr' id='par_1_41' title="bbox 1006 579 1504 619">
     <span class='ocr_line' id='line_1_41' title="bbox 1006 579 1504 619; baseline 0.012 -13"><span class='ocrx_word' id='word_1_266' title='bbox 1006 579 1063 612; x_wconf 81' lang='lat' dir='ltr'><strong>Qua</strong></span> <span class='ocrx_word' id='word_1_267' title='bbox 1078 585 1191 615; x_wconf 80' lang='lat' dir='ltr'><strong>tempore</strong></span> <span class='ocrx_word' id='word_1_268' title='bbox 1206 581 1252 608; x_wconf 81' lang='lat' dir='ltr'><strong>ltos</strong></span> <span class='ocrx_word' id='word_1_269' title='bbox 1265 582 1346 610; x_wconf 85' lang='lat' dir='ltr'><strong>libros</strong></span> <span class='ocrx_word' id='word_1_270' title='bbox 1359 585 1504 619; x_wconf 78' lang='lat' dir='ltr'><strong>scripserit.</strong></span> 
     </span>
    </p>
   </div>
   <div class='ocr_carea' id='block_1_42' title="bbox 899 635 1652 676">
    <p class='ocr_par' dir='ltr' id='par_1_42' title="bbox 899 635 1652 676">
     <span class='ocr_line' id='line_1_42' title="bbox 899 635 1652 676; baseline 0.012 -14"><span class='ocrx_word' id='word_1_271' title='bbox 899 635 1033 663; x_wconf 66' lang='lat' dir='ltr'><strong>Caeterum</strong></span> <span class='ocrx_word' id='word_1_272' title='bbox 1049 636 1072 664; x_wconf 93' lang='lat' dir='ltr'><strong>si</strong></span> <span class='ocrx_word' id='word_1_273' title='bbox 1088 641 1248 672; x_wconf 76' lang='lat' dir='ltr'><strong>argumenta</strong></span> <span class='ocrx_word' id='word_1_274' title='bbox 1264 643 1359 667; x_wconf 90' lang='lat' dir='ltr'><strong>nostra</strong></span> <span class='ocrx_word' id='word_1_275' title='bbox 1380 639 1559 676; x_wconf 71' lang='lat' dir='ltr'><strong>rigidioribus</strong></span> <span class='ocrx_word' id='word_1_276' title='bbox 1576 643 1652 670; x_wconf 85' lang='lat' dir='ltr'><strong>criti—</strong></span> 
     </span>
    </p>
   </div>
   <div class='ocr_carea' id='block_1_43' title="bbox 864 681 1652 720">
    <p class='ocr_par' dir='ltr' id='par_1_43' title="bbox 864 681 1652 720">
     <span class='ocr_line' id='line_1_43' title="bbox 864 681 1652 720; baseline 0.01 -11"><span class='ocrx_word' id='word_1_277' title='bbox 864 681 904 710; x_wconf 92' lang='lat' dir='ltr'><strong>cis</strong></span> <span class='ocrx_word' id='word_1_278' title='bbox 919 690 972 710; x_wconf 92' lang='lat' dir='ltr'><strong>non</strong></span> <span class='ocrx_word' id='word_1_279' title='bbox 986 682 1053 710; x_wconf 82' lang='lat' dir='ltr'><strong>satis</strong></span> <span class='ocrx_word' id='word_1_280' title='bbox 1064 683 1141 710; x_wconf 89' lang='lat' dir='ltr'><strong>lirma</strong></span> <span class='ocrx_word' id='word_1_281' title='bbox 1161 683 1216 711; x_wconf 87' lang='lat' dir='ltr'><strong>sint</strong></span> <span class='ocrx_word' id='word_1_282' title='bbox 1229 688 1257 712; x_wconf 90' lang='lat' dir='ltr'><strong>et</strong></span> <span class='ocrx_word' id='word_1_283' title='bbox 1271 685 1377 720; x_wconf 88' lang='lat' dir='ltr'><strong>valida,</strong></span> <span class='ocrx_word' id='word_1_284' title='bbox 1391 686 1419 714; x_wconf 88' lang='lat' dir='ltr'><strong>hi</strong></span> <span class='ocrx_word' id='word_1_285' title='bbox 1436 691 1527 716; x_wconf 90' lang='lat' dir='ltr'><strong>tamen</strong></span> <span class='ocrx_word' id='word_1_286' title='bbox 1545 688 1652 717; x_wconf 66' lang='lat' dir='ltr'><strong>Hermas</strong></span> 
     </span>
    </p>
   </div>
   <div class='ocr_carea' id='block_1_44' title="bbox 864 728 1648 769">
    <p class='ocr_par' dir='ltr' id='par_1_44' title="bbox 864 728 1648 769">
     <span class='ocr_line' id='line_1_44' title="bbox 864 728 1648 769; baseline 0.01 -14"><span class='ocrx_word' id='word_1_287' title='bbox 864 728 948 756; x_wconf 87' lang='lat' dir='ltr'><strong>libros</strong></span> <span class='ocrx_word' id='word_1_288' title='bbox 960 729 994 756; x_wconf 91' lang='lat' dir='ltr'><strong>ab</strong></span> <span class='ocrx_word' id='word_1_289' title='bbox 1005 736 1040 757; x_wconf 87' lang='lat' dir='ltr'><strong>eo</strong></span> <span class='ocrx_word' id='word_1_290' title='bbox 1051 737 1106 756; x_wconf 91' lang='lat' dir='ltr'><strong>non</strong></span> <span class='ocrx_word' id='word_1_291' title='bbox 1118 730 1200 758; x_wconf 88' lang='lat' dir='ltr'><strong>modo</strong></span> <span class='ocrx_word' id='word_1_292' title='bbox 1215 735 1278 758; x_wconf 87' lang='lat' dir='ltr'><strong>ante</strong></span> <span class='ocrx_word' id='word_1_293' title='bbox 1293 730 1417 766; x_wconf 73' lang='lat' dir='ltr'><strong>Origenis</strong></span> <span class='ocrx_word' id='word_1_294' title='bbox 1433 737 1459 761; x_wconf 92' lang='lat' dir='ltr'><strong>et</strong></span> <span class='ocrx_word' id='word_1_295' title='bbox 1471 732 1648 769; x_wconf 87' lang='lat' dir='ltr'><strong>Tertulliani,</strong></span> 
     </span>
    </p>
   </div>
   <div class='ocr_carea' id='block_1_45' title="bbox 864 774 1650 813">
    <p class='ocr_par' dir='ltr' id='par_1_45' title="bbox 864 774 1650 813">
     <span class='ocr_line' id='line_1_45' title="bbox 864 774 1650 813; baseline 0.01 -12"><span class='ocrx_word' id='word_1_296' title='bbox 864 775 910 802; x_wconf 85' lang='lat' dir='ltr'><strong>sed</strong></span> <span class='ocrx_word' id='word_1_297' title='bbox 923 775 1005 802; x_wconf 81' lang='lat' dir='ltr'><strong>etiam</strong></span> <span class='ocrx_word' id='word_1_298' title='bbox 1019 774 1168 803; x_wconf 81' lang='lat' dir='ltr'><strong>Clementis</strong></span> <span class='ocrx_word' id='word_1_299' title='bbox 1187 780 1215 803; x_wconf 89' lang='lat' dir='ltr'><strong>et</strong></span> <span class='ocrx_word' id='word_1_300' title='bbox 1228 775 1323 804; x_wconf 74' lang='lat' dir='ltr'><strong>Irentei</strong></span> <span class='ocrx_word' id='word_1_301' title='bbox 1337 783 1474 813; x_wconf 89' lang='lat' dir='ltr'><strong>tempora,</strong></span> <span class='ocrx_word' id='word_1_302' title='bbox 1493 781 1519 807; x_wconf 94' lang='lat' dir='ltr'><strong>id</strong></span> <span class='ocrx_word' id='word_1_303' title='bbox 1531 786 1572 808; x_wconf 86' lang='lat' dir='ltr'><strong>est</strong></span> <span class='ocrx_word' id='word_1_304' title='bbox 1587 786 1650 809; x_wconf 83' lang='lat' dir='ltr'><strong>ante</strong></span> 
     </span>
    </p>
   </div>
   <div class='ocr_carea' id='block_1_46' title="bbox 863 821 1650 862">
    <p class='ocr_par' dir='ltr' id='par_1_46' title="bbox 863 821 1650 862">
     <span class='ocr_line' id='line_1_46' title="bbox 863 821 1650 862; baseline 0.01 -15"><span class='ocrx_word' id='word_1_305' title='bbox 863 821 956 848; x_wconf 66' lang='lat' dir='ltr'><strong>saeculi</strong></span> <span class='ocrx_word' id='word_1_306' title='bbox 969 821 1081 849; x_wconf 85' lang='lat' dir='ltr'><strong>secundi</strong></span> <span class='ocrx_word' id='word_1_307' title='bbox 1098 821 1189 855; x_wconf 90' lang='lat' dir='ltr'><strong>ﬁnem,</strong></span> <span class='ocrx_word' id='word_1_308' title='bbox 1202 830 1257 857; x_wconf 88' lang='lat' dir='ltr'><strong>quo</strong></span> <span class='ocrx_word' id='word_1_309' title='bbox 1267 823 1362 851; x_wconf 87' lang='lat' dir='ltr'><strong>saltem</strong></span> <span class='ocrx_word' id='word_1_310' title='bbox 1375 824 1492 853; x_wconf 83' lang='lat' dir='ltr'><strong>lrenaeus</strong></span> <span class='ocrx_word' id='word_1_311' title='bbox 1505 827 1650 862; x_wconf 80' lang='lat' dir='ltr'><strong>scripsisse</strong></span> 
     </span>
    </p>
   </div>
   <div class='ocr_carea' id='block_1_47' title="bbox 865 865 1649 902">
    <p class='ocr_par' dir='ltr' id='par_1_47' title="bbox 865 865 1649 902">
     <span class='ocr_line' id='line_1_47' title="bbox 865 865 1649 902; baseline 0.011 -10"><span class='ocrx_word' id='word_1_312' title='bbox 865 865 1034 900; x_wconf 88' lang='lat' dir='ltr'><strong>perhibetur,</strong></span> <span class='ocrx_word' id='word_1_313' title='bbox 1047 867 1170 902; x_wconf 76' lang='lat' dir='ltr'><strong>vulgatos</strong></span> <span class='ocrx_word' id='word_1_314' title='bbox 1183 867 1268 896; x_wconf 75' lang='lat' dir='ltr'><strong>fuisse</strong></span> <span class='ocrx_word' id='word_1_315' title='bbox 1282 868 1422 897; x_wconf 76' lang='lat' dir='ltr'><strong>fateantur</strong></span> <span class='ocrx_word' id='word_1_316' title='bbox 1431 878 1542 899; x_wconf 87' lang='lat' dir='ltr'><strong>necesse</strong></span> <span class='ocrx_word' id='word_1_317' title='bbox 1553 877 1604 900; x_wconf 90' lang='lat' dir='ltr'><strong>est.</strong></span> <span class='ocrx_word' id='word_1_318' title='bbox 1620 873 1649 901; x_wconf 90' lang='lat' dir='ltr'><strong>ld</strong></span> 
     </span>
    </p>
   </div>
   <div class='ocr_carea' id='block_1_48' title="bbox 861 911 1649 952">
    <p class='ocr_par' dir='ltr' id='par_1_48' title="bbox 861 911 1649 952">
     <span class='ocr_line' id='line_1_48' title="bbox 861 911 1649 952; baseline 0.009 -14"><span class='ocrx_word' id='word_1_319' title='bbox 861 911 970 947; x_wconf 87' lang='lat' dir='ltr'><strong>quidem</strong></span> <span class='ocrx_word' id='word_1_320' title='bbox 983 919 1017 939; x_wconf 84' lang='lat' dir='ltr'><strong>ex</strong></span> <span class='ocrx_word' id='word_1_321' title='bbox 1032 913 1190 940; x_wconf 84' lang='lat' dir='ltr'><strong>eorumdem</strong></span> <span class='ocrx_word' id='word_1_322' title='bbox 1202 912 1331 941; x_wconf 77' lang='lat' dir='ltr'><strong>Ecclesiae</strong></span> <span class='ocrx_word' id='word_1_323' title='bbox 1346 914 1457 943; x_wconf 89' lang='lat' dir='ltr'><strong>Patrum</strong></span> <span class='ocrx_word' id='word_1_324' title='bbox 1472 917 1649 952; x_wconf 81' lang='lat' dir='ltr'><strong>testimoniis,</strong></span> 
     </span>
    </p>
   </div>
   <div class='ocr_carea' id='block_1_49' title="bbox 860 958 1648 995">
    <p class='ocr_par' dir='ltr' id='par_1_49' title="bbox 860 958 1648 995">
     <span class='ocr_line' id='line_1_49' title="bbox 860 958 1648 995; baseline 0.009 -11"><span class='ocrx_word' id='word_1_325' title='bbox 860 965 922 992; x_wconf 68' lang='lat' dir='ltr'><strong>quae</strong></span> <span class='ocrx_word' id='word_1_326' title='bbox 933 966 1016 993; x_wconf 88' lang='lat' dir='ltr'><strong>supra</strong></span> <span class='ocrx_word' id='word_1_327' title='bbox 1027 958 1164 992; x_wconf 87' lang='lat' dir='ltr'><strong>dedimus,</strong></span> <span class='ocrx_word' id='word_1_328' title='bbox 1181 960 1267 987; x_wconf 87' lang='lat' dir='ltr'><strong>cuivis</strong></span> <span class='ocrx_word' id='word_1_329' title='bbox 1280 959 1391 995; x_wconf 90' lang='lat' dir='ltr'><strong>planum</strong></span> <span class='ocrx_word' id='word_1_330' title='bbox 1404 961 1460 989; x_wconf 88' lang='lat' dir='ltr'><strong>ﬁet.</strong></span> <span class='ocrx_word' id='word_1_331' title='bbox 1475 961 1570 990; x_wconf 86' lang='lat' dir='ltr'><strong>Utrum</strong></span> <span class='ocrx_word' id='word_1_332' title='bbox 1582 971 1648 992; x_wconf 88' lang='lat' dir='ltr'><strong>vero</strong></span> 
     </span>
    </p>
   </div>
   <div class='ocr_carea' id='block_1_50' title="bbox 860 1003 1646 1040">
    <p class='ocr_par' dir='ltr' id='par_1_50' title="bbox 860 1003 1646 1040">
     <span class='ocr_line' id='line_1_50' title="bbox 860 1003 1646 1040; baseline 0.009 -10"><span class='ocrx_word' id='word_1_333' title='bbox 860 1003 940 1031; x_wconf 87' lang='lat' dir='ltr'><strong>iidem</strong></span> <span class='ocrx_word' id='word_1_334' title='bbox 960 1004 1145 1039; x_wconf 87' lang='lat' dir='ltr'><strong>antiquissimi</strong></span> <span class='ocrx_word' id='word_1_335' title='bbox 1164 1006 1311 1040; x_wconf 86' lang='lat' dir='ltr'><strong>scriptores</strong></span> <span class='ocrx_word' id='word_1_336' title='bbox 1334 1007 1404 1034; x_wconf 90' lang='lat' dir='ltr'><strong>hanc</strong></span> <span class='ocrx_word' id='word_1_337' title='bbox 1425 1008 1646 1037; x_wconf 87' lang='lat' dir='ltr'><strong>lucubrationem</strong></span> 
     </span>
    </p>
   </div>
   <div class='ocr_carea' id='block_1_51' title="bbox 859 1049 1646 1088">
    <p class='ocr_par' dir='ltr' id='par_1_51' title="bbox 859 1049 1646 1088">
     <span class='ocr_line' id='line_1_51' title="bbox 859 1049 1646 1088; baseline 0.009 -12"><span class='ocrx_word' id='word_1_338' title='bbox 859 1049 938 1084; x_wconf 76' lang='lat' dir='ltr'><strong>longe</strong></span> <span class='ocrx_word' id='word_1_339' title='bbox 959 1055 1022 1078; x_wconf 82' lang='lat' dir='ltr'><strong>ante</strong></span> <span class='ocrx_word' id='word_1_340' title='bbox 1036 1050 1070 1078; x_wconf 91' lang='lat' dir='ltr'><strong>ab</strong></span> <span class='ocrx_word' id='word_1_341' title='bbox 1082 1050 1182 1079; x_wconf 79' lang='lat' dir='ltr'><strong>Herma</strong></span> <span class='ocrx_word' id='word_1_342' title='bbox 1193 1051 1293 1079; x_wconf 86' lang='lat' dir='ltr'><strong>editam</strong></span> <span class='ocrx_word' id='word_1_343' title='bbox 1309 1054 1480 1088; x_wconf 85' lang='lat' dir='ltr'><strong>putaverint,</strong></span> <span class='ocrx_word' id='word_1_344' title='bbox 1492 1055 1554 1082; x_wconf 89' lang='lat' dir='ltr'><strong>inde</strong></span> <span class='ocrx_word' id='word_1_345' title='bbox 1567 1055 1646 1084; x_wconf 79' lang='lat' dir='ltr'><strong>facile</strong></span> 
     </span>
    </p>
   </div>
   <div class='ocr_carea' id='block_1_52' title="bbox 858 1095 1646 1132">
    <p class='ocr_par' dir='ltr' id='par_1_52' title="bbox 858 1095 1646 1132">
     <span class='ocr_line' id='line_1_52' title="bbox 858 1095 1646 1132; baseline 0.009 -9"><span class='ocrx_word' id='word_1_346' title='bbox 858 1095 993 1132; x_wconf 75' lang='lat' dir='ltr'><strong>intelliges</strong></span> <span class='ocrx_word' id='word_1_347' title='bbox 1013 1097 1088 1132; x_wconf 91' lang='lat' dir='ltr'><strong>quod</strong></span> <span class='ocrx_word' id='word_1_348' title='bbox 1110 1105 1142 1126; x_wconf 86' lang='lat' dir='ltr'><strong>ea</strong></span> <span class='ocrx_word' id='word_1_349' title='bbox 1161 1098 1196 1125; x_wconf 92' lang='lat' dir='ltr'><strong>ab</strong></span> <span class='ocrx_word' id='word_1_350' title='bbox 1217 1098 1271 1126; x_wconf 85' lang='lat' dir='ltr'><strong>illis</strong></span> <span class='ocrx_word' id='word_1_351' title='bbox 1290 1107 1346 1127; x_wconf 87' lang='lat' dir='ltr'><strong>non</strong></span> <span class='ocrx_word' id='word_1_352' title='bbox 1367 1104 1397 1128; x_wconf 93' lang='lat' dir='ltr'><strong>ut</strong></span> <span class='ocrx_word' id='word_1_353' title='bbox 1410 1108 1480 1128; x_wconf 91' lang='lat' dir='ltr'><strong>nova</strong></span> <span class='ocrx_word' id='word_1_354' title='bbox 1503 1106 1530 1129; x_wconf 82' lang='lat' dir='ltr'><strong>et</strong></span> <span class='ocrx_word' id='word_1_355' title='bbox 1550 1110 1646 1130; x_wconf 85' lang='lat' dir='ltr'><strong>recens</strong></span> 
     </span>
    </p>
   </div>
   <div class='ocr_carea' id='block_1_53' title="bbox 857 1142 1642 1182">
    <p class='ocr_par' dir='ltr' id='par_1_53' title="bbox 857 1142 1642 1182">
     <span class='ocr_line' id='line_1_53' title="bbox 857 1142 1642 1182; baseline 0.009 -13"><span class='ocrx_word' id='word_1_356' title='bbox 857 1142 928 1170; x_wconf 90' lang='lat' dir='ltr'><strong>edita</strong></span> <span class='ocrx_word' id='word_1_357' title='bbox 940 1162 949 1175; x_wconf 83' lang='lat'><strong>,</strong></span> <span class='ocrx_word' id='word_1_358' title='bbox 963 1143 1011 1170; x_wconf 84' lang='lat' dir='ltr'><strong>sed</strong></span> <span class='ocrx_word' id='word_1_359' title='bbox 1024 1148 1053 1170; x_wconf 91' lang='lat' dir='ltr'><strong>ut</strong></span> <span class='ocrx_word' id='word_1_360' title='bbox 1064 1148 1142 1172; x_wconf 75' lang='lat' dir='ltr'><strong>vetus</strong></span> <span class='ocrx_word' id='word_1_361' title='bbox 1157 1149 1184 1172; x_wconf 90' lang='lat' dir='ltr'><strong>et</strong></span> <span class='ocrx_word' id='word_1_362' title='bbox 1196 1146 1308 1181; x_wconf 86' lang='lat' dir='ltr'><strong>antiqua</strong></span> <span class='ocrx_word' id='word_1_363' title='bbox 1324 1147 1428 1181; x_wconf 88' lang='lat' dir='ltr'><strong>passim</strong></span> <span class='ocrx_word' id='word_1_364' title='bbox 1441 1147 1541 1182; x_wconf 88' lang='lat' dir='ltr'><strong>ubique</strong></span> <span class='ocrx_word' id='word_1_365' title='bbox 1561 1149 1642 1177; x_wconf 86' lang='lat' dir='ltr'><strong>citata</strong></span> 
     </span>
    </p>
   </div>
   <div class='ocr_carea' id='block_1_54' title="bbox 856 1187 1644 1229">
    <p class='ocr_par' dir='ltr' id='par_1_54' title="bbox 856 1187 1644 1229">
     <span class='ocr_line' id='line_1_54' title="bbox 856 1187 1644 1229; baseline 0.01 -15"><span class='ocrx_word' id='word_1_366' title='bbox 856 1187 970 1223; x_wconf 74' lang='lat' dir='ltr'><strong>legatur.</strong></span> <span class='ocrx_word' id='word_1_367' title='bbox 985 1188 1103 1217; x_wconf 60' lang='lat' dir='ltr'><strong>[renatus</strong></span> <span class='ocrx_word' id='word_1_368' title='bbox 1117 1194 1219 1225; x_wconf 86' lang='lat' dir='ltr'><strong>autem,</strong></span> <span class='ocrx_word' id='word_1_369' title='bbox 1235 1193 1330 1219; x_wconf 75' lang='lat' dir='ltr'><strong>eorum</strong></span> <span class='ocrx_word' id='word_1_370' title='bbox 1346 1193 1469 1220; x_wconf 88' lang='lat' dir='ltr'><strong>omnium</strong></span> <span class='ocrx_word' id='word_1_371' title='bbox 1485 1194 1644 1229; x_wconf 84' lang='lat' dir='ltr'><strong>antiquissi-</strong></span> 
     </span>
    </p>
   </div>
   <div class='ocr_carea' id='block_1_55' title="bbox 856 1235 1643 1276">
    <p class='ocr_par' dir='ltr' id='par_1_55' title="bbox 856 1235 1643 1276">
     <span class='ocr_line' id='line_1_55' title="bbox 856 1235 1643 1276; baseline 0.01 -15"><span class='ocrx_word' id='word_1_372' title='bbox 856 1242 933 1268; x_wconf 89' lang='lat' dir='ltr'><strong>mus,</strong></span> <span class='ocrx_word' id='word_1_373' title='bbox 957 1235 1030 1263; x_wconf 90' lang='lat' dir='ltr'><strong>illius</strong></span> <span class='ocrx_word' id='word_1_374' title='bbox 1050 1240 1181 1271; x_wconf 87' lang='lat' dir='ltr'><strong>tanquam</strong></span> <span class='ocrx_word' id='word_1_375' title='bbox 1203 1238 1286 1266; x_wconf 89' lang='lat' dir='ltr'><strong>unius</strong></span> <span class='ocrx_word' id='word_1_376' title='bbox 1307 1246 1393 1266; x_wconf 70' lang='lat' dir='ltr'><strong>sacrae</strong></span> <span class='ocrx_word' id='word_1_377' title='bbox 1415 1239 1564 1276; x_wconf 69' lang='lat' dir='ltr'><strong>Scriptura:</strong></span> <span class='ocrx_word' id='word_1_378' title='bbox 1580 1242 1643 1270; x_wconf 87' lang='lat' dir='ltr'><strong>libri</strong></span> 
     </span>
    </p>
   </div>
   <div class='ocr_carea' id='block_1_56' title="bbox 855 1281 1643 1323">
    <p class='ocr_par' dir='ltr' id='par_1_56' title="bbox 855 1281 1643 1323">
     <span class='ocr_line' id='line_1_56' title="bbox 855 1281 1643 1323; baseline 0.01 -16"><span class='ocrx_word' id='word_1_379' title='bbox 855 1282 1018 1309; x_wconf 87' lang='lat' dir='ltr'><strong>auctoritate</strong></span> <span class='ocrx_word' id='word_1_380' title='bbox 1036 1281 1079 1310; x_wconf 90' lang='lat' dir='ltr'><strong>his</strong></span> <span class='ocrx_word' id='word_1_381' title='bbox 1096 1283 1186 1311; x_wconf 85' lang='lat' dir='ltr'><strong>verbis</strong></span> <span class='ocrx_word' id='word_1_382' title='bbox 1202 1284 1288 1313; x_wconf 91' lang='lat' dir='ltr'><strong>utitur</strong></span> <span class='ocrx_word' id='word_1_383' title='bbox 1300 1285 1310 1301; x_wconf 92' lang='lat'><strong><em>&quot;</em></strong></span> <span class='ocrx_word' id='word_1_384' title='bbox 1327 1294 1334 1312; x_wconf 93' lang='lat'>:</span> <span class='ocrx_word' id='word_1_385' title='bbox 1347 1285 1417 1313; x_wconf 79' lang='lat' dir='ltr'><strong>Bene</strong></span> <span class='ocrx_word' id='word_1_386' title='bbox 1426 1295 1487 1322; x_wconf 84' lang='lat' dir='ltr'><strong>ergo</strong></span> <span class='ocrx_word' id='word_1_387' title='bbox 1503 1286 1643 1323; x_wconf 77' lang='lat' dir='ltr'><strong>Scriptura</strong></span> 
     </span>
    </p>
   </div>
   <div class='ocr_carea' id='block_1_57' title="bbox 854 1327 1640 1367">
    <p class='ocr_par' dir='ltr' id='par_1_57' title="bbox 854 1327 1640 1367">
     <span class='ocr_line' id='line_1_57' title="bbox 854 1327 1640 1367; baseline 0.011 -14"><span class='ocrx_word' id='word_1_388' title='bbox 854 1328 940 1354; x_wconf 86' lang='lat' dir='ltr'><strong>dicit:</strong></span> <span class='ocrx_word' id='word_1_389' title='bbox 954 1327 1046 1355; x_wconf 84' lang='lat' dir='ltr'><strong>Primo</strong></span> <span class='ocrx_word' id='word_1_390' title='bbox 1059 1329 1177 1356; x_wconf 86' lang='lat' dir='ltr'><strong>omnium</strong></span> <span class='ocrx_word' id='word_1_391' title='bbox 1190 1331 1265 1357; x_wconf 78' lang='lat' dir='ltr'><strong>crede</strong></span> <span class='ocrx_word' id='word_1_392' title='bbox 1275 1331 1344 1366; x_wconf 75' lang='lat' dir='ltr'><strong>quod</strong></span> <span class='ocrx_word' id='word_1_393' title='bbox 1358 1339 1426 1359; x_wconf 87' lang='lat' dir='ltr'><strong>unus</strong></span> <span class='ocrx_word' id='word_1_394' title='bbox 1438 1337 1476 1360; x_wconf 87' lang='lat' dir='ltr'><strong>est</strong></span> <span class='ocrx_word' id='word_1_395' title='bbox 1493 1333 1573 1367; x_wconf 83' lang='lat' dir='ltr'><strong>Deus,</strong></span> <span class='ocrx_word' id='word_1_396' title='bbox 1587 1339 1640 1362; x_wconf 81' lang='lat' dir='ltr'><strong>etc.</strong></span> 
     </span>
    </p>
   </div>
   <div class='ocr_carea' id='block_1_58' title="bbox 854 1374 1642 1418">
    <p class='ocr_par' dir='ltr' id='par_1_58' title="bbox 854 1374 1642 1418">
     <span class='ocr_line' id='line_1_58' title="bbox 854 1374 1642 1418; baseline 0.011 -17"><span class='ocrx_word' id='word_1_397' title='bbox 854 1374 932 1408; x_wconf 86' lang='lat' dir='ltr'><strong>Quod</strong></span> <span class='ocrx_word' id='word_1_398' title='bbox 949 1380 1022 1403; x_wconf 86' lang='lat' dir='ltr'><strong>certe</strong></span> <span class='ocrx_word' id='word_1_399' title='bbox 1035 1375 1136 1404; x_wconf 88' lang='lat' dir='ltr'><strong>indicio</strong></span> <span class='ocrx_word' id='word_1_400' title='bbox 1159 1383 1200 1405; x_wconf 88' lang='lat' dir='ltr'><strong>est</strong></span> <span class='ocrx_word' id='word_1_401' title='bbox 1221 1378 1248 1405; x_wconf 93' lang='lat' dir='ltr'><strong>in</strong></span> <span class='ocrx_word' id='word_1_402' title='bbox 1271 1385 1303 1406; x_wconf 88' lang='lat' dir='ltr'><strong>ea</strong></span> <span class='ocrx_word' id='word_1_403' title='bbox 1328 1379 1414 1407; x_wconf 81' lang='lat' dir='ltr'><strong>fuisse</strong></span> <span class='ocrx_word' id='word_1_404' title='bbox 1428 1379 1560 1409; x_wconf 63' lang='lat' dir='ltr'><strong>Irenaeum</strong></span> <span class='ocrx_word' id='word_1_405' title='bbox 1581 1383 1642 1418; x_wconf 83' lang='lat' dir='ltr'><strong>opi-</strong></span> 
     </span>
    </p>
   </div>
   <div class='ocr_carea' id='block_1_59' title="bbox 854 1421 1640 1462">
    <p class='ocr_par' dir='ltr' id='par_1_59' title="bbox 854 1421 1640 1462">
     <span class='ocr_line' id='line_1_59' title="bbox 854 1421 1640 1462; baseline 0.01 -15"><span class='ocrx_word' id='word_1_406' title='bbox 854 1421 936 1448; x_wconf 89' lang='lat' dir='ltr'><strong>nione</strong></span> <span class='ocrx_word' id='word_1_407' title='bbox 950 1421 1074 1448; x_wconf 87' lang='lat' dir='ltr'><strong>eamdem</strong></span> <span class='ocrx_word' id='word_1_408' title='bbox 1090 1422 1307 1451; x_wconf 84' lang='lat' dir='ltr'><strong>lucubrationem</strong></span> <span class='ocrx_word' id='word_1_409' title='bbox 1321 1424 1356 1452; x_wconf 88' lang='lat' dir='ltr'><strong>ab</strong></span> <span class='ocrx_word' id='word_1_410' title='bbox 1370 1433 1425 1453; x_wconf 90' lang='lat' dir='ltr'><strong>uno</strong></span> <span class='ocrx_word' id='word_1_411' title='bbox 1436 1434 1470 1453; x_wconf 79' lang='lat' dir='ltr'><strong>cx</strong></span> <span class='ocrx_word' id='word_1_412' title='bbox 1490 1428 1622 1462; x_wconf 87' lang='lat' dir='ltr'><strong>apostolis</strong></span> <span class='ocrx_word' id='word_1_413' title='bbox 1631 1447 1640 1462; x_wconf 92' lang='lat'><strong>,</strong></span> 
     </span>
    </p>
   </div>
   <div class='ocr_carea' id='block_1_60' title="bbox 853 1468 1642 1507">
    <p class='ocr_par' dir='ltr' id='par_1_60' title="bbox 853 1468 1642 1507">
     <span class='ocr_line' id='line_1_60' title="bbox 853 1468 1642 1507; baseline 0.009 -12"><span class='ocrx_word' id='word_1_414' title='bbox 853 1468 895 1495; x_wconf 89' lang='lat' dir='ltr'><strong>vel</strong></span> <span class='ocrx_word' id='word_1_415' title='bbox 910 1469 1007 1496; x_wconf 84' lang='lat' dir='ltr'><strong>saltem</strong></span> <span class='ocrx_word' id='word_1_416' title='bbox 1020 1470 1113 1505; x_wconf 88' lang='lat' dir='ltr'><strong>aliquo</strong></span> <span class='ocrx_word' id='word_1_417' title='bbox 1127 1472 1253 1506; x_wconf 81' lang='lat' dir='ltr'><strong>proximo</strong></span> <span class='ocrx_word' id='word_1_418' title='bbox 1267 1480 1361 1500; x_wconf 89' lang='lat' dir='ltr'><strong>eorum</strong></span> <span class='ocrx_word' id='word_1_419' title='bbox 1374 1481 1543 1507; x_wconf 85' lang='lat' dir='ltr'><strong>successore,</strong></span> <span class='ocrx_word' id='word_1_420' title='bbox 1555 1474 1642 1503; x_wconf 80' lang='lat' dir='ltr'><strong>fuisse</strong></span> 
     </span>
    </p>
   </div>
   <div class='ocr_carea' id='block_1_61' title="bbox 31 1512 1639 1560">
    <p class='ocr_par' dir='ltr' id='par_1_61' title="bbox 31 1512 1639 1560">
     <span class='ocr_line' id='line_1_61' title="bbox 31 1512 1639 1560; baseline 0.011 -29"><span class='ocrx_word' id='word_1_421' title='bbox 31 1515 129 1548; x_wconf 51' lang='lat' dir='ltr'><strong>sedere&quot;</strong></span> <span class='ocrx_word' id='word_1_422' title='bbox 145 1517 206 1546; x_wconf 69' lang='lat' dir='ltr'><strong>inde</strong></span> <span class='ocrx_word' id='word_1_423' title='bbox 221 1520 328 1547; x_wconf 51' lang='lat' dir='ltr'><strong>caneris</strong></span> <span class='ocrx_word' id='word_1_424' title='bbox 344 1521 471 1549; x_wconf 60' lang='lat' dir='ltr'><strong>omnibus</strong></span> <span class='ocrx_word' id='word_1_425' title='bbox 484 1512 593 1552; x_wconf 41' lang='lat' dir='ltr'><strong>{acinis</strong></span> <span class='ocrx_word' id='word_1_426' title='bbox 604 1530 711 1560; x_wconf 46' lang='lat' dir='ltr'><strong>poterat</strong></span> <span class='ocrx_word' id='word_1_427' title='bbox 726 1527 800 1555; x_wconf 64' lang='lat' dir='ltr'><strong>hunc</strong></span> <span class='ocrx_word' id='word_1_428' title='bbox 814 1512 835 1541; x_wconf 91' lang='lat' dir='ltr'><strong>C</strong></span> <span class='ocrx_word' id='word_1_429' title='bbox 852 1513 1011 1560; x_wconf 71' lang='lat' dir='ltr'><strong>proiectam.</strong></span> <span class='ocrx_word' id='word_1_430' title='bbox 1025 1514 1161 1544; x_wconf 87' lang='lat' dir='ltr'><strong>Eusebius</strong></span> <span class='ocrx_word' id='word_1_431' title='bbox 1172 1525 1237 1544; x_wconf 87' lang='lat' dir='ltr'><strong>vero</strong></span> <span class='ocrx_word' id='word_1_432' title='bbox 1250 1518 1261 1533; x_wconf 84' lang='grc'><strong><em>⁵</em></strong></span> <span class='ocrx_word' id='word_1_433' title='bbox 1274 1526 1328 1545; x_wconf 91' lang='lat' dir='ltr'><strong>non</strong></span> <span class='ocrx_word' id='word_1_434' title='bbox 1347 1519 1434 1547; x_wconf 89' lang='lat' dir='ltr'><strong>solum</strong></span> <span class='ocrx_word' id='word_1_435' title='bbox 1446 1520 1527 1548; x_wconf 88' lang='lat' dir='ltr'><strong>citata</strong></span> <span class='ocrx_word' id='word_1_436' title='bbox 1546 1520 1639 1548; x_wconf 70' lang='lat' dir='ltr'><strong>lrenaei</strong></span> 
     </span>
    </p>
   </div>
   <div class='ocr_carea' id='block_1_62' title="bbox 31 1560 555 1597">
    <p class='ocr_par' dir='ltr' id='par_1_62' title="bbox 31 1560 555 1597">
     <span class='ocr_line' id='line_1_62' title="bbox 31 1560 555 1597; baseline 0.017 -10"><span class='ocrx_word' id='word_1_437' title='bbox 31 1560 114 1589; x_wconf 83' lang='lat' dir='ltr'><strong>librum</strong></span> <span class='ocrx_word' id='word_1_438' title='bbox 128 1563 153 1590; x_wconf 93' lang='lat' dir='ltr'><strong>in</strong></span> <span class='ocrx_word' id='word_1_439' title='bbox 171 1568 282 1592; x_wconf 80' lang='lat' dir='ltr'><strong>exteras</strong></span> <span class='ocrx_word' id='word_1_440' title='bbox 295 1566 401 1594; x_wconf 86' lang='lat' dir='ltr'><strong>mittere</strong></span> <span class='ocrx_word' id='word_1_441' title='bbox 412 1567 555 1597; x_wconf 72' lang='lat' dir='ltr'><strong>civitates?</strong></span> 
     </span>
    </p>
   </div>
   <div class='ocr_carea' id='block_1_63' title="bbox 57 1605 800 1645">
    <p class='ocr_par' dir='ltr' id='par_1_63' title="bbox 57 1605 800 1645">
     <span class='ocr_line' id='line_1_63' title="bbox 57 1605 800 1645; baseline 0.015 -11"><span class='ocrx_word' id='word_1_442' title='bbox 57 1605 132 1635; x_wconf 81' lang='lat' dir='ltr'><strong>Porro</strong></span> <span class='ocrx_word' id='word_1_443' title='bbox 154 1609 178 1636; x_wconf 88' lang='lat' dir='ltr'><strong>si</strong></span> <span class='ocrx_word' id='word_1_444' title='bbox 203 1609 265 1636; x_wconf 67' lang='lat' dir='ltr'><strong>haec</strong></span> <span class='ocrx_word' id='word_1_445' title='bbox 287 1611 440 1645; x_wconf 87' lang='lat' dir='ltr'><strong>sententia,</strong></span> <span class='ocrx_word' id='word_1_446' title='bbox 453 1612 497 1639; x_wconf 91' lang='lat' dir='ltr'><strong>cui</strong></span> <span class='ocrx_word' id='word_1_447' title='bbox 521 1613 589 1641; x_wconf 90' lang='lat' dir='ltr'><strong>nihil</strong></span> <span class='ocrx_word' id='word_1_448' title='bbox 609 1614 758 1644; x_wconf 66' lang='lat' dir='ltr'><strong>adversatus</strong></span> <span class='ocrx_word' id='word_1_449' title='bbox 773 1621 800 1645; x_wconf 84' lang='lat' dir='ltr'><strong>et</strong></span> 
     </span>
    </p>
   </div>
   <div class='ocr_carea' id='block_1_64' title="bbox 30 1654 798 1695">
    <p class='ocr_par' dir='ltr' id='par_1_64' title="bbox 30 1654 798 1695">
     <span class='ocr_line' id='line_1_64' title="bbox 30 1654 798 1695; baseline 0.014 -17"><span class='ocrx_word' id='word_1_450' title='bbox 30 1657 165 1687; x_wconf 72' lang='lat' dir='ltr'><strong>repugnans</strong></span> <span class='ocrx_word' id='word_1_451' title='bbox 187 1654 308 1687; x_wconf 87' lang='lat' dir='ltr'><strong>videtur,</strong></span> <span class='ocrx_word' id='word_1_452' title='bbox 333 1655 369 1683; x_wconf 90' lang='lat' dir='ltr'><strong>sit</strong></span> <span class='ocrx_word' id='word_1_453' title='bbox 397 1664 478 1690; x_wconf 87' lang='lat' dir='ltr'><strong>vera,</strong></span> <span class='ocrx_word' id='word_1_454' title='bbox 506 1658 650 1686; x_wconf 85' lang='lat' dir='ltr'><strong>dicendum</strong></span> <span class='ocrx_word' id='word_1_455' title='bbox 677 1661 798 1695; x_wconf 82' lang='lat' dir='ltr'><strong>profecto</strong></span> 
     </span>
    </p>
   </div>
   <div class='ocr_carea' id='block_1_65' title="bbox 29 1696 798 1741">
    <p class='ocr_par' dir='ltr' id='par_1_65' title="bbox 29 1696 798 1741">
     <span class='ocr_line' id='line_1_65' title="bbox 29 1696 798 1741; baseline 0.014 -17"><span class='ocrx_word' id='word_1_456' title='bbox 29 1696 69 1725; x_wconf 86' lang='lat' dir='ltr'><strong>hos</strong></span> <span class='ocrx_word' id='word_1_457' title='bbox 85 1699 164 1727; x_wconf 86' lang='lat' dir='ltr'><strong>libros</strong></span> <span class='ocrx_word' id='word_1_458' title='bbox 178 1700 213 1727; x_wconf 88' lang='lat' dir='ltr'><strong>ab</strong></span> <span class='ocrx_word' id='word_1_459' title='bbox 227 1706 340 1729; x_wconf 89' lang='lat' dir='ltr'><strong>auctore</strong></span> <span class='ocrx_word' id='word_1_460' title='bbox 355 1707 450 1730; x_wconf 89' lang='lat' dir='ltr'><strong>nostro</strong></span> <span class='ocrx_word' id='word_1_461' title='bbox 465 1708 528 1731; x_wconf 89' lang='lat' dir='ltr'><strong>ante</strong></span> <span class='ocrx_word' id='word_1_462' title='bbox 544 1703 626 1732; x_wconf 86' lang='lat' dir='ltr'><strong>linem</strong></span> <span class='ocrx_word' id='word_1_463' title='bbox 648 1707 730 1741; x_wconf 89' lang='lat' dir='ltr'><strong>primi</strong></span> <span class='ocrx_word' id='word_1_464' title='bbox 746 1707 798 1735; x_wconf 88' lang='lat' dir='ltr'><strong>Ec-</strong></span> 
     </span>
    </p>
   </div>
   <div class='ocr_carea' id='block_1_66' title="bbox 28 1743 798 1788">
    <p class='ocr_par' dir='ltr' id='par_1_66' title="bbox 28 1743 798 1788">
     <span class='ocr_line' id='line_1_66' title="bbox 28 1743 798 1788; baseline 0.014 -18"><span class='ocrx_word' id='word_1_465' title='bbox 28 1743 102 1771; x_wconf 63' lang='lat' dir='ltr'><strong>clesiae</strong></span> <span class='ocrx_word' id='word_1_466' title='bbox 122 1747 211 1774; x_wconf 68' lang='lat' dir='ltr'><strong>saeculi</strong></span> <span class='ocrx_word' id='word_1_467' title='bbox 227 1747 327 1775; x_wconf 83' lang='lat' dir='ltr'><strong>editos.</strong></span> <span class='ocrx_word' id='word_1_468' title='bbox 350 1747 477 1777; x_wconf 86' lang='lat' dir='ltr'><strong>Clemens</strong></span> <span class='ocrx_word' id='word_1_469' title='bbox 501 1750 589 1784; x_wconf 89' lang='lat' dir='ltr'><strong>enim,</strong></span> <span class='ocrx_word' id='word_1_470' title='bbox 603 1751 681 1786; x_wconf 80' lang='lat' dir='ltr'><strong>juxta</strong></span> <span class='ocrx_word' id='word_1_471' title='bbox 705 1758 798 1788; x_wconf 88' lang='lat' dir='ltr'><strong>poste-</strong></span> 
     </span>
    </p>
   </div>
   <div class='ocr_carea' id='block_1_67' title="bbox 27 1790 798 1833">
    <p class='ocr_par' dir='ltr' id='par_1_67' title="bbox 27 1790 798 1833">
     <span class='ocr_line' id='line_1_67' title="bbox 27 1790 798 1833; baseline 0.016 -17"><span class='ocrx_word' id='word_1_472' title='bbox 27 1790 98 1818; x_wconf 84' lang='lat' dir='ltr'><strong>riores</strong></span> <span class='ocrx_word' id='word_1_473' title='bbox 116 1791 354 1830; x_wconf 64' lang='lat' dir='ltr'><strong>diligentior-eaque</strong></span> <span class='ocrx_word' id='word_1_474' title='bbox 374 1795 494 1824; x_wconf 68' lang='lat' dir='ltr'><strong>historia</strong></span> <span class='ocrx_word' id='word_1_475' title='bbox 514 1798 679 1833; x_wconf 87' lang='lat' dir='ltr'><strong>scriptores,</strong></span> <span class='ocrx_word' id='word_1_476' title='bbox 696 1800 798 1828; x_wconf 76' lang='lat' dir='ltr'><strong>Roma-</strong></span> 
     </span>
    </p>
   </div>
   <div class='ocr_carea' id='block_1_68' title="bbox 27 1838 796 1880">
    <p class='ocr_par' dir='ltr' id='par_1_68' title="bbox 27 1838 796 1880">
     <span class='ocr_line' id='line_1_68' title="bbox 27 1838 796 1880; baseline 0.016 -18"><span class='ocrx_word' id='word_1_477' title='bbox 27 1841 78 1862; x_wconf 80' lang='lat' dir='ltr'><strong>nam</strong></span> <span class='ocrx_word' id='word_1_478' title='bbox 89 1838 172 1865; x_wconf 82' lang='lat' dir='ltr'><strong>sedem</strong></span> <span class='ocrx_word' id='word_1_479' title='bbox 193 1840 312 1873; x_wconf 83' lang='lat' dir='ltr'><strong>tenebat,</strong></span> <span class='ocrx_word' id='word_1_480' title='bbox 327 1840 397 1868; x_wconf 88' lang='lat' dir='ltr'><strong>intra</strong></span> <span class='ocrx_word' id='word_1_481' title='bbox 415 1849 501 1870; x_wconf 86' lang='lat' dir='ltr'><strong>annos</strong></span> <span class='ocrx_word' id='word_1_482' title='bbox 515 1842 550 1869; x_wconf 83' lang='lat'><strong>67</strong></span> <span class='ocrx_word' id='word_1_483' title='bbox 564 1848 590 1871; x_wconf 89' lang='lat' dir='ltr'><strong>et</strong></span> <span class='ocrx_word' id='word_1_484' title='bbox 605 1844 647 1878; x_wconf 90' lang='lat'><strong>76,</strong></span> <span class='ocrx_word' id='word_1_485' title='bbox 665 1847 705 1873; x_wconf 85' lang='lat' dir='ltr'><strong>vel</strong></span> <span class='ocrx_word' id='word_1_486' title='bbox 719 1847 796 1880; x_wconf 81' lang='lat' dir='ltr'><strong>juxta</strong></span> 
     </span>
    </p>
   </div>
   <div class='ocr_carea' id='block_1_69' title="bbox 27 1880 796 1924">
    <p class='ocr_par' dir='ltr' id='par_1_69' title="bbox 27 1880 796 1924">
     <span class='ocr_line' id='line_1_69' title="bbox 27 1880 796 1924; baseline 0.017 -17"><span class='ocrx_word' id='word_1_487' title='bbox 27 1880 91 1913; x_wconf 74' lang='lat' dir='ltr'><strong>alios.</strong></span> <span class='ocrx_word' id='word_1_488' title='bbox 112 1884 145 1910; x_wconf 89' lang='lat' dir='ltr'><strong>ab</strong></span> <span class='ocrx_word' id='word_1_489' title='bbox 158 1892 231 1913; x_wconf 87' lang='lat' dir='ltr'><strong>anno</strong></span> <span class='ocrx_word' id='word_1_490' title='bbox 245 1886 282 1913; x_wconf 77' lang='lat'><strong>95</strong></span> <span class='ocrx_word' id='word_1_491' title='bbox 295 1887 328 1914; x_wconf 88' lang='lat' dir='ltr'><strong>ad</strong></span> <span class='ocrx_word' id='word_1_492' title='bbox 340 1895 444 1916; x_wconf 88' lang='lat' dir='ltr'><strong>annum</strong></span> <span class='ocrx_word' id='word_1_493' title='bbox 461 1887 519 1922; x_wconf 80' lang='lat'><strong>100,</strong></span> <span class='ocrx_word' id='word_1_494' title='bbox 532 1897 586 1924; x_wconf 88' lang='lat' dir='ltr'><strong>quo</strong></span> <span class='ocrx_word' id='word_1_495' title='bbox 601 1890 628 1918; x_wconf 88' lang='lat' dir='ltr'><strong>in</strong></span> <span class='ocrx_word' id='word_1_496' title='bbox 643 1891 796 1920; x_wconf 86' lang='lat' dir='ltr'><strong>Chersone-</strong></span> 
     </span>
    </p>
   </div>
   <div class='ocr_carea' id='block_1_70' title="bbox 26 1930 338 1960">
    <p class='ocr_par' dir='ltr' id='par_1_70' title="bbox 26 1930 338 1960">
     <span class='ocr_line' id='line_1_70' title="bbox 26 1930 338 1960; baseline 0.029 -9"><span class='ocrx_word' id='word_1_497' title='bbox 26 1932 75 1953; x_wconf 70' lang='lat' dir='ltr'><strong>sum</strong></span> <span class='ocrx_word' id='word_1_498' title='bbox 87 1930 159 1957; x_wconf 77' lang='lat' dir='ltr'><strong>exsul</strong></span> <span class='ocrx_word' id='word_1_499' title='bbox 172 1931 276 1959; x_wconf 86' lang='lat' dir='ltr'><strong>missus</strong></span> <span class='ocrx_word' id='word_1_500' title='bbox 287 1936 338 1960; x_wconf 89' lang='lat' dir='ltr'><strong>est.</strong></span> 
     </span>
    </p>
   </div>
   <div class='ocr_carea' id='block_1_71' title="bbox 54 1971 795 2015">
    <p class='ocr_par' dir='ltr' id='par_1_71' title="bbox 54 1971 795 2015">
     <span class='ocr_line' id='line_1_71' title="bbox 54 1971 795 2015; baseline 0.016 -16"><span class='ocrx_word' id='word_1_501' title='bbox 54 1971 115 2001; x_wconf 80' lang='lat' dir='ltr'><strong>Nulli</strong></span> <span class='ocrx_word' id='word_1_502' title='bbox 132 1977 210 2004; x_wconf 81' lang='lat' dir='ltr'><strong>etiam</strong></span> <span class='ocrx_word' id='word_1_503' title='bbox 228 1977 387 2007; x_wconf 83' lang='lat' dir='ltr'><strong>dubitamus</strong></span> <span class='ocrx_word' id='word_1_504' title='bbox 407 1980 567 2015; x_wconf 64' lang='lat' dir='ltr'><strong>scriptorem</strong></span> <span class='ocrx_word' id='word_1_505' title='bbox 583 1987 707 2010; x_wconf 85' lang='lat' dir='ltr'><strong>nostrum</strong></span> <span class='ocrx_word' id='word_1_506' title='bbox 722 1984 795 2012; x_wconf 90' lang='lat' dir='ltr'><strong>hunc</strong></span> 
     </span>
    </p>
   </div>
   <div class='ocr_carea' id='block_1_72' title="bbox 26 2019 794 2065">
    <p class='ocr_par' dir='ltr' id='par_1_72' title="bbox 26 2019 794 2065">
     <span class='ocr_line' id='line_1_72' title="bbox 26 2019 794 2065; baseline 0.014 -19"><span class='ocrx_word' id='word_1_507' title='bbox 26 2024 74 2045; x_wconf 75' lang='lat' dir='ltr'><strong>esse</strong></span> <span class='ocrx_word' id='word_1_508' title='bbox 85 2019 204 2050; x_wconf 73' lang='lat' dir='ltr'><strong>Hermann</strong></span> <span class='ocrx_word' id='word_1_509' title='bbox 217 2023 298 2059; x_wconf 85' lang='lat' dir='ltr'><strong>cujus</strong></span> <span class='ocrx_word' id='word_1_510' title='bbox 317 2032 416 2053; x_wconf 89' lang='lat' dir='ltr'><strong>nomen</strong></span> <span class='ocrx_word' id='word_1_511' title='bbox 438 2027 465 2053; x_wconf 90' lang='lat' dir='ltr'><strong>in</strong></span> <span class='ocrx_word' id='word_1_512' title='bbox 485 2032 642 2055; x_wconf 85' lang='lat' dir='ltr'><strong>sanctorum</strong></span> <span class='ocrx_word' id='word_1_513' title='bbox 658 2029 794 2065; x_wconf 83' lang='lat' dir='ltr'><strong>Martyro-</strong></span> 
     </span>
    </p>
   </div>
   <div class='ocr_carea' id='block_1_73' title="bbox 26 2062 792 2110">
    <p class='ocr_par' dir='ltr' id='par_1_73' title="bbox 26 2062 792 2110">
     <span class='ocr_line' id='line_1_73' title="bbox 26 2062 792 2110; baseline 0.014 -19"><span class='ocrx_word' id='word_1_514' title='bbox 26 2062 82 2110; x_wconf 72' lang='lat' dir='ltr'><strong>logia</strong></span> <span class='ocrx_word' id='word_1_515' title='bbox 107 2067 233 2102; x_wconf 87' lang='lat' dir='ltr'><strong>relatum,</strong></span> <span class='ocrx_word' id='word_1_516' title='bbox 263 2070 292 2096; x_wconf 92' lang='lat' dir='ltr'><strong>in</strong></span> <span class='ocrx_word' id='word_1_517' title='bbox 319 2070 443 2099; x_wconf 77' lang='lat' dir='ltr'><strong>Romano</strong></span> <span class='ocrx_word' id='word_1_518' title='bbox 467 2072 507 2100; x_wconf 85' lang='lat' dir='ltr'><strong>sic</strong></span> <span class='ocrx_word' id='word_1_519' title='bbox 521 2077 642 2101; x_wconf 86' lang='lat' dir='ltr'><strong>notatum</strong></span> <span class='ocrx_word' id='word_1_520' title='bbox 669 2062 792 2110; x_wconf 68' lang='lat' dir='ltr'><strong>legitur:</strong></span> 
     </span>
    </p>
   </div>
   <div class='ocr_carea' id='block_1_74' title="bbox 26 2108 793 2153">
    <p class='ocr_par' dir='ltr' id='par_1_74' title="bbox 26 2108 793 2153">
     <span class='ocr_line' id='line_1_74' title="bbox 26 2108 793 2153; baseline 0.014 -16"><span class='ocrx_word' id='word_1_521' title='bbox 26 2108 113 2145; x_wconf 73' lang='lat' dir='ltr'><strong>Rome,</strong></span> <span class='ocrx_word' id='word_1_522' title='bbox 131 2115 214 2141; x_wconf 83' lang='lat' dir='ltr'><strong>sancti</strong></span> <span class='ocrx_word' id='word_1_523' title='bbox 234 2115 360 2149; x_wconf 68' lang='lat' dir='ltr'><strong>Hermae,</strong></span> <span class='ocrx_word' id='word_1_524' title='bbox 381 2118 457 2152; x_wconf 85' lang='lat' dir='ltr'><strong>cujus</strong></span> <span class='ocrx_word' id='word_1_525' title='bbox 482 2119 616 2153; x_wconf 82' lang='lat' dir='ltr'><strong>apostolus</strong></span> <span class='ocrx_word' id='word_1_526' title='bbox 636 2108 739 2147; x_wconf 82' lang='lat' dir='ltr'><strong>Paulus</strong></span> <span class='ocrx_word' id='word_1_527' title='bbox 764 2121 793 2148; x_wconf 82' lang='lat' dir='ltr'><strong>in</strong></span> 
     </span>
    </p>
   </div>
   <div class='ocr_carea' id='block_1_75' title="bbox 27 2153 791 2202">
    <p class='ocr_par' dir='ltr' id='par_1_75' title="bbox 27 2153 791 2202">
     <span class='ocr_line' id='line_1_75' title="bbox 27 2153 791 2202; baseline 0.016 -20"><span class='ocrx_word' id='word_1_528' title='bbox 27 2153 127 2187; x_wconf 77' lang='lat' dir='ltr'><strong>Epistula</strong></span> <span class='ocrx_word' id='word_1_529' title='bbox 136 2160 170 2186; x_wconf 82' lang='lat' dir='ltr'><strong>ad</strong></span> <span class='ocrx_word' id='word_1_530' title='bbox 185 2161 316 2190; x_wconf 80' lang='lat' dir='ltr'><strong>Romanos</strong></span> <span class='ocrx_word' id='word_1_531' title='bbox 329 2164 456 2191; x_wconf 83' lang='lat' dir='ltr'><strong>meminit.</strong></span> <span class='ocrx_word' id='word_1_532' title='bbox 471 2165 523 2192; x_wconf 81' lang='lat' dir='ltr'><strong>Hic</strong></span> <span class='ocrx_word' id='word_1_533' title='bbox 537 2165 614 2200; x_wconf 81' lang='lat' dir='ltr'><strong>digne</strong></span> <span class='ocrx_word' id='word_1_534' title='bbox 624 2168 791 2202; x_wconf 84' lang='lat' dir='ltr'><strong>semetipsum</strong></span> 
     </span>
    </p>
   </div>
   <div class='ocr_carea' id='block_1_76' title="bbox 24 2204 789 2247">
    <p class='ocr_par' dir='ltr' id='par_1_76' title="bbox 24 2204 789 2247">
     <span class='ocr_line' id='line_1_76' title="bbox 24 2204 789 2247; baseline 0.017 -19"><span class='ocrx_word' id='word_1_535' title='bbox 24 2204 168 2239; x_wconf 70' lang='lat' dir='ltr'><strong>sacriﬁcans,</strong></span> <span class='ocrx_word' id='word_1_536' title='bbox 185 2209 404 2244; x_wconf 80' lang='lat' dir='ltr'><strong>acceptabilisque</strong></span> <span class='ocrx_word' id='word_1_537' title='bbox 425 2210 480 2237; x_wconf 81' lang='lat' dir='ltr'><strong>Deo</strong></span> <span class='ocrx_word' id='word_1_538' title='bbox 503 2211 591 2238; x_wconf 80' lang='lat' dir='ltr'><strong>hostia</strong></span> <span class='ocrx_word' id='word_1_539' title='bbox 613 2212 718 2247; x_wconf 77' lang='lat' dir='ltr'><strong>factus,</strong></span> <span class='ocrx_word' id='word_1_540' title='bbox 735 2215 789 2241; x_wconf 70' lang='lat' dir='ltr'><strong>vir~</strong></span> 
     </span>
    </p>
   </div>
   <div class='ocr_carea' id='block_1_77' title="bbox 25 2249 550 2290">
    <p class='ocr_par' dir='ltr' id='par_1_77' title="bbox 25 2249 550 2290">
     <span class='ocr_line' id='line_1_77' title="bbox 25 2249 550 2290; baseline 0.023 -18"><span class='ocrx_word' id='word_1_541' title='bbox 25 2249 106 2277; x_wconf 76' lang='lat' dir='ltr'><strong>tatibus</strong></span> <span class='ocrx_word' id='word_1_542' title='bbox 118 2251 201 2279; x_wconf 84' lang='lat' dir='ltr'><strong>clarus</strong></span> <span class='ocrx_word' id='word_1_543' title='bbox 222 2255 339 2281; x_wconf 66' lang='lat' dir='ltr'><strong>calestia</strong></span> <span class='ocrx_word' id='word_1_544' title='bbox 355 2264 435 2290; x_wconf 70' lang='lat' dir='ltr'><strong>regna</strong></span> <span class='ocrx_word' id='word_1_545' title='bbox 449 2257 550 2290; x_wconf 80' lang='lat' dir='ltr'><strong>petivit.</strong></span> 
     </span>
    </p>
   </div>
   <div class='ocr_carea' id='block_1_78' title="bbox 52 2292 784 2336">
    <p class='ocr_par' dir='ltr' id='par_1_78' title="bbox 52 2292 784 2336">
     <span class='ocr_line' id='line_1_78' title="bbox 52 2292 784 2336; baseline 0.015 -15"><span class='ocrx_word' id='word_1_546' title='bbox 52 2292 137 2323; x_wconf 79' lang='lat' dir='ltr'><strong>Verum</strong></span> <span class='ocrx_word' id='word_1_547' title='bbox 154 2304 248 2326; x_wconf 88' lang='lat' dir='ltr'><strong>contra</strong></span> <span class='ocrx_word' id='word_1_548' title='bbox 269 2304 372 2327; x_wconf 86' lang='lat' dir='ltr'><strong>tantam</strong></span> <span class='ocrx_word' id='word_1_549' title='bbox 394 2301 476 2336; x_wconf 81' lang='lat' dir='ltr'><strong>hujus</strong></span> <span class='ocrx_word' id='word_1_550' title='bbox 495 2302 546 2329; x_wconf 77' lang='lat' dir='ltr'><strong>riri</strong></span> <span class='ocrx_word' id='word_1_551' title='bbox 566 2302 737 2331; x_wconf 85' lang='lat' dir='ltr'><strong>sanctitatem</strong></span> <span class='ocrx_word' id='word_1_552' title='bbox 752 2312 784 2332; x_wconf 91' lang='lat' dir='ltr'><strong>ea</strong></span> 
     </span>
    </p>
   </div>
   <div class='ocr_carea' id='block_1_79' title="bbox 22 2338 785 2384">
    <p class='ocr_par' dir='ltr' id='par_1_79' title="bbox 22 2338 785 2384">
     <span class='ocr_line' id='line_1_79' title="bbox 22 2338 785 2384; baseline 0.016 -18"><span class='ocrx_word' id='word_1_553' title='bbox 22 2338 195 2372; x_wconf 87' lang='lat' dir='ltr'><strong>dubitationem</strong></span> <span class='ocrx_word' id='word_1_554' title='bbox 211 2346 425 2382; x_wconf 86' lang='lat' dir='ltr'><strong>scrupulumque</strong></span> <span class='ocrx_word' id='word_1_555' title='bbox 446 2348 589 2382; x_wconf 89' lang='lat' dir='ltr'><strong>injiciunt,</strong></span> <span class='ocrx_word' id='word_1_556' title='bbox 606 2357 668 2384; x_wconf 75' lang='lat' dir='ltr'><strong>quae</strong></span> <span class='ocrx_word' id='word_1_557' title='bbox 687 2350 720 2377; x_wconf 92' lang='lat' dir='ltr'><strong>de</strong></span> <span class='ocrx_word' id='word_1_558' title='bbox 741 2358 785 2378; x_wconf 87' lang='lat' dir='ltr'><strong>se-</strong></span> 
     </span>
    </p>
   </div>
   <div class='ocr_carea' id='block_1_80' title="bbox 21 2387 785 2430">
    <p class='ocr_par' dir='ltr' id='par_1_80' title="bbox 21 2387 785 2430">
     <span class='ocr_line' id='line_1_80' title="bbox 21 2387 785 2430; baseline 0.014 -17"><span class='ocrx_word' id='word_1_559' title='bbox 21 2387 117 2430; x_wconf 61' lang='lat' dir='ltr'><strong>metipso</strong></span> <span class='ocrx_word' id='word_1_560' title='bbox 128 2391 227 2425; x_wconf 85' lang='lat' dir='ltr'><strong>passim</strong></span> <span class='ocrx_word' id='word_1_561' title='bbox 245 2393 274 2419; x_wconf 90' lang='lat' dir='ltr'><strong>in</strong></span> <span class='ocrx_word' id='word_1_562' title='bbox 294 2400 345 2421; x_wconf 86' lang='lat' dir='ltr'><strong>suo</strong></span> <span class='ocrx_word' id='word_1_563' title='bbox 360 2394 429 2421; x_wconf 88' lang='lat' dir='ltr'><strong>libro</strong></span> <span class='ocrx_word' id='word_1_564' title='bbox 447 2394 594 2428; x_wconf 72' lang='lat' dir='ltr'><strong>praedicat,</strong></span> <span class='ocrx_word' id='word_1_565' title='bbox 615 2402 644 2422; x_wconf 88' lang='lat' dir='ltr'><strong>se</strong></span> <span class='ocrx_word' id='word_1_566' title='bbox 665 2400 785 2430; x_wconf 88' lang='lat' dir='ltr'><strong>patrem-</strong></span> 
     </span>
    </p>
   </div>
   <div class='ocr_carea' id='block_1_81' title="bbox 22 2426 782 2471">
    <p class='ocr_par' dir='ltr' id='par_1_81' title="bbox 22 2426 782 2471">
     <span class='ocr_line' id='line_1_81' title="bbox 22 2426 782 2471; baseline 0.017 -16"><span class='ocrx_word' id='word_1_567' title='bbox 22 2426 118 2459; x_wconf 75' lang='lat' dir='ltr'><strong>familias</strong></span> <span class='ocrx_word' id='word_1_568' title='bbox 130 2433 222 2468; x_wconf 78' lang='lat' dir='ltr'><strong>fuisse,</strong></span> <span class='ocrx_word' id='word_1_569' title='bbox 236 2435 283 2471; x_wconf 89' lang='lat' dir='ltr'><strong>qui</strong></span> <span class='ocrx_word' id='word_1_570' title='bbox 296 2436 381 2464; x_wconf 89' lang='lat' dir='ltr'><strong>nimia</strong></span> <span class='ocrx_word' id='word_1_571' title='bbox 397 2437 424 2464; x_wconf 91' lang='lat' dir='ltr'><strong>iu</strong></span> <span class='ocrx_word' id='word_1_572' title='bbox 441 2426 553 2466; x_wconf 75' lang='lat' dir='ltr'><strong>uxorem</strong></span> <span class='ocrx_word' id='word_1_573' title='bbox 567 2426 595 2467; x_wconf 82' lang='lat' dir='ltr'><strong>et.</strong></span> <span class='ocrx_word' id='word_1_574' title='bbox 607 2426 679 2468; x_wconf 74' lang='lat' dir='ltr'><strong>ﬁlios</strong></span> <span class='ocrx_word' id='word_1_575' title='bbox 693 2440 782 2468; x_wconf 70' lang='lat' dir='ltr'><strong>indul~</strong></span> 
     </span>
    </p>
   </div>
   <div class='ocr_carea' id='block_1_82' title="bbox 22 2476 780 2522">
    <p class='ocr_par' dir='ltr' id='par_1_82' title="bbox 22 2476 780 2522">
     <span class='ocr_line' id='line_1_82' title="bbox 22 2476 780 2522; baseline 0.011 -16"><span class='ocrx_word' id='word_1_576' title='bbox 22 2476 94 2506; x_wconf 62' lang='lat' dir='ltr'><strong>Kentia</strong></span> <span class='ocrx_word' id='word_1_577' title='bbox 107 2481 220 2512; x_wconf 84' lang='lat' dir='ltr'><strong>peccatis</strong></span> <span class='ocrx_word' id='word_1_578' title='bbox 232 2489 329 2510; x_wconf 86' lang='lat' dir='ltr'><strong>eorum</strong></span> <span class='ocrx_word' id='word_1_579' title='bbox 349 2491 402 2510; x_wconf 92' lang='lat' dir='ltr'><strong>non</strong></span> <span class='ocrx_word' id='word_1_580' title='bbox 420 2484 569 2519; x_wconf 88' lang='lat' dir='ltr'><strong>obstiterit;</strong></span> <span class='ocrx_word' id='word_1_581' title='bbox 592 2493 676 2521; x_wconf 86' lang='lat' dir='ltr'><strong>seque</strong></span> <span class='ocrx_word' id='word_1_582' title='bbox 691 2487 780 2522; x_wconf 89' lang='lat' dir='ltr'><strong>ipsum</strong></span> 
     </span>
    </p>
   </div>
   <div class='ocr_carea' id='block_1_83' title="bbox 21 2521 781 2568">
    <p class='ocr_par' dir='ltr' id='par_1_83' title="bbox 21 2521 781 2568">
     <span class='ocr_line' id='line_1_83' title="bbox 21 2521 781 2568; baseline 0.018 -21"><span class='ocrx_word' id='word_1_583' title='bbox 21 2521 88 2549; x_wconf 81' lang='lat' dir='ltr'><strong>multa</strong></span> <span class='ocrx_word' id='word_1_584' title='bbox 112 2532 261 2562; x_wconf 71' lang='lat' dir='ltr'><strong>magnaque</strong></span> <span class='ocrx_word' id='word_1_585' title='bbox 281 2535 429 2563; x_wconf 82' lang='lat' dir='ltr'><strong>peccasse,</strong></span> <span class='ocrx_word' id='word_1_586' title='bbox 450 2537 501 2558; x_wconf 86' lang='lat' dir='ltr'><strong>nec</strong></span> <span class='ocrx_word' id='word_1_587' title='bbox 525 2531 582 2559; x_wconf 83' lang='lat' dir='ltr'><strong>iere</strong></span> <span class='ocrx_word' id='word_1_588' title='bbox 601 2521 723 2568; x_wconf 82' lang='lat' dir='ltr'><strong>unquam</strong></span> <span class='ocrx_word' id='word_1_589' title='bbox 747 2533 781 2561; x_wconf 90' lang='lat' dir='ltr'><strong>ad</strong></span> 
     </span>
    </p>
   </div>
   <div class='ocr_carea' id='block_1_84' title="bbox 21 2568 286 2611">
    <p class='ocr_par' dir='ltr' id='par_1_84' title="bbox 21 2568 286 2611">
     <span class='ocr_line' id='line_1_84' title="bbox 21 2568 286 2611; baseline 0.023 -16"><span class='ocrx_word' id='word_1_590' title='bbox 21 2568 138 2611; x_wconf 67' lang='lat' dir='ltr'><strong>Veritatem</strong></span> <span class='ocrx_word' id='word_1_591' title='bbox 155 2571 286 2601; x_wconf 84' lang='lat' dir='ltr'><strong>locutum.</strong></span> 
     </span>
    </p>
   </div>
   <div class='ocr_carea' id='block_1_85' title="bbox 47 2610 778 2659">
    <p class='ocr_par' dir='ltr' id='par_1_85' title="bbox 47 2610 778 2659">
     <span class='ocr_line' id='line_1_85' title="bbox 47 2610 778 2659; baseline 0.014 -17"><span class='ocrx_word' id='word_1_592' title='bbox 47 2610 196 2649; x_wconf 57' lang='lat' dir='ltr'><strong>Raponderi</strong></span> <span class='ocrx_word' id='word_1_593' title='bbox 210 2622 300 2647; x_wconf 82' lang='lat' dir='ltr'><strong>tamen</strong></span> <span class='ocrx_word' id='word_1_594' title='bbox 311 2625 398 2654; x_wconf 86' lang='lat' dir='ltr'><strong>potest</strong></span> <span class='ocrx_word' id='word_1_595' title='bbox 409 2620 536 2649; x_wconf 87' lang='lat' dir='ltr'><strong>Hermam</strong></span> <span class='ocrx_word' id='word_1_596' title='bbox 552 2629 606 2650; x_wconf 90' lang='lat' dir='ltr'><strong>non</strong></span> <span class='ocrx_word' id='word_1_597' title='bbox 619 2623 646 2650; x_wconf 91' lang='lat' dir='ltr'><strong>in</strong></span> <span class='ocrx_word' id='word_1_598' title='bbox 656 2631 718 2659; x_wconf 87' lang='lat' dir='ltr'><strong>sua,</strong></span> <span class='ocrx_word' id='word_1_599' title='bbox 732 2625 778 2653; x_wconf 88' lang='lat' dir='ltr'><strong>sed</strong></span> 
     </span>
    </p>
   </div>
   <div class='ocr_carea' id='block_1_86' title="bbox 21 2655 780 2702">
    <p class='ocr_par' dir='ltr' id='par_1_86' title="bbox 21 2655 780 2702">
     <span class='ocr_line' id='line_1_86' title="bbox 21 2655 780 2702; baseline 0.016 -16"><span class='ocrx_word' id='word_1_600' title='bbox 21 2655 41 2682; x_wconf 80' lang='grc' dir='ltr'><strong>ίιι</strong></span> <span class='ocrx_word' id='word_1_601' title='bbox 53 2659 154 2690; x_wconf 79' lang='lat' dir='ltr'><strong>aliorum</strong></span> <span class='ocrx_word' id='word_1_602' title='bbox 168 2671 282 2698; x_wconf 80' lang='lat' dir='ltr'><strong>persona</strong></span> <span class='ocrx_word' id='word_1_603' title='bbox 301 2666 358 2694; x_wconf 63' lang='lat' dir='ltr'><strong>hate</strong></span> <span class='ocrx_word' id='word_1_604' title='bbox 372 2668 464 2695; x_wconf 87' lang='lat' dir='ltr'><strong>omnia</strong></span> <span class='ocrx_word' id='word_1_605' title='bbox 475 2668 595 2702; x_wconf 80' lang='lat' dir='ltr'><strong>dixisse;</strong></span> <span class='ocrx_word' id='word_1_606' title='bbox 610 2674 639 2697; x_wconf 92' lang='lat' dir='ltr'><strong>ut</strong></span> <span class='ocrx_word' id='word_1_607' title='bbox 651 2670 698 2697; x_wconf 89' lang='lat' dir='ltr'><strong>illo</strong></span> <span class='ocrx_word' id='word_1_608' title='bbox 711 2671 780 2698; x_wconf 79' lang='lat' dir='ltr'><strong>scri-</strong></span> 
     </span>
    </p>
   </div>
   <div class='ocr_carea' id='block_1_87' title="bbox 851 1558 1639 1594">
    <p class='ocr_par' dir='ltr' id='par_1_87' title="bbox 851 1558 1639 1594">
     <span class='ocr_line' id='line_1_87' title="bbox 851 1558 1639 1594; baseline 0.011 -9"><span class='ocrx_word' id='word_1_609' title='bbox 851 1558 933 1586; x_wconf 85' lang='lat' dir='ltr'><strong>verba</strong></span> <span class='ocrx_word' id='word_1_610' title='bbox 953 1560 1062 1594; x_wconf 86' lang='lat' dir='ltr'><strong>retulit,</strong></span> <span class='ocrx_word' id='word_1_611' title='bbox 1078 1569 1173 1589; x_wconf 89' lang='lat' dir='ltr'><strong>verum</strong></span> <span class='ocrx_word' id='word_1_612' title='bbox 1194 1563 1276 1591; x_wconf 83' lang='lat' dir='ltr'><strong>etiam</strong></span> <span class='ocrx_word' id='word_1_613' title='bbox 1293 1565 1391 1591; x_wconf 90' lang='lat' dir='ltr'><strong>librum</strong></span> <span class='ocrx_word' id='word_1_614' title='bbox 1405 1564 1511 1594; x_wconf 68' lang='lat' dir='ltr'><strong>Hermae</strong></span> <span class='ocrx_word' id='word_1_615' title='bbox 1530 1566 1564 1593; x_wconf 89' lang='lat' dir='ltr'><strong>ab</strong></span> <span class='ocrx_word' id='word_1_616' title='bbox 1578 1567 1639 1594; x_wconf 84' lang='lat' dir='ltr'><strong>aliis</strong></span> 
     </span>
    </p>
   </div>
   <div class='ocr_carea' id='block_1_88' title="bbox 850 1609 1639 1645">
    <p class='ocr_par' dir='ltr' id='par_1_88' title="bbox 850 1609 1639 1645">
     <span class='ocr_line' id='line_1_88' title="bbox 850 1609 1639 1645; baseline 0.011 -14"><span class='ocrx_word' id='word_1_617' title='bbox 850 1612 959 1640; x_wconf 87' lang='lat' dir='ltr'><strong>quoque</strong></span> <span class='ocrx_word' id='word_1_618' title='bbox 969 1626 977 1639; x_wconf 90' lang='lat'><strong>,</strong></span> <span class='ocrx_word' id='word_1_619' title='bbox 991 1614 1062 1642; x_wconf 87' lang='lat' dir='ltr'><strong>quos</strong></span> <span class='ocrx_word' id='word_1_620' title='bbox 1076 1609 1278 1637; x_wconf 87' lang='lat' dir='ltr'><strong>vetustissimos</strong></span> <span class='ocrx_word' id='word_1_621' title='bbox 1289 1611 1420 1645; x_wconf 86' lang='lat' dir='ltr'><strong>appellat,</strong></span> <span class='ocrx_word' id='word_1_622' title='bbox 1437 1612 1542 1640; x_wconf 89' lang='lat' dir='ltr'><strong>laudari</strong></span> <span class='ocrx_word' id='word_1_623' title='bbox 1556 1617 1639 1640; x_wconf 87' lang='lat' dir='ltr'><strong>testa-</strong></span> 
     </span>
    </p>
   </div>
   <div class='ocr_carea' id='block_1_89' title="bbox 850 1652 1638 1691">
    <p class='ocr_par' dir='ltr' id='par_1_89' title="bbox 850 1652 1638 1691">
     <span class='ocr_line' id='line_1_89' title="bbox 850 1652 1638 1691; baseline 0.01 -13"><span class='ocrx_word' id='word_1_624' title='bbox 850 1655 894 1678; x_wconf 87' lang='lat' dir='ltr'><strong>tus</strong></span> <span class='ocrx_word' id='word_1_625' title='bbox 910 1656 950 1680; x_wconf 90' lang='lat' dir='ltr'><strong>est</strong></span> <span class='ocrx_word' id='word_1_626' title='bbox 963 1661 969 1679; x_wconf 94' lang='lat'><strong>:</strong></span> <span class='ocrx_word' id='word_1_627' title='bbox 990 1652 1169 1688; x_wconf 87' lang='lat' dir='ltr'><strong>Comperimus</strong></span> <span class='ocrx_word' id='word_1_628' title='bbox 1179 1675 1188 1688; x_wconf 89' lang='lat'><strong>,</strong></span> <span class='ocrx_word' id='word_1_629' title='bbox 1202 1655 1308 1690; x_wconf 89' lang='lat' dir='ltr'><strong>inquit,</strong></span> <span class='ocrx_word' id='word_1_630' title='bbox 1321 1658 1450 1691; x_wconf 73' lang='lat' dir='ltr'><strong>quosdam</strong></span> <span class='ocrx_word' id='word_1_631' title='bbox 1463 1665 1496 1684; x_wconf 81' lang='lat' dir='ltr'><strong>ea:</strong></span> <span class='ocrx_word' id='word_1_632' title='bbox 1513 1660 1638 1687; x_wconf 74' lang='lat' dir='ltr'><strong>uetustis—</strong></span> 
     </span>
    </p>
   </div>
   <div class='ocr_carea' id='block_1_90' title="bbox 847 1697 1637 1738">
    <p class='ocr_par' dir='ltr' id='par_1_90' title="bbox 847 1697 1637 1738">
     <span class='ocr_line' id='line_1_90' title="bbox 847 1697 1637 1738; baseline 0.011 -15"><span class='ocrx_word' id='word_1_633' title='bbox 847 1697 923 1724; x_wconf 77' lang='lat' dir='ltr'><strong>simis</strong></span> <span class='ocrx_word' id='word_1_634' title='bbox 950 1697 1168 1736; x_wconf 82' lang='grc' dir='ltr'><strong>(παλαιοτάτων)</strong></span> <span class='ocrx_word' id='word_1_635' title='bbox 1190 1702 1362 1736; x_wconf 78' lang='lat' dir='ltr'><strong>scriptoribus</strong></span> <span class='ocrx_word' id='word_1_636' title='bbox 1383 1704 1466 1738; x_wconf 83' lang='lat' dir='ltr'><strong>ipsius</strong></span> <span class='ocrx_word' id='word_1_637' title='bbox 1488 1706 1637 1732; x_wconf 79' lang='lat' dir='ltr'><strong>testimonio</strong></span> 
     </span>
    </p>
   </div>
   <div class='ocr_carea' id='block_1_91' title="bbox 848 1745 1636 1784">
    <p class='ocr_par' dir='ltr' id='par_1_91' title="bbox 848 1745 1636 1784">
     <span class='ocr_line' id='line_1_91' title="bbox 848 1745 1636 1784; baseline 0.013 -15"><span class='ocrx_word' id='word_1_638' title='bbox 848 1751 909 1771; x_wconf 85' lang='lat' dir='ltr'><strong>usos</strong></span> <span class='ocrx_word' id='word_1_639' title='bbox 929 1745 1022 1779; x_wconf 82' lang='lat' dir='ltr'><strong>fuisse.</strong></span> <span class='ocrx_word' id='word_1_640' title='bbox 1038 1745 1144 1779; x_wconf 87' lang='lat' dir='ltr'><strong>Quibus</strong></span> <span class='ocrx_word' id='word_1_641' title='bbox 1169 1754 1234 1775; x_wconf 87' lang='lat' dir='ltr'><strong>sane</strong></span> <span class='ocrx_word' id='word_1_642' title='bbox 1246 1748 1337 1775; x_wconf 89' lang='lat' dir='ltr'><strong>verbis</strong></span> <span class='ocrx_word' id='word_1_643' title='bbox 1358 1748 1402 1776; x_wconf 89' lang='lat' dir='ltr'><strong>ille</strong></span> <span class='ocrx_word' id='word_1_644' title='bbox 1422 1750 1554 1784; x_wconf 87' lang='lat' dir='ltr'><strong>quosdam</strong></span> <span class='ocrx_word' id='word_1_645' title='bbox 1572 1747 1636 1779; x_wconf 85' lang='lat' dir='ltr'><strong>Cie-</strong></span> 
     </span>
    </p>
   </div>
   <div class='ocr_carea' id='block_1_92' title="bbox 848 1791 1636 1829">
    <p class='ocr_par' dir='ltr' id='par_1_92' title="bbox 848 1791 1636 1829">
     <span class='ocr_line' id='line_1_92' title="bbox 848 1791 1636 1829; baseline 0.009 -12"><span class='ocrx_word' id='word_1_646' title='bbox 848 1795 938 1819; x_wconf 85' lang='lat' dir='ltr'><strong>mente</strong></span> <span class='ocrx_word' id='word_1_647' title='bbox 948 1795 974 1818; x_wconf 86' lang='lat' dir='ltr'><strong>et</strong></span> <span class='ocrx_word' id='word_1_648' title='bbox 987 1791 1090 1820; x_wconf 60' lang='lat' dir='ltr'><strong>Irenaeo</strong></span> <span class='ocrx_word' id='word_1_649' title='bbox 1102 1794 1271 1829; x_wconf 84' lang='lat' dir='ltr'><strong>antiquiores</strong></span> <span class='ocrx_word' id='word_1_650' title='bbox 1283 1795 1420 1823; x_wconf 85' lang='lat' dir='ltr'><strong>indicasse</strong></span> <span class='ocrx_word' id='word_1_651' title='bbox 1431 1797 1568 1824; x_wconf 88' lang='lat' dir='ltr'><strong>nonnullis</strong></span> <span class='ocrx_word' id='word_1_652' title='bbox 1579 1797 1636 1824; x_wconf 79' lang='lat' dir='ltr'><strong>for-</strong></span> 
     </span>
    </p>
   </div>
   <div class='ocr_carea' id='block_1_93' title="bbox 846 1837 1634 1877">
    <p class='ocr_par' dir='ltr' id='par_1_93' title="bbox 846 1837 1634 1877">
     <span class='ocr_line' id='line_1_93' title="bbox 846 1837 1634 1877; baseline 0.01 -14"><span class='ocrx_word' id='word_1_653' title='bbox 846 1837 918 1864; x_wconf 85' lang='lat' dir='ltr'><strong>sitan</strong></span> <span class='ocrx_word' id='word_1_654' title='bbox 930 1837 1074 1866; x_wconf 84' lang='lat' dir='ltr'><strong>videbitur.</strong></span> <span class='ocrx_word' id='word_1_655' title='bbox 1089 1838 1141 1867; x_wconf 86' lang='lat' dir='ltr'><strong>Sed</strong></span> <span class='ocrx_word' id='word_1_656' title='bbox 1157 1841 1278 1875; x_wconf 87' lang='lat' dir='ltr'><strong>quulibet</strong></span> <span class='ocrx_word' id='word_1_657' title='bbox 1293 1842 1462 1877; x_wconf 81' lang='lat' dir='ltr'><strong>accipiantur</strong></span> <span class='ocrx_word' id='word_1_658' title='bbox 1473 1851 1567 1876; x_wconf 77' lang='lat' dir='ltr'><strong>sensu,</strong></span> <span class='ocrx_word' id='word_1_659' title='bbox 1579 1851 1634 1871; x_wconf 89' lang='lat' dir='ltr'><strong>non</strong></span> 
     </span>
    </p>
   </div>
   <div class='ocr_carea' id='block_1_94' title="bbox 845 1883 1632 1923">
    <p class='ocr_par' dir='ltr' id='par_1_94' title="bbox 845 1883 1632 1923">
     <span class='ocr_line' id='line_1_94' title="bbox 845 1883 1632 1923; baseline 0.009 -13"><span class='ocrx_word' id='word_1_660' title='bbox 845 1883 961 1911; x_wconf 86' lang='lat' dir='ltr'><strong>obscure</strong></span> <span class='ocrx_word' id='word_1_661' title='bbox 981 1884 1015 1912; x_wconf 91' lang='lat' dir='ltr'><strong>iis</strong></span> <span class='ocrx_word' id='word_1_662' title='bbox 1038 1885 1210 1920; x_wconf 78' lang='lat' dir='ltr'><strong>signiﬁcatur</strong></span> <span class='ocrx_word' id='word_1_663' title='bbox 1224 1886 1370 1915; x_wconf 76' lang='lat' dir='ltr'><strong>Eusebium</strong></span> <span class='ocrx_word' id='word_1_664' title='bbox 1393 1889 1444 1916; x_wconf 88' lang='lat' dir='ltr'><strong>sibi</strong></span> <span class='ocrx_word' id='word_1_665' title='bbox 1469 1896 1632 1923; x_wconf 88' lang='lat' dir='ltr'><strong>persuasum</strong></span> 
     </span>
    </p>
   </div>
   <div class='ocr_carea' id='block_1_95' title="bbox 846 1929 1633 1970">
    <p class='ocr_par' dir='ltr' id='par_1_95' title="bbox 846 1929 1633 1970">
     <span class='ocr_line' id='line_1_95' title="bbox 846 1929 1633 1970; baseline 0.008 -14"><span class='ocrx_word' id='word_1_666' title='bbox 846 1929 974 1958; x_wconf 88' lang='lat' dir='ltr'><strong>habuisse</strong></span> <span class='ocrx_word' id='word_1_667' title='bbox 992 1931 1042 1959; x_wconf 89' lang='lat' dir='ltr'><strong>hos</strong></span> <span class='ocrx_word' id='word_1_668' title='bbox 1062 1931 1146 1958; x_wconf 88' lang='lat' dir='ltr'><strong>libros</strong></span> <span class='ocrx_word' id='word_1_669' title='bbox 1164 1933 1259 1967; x_wconf 77' lang='lat' dir='ltr'><strong>primae</strong></span> <span class='ocrx_word' id='word_1_670' title='bbox 1283 1938 1344 1968; x_wconf 87' lang='lat' dir='ltr'><strong>post</strong></span> <span class='ocrx_word' id='word_1_671' title='bbox 1359 1942 1451 1962; x_wconf 86' lang='lat' dir='ltr'><strong>sacras</strong></span> <span class='ocrx_word' id='word_1_672' title='bbox 1477 1934 1633 1970; x_wconf 78' lang='lat' dir='ltr'><strong>Scriptnras</strong></span> 
     </span>
    </p>
   </div>
   <div class='ocr_carea' id='block_1_96' title="bbox 845 1974 1632 2020">
    <p class='ocr_par' dir='ltr' id='par_1_96' title="bbox 845 1974 1632 2020">
     <span class='ocr_line' id='line_1_96' title="bbox 845 1974 1632 2020; baseline 0.01 -19"><span class='ocrx_word' id='word_1_673' title='bbox 845 1974 929 2002; x_wconf 78' lang='lat' dir='ltr'><strong>fuisse</strong></span> <span class='ocrx_word' id='word_1_674' title='bbox 941 1975 968 2002; x_wconf 89' lang='lat' dir='ltr'><strong>in</strong></span> <span class='ocrx_word' id='word_1_675' title='bbox 985 1975 1107 2004; x_wconf 78' lang='lat' dir='ltr'><strong>Ecclesia</strong></span> <span class='ocrx_word' id='word_1_676' title='bbox 1121 1978 1302 2020; x_wconf 62' lang='lat' dir='ltr'><strong>antiquitatis:</strong></span> <span class='ocrx_word' id='word_1_677' title='bbox 1315 1978 1408 2015; x_wconf 89' lang='lat' dir='ltr'><strong>Neque</strong></span> <span class='ocrx_word' id='word_1_678' title='bbox 1428 1985 1518 2008; x_wconf 87' lang='lat' dir='ltr'><strong>tamen</strong></span> <span class='ocrx_word' id='word_1_679' title='bbox 1538 1981 1632 2009; x_wconf 74' lang='lat' dir='ltr'><strong>dicen-</strong></span> 
     </span>
    </p>
   </div>
   <div class='ocr_carea' id='block_1_97' title="bbox 844 2020 1632 2062">
    <p class='ocr_par' dir='ltr' id='par_1_97' title="bbox 844 2020 1632 2062">
     <span class='ocr_line' id='line_1_97' title="bbox 844 2020 1632 2062; baseline 0.01 -15"><span class='ocrx_word' id='word_1_680' title='bbox 844 2020 909 2048; x_wconf 88' lang='lat' dir='ltr'><strong>dum</strong></span> <span class='ocrx_word' id='word_1_681' title='bbox 923 2021 985 2049; x_wconf 88' lang='lat' dir='ltr'><strong>illos</strong></span> <span class='ocrx_word' id='word_1_682' title='bbox 1006 2022 1122 2057; x_wconf 89' lang='lat' dir='ltr'><strong>primam</strong></span> <span class='ocrx_word' id='word_1_683' title='bbox 1140 2022 1269 2051; x_wconf 73' lang='lat' dir='ltr'><strong>Ecclesia:</strong></span> <span class='ocrx_word' id='word_1_684' title='bbox 1283 2027 1500 2059; x_wconf 88' lang='lat' dir='ltr'><strong>persecutionem</strong></span> <span class='ocrx_word' id='word_1_685' title='bbox 1515 2035 1632 2062; x_wconf 72' lang='lat' dir='ltr'><strong>praeces-</strong></span> 
     </span>
    </p>
   </div>
   <div class='ocr_carea' id='block_1_98' title="bbox 843 2066 1632 2103">
    <p class='ocr_par' dir='ltr' id='par_1_98' title="bbox 843 2066 1632 2103">
     <span class='ocr_line' id='line_1_98' title="bbox 843 2066 1632 2103; baseline 0.008 -9"><span class='ocrx_word' id='word_1_686' title='bbox 843 2066 927 2101; x_wconf 84' lang='lat' dir='ltr'><strong>sisse,</strong></span> <span class='ocrx_word' id='word_1_687' title='bbox 946 2068 1166 2103; x_wconf 89' lang='lat' dir='ltr'><strong>quandoquidem</strong></span> <span class='ocrx_word' id='word_1_688' title='bbox 1191 2069 1219 2096; x_wconf 90' lang='lat' dir='ltr'><strong>in</strong></span> <span class='ocrx_word' id='word_1_689' title='bbox 1242 2071 1338 2098; x_wconf 85' lang='lat' dir='ltr'><strong>iisdem</strong></span> <span class='ocrx_word' id='word_1_690' title='bbox 1361 2071 1460 2099; x_wconf 84' lang='lat' dir='ltr'><strong>libris’</strong></span> <span class='ocrx_word' id='word_1_691' title='bbox 1476 2073 1505 2100; x_wconf 90' lang='lat' dir='ltr'><strong>lit</strong></span> <span class='ocrx_word' id='word_1_692' title='bbox 1528 2074 1632 2101; x_wconf 82' lang='lat' dir='ltr'><strong>mentio</strong></span> 
     </span>
    </p>
   </div>
   <div class='ocr_carea' id='block_1_99' title="bbox 843 2114 1630 2154">
    <p class='ocr_par' dir='ltr' id='par_1_99' title="bbox 843 2114 1630 2154">
     <span class='ocr_line' id='line_1_99' title="bbox 843 2114 1630 2154; baseline 0.008 -14"><span class='ocrx_word' id='word_1_693' title='bbox 843 2119 993 2149; x_wconf 88' lang='lat' dir='ltr'><strong>martyrum</strong></span> <span class='ocrx_word' id='word_1_694' title='bbox 1007 2114 1055 2149; x_wconf 88' lang='lat' dir='ltr'><strong>qui</strong></span> <span class='ocrx_word' id='word_1_695' title='bbox 1074 2114 1129 2149; x_wconf 87' lang='lat' dir='ltr'><strong>jam</strong></span> <span class='ocrx_word' id='word_1_696' title='bbox 1147 2117 1268 2150; x_wconf 80' lang='lat' dir='ltr'><strong>perpessi</strong></span> <span class='ocrx_word' id='word_1_697' title='bbox 1293 2116 1402 2145; x_wconf 78' lang='lat' dir='ltr'><strong>fuerant</strong></span> <span class='ocrx_word' id='word_1_698' title='bbox 1424 2118 1494 2152; x_wconf 81' lang='lat' dir='ltr'><strong>[eras</strong></span> <span class='ocrx_word' id='word_1_699' title='bbox 1515 2118 1630 2154; x_wconf 85' lang='lat' dir='ltr'><strong>bestias,</strong></span> 
     </span>
    </p>
   </div>
   <div class='ocr_carea' id='block_1_100' title="bbox 842 2159 1630 2201">
    <p class='ocr_par' dir='ltr' id='par_1_100' title="bbox 842 2159 1630 2201">
     <span class='ocr_line' id='line_1_100' title="bbox 842 2159 1630 2201; baseline 0.011 -16"><span class='ocrx_word' id='word_1_700' title='bbox 842 2159 959 2194; x_wconf 83' lang='lat' dir='ltr'><strong>ﬂagella,</strong></span> <span class='ocrx_word' id='word_1_701' title='bbox 973 2169 1100 2194; x_wconf 82' lang='lat' dir='ltr'><strong>carceres,</strong></span> <span class='ocrx_word' id='word_1_702' title='bbox 1119 2169 1218 2189; x_wconf 81' lang='lat' dir='ltr'><strong>cruces.</strong></span> <span class='ocrx_word' id='word_1_703' title='bbox 1230 2162 1265 2189; x_wconf 83' lang='lat' dir='ltr'><strong>At</strong></span> <span class='ocrx_word' id='word_1_704' title='bbox 1283 2171 1346 2191; x_wconf 86' lang='lat' dir='ltr'><strong>vero</strong></span> <span class='ocrx_word' id='word_1_705' title='bbox 1359 2171 1420 2191; x_wconf 91' lang='lat' dir='ltr'><strong>cum</strong></span> <span class='ocrx_word' id='word_1_706' title='bbox 1436 2165 1462 2191; x_wconf 91' lang='lat' dir='ltr'><strong>in</strong></span> <span class='ocrx_word' id='word_1_707' title='bbox 1474 2165 1509 2192; x_wconf 76' lang='lat' dir='ltr'><strong>iis</strong></span> <span class='ocrx_word' id='word_1_708' title='bbox 1521 2173 1630 2201; x_wconf 83' lang='lat' dir='ltr'><strong>quoque</strong></span> 
     </span>
    </p>
   </div>
   <div class='ocr_carea' id='block_1_101' title="bbox 840 2206 1630 2246">
    <p class='ocr_par' dir='ltr' id='par_1_101' title="bbox 840 2206 1630 2246">
     <span class='ocr_line' id='line_1_101' title="bbox 840 2206 1630 2246; baseline 0.008 -13"><span class='ocrx_word' id='word_1_709' title='bbox 840 2206 894 2233; x_wconf 82' lang='lat' dir='ltr'><strong>alia</strong></span> <span class='ocrx_word' id='word_1_710' title='bbox 907 2208 1070 2241; x_wconf 83' lang='lat' dir='ltr'><strong>persecutio,</strong></span> <span class='ocrx_word' id='word_1_711' title='bbox 1079 2215 1160 2242; x_wconf 84' lang='lat' dir='ltr'><strong>quam</strong></span> <span class='ocrx_word' id='word_1_712' title='bbox 1173 2209 1349 2243; x_wconf 81' lang='lat' dir='ltr'><strong>probabiliter</strong></span> <span class='ocrx_word' id='word_1_713' title='bbox 1361 2217 1420 2237; x_wconf 87' lang='lat' dir='ltr'><strong>eam</strong></span> <span class='ocrx_word' id='word_1_714' title='bbox 1434 2217 1630 2246; x_wconf 79' lang='lat' dir='ltr'><strong>esseputamus</strong></span> 
     </span>
    </p>
   </div>
   <div class='ocr_carea' id='block_1_102' title="bbox 839 2252 1628 2290">
    <p class='ocr_par' dir='ltr' id='par_1_102' title="bbox 839 2252 1628 2290">
     <span class='ocr_line' id='line_1_102' title="bbox 839 2252 1628 2290; baseline 0.009 -12"><span class='ocrx_word' id='word_1_715' title='bbox 839 2260 900 2287; x_wconf 67' lang='lat' dir='ltr'><strong>ipse</strong></span> <span class='ocrx_word' id='word_1_716' title='bbox 921 2260 936 2279; x_wconf 94' lang='lat' dir='ltr'><strong>a</strong></span> <span class='ocrx_word' id='word_1_717' title='bbox 959 2252 1114 2280; x_wconf 83' lang='lat' dir='ltr'><strong>Domitiano</strong></span> <span class='ocrx_word' id='word_1_718' title='bbox 1131 2261 1205 2281; x_wconf 90' lang='lat' dir='ltr'><strong>anno</strong></span> <span class='ocrx_word' id='word_1_719' title='bbox 1220 2254 1255 2281; x_wconf 75' lang='lat'><strong>92</strong></span> <span class='ocrx_word' id='word_1_720' title='bbox 1270 2256 1386 2283; x_wconf 84' lang='lat' dir='ltr'><strong>excitata</strong></span> <span class='ocrx_word' id='word_1_721' title='bbox 1403 2261 1459 2290; x_wconf 83' lang='lat' dir='ltr'><strong>est,</strong></span> <span class='ocrx_word' id='word_1_722' title='bbox 1482 2257 1628 2286; x_wconf 85' lang='lat' dir='ltr'><strong>imminens</strong></span> 
     </span>
    </p>
   </div>
   <div class='ocr_carea' id='block_1_103' title="bbox 838 2300 1627 2339">
    <p class='ocr_par' dir='ltr' id='par_1_103' title="bbox 838 2300 1627 2339">
     <span class='ocr_line' id='line_1_103' title="bbox 838 2300 1627 2339; baseline 0.008 -13"><span class='ocrx_word' id='word_1_723' title='bbox 838 2300 1033 2334; x_wconf 70' lang='lat' dir='ltr'><strong>praenuntietur</strong></span> <span class='ocrx_word' id='word_1_724' title='bbox 1044 2300 1075 2332; x_wconf 80' lang='lat'><strong>‘°,</strong></span> <span class='ocrx_word' id='word_1_725' title='bbox 1090 2300 1152 2328; x_wconf 87' lang='lat' dir='ltr'><strong>inde</strong></span> <span class='ocrx_word' id='word_1_726' title='bbox 1163 2308 1216 2328; x_wconf 89' lang='lat' dir='ltr'><strong>non</strong></span> <span class='ocrx_word' id='word_1_727' title='bbox 1232 2302 1351 2330; x_wconf 79' lang='lat' dir='ltr'><strong>absurde</strong></span> <span class='ocrx_word' id='word_1_728' title='bbox 1364 2303 1475 2338; x_wconf 69' lang='lat' dir='ltr'><strong>colligas</strong></span> <span class='ocrx_word' id='word_1_729' title='bbox 1490 2304 1541 2331; x_wconf 89' lang='lat' dir='ltr'><strong>hoc</strong></span> <span class='ocrx_word' id='word_1_730' title='bbox 1558 2312 1627 2339; x_wconf 83' lang='lat' dir='ltr'><strong>opus</strong></span> 
     </span>
    </p>
   </div>
   <div class='ocr_carea' id='block_1_104' title="bbox 837 2345 1626 2383">
    <p class='ocr_par' dir='ltr' id='par_1_104' title="bbox 837 2345 1626 2383">
     <span class='ocr_line' id='line_1_104' title="bbox 837 2345 1626 2383; baseline 0.006 -11"><span class='ocrx_word' id='word_1_731' title='bbox 837 2345 919 2380; x_wconf 86' lang='lat' dir='ltr'><strong>paulo</strong></span> <span class='ocrx_word' id='word_1_732' title='bbox 937 2351 999 2374; x_wconf 76' lang='lat' dir='ltr'><strong>ante</strong></span> <span class='ocrx_word' id='word_1_733' title='bbox 1013 2346 1084 2373; x_wconf 91' lang='lat' dir='ltr'><strong>hunc</strong></span> <span class='ocrx_word' id='word_1_734' title='bbox 1098 2354 1211 2379; x_wconf 89' lang='lat' dir='ltr'><strong>annum,</strong></span> <span class='ocrx_word' id='word_1_735' title='bbox 1225 2347 1429 2383; x_wconf 88' lang='lat' dir='ltr'><strong>Clementejam</strong></span> <span class='ocrx_word' id='word_1_736' title='bbox 1445 2349 1473 2376; x_wconf 89' lang='lat' dir='ltr'><strong>in</strong></span> <span class='ocrx_word' id='word_1_737' title='bbox 1487 2357 1626 2377; x_wconf 89' lang='lat' dir='ltr'><strong>summum</strong></span> 
     </span>
    </p>
   </div>
   <div class='ocr_carea' id='block_1_105' title="bbox 836 2393 1625 2429">
    <p class='ocr_par' dir='ltr' id='par_1_105' title="bbox 836 2393 1625 2429">
     <span class='ocr_line' id='line_1_105' title="bbox 836 2393 1625 2429; baseline 0.006 -10"><span class='ocrx_word' id='word_1_738' title='bbox 836 2393 991 2427; x_wconf 88' lang='lat' dir='ltr'><strong>pontiﬁcem</strong></span> <span class='ocrx_word' id='word_1_739' title='bbox 1006 2397 1165 2428; x_wconf 82' lang='lat' dir='ltr'><strong>assumpto,</strong></span> <span class='ocrx_word' id='word_1_740' title='bbox 1180 2393 1215 2421; x_wconf 88' lang='lat' dir='ltr'><strong>ab</strong></span> <span class='ocrx_word' id='word_1_741' title='bbox 1227 2393 1327 2422; x_wconf 82' lang='lat' dir='ltr'><strong>ilcrma</strong></span> <span class='ocrx_word' id='word_1_742' title='bbox 1341 2394 1449 2429; x_wconf 84' lang='lat' dir='ltr'><strong>scriptis</strong></span> <span class='ocrx_word' id='word_1_743' title='bbox 1466 2395 1552 2424; x_wconf 79' lang='lat' dir='ltr'><strong>fuisse</strong></span> <span class='ocrx_word' id='word_1_744' title='bbox 1567 2401 1625 2424; x_wconf 88' lang='lat' dir='ltr'><strong>tra-</strong></span> 
     </span>
    </p>
   </div>
   <div class='ocr_carea' id='block_1_106' title="bbox 834 2438 931 2466">
    <p class='ocr_par' dir='ltr' id='par_1_106' title="bbox 834 2438 931 2466">
     <span class='ocr_line' id='line_1_106' title="bbox 834 2438 931 2466; baseline 0.01 -1"><span class='ocrx_word' id='word_1_745' title='bbox 834 2438 931 2466; x_wconf 88' lang='lat' dir='ltr'><strong>ditum.</strong></span> 
     </span>
    </p>
   </div>
   <div class='ocr_carea' id='block_1_107' title="bbox 1104 2485 1355 2515">
    <p class='ocr_par' dir='ltr' id='par_1_107' title="bbox 1104 2485 1355 2515">
     <span class='ocr_line' id='line_1_107' title="bbox 1104 2485 1355 2515; baseline 0.012 -3"><span class='ocrx_word' id='word_1_746' title='bbox 1104 2485 1302 2514; x_wconf 79' lang='lat' dir='ltr'><strong>ARTICULUS</strong></span> <span class='ocrx_word' id='word_1_747' title='bbox 1323 2485 1355 2515; x_wconf 83' lang='lat' dir='ltr'><strong>V.</strong></span> 
     </span>
    </p>
   </div>
   <div class='ocr_carea' id='block_1_108' title="bbox 922 2529 1533 2568">
    <p class='ocr_par' dir='ltr' id='par_1_108' title="bbox 922 2529 1533 2568">
     <span class='ocr_line' id='line_1_108' title="bbox 922 2529 1533 2568; baseline 0.007 -11"><span class='ocrx_word' id='word_1_748' title='bbox 922 2529 995 2557; x_wconf 83' lang='lat' dir='ltr'><strong>Num</strong></span> <span class='ocrx_word' id='word_1_749' title='bbox 1011 2531 1037 2558; x_wconf 78' lang='lat' dir='ltr'><strong>lii</strong></span> <span class='ocrx_word' id='word_1_750' title='bbox 1052 2531 1115 2558; x_wconf 82' lang='lat' dir='ltr'><strong>libri</strong></span> <span class='ocrx_word' id='word_1_751' title='bbox 1132 2531 1220 2558; x_wconf 71' lang='lat' dir='ltr'><strong>Graece</strong></span> <span class='ocrx_word' id='word_1_752' title='bbox 1234 2533 1349 2567; x_wconf 83' lang='lat' dir='ltr'><strong>primum</strong></span> <span class='ocrx_word' id='word_1_753' title='bbox 1363 2534 1456 2568; x_wconf 81' lang='lat' dir='ltr'><strong>scripti</strong></span> <span class='ocrx_word' id='word_1_754' title='bbox 1470 2535 1533 2562; x_wconf 87' lang='lat' dir='ltr'><strong>sint.</strong></span> 
     </span>
    </p>
   </div>
   <div class='ocr_carea' id='block_1_109' title="bbox 869 2574 1621 2612">
    <p class='ocr_par' dir='ltr' id='par_1_109' title="bbox 869 2574 1621 2612">
     <span class='ocr_line' id='line_1_109' title="bbox 869 2574 1621 2612; baseline 0.009 -10"><span class='ocrx_word' id='word_1_755' title='bbox 869 2574 924 2603; x_wconf 89' lang='lat' dir='ltr'><strong>Hos</strong></span> <span class='ocrx_word' id='word_1_756' title='bbox 944 2576 1068 2603; x_wconf 84' lang='lat' dir='ltr'><strong>Pastoris</strong></span> <span class='ocrx_word' id='word_1_757' title='bbox 1089 2577 1174 2605; x_wconf 88' lang='lat' dir='ltr'><strong>libros</strong></span> <span class='ocrx_word' id='word_1_758' title='bbox 1189 2586 1204 2606; x_wconf 91' lang='lat' dir='ltr'><strong>a</strong></span> <span class='ocrx_word' id='word_1_759' title='bbox 1223 2578 1318 2606; x_wconf 60' lang='lat' dir='ltr'><strong>Graeco</strong></span> <span class='ocrx_word' id='word_1_760' title='bbox 1338 2584 1466 2612; x_wconf 84' lang='lat' dir='ltr'><strong>auctore,</strong></span> <span class='ocrx_word' id='word_1_761' title='bbox 1482 2585 1509 2608; x_wconf 88' lang='lat' dir='ltr'><strong>et</strong></span> <span class='ocrx_word' id='word_1_762' title='bbox 1528 2580 1621 2609; x_wconf 74' lang='lat' dir='ltr'><strong>Grzece</strong></span> 
     </span>
    </p>
   </div>
   <div class='ocr_carea' id='block_1_110' title="bbox 831 2623 1618 2663">
    <p class='ocr_par' dir='ltr' id='par_1_110' title="bbox 831 2623 1618 2663">
     <span class='ocr_line' id='line_1_110' title="bbox 831 2623 1618 2663; baseline 0.009 -13"><span class='ocrx_word' id='word_1_763' title='bbox 831 2623 919 2658; x_wconf 87' lang='lat' dir='ltr'><strong>primo</strong></span> <span class='ocrx_word' id='word_1_764' title='bbox 928 2624 1092 2658; x_wconf 85' lang='lat' dir='ltr'><strong>compositos</strong></span> <span class='ocrx_word' id='word_1_765' title='bbox 1103 2624 1116 2651; x_wconf 87' lang='lat' dir='ltr'><strong>l&#39;</strong></span> <span class='ocrx_word' id='word_1_766' title='bbox 1116 2625 1198 2658; x_wconf 84' lang='lat' dir='ltr'><strong>uisse,</strong></span> <span class='ocrx_word' id='word_1_767' title='bbox 1214 2625 1249 2652; x_wconf 87' lang='lat' dir='ltr'><strong>ita</strong></span> <span class='ocrx_word' id='word_1_768' title='bbox 1266 2634 1314 2661; x_wconf 83' lang='lat' dir='ltr'><strong>pro</strong></span> <span class='ocrx_word' id='word_1_769' title='bbox 1325 2633 1400 2654; x_wconf 66' lang='lat' dir='ltr'><strong>cerui</strong></span> <span class='ocrx_word' id='word_1_770' title='bbox 1410 2635 1504 2656; x_wconf 84' lang='lat' dir='ltr'><strong>omnes</strong></span> <span class='ocrx_word' id='word_1_771' title='bbox 1518 2636 1618 2663; x_wconf 79' lang='lat' dir='ltr'><strong>posue-</strong></span> 
     </span>
    </p>
   </div>
   <div class='ocr_carea' id='block_1_111' title="bbox 833 2671 1619 2706">
    <p class='ocr_par' dir='ltr' id='par_1_111' title="bbox 833 2671 1619 2706">
     <span class='ocr_line' id='line_1_111' title="bbox 833 2671 1619 2706; baseline 0.009 -10"><span class='ocrx_word' id='word_1_772' title='bbox 833 2676 906 2703; x_wconf 77' lang='lat' dir='ltr'><strong>runt,</strong></span> <span class='ocrx_word' id='word_1_773' title='bbox 921 2675 950 2697; x_wconf 89' lang='lat' dir='ltr'><strong>ut</strong></span> <span class='ocrx_word' id='word_1_774' title='bbox 964 2671 1055 2700; x_wconf 86' lang='lat' dir='ltr'><strong>nullus</strong></span> <span class='ocrx_word' id='word_1_775' title='bbox 1069 2679 1187 2706; x_wconf 85' lang='lat' dir='ltr'><strong>unquam</strong></span> <span class='ocrx_word' id='word_1_776' title='bbox 1203 2671 1229 2699; x_wconf 88' lang='lat' dir='ltr'><strong>id</strong></span> <span class='ocrx_word' id='word_1_777' title='bbox 1240 2672 1266 2699; x_wconf 92' lang='lat' dir='ltr'><strong>in</strong></span> <span class='ocrx_word' id='word_1_778' title='bbox 1279 2673 1493 2702; x_wconf 71' lang='lat' dir='ltr'><strong>controversiam</strong></span> <span class='ocrx_word' id='word_1_779' title='bbox 1506 2682 1619 2704; x_wconf 82' lang='lat' dir='ltr'><strong>vocasse</strong></span> 
     </span>
    </p>
   </div>
   <div class='ocr_carea' id='block_1_112' title="bbox 43 2789 1614 2832">
    <p class='ocr_par' dir='ltr' id='par_1_112' title="bbox 43 2789 1614 2832">
     <span class='ocr_line' id='line_1_112' title="bbox 43 2789 1614 2832; baseline 0.004 -13"><span class='ocrx_word' id='word_1_780' title='bbox 43 2789 112 2832; x_wconf 54' lang='grc' dir='ltr'><strong>τρι).</strong></span> <span class='ocrx_word' id='word_1_781' title='bbox 125 2800 177 2824; x_wconf 74' lang='grc' dir='ltr'><strong>ινι,</strong></span> <span class='ocrx_word' id='word_1_782' title='bbox 193 2802 219 2821; x_wconf 86' lang='lat' dir='ltr'><strong>v.</strong></span> <span class='ocrx_word' id='word_1_783' title='bbox 234 2794 278 2832; x_wconf 62' lang='grc' dir='ltr'><strong>μ.</strong></span> <span class='ocrx_word' id='word_1_784' title='bbox 305 2794 382 2832; x_wconf 60' lang='grc' dir='ltr'><strong>ξω».</strong></span> <span class='ocrx_word' id='word_1_785' title='bbox 395 2803 423 2822; x_wconf 88' lang='lat' dir='ltr'><strong>llt</strong></span> <span class='ocrx_word' id='word_1_786' title='bbox 438 2795 554 2832; x_wconf 70' lang='lat' dir='ltr'><strong>&quot;istan,</strong></span> <span class='ocrx_word' id='word_1_787' title='bbox 565 2804 625 2831; x_wconf 89' lang='lat' dir='ltr'><strong>cap.</strong></span> <span class='ocrx_word' id='word_1_788' title='bbox 638 2798 664 2824; x_wconf 77' lang='lat'><strong>3.</strong></span> <span class='ocrx_word' id='word_1_789' title='bbox 692 2797 702 2812; x_wconf 82' lang='grc'><strong>⁸</strong></span> <span class='ocrx_word' id='word_1_790' title='bbox 713 2797 748 2824; x_wconf 82' lang='lat' dir='ltr'><strong>De</strong></span> <span class='ocrx_word' id='word_1_791' title='bbox 760 2798 883 2832; x_wconf 80' lang='lat' dir='ltr'><strong>scriptor.</strong></span> <span class='ocrx_word' id='word_1_792' title='bbox 899 2798 1043 2827; x_wconf 80' lang='lat' dir='ltr'><strong>ecclesiast.</strong></span> <span class='ocrx_word' id='word_1_793' title='bbox 1078 2797 1242 2826; x_wconf 82' lang='lat' dir='ltr'><strong>&#39;Camment.</strong></span> <span class='ocrx_word' id='word_1_794' title='bbox 1261 2799 1286 2826; x_wconf 79' lang='lat' dir='ltr'><strong>in</strong></span> <span class='ocrx_word' id='word_1_795' title='bbox 1301 2798 1386 2832; x_wconf 84' lang='lat' dir='ltr'><strong>Epist.</strong></span> <span class='ocrx_word' id='word_1_796' title='bbox 1404 2798 1495 2827; x_wconf 87' lang='lat' dir='ltr'><strong>Pauli.</strong></span> <span class='ocrx_word' id='word_1_797' title='bbox 1535 2799 1614 2826; x_wconf 70' lang='lat' dir='ltr'><strong>“Lib.</strong></span> 
     </span>
    </p>
   </div>
   <div class='ocr_carea' id='block_1_113' title="bbox 21 2823 752 2864">
    <p class='ocr_par' dir='ltr' id='par_1_113' title="bbox 21 2823 752 2864">
     <span class='ocr_line' id='line_1_113' title="bbox 21 2823 752 2864; baseline 0.015 -15"><span class='ocrx_word' id='word_1_798' title='bbox 21 2828 34 2849; x_wconf 82' lang='grc' dir='ltr'>ιι</span> <span class='ocrx_word' id='word_1_799' title='bbox 46 2823 146 2860; x_wconf 70' lang='lat' dir='ltr'><strong>Bitian,</strong></span> <span class='ocrx_word' id='word_1_800' title='bbox 156 2836 215 2863; x_wconf 86' lang='lat' dir='ltr'><strong>cap.</strong></span> <span class='ocrx_word' id='word_1_801' title='bbox 227 2830 271 2857; x_wconf 71' lang='lat' dir='ltr'><strong>Mi.</strong></span> <span class='ocrx_word' id='word_1_802' title='bbox 311 2830 374 2862; x_wconf 53' lang='lat' dir='ltr'><strong>llib.</strong></span> <span class='ocrx_word' id='word_1_803' title='bbox 390 2838 416 2858; x_wconf 84' lang='lat' dir='ltr'><strong>IV</strong></span> <span class='ocrx_word' id='word_1_804' title='bbox 430 2831 525 2858; x_wconf 76' lang='lat' dir='ltr'><strong>Adrcr.</strong></span> <span class='ocrx_word' id='word_1_805' title='bbox 540 2823 646 2864; x_wconf 56' lang='lat' dir='ltr'><strong>barba,</strong></span> <span class='ocrx_word' id='word_1_806' title='bbox 667 2841 690 2861; x_wconf 77' lang='grc' dir='ltr'><strong>ρ.</strong></span> <span class='ocrx_word' id='word_1_807' title='bbox 709 2823 752 2860; x_wconf 73' lang='lat'><strong>37.</strong></span> 
     </span>
    </p>
   </div>
   <div class='ocr_carea' id='block_1_114' title="bbox 791 2833 1613 2870">
    <p class='ocr_par' dir='ltr' id='par_1_114' title="bbox 791 2833 1613 2870">
     <span class='ocr_line' id='line_1_114' title="bbox 791 2833 1613 2870; baseline 0.002 -10"><span class='ocrx_word' id='word_1_808' title='bbox 791 2833 856 2862; x_wconf 81' lang='lat' dir='ltr'><strong>&#39;lib.</strong></span> <span class='ocrx_word' id='word_1_809' title='bbox 870 2842 885 2862; x_wconf 70' lang='grc' dir='ltr'><strong>ν</strong></span> <span class='ocrx_word' id='word_1_810' title='bbox 900 2833 1015 2867; x_wconf 83' lang='lat' dir='ltr'><strong>ilislor.,</strong></span> <span class='ocrx_word' id='word_1_811' title='bbox 1032 2842 1090 2869; x_wconf 82' lang='lat' dir='ltr'><strong>cap.</strong></span> <span class='ocrx_word' id='word_1_812' title='bbox 1101 2834 1127 2860; x_wconf 80' lang='grc'>8.</span> <span class='ocrx_word' id='word_1_813' title='bbox 1164 2835 1230 2862; x_wconf 85' lang='lat' dir='ltr'><strong>’lib.</strong></span> <span class='ocrx_word' id='word_1_814' title='bbox 1249 2843 1267 2870; x_wconf 80' lang='grc' dir='ltr'><strong>ι,</strong></span> <span class='ocrx_word' id='word_1_815' title='bbox 1281 2836 1332 2863; x_wconf 79' lang='lat' dir='ltr'><strong>vis.</strong></span> <span class='ocrx_word' id='word_1_816' title='bbox 1349 2836 1374 2862; x_wconf 76' lang='grc'><strong>5.</strong></span> <span class='ocrx_word' id='word_1_817' title='bbox 1414 2836 1435 2852; x_wconf 74' lang='grc' dir='ltr'><strong><em>ὀ</em></strong></span> <span class='ocrx_word' id='word_1_818' title='bbox 1449 2835 1499 2864; x_wconf 73' lang='lat' dir='ltr'><strong>vis.</strong></span> <span class='ocrx_word' id='word_1_819' title='bbox 1510 2836 1529 2862; x_wconf 72' lang='lat'><strong>2</strong></span> <span class='ocrx_word' id='word_1_820' title='bbox 1541 2841 1569 2862; x_wconf 85' lang='lat' dir='ltr'><strong>et</strong></span> <span class='ocrx_word' id='word_1_821' title='bbox 1586 2835 1613 2862; x_wconf 74' lang='grc'><strong>5.</strong></span> 
     </span>
    </p>
   </div>
  </div>
