1920 3104
243 101 296 130 859

937 94 967 122 S.
988 94 1140 122 llERMAS.

1830 95 1876 123 8“

244 160 380 187 videatur.
405 157 444 186 Ea
467 161 559 185 tamen
583 163 650 184 cura
674 163 728 191 qua
751 155 836 183 libros
861 154 1033 182 bibliothecae
1048 156 1070 184 Α
1085 169 1170 198 pum,
1192 170 1243 190 nec
1262 162 1324 198 su.“
1345 162 1537 198 elegantioris;
1565 160 1614 189 sed
1635 159 1768 187 Barthius
1791 159 1879 194 plum

245 210 347 234 nostra:
359 203 558 233 examinandos
571 202 758 238 suscepimus,
774 210 828 229 non
845 201 910 229 sinit
924 206 953 228 ut
968 200 1035 228 illud

247 253 320 281 idem
331 252 443 280 omnino
452 251 585 278 intactum
595 249 793 284 relinquamus.
802 247 971 283 Praecipuum
985 247 1037 274 ita-

247 306 302 335 que
324 305 379 334 quo
408 297 435 324 id
456 296 599 332 probetur,
621 299 811 330 argumentum
833 302 867 322 ex
881 294 924 322 his
942 293 1038 321 Hiero-

247 345 323 382 nymi
344 344 450 372 eruitur
469 341 590 370 verbis“
607 350 614 368 :
635 340 731 373 Multi,
751 339 856 375 inquit,
873 339 1039 374 Scriptorum

248 396 362 418 veterum
386 389 419 416 de
443 397 473 416 eo
500 391 693 423 usurpaverant
717 386 884 418 testimonia,
900 386 945 412 sed
968 385 1039 420 apud

249 437 359 465 Latinos
372 444 435 471 pene
443 436 548 470 ignotus
560 439 609 462 est.
619 433 724 461 Deinde
735 431 866 467 Origenes
877 433 904 459 in
918 432 1038 467 publico,

249 490 331 518 quem
353 481 424 517 apud
444 481 537 508 ﬁdeles
556 479 729 507 Christianos
752 478 887 510 habebat,
914 484 1041 505 sermone

250 536 335 557 unum
345 527 455 563 aliquod
467 535 501 554 ex
517 527 560 554 his
572 526 649 553 libris
661 524 910 558 testimonium,sed
922 528 1042 551 tantum-

249 576 332 604 modo
344 574 528 606 dimidiatum,
545 572 651 608 profert
663 572 695 605 ¹²,
709 571 850 599 auditores
864 571 896 598 ad
909 574 1042 605 ipsosmet

249 623 351 654 libros,
372 621 445 649 haud
469 620 552 648 dubie
573 618 702 651 Graecos,
725 617 770 645 ubi
797 617 902 652 reliqua
923 617 1044 652 legerent

251 669 360 696 mittere
379 670 544 695 contentus:
564 665 681 692 Potestis
701 664 808 699 quippe,
823 663 964 698 inquiebat
986 663 1042 696 ille,

249 711 334 747 legere
347 711 371 738 si
386 710 475 738 vultis.
490 709 613 744 Denique
638 709 689 736 hoc
710 715 779 743 opus
802 708 890 735 multo
906 708 1005 743 saepius
1028 715 1044 735 a

251 757 353 786 Graecis
369 756 498 784 Patribus
513 763 595 791 quam
617 763 633 782 a
656 754 762 782 Latinis
784 754 926 782 laudatum
944 758 996 782 est.
1010 754 1046 781 At

252 811 350 837 nemo,
365 802 405 830 uti
421 802 530 838 opinor,
552 802 652 829 librum
679 800 786 829 Latinis
811 808 881 836 pene
901 801 1025 836 ignotum
1038 830 1046 842 ,

251 849 353 878 Griecis
368 857 432 877 vero
445 856 499 876 non
512 847 601 876 doctis
618 851 736 880 tantum,
748 847 795 874 sed
811 847 967 882 quibusque
979 854 1043 882 pas-

251 896 302 924 sim
327 895 502 923 notissimum
525 898 553 921 et
583 892 814 926 usitatissimum,
838 892 931 920 Graece
953 892 1043 927 primo

252 942 382 977 scriptum
399 940 485 968 fuisse
498 939 675 967 inﬁciabitur.

286 1009 423 1037 Nonnulla
442 1013 533 1036 tamen
549 1012 645 1036 contra
668 1008 725 1035 htec
743 1007 847 1040 omnia,
863 1007 1045 1042 quantumvis

251 1055 339 1084 valida
362 1055 417 1083 sint
442 1057 613 1089 argumenta,
637 1052 738 1088 opponi
754 1053 848 1088 utique
864 1058 989 1088 possunt.
1013 1051 1046 1080 Et

251 1102 340 1138 primo
365 1100 475 1136 quidem
489 1120 496 1133 ,
519 1099 612 1127 omnia
634 1098 742 1126 Hermae
756 1099 832 1132 visa,
858 1107 915 1126 uno
939 1103 1046 1126 tantum

251 1151 384 1182 excepto,
403 1145 497 1173 Romae
507 1145 549 1172 vel
570 1145 597 1172 in
620 1145 718 1173 vicinis
734 1145 858 1179 ejusdem
880 1145 957 1173 urbis
979 1145 1048 1172 locis

252 1192 316 1220 data
330 1195 488 1219 narrantur.
510 1186 613 1219 Deinde
628 1199 693 1218 vero
709 1190 824 1217 Hermas
837 1190 870 1217 de
881 1190 988 1225 jejunio
1009 1191 1050 1218 sic

253 1238 375 1273 loquitur
401 1237 422 1254 ⁸³
455 1246 462 1265 :
497 1236 577 1264 Video
601 1235 787 1264 Pastorem...
810 1237 939 1263 dicentem
958 1236 1050 1263 mihi:

255 1283 326 1315 Quid
347 1288 402 1310 tam
422 1291 498 1310 mane
519 1282 569 1309 huc
589 1282 703 1310 venisti?
723 1282 857 1317 Respondi
875 1289 884 1309 :
903 1281 1049 1315 Quoniam,

254 1330 370 1363 domine,
389 1330 530 1357 stationem
547 1329 641 1357 ltabeo.
659 1329 730 1362 Quid
751 1334 806 1362 est,
829 1330 927 1364 inquit,
946 1331 1027 1357 statio
1039 1331 1052 1358 ?

256 1376 292 1404 Et
308 1377 366 1403 dixi
389 1384 398 1402 :
420 1376 569 1412 Jejunium.
595 1375 632 1403 At
652 1380 727 1403 certe
750 1375 812 1411 quis
827 1375 940 1403 Graccus
955 1381 1052 1403 auctor

256 1425 293 1453 ita
315 1432 437 1459 unquam
457 1425 565 1452 locutus
580 1429 623 1452 est
643 1433 650 1452 :
669 1423 758 1452 Statio
774 1429 813 1451 est
828 1424 980 1460 jejunium?
1000 1425 1050 1454 llic

256 1471 379 1507 profecto
400 1471 529 1506 loquendi
550 1470 649 1498 modus
669 1478 724 1498 non
740 1470 854 1504 Gratcis,
874 1471 920 1498 sed
944 1471 1049 1498 Latinis

256 1501 387 1553 proprius
401 1501 602 1552 peculiarisque
617 1521 672 1549 est,
694 1517 732 1544 uti
748 1501 853 1551 liquido
868 1517 1004 1553 colligitur
1015 1525 1047 1545 ex
1063 1501 1084 1528 δ’

256 1565 428 1593 'l'ertulliano
441 1564 556 1600 aliisque
573 1573 642 1599 quos
658 1565 684 1591 in
697 1564 851 1592 doctissimi
863 1564 958 1600 Cangii
974 1564 1050 1592 Glos-

257 1609 332 1637 sario
348 1609 382 1636 ad
397 1609 510 1636 verbum
531 1608 619 1636 Statio
631 1609 729 1637 citatos
748 1609 886 1644 rcpcries.-
897 1609 984 1637 Porro
997 1618 1048 1637 au-

257 1661 312 1686 tem
325 1655 436 1682 minime
450 1661 499 1681 nos
509 1654 572 1681 latet
587 1653 621 1681 ad
633 1658 778 1690 utramque
789 1655 922 1683 rationem
937 1663 1052 1690 respon-

257 1702 316 1731 deri
343 1708 433 1736 posse,
459 1704 487 1727 et
510 1699 544 1727 ad
571 1700 688 1735 primam
712 1700 833 1735 quidem,
857 1700 919 1728 ideo
934 1700 1049 1728 Romam

258 1748 366 1782 aliaque
390 1746 481 1774 vicina
502 1745 562 1772 loca
590 1745 642 1772 hoc
669 1744 696 1771 in
721 1745 792 1772 libro
808 1745 967 1779 memorari,
985 1747 1049 1781 quia

258 1796 355 1823 civitas
372 1797 432 1821 erat
452 1792 536 1820 totius
559 1791 634 1818 orbis
654 1795 744 1826 caput,
767 1796 849 1827 atque
869 1792 940 1827 apud
954 1800 1050 1820 omnes

259 1839 485 1870 celebratissima.
512 1837 553 1865 Ad
578 1837 726 1865 secundam
753 1846 830 1870 vero,
848 1838 984 1873 objeetmn
1008 1838 1049 1865 lo-

259 1886 360 1922 quendi
375 1885 486 1912 modum
502 1883 589 1911 solius
607 1890 667 1911 esse
688 1883 854 1919 interpretis,
868 1884 914 1919 qui
930 1885 1050 1912 auctoris

259 1932 348 1961 (ἓνωεὶ
361 1932 443 1960 verba
457 1931 579 1959 liberiori
595 1930 756 1965 paraphrasi
778 1930 908 1957 audacius
929 1931 1051 1958 vertendi

261 1979 312 2007 sibi
326 1978 372 2013 jus
391 1977 539 2012 arrogavit.
562 1977 603 2004 An
621 1980 713 2003 autem
733 1976 773 2003 ha:
786 1976 978 2011 responsiones
989 1983 1052 2002 om-

261 2025 342 2053 nibus
357 2024 456 2052 I‘aciant
468 2023 545 2055 satis,
561 2022 678 2049 aliorum
692 2026 753 2049 esto
765 2021 911 2056 judicium.

528 2088 728 2117 ARTICULUS
743 2087 786 2115 Vl.

263 2138 338 2166 Num
352 2139 435 2165 versio
454 2137 551 2164 Latina
562 2137 600 2176 sit
613 2137 739 2167 barbara,
757 2139 783 2162 et
795 2134 956 2162 Anastasius
978 2133 1053 2161 illius

577 2176 612 2198 ul
628 2176 731 2197 auctor.

298 2221 367 2248 Cum
382 2219 435 2246 hoc
443 2226 512 2253 opus
523 2217 615 2245 Graece
631 2217 764 2251 scriptum
777 2215 896 2250 perierit,
910 2216 944 2243 de
958 2219 1052 2242 aucto-

263 2267 303 2295 ris
328 2266 404 2293 illius
429 2263 500 2300 stle
523 2263 665 2291 dicendive
686 2263 844 2289 charactere
864 2261 933 2288 nihil
954 2261 1020 2288 certi
1037 2268 1052 2287 a

264 2313 346 2341 nobis
361 2311 442 2339 statui
458 2314 557 2345 potest.
573 2308 610 2336 De
623 2308 682 2343 ejus
703 2312 793 2335 autem
809 2307 905 2334 Latina
918 2307 1052 2341 interpre-

264 2357 367 2386 tatione
394 2364 449 2383 non
475 2362 624 2391 possumus
648 2353 760 2380 Barthio
785 2353 894 2388 penitus
913 2352 1052 2385 assentiri,

264 2404 312 2440 qui
325 2402 414 2438 primo
428 2401 467 2428 ait
483 2408 542 2428 eam
558 2404 588 2427 ut
601 2403 664 2434 pote
680 2399 787 2425 mistam
802 2398 984 2430 barbarismis,
1006 2398 1053 2424 ha-

265 2449 358 2477 buisse
378 2445 587 2474 semibarbarum
612 2444 806 2471 translatorem.
829 2443 1029 2478 Secundoquod
1045 2465 1052 2476 ,

266 2495 331 2522 mihi
345 2495 368 2522 si
389 2501 488 2526 censio,
507 2492 589 2520 verba
607 2491 666 2526 ejus
681 2495 756 2524 sunt,
776 2491 864 2522 detur,
880 2490 1054 2516 Anastasium

267 2541 504 2570 Bibliot/terarium
515 2539 594 2574 hujus
610 2536 794 2565 translationis
809 2541 942 2562 auctorem
954 2536 1052 2567 diram,

267 2588 343 2623 cujus
367 2592 472 2615 exstant
496 2586 565 2613 clam
593 2584 732 2619 palamque
752 2581 846 2609 similis
869 2581 1008 2608 industria:
1029 2586 1052 2608 et

267 2634 418 2669 s:riptionis
429 2638 597 2659 monumenta
608 2630 640 2657 ιδ.

301 2680 439 2713 Quanium
453 2678 526 2706 enim
540 2677 573 2704 ad
586 2677 716 2711 primum,
729 2682 783 2701 non
796 2673 940 2701 diﬁitcmur
955 2673 1051 2699 horum

268 2725 472 2754 translationem
487 2724 620 2752 librorum
633 2730 687 2749 non
701 2729 761 2749 esse
773 2719 929 2747 Latinitatis
943 2720 1054 2746 omnino

658 2783 678 2798 ¹²
690 2782 762 2809 hom.
780 2781 823 2810 l5,
837 2781 864 2806 in
877 2779 1007 2806 Ezechiel.

305 2786 326 2801 “
338 2785 373 2812 De
388 2785 509 2819 scriptor.
526 2782 617 2810 eules.
658 2783 678 2798 ¹²
690 2782 762 2809 hom.

308 2820 427 2842 κτηηείι.
444 2821 471 2842 in
485 2818 575 2842 Sumb.
588 2822 673 2842 (ων-τι.
714 2816 779 2842 “lib

753 2823 789 2843 il].
805 2823 835 2842 ll.

268 2818 289 2835 ’³
308 2820 427 2855 Επροδίι.
444 2821 471 2846 in
485 2818 575 2854 Symb.
588 2822 673 2853 apost.

1066 2779 1175 2807 “simil.
1192 2778 1218 2805 5.

1086 207 1221 235 dictiones
1245 207 1316 234 inter
1337 207 1525 235 barbarismos
1548 210 1683 238 recenset,
1713 212 1788 239 quas
1813 204 1880 238 aput:

1087 254 1234 289 scriptores
1256 253 1393 288 politioris
1421 253 1563 288 elegantiae
1591 251 1712 286 reperire
1729 254 1785 277 est.
1806 249 1883 282 Quod

1087 307 1154 327 vero
1172 299 1207 327 ad
1222 299 1372 327 secundum
1391 303 1505 334 spectat,
1521 299 1584 326 inde
1601 297 1663 325 falsi
1679 296 1725 324 ille
1741 295 1882 323 cnnvinci-

1088 350 1144 380 tur,
1169 346 1243 381 quod
1265 346 1346 382 longe
1368 345 1492 381 pluribus
1507 350 1569 372 ante
1584 342 1765 371 Anastasium
1778 341 1885 369 sti-culis

1089 392 1215 428 quaedam
1228 392 1311 427 hujus
1325 391 1429 419 Latium
1441 390 1676 426 interpretationis
1687 389 1786 420 verba,
1795 388 1885 422 qualia

1090 440 1117 466 in
1129 447 1160 466 ea
1177 439 1236 474 ipsa
1257 438 1404 470 habentur,
1424 445 1439 465 a
1455 436 1624 464 Tertulliano
1637 435 1808 469 transcripta
1825 434 1887 468 legi-

1089 491 1162 512 mus.
1182 483 1276 519 Neque
1294 483 1396 511 dixeris
1412 483 1485 510 hunc
1499 482 1611 514 librum,
1628 485 1659 508 ut
1672 487 1759 515 supra
1779 479 1886 506 monui-

1091 538 1164 564 mus,
1191 535 1316 565 tempore
1331 529 1493 564 Hieronymi
1519 528 1642 563 ignotum
1663 526 1752 553 fuisse
1771 524 1886 556 Latinis,

1092 577 1174 612 idque
1200 581 1362 611 argumento
1386 583 1446 603 esse
1471 574 1546 602 illum
1568 573 1692 600 nondum
1711 576 1780 598 tunc
1795 570 1887 597 Latine

1093 625 1239 653 redditum.
1255 624 1322 652 Nam
1340 623 1426 652 futilis
1441 628 1467 651 et
1481 630 1550 650 vana
1562 625 1604 649 est
1620 621 1680 648 hate
1700 618 1886 648 ratiocinatio,

1094 671 1316 708 quandoquidem
1336 671 1380 698 hic
1404 670 1473 698 liber
1495 677 1550 696 non
1572 673 1679 695 tantum
1706 664 1887 695 Tertulliano,

1095 719 1142 753 qui
1164 717 1330 753 llieronymo
1348 716 1486 751 antiquior
1498 719 1540 742 est
1551 735 1558 748 ,
1574 713 1741 741 notissimus
1757 710 1829 742 fuit;
1847 716 1887 735 re-

1095 772 1158 792 rum
1182 765 1264 791 etiam
1281 763 1380 791 Ruﬁno
1400 767 1428 790 et
1445 762 1590 793 Cassiano,
1613 759 1703 787 eidem
1723 757 1888 791 Hieronymo

1099 810 1198 838 coaevis
1209 814 1236 837 et
1246 809 1421 844 supparibus,
1436 809 1483 844 qui
1496 808 1569 835 hunc
1582 806 1682 834 librum
1696 803 1798 840 procul
1812 802 1889 829 dubio

1098 856 1195 884 Latine
1209 856 1415 892 interpretatum
1427 854 1561 882 viderunt.

1355 908 1554 938 ARTICULUS
1569 907 1627 936 νυ.

1302 958 1374 986 Nunt
1385 959 1418 984 sit
1431 962 1535 984 tantum
1549 955 1672 990 epitome.

1133 1005 1257 1034 Tertium
1275 1005 1351 1033 addit
1362 1003 1501 1036 Barthius,
1515 1001 1622 1030 caeteris
1636 1006 1769 1036 peraeque
1780 997 1888 1028 falsum,

1096 1053 1202 1081 scilicet
1225 1053 1276 1080 hoa
1302 1052 1389 1079 libros
1410 1050 1507 1077 Latine
1525 1048 1646 1076 redditos
1667 1045 1821 1081 quamdam
1836 1048 1888 1070 tan-

1098 1099 1241 1128 tummodo
1253 1106 1315 1127 esse
1326 1098 1416 1126 Graeci
1433 1101 1524 1124 textus
1536 1095 1685 1130 epitomen,
1699 1093 1728 1120 in
1741 1099 1798 1127 qua
1812 1091 1888 1118 inter-

1098 1154 1162 1181 pres
1179 1146 1265 1173 multa
1279 1144 1400 1172 auctoris
1413 1142 1500 1170 Graeci
1512 1141 1594 1169 verba
1610 1140 1702 1168 sciens
1714 1137 1888 1173 prudensquc

1099 1192 1316 1228 praatermiserit.
1338 1189 1417 1218 Unde
1440 1189 1513 1217 enim
1536 1187 1563 1215 id
1586 1185 1715 1221 probabit
1743 1181 1889 1210 Barthius?

1099 1238 1229 1273 Nunquid
1253 1245 1309 1273 prae
1340 1236 1468 1264 manibus
1493 1233 1589 1261 habuit
1619 1232 1748 1259 Graecum
1780 1228 1889 1263 hujusce

1099 1284 1190 1320 operis
1200 1283 1350 1318 exemplar,
1365 1288 1483 1317 quocum
1495 1279 1620 1306 Latinam
1637 1274 1888 1310 interpretationem

1100 1328 1433 1365 composuerit‘lminime
1453 1326 1586 1362 gentium.
1607 1324 1709 1351 Contra
1735 1327 1805 1348 vero
1827 1319 1890 1346 intc-

1101 1363 1179 1412 grum
1196 1375 1222 1403 in
1241 1375 1286 1402 illa
1298 1374 1464 1407 minimeque
1484 1370 1611 1398 mutilum
1623 1374 1694 1402 opus
1712 1363 1850 1393 contineri
1862 1369 1890 1389 eo

1101 1409 1252 1450 luculenter
1275 1420 1489 1450 demonstratur,
1507 1415 1580 1451 quod
1603 1413 1695 1441 omnia
1722 1409 1890 1439 testimonia,

1101 1476 1163 1504 quae
1184 1474 1250 1494 sane
1271 1466 1349 1501 pl-ura
1374 1467 1449 1495 sunt,
1466 1463 1500 1489 ab
1515 1458 1696 1495 scriptoribus
1717 1465 1754 1484 ex
1779 1456 1890 1490 ipseco-

1100 1515 1161 1542 dem
1177 1513 1294 1548 prolata,
1314 1511 1340 1537 in
1358 1517 1391 1538 ea
1405 1508 1588 1544 reperiantur.

1136 1547 1185 1591 At,
1197 1557 1315 1592 inquies,
1331 1563 1416 1583 unum
1432 1562 1465 1581 ex
1485 1553 1536 1580 hac
1551 1549 1790 1579 commentatione
1804 1547 1889 1574 locum

1101 1604 1197 1633 retulit
1211 1603 1338 1630 Clemens
1353 1598 1566 1628 Alexandrinus,
1585 1596 1665 1630 cujus
1690 1594 1791 1621 Latina
1814 1593 1888 1618 verba

1101 1650 1156 1678 illic
1167 1649 1270 1676 (rustra
1281 1646 1433 1682 quwsieris.
1447 1643 1500 1671 Sed
1513 1643 1539 1670 id
1555 1642 1658 1669 frustra
1672 1639 1819 1674 objicitur.
1828 1637 1888 1664 Nam

1101 1697 1267 1724 Clementem
1281 1701 1334 1721 non
1348 1691 1470 1720 auctoris
1484 1689 1577 1722 verba,
1592 1687 1639 1715 sed
1653 1691 1775 1714 mentem
1789 1693 1823 1712 ac
1833 1692 1889 1711 sen-

1102 1749 1175 1773 sum,
1197 1740 1271 1775 quod
1283 1738 1381 1772 ,solum
1404 1736 1568 1768 intenderat,
1587 1733 1625 1761 ibi
1639 1732 1770 1761 retulisse
1784 1733 1888 1766 planum

1102 1792 1146 1815 est
1160 1791 1187 1814 et
1204 1785 1391 1822 perspicuum.

1349 1837 1548 1867 ARTlCULUS
1569 1835 1639 1863 Vlll.

1319 1887 1357 1914 De
1369 1885 1447 1913 titulo
1459 1884 1567 1919 hujusce
1581 1883 1678 1917 operis.

1130 1936 1187 1965 lloe
1194 1943 1263 1972 opus
1274 1935 1397 1971 pluribus
1408 1934 1545 1969 variisque
1554 1933 1640 1961 titulis
1650 1933 1685 1960 ab
1695 1931 1818 1966 antiquis
1827 1937 1888 1956 scn—

1103 1983 1227 2019 ptoribus
1241 1986 1417 2017 praenotatur.
1433 1980 1547 2008 Ruﬁnus
1559 1979 1658 2007 etenim
1673 1978 1721 2005 ubi
1742 1984 1792 2005 eos
1808 1976 1886 2002 libros

1105 2033 1258 2060 enumerat,
1271 2027 1317 2062 qui
1335 2031 1468 2053 vocantur
1483 2034 1500 2052 a
1515 2024 1660 2059 majoribus
1679 2031 1732 2050 non
1754 2021 1885 2049 canonici.

1104 2074 1149 2102 sed
1169 2073 1356 2103 ecclesiastici,
1379 2073 1412 2099 de
1428 2072 1475 2098 illo
1495 2072 1536 2098 sic
1555 2071 1676 2104 loquitur
1697 2070 1719 2085 ¹³
1738 2078 1746 2096 :
1765 2067 1800 2095 Ιιι
1817 2066 1886 2094 Nora

1107 2120 1273 2147 Testamento
1288 2117 1392 2143 libellus
1403 2116 1448 2150 qui
1461 2114 1560 2140 dicitur
1567 2109 1689 2139 Pastoris
1697 2111 1752 2138 sive
1766 2109 1886 2137 Hermas.

1057 2166 1090 2197 ID
1103 2165 1149 2200 qui
1169 2162 1318 2199 appellatur
1333 2167 1343 2187 :
1362 2160 1427 2187 Dum
1443 2159 1492 2186 viae
1508 2158 1546 2185 vel
1563 2157 1697 2192 judicium
1711 2153 1799 2183 Petri.
1823 2155 1887 2187 Quid

1104 2211 1157 2239 sibi
1175 2210 1218 2237 his
1241 2207 1331 2235 verbis
1353 2207 1398 2233 ille
1416 2205 1491 2238 velit,
1509 2203 1641 2231 attentius
1656 2201 1886 2237 perpendendunr.

1105 2256 1225 2284 Libellus
1248 2255 1321 2282 enim
1344 2251 1465 2279 Pastoris
1483 2249 1612 2284 appellari
1639 2257 1694 2275 non
1712 2252 1807 2283 potest
1827 2247 1887 2274 Date

1105 2304 1163 2336 viae,
1176 2307 1233 2330 tum
1251 2301 1314 2336 quia
1326 2299 1394 2328 sexti
1406 2303 1510 2325 tantum
1525 2295 1647 2323 mandati
1662 2295 1742 2321 initio
1758 2294 1780 2309 “
1794 2294 1828 2321 de
1843 2294 1887 2320 hoc

1106 2351 1267 2385 argumento
1290 2345 1447 2376 disseritur,
1480 2346 1564 2377 atque
1595 2341 1674 2376 plura
1697 2340 1752 2367 alia
1778 2345 1836 2366 toto
1863 2338 1886 2364 in

1106 2402 1187 2430 opere
1199 2396 1372 2425 tractantur;
1391 2396 1449 2418 tum
1464 2390 1527 2425 quia
1541 2389 1611 2416 alius
1626 2387 1742 2416 omnino
1754 2393 1798 2415 est
1811 2387 1886 2414 totius

1106 2442 1195 2477 operis
1211 2447 1320 2474 scopus.
1337 2437 1430 2473 Neque
1440 2437 1521 2464 etiam
1532 2435 1644 2463 inscribi
1660 2439 1752 2469 potest
1760 2434 1886 2468 judicium

1108 2487 1180 2514 Petri
1197 2493 1206 2513 :
1224 2486 1274 2512 hac
1291 2484 1390 2519 quippe
1401 2483 1435 2510 de
1451 2489 1480 2509 re
1494 2481 1561 2509 nihil
1573 2481 1599 2508 in
1615 2481 1658 2507 bis
1671 2480 1883 2507 librisinvenias.

1109 2533 1223 2568 Aliquod
1244 2531 1326 2566 igitur
1342 2530 1470 2557 mendum
1488 2528 1515 2555 in
1534 2527 1624 2554 Ruﬁni
1643 2531 1749 2554 textum
1772 2527 1883 2562 irrepsit,

1107 2580 1148 2606 vel
1161 2579 1233 2606 illius
1245 2577 1335 2604 verbis
1343 2576 1398 2603 duo
1413 2580 1460 2602 aut
1475 2579 1529 2601 tres
1540 2574 1640 2601 diversi
1653 2574 1714 2600 libri
1727 2574 1882 2602 indicantur.

1109 2625 1215 2652 Primus
1243 2623 1347 2659 quidem
1376 2621 1479 2648 libellus
1500 2621 1545 2655 qui
1575 2620 1677 2646 dicitur
1694 2619 1835 2653 Pastoris,
1855 2621 1883 2647 de

1107 2681 1162 2708 quo
1176 2672 1233 2707 jam
1256 2669 1364 2705 questio
1385 2668 1509 2695 habetur.
1534 2667 1678 2694 Secundus
1701 2672 1745 2694 est
1767 2667 1880 2699 libellus;

1108 2720 1165 2746 hmc
1180 2718 1254 2745 enim
1278 2723 1330 2743 vox
1353 2714 1456 2741 libellus
1484 2713 1552 2740 forte
1574 2713 1719 2741 subaudiri
1740 2714 1831 2747 debet;
1855 2713 1883 2740 li-

1259 2775 1429 2802 ”Auimadr.
1442 2773 1475 2801 ad
1493 2771 1597 2800 "arma:
1615 2770 1724 2799 Pastor.
1753 2770 1816 2798 circ.
1830 2769 1879 2796 init.
