1920 3104
45 142 82 169 εει
627 134 777 164 PASTOR.
792 151 797 156 -

851 135 1022 166 ’ΒΟαΞΜῐΛο

44 202 121 234 bellus,
135 200 249 234 inquam,
266 200 310 234 qui
324 198 491 233 appellantur
508 198 573 226 Dute
587 197 653 231 Vite,
668 198 707 226 uel
721 197 799 226 Judi-
809 195 832 222 Α

45 249 102 276 cium
114 245 192 278 Petri;
208 245 259 272 nisi
277 252 324 280 per
338 245 369 272 τὺ
382 245 520 272 Iudicium
540 244 615 272 Petri
631 245 729 273 tertius
741 243 799 272 for-

44 297 102 320 tasse
113 290 172 318 liber
188 289 343 325 designetur
354 308 362 320 ,
383 288 462 322 cujus
476 287 658 322 Hieronymus
678 287 721 314 his
736 295 799 314 ver-

44 338 76 365 bis
89 335 198 364 meminit
213 335 252 362 ":
268 333 383 367 Quintus
405 333 541 362 iudicium
554 333 627 361 Petri
648 333 717 360 inter
736 341 800 368 apo-

43 384 133 419 crypha:
146 382 297 418 scripturas,
319 381 352 409 de
370 388 426 416 quo
439 379 506 408 alibi
523 379 604 408 nobis
623 380 676 407 erit
692 379 799 407 dicendi

43 430 110 458 locus.

70 474 184 502 llsitatior
199 474 311 510 hujusce
322 474 416 509 operis
431 472 589 508 epigraphe,
602 479 716 507 quaeque
727 471 799 506 apud

42 522 145 556 antiquos
168 521 312 555 scriptores
335 525 362 548 et
388 520 559 554 frequentius
575 524 602 547 et
621 519 721 555 potiori
737 519 800 554 jure

41 567 148 599 occurrit,
172 571 211 594 est
234 565 333 593 Pastor
353 565 396 592 vel
416 565 496 592 Liber
519 565 652 593 Pastoris.
670 564 798 592 Hermam

40 613 154 639 enimvero
165 611 191 638 in
204 611 325 638 secundo
343 614 370 637 et
390 610 470 637 tertio
484 610 555 637 libro
570 609 668 637 Pastor
682 610 795 645 alloqui»

41 662 76 684 tur
85 661 107 684 et
118 657 250 690 informat,
268 656 361 691 illique
377 655 498 683 visiones
509 655 572 683 libri
588 655 680 691 primi,
698 656 725 683 in
741 655 799 691 pri-

40 704 80 731 mis
90 711 144 731 vero
154 704 257 731 tertiam
271 703 398 731 enucleat
417 707 444 729 et
455 703 553 736 aperit.

67 747 172 783 Denique
192 748 262 775 idem
283 756 353 783 opus
377 747 490 775 nomine
512 747 635 774 auctoris
651 747 798 783 aliquando

39 795 164 830 appellatur
177 794 301 829 Hermas,
325 799 374 822 aut
390 793 513 826 Hermes,
534 794 616 821 unius
629 794 726 821 littera
738 802 800 821 mu-

38 842 120 868 tatione
132 849 145 868 a
168 841 284 870 librariis
302 841 388 875 facta;
407 841 459 874 vel,
477 845 508 868 ut
520 840 648 868 observat
662 839 798 874 Labbeus,

1588 141 1642 169 8L2

1124 194 1323 223 ARTICULUS
1338 194 1361 221 x

923 242 996 275 Quid
1012 242 1045 270 de
1058 242 1099 270 Iris
1113 242 1190 270 libris
1204 243 1308 278 antiqui
1320 242 1416 270 Patres
1430 249 1568 275 senserint.

886 287 1001 321 Quantae
1026 288 1199 324 antiquitatis
1219 288 1274 317 sint
1295 288 1323 316 hi
1348 288 1411 316 libri
1430 289 1488 324 jam
1501 290 1641 319 vidimus:

849 333 916 368 quid
932 340 998 361 vero
1017 333 1052 360 de
1071 333 1127 361 illis
1150 334 1288 361 senserint
1305 333 1411 368 antiqui
1432 333 1538 369 Patres,
1552 337 1642 372 quod-

850 386 903 414 que
926 379 960 407 de
983 379 1079 406 iisdem
1105 379 1240 414 judicium
1263 379 1329 407 ferri
1354 380 1462 414 debeat,
1491 389 1565 409 nunc
1578 382 1642 410 dili-

850 427 1174 463 gentiusinquirendum.
1188 427 1307 455 lrenzeus
1320 428 1444 462 itaque”
1459 428 1565 456 videtur
1581 429 1642 457 illos

851 479 880 500 ut
894 481 988 501 sacros
1002 474 1103 502 divinae
1117 473 1265 509 Scriptura:
1282 474 1390 502 codices
1409 474 1522 503 laudare
1539 475 1641 508 :Beue,

850 519 950 554 inquit,
971 521 1153 554 pronuntiauit
1172 520 1323 555 Scriptura,
1348 529 1406 556 qua:
1427 522 1492 548 dicit
1516 529 1525 548 :
1548 521 1643 550 Primo

850 565 968 591 omnium
983 565 1058 592 crede
1070 586 1078 599 ,
1099 571 1153 593 etc.
1171 564 1248 593 Unde
1266 565 1402 594 Eusebius
1422 567 1455 594 de
1474 567 1569 595 eodem
1585 568 1642 595 Ire-

850 619 910 641 nzeo
929 613 1025 640 scribit
1041 613 1064 629 ¹⁰
1085 623 1092 640 :
1109 613 1189 640 Liber
1205 613 1329 641 Pastoris
1343 622 1395 641 non
1408 615 1492 641 solum
1506 616 1540 641 ab
1554 623 1584 642 eo
1597 623 1643 642 co-

849 658 938 693 gnitus
949 678 957 690 ,
971 659 1016 685 sed
1035 659 1116 686 etiam
1133 667 1291 694 magnopere
1304 659 1464 694 approbatus
1476 666 1515 688 est
1531 660 1572 687 his
1585 668 1644 688 vcr-

850 703 912 730 bis:
926 703 996 731 Bene
1016 703 1158 739 Scriptura
1169 725 1177 738 ,
1199 709 1254 732 etc.
1282 704 1337 732 Nec
1359 705 1412 733 alia
1429 713 1496 733 sane
1512 706 1563 733 fuit
1580 706 1644 734 Cle-

849 752 951 779 mentis
977 751 1156 780 Alexandrini
1179 753 1314 781 sententia
1331 753 1354 769 “
1366 774 1373 786 ,
1399 754 1447 789 qui
1462 754 1543 782 simili
1561 755 1643 783 modo

849 797 889 824 ait
902 807 909 825 :
926 797 1018 825 Diuine
1038 806 1100 834 ergo
1113 799 1196 826 uirtus
1218 799 1266 826 illa
1280 807 1339 834 qua:
1358 799 1464 828 Ilernue
1479 801 1597 836 loquitur
1613 802 1643 828 in

850 843 1018 877 reuelatione,
1029 844 1116 876 Θείως
1129 844 1217 872 τοίνυν
1227 845 1244 880 ή
1259 845 1374 880 suum;
1387 846 1450 882 ἠτῷ
1467 846 1556 882 Ἑρμᾷ
1571 847 1642 874 κατὰ

41 886 238 922 Ἕρμᾶςηιιυιθιλ
250 887 517 920 duntaxatdialecte,
526 886 616 914 dictus
630 890 672 914 est
685 886 797 922 Ἑρμῆς.

851 889 1020 924 ἀποκάλυψιν
1046 888 1172 917 λαλοῦσα.
1195 889 1327 926 Origenes
1348 895 1440 918 autem
1460 891 1494 919 de
1512 898 1545 919 eo
1572 893 1643 920 libro

38 932 93 962 Vero
109 939 191 962 tamen
216 936 333 963 similius
353 939 396 963 est
417 934 555 967 Hermum,
577 941 641 961 cum
657 935 799 969 proprium

36 986 115 1007 nomen
139 982 209 1016 operi
235 989 287 1009 suo
314 981 454 1017 praeﬁgere
474 982 569 1014 nollet,
595 981 659 1009 illud
686 981 799 1009 inscribi

37 1025 136 1054 voluisse
156 1027 205 1055 hac
219 1028 368 1063 epigraphe
382 1027 482 1054 Pastor
502 1028 545 1055 vel
562 1027 642 1054 Liber
663 1026 797 1054 Pastoris.

36 1071 180 1101 Tertulliano
193 1075 374 1102 nihilominus
388 1075 446 1102 hanc
460 1075 605 1110 inscriptio
616 1082 671 1102 non
685 1073 799 1101 omnino

36 1121 124 1155 probari
137 1121 247 1149 videtur.
269 1122 315 1148 Ait
330 1122 431 1157 quippe
444 1121 465 1137 ¹⁸
482 1130 490 1148 :
508 1121 623 1148 llermas
637 1121 713 1156 cujus
728 1121 799 1148 scri-

34 1171 92 1201 ptum
108 1167 155 1202 fere
174 1167 269 1195 Pastor
292 1167 458 1194 inscribitur.
481 1166 582 1194 Verum
602 1166 734 1194 credibile
757 1171 800 1194 est

34 1211 95 1238 illum
117 1213 182 1240 hanc
198 1213 360 1248 particulam
378 1213 433 1247 fere
446 1234 454 1246 ,
481 1212 507 1240 id
532 1217 574 1240 est
595 1212 652 1240 fere
680 1220 797 1247 semper,

34 1258 82 1285 ideo
96 1259 241 1292 addidisse,
260 1259 325 1294 quia
343 1260 413 1294 apud
433 1259 582 1288 nonnullos
600 1259 670 1286 alios
683 1259 799 1295 scripto-

35 1312 68 1331 res
79 1305 125 1331 bon
137 1313 200 1341 opus
218 1306 272 1333 alio
289 1306 409 1341 quodam
426 1306 516 1338 titulo,
532 1305 606 1341 quod
618 1305 727 1340 quidem
743 1312 797 1332 non

34 1358 152 1385 negamus,
163 1351 309 1387 aliquando
324 1351 539 1387 praenotabatur.

270 1408 472 1437 ARTICULUS
487 1408 533 1436 ΙΧ.

61 1454 91 1482 De
104 1455 177 1490 hujus
195 1464 283 1491 aperis
297 1456 435 1487 divisione,
455 1454 589 1497 capitibus
599 1459 626 1482 et
644 1454 763 1490 capitum

315 1497 488 1526 argumentis.

59 1534 82 1562 In
102 1538 289 1574 nanuscriptis
309 1537 452 1565 codicibus
472 1535 501 1564 S.
517 1535 678 1564 Germania
694 1534 797 1569 Pratis,

32 1580 163 1610 Colbertino
178 1588 205 1611 et
221 1584 298 1616 aliis,
311 1590 361 1610 nec
380 1590 435 1610 non
460 1582 486 1610 in
506 1582 646 1618 prioribus
663 1582 744 1610 editis
756 1582 799 1609 lu-

31 1628 135 1656 cubratio
162 1629 214 1657 ista
240 1629 424 1657 inscribitur:
445 1628 524 1655 Liber
546 1627 679 1661 Pastoris,
710 1628 798 1655 nuntii

31 1674 177 1708 pauitantia,
198 1675 245 1703 sed
265 1673 364 1701 nullibi
384 1681 506 1709 unquam
526 1674 554 1701 in
570 1678 626 1701 tres
645 1673 728 1701 libros
743 1673 799 1701 dis—

30 1720 147 1748 tribuitur.
162 1721 190 1748 ln
204 1721 326 1749 editione
340 1720 451 1748 Henrici
469 1719 611 1755 Stephani,
630 1727 702 1747 anno
716 1719 797 1752 1515,

31 1764 86 1793 idem
100 1774 129 1794 ac
142 1767 168 1795 in
181 1767 377 1802 manuscriptis
388 1771 430 1794 est
442 1767 539 1794 titulus
551 1775 559 1794 :
571 1771 598 1794 at
611 1765 674 1794 libri
685 1766 798 1793 secundi

30 1811 93 1840 initio
105 1814 274 1841 continenter
290 1818 319 1841 et
337 1813 442 1848 absque
462 1813 517 1840 ulla
532 1812 667 1840 divisione
680 1813 796 1848 legitur:

29 1856 195 1888 Demandatis
216 1868 232 1887 α
257 1859 387 1892 Pastore,
413 1858 507 1894 angelo
529 1859 701 1894 paenitentitu.
724 1858 798 1886 Visio

29 1905 115 1937 quanta,
125 1911 175 1933 etc.
194 1905 290 1941 Neque
302 1905 385 1932 etiam
402 1904 590 1940 antiquissimi
601 1903 703 1938 Patres
713 1904 798 1932 ullam

28 1945 123 1981 hujusce
140 1950 230 1984 operis
249 1950 277 1977 in
294 1953 349 1976 tres
369 1949 454 1976 libros
470 1949 634 1977 divisionem
650 1956 796 1984 agnovere.

28 1992 60 2019 Ab
71 1993 175 2030 Origene
194 1995 344 2031 siquidem,
364 1995 545 2027 Tertulliani),
562 1995 725 2028 Athanasio,
740 1994 798 2022 Ru-

29 2038 81 2072 tiun,
95 2039 222 2069 Cassiano
237 2046 352 2070 vocatur
367 2041 457 2075 Liber,
474 2042 516 2070 vel
529 2041 648 2069 Libellus
661 2041 796 2075 Pastoris,

27 2082 157 2119 Scriptura,
169 2087 210 2115 vel
225 2086 374 2122 Scriptum.

55 2130 174 2161 Plu-terea
201 2133 228 2160 in
253 2134 352 2161 iisdem
374 2133 572 2169 manuscriptis
592 2133 671 2161 libris
684 2138 711 2160 ct
726 2133 797 2160 anti-

27 2178 148 2211 quioribus
171 2179 353 2213 editionibus,
379 2179 454 2207 nulla
479 2184 543 2207 sunt
565 2184 726 2214 argumenta
748 2186 796 2206 seu

27 2227 157 2254 summaria
171 2227 306 2262 capitum.
331 2226 378 2254 sed
393 2225 556 2260 simpliciter
574 2225 672 2261 legitur
690 2234 697 2253 :
722 2225 795 2252 Vitio
811 2227 834 2254 D

27 2271 106 2305 prima,
126 2272 195 2300 Visio
211 2273 339 2304 secunda,
358 2277 409 2301 etc.
431 2271 591 2300 Mandatum
600 2272 726 2307 primum,
741 2276 795 2300 etc.

27 2315 159 2346 Similitudo
168 2320 269 2354 prima,
282 2323 335 2346 etc.

54 2363 211 2400 Quapropter
229 2366 329 2393 divisio
346 2365 437 2400 operis
452 2365 480 2392 in
502 2369 559 2393 tres
576 2364 662 2392 libros
673 2385 680 2398 ,
696 2372 795 2400 quem-

27 2409 153 2438 admodum
174 2412 268 2439 omnia
286 2411 361 2439 illius
373 2415 546 2445 argumenta,
562 2419 618 2438 non
632 2412 666 2438 ab
683 2410 794 2444 Hcrma,

27 2456 62 2483 sed
79 2457 110 2484 ab
124 2459 162 2486 eis
178 2459 314 2486 duntaxat
333 2458 381 2492 qui
401 2462 554 2493 postremas
567 2457 701 2485 editiones
714 2458 796 2485 ador-

27 2508 147 2536 naverant,
170 2504 245 2532 haud
275 2503 358 2530 dubie
383 2502 505 2538 profecta
529 2507 605 2530 sunt.
635 2502 704 2530 Hinc
727 2503 795 2531 nulli

27 2548 108 2576 mirum
121 2550 203 2578 videri
218 2550 300 2578 debet
320 2549 343 2577 si
358 2558 393 2577 ex
409 2550 506 2578 iisdem
521 2549 690 2585 argumentis
703 2549 794 2584 aliqua

27 2596 128 2624 auctoris
148 2604 260 2625 sensum
282 2603 317 2625 ac
336 2596 486 2624 consilium
502 2595 594 2624 minus
608 2596 679 2624 bene
692 2603 794 2631 reprae-

27 2646 122 2670 scatent.

850 934 891 962 sic
904 936 1090 970 pronuntiat“
1104 944 1110 962 :
1122 935 1187 968 Qui:
1203 937 1337 971 scriptura
1348 937 1414 964 mihi
1427 937 1502 965 valde
1514 939 1589 966 utilis
1598 939 1642 966 ui-

849 980 937 1014 detur,
959 985 985 1008 et
1007 987 1036 1008 ut
1050 985 1124 1016 puto,
1151 981 1278 1008 divinitus
1295 983 1437 1018 inspirata.
1462 983 1498 1011 At
1521 984 1566 1012 ille
1580 985 1641 1012 ideo

849 1027 964 1059 addidit,
978 1031 1006 1053 ut
1024 1034 1099 1062 puto,
1113 1035 1168 1063 quo
1183 1027 1209 1055 id
1222 1028 1336 1056 omnino
1347 1028 1400 1056 sibi
1415 1037 1578 1063 persuasum
1587 1038 1642 1058 non

850 1071 937 1100 fuisse
964 1072 1141 1109 signiﬁcaret.
1163 1073 1196 1102 Et
1213 1083 1278 1102 vero
1294 1075 1320 1102 in
1336 1075 1501 1110 quibusdam
1521 1076 1642 1104 homiliis

850 1119 1000 1155 unicuique
1025 1119 1162 1156 integrum
1185 1121 1229 1149 ille
1245 1121 1312 1149 facit
1330 1122 1357 1149 in
1374 1121 1466 1155 aliam,
1482 1122 1505 1149 si
1521 1122 1641 1154 libuerit,

851 1166 890 1192 ire
905 1166 1077 1193 sententiam.
1094 1166 1139 1194 Sic
1149 1167 1221 1194 enim
1233 1168 1259 1194 in
1273 1167 1386 1195 homilia
1399 1176 1451 1195 una
1468 1168 1591 1203 loqui.ur
1601 1169 1641 1195 “:

850 1210 880 1238 Si
887 1212 929 1238 cui
937 1215 1024 1238 tamen
1034 1212 1174 1247 Scriptura
1182 1212 1228 1239 illa
1237 1213 1387 1248 recipienda
1394 1214 1507 1242 videtur.
1516 1213 1545 1241 in
1557 1214 1642 1243 altera

850 1264 917 1285 vero
929 1257 952 1273 “
967 1256 1015 1285 :Si
1024 1258 1067 1284 cui
1076 1258 1274 1285 tamenlibellus
1289 1259 1335 1286 ille
1348 1259 1512 1295 recipiendus
1526 1261 1642 1288 videtur.

885 1301 1037 1338 Eapropter
1066 1303 1230 1331 nobilissimi
1254 1305 1365 1339 quidam
1391 1305 1542 1340 scriptores
1570 1306 1644 1335 hunc

847 1349 975 1377 eumdem
1005 1349 1105 1377 librum
1126 1354 1203 1378 extra
1229 1351 1368 1378 Canonem
1393 1359 1479 1379 sacrae
1495 1351 1644 1388 Scriptura:

848 1394 1020 1430 ablegarunt.
1046 1394 1156 1423 Primus
1181 1395 1253 1423 inter
1278 1404 1326 1424 eos
1354 1398 1578 1426 annumerandus
1601 1403 1644 1426 est.

849 1441 1029 1475 Athanasius,
1055 1442 1103 1477 qui
1122 1442 1156 1470 de
1170 1442 1224 1470 hoc
1244 1443 1315 1471 libro
1329 1444 1352 1460 "
1373 1453 1381 1472 :
1401 1443 1470 1478 Etsi,
1496 1444 1596 1480 inquit,
1613 1445 1642 1472 in.

849 1486 955 1514 Canone
965 1496 1017 1515 non
1030 1489 1075 1516 sit.
1088 1488 1167 1516 Hunc
1181 1490 1305 1524 sequitur
1317 1489 1502 1526 Hieronymus
1517 1491 1540 1506 ¹⁶
1559 1500 1566 1519 :
1579 1490 1644 1520 Non

849 1538 921 1566 sunt,
945 1534 1046 1569 inquit,
1069 1535 1097 1561 in
1111 1534 1228 1562 Catiane.
1252 1534 1369 1564 Rufinus
1390 1544 1500 1572 quoque
1515 1537 1537 1553 ³⁷
1553 1547 1561 1565 :
1579 1537 1641 1565 Non

849 1583 911 1606 sunt
926 1580 1061 1614 canonici,
1078 1580 1124 1607 sed
1136 1580 1316 1608 ecclesiastici.
1339 1580 1415 1609 L'ude
1429 1581 1474 1608 ille
1486 1587 1581 1617 postea
1595 1590 1643 1611 as-

850 1625 917 1653 serit
936 1630 1042 1653 veteres
1061 1624 1157 1653 Patres
1172 1626 1296 1654 noluisse
1315 1633 1349 1654 ex
1368 1626 1411 1653 his
1424 1647 1432 1659 ,
1452 1627 1524 1654 sicut
1536 1634 1570 1654 ex
1586 1635 1642 1655 uno

849 1672 949 1700 divmae
964 1671 1113 1707 Scriptura;
1129 1672 1209 1706 libro,
1226 1673 1382 1700 testimonia
1397 1672 1523 1708 proferri.
1537 1673 1639 1702 Eodem

848 1722 925 1745 certe
940 1725 1022 1746 sensu
1035 1717 1171 1745 Eusebius
1183 1717 1206 1733 "
1217 1725 1266 1745 eos
1282 1718 1310 1744 in
1326 1718 1484 1753 spuriorum
1495 1723 1524 1745 ct
1536 1719 1642 1747 adulti.~

849 1763 973 1791 rinorum
986 1771 1102 1791 numero
1117 1763 1194 1798 ponit
1212 1772 1219 1790 :
1237 1762 1293 1791 Pro
1308 1764 1419 1798 spuriis,
1432 1764 1519 1799 inquit
1534 1765 1574 1800 (ὲν
1584 1766 1641 1797 τοῖς

849 1808 958 1844 νόθοις),
974 1809 1086 1836 habendi
1103 1815 1164 1836 sunt
1181 1808 1264 1835 Actus
1281 1808 1363 1836 Pauli
1382 1813 1406 1835 et
1422 1808 1489 1835 liber
1504 1807 1638 1835 Pastoris.

848 1853 987 1882 AGelasio
998 1860 1089 1882 autem
1103 1862 1173 1890 papa
1181 1854 1204 1870 "
1215 1858 1242 1881 et
1252 1854 1288 1881 ab
1300 1857 1413 1881 auctore
1434 1852 1640 1886 Stichomelritt',

849 1900 877 1929 in
898 1900 973 1927 calce
995 1896 1216 1933 Chronographitc
1233 1897 1380 1933 Nicepliori
1404 1896 1639 1931 Constantinopo-

849 1946 926 1974 litani
942 1945 1033 1978 editae,
1055 1943 1204 1979 apocryplti
1224 1947 1368 1971 vocantur.
1381 1941 1441 1970 Non
1454 1941 1507 1969 alia
1521 1941 1641 1977 denique

849 1999 927 2020 mens
941 1999 1038 2019 eorum
1052 1991 1185 2024 omnium,
1198 1997 1315 2025 quorum
1329 1988 1463 2017 Eusebius
1475 1989 1639 2017 sententiam

848 2039 876 2066 in
894 2038 968 2067 hunc
983 2038 1094 2066 modum
1109 2037 1193 2065 refert
1217 2037 1240 2053 ³⁰
1267 2045 1274 2064 :
1303 2035 1447 2064 Sciendum
1462 2040 1500 2063 est
1522 2043 1582 2062 eum
1606 2035 1641 2062 li-

849 2086 927 2114 brum
945 2094 962 2112 a
980 2083 1115 2112 nonnullis
1133 2083 1240 2118 quidem
1257 2083 1285 2110 in
1306 2082 1416 2109 dubium
1434 2086 1596 2115 reuocatum,
1607 2082 1639 2109 ob

848 2138 923 2166 quos,
937 2129 971 2156 δι’
982 2129 1040 2162 οὓς,
1054 2129 1124 2156 inter
1137 2133 1248 2164 receptae
1262 2127 1435 2155 auctoritatis
1445 2127 1528 2156 libros
1541 2128 1642 2156 censeri

849 2185 901 2204 non
912 2180 1009 2212 potest.

1109 2220 1310 2249 ARTICULUS
1334 2220 1381 2249 XI.

1069 2267 1184 2301 Quanta
1203 2268 1255 2295 sint
1272 2267 1407 2296 utilitatis.

884 2315 1048 2344 Communis
1066 2314 1190 2347 Patrum,
1206 2321 1268 2349 quo:
1284 2314 1393 2341 veritati
1408 2313 1497 2350 magis
1518 2320 1639 2342 consona

849 2362 967 2395 videtur,
985 2361 1078 2396 opinio
1090 2368 1122 2388 ea
1139 2364 1190 2392 est,
1204 2367 1258 2394 qua
1270 2359 1309 2386 illi
1325 2359 1398 2386 hunc
1412 2359 1514 2386 librum
1525 2359 1640 2387 utilissi—

850 2416 925 2436 mum
936 2427 945 2441 ,
967 2412 1049 2441 atque
1063 2407 1097 2433 ad
1113 2405 1235 2433 hominis
1254 2411 1349 2432 recens
1361 2403 1395 2431 ad
1407 2403 1592 2431 Christianam
1606 2403 1642 2430 il-

848 2455 911 2482 dcm
932 2453 1059 2481 conversi
1084 2459 1175 2479 mores
1190 2451 1380 2478 informandos
1392 2450 1567 2485 aptissimum
1580 2457 1642 2478 esse

847 2501 1016 2529 existimant.
1045 2499 1073 2526 id
1095 2498 1204 2534 quidem
1230 2497 1366 2525 Eusebius
1389 2497 1450 2524 loco
1469 2496 1527 2531 jam
1541 2497 1642 2531 sacpius

847 2549 931 2576 citato
944 2547 985 2574 sic
997 2550 1090 2581 aperte
1101 2545 1181 2572 docet
1198 2552 1204 2571 :
1220 2543 1259 2570 Ab
1272 2543 1334 2570 aliis
1346 2543 1462 2569 maxime
1475 2543 1641 2569 necessarias

843 2594 994 2629 judicatur,
1015 2593 1048 2620 iis
1068 2591 1216 2626 praesertim
1228 2590 1273 2625 qui
1286 2590 1380 2625 primis
1393 2589 1530 2624 religionis
1542 2595 1642 2617 nostra:

846 2639 981 2668 elementis
999 2636 1156 2666 instituendi
1173 2640 1245 2663 sunt.
1267 2634 1342 2663 Unde
1358 2636 1440 2662 etiam
1463 2636 1491 2662 iu
1512 2634 1641 2663 Ecclesiis

52 2745 110 2773 "De
125 2742 342 2783 εεέιριοτιροειεε·
358 2755 419 2783 cap-
435 2747 463 2774 9—
486 2746 507 2763 "
517 2746 566 2774 lib-
587 2745 626 2772 De
647 2748 791 2783 οναι-,εξρ-
808 2739 861 2783 42-,
881 2742 959 2783 “ilib-
974 2735 1638 2783 "Mdv-it”th¢-.?71_.3i‘b-.I’.Iifff'93?:

27 2779 43 2806 3.
74 2783 144 2810 "lib.
163 2775 294 2812 I'Strorn.
333 2785 356 2800 "
365 2775 512 2810 Cbmment.
536 2782 609 2808 inca
629 2801 636 2807 .
651 2788 696 2807 xvt
711 2775 799 2814 Epiit.
827 2782 862 2806 ad
882 2777 958 2805 Rom.
998 2777 1021 2793 ³³
1031 2775 1126 2804 homil.
1152 2775 1180 2808 8,
1201 2775 1229 2802 in
1249 2775 1394 2808 Numeros.
1432 2775 1560 2800 "homil.
1578 2775 1636 2813 l_in

27 2817 77 2844 νυιι.
89 2825 186 2846 mvu.
226 2819 302 2846 "lib.
317 2817 355 2845 De
370 2818 468 2845 decret.
486 2817 579 2848 sunod.
594 2789 699 2843 Arium.
716 2820 778 2848 post
790 2814 860 2842 med.
893 2813 950 2840 "in
965 2811 1073 2848 Prolog.
1091 2810 1213 2839 Galeato.
1252 2810 1275 2826 "
1285 2809 1313 2838 in
1323 2809 1435 2845 expetit.
1452 2806 1537 2845 symb.
1559 2807 1636 2835 "lib.

27 2817 77 2844 unt.
89 2825 186 2846 usvn.
226 2819 302 2846 "lib.
317 2817 355 2845 De
370 2818 468 2845 decret.
486 2817 579 2852 synod.
594 2817 699 2843 Nician.
716 2823 752 2852 po

1249 2773 1394 2808 Numeros.
1432 2772 1455 2789 ’⁵
1464 2771 1560 2808 homil.
1574 2772 1588 2808 Vl
1610 2773 1640 2808 in

27 2857 47 2878 tu
65 2852 172 2886 Ιιήειον..
195 2862 256 2890 cap.
278 2855 324 2883 25.
363 2853 385 2870 "
395 2855 424 2880 in
439 2850 543 2881 Decfet.
582 2852 659 2880 "lib.
674 2859 704 2879 Ill
719 2850 797 2878 liisto

851 2857 908 2886 cap.
922 2850 948 2878 5.

145 2903 282 2934 ΡΑτιοι.
312 2901 371 2933 Gn.
391 2902 431 2932 il.

1453 2891 1496 2923 2⁸1
