1920 3104
232 164 285 193 iii-5

1003 143 1032 173 ε.
1052 142 1184 172 HERM/E

1817 137 1868 165 ευ

233 223 336 259 publice
363 220 415 256 legi
435 215 623 253 comperimus,
641 218 666 241 et
691 211 821 248 quosdam
839 216 871 236 ex
901 203 1023 233 vetustis-
1037 203 1060 231 A
1076 201 1148 252 bitur
1159 201 1235 228 illico
1248 201 1321 230 illius
1331 201 1438 230 dicendi
1449 208 1536 237 genus
1547 199 1581 227 ad
1598 197 1791 235 persuadenda
1804 196 1868 224 reli-

233 251 308 298 iinti:
334 251 418 302 ipsius
446 251 596 293 testimonio
610 269 671 288 usos
694 259 785 294 fuisse.
807 255 846 282 Ex
863 254 906 281 his
925 251 1026 287 quippe

235 298 350 343 Eusebii
368 312 459 340 verbis
485 310 536 337 tria
555 307 709 342 colligimus
729 305 900 338 argumenta,
925 298 1026 334 quibus

237 363 355 391 maxima
375 358 457 394 hujus
478 356 543 385 libri
563 354 666 382 utilitas
686 351 792 386 liquido
809 348 1024 377 demonstratur.

236 409 359 437 Primum
380 415 395 434 a
414 401 619 434 vetustissimis,
636 399 682 434 qui
703 399 728 425 id
750 402 909 427 asseruere,
925 393 1028 429 petitur

237 454 430 491 scriptoribus.
451 451 524 478 Inter
535 456 582 477 eos
594 447 679 475 enim,
689 450 807 479 quorum
824 440 962 469 Eusebius
978 446 1028 466 no-

238 485 303 532 men
323 500 427 531 tacuit,
453 497 567 525 forsitan
594 491 748 522 censendus
769 494 811 517 est
829 488 886 523 jam
904 494 919 514 a
948 485 1028 513 nobis

238 549 367 578 laudatus
380 545 520 580 Origenes,
542 541 589 577 qui
603 540 637 567 de
653 547 687 566 eo
705 535 816 571 scripsit
833 544 840 562 :
860 533 929 560 Mihi
952 531 1028 559 valde

239 595 314 623 utilis
330 579 444 621 videtur:
463 587 630 617 Athanasius
652 591 762 620 quoque
781 583 881 609 librum
902 579 1029 607 eumdem

240 642 357 677 appellat
372 640 393 656 "
413 648 419 665 :
438 635 615 665 Utilissimum
632 630 755 659 Pastoris
771 627 879 655 librum.
896 625 945 653 His
963 631 1030 652 vero

241 671 424 723 Hieronymus
441 684 462 700 "
474 691 489 710 a
507 681 586 709 nobis
603 676 731 712 subiungi
747 675 836 707 debet,
852 672 932 708 cujus
945 671 1028 699 etiam

245 734 347 763 'udicio
361 736 402 760 est
417 740 423 758 :
444 729 542 756 Revera
556 725 631 754 utilis
646 724 721 751 liber.

278 781 401 808 Alterum
425 781 539 804 summa).
562 770 685 808 ejusdem
709 767 772 796 libri
797 764 924 793 utilitatis
951 769 1033 797 argu-

244 830 366 856 mentum
383 823 446 851 hinc
461 820 594 850 eruimus,
610 816 682 852 quod
697 814 752 847 ille,
774 816 843 840 teste
859 808 987 841 Eusebio,
1004 807 1032 835 in

244 868 370 898 ecclesiis
385 865 494 902 publice
512 864 659 898 legeretur.
683 859 716 886 Et
734 858 760 886 id
780 856 890 909 quidem
898 861 963 909 'pon
985 859 1033 881 so-
1048 879 1071 909 Β

244 917 301 944 lum
313 915 347 942 ab
360 900 406 940 illo
422 910 582 940 doctissimo
594 908 672 938 viro.
690 905 736 932 sed
751 903 833 931 etiam
850 901 884 929 ab
898 900 1031 934 Hierony-

245 970 292 990 mo
307 960 423 988 traditur
437 958 470 991 ³³,
484 957 530 992 qui
546 965 552 983 :
567 953 645 989 Apud
653 951 794 988 quasdam,
809 948 910 984 inquit,
925 946 1035 974 θητεῖαι

245 1005 370 1034 ecclesias
389 1003 471 1030 etiam
481 991 584 1036 publice
596 998 714 1032 legitur;
730 1000 757 1023 et
772 1003 787 1022 a
800 993 898 1021 Rufino
909 992 932 1008 "
947 999 954 1018 :
969 991 1036 1024 Quae

246 1053 339 1081 onmia
362 1050 414 1085 legi
442 1048 547 1084 quidem
563 1046 590 1072 in
609 1044 726 1071 ecclesiis
745 1041 894 1069 uoluerunt.
912 1039 947 1065 At
963 1041 1037 1065 certe

247 1097 368 1135 episcopi
390 1096 465 1123 illum
490 1095 517 1121 in
538 1091 661 1120 ecclesiis
674 1089 783 1124 publice
798 1086 850 1122 legi
872 1085 1036 1117 noluissent,

249 1145 302 1174 nisi
319 1143 480 1172 habuissent
491 1139 605 1167 omnino
620 1142 794 1172 persuasum,
813 1133 876 1160 inde
890 1131 1037 1167 plurimam

249 1199 266 1219 ε
278 1188 442 1219 Christianis
455 1186 557 1222 percipi
574 1191 655 1220 posse
670 1182 825 1210 utilitatem.

288 1237 424 1264 Caeterum
454 1221 508 1260 non
546 1231 574 1258 in
603 1228 726 1257 ccclesiis
744 1227 877 1254 duntaxat
902 1223 971 1251 liber
995 1221 1040 1249 ille

251 1283 361 1319 publice
383 1280 538 1315 legebatur,
566 1283 659 1303 verum
683 1274 763 1302 etiam
789 1277 847 1300 erat
866 1271 893 1298 in
915 1269 1039 1297 omnium

252 1329 399 1361 manibus,
425 1326 466 1354 uti
496 1332 530 1352 ex
558 1323 675 1358 Origene
699 1320 830 1349 vidimus,
854 1320 982 1352 patetque
1005 1322 1039 1342 ex

253 1373 417 1406 Athanasio,
437 1371 483 1407 qui
496 1370 572 1397 illum
587 1367 719 1400 Catalogo
734 1365 865 1392 librorum
883 1361 980 1389 inserit
993 1360 1016 1376 "
1031 1369 1038 1387 :

254 1423 327 1456 Quae
349 1419 445 1447 Patres
469 1417 614 1444 sanxerunt
633 1412 683 1447 legi
703 1411 738 1438 iis
759 1410 803 1445 qui
819 1408 853 1436 ad
867 1407 946 1443 fidem
967 1414 1041 1433 acce-

253 1450 332 1499 dunt,
357 1464 517 1499 cupiuntque
537 1461 566 1487 in
589 1458 696 1493 pietatis
720 1455 797 1483 verba
822 1453 936 1481 institui.
963 1450 1042 1478 Unde

255 1520 355 1542 rursus
381 1498 514 1546 quantum
547 1506 565 1533 ii
595 1505 629 1533 ad
655 1503 801 1531 utilitatem
822 1498 1041 1527 Christianorum

1075 247 1166 282 gionis
1178 251 1280 275 uestrae
1291 247 1430 283 dogmata,
1442 255 1503 282 quae
1516 254 1655 281 nunquam
1668 245 1740 273 ﬁctis
1752 243 1871 271 somniis

1077 297 1104 320 et
1117 293 1196 321 falsis
1217 294 1371 322 visionibus
1391 294 1482 322 doceri
1497 293 1607 325 debent,
1624 299 1723 325 parum
1739 290 1871 318 idoneum

1077 347 1139 367 esse
1164 339 1333 374 omninoque
1352 340 1483 375 ineptum.
1511 338 1569 366 Non
1592 344 1742 373 possumus
1759 334 1872 370 quidem

1078 386 1118 413 ire
1133 385 1239 415 inficias
1254 385 1381 414 Hei-mam
1398 387 1436 413 uti
1452 385 1574 421 potuisse
1594 385 1647 412 alia
1667 382 1803 411 methodo
1818 386 1875 416 sty-

1079 434 1160 468 quue
1178 432 1350 467 simpliciori,
1374 432 1437 459 ideo
1459 436 1549 459 tamen
1575 438 1645 466 opus
1671 429 1748 456 illius
1765 428 1874 462 vitupe-

1080 479 1196 507 randum
1210 483 1258 506 aut
1274 478 1458 514 abjiciendum
1475 485 1536 505 esse
1549 477 1637 513 palam
1654 479 1812 511 aperteque
1825 481 1875 501 nec

1080 533 1187 562 gamus.
1211 525 1279 559 Quis
1303 525 1376 552 enim
1394 525 1430 552 ob
1452 525 1552 560 stylum
1570 522 1769 557 scribendique
1790 528 1877 556 genus

1080 581 1150 608 opus
1165 572 1229 600 illud
1242 571 1385 607 aspernari
1405 571 1506 598 audeat
1518 591 1526 604 ,
1540 570 1613 605 quod
1629 569 1738 601 Patres,
1752 566 1875 602 antiqui-

1082 623 1136 646 tate
1155 623 1182 646 et
1201 618 1327 645 doctrina
1346 617 1532 650 celeberrimi,
1550 616 1632 644 tantis
1648 608 1782 642 laudibus
1796 617 1876 640 extu-

1081 665 1148 698 lere,
1172 665 1300 700 quodque
1324 663 1493 692 sanctissimi
1515 662 1644 698 praasules
1658 661 1812 688 voluerunt
1829 667 1877 694 pu-

1082 712 1153 739 blice
1169 712 1195 739 in
1209 711 1336 739 ecclesiis
1351 711 1402 747 legi
1413 732 1420 741 .
1438 714 1521 745 atque
1534 709 1561 736 in
1574 707 1699 735 omnium
1713 714 1778 734 esse
1790 705 1877 733 mani-

1083 758 1152 786 bus?
1169 757 1318 785 Dicendum
1342 757 1435 792 itaque
1457 754 1585 783 Hel-mam
1602 754 1655 782 hoc
1668 758 1726 780 tam
1744 750 1877 786 singulari

1084 804 1227 839 scripsisse
1249 803 1319 838 stylo
1332 823 1341 836 ,
1360 802 1426 838 quia
1450 801 1526 829 illum
1540 800 1574 828 ad
1588 798 1751 827 alliciendos
1767 805 1879 824 moven-

1085 850 1189 885 dosque
1221 848 1362 876 hominum
1390 848 1517 880 animos,
1544 851 1625 881 atque
1655 845 1690 872 ad
1716 842 1877 871 tradendam

1085 896 1237 924 doctrinam
1263 903 1341 924 suam
1357 894 1530 930 aptissimum
1545 897 1571 921 et
1589 891 1815 920 efﬁcacissimum
1837 889 1879 924 ju-

1085 941 1206 970 dicabat.

1343 984 1544 1014 ARTICULUS
1559 983 1616 1012 XII.

1193 1034 1288 1062 Utrum
1308 1033 1410 1069 antiqui
1425 1031 1520 1060 Patres
1534 1031 1597 1058 illa:
1611 1030 1771 1065 spreuerint.

1123 1082 1194 1116 Quid
1206 1089 1282 1118 ergo,
1300 1081 1409 1116 inquies
1419 1101 1426 1113 ,
1439 1078 1569 1114 negarine
1581 1082 1671 1113 potest
1687 1077 1765 1103 httnc
1780 1075 1880 1103 librum

1088 1130 1123 1158 ab
1135 1129 1256 1164 antiquis
1268 1127 1396 1155 Patribus
1412 1125 1526 1161 despici,
1547 1132 1580 1152 ac
1598 1132 1649 1159 pro
1669 1123 1760 1150 nihilo
1774 1121 1882 1157 putari!

1088 1177 1168 1204 Certe
1185 1175 1314 1211 Origenes
1326 1172 1463 1208 expressis
1475 1171 1566 1199 verbis
1581 1169 1650 1198 dixit
1663 1169 1686 1185 ³⁷
1705 1178 1712 1196 :
1730 1170 1751 1196 Α
1773 1168 1880 1203 quibu-

1088 1224 1152 1251 dam
1175 1215 1362 1250 contemnitur.
1387 1219 1572 1247 Tertullianus
1595 1225 1660 1244 vero
1669 1216 1717 1242 "z
1740 1214 1881 1250 Scriptura

1089 1269 1213 1296 Pastoris
1229 1267 1287 1294 sola
1307 1266 1419 1294 moechos
1432 1269 1541 1292 amat...
1559 1263 1591 1290 ab
1609 1263 1682 1290 omni
1695 1261 1813 1288 concilio
1834 1260 1881 1286 Er-

1090 1316 1231 1344 clesiarum
1251 1314 1331 1341 etiam
1345 1317 1491 1340 vestrarum
1509 1311 1578 1338 inter
1597 1308 1751 1344 apocrypha
1769 1312 1795 1334 et
1814 1307 1881 1341 falsa

1086 1362 1237 1397 judicatur.
1253 1359 1435 1395 Hieronymus
1449 1362 1539 1384 autem
1551 1356 1627 1383 illum
1640 1362 1695 1382 non
1707 1354 1800 1382 solum
1815 1360 1881 1380 can—

1091 1407 1187 1440 temni,
1202 1405 1249 1434 sed
1265 1410 1293 1434 et
1304 1403 1426 1432 stultitim
1442 1402 1518 1438 argui
1533 1399 1679 1428 testatur"
1697 1408 1705 1426 :
1725 1397 1809 1425 Liber
1827 1397 1881 1428 ille,

1092 1453 1191 1488 inquit,
1214 1450 1378 1486 apocrypha:
1406 1447 1531 1476 stultitia
1545 1443 1764 1472 condemnandus
1783 1447 1836 1474 at,
1859 1443 1883 1468 in

1092 1507 1143 1535 quo
1163 1498 1291 1532 scriptum
1311 1500 1360 1529 est,
1385 1493 1524 1529 quemdam
1545 1491 1665 1526 angelum
1684 1490 1794 1516 nomine
1824 1488 1883 1523 Tyri

257 1561 330 1588 hanc
346 1535 566 1585 lucilbrationem
579 1550 732 1580 conducere
745 1546 897 1578 crederent,
906 1543 985 1572 facile
1000 1543 1042 1570 in-
1055 1554 1079 1586 ρ
1093 1552 1203 1581 praeesse
1219 1542 1367 1578 reptilibus.
1391 1541 1513 1575 Denique
1532 1538 1650 1571 Prosper
1663 1535 1798 1564 Collatori
1811 1555 1820 1569 ,
1836 1543 1883 1562 an-

255 1604 397 1634 telliaitur.

295 1613 312 1632 Il
333 1613 397 1631 IllII'.

292 1613 416 1678 Tgrtium
439 1649 630 1682 argumentum
651 1649 684 1670 ex
707 1640 752 1668 his
776 1637 886 1666 Eusebii
915 1635 1006 1664 verbis
1022 1634 1045 1650 '°

257 1699 349 1727 adhuc
372 1695 481 1724 elicitur
507 1701 514 1720 :
539 1690 676 1724 Quosdam
695 1695 728 1715 ea:
749 1684 934 1714 vetustissimis
961 1682 1045 1718 ipsius

258 1744 408 1775 testimonio
427 1749 488 1769 usos
509 1740 599 1775 fuisse.
621 1736 658 1764 Ea
676 1742 794 1769 namque
818 1731 963 1760 manifeste
983 1736 1047 1765 pro-

258 1795 326 1824 bant
349 1795 453 1829 quanto
487 1789 533 1816 hic
559 1787 627 1814 liber
654 1784 720 1819 ipsis
750 1782 867 1816 aliisque
898 1777 1046 1814 plurimis,

258 1842 306 1878 qui
323 1825 427 1868 ενι-1110
447 1836 549 1872 pariter
575 1830 732 1860 testimonia
751 1828 837 1855 multa
863 1825 1046 1861 protulerunt,

259 1870 342 1915 fuerit
358 1885 384 1912 in
405 1870 501 1919 pretio.
523 1877 601 1913 Quod
630 1883 696 1904 sane
717 1882 749 1902 ex
774 1874 897 1908 ipsorum
913 1870 1014 1901 verbis.
1031 1876 1047 1896 a

259 1933 341 1961 nobis
352 1917 422 1959 inter
446 1931 570 1956 veterum
585 1923 742 1953 testimonia
764 1919 868 1951 relatis,
882 1917 983 1946 clarius
1000 1923 1049 1950 pa-

261 1978 339 2007 tellit.

297 2023 432 2057 Quartum
448 2020 639 2054 argumentum
655 2013 699 2041 his
716 2012 803 2040 tribus
819 2007 981 2036 Eusebianis
994 2013 1048 2033 non

263 2051 415 2104 incongrue
438 2051 553 2092 forsitan
572 2061 696 2096 adjicies,
719 2058 862 2085 utilitatem
886 2055 967 2089 hujus
987 2051 1050 2079 libri

262 2124 298 2146 ex
313 2115 372 2150 ejus
387 2112 515 2143 lectione,
531 2109 573 2136 vel
590 2108 671 2134 etiam
685 2113 717 2132 ex
734 2104 790 2132 sola
805 2103 890 2133 illius,
907 2108 989 2136 quam
1003 2099 1052 2126 dc-

263 2145 367 2194 dimus,
381 2158 485 2194 analysi
506 2162 588 2191 posse
604 2161 618 2180 a
635 2151 758 2187 quolibet
782 2149 861 2176 facile
873 2147 994 2183 agnosei.
1011 2145 1050 2172 Ex

264 2208 311 2236 illa
327 2193 462 2240 siquidem
487 2200 566 2228 facile
581 2197 719 2232 Colligitur
740 2195 861 2222 auctoris
877 2193 963 2220 nostri
988 2199 1051 2219 sco-

1095 1591 1250 1620 ctoritatem
1269 1588 1376 1616 Hermae
1386 1586 1537 1622 objicieuti,
1554 1583 1731 1619 respondet“
1746 1590 1754 1608 :
1773 1581 1839 1608 Post
1855 1581 1885 1607 it-

1096 1637 1142 1664 lud
1154 1641 1241 1663 autem
1250 1634 1350 1662 nullius
1368 1633 1535 1661 auctoritatis
1548 1628 1822 1664 testimonium.’quod
1833 1629 1886 1655 dis-

1096 1682 1229 1718 putationi
1239 1689 1295 1708 sua:
1306 1680 1338 1708 de
1349 1679 1439 1706 libello
1451 1678 1573 1705 Pastoris
1587 1678 1711 1704 inseruit.

1133 1728 1233 1755 Verum
1246 1727 1268 1754 si
1286 1727 1342 1753 hazc
1357 1724 1468 1752 Patrum
1483 1722 1638 1751 testimonia
1652 1721 1816 1757 diligentius
1827 1727 1888 1747 en-

1098 1774 1247 1804 minenlur,
1262 1771 1373 1806 planum
1392 1769 1496 1805 liquido
1511 1769 1556 1796 tiet
1565 1767 1655 1803 primo
1670 1767 1820 1802 Origenem
1836 1773 1886 1793 non

1098 1818 1210 1851 dixisse,
1223 1817 1270 1852 qui
1282 1816 1395 1849 fuerint,
1409 1815 1522 1850 cujusve
1535 1813 1666 1846 nominis,
1679 1812 1723 1839 vel
1735 1812 1839 1847 quibus
1851 1818 1888 1838 ra-

1101 1865 1222 1893 tionibus
1238 1863 1310 1897 fulti,
1325 1863 1344 1890 ii
1354 1862 1402 1897 qui
1416 1861 1488 1888 hunc
1500 1860 1598 1888 librutn
1614 1858 1770 1894 despicatui
1788 1858 1888 1885 habue-

1100 1916 1174 1939 runt.
1189 1911 1224 1938 At
1236 1914 1308 1938 certe
1325 1917 1358 1936 ex
1377 1908 1463 1943 ipsius
1483 1910 1574 1934 mente
1585 1913 1632 1933 eos
1646 1905 1785 1932 obscuros
1797 1903 1886 1937 fuisse,

1101 1958 1204 1986 nullius
1225 1955 1411 1988 auctoritatis,
1430 1953 1568 1987 nullisque
1585 1951 1725 1979 rationum
1744 1950 1888 1978 momentis

1101 2003 1232 2037 munitos,
1246 2001 1309 2029 inde
1325 2000 1489 2035 colligimus.
1499 1998 1571 2034 quod
1584 1998 1626 2024 vir
1640 1997 1685 2024 ille
1699 1997 1886 2028 doctissimus,

1101 2050 1142 2078 uti
1155 2050 1284 2081 vidimus,
1293 2048 1444 2075 doctrinam
1455 2046 1482 2072 in
1495 2045 1648 2073 hoceodem
1664 2043 1738 2071 libro
1752 2044 1887 2076 traditam,

1102 2096 1230 2124 divinitus
1245 2094 1402 2128 inspiratam
1414 2099 1475 2119 esse
1494 2090 1640 2126 Putaverit.

1138 2142 1216 2177 Quod
1230 2144 1334 2177 spectat
1352 2139 1384 2167 ad
1399 2138 1608 2170 Tertullianum,
1621 2140 1726 2164 certum
1747 2140 1791 2163 est
1806 2135 1886 2166 illum,

1104 2197 1166 2218 cum
1180 2189 1237 2215 haec
1253 2186 1395 2216 scriberet,
1406 2184 1462 2220 jam
1478 2184 1506 2210 in
1519 2182 1750 2210 Montanistarum
1764 2181 1889 2208 incidisse

266 2226 311 2236 ιι...
327 2226 462 2240 ν.,,,.--...
488 2226 528 2228 η,
543 2226 563 2227 η
647 2226 661 2232 υ

264 2260 330 2290 pum
350 2257 412 2278 esse
428 2247 552 2275 homines
567 2245 600 2272 ad
622 2243 753 2279 agendam
773 2245 945 2276 peccatorum
966 2238 1053 2273 paeni-
1069 2230 1091 2258 Ι)
1105 2233 1230 2262 haeresim
1247 2241 1255 2263 :
1274 2231 1397 2265 nullique
1412 2229 1515 2256 idcirco
1533 2228 1634 2255 mirum
1653 2234 1716 2254 esse
1740 2227 1852 2259 debere,
1867 2226 1887 2253 si

709 2288 724 2290 ν·
849 2287 864 2290 --
1105 2285 1159 2290 ...__
1175 2279 1219 2290 :n-
1236 2277 1368 2290 ,ιιιῑιυηιηνι
1383 2272 1552 2290 ηρηιιιηιίι-ἕρ
1564 2271 1671 2290 "nr-man
1688 2270 1876 2290 manlnritalnm

264 2287 391 2329 tentiam,
403 2296 437 2323 ad
448 2293 611 2322 indefessum
624 2288 769 2318 virtutibus
781 2287 921 2319 omnibus,
935 2291 1052 2320 quarum

265 2342 492 2381 praestantissima
513 2347 629 2375 qumque
652 2341 784 2374 praecepta
811 2334 908 2367 tradit,
936 2331 1053 2359 dandam

266 2385 390 2427 operam,
403 2389 436 2416 ad
453 2386 656 2424 persecutiones
673 2389 864 2419 tyrannorum,
875 2379 988 2415 jamjam
1006 2377 1055 2404 im.

267 2438 401 2477 mittentes
413 2456 421 2470 ,
437 2433 585 2462 fortissime
598 2435 624 2459 et
638 2430 670 2458 ad
686 2434 801 2457 mortem
814 2435 900 2462 usque
913 2424 1053 2461 patientis-

267 2473 337 2512 sime
370 2480 562 2511 sustinendas,
591 2475 751 2508 adhortari,
772 2473 933 2506 incendere,
954 2476 1050 2505 atque,

266 2530 293 2560 si
315 2529 357 2557 fas
380 2527 492 2560 fuisset,
516 2523 688 2559 compellere.
712 2520 779 2555 Quae
798 2518 922 2555 profecto
942 2521 1052 2552 quantae

265 2573 433 2604 Christianis
442 2573 496 2600 sint
503 2570 638 2602 utilitatis,
651 2574 792 2595 nemonon
807 2565 889 2592 videt.

304 2619 499 2648 Verumtamen
525 2615 547 2644 si
567 2616 601 2643 de
617 2613 737 2641 auctoris
753 2611 841 2639 nostri
856 2610 927 2637 libro
941 2613 1053 2637 senten-

269 2666 307 2694 tia
333 2673 366 2692 ex
390 2662 570 2699 quorumdam
600 2656 715 2694 hujusce
748 2655 878 2691 temporis
908 2654 1052 2682 hominum

271 2711 386 2740 acutiori
399 2709 471 2737 baud
483 2707 564 2736 dubie
577 2705 685 2741 ingenio
698 2703 809 2731 ferenda
828 2702 874 2735 sit,
889 2701 1054 2737 pronuntia-

307 2794 327 2833 ’ξ
338 2791 434 2833 Iilee
441 2790 580 2833 lncqrqat.
595 2787 671 2815 Vera.
686 2786 768 2833 pan-lo
791 2788 852 2833 pplst
871 2784 922 2825 init

274 2827 360 2878 Epist.
371 2827 463 2855 Pasch.
502 2825 584 2851 "Ioc.
599 2831 660 2858 sup.
680 2831 695 2849 c

287 2864 296 2878 °
305 2863 352 2889 hb.
365 2867 434 2888 cont.
447 2860 546 2887 Collat.
568 2865 628 2893 cap.
645 2857 697 2893 βο.

634 2809 766 2858 litigi.“
791 2809 941 2847 macies.
979 2809 1120 2845 ’διίδζυέ
1141 2814 1273 2851 pudicit.,
1289 2817 1351 2845 cap.
1363 2809 1411 2835 eo.

1104 2285 1162 2308 tum
1175 2279 1220 2306 ille
1235 2277 1369 2312 objectam
1383 2272 1553 2303 aCatbolicis
1564 2271 1671 2299 Hermae
1687 2270 1887 2301 auctoritatem,

1105 2334 1176 2355 vano
1197 2327 1353 2358 contemptu
1380 2325 1536 2355 conatuque
1559 2319 1638 2346 irrito
1667 2317 1781 2346 eludere
1807 2322 1889 2345 tenta-

1104 2374 1184 2402 verit.

1140 2420 1227 2448 Porro
1247 2418 1270 2446 si
1285 2416 1434 2446 contendas
1459 2413 1525 2442 illud
1547 2419 1641 2440 verum
1663 2418 1736 2444 esse,
1751 2410 1824 2446 quod
1837 2409 1889 2445 ipse

1105 2468 1214 2504 adjecit,
1229 2466 1300 2493 hanc
1308 2464 1471 2499 scripturam
1482 2461 1516 2488 ab
1530 2458 1659 2487 Ecclesiis
1670 2457 1815 2485 catholicis
1825 2457 1888 2484 inter

1107 2502 1264 2549 apocrypha
1278 2515 1306 2538 et
1319 2509 1387 2536 falsa
1404 2507 1534 2543 iudicari,
1554 2511 1716 2540 responsum
1732 2502 1850 2538 accipies
1860 2502 1887 2528 il-

1108 2560 1164 2587 lum
1179 2567 1212 2586 eo
1225 2562 1331 2585 tantum
1349 2562 1433 2582 sensu
1456 2553 1496 2580 sic
1516 2552 1655 2583 locutum,
1677 2554 1708 2578 ut
1729 2550 1887 2585 signiﬁcaret

1109 2606 1181 2633 hanc
1196 2600 1415 2630 Iucubralionem
1439 2598 1511 2626 inter
1527 2603 1622 2624 sacros
1643 2595 1794 2630 Scriptura:
1814 2594 1887 2621 libros

1108 2659 1164 2678 non
1180 2646 1366 2679 annumerari,
1381 2645 1434 2678 vel,
1451 2649 1481 2672 ut
1495 2643 1586 2671 verbis
1602 2642 1665 2677 ejus
1689 2647 1812 2675 utamur.
1827 2640 1888 2667 diri-

1108 2698 1167 2726 vino
1182 2697 1356 2724 instrumento
1375 2700 1427 2719 non
1441 2689 1533 2717 incidi.
1553 2687 1647 2723 Neque
1665 2688 1741 2716 enim
1755 2687 1841 2723 potuit
1852 2685 1887 2713 af-

980 2783 1002 2799 ³¹
1011 2782 1049 2810 De
1061 2782 1193 2815 scriptor.
1211 2777 1302 2805 eccles.
1341 2772 1489 2815 'fI‘bidem:
1495 2806 1514 2815 Ὶ
1526 2765 1884 2815 "inlapqsthfin

1453 2807 1474 2823 ”
1484 2806 1530 2834 lib.
1550 2813 1558 2832 ι
1575 2801 1727 2833 Comment.
1750 2804 1777 2831 iu
1792 2801 1883 2830 ﬂatu.
