1920 3104
51 169 100 202 815

686 171 800 203 PAS’I‘O
806 174 840 202 R.
860 188 893 194 —
910 172 1092 202 ΡΒΟἝΜΙΛ,

1624 176 1678 204 8ίῦ

20 251 25 256 ι
52 235 152 261 ﬁrmare
165 233 240 262 hunc
255 231 357 262 librum
370 234 404 263 ab
416 233 550 269 Ecclesia,
568 239 598 263 ut
610 234 797 270 apocrypbum
810 242 817 262 ε

869 250 874 260 ι
887 229 991 264 oppleri
1007 238 1013 256 :
1029 229 1103 265 quod
1118 229 1228 264 quidem
1247 230 1326 258 nobis
1343 230 1432 259 fusius
1442 232 1611 267 probandum
1623 240 1675 262 est.

52 279 152 312 falsum.
160 279 186 307 id
194 285 237 308 est
245 289 405 314 erroncum,
419 282 622 317 supposititium
638 287 665 311 et
677 282 833 311 fabulosum

52 327 130 362 rejici,
144 327 209 362 quin
225 328 359 356 continuo
379 329 438 364 ipse
457 329 519 356 falsi
536 330 572 357 ab
594 330 628 358 iis
650 330 779 358 omnibus
793 339 834 358 ar-

52 378 180 408 gueretur,
193 382 313 409 quorum
326 376 481 403 testimonia
497 377 530 404 ad
543 376 664 411 ejusdem
685 377 749 404 libri
785 383 833 404 ve-

52 421 148 448 ritatem
162 421 367 457 utilitatemque
388 422 557 457 probandam
576 431 658 458 supra
675 424 829 452 retulimus.

81 466 214 500 Quantum
231 475 298 495 vero
312 468 344 495 ad
357 468 554 505 Hieronymum
564 490 572 502 ,
589 469 647 504 ipsc
659 470 783 498 eamdem
797 471 830 498 lio

52 513 87 540 bri
107 514 184 548 hujus
206 514 356 542 utilitatem
379 514 406 542 in
431 515 492 543 aliis
511 516 749 544 lucubrationibus
771 517 831 545 suis

52 564 106 588 ante
120 564 146 587 et
162 565 224 595 post
247 568 330 588 suum
358 561 386 588 in
403 561 532 589 IIabacuc
545 562 779 590 Commentarium
791 563 831 590 di-

50 607 164 642 vulgatis,
176 607 317 642 prredicat.
335 607 394 635 Non
410 613 515 643 poterat
529 608 613 644 igitur
623 616 734 636 omnem
756 610 830 637 hunc

49 652 138 681 librum
152 654 278 681 stultitiae
294 654 464 682 insimulare.
479 654 513 682 Et
529 663 559 682 re
577 655 688 690 quidem
700 663 764 683 vera
779 656 827 683 uni

50 704 143 728 tantum
160 701 234 729 illius
252 701 325 735 loco,
341 701 389 729 ubi
408 701 441 729 de
460 702 558 737 angelo
570 702 714 737 reptilibus
736 702 829 738 praesi-

48 746 128 778 dente.
145 754 303 774 sermonem
321 747 378 775 Iieri
392 747 515 783 putabat,
533 748 664 776 censoria:
674 749 828 777 severitatis

48 797 130 820 notam
144 793 254 821 inussit.
270 792 368 820 Verum
380 793 494 821 exinl'ra
502 793 624 821 dicendis
639 802 693 822 non
709 795 827 822 obscure

48 838 239 866 demonstratur
246 843 374 866 sanctum
383 839 522 866 doctorem
534 839 722 874 incorruptum
729 848 826 875 quem.

46 884 100 911 dam
111 884 242 917 codicem,
257 892 290 912 ex
303 892 357 920 quo
371 886 494 914 auctoris
508 890 629 913 mentem
646 886 758 921 assequi
769 893 824 913 non
839 903 862 931 Β

46 930 162 965 potuerit,
180 930 298 958 fortuito
313 931 451 959 incidisse.

75 976 110 1003 Ad
130 976 261 1012 Prosperi
284 978 474 1006 auctoritatem
492 985 658 1014 responsum
676 984 730 1013 est,
751 980 826 1008 hunc

46 1022 133 1050 librum
146 1024 204 1058 qui.
229 1028 302 1052 teste
315 1024 483 1060 Hieronymo
493 1044 500 1058 ,
518 1025 589 1060 apud
605 1025 717 1053 Latinos
728 1046 737 1060 ,
761 1034 826 1061 pene

45 1070 139 1104 ignotus
153 1074 223 1103 erat,
240 1071 294 1105 ipsi
319 1078 430 1106 quoque
452 1070 541 1099 fuisse
561 1071 743 1107 incognitum.
768 1071 825 1100 Nec

44 1116 149 1143 absurde
160 1117 242 1155 etiam
258 1117 416 1152 responderi
426 1121 526 1152 potest,
540 1118 707 1154 Prosperum
720 1118 824 1147 dixisse

44 1164 221 1197 testimonium,
235 1171 290 1192 non
308 1172 372 1192 vero
388 1163 488 1192 librum
506 1165 623 1198 Hermae,
640 1165 744 1194 nullius
763 1173 824 1194 esse

43 1209 211 1237 auctoritatis.
225 1209 288 1242 Quo
310 1210 421 1244 quidem
438 1211 521 1238 verbo
536 1211 599 1238 data
611 1219 694 1246 opera
710 1211 757 1239 ille
769 1211 823 1240 l‘or-

44 1247 107 1282 tasse
118 1263 183 1282 usus
203 1260 257 1288 est,
283 1260 313 1282 ut
324 1256 512 1284 testimonium
532 1264 566 1284 ex
589 1258 682 1293 aliquo
706 1257 823 1293 hujusce

44 1300 96 1328 libri
109 1301 166 1330 loco
179 1310 194 1330 a
205 1301 344 1330 Collatore
355 1301 503 1338 prolatum,
515 1303 586 1331 nihil
598 1304 632 1332 ad
643 1303 821 1333 asserendam

42 1347 94 1382 ejus
106 1348 261 1384 opinionem
273 1348 428 1376 conducere
444 1349 610 1378 ostenderet.

276 1404 477 1434 ABTICULUS
500 1406 570 1434 XIII.

74 1452 152 1485 Quam
164 1457 259 1480 temere
271 1452 300 1480 hi
313 1453 375 1479 libri
391 1460 408 1480 α
421 1453 580 1488 quibusdem
592 1455 782 1483 recentioribus

308 1493 509 1515 contemnantur
518 1490 531 1516 .’

71 1533 132 1561 Cum
147 1542 211 1570 ergo
226 1538 269 1563 tot
285 1534 413 1562 Ecclesiae
426 1534 533 1568 Patres,
549 1541 576 1564 et
590 1536 775 1572 antiquissimi
790 1542 818 1566 et

41 1579 187 1614 doctissimi,
202 1581 347 1608 utilitatem
360 1579 494 1608 librorum
517 1580 623 1610 Hermae
640 1586 732 1617 aperte
747 1590 816 1617 prte-
829 1581 852 1612 α

42 1625 121 1653 dicent
140 1626 324 1662 laudibusque
344 1627 472 1655 maximis
484 1628 626 1660 extollant,
642 1628 705 1663 quis
718 1636 816 1656 recen.

42 1673 129 1701 tiorum
148 1675 330 1710 quorumdam
347 1675 513 1710 scriptorum
537 1675 716 1704 temeritatem
730 1675 815 1704 casti-

41 1719 142 1753 gandam
156 1728 209 1748 non
220 1725 342 1754 censeat,
356 1729 372 1749 a
383 1721 484 1757 quibus
498 1721 542 1749 hic
556 1721 623 1749 liber
635 1728 689 1749 u0n
705 1729 815 1750 summo

41 1768 132 1793 tantum
146 1768 314 1803 contemptui
327 1768 452 1800 habetur,
475 1776 572 1795 verum
587 1768 668 1796 etiam
685 1769 815 1796 audacter

886 275 1068 304 Bellarminus
1082 277 1183 304 etenim
1196 281 1224 304 et
1236 277 1282 304 alii
1298 277 1409 312 quidam
1424 277 1554 307 'Hermam
1571 279 1675 309 idcirco

884 322 986 350 erroris
1000 322 1171 355 insimulant,
1189 323 1263 357 quod
1282 323 1320 350 ibi
1337 323 1455 351 disserat
1467 324 1504 357 δ’,
1521 326 1553 352 de
1572 326 1675 354 duobus

883 368 980 403 geniis,
994 368 1047 394 sive
1058 367 1159 394 duobus
1173 368 1285 403 angelis,
1300 377 1353 396 uno
1374 369 1441 396 bona
1452 375 1476 397 et
1493 370 1577 398 altera
1592 373 1674 406 malo,

883 413 994 449 singulis
1003 414 1152 441 hominibus
1168 423 1183 441 a
1193 414 1248 441 Deo
1263 415 1404 443 tributis...
1416 415 1500 449 Quem
1513 425 1629 445 errorem
1639 427 1672 446 es

882 459 930 486 hoc
945 464 1054 487 auctare
1061 461 1161 495 accepit
1173 460 1318 488 Cassianus
1328 461 1351 478 "
1364 481 1371 494 ,
1389 467 1413 488 et
1428 467 1489 490 ante
1503 472 1562 490 eum
1580 464 1674 500 Orige-

882 515 926 534 nes
935 507 968 534 “.
985 506 1023 534 De
1038 507 1090 535 hac
1108 511 1198 534 tamen
1221 507 1350 542 opinione
1368 509 1408 535 sic
1429 508 1551 543 loquitur
1565 510 1676 539 Cassia-

881 560 934 580 nus
941 552 976 585 ⁸⁵,
988 559 1021 580 ac
1034 551 1057 579 si
1071 559 1132 579 eam
1149 560 1203 579 non
1218 551 1337 585 Hermae,
1355 553 1402 580 sed
1425 553 1573 589 Scriptura:
1586 563 1674 585 sacra

881 598 1042 626 auctoritate
1057 598 1193 625 ﬁrmatam
1208 605 1270 626 esse
1286 598 1457 628 credidisset.
1474 600 1576 629 Deinde
1594 601 1674 630 Basi-

880 645 934 673 lius
956 649 983 672 et
1003 644 1150 680 Gregorius
1165 643 1306 680 Nysswus
1337 645 1364 672 in
1396 646 1490 673 eadem
1514 647 1547 674 de
1565 648 1673 677 duobus

880 692 994 726 angelis,
1009 699 1062 719 non
1081 699 1160 719 secus
1180 696 1262 726 atque
1281 690 1396 719 Hermas
1409 697 1436 720 et
1456 693 1597 728 Origenes,
1609 699 1675 722 sunt

879 738 1017 772 opinione.
1036 737 1167 772 Magister
1177 744 1244 764 vero
1259 738 1457 766 sententiarum
1469 739 1493 754 ⁸⁸
1507 739 1541 766 de
1552 740 1597 767 illa
1609 744 1670 767 tan-

879 791 961 819 quam
989 783 1145 811 nullomodo
1170 783 1346 818 improbabili
1370 784 1502 819 disputat.
1534 783 1668 817 Estius".

878 837 961 865 porro
975 830 1003 857 id
1027 830 1162 858 incertum
1187 837 1249 858 esse
1268 831 1378 858 asserit.
1396 830 1459 859 Haec
1480 832 1563 867 igitur
1577 832 1672 867 opinio

876 876 1017 903 immerito
1028 875 1064 903 ab
1081 875 1142 903 aliis
1158 875 1299 903 nonnullis
1315 881 1443 911 tanquam
1467 870 1567 905 noxiu's
1588 886 1668 905 error

877 923 1012 959 rejicitur.
1030 922 1082 956 Qui
1093 923 1172 958 plura
1183 923 1217 950 dc
1232 923 1283 950 hac
1293 923 1443 958 quaestione
1457 925 1527 951 scire
1541 924 1668 958 voluerit,

877 970 967 1002 adeat,
985 969 1007 997 si
1019 969 1105 1003 lubet,
1122 969 1250 997 Gazteum
1266 970 1293 996 in
1307 970 1419 997 citatum
1432 970 1557 998 Cassiani
1567 971 1669 1006 locum,

876 1020 904 1044 et
917 1016 944 1043 in
956 1016 1079 1051 ejusdem
1090 1015 1189 1043 Collat.
1203 1015 1248 1048 i5,
1263 1023 1324 1050 cap.
1341 1015 1389 1048 i2;
1404 1015 1551 1044 Maldonat.
1569 1017 1595 1044 in
1606 1025 1667 1052 cap.

876 1063 924 1098 £8;
941 1063 1017 1091 Matt.
1031 1062 1111 1096 ﬂuet,
1128 1063 1174 1090 lib.
1191 1071 1210 1090 ιι
1230 1062 1396 1098 Origeniam,
1408 1068 1504 1098 qumst.
1518 1063 1546 1098 5,
1561 1063 1575 1100 ᾖ
1593 1064 1627 1092 50
1641 1069 1670 1092 ct

874 1114 1000 1145 sequent.

908 1157 965 1185 Nec
987 1157 1251 1192 pmtermittendum
1281 1162 1323 1186 est
1347 1157 1480 1193 quosdam
1508 1163 1667 1186 autumasse

875 1204 946 1232 hanc
965 1204 1141 1239 opinionem,
1158 1204 1243 1239 magis
1266 1203 1301 1231 ad
1325 1204 1431 1239 fabulas
1450 1203 1583 1239 fulserunt
1603 1205 1667 1233 reli-

873 1251 979 1286 gionum
990 1251 1129 1286 pertinere,
1142 1258 1222 1286 quam
1235 1249 1349 1277 solidum
1362 1251 1388 1277 in
1401 1251 1522 1278 doctrina
1538 1251 1666 1279 Christia-

872 1305 907 1324 na
918 1297 1014 1324 habere
1025 1296 1236 1331 fundamentum.
1254 1295 1307 1323 Sed
1329 1296 1374 1324 cui
1394 1297 1524 1324 credibile
1538 1298 1583 1325 fiet
1597 1297 1666 1326 Iler-

871 1350 945 1370 marn
959 1349 975 1370 a
991 1342 1104 1378 paganis
1128 1341 1220 1377 potius
1243 1344 1326 1377 quam
1351 1342 1387 1370 ab
1407 1343 1565 1378 apostolicis
1584 1343 1663 1378 viris,

871 1389 924 1416 sibi
935 1388 1044 1422 coaevis,
1061 1388 1135 1416 illam
1152 1389 1311 1423 accepisse?
1334 1387 1363 1416 Si
1381 1396 1413 1416 ex
1434 1388 1572 1416 Ambrosii
1591 1389 1663 1417 alio-

870 1442 998 1470 rumque,
1014 1435 1048 1463 de
1066 1435 1167 1470 quibus
1182 1434 1247 1462 alibi
1263 1435 1421 1470 disputandi
1445 1435 1523 1463 locus
1537 1435 1659 1470 dabitur,

869 1481 1051 1516 quorumdam
1063 1480 1286 1508 doctissimorum
1300 1479 1412 1508 Patrum
1429 1481 1571 1516 principiis
1581 1489 1662 1517 argu-

869 1529 1043 1559 mentemur,
1062 1525 1209 1554 dicendum
1224 1530 1268 1554 est
1286 1533 1302 1554 e
1325 1527 1464 1554 contrario
1483 1534 1603 1562 paganos
1625 1527 1661 1555 ab

868 1578 1010 1600 auctorum
1021 1577 1176 1600 nostrorum
1190 1572 1312 1601 rentibus
1320 1573 1414 1600 omnia
1425 1573 1552 1602 hausisse
1564 1573 1661 1610 liuius-

867 1618 973 1647 cemodi
986 1619 1119 1646 doctrinae
1132 1619 1271 1654 dogmata.

1119 1674 1320 1703 ARTICULUS
1344 1674 1403 1703 XV.

1004 1731 1062 1760 Hos
1075 1731 1156 1759 libros
1172 1740 1225 1759 non
1239 1732 1326 1767 favere
1341 1731 1510 1760 Novatianis.

901 1778 1044 1807 Secundus
1062 1785 1142 1807 error
1166 1779 1246 1814 cujus
1268 1778 1382 1807 Hermas
1403 1779 1528 1814 arguitur
1541 1778 1655 1814 majoris

41 1812 332 1849 rePudiimﬂ'»umquam
350 1814 556 1848 WPPO‘ilm'l",
567 1818 593 1841 ετ
603 1834 610 1848 ν
625 1820 653 1842 ιη
670 1814 812 1842 “mimae
863 1824 986 1860 profecto
999 1829 1042 1853 est
1054 1812 1208 1853 momenti;
1218 1825 1303 1852 Aiunt
1320 1825 1392 1853 enim
1407 1812 1470 1852 eum
1492 1812 1656 1853 disseruisse

39 1863 79 1890 est,
95 1859 123 1886 ab
137 1860 268 1888 haereticis
281 1861 450 1895 deprauatus,
471 1866 548 1897 atque
568 1861 712 1890 lueresibus
727 1866 752 1889 et
768 1862 812 1897 fa-

869 1872 895 1898 te
906 1871 986 1899 unica
998 1872 1154 1906 paenitentia
1164 1872 1309 1898 secundum
1318 1879 1420 1899 errores
1429 1870 1653 1903 Novatianorum,

39 1902 97 1932 bu“
111 1906 243 1941 ορριειυσῖ
257 1906 359 1935 verum
379 1908 519 1936 enimvero
543 1909 710 1944 argumentis
724 1909 812 1936 ηθυῑί·
862 1917 958 1953 quibus
971 1902 1013 1944 hic
1028 1916 1097 1944 liber
1110 1916 1216 1943 omnino
1231 1917 1320 1952 fauere
1333 1918 1446 1944 videtur.
1462 1917 1515 1944 Sed
1537 1917 1581 1944 hic
1601 1902 1654 1944 mi;

38 1957 108 1984 ‘l‘mm
122 1953 279 1999 spernendis
290 1953 346 1988 Iam
359 1954 536 1999 ρτρὶηνῑηιιιε
554 1955 629 1982 “mm
645 1954 752 1983 Hermae
762 1963 809 1983 νθ-
861 1964 917 1992 rari
929 1964 1004 1992 subit
1014 1971 1096 1999 quam
1109 1963 1246 1991 diversum
1263 1964 1429 1999 quandoque
1442 1963 1515 1991 docti
1528 1963 1652 1992 homines

39 2002 90 2022 rum
102 1997 299 2034 genuinumque
312 2006 373 2026 esse
386 1998 482 2032 fetum,
496 1999 664 2036 proindeque
683 2000 811 2036 supposi-

869 2010 895 2037 le
911 2017 940 2037 re
959 1997 1115 2043 unaVatque
1133 2008 1240 2041 eadem,
1269 2016 1320 2036 nec
1336 2008 1415 2043 plane
1431 2008 1559 2042 obscura,
1578 2008 1653 2044 judi-

39 2039 107 2068 tiouis
118 2045 214 2070 temere
224 2044 359 2072 accusari.

67 2085 165 2116 Falsum
185 2094 277 2118 autem
301 2095 343 2118 est
367 2090 442 2118 illum
466 2091 566 2121 fabulis
579 2092 716 2128 oppletum
736 2101 807 2126 esse,

37 2132 123 2168 quippe
142 2135 188 2170 qui
202 2137 322 2165 visiones
340 2143 446 2166 tantum
470 2139 618 2172 contineat,
632 2148 701 2175 quas
724 2140 807 2168 etiam

38 2186 82 2206 non
93 2182 220 2210 Immerito
229 2184 311 2218 plane
319 2184 381 2219 jure
391 2185 425 2212 ab
437 2189 549 2212 auctore
563 2190 709 2220 usurpatas
725 2187 807 2221 paqu

37 2227 114 2253 ante“
126 2230 303 2258 ostendimus.
320 2230 428 2258 Falsum
442 2236 484 2259 est
498 2239 607 2267 quoque
621 2232 695 2259 hunc.
706 2233 805 2260 librum

36 2271 65 2298 ab
77 2272 201 2304 hrreticis
213 2276 391 2312 depravatum
408 2277 502 2312 fuisse,
519 2283 549 2306 ut
559 2285 653 2314 aperte
663 2280 804 2315 colligitur

36 2323 63 2343 ex
75 2320 150 2348 variis
163 2320 273 2350 Patrum
284 2323 459 2358 testimoniis,
471 2332 504 2352 ex
513 2325 641 2353 omnibus
657 2326 730 2354 illius
738 2334 803 2361 par-

36 2361 96 2390 tibus
108 2364 262 2402 desumptis,
276 2375 338 2402 qua:
353 2368 389 2395 ibi
403 2374 486 2404 prout
500 2369 534 2396 ab
548 2370 588 2397 eis
602 2371 708 2405 prolata
727 2376 803 2405 sunt,

36 2408 129 2437 totidem
140 2412 227 2440 verbis
240 2413 422 2448 reperiuntur.
438 2414 531 2451 Neque
547 2421 636 2444 tamen
653 2417 734 2445 iidem
749 2417 802 2445 Pa-

36 2455 82 2481 tres
93 2455 122 2482 de
143 2456 329 2486 haereticomm
351 2461 572 2495 corruptionibus
598 2470 717 2498 unquam
736 2471 803 2491 con—

36 2501 108 2532 questi
119 2507 194 2536 sunt;
212 2513 262 2532 nec
273 2506 345 2533 ullus
364 2507 465 2541 poterit
476 2508 623 2543 aliquando
637 2509 714 2539 locus
727 2511 799 2539 assi-

35 2547 108 2579 gnari,
122 2549 166 2584 qui
176 2550 210 2578 ab
225 2551 359 2580 haereticis
371 2553 406 2580 sit
419 2553 593 2588 depravatus.

262 2608 461 2638 ARTICULUS
478 2610 548 2639 XIV.

36 2644 163 2694 "alitro:
176 2653 263 2688 plenos
274 2663 333 2694 Anon
348 2665 404 2694 esse
418 2657 571 2692 haresibus,
588 2662 613 2686 et
635 2659 720 2694 primo
735 2659 795 2694 qui-

60 2683 190 2730 fircn
204 2690 324 2730 angelum
345 2683 452 2719 bonum“
458 2697 483 2719 et
735 2683 797 2722 Ἷὶὸ-

52 2722 161 2749 ιπιιιιϋιιη
175 2722 313 2753 tributum.

822 2253 844 2281 D

60 2775 156 2808 Falsum
178 2787 220 2810 est
240 2784 357 2820 denique
379 2786 506 2815 eumdem
520 2787 621 2815 librum
645 2787 796 2817 haeresibus

71 2866 158 2905 δἐιιρη
175 2878 225 2900 art.
249 2875 293 2902 II.

33 2899 113 2932 "libro
125 2899 161 2935 'oé
182 2899 239 2937 Vita
251 2899 656 2947 mea."'«ﬁtﬁfstttmiv
668 2915 696 2943 in
715 2899 841 2944 guttae;

860 2056 934 2084 cium
950 2056 1048 2083 ferant.
1069 2054 1256 2082 Tertullianus
1276 2054 1348 2082 enim
1366 2053 1473 2082 Hermte
1492 2055 1651 2090 Opinionem

859 2101 1019 2130 Novatianis
1030 2109 1046 2129 e
1055 2101 1190 2129 diametro
1201 2101 1354 2136 oppositam
1367 2101 1499 2128 attribuit.
1512 2102 1538 2128 Is
1549 2102 1651 2137 quippe

858 2157 921 2178 cum
930 2149 1170 2182 Montanistarum,
1181 2150 1276 2176 eadem
1286 2155 1348 2175 cum
1356 2147 1516 2175 Novatianis
1523 2148 1556 2176 de
1568 2149 1650 2176 unica

858 2195 1019 2230 pmnitentia
1026 2193 1214 2227 sentientium,
1224 2200 1345 2221 errorem
1360 2195 1530 2228 amplexatus
1541 2193 1648 2227 fuisset,

859 2239 928 2266 nihil
940 2238 1015 2266 aliud
1027 2238 1176 2266 Catholicis
1191 2237 1297 2266 Hermae
1308 2239 1499 2266 auctoritatem
1515 2239 1566 2273 ipsi
1580 2239 1649 2274 obji-

857 2285 995 2313 cientibus
1010 2285 1168 2320 respondet,
1193 2292 1275 2320 quam
1297 2285 1374 2312 illum
1389 2285 1512 2320 ejusdem
1528 2293 1590 2313 cum
1607 2287 1647 2314 eis

855 2329 1062 2364 indulgentioris
1075 2337 1137 2357 esse
1150 2330 1291 2357 sententia:
1303 2335 1330 2357 et
1341 2330 1497 2364 opinionis:
1511 2330 1646 2363 Cederem,

854 2375 944 2411 inquit
955 2374 988 2408 ⁸⁸,
1006 2375 1064 2408 tibi,
1080 2376 1103 2402 si
1115 2375 1248 2411 scriptura
1269 2374 1391 2402 Pastoris
1404 2397 1412 2409 ,
1429 2384 1488 2411 qum
1508 2376 1567 2404 sola
1587 2385 1647 2404 mte-

853 2422 914 2448 choa
927 2427 1012 2454 amat,
1027 2422 1197 2450 meruisset...
1219 2421 1342 2449 adultera
1361 2427 1386 2449 et
1406 2423 1475 2456 ipsa,
1490 2429 1515 2449 et
1527 2423 1586 2450 inde
1597 2431 1646 2458 pa-

855 2473 932 2495 trona
946 2469 1091 2496 sociorum.
1104 2467 1299 2495 Verumtamen
1318 2468 1427 2503 utrique
1447 2477 1461 2496 a
1478 2469 1589 2496 veritate
1609 2477 1644 2497 ex

854 2522 934 2549 aequo
947 2514 1087 2542 aberrant.
1105 2513 1138 2541 Et
1149 2513 1337 2542 Tertullianus
1353 2514 1474 2549 quidem,
1497 2515 1543 2549 qui
1560 2515 1643 2543 tradit

854 2561 994 2595 Hermam,
1009 2569 1042 2590 eo
1057 2562 1131 2597 quod
1155 2569 1206 2589 nec
1221 2561 1387 2589 Montanista
1408 2569 1458 2589 nec
1473 2561 1643 2592 Novatianus

853 2611 937 2640 esset,
951 2607 1065 2635 lenioris
1079 2607 1301 2641 remissiorisque
1315 2606 1402 2635 fuisse
1417 2607 1555 2641 opinionis
1571 2618 1578 2640 ς
1595 2609 1641 2637 alii

850 2660 916 2681 vero
927 2653 974 2688 qui
988 2653 1063 2680 illum
1078 2652 1106 2680 in
1121 2652 1286 2680 severiorem
1304 2656 1332 2680 et
1351 2653 1528 2680 durissimam
1549 2653 1638 2682 Nova-

849 2699 986 2726 tianorum
1004 2699 1128 2726 haeresim
1143 2698 1258 2733 pedibus
1273 2698 1355 2726 ivisse
1368 2704 1506 2726 asserunt.
1519 2699 1574 2727 Hos
1590 2704 1634 2727 et-

849 2745 921 2772 enim
934 2744 1013 2778 plane
1025 2743 1109 2771 ialsos
1123 2751 1184 2772 esse
1195 2744 1258 2771 inde
1272 2743 1393 2778 proiecto
1403 2745 1549 2779 evincitur,
1563 2747 1638 2780 quod

849 2790 964 2818 Hermas
978 2790 1036 2818 suis
1051 2790 1079 2817 in
1095 2790 1173 2818 libris
1191 2797 1225 2818 eo
1241 2790 1376 2826 praecipue
1390 2791 1518 2819 collineet
1530 2796 1559 2819 ut
1575 2800 1638 2827 pee-

332 2877 353 2917 _“
362 2876 656 2917 Deuseriptoqccclet.
669 2915 675 2917 ν
688 2879 764 2906 “lib.
781 2888 810 2917 ιι,
826 2880 994 2917 ιιιτιηᾱειι.ηϐ.
1034 2881 1057 2897 ⁸⁵
1069 2880 1222 2917 (Ζοιιιιιινι,
1251 2889 1276 2909 c.
1297 2881 1342 2908 27.
1383 2881 1416 2908 In
1439 2881 1496 2909 Im.
1526 2891 1573 2917 ιιι,
1589 2883 1634 2912 12.

856 2915 931 2944 Sent.
949 2916 997 2944 lib.
1011 2924 1041 2945 ιι.
1061 2916 1089 2950 ,⁸⁸
1097 2917 1145 2945 lib.
1161 2915 1199 2945 De
1220 2917 1348 2954 pudicit.,
1364 2925 1425 2954 cap.
1442 2916 1486 2945 10.
1507 2924 1511 2928 '
