1920 3104
228 178 280 207 8ιῖ

957 160 983 189 S.
1001 158 1133 188 HERME

1809 149 1861 177 848

229 237 339 263 atores
358 229 392 259 ad
407 227 607 265 punitentiam,
619 224 699 261 cuius
709 230 760 259 ope
769 227 866 249 omnes
877 219 1017 247 remisslo-
1033 221 1055 249 Α
1105 216 1133 244 Si
1148 216 1232 244 instes
1245 214 1372 243 Hel-mam
1385 212 1450 242 alibi
1466 211 1610 248 scripsisse
1620 210 1645 228 "
1664 219 1671 238 :
1694 210 1733 238 Hi
1748 212 1796 248 qui
1816 219 1862 245 ατ

231 287 293 307 nem
308 281 483 314 peccatorum
499 277 676 302 assecuturos
688 277 750 298 esse
762 268 916 304 pollicetur,
936 274 1018 301 agen-

231 325 294 352 dam
310 323 441 358 impellat.
462 320 634 355 Quapropter
652 317 749 344 Pastor
765 315 867 349 ubique
879 314 914 340 ab
923 320 957 340 eo
969 319 1019 338 vo-

231 375 325 402 catur,
343 368 481 401 Nuntius,
502 365 659 401 prtepositus
682 361 860 398 pauitantia,
880 363 1021 392 totamque

231 414 490 445 commentationem
503 419 581 439 suam
591 411 634 437 his
642 408 733 436 verbis
743 404 910 434 concludit"
921 413 928 431 ε
940 403 1021 430 Cum-

231 471 282 499 que
297 462 403 489 vidisset
418 460 543 486 Dominus
565 457 660 484 bonam
684 459 762 489 atque
779 460 875 488 puram
894 450 1021 486 panitet:-

233 509 300 536 tiam
318 513 419 538 eorum,
431 509 456 531 et
468 511 544 538 posse
558 509 600 529 eos
617 501 645 526 in
657 507 688 526 ea
705 503 867 533 permanere.
880 494 963 530 jussit
976 501 1021 520 eo-

234 563 294 582 rum
305 557 412 589 peccata
430 549 522 578 deleri.
537 547 643 581 Quibus
661 553 728 572 sane
744 542 835 570 verbis
853 539 1022 568 Novatiano—

233 608 297 629 rum
312 607 389 628 error
407 595 530 625 lunditus
542 593 684 622 evertitur.

271 656 405 692 Objicitnr
421 659 513 682 tamen
528 651 605 678 illum
624 650 717 682 operte
733 645 836 672 dixisse
851 652 857 671 :
872 641 959 670 Servis
975 640 1024 667 Dei

235 713 291 732 una
303 688 513 739 poenitentiaest.
530 696 632 724 Verum
649 693 736 720 sancti
750 691 855 724 Patres,
872 689 919 725 qui
932 688 1023 723 plura,

237 756 268 780 ut
279 736 405 784 superius
419 746 523 774 dictum
539 747 591 776 est,
608 749 640 769 ex
658 741 710 768 hoc
723 739 795 766 libro
809 736 966 765 testimonia
977 742 1026 761 ex-

237 782 417 830 scripserunt,
438 791 507 819 nihil
527 790 554 817 in
579 796 612 816 eo
632 785 774 814 Novatiani
794 782 891 812 veneni
913 782 1027 809 subesse

238 826 369 878 suspicati
384 843 458 868 sunt.
474 837 530 865 Cur
547 843 612 870 ergo
625 833 735 861 unicam
750 830 850 858 dixerit
866 835 927 856 esse
940 826 1027 862 pteniv

239 871 362 920 teniiam,
377 885 479 914 clarius
499 881 628 917 explicari
656 887 709 906 non
725 880 826 913 potest,
838 881 921 910 quam
935 871 1027 899 verbis
1044 891 1065 918 Β

239 918 387 966 Ambrosii,
401 931 531 959 adversus
543 928 674 963 ipsosmet
686 923 854 952 Novatianos
872 920 913 949 sic
934 918 1029 952 dispu-

240 981 323 1010 tantis
332 979 355 997 ⁵⁸
372 965 384 1006 εν
397 977 503 1009 Merito,
520 974 619 1010 inquit.
635 971 859 1007 reprehenduntur
873 967 918 1002 qui
931 965 1029 1000 stepius

243 1026 373 1064 agendam
384 1021 562 1060 paenitentiam
576 1022 709 1054 putant...
723 1016 787 1052 quia
802 1015 870 1041 sicut
887 1019 970 1039 unum
981 1010 1030 1036 ba-

243 1055 353 1110 plisma,
367 1055 409 1098 ila
434 1077 488 1096 una
508 1065 662 1098 panitentia
675 1070 734 1099 quas
754 1066 842 1088 tamen
855 1058 958 1093 publice
976 1055 1031 1091 agi-

653 1108 657 1110 .
767 1107 772 1110 _
923 1103 939 1110 __
1007 1099 1030 1110 Α

243 1099 298 1151 iur,
317 1099 380 1145 πάγη
393 1113 541 1151 quotidiani
554 1119 601 1138 nos
616 1108 690 1136 debet
704 1107 827 1143 poenitere
840 1103 939 1140 peccati
955 1110 964 1129 :
986 1099 1030 1128 sed

243 1147 298 1192 [nec
314 1147 470 1190 delictorum
492 1155 688 1188 leviorum,illa
702 1152 864 1190 graviorum.
887 1147 1032 1176 Ambrosio

245 1211 395 1239 concinunt
411 1212 439 1235 et
453 1206 498 1233 alii
512 1204 600 1232 sancti
611 1201 720 1232 Patres,
734 1202 765 1226 ut
779 1205 829 1225 nos
840 1194 988 1230 aliquando
999 1192 1033 1220 ad

242 1259 320 1286 hunc
333 1253 452 1283 doctoris
472 1250 559 1279 nostri
579 1249 670 1276 locum
688 1244 904 1274 observavimus.
920 1240 1034 1268 Hermas

245 1304 328 1338 igitur
338 1301 431 1328 eodem
447 1306 480 1326 ac
495 1295 658 1324 Ambrosius
671 1300 752 1322 sensu
775 1290 865 1319 dixit:
880 1287 967 1316 Servis
985 1285 1034 1313 Dei

245 1331 302 1376 tina
312 1344 465 1382 ptenitentia
472 1347 522 1377 est,
534 1340 675 1373 nimirum,
692 1345 751 1374 qure
765 1341 854 1364 tamen
861 1332 964 1370 publice
978 1331 1035 1366 agi-

249 1401 303 1422 tur.

286 1447 470 1477 Verisimilius
498 1443 612 1472 forsitan
635 1440 702 1469 illud
723 1437 805 1474 obiici
831 1440 933 1473 posset,
962 1433 1035 1470 quod

249 1497 320 1525 idem
334 1494 448 1522 Hermas
461 1492 494 1519 de
508 1488 666 1523 transfugis,
678 1486 731 1514 hoc
741 1489 792 1517 est,
803 1492 819 1511 a
831 1482 985 1511 Christiana
995 1488 1038 1507 re-

251 1543 352 1579 ligione
369 1539 512 1576 apostatis,
534 1534 666 1564 tradidit:
682 1531 848 1566 Transfuga,
868 1538 899 1556 ac
922 1527 1038 1563 nefanda

251 1573 396 1625 toguentes,
409 1590 434 1613 et
454 1583 601 1619 proditores
616 1586 749 1607 servorum
763 1577 822 1610 Dei,
836 1575 891 1603 illis
903 1573 1040 1610 proposita

252 1619 323 1663 more
342 1637 392 1665 est,
409 1627 563 1666 pwnitentia
575 1634 627 1654 non
647 1629 696 1652 est.
711 1623 785 1650 Idem
801 1621 874 1649 enim
896 1620 933 1647 ibi
944 1619 1042 1647 docere

253 1681 360 1709 videtur
372 1677 444 1714 quod
457 1677 534 1702 imtio
546 1672 658 1700 haeresis
670 1677 727 1699 suae
736 1667 891 1700 Novatiani,
905 1673 1041 1701 nusquam

255 1711 389 1755 Ecclesim'
397 1722 511 1757 ejusque
538 1717 672 1746 ministris
686 1720 847 1743 concessam
864 1719 879 1739 a
896 1711 952 1738 Deo
967 1714 1043 1745 pote-

254 1777 351 1801 statem
366 1766 518 1798 dimittendi
534 1768 643 1800 peccata
660 1760 822 1792 libellaticis,
835 1757 1005 1793 tlturiﬁcatis,
1018 1760 1042 1783 et

255 1817 384 1854 apostolis
397 1813 496 1842 Christi
510 1818 602 1839 nomen
614 1807 790 1844 ejurantibus.
802 1805 837 1832 At
847 1802 1044 1838 respondemus

256 1850 284 1894 in
300 1872 333 1892 eo
342 1863 459 1899 positum
472 1865 580 1893 semper
592 1856 678 1883 fuisse
685 1860 808 1882 errorem
817 1850 1044 1881 Novatianorum,

258 1911 332 1948 quod
343 1895 522 1945 pertinaciter
542 1901 748 1932 contenderent,
765 1905 934 1934 quaecunque
954 1895 1044 1932 pumi-

258 1940 459 1986 tlentia-horum
472 1950 619 1978 criminum
637 1950 772 1982 agerelur,
788 1943 822 1971 ab
840 1943 874 1970 iis
891 1947 981 1969 tamen
998 1940 1046 1968 ab»

260 2001 384 2032 solvendi
406 1997 540 2026 ministris
555 1994 685 2022 Ecclesite
703 1994 829 2025 negatam
848 1995 910 2016 esse
929 1987 1047 2015 laenlta-

261 2055 327 2078 tein.
344 2047 443 2074 Verum
458 2044 484 2072 id
500 2042 654 2070 nullatenus
674 2037 782 2073 negavit
801 2035 933 2068 Hermas,
954 2037 1048 2068 utpote

261 2095 309 2132 qui
325 2090 514 2122 tantummodo
525 2087 643 2116 dixerit:
654 2084 750 2112 Illis...
766 2081 920 2117 ptenitentia
931 2087 981 2107 non
996 2084 1047 2112 est,

265 2126 318 2169 hoc
332 2143 384 2171 est,
401 2137 472 2164 Deus
484 2135 524 2162 eis
537 2134 621 2165 illam,
638 2138 691 2166 qua
707 2130 814 2156 veniam
834 2126 1049 2155 absolutionem-

263 2193 316 2221 que
331 2187 504 2220 peccatorum
519 2181 732 2212 consequantur,
746 2173 920 2202 occasionem
933 2170 1050 2198 faculta-

264 2217 375 2265 temque
386 2236 440 2256 non
452 2225 582 2255 concedet
597 2233 604 2251 :
619 2223 672 2255 vel,
688 2226 719 2250 ut
734 2222 791 2256 ipse
806 2219 927 2254 loquitur
938 2217 961 2234 "
978 2226 986 2245 :
999 2217 1050 2244 De—
1067 2231 1089 2259 υ

264 2278 303 2305 dit
315 2264 438 2311 spiritum
445 2272 494 2304 eis,
508 2270 553 2306 qui
565 2269 639 2304 digni
652 2272 738 2300 erant,
747 2273 823 2301 agere
834 2264 1048 2300 paenitentiam...

265 2325 301 2352 At
315 2309 429 2358 quorum
444 2318 546 2354 aspexit
558 2316 659 2348 dolum,
673 2318 698 2341 et
711 2312 898 2340 animadvertit
912 2311 946 2338 ad
956 2318 984 2337 se
998 2309 1051 2345 [al-

264 2357 360 2398 laciter
378 2371 535 2396 reversuros,
549 2361 651 2397 negavit
668 2360 705 2387 eis
718 2359 752 2386 ad
763 2357 942 2393 paenitentiam
953 2364 1052 2391 regres-

266 2423 337 2444 sum.
349 2411 428 2447 Quod
439 2411 520 2438 etiam
532 2406 704 2438 Ambrosius,
721 2405 768 2433 ubi
781 2403 948 2431 Navatianos
961 2401 1052 2429 acrius

269 2460 433 2496 insequitur,
450 2461 477 2485 et
489 2457 523 2484 de
544 2453 713 2488 blasphemia
727 2452 754 2479 in
779 2450 910 2486 Spiritum
926 2452 1052 2477 sanctum

267 2493 399 2543 disputat,
415 2503 498 2531 simili
509 2501 591 2529 modo
603 2499 670 2527 dicit
681 2499 703 2516 "
720 2506 728 2524 :
750 2496 806 2524 Hos
823 2503 883 2531 ergo
899 2497 944 2530 qui
955 2495 1003 2521 lioc
1017 2493 1054 2520 lo-

267 2539 394 2589 quuntur,
405 2553 482 2584 negat
494 2545 616 2574 Christus
625 2543 659 2570 ad
666 2543 767 2570 ueniam
778 2541 916 2577 pertinere.
929 2539 962 2566 Et
973 2539 1054 2574 paulo

268 2585 330 2635 post
337 2597 384 2624 ubi
391 2596 425 2622 de
432 2593 567 2622 haereticis
576 2599 609 2618 ac
620 2588 801 2618 schismaticis
808 2587 932 2614 disserit:
943 2585 1054 2618 Quibus,

271 2632 317 2677 im,
332 2641 524 2677 indulgentiam
536 2643 623 2673 negat.
639 2635 709 2669 Quid
722 2635 796 2662 enim
811 2633 884 2661 aliud
897 2633 956 2660 haec
974 2632 1055 2658 verba

271 2694 381 2722 sonant,
397 2694 479 2723 quam
500 2684 575 2721 quod
594 2683 633 2711 ait
654 2681 769 2709 Hermas
787 2687 796 2706 :
820 2679 880 2707 Illis
903 2677 1056 2713 pestilentia

271 2744 325 2764 non
334 2739 372 2762 est
381 2735 394 2761 il

1069 267 1213 300 gnooerunt
1234 261 1389 293 Dominum,
1408 265 1433 287 et
1453 258 1590 286 mirabilia
1614 257 1672 293 ejus
1688 258 1826 291 viderunt,
1841 259 1864 284 si

1070 309 1188 345 nequiter
1200 308 1300 340 vivant,
1312 306 1393 341 duplo
1408 305 1523 340 amplius
1535 305 1689 339 punientur,
1701 308 1727 330 et
1739 303 1793 338 ipsi
1805 312 1863 330 mo-

1070 356 1172 384 rientur
1183 355 1210 382 in
1226 362 1320 388 aevum,
1333 352 1491 388 responderi
1501 351 1610 387 quidem
1627 355 1722 385 pOsset
1733 349 1866 377 Hel-mam

1072 402 1108 430 ibi
1127 401 1162 429 de
1176 401 1223 428 illo
1237 403 1349 436 peccato
1367 398 1454 434 loqui,
1478 397 1551 434 quod
1575 395 1702 424 nonnulli
1718 394 1829 428 Patres,
1843 394 1866 421 si

1071 447 1231 476 doctissimo
1245 445 1384 473 Morino"
1394 445 1462 472 lides
1476 443 1601 471 habenda
1616 442 1662 475 sit,
1679 448 1808 476 unquam
1823 448 1867 468 re-

1073 493 1143 522 mitti
1161 500 1242 528 posse
1257 491 1460 519 inliciabantur.
1474 488 1559 517 Nobis
1572 491 1664 515 autem
1679 494 1750 514 vero
1761 486 1868 513 videtur

1074 539 1202 571 similius,
1220 538 1277 566 illic
1292 544 1446 565 sermonem
1462 535 1496 564 de
1508 535 1543 562 iis
1565 538 1671 562 tantum
1691 533 1803 565 haberi,
1822 531 1868 567 qui

1074 587 1102 614 in
1115 586 1173 621 ipsa
1190 583 1320 620 peccandi
1336 582 1475 609 voluntate
1497 588 1586 617 usque
1606 580 1641 608 ad
1666 583 1789 606 mortem
1809 586 1869 613 per-

1075 636 1234 660 severantes
1246 650 1254 664 ,
1270 629 1297 657 in
1312 629 1398 661 ﬁnali,
1415 633 1444 655 ut
1461 627 1560 660 aiunt,
1586 624 1795 661 impaanitentia
1812 631 1869 650 lno-

1075 678 1195 705 riuntur.

1321 732 1522 761 AR‘PIGULUS
1550 731 1620 759 XVI.

1078 782 1191 811 Eosdem
1200 782 1282 809 libros
1294 781 1427 822 immerito
1435 780 1551 821 aliqrnm
1561 777 1746 814 quorumdam
1754 783 1871 804 errorum

1404 823 1534 842 mcusart.

1114 863 1229 891 Rivetus
1241 862 1343 897 aliique
1356 860 1481 889 nonnulli
1493 859 1659 887 Calvinianaa
1681 861 1768 885 Sech
1784 855 1874 883 homi-

1079 919 1129 939 nes
1138 910 1265 938 Hermam
1278 909 1394 936 aliorum
1403 907 1586 942 quorumdam
1596 905 1729 932 incusant
1735 908 1873 930 errorum.

1081 955 1182 992 quibus
1195 962 1262 982 sana
1272 953 1363 989 potius
1374 953 1535 987 integraque
1549 950 1609 985 ejus
1621 949 1753 977 doctrina
1765 945 1874 983 probari

1080 1001 1210 1031 omnibus
1220 1001 1309 1028 debet.
1326 999 1355 1026 1d
1366 999 1438 1026 enim
1451 997 1496 1025 ille
1509 994 1713 1032 arguituqnod
1730 993 1768 1021 ab
1781 997 1876 1020 aucto-

1082 1057 1111 1077 re
1122 1052 1229 1080 nostro,
1244 1051 1337 1074 contra
1349 1044 1470 1080 Apostoli
1483 1050 1638 1070 consensum
1654 1040 1793 1068 astruitur
1814 1038 1877 1065 libs-

1083 1103 1141 1122 rum
1159 1093 1311 1125 arbitrium,
1335 1091 1452 1119 solitudo
1471 1089 1628 1121 monastica,
1646 1092 1671 1115 et
1690 1086 1876 1122 purgatorium

1083 1143 1116 1169 ab
1129 1149 1182 1169 anu
1196 1140 1312 1176 quadam
1322 1139 1421 1166 visione
1435 1138 1515 1165 tertia
1535 1136 1690 1163 revelatum.
1710 1134 1767 1162 Sed
1779 1134 1877 1169 quibus

1083 1189 1111 1217 in
1131 1188 1199 1216 locis
1217 1187 1272 1215 duo
1293 1185 1402 1221 priora,
1417 1188 1447 1212 ut
1471 1183 1582 1210 Rivetus
1600 1181 1735 1217 loquitur,
1752 1186 1876 1208 errorum

1084 1235 1174 1270 capita
1186 1233 1311 1261 docuerit
1325 1230 1450 1264 Hermas,
1465 1230 1501 1257 ab
1516 1236 1548 1257 eo
1562 1227 1659 1256 nullibi
1675 1226 1831 1254 indicatum
1843 1225 1878 1252 le-

1084 1280 1185 1316 gimus.
1208 1277 1278 1311 Quid
1301 1284 1367 1312 ergo
1392 1275 1468 1303 hisce
1487 1274 1515 1302 in
1535 1273 1612 1301 li-bris
1629 1277 1729 1300 contra
1755 1270 1878 1306 Apostoli

1085 1331 1250 1353 consensum
1267 1322 1301 1350 de
1327 1321 1415 1349 libero
1438 1319 1553 1347 arbitrio
1577 1323 1729 1350 astruatur,
1756 1316 1879 1344 divinare

1086 1380 1142 1399 non
1154 1377 1319 1407 possumus;
1335 1369 1388 1396 nisi
1409 1367 1480 1395 forte
1493 1366 1559 1394 illud
1580 1366 1626 1398 sit,
1640 1365 1716 1400 quod
1728 1364 1878 1392 Cassianus

1087 1418 1130 1445 his
1138 1417 1229 1445 verbis
1243 1414 1326 1443 refert
1336 1415 1360 1430 "
1372 1423 1380 1441 :
1392 1413 1520 1448 Adjacere
1530 1417 1618 1439 autem
1633 1411 1736 1438 homini
1744 1411 1772 1437 in
1786 1418 1880 1445 quain-

1087 1464 1150 1492 libet
1169 1467 1271 1498 partem
1285 1461 1368 1488 animi
1390 1460 1541 1487 libertatem
1560 1459 1642 1486 etiam
1664 1458 1733 1485 liber
1763 1457 1824 1490 ille,
1839 1457 1881 1492 qui

1089 1506 1328 1539 dicitur-Pastoris,
1343 1505 1509 1541 apertissime
1524 1504 1609 1537 docet,
1624 1504 1652 1530 in
1663 1511 1715 1538 quo
1730 1503 1786 1529 duo
1798 1503 1881 1537 angeli

1054 1562 1076 1593 C
1092 1555 1233 1591 unicuique
1253 1559 1375 1581 nostrum
1387 1551 1522 1579 adluerere
1536 1551 1672 1582 dicaretur,
1690 1549 1718 1576 id
1730 1553 1783 1580 est,
1803 1548 1882 1575 bonus

1093 1612 1124 1630 ac
1136 1602 1240 1633 malus;
1256 1601 1285 1628 in
1300 1600 1413 1626 hominis
1424 1606 1483 1626 vero
1501 1597 1607 1632 optione
1624 1597 1781 1629 consistere,
1797 1600 1826 1621 ut
1838 1596 1882 1622 eli-

1093 1654 1150 1686 gat,
1161 1656 1239 1684 quem
1256 1651 1393 1682 sequatur.
1419 1645 1460 1672 Ex
1484 1643 1527 1671 bis
1540 1643 1641 1679 quippe
1654 1641 1781 1669 Pastoris
1798 1641 1883 1669 verbis

1093 1696 1148 1723 duo
1161 1693 1245 1722 inlert
1258 1690 1451 1724 Cassianus".
1470 1690 1497 1716 l°
1514 1688 1547 1716 Et
1562 1689 1662 1715 idcirco
1681 1692 1772 1714 manet
1791 1688 1821 1714 in
1839 1686 1884 1713 ho-

1093 1743 1164 1771 mine
1182 1749 1284 1777 semper
1299 1739 1411 1767 liberum
1435 1737 1595 1769 arbitrium,
1615 1734 1687 1771 quod
1701 1735 1821 1770 gratiam
1840 1733 1884 1760 Dei

1094 1789 1178 1825 possit
1202 1787 1240 1815 vel
1264 1785 1394 1821 negligere
1415 1783 1455 1811 vel
1479 1791 1586 1815 amare,
1611 1781 1638 1808 id
1662 1785 1706 1809 est
1720 1780 1806 1816 juxta
1829 1780 1884 1815 ejus

1095 1839 1227 1868 mentem,
1243 1833 1358 1870 gratiam
1377 1830 1424 1858 Dei
1442 1830 1546 1864 absque
1556 1828 1612 1856 ulla
1628 1828 1815 1863 praaveniente
1826 1834 1884 1861 gra-

1096 1882 1133 1909 tia
1145 1888 1248 1908 amare.
1261 1879 1289 1906 ‘2'
1305 1877 1395 1905 [nesse
1408 1877 1509 1904 homini
1518 1876 1604 1903 omnia
1615 1875 1714 1902 animle
1725 1875 1885 1901 naturaliter

1096 1928 1223 1956 uirtutum
1233 1926 1345 1957 semina,
1358 1924 1481 1958 beneﬁcio
1493 1922 1628 1951 Creatoris
1640 1922 1754 1948 inserta.
1765 1920 1821 1949 Sed
1833 1921 1885 1948 bam

1097 1972 1267 2002 consectaria
1290 1970 1416 1998 Cassiani
1440 1972 1522 2002 sunt,
1542 1968 1656 1995 minime
1676 1974 1744 1994 vero
1769 1966 1886 1994 auctoris

1098 2020 1197 2053 nostri,
1209 2018 1256 2053 qui
1273 2025 1322 2045 nec
1335 2017 1419 2044 citato
1435 2016 1506 2048 loco,
1529 2021 1580 2042 nec
1603 2014 1666 2041 alibi
1683 2013 1836 2049 quidquam
1856 2013 1886 2040 de

1098 2066 1184 2093 libero
1200 2063 1314 2091 arbitrio
1324 2063 1413 2094 docet,
1429 2061 1456 2088 in
1472 2067 1527 2096 quo
1540 2060 1575 2087 ab
1597 2059 1734 2095 Apostolo
1746 2059 1884 2086 doctrina-

1099 2120 1152 2148 que
1163 2110 1314 2140 orthodoxa
1331 2113 1518 2136 transversum
1534 2113 1653 2142 unguem
1668 2105 1837 2133 discesserit.

1135 2158 1206 2192 Quid
1227 2163 1293 2184 vero
1316 2155 1429 2182 Bivetus
1450 2161 1498 2189 per
1512 2152 1689 2180 solitudinem
1704 2151 1882 2179 monasticam

1101 2205 1154 2233 sibi
1167 2203 1241 2236 velit,
1258 2210 1312 2230 non
1335 2204 1423 2237 potest
1438 2199 1517 2227 facile
1528 2198 1648 2226 deliniri.
1665 2197 1698 2224 Et
1710 2204 1776 2225 vero
1792 2196 1816 2224 si
1830 2203 1885 2223 mo-

1102 2251 1267 2285 nasterium,
1282 2250 1325 2278 vel
1348 2249 1531 2276 monasticum
1555 2245 1713 2273 institutum
1741 2244 1786 2272 his
1802 2242 1886 2270 verbis

1103 2293 1294 2333 intelligat,'ne
1312 2296 1397 2324 hilum
1417 2294 1527 2330 quidem
1541 2301 1573 2320 ea
1587 2293 1621 2320 de
1633 2299 1661 2320 re
1674 2291 1747 2327 apud
1764 2290 1884 2319 Hennam

1104 2344 1223 2379 reperire
1235 2347 1286 2370 est.
1301 2341 1329 2369 Si
1350 2345 1442 2368 autem
1457 2340 1492 2367 de
1503 2338 1653 2366 Christiani
1668 2345 1684 2365 a
1700 2337 1796 2364 mundi
1810 2343 1886 2372 nego-

1104 2390 1151 2417 tiis
1161 2393 1187 2417 et
1200 2388 1362 2416 tumultibus
1373 2393 1483 2414 secessu
1498 2385 1611 2412 Rivetus
1623 2384 1763 2419 loquatur,
1775 2383 1846 2411 hunc
1855 2383 1886 2410 ab

1105 2435 1237 2471 apostolis
1251 2434 1433 2468 omnibusque
1443 2431 1571 2460 Ecclesiae
1579 2431 1744 2459 doctoribus
1755 2437 1886 2458 commen-

1106 2482 1178 2515 dari,
1195 2488 1294 2517 negare
1304 2480 1368 2516 quis
1382 2478 1499 2509 audeat?

1143 2537 1266 2572 Denique
1280 2537 1302 2564 si
1319 2535 1433 2563 Hermas
1448 2534 1638 2570 purgatorium
1660 2533 1764 2562 alicubi
1778 2538 1886 2564 asserat,

1109 2583 1155 2610 ille
1168 2583 1235 2610 nihil
1257 2581 1380 2617 profecto
1394 2581 1447 2608 nisi
1461 2583 1559 2608 sanum
1573 2580 1688 2608 omnino
1708 2584 1738 2608 et
1755 2581 1834 2615 plane
1847 2587 1887 2606 or-

1110 2629 1260 2657 thodoxum
1274 2628 1404 2656 statuisse
1413 2626 1546 2655 dicendus
1562 2630 1615 2655 est.
1637 2626 1768 2654 Attamen
1790 2626 1886 2653 sincero

1109 2675 1233 2703 veritatis
1242 2682 1336 2702 amore
1348 2673 1434 2706 ducti,
1451 2672 1566 2701 libenter
1579 2672 1700 2700 fatemur
1712 2672 1743 2699 in
1758 2679 1802 2705 eo,
1816 2679 1885 2707 quem

1110 2721 1203 2748 laudat
1214 2719 1339 2752 Rivetus,
1350 2719 1458 2747 Hermae
1471 2719 1531 2747 loco
1545 2725 1600 2746 non
1614 2718 1649 2746 de
1663 2718 1832 2754 purgatorio,
1844 2717 1884 2744 sed

311 2802 392 2829 “lib.
418 2810 466 2835 ιιι,
491 2808 552 2835 cap.
577 2800 605 2827 9.
644 2801 667 2816 "
681 2799 729 2827 lib.
745 2807 765 2826 ιι
788 2796 1032 2835 ρεηρωίιίιη-ρξιρ.
1046 2792 1090 2827 10,
1137 2794 1193 2835 15..
1221 2793 1300 2835 '_‘
1318 2791 1476 2835 tn.similit.
1492 2790 1582 2835 8.1m"
1592 2789 1720 2835 ligustri).
1734 2789 1781 2817 cit.
1793 2795 1847 2835 cap.
1860 2787 1884 2815 Δ.

277 2837 360 2864 Num.
381 2845 436 2864 ult
459 2830 488 2862 let
513 2830 584 2862 ιίιιν.
623 2836 645 2851 "'
655 2835 700 2862 lib.
715 2842 756 2867 ut,
773 2830 877 2860 similit.
892 2831 919 2858 8.
957 2831 981 2846 ⁵⁸
990 2830 1037 2867 lib.
1054 2837 1081 2855 ix

278 2863 338 2906 cup.
359 2863 415 2898 isi
437 2870 566 2898 "Collat.
586 2869 630 2904 is,
649 2878 673 2898 ρ.
698 2863 755 2896 ι9.’
781 2868 862 2894 "nn.
881 2874 920 2900 ιι,
941 2865 1061 2893 maittlat.
1079 2863 1106 2891 6.

1125 2837 1139 2857 e
1158 2828 1312 2857 administr.
1335 2827 1440 2862 punit,
1455 2833 1515 2862 cap.
1523 2825 1570 2854 9.8.
1609 2825 1632 2841 ⁵³
1642 2824 1713 2852 Crit.
1736 2832 1791 2852 κε.
1810 2825 1851 2851 lib.
1867 2831 1883 2854 I.
