1920 3104
52 138 109 166 869

681 135 828 164 ΡᾹΞΤΟΚ.
841 152 875 158 -
895 134 1077 164 Ριιοωιιιι.

1638 131 1691 159 850

55 204 95 224 ue
107 195 267 232 potaitentia
281 195 309 223 iu
322 195 376 224 hoc
383 195 446 223 vitae
461 202 543 223 cursu
553 194 668 230 agenda,
679 199 706 222 et
718 194 751 222 de
762 193 850 228 pcenis
865 202 886 230 Α
902 200 962 220 rum
979 191 1157 226 constituitur
1169 194 1307 222 naturam,
1323 189 1368 216 hic
1378 188 1473 224 procul
1486 189 1570 217 dubio
1583 189 1676 217 increa
1684 203 1692 210 ι

55 251 122 278 qua:
135 243 230 271 eodem
242 244 304 271 vitae
319 248 442 278 tempore
457 242 615 270 hominibus
631 241 666 269 ob
681 249 777 269 eorum
788 249 851 276 pec-

56 293 121 316 cata
138 288 311 325 inﬂiguntur,
325 288 541 323 disputationem
555 287 673 316 institui.

308 333 510 363 ARTICULUS
520 333 602 362 XVII.

131 381 171 410 De
187 383 270 410 uariis
289 382 449 410 editionibus
460 387 485 409 et
500 382 570 409 notis
586 382 613 409 in
627 382 674 408 bos
686 380 779 408 libros.

95 428 232 462 Quamvis
249 429 277 456 hi
288 429 351 457 libri
366 428 461 457 Graeco
479 429 608 456 idiomate
621 427 716 463 scripti
728 426 785 462 jam
800 426 852 454 du-

57 475 126 503 dum
151 475 302 511 perierint,
334 475 444 503 illorum
472 479 563 503 tamen
589 474 698 510 jactura
725 473 852 501 resarciri

57 526 204 556 utcunque
217 526 307 557 potest
323 521 407 549 variis
427 520 586 549 eorumdem
601 520 774 556 fragmentis,
792 527 854 554 quas

58 574 117 594 non
134 567 217 595 modo
229 567 256 594 in
271 567 528 602 antiquissimorum
542 565 671 594 Ecclesia
686 567 796 594 Patrum
813 566 854 593 lu-

57 611 283 645 cuhrationibus,
298 619 394 639 verum
408 612 490 639 etiam
509 612 536 639 in
549 611 788 647 pseudepigrapho
803 619 853 646 po-

57 658 202 686 tissimum
223 659 341 693 quodam
362 659 465 690 libello,
489 658 516 686 in
541 658 690 687 novissima
709 658 854 686 Athanasii

58 704 186 740 Operum
206 705 328 733 editione
342 713 357 732 a
373 706 476 733 nostris
497 705 630 732 adornata
645 704 679 737 ³³,
706 712 794 739 nuper
813 704 855 731 di-

57 751 285 786 vulgato,Graece
294 751 443 787 Latineque
454 751 525 779 edita
538 752 682 780 habemus.
694 751 778 788 Typis
791 759 856 779 vero

56 797 198 825 duntaxat
218 796 324 825 Latinis
348 797 430 825 iidem
451 797 558 825 Hermae
579 792 640 826 libri
663 798 729 826 editi
746 803 811 826 sunt
827 798 855 825 in

60 843 335 880 Orthodoxographia
347 848 375 871 et
389 844 598 879 litereseologia,
623 849 705 879 atque
718 844 745 872 in
762 844 854 872 omni-

59 889 116 917 bus
137 894 295 917 sanctorum
317 889 429 917 Patrum
445 890 632 922 Bibliothecjs,
648 897 699 917 nec
712 897 766 916 non
782 888 855 924 apud

57 935 231 963 Cotelerium
246 935 317 963 inter
331 934 418 970 Opera
433 940 590 963 sanctorum
603 935 715 962 Patrum
728 935 775 970 qui
791 940 857 962 tem-

56 981 172 1015 poribus
184 981 338 1015 apostolicis
347 981 505 1016 ﬂoruerunt.
515 980 645 1008 Privatim
655 985 746 1008 autent
761 980 856 1008 excusi

57 1031 146 1060 sunt,
156 1032 271 1055 curante
287 1027 387 1059 Fabro,
404 1027 518 1055 Parisiis
544 1027 616 1062 apud
631 1026 779 1055 Ilenricum
792 1026 855 1054 Ste-

57 1073 188 1108 phanum
205 1080 278 1100 anno
294 1073 375 1106 1515,
392 1078 474 1108 atque
488 1081 504 1101 a
516 1072 629 1100 Nicolan
652 1071 789 1104 Herbelio.
805 1071 856 1099 Ar-

56 1120 212 1154 gentorati,
233 1127 306 1147 anno
325 1119 416 1153 {522;
437 1119 535 1147 deinde
553 1119 632 1156 curis
647 1118 778 1154 Casparis
791 1117 857 1144 Bar-

56 1165 129 1198 thii,
152 1166 286 1202 Cygnus,
301 1174 376 1194 anno
389 1165 478 1199 l655,
499 1165 637 1201 publicam
655 1165 818 1200 prodierunt
829 1163 856 1191 in

57 1211 168 1239 lucem.

98 1257 231 1286 Barthius
253 1266 318 1286 vero
341 1258 599 1286 animadversiones
615 1257 642 1284 in
665 1257 738 1285 hunc
756 1256 856 1284 librum

56 1304 160 1337 edidit.
184 1304 233 1333 sed
254 1305 299 1332 ille
321 1313 375 1333 non
397 1305 537 1332 immerito
557 1312 573 1332 a
589 1303 727 1331 Cotelerio
747 1302 857 1330 critictts

57 1352 200 1379 minorum
220 1352 336 1387 gentium
363 1356 490 1379 vocatur.
506 1351 540 1379 Et
558 1355 633 1379 certe
653 1350 859 1378 observationes

55 1397 124 1432 ejus
149 1405 247 1433 parum
271 1398 361 1433 dignae
383 1402 459 1430 sunt.
480 1397 582 1433 quibus
606 1396 729 1432 legendis
749 1400 858 1428 tempus

57 1447 166 1482 aliquis
178 1445 328 1481 impendat.
344 1445 395 1473 Sed
410 1446 520 1473 lectoris
537 1444 686 1472 attentione
694 1451 757 1471 vere
769 1443 859 1479 dignae

57 1497 128 1523 sunt
143 1493 231 1528 ipsius
247 1492 377 1520 Cotelerii
394 1491 596 1523 adnotatioues,
614 1491 690 1518 varia
705 1489 859 1517 eruditione

57 1546 89 1569 et
110 1540 239 1568 doctrina
260 1538 377 1566 refertae.
397 1537 527 1571 Quaedam
549 1541 640 1564 tamen
662 1536 778 1563 minoris
793 1539 858 1563 sunt

58 1586 203 1618 utilitatis,
214 1592 367 1620 parumque
382 1583 416 1611 ad
429 1583 558 1611 Hermam
573 1586 710 1618 spectant,
724 1589 775 1609 nec
787 1581 858 1609 mul-

57 1637 125 1661 tum
140 1631 176 1659 ad
189 1631 263 1659 illius
279 1635 371 1659 textus
383 1630 604 1665 explanationem
619 1628 786 1656 conducunt.

311 1687 508 1716 ARTICULUS
521 1687 616 1715 XVIII.

81 1735 170 1764 Νουω
183 1736 388 1767 observationes,
406 1744 437 1762 ac
451 1735 537 1770 primo
550 1735 582 1762 de
597 1735 698 1762 Christi
707 1734 843 1769 sanctique

326 1770 442 1805 Spiritus
456 1771 606 1798 divinitate.

99 1816 191 1850 Quam
208 1824 274 1844 sana
293 1821 320 1844 et
336 1817 370 1844 ah
390 1817 465 1844 omni
486 1816 588 1844 erroris
603 1816 761 1851 suspicione
774 1823 859 1844 vacua

59 1867 90 1891 et
106 1870 176 1898 pura
196 1863 280 1890 fuerit
294 1861 400 1890 Hermae
414 1863 447 1890 de
462 1870 589 1898 suprema
604 1862 706 1890 Christi
717 1862 861 1891 divinitate

61 1907 215 1940 sententia,
230 1907 274 1935 his
289 1906 428 1940 Petavius,
446 1907 554 1935 tametsi
570 1908 639 1935 alias
654 1907 860 1936 Ante-Nicmnis

59 1954 197 1982 Patribus
209 1961 305 1989 parum
320 1953 421 1981 favisse
432 1954 567 1987 videatur,
584 1953 674 1982 verbis
686 1954 789 1982 diserte
810 1961 859 1981 ex-

61 1999 151 2034 plicat
164 1999 189 2016 "
206 2008 214 2026 :
233 2000 271 2026 Ab
284 1999 480 2032 vetustissimis,
494 1999 592 2034 inquit,
602 2000 731 2027 laudatur
748 2000 861 2035 scripto-

62 2044 190 2072 ribus....
207 2053 254 2072 nec
264 2045 297 2072 ab
311 2045 366 2072 ullo
382 2045 490 2073 hwresis
503 2046 606 2081 falsine,
625 2046 741 2073 maxime
752 2046 784 2073 de
799 2045 861 2073 Tri-

61 2092 155 2120 nitate
172 2091 496 2126 dogmatis,insimulatus
521 2096 571 2119 est.
599 2094 640 2118 An
670 2099 736 2119 vero
758 2091 861 2120 nullius

62 2145 167 2173 reapse
180 2138 282 2165 erroris
297 2136 411 2165 Hermas
425 2146 439 2165 τι
451 2145 590 2173 quoquam
606 2142 752 2166 accusatus
762 2138 808 2171 sit,
827 2145 859 2166 ex

62 2183 112 2210 his
128 2190 191 2217 quae
205 2190 220 2209 a
234 2182 315 2209 nobis
340 2182 478 2217 disputata
492 2187 557 2211 sunt
571 2182 648 2215 nulli,
668 2182 706 2210 uti
720 2186 859 2217 putamus,

64 2228 222 2256 obscurum
237 2235 297 2256 esse
312 2227 402 2255 debet.
416 2227 504 2261 Quam
520 2232 593 2256 recte
605 2232 696 2255 autem
720 2228 753 2256 de
767 2228 859 2255 divina

62 2273 174 2302 Christi
189 2278 285 2301 natura
297 2274 341 2302 ille
355 2274 482 2307 senserit,
495 2281 577 2301 nemo
591 2275 644 2302 nisi
659 2274 814 2301 Soeiniana:
828 2281 862 2302 ac

65 2318 286 2347 dementissima:
301 2319 462 2347 temeritatis
475 2320 559 2347 homo
571 2327 693 2354 unquam
708 2320 859 2355 negaverit.

64 2366 142 2400 Quid
155 2366 240 2399 enim,
255 2373 359 2401 quaeso,
374 2366 408 2394 ad
425 2373 561 2394 summam
573 2366 675 2394 Christi
690 2366 861 2394 divinitatem

65 2414 152 2449 plane
160 2412 364 2445 declarandam,
374 2413 417 2440 his
424 2413 546 2441 auctoris
559 2413 646 2440 nostri
658 2413 748 2441 verbis
760 2413 862 2441 clarius

63 2458 292 2488 etdilucidius“
307 2468 314 2486 :
332 2457 419 2486 Filius
442 2459 548 2494 quidem
568 2458 617 2486 Dei
642 2460 715 2486 omni
737 2464 862 2486 creatura

64 2505 208 2540 antiquior
221 2510 271 2537 est,
287 2505 327 2533 ita
346 2510 375 2533 ut
400 2505 429 2532 in
451 2505 563 2532 consilio
583 2504 661 2532 Patri
681 2513 729 2532 suo
743 2505 860 2540 adfuerit

67 2552 105 2580 ad
127 2553 293 2580 condendam
309 2558 473 2581 creaturam.
501 2551 553 2586 Qui
582 2552 682 2580 Filium
708 2551 756 2580 Dei
785 2552 860 2580 omni

65 2603 198 2627 creatura
208 2599 275 2627 dicit
288 2599 481 2634 antiquiorem,
502 2599 526 2626 is
538 2603 611 2626 certe
623 2606 686 2626 eum
699 2603 775 2626 extra
785 2606 861 2626 crea~

67 2650 197 2673 tumrum
212 2644 335 2672 omnium
350 2653 507 2678 numerum,
528 2652 561 2673 ac
577 2652 659 2680 supra
673 2644 781 2673 illarum
795 2652 862 2673 con-

66 2692 204 2720 ditionem
225 2695 254 2719 et
275 2696 403 2719 naturam
422 2699 484 2720 esse
507 2697 602 2726 aperte
623 2691 793 2726 pronuntiat.
808 2690 862 2724 Qui

67 2743 161 2766 autem
178 2742 256 2766 extra
273 2742 462 2766 creaturarum
487 2746 632 2766 numerum
642 2758 650 2771 ,
663 2741 691 2766 et
706 2745 789 2772 supra
803 2737 862 2765 illa-

902 244 958 273 tus,
971 243 1092 267 aeternus
1106 242 1134 265 et
1152 244 1279 265 summus
1290 243 1491 272 supremusque
1505 236 1578 268 Deus
1590 235 1693 264 asseri-

901 290 957 313 tur.
972 285 1040 319 Quis
1052 291 1170 317 namque
1185 287 1308 311 creatum
1321 283 1391 310 inter
1402 286 1429 310 et
1444 282 1607 312 increatum,
1621 281 1693 309 inter

902 331 988 360 Deum
995 335 1022 359 et
1034 335 1188 359 creaturam
1204 329 1272 357 nihil
1282 329 1395 356 omnino
1409 328 1529 356 uredium
1537 335 1600 356 esse
1612 328 1692 362 igno-

903 378 964 406 rat?
979 377 1102 412 Denique
1123 376 1250 404 eumdem
1276 375 1324 403 Dei
1349 374 1448 402 Filium
1471 374 1504 402 ad
1521 374 1693 402 condendam

902 429 1057 452 creaturam
1072 422 1146 451 Patri
1167 429 1219 450 suo
1233 426 1337 449 aeterno
1350 420 1473 448 adfuisse
1488 419 1535 455 qui
1561 419 1654 452 tradit,
1669 419 1694 447 is

903 471 1025 508 profecto
1037 471 1113 498 illum
1121 469 1195 498 Patri
1209 476 1261 497 suo
1274 473 1440 496 cotetcrnum
1452 466 1610 495 ﬁrmissimo
1620 473 1696 493 asse-

903 522 991 546 verat.

940 563 1043 591 Eodem
1060 562 1141 597 plane
1161 568 1244 589 sensu
1263 559 1379 588 Hermas
1389 559 1516 594 superius
1526 559 1633 586 dixerat
1644 558 1666 574 "
1685 567 1692 585 :

906 608 939 636 In
954 608 1042 636 servili
1062 607 1211 635 conditione
1225 614 1277 633 non
1291 606 1399 641 ponitur
1417 604 1506 632 Filius
1528 604 1586 637 Dei,
1608 603 1653 631 sed
1668 604 1696 630 iu

905 663 1002 690 magna
1016 658 1145 689 potestate
1158 658 1183 680 et
1198 653 1319 688 imperio.
1336 652 1438 680 Omnes
1453 652 1553 686 quippe
1563 655 1697 679 creaturae

907 699 962 728 Deo
976 700 1110 732 serviunt,
1121 699 1246 734 quoniam
1261 698 1362 731 omnia,
1374 698 1414 725 uti
1425 698 1458 725 de
1474 697 1529 724 Deo
1543 696 1697 724 canitPsal-

906 745 987 773 mista
999 745 1033 779 ⁸³,
1049 745 1167 773 serviunt
1181 744 1238 772 tibi.
1253 743 1306 777 Qui
1321 752 1389 779 ergo
1403 744 1431 771 in
1442 743 1531 771 servili
1545 741 1697 770 conditione

907 799 959 818 non
969 791 1078 825 ponitur
1091 790 1126 823 “,
1140 790 1184 818 hic
1197 794 1324 818 creatura
1337 797 1386 816 nec
1394 797 1456 817 esse
1466 796 1515 816 nec
1530 788 1583 816 dici
1596 792 1695 824 potest.

906 837 960 870 Qui
975 842 1067 865 autem
1089 841 1215 865 creatura
1230 843 1293 864 esse
1308 840 1336 864 et
1355 835 1409 864 dici
1425 835 1531 871 nequit,
1549 835 1595 863 ille
1618 838 1696 862 certe

871 883 892 911 Β
907 883 980 912 Deus
992 883 1050 919 ipse
1066 888 1118 911 est.

942 941 999 977 Age
1013 947 1090 973 vero,
1103 940 1127 968 si
1139 940 1182 968 his
1195 940 1325 967 omnibus
1337 943 1366 967 et
1381 939 1434 967 alia
1449 938 1574 974 adjicias,
1588 946 1651 974 qua?
1664 938 1699 966 de

906 987 1002 1015 eodem
1011 987 1057 1015 Dei
1067 987 1135 1015 Filio
1145 987 1180 1015 ab
1191 992 1303 1016 auctore
1314 991 1410 1015 nostro
1419 987 1520 1022 scripta
1532 987 1647 1021 legimus
1655 985 1697 1013 ’δε

909 1032 942 1061 In
953 1041 1061 1069 magna,
1074 1033 1218 1069 inquit,est
1232 1038 1362 1068 potestate
1369 1038 1394 1060 et
1402 1033 1512 1067 imperio
1522 1041 1531 1064 ;
1542 1033 1606 1060 alibi
1619 1040 1696 1059 vero:

909 1077 1012 1106 Nomen
1030 1078 1096 1106 Filii
1109 1078 1158 1105 Dei
1172 1087 1297 1114 magnum
1308 1083 1357 1109 est,
1369 1083 1393 1106 et
1408 1079 1575 1110 itnmensum,
1589 1083 1614 1105 ct
1627 1083 1698 1105 totus

908 1124 941 1151 ab
959 1132 988 1151 eo
1013 1129 1180 1151 sustentatur
1201 1124 1289 1157 orbis;
1305 1132 1337 1152 ac
1360 1125 1490 1152 continuo
1507 1129 1589 1160 post:
1605 1125 1698 1152 Omnis

907 1168 957 1196 Dei
972 1173 1095 1196 creatura
1110 1177 1156 1204 per
1170 1168 1273 1196 Filium
1287 1169 1344 1204 ejus
1359 1175 1533 1203 sustentatur,
1551 1170 1592 1198 his
1608 1170 1700 1197 verbis

909 1222 1046 1242 summam
1064 1215 1137 1243 illius
1149 1215 1320 1243 divinitatem
1333 1220 1427 1250 aperte
1443 1215 1597 1243 renuntiari
1611 1216 1699 1243 latea-

909 1261 958 1292 ris.
973 1261 1087 1288 omnino
1103 1268 1215 1288 necesse
1237 1265 1289 1289 est.
1312 1261 1363 1288 Cui
1389 1261 1475 1294 enim,
1492 1261 1591 1288 amaho
1610 1265 1646 1294 te,
1666 1268 1699 1288 ca

909 1307 1003 1334 omnia
1017 1307 1165 1334 convenire
1188 1311 1315 1342 possunt,
1340 1307 1394 1335 nisi
1408 1315 1474 1335 vero
1491 1306 1537 1334 Dei
1554 1307 1633 1339 Filio,
1652 1306 1699 1342 qui

909 1353 1031 1388 ejusdem
1057 1361 1119 1381 cum
1143 1353 1224 1382 Patre
1246 1353 1282 1382 sit
1306 1353 1511 1386 immensitatis,
1525 1353 1700 1387 aeternitatis,

910 1400 1052 1435 potestatis
1063 1405 1089 1427 et
1106 1400 1232 1428 naturtei

945 1445 1006 1473 Non
1030 1445 1185 1473 audiendus
1202 1447 1294 1482 itaque
1309 1445 1411 1481 impius
1426 1445 1519 1473 nescio
1537 1446 1601 1481 quis
1620 1437 1700 1474 Soci-

910 1492 1021 1525 niauus,
1037 1492 1084 1527 qui
1101 1492 1181 1520 nobis
1193 1500 1335 1528 perperam
1347 1492 1459 1528 objiciat
1470 1491 1568 1519 Filium
1588 1491 1635 1520 Dei
1648 1491 1702 1520 ibi-

910 1537 970 1565 dem
994 1537 1029 1565 ab
1044 1536 1143 1565 Ilcrma
1160 1545 1270 1565 servum
1294 1537 1436 1573 appellari,
1458 1537 1505 1572 qui
1530 1542 1592 1572 post
1619 1545 1699 1565 suam

911 1586 1017 1610 tantum
1032 1587 1147 1610 mortem
1163 1590 1177 1610 a
1189 1581 1270 1610 Patre
1284 1589 1367 1617 super
1378 1582 1508 1617 populum
1524 1589 1603 1608 suum
1621 1585 1699 1616 pote-

910 1632 1009 1656 statem
1030 1635 1140 1655 omnem
1163 1627 1310 1662 acceperit.
1331 1626 1459 1662 Nunquid
1484 1627 1557 1654 enim
1584 1626 1702 1655 Hermas

911 1682 975 1702 cum
991 1674 1103 1708 ibidem,
1129 1674 1202 1701 sicut
1218 1673 1348 1705 vidimus.
1361 1673 1430 1700 dixit
1447 1680 1454 1699 :
1476 1672 1509 1700 In
1531 1672 1620 1700 seruili
1636 1680 1700 1699 can-

910 1721 1011 1749 ditione
1022 1729 1074 1748 non
1088 1721 1196 1756 punitur
1210 1719 1300 1747 Filius
1316 1719 1373 1752 Dei,
1387 1719 1439 1746 sibi
1453 1719 1505 1754 ipsi
1518 1719 1636 1746 absurde
1649 1726 1701 1754 pu-

911 1767 1022 1802 tideque
1032 1767 1233 1795 contradixisse
1248 1765 1449 1794 existimandus
1465 1765 1527 1793 est?
1541 1764 1608 1798 Quis
1624 1772 1701 1792 same

912 1813 1013 1841 mentis
1026 1813 1110 1841 homo
1127 1813 1153 1840 id
1179 1821 1301 1848 unquam
1316 1819 1451 1844 asserere.
1467 1812 1523 1838 imo
1535 1811 1701 1846 cogitatione

912 1858 1060 1896 animoque
1093 1861 1196 1896 lingere
1221 1860 1336 1888 audeat?
1357 1859 1424 1893 Quis
1437 1867 1501 1887 vero
1514 1859 1537 1886 si
1554 1858 1628 1886 hunc
1651 1865 1702 1886 au-

911 1908 996 1936 ctoris
1005 1907 1090 1935 nostri
1106 1907 1196 1935 locum
1212 1906 1297 1942 aequis
1312 1914 1431 1941 unquam
1445 1905 1539 1940 legerit
1551 1905 1650 1937 oculis,
1664 1905 1702 1932 ibi

911 1953 1042 1981 continuo
1060 1960 1114 1980 non
1128 1952 1328 1980 animadvertat
1342 1957 1488 1987 utrumque
1499 1952 1534 1979 ab
1545 1951 1591 1979 illo
1605 1951 1638 1979 de
1650 1951 1702 1978 du-

911 1999 1085 2036 pliciChristi
1099 2003 1197 2027 natura
1208 2007 1271 2027 eum
1292 1999 1411 2027 humana
1436 2004 1494 2027 tum
1522 1998 1614 2026 divina
1629 2001 1703 2025 recte

913 2046 1047 2073 traditum
1074 2051 1101 2074 et
1124 2047 1345 2081 pronuntiatum.
1373 2043 1611 2079 Quemadmodum
1627 2043 1701 2071 enim

911 2091 1040 2121 Christus
1051 2093 1086 2120 ab
1099 2093 1158 2128 ipso
1171 2093 1322 2121 secundum
1334 2093 1454 2120 divinam
1468 2099 1546 2120 suam
1563 2095 1702 2123 naturam,

912 2142 985 2166 omni
995 2144 1119 2168 creatura
1131 2140 1277 2176 antiquior,
1294 2140 1321 2166 in
1329 2139 1418 2166 servili
1431 2138 1581 2166 conditione
1590 2145 1642 2165 non
1656 2145 1703 2170 po-

913 2186 997 2218 nitur,
1013 2185 1051 2213 ita
1066 2186 1218 2213 secundum
1236 2186 1387 2213 humanam
1410 2193 1500 2213 servus
1516 2184 1565 2211 Dei
1581 2183 1703 2219 appella-

875 2235 898 2264 ι)
913 2234 957 2257 tus
964 2236 1015 2257 est.
1023 2230 1057 2257 Et
1069 2231 1096 2258 id
1108 2231 1218 2266 quidem
1229 2231 1332 2259 clarius
1347 2239 1430 2266 quam
1443 2231 1586 2266 ipsiusmet
1597 2229 1704 2257 Hermas

916 2275 1006 2303 verbis
1024 2276 1155 2312 explicari
1176 2285 1230 2305 non
1253 2281 1344 2313 potest
1360 2285 1368 2304 :
1387 2277 1443 2304 Hoc
1464 2285 1537 2312 ergo,
1556 2275 1702 2312 inquit“,

915 2321 1017 2350 Christi
1036 2331 1132 2358 corpus
1145 2324 1172 2350 in
1184 2324 1253 2359 quod
1265 2324 1388 2351 inductus
1403 2328 1442 2351 est
1455 2324 1574 2358 Spiritus
1594 2325 1702 2350 sanctus

915 2369 1020 2395 servivit
1033 2368 1074 2395 illi
1094 2368 1220 2404 Spiritui,
1232 2374 1300 2397 recte
1315 2370 1344 2396 in
1364 2370 1494 2397 modestia
1513 2368 1662 2402 ambulans,
1677 2372 1704 2395 et

914 2418 997 2447 caste,
1017 2421 1099 2450 neque
1118 2416 1225 2442 omnino
1244 2416 1388 2443 maculavit
1408 2415 1539 2450 Spiritum
1553 2414 1702 2443 illum......

915 2459 1059 2488 Advocavit
1074 2468 1135 2496 ergo
1148 2460 1258 2493 Filium,
1273 2466 1298 2489 et
1320 2463 1427 2489 nuntios
1446 2461 1543 2493 bonos;
1562 2465 1591 2487 ut
1603 2464 1628 2488 et
1641 2459 1703 2487 huic

914 2505 1016 2533 scilicet
1036 2507 1151 2542 corpori,
1175 2507 1245 2542 quod
1264 2508 1369 2535 servivit
1392 2506 1508 2542 Spiritui
1532 2511 1625 2534 sancte
1646 2506 1703 2532 sine

914 2552 1031 2587 querela,
1045 2552 1120 2580 locus
1132 2553 1230 2589 aliquis
1249 2553 1411 2580 consistendi
1421 2553 1541 2585 daretur,
1557 2559 1588 2579 ne
1601 2551 1698 2579 videre.

916 2603 961 2625 tur
975 2599 1119 2627 mercedem
1133 2600 1267 2627 servitutis
1285 2607 1341 2627 sure
1353 2599 1509 2635 perdidisse.
1525 2597 1637 2633 Accepit
1651 2604 1702 2624 au-

915 2650 970 2674 tem
980 2651 1009 2674 et
1022 2651 1085 2682 post
1098 2651 1214 2674 mortem
1230 2654 1309 2674 suam
1323 2646 1393 2674 idem
1407 2645 1510 2674 Christi
1525 2652 1636 2680 corpus.
1652 2645 1703 2672 hu-

915 2700 1052 2728 manaque
1070 2693 1192 2728 ejusdem
1215 2696 1314 2720 natura
1335 2699 1445 2720 omnem
1467 2699 1551 2726 super
1570 2691 1701 2727 populum

915 2744 1088 2774 potestatem,
1102 2739 1211 2767 tametsi
1221 2739 1337 2774 ipsemet
1344 2738 1481 2771 Christus,
1489 2738 1537 2773 qui
1549 2737 1702 2766 secundum

105 2797 206 2838 fusus.
257 2795 469 2838 ΟρςῖεηΑιΙιιιιι.ἰ
479 2796 609 2838 νειμ-ᾷὲὶὲ
620 2802 647 2838 ει
662 2796 763 2838 seq-‘5’
772 2794 865 2838 Petav.
879 2802 946 2838 tom,
963 2797 983 2824 Il
1115 2797 1221 2838 dog_m.,_
1233 2795 1310 2838 praei;
1323 2803 1373 2838 cap
1395 2795 1499 2838 ⁸2ι
1523 2794 1600 2835 "lib.
1615 2802 1644 2838 IlI.
1661 2795 1703 2838 si-

68 2832 130 2884 I‘III‘Ii
142 2832 170 2865 9,
183 2833 206 2884 ἓ.
286 2832 375 2884 nglib.
390 2841 432 2867 ιιι,
447 2831 530 2861 sintil.
549 2833 575 2864 ὅ,
590 2831 604 2867 §
621 2831 636 2857 7
687 2832 708 2847 ⁶²
720 2831 791 2859 I‘sal.
807 2839 852 2859 cn

916 2835 962 2862 91.

70 2867 84 2903 ε
101 2867 142 2898 tt.
183 2867 206 2884 ι·
216 2867 271 2896 loc.
286 2867 332 2895 cit.

1002 2833 1077 2860 “lib.
1093 2840 1133 2865 tu,
1151 2829 1276 2865 Similfll,
1298 2830 1312 2867 ς
1335 2831 1379 2861 ιι.
1417 2831 1439 2847 “
1450 2831 1495 2858 lib.
1511 2830 1652 2866 nt,si.mil.
1674 2829 1702 2863 ’1,
