1920 3104
230 129 279 158 851

946 131 975 162 S.
994 131 1125 161 HERME

1810 127 1863 156 853

230 187 350 215 divinam
376 195 454 216 suam
480 188 664 216 substantiam
690 187 764 216 Patri
785 187 819 216 ad
844 188 1016 217 condendam
1031 197 1054 225 Α
1069 193 1126 215 slus
1140 188 1221 215 semel
1235 196 1283 223 pro
1293 189 1406 224 peccatis
1421 192 1600 215 mortuus.....
1614 195 1642 214 tn
1653 196 1703 223 quo
1717 192 1745 215 et
1760 187 1804 214 his
1818 189 1863 222 qui

228 238 383 262 creaturam
392 233 527 267 adfuerat,
539 235 661 269 ejusdem
675 242 737 263 cum
754 235 813 270 ipso
827 234 899 262 sicut
913 239 1018 262 natura:

230 281 267 308 ita
281 285 308 308 et
322 281 466 315 potestatis
477 289 585 316 semper
596 281 689 309 fuerit.

265 325 333 354 Cum
359 330 433 353 sarta
457 326 549 361 igitur,
572 331 643 354 tecta
667 326 828 361 integraque
852 326 888 354 sit
912 325 1018 354 Hermae

229 371 317 399 nostri
341 371 374 398 de
396 379 504 399 summa
524 372 626 399 Christi
642 371 785 399 divinitate
808 371 943 404 doctrina,
967 378 1018 398 nec

228 419 296 453 quid
317 419 430 446 omnino
446 423 539 446 contra
554 418 628 445 illam
645 417 698 445 nisi
722 417 857 445 insulsum
880 418 969 453 plane,
990 419 1018 444 et

228 463 351 498 ineptum
365 463 472 491 effutire
487 463 626 498 potuerint
645 463 776 496 haeretici,
788 471 861 491 unus
875 468 966 490 tamen
982 470 1015 489 ex

228 509 269 536 eis
286 517 371 544 pauca
384 509 507 543 quadam
521 509 608 543 ipsius
621 509 703 537 verba
717 509 830 542 arrosit,
843 509 944 544 quibus
956 508 1018 543 Spi-

228 555 300 583 ritus
329 555 417 582 sancti
434 554 604 582 divinitatem
621 555 700 583 abeo
713 559 838 590 negatam
854 554 940 582 fuisse
952 562 1016 589 pro-

228 600 294 628 bare
304 608 447 635 perperam
456 605 572 629 conatus
582 605 634 629 est.
647 601 709 629 Haec
723 609 805 636 porro
819 606 892 634 sunt,
902 608 962 636 quae
973 601 1018 628 ille

228 646 309 674 nobis
319 646 414 681 objicit
427 655 434 673 ε
450 645 542 681 Neque
555 654 614 673 cum
625 647 690 679 vult,
710 647 810 674 homini
822 637 940 682 loquitur
956 645 1018 681 Spi-

228 697 297 719 ritus
313 696 438 726 satiatus,
458 692 503 719 sed
524 696 586 719 tunc
601 692 721 728 loquitur
743 701 803 720 cum
823 692 879 720 uult
894 692 964 720 Deus
981 692 1015 720 “.

229 737 282 764 Sed
292 737 314 765 si
329 737 402 764 hunc
419 737 597 765 Socinianum
611 738 749 766 hominem
765 738 887 766 nefarius
899 739 1018 766 errantis

228 787 310 811 sectae
328 791 407 811 amor
427 785 537 820 penitus
556 792 610 812 non
629 785 811 817 obcaecasset,
837 785 1019 812 intellexisset

230 829 326 864 utique
341 830 412 858 hanc
423 838 485 858 esse
497 830 606 858 Hermae
616 831 702 858 nostri
715 835 845 862 mentem,
862 835 890 858 et
904 838 1016 858 sensum

1068 235 1096 261 in
1105 243 1184 261 came
1193 239 1271 261 erant
1284 235 1423 269 spiritibus
1435 235 1537 261 veniens
1547 234 1711 268 praedicavit,
1718 234 1766 267 qui
1775 234 1864 261 incre-

1068 280 1127 307 duli
1142 281 1289 315 filerunt",
1302 285 1356 308 etc.
1371 279 1432 314 Quo
1443 280 1524 315 igitur
1540 280 1623 307 modo
1637 278 1756 307 Hermas
1771 279 1865 307 dicere

1067 331 1175 362 poterat
1196 336 1202 354 :
1219 327 1343 362 Apostoli
1358 332 1383 354 et
1406 327 1526 353 doctores
1539 327 1753 361 pradicauerunt
1768 334 1864 352 nomen

1068 371 1135 399 Filii
1154 372 1249 400 Det...
1269 373 1310 400 his
1327 373 1371 408 qui
1384 377 1444 400 ante
1459 372 1626 400 obierunt....
1644 377 1668 399 et
1683 376 1863 407 cognouerant

1069 417 1172 445 Filium
1189 418 1236 446 Dei
1247 420 1259 446 Ρ

1104 465 1232 493 Clemens
1246 465 1450 493 Alexandrinus
1465 465 1574 493 videtur
1588 464 1700 500 quidem
1712 463 1863 492 difficulta-

1069 510 1104 538 tis
1126 511 1227 539 nodum
1252 519 1358 544 secare,
1387 511 1434 538 ubi
1450 511 1487 544 7°,
1511 511 1602 538 citatis
1626 510 1751 538 auctoris
1774 509 1863 537 nostri

1067 560 1169 594 verbis,
1186 559 1374 588 aitChristum
1391 560 1461 595 apud
1478 559 1581 587 inferos
1597 558 1720 587 Hebraeis
1735 558 1863 593 Evange-

1068 607 1134 634 lium
1146 606 1336 639 annuntiasse,
1352 606 1491 641 apostolos
1507 613 1571 632 vero
1583 606 1618 632 iis
1628 606 1674 640 qui
1685 613 1719 632 ea:
1740 605 1863 640 gentibus

1067 651 1124 686 apti
1138 655 1213 678 erant
1230 651 1264 678 ad
1278 652 1483 678 conversionem.
1506 651 1539 678 Et
1554 656 1623 678 recte
1642 651 1748 678 dictum
1770 659 1788 676 ιι
1809 650 1863 677 Pa-

1069 701 1159 724 store:
1176 706 1185 723 t
1201 696 1396 724 Descenderunt
1412 704 1474 732 ergo
1485 697 1514 724 in
1533 705 1642 732 aquam,
1659 706 1668 722 ι
1686 700 1742 723 etc.
1758 695 1862 723 Verum

1068 741 1091 769 si
1107 741 1159 769 hac
1170 742 1352 783 explicatione
1370 742 1497 770 Clemens
1515 742 1616 770 nodum
1629 742 1771 770 diﬂicilem
1779 750 1862 777 expc-

1067 788 1127 817 dire
1151 788 1270 820 videtur,
1295 788 1323 815 in
1338 788 1422 815 alium
1442 787 1565 823 profecto
1580 788 1660 824 longe
1675 787 1862 815 difﬁciliorem

1069 833 1176 861 incidit.
1197 833 1243 861 Ille
1266 834 1366 868 quippe
1381 834 1461 861 docet
1484 833 1612 861 ilermam
1627 834 1773 869 opinatum
1800 841 1863 860 esse

228 876 357 903 omnibus
380 876 459 904 facile
480 877 613 904 obvium:
639 876 731 912 Neque
752 885 813 903 cum
837 877 919 904 homo
942 877 1016 909 vult,
1033 883 1054 911 Β
1070 880 1162 914 plures
1175 887 1209 907 ex
1240 879 1358 907 ethnicis
1371 879 1629 914 hominibusjustis,
1643 887 1707 906 cum
1716 879 1862 907 Christum

227 921 327 949 homini
344 923 464 959 loquitur
475 923 592 959 Spiritus
607 928 726 956 sanctus,
742 924 787 951 sed
799 932 858 950 cum
869 924 924 951 vult
935 924 1014 952 Deus.

227 968 263 995 At
283 970 368 1003 quid,
390 970 526 1003 obsecro,
548 978 583 998 ex
605 971 647 998 his
666 970 759 1000 verbis
779 974 875 998 contra
896 970 1017 1006 Spiritus

227 1015 315 1042 sancti
332 1015 524 1044 divinitatem:
542 1016 598 1045 imo
615 1024 679 1044 vero
693 1016 760 1051 quid
774 1024 806 1043 ex
823 1015 950 1048 illis,nisi
965 1024 1016 1051 pro

227 1061 375 1089 asserenda
390 1061 484 1090 divina
501 1063 575 1090 illius
587 1067 688 1090 natura
701 1062 830 1090 concludi
844 1062 952 1096 potest?
977 1061 1016 1089 lbi

225 1097 298 1133 enini
309 1106 424 1135 Hermas
435 1115 517 1135 veros
525 1107 672 1143 prophetas
680 1107 775 1135 divino
784 1106 899 1142 Spiritu,
906 1107 1016 1142 quando

227 1152 345 1187 ipsetnet
359 1154 457 1187 voluit,
480 1153 585 1182 alllatos
609 1153 695 1181 fuisse
718 1157 869 1181 asseverat.
893 1153 927 1180 At
953 1154 1016 1188 quis

226 1199 331 1226 nesciat
339 1203 465 1227 strenuos
473 1199 590 1227 Nicena:
602 1199 665 1227 lidei
678 1199 838 1228 defensores
856 1200 908 1226 hoc
923 1199 956 1227 ad
969 1200 1016 1226 de-

225 1245 369 1274 bellandos
384 1246 513 1279 Arianos,
538 1250 566 1273 et
592 1245 713 1280 Spiritus
736 1245 827 1273 sancti
842 1245 1014 1273 divinitatem

225 1292 359 1321 adversus
374 1291 586 1320 Macedonianos
608 1292 709 1320 invicte
722 1291 946 1327 propugnandam
956 1291 1016 1320 elli-

225 1337 383 1370 cacissimo,
405 1337 446 1365 uti
465 1337 546 1372 plane
559 1345 614 1366 non
635 1337 773 1365 immerito
788 1336 931 1372 putabant,
950 1344 1016 1364 usos

225 1390 287 1410 esse
297 1386 468 1417 argumento.

473 1436 671 1465 ARTICULUS
692 1436 765 1465 XIX.

228 1483 325 1511 Utrum
340 1484 454 1518 apostoli
464 1485 563 1511 mortui
571 1484 772 1519 pradicaverint
783 1491 878 1512 nomen
891 1482 958 1510 Filii
965 1482 1015 1510 Dei

421 1520 454 1547 iis
467 1520 512 1554 qui
528 1520 598 1554 apud
615 1519 713 1554 inferos
725 1524 810 1546 erant.

1068 926 1123 953 illis
1132 925 1248 960 apostoli
1261 925 1464 960 predicassent,
1474 925 1509 952 ab
1518 925 1613 953 inferis
1625 925 1770 958 liberatos,
1779 930 1862 960 atque

1068 980 1083 999 a
1100 971 1210 1000 Christo
1233 977 1334 999 aeterna
1359 971 1476 998 donatos
1491 970 1632 998 felicitate.
1656 971 1727 1004 Quae
1749 971 1860 1006 quidem

1067 1018 1160 1053 opinio
1180 1019 1215 1045 ab
1236 1017 1390 1052 Augustino
1408 1017 1430 1033 "
1451 1021 1582 1052 tanquam
1601 1017 1718 1044 omnino
1744 1024 1861 1044 erronea

1066 1062 1236 1097 repudiatur.
1255 1061 1358 1090 Deinde
1377 1061 1492 1089 Hermas
1510 1062 1615 1089 nullum
1639 1061 1775 1089 Hebraeos
1790 1063 1861 1089 inter

1066 1111 1094 1134 et
1106 1108 1233 1135 ethnicos
1245 1107 1499 1143 ponitﬁiscrimen;
1515 1107 1570 1134 imo
1582 1113 1678 1143 aperte
1693 1108 1861 1143 loquiturde

1068 1151 1188 1180 llebra‘is
1202 1161 1250 1187 per
1265 1152 1368 1187 lapides
1382 1161 1410 1185 x,
1424 1160 1476 1179 xxv
1490 1156 1518 1179 et
1533 1160 1586 1179 xxx
1599 1152 1784 1182 adumbratis.
1799 1153 1862 1187 qui-

1066 1200 1182 1227 buscum
1197 1199 1323 1234 apostoli,
1338 1199 1550 1233 quadragesimo
1565 1199 1655 1233 lapide
1671 1198 1796 1232 figurati,
1813 1198 1859 1225 de-

1066 1245 1240 1278 scenderunt,
1257 1245 1352 1280 eisque
1366 1244 1426 1271 Filii
1446 1244 1493 1272 Dei
1509 1245 1729 1280 pradicaverunt
1747 1252 1857 1271 nomen.

1101 1290 1271 1326 Quapropter
1279 1290 1499 1325 putamus,salva
1512 1294 1603 1317 tamen
1616 1290 1707 1317 debita
1723 1289 1858 1317 Clementi

1066 1337 1231 1371 reverentia,
1248 1337 1341 1365 locum
1357 1336 1463 1364 Hermae
1477 1336 1533 1364 alio
1545 1344 1628 1365 sensu
1644 1336 1857 1371 exponendum,

1066 1391 1099 1412 eo
1109 1384 1276 1419 seilicetquo
1282 1383 1452 1419 Augustinus
1463 1383 1590 1418 superius
1601 1382 1684 1410 allata
1690 1381 1765 1409 Petri
1776 1383 1857 1409 verba

1066 1430 1261 1465 interpretatus
1275 1434 1327 1458 est.
1353 1429 1500 1456 Enimvero
1519 1437 1582 1456 cum
1607 1427 1741 1460 Evodius,
1768 1428 1804 1456 ab
1825 1436 1858 1455 eo

1065 1477 1111 1504 illa
1119 1476 1174 1504 sibi
1186 1475 1316 1510 explicari
1332 1475 1514 1510 poposcisset,
1526 1474 1698 1510 Augustinus
1710 1475 1735 1490 ⁷³
1747 1480 1859 1510 quantm

1066 1523 1121 1550 sint
1133 1522 1350 1550 ibidlilieultates
1365 1522 1483 1556 primum
1492 1521 1613 1556 exponit.
1627 1521 1730 1548 Deinde
1745 1528 1859 1555 respon-

263 1565 312 1594 His
327 1566 419 1601 itaque
434 1566 513 1601 longe
533 1566 669 1594 dilIicilior
693 1572 720 1593 et
746 1566 891 1593 obscurior
906 1565 1013 1594 Hermae
1027 1556 1048 1584 θ
1065 1568 1173 1598 ἁθιίιιὶδ
1184 1567 1258 1595 Petri
1270 1568 1358 1595 verbis
1374 1577 1381 1595 :
1397 1567 1447 1594 His
1455 1567 1500 1602 qui
1516 1567 1542 1593 iu
1554 1576 1634 1594 came
1655 1573 1744 1600 erant,
1755 1567 1859 1602 spiriti-

225 1613 313 1645 iocus,
330 1620 345 1639 a
360 1611 500 1639 Clemente
515 1617 605 1639 tamen
620 1612 807 1640 Alexandrino
832 1613 917 1641 semel
931 1617 1014 1647 atque

226 1658 326 1685 ilerum
342 1658 454 1691 citatus,
468 1658 507 1685 sic
519 1658 636 1686 habetur
650 1659 672 1674 "
684 1667 691 1685 :
707 1659 827 1693 Apostoli
841 1663 865 1686 et
880 1663 1012 1692 doctores,

225 1704 271 1739 qui
291 1704 501 1738 praedicaverunt
527 1713 620 1732 nomen
638 1704 706 1732 Filii
723 1705 781 1738 Dei,
807 1713 867 1732 cum
890 1705 1014 1732 habentes

226 1750 306 1784 fidem
320 1751 377 1785 ejus
392 1755 416 1777 et
432 1755 587 1785 potestatem
601 1751 722 1785 defuncti
741 1757 837 1784 essent,
853 1752 1015 1786 praedicave—

226 1799 288 1822 runt
311 1795 352 1822 Itis
371 1796 416 1828 qui
434 1800 495 1823 ante
509 1797 630 1823 obierunt
644 1801 669 1824 et
690 1797 742 1831 ipsi
757 1797 884 1824 dederunt
898 1797 935 1824 eia
945 1797 1014 1824 illud

224 1842 341 1877 signum.
358 1841 552 1870 Descenderunt
568 1843 652 1878 igitur
673 1844 700 1870 in
715 1852 811 1879 aquam
827 1852 887 1870 sum
902 1844 967 1876 illis,
989 1848 1014 1870 at

226 1888 322 1914 iterum
336 1888 509 1915 ascenderunt
524 1896 533 1915 :
546 1890 591 1915 sed
616 1890 644 1915 hi
658 1889 708 1916 vivi
727 1891 912 1921 ascenderunt,
931 1895 960 1917 at
974 1889 1015 1916 illi

226 1934 272 1968 qui
289 1933 395 1967 fuerunt
412 1940 473 1961 ante
486 1935 614 1970 defuncti,
628 1936 728 1962 mortui
742 1936 849 1970 quidem
873 1937 1015 1964 descende-

227 1985 301 2014 runt,
312 1982 357 2008 sed
371 1981 421 2007 vivi
431 1980 615 2007 ascenderunt.
635 1980 685 2007 Per
697 1981 743 2007 hos
756 1981 838 2015 igitur
849 1981 930 2008 vitam
940 1989 1015 2008 acce-

226 2031 331 2060 perunt,
343 2031 367 2053 et
380 2031 553 2061 cognoverunt
570 2025 672 2053 Filium
687 2026 735 2053 Dei
741 2035 751 2060 ;
769 2027 877 2061 ideoque
891 2027 1015 2054 ascende--

228 2077 291 2098 runt
301 2081 361 2099 cum
375 2073 442 2100 illis.
457 2072 518 2099 Hinc
531 2081 585 2099 vox
596 2073 701 2107 signum
716 2073 752 2099 ibi
768 2073 834 2099 nihil
850 2078 930 2100 sonat
940 2073 1015 2101 aliud

229 2126 312 2152 quam
330 2119 510 2153 baptismum,
536 2118 758 2153 quandoquidem
785 2118 900 2146 Hermas
924 2119 1014 2146 conti-

229 2168 325 2191 nenter
339 2163 490 2199 subjungit,
506 2164 694 2191 descenderunt
714 2165 742 2191 in
756 2172 863 2199 aquam.
881 2164 933 2191 Sed
951 2172 1013 2191 cum

1066 1615 1124 1647 bus,
1150 1622 1197 1641 eos
1215 1613 1329 1648 intelligi
1350 1621 1440 1648 posse,
1463 1614 1509 1649 qui
1528 1619 1590 1640 time
1613 1619 1690 1641 erant
1712 1614 1740 1640 in
1759 1622 1858 1647 carne,

1064 1665 1143 1695 atque
1155 1661 1314 1694 ignorantiae
1327 1659 1438 1686 tenebris
1448 1660 1517 1686 velut
1530 1668 1635 1687 carcere
1650 1660 1847 1687 claudebantur

1064 1704 1157 1739 Neque
1176 1709 1267 1732 tamen
1284 1704 1335 1731 hoc
1350 1704 1402 1732 sibi
1417 1704 1520 1731 idcirco
1532 1704 1615 1739 obji'ci
1631 1713 1713 1739 posse
1731 1705 1857 1739 putabat,

1065 1751 1137 1786 quod
1159 1750 1282 1777 Christus
1295 1750 1411 1776 nondum
1427 1755 1531 1776 venerat
1547 1751 1574 1776 in
1591 1758 1679 1777 carne.
1707 1750 1857 1783 Quoniam,

1065 1797 1153 1831 inquit
1171 1802 1284 1824 sanctus
1294 1797 1391 1823 doctor
1404 1805 1411 1823 :
1427 1795 1487 1830 Ipse
1497 1797 1587 1831 utique
1602 1804 1655 1823 non
1667 1797 1695 1823 in
1708 1805 1801 1830 carne,
1814 1796 1858 1823 sed

1064 1843 1091 1869 in
1103 1843 1199 1876 spiritu
1213 1841 1330 1869 vertiebat
1339 1843 1399 1869 visis
1411 1843 1545 1877 congruis,
1565 1842 1720 1877 colloquens
1734 1851 1801 1878 quos
1816 1851 1859 1869 vo-

1065 1889 1145 1921 lebat,
1161 1889 1230 1914 sicut
1244 1887 1356 1915 uolebat.
1376 1887 1478 1915 Eodem
1493 1888 1576 1923 igitur
1591 1893 1674 1923 atque
1686 1888 1860 1923 Augustinus

1068 1942 1152 1962 sensu
1171 1934 1286 1962 Hermas
1310 1935 1403 1962 dicere
1416 1940 1534 1970 poterat,
1554 1935 1627 1969 quod
1641 1935 1758 1968 apostoli
1770 1939 1796 1961 et
1811 1942 1858 1960 ao-

1066 1986 1210 2007 ctores.....
1224 1984 1435 2013 prwaimuerunl
1450 1980 1491 2006 his
1510 1980 1555 2006 aui
1573 1984 1633 2006 ante
1652 1979 1788 2011 obierunt,
1808 1979 1858 2007 hoc

1065 2030 1116 2058 est,
1129 2026 1230 2052 mortui
1246 2030 1311 2053 sunt
1323 2025 1452 2058 tenebris,
1467 2025 1634 2061 ignorantia,
1651 2025 1814 2053 inﬁdelitate
1831 2030 1858 2052 et

1066 2071 1266 2098 incredulitate.

1102 2127 1147 2160 At,
1165 2127 1283 2162 inquies,
1305 2135 1356 2155 cur
1368 2134 1434 2163 ergo
1453 2127 1487 2155 de
1509 2127 1642 2163 apostolis
1661 2127 1781 2155 Hermas
1795 2129 1857 2156 sub-

1065 2172 1175 2207 jungit:
1192 2173 1409 2200 Prwdicauerunt
1430 2181 1522 2200 nomen
1537 2173 1606 2200 Filii
1626 2173 1725 2202 Dei....
1738 2183 1799 2201 cum
1812 2177 1856 2202 de-

229 2209 321 2237 nullus
333 2210 385 2237 nisi
400 2210 426 2236 in
436 2210 487 2237 hac
499 2210 621 2243 vita,nec
635 2209 687 2237 nisi
704 2210 738 2237 ab
750 2210 909 2238 hominibus
920 2211 1014 2237 viven-
1032 2228 1052 2255 Β
1070 2218 1154 2252 [απαξ
1165 2224 1249 2245 essent
1261 2220 1273 2245 9
1291 2219 1403 2252 Quidni,
1417 2219 1574 2254 inquiemus
1588 2226 1614 2247 ει
1630 2228 1699 2253 nos,
1720 2221 1781 2248 hac
1791 2229 1857 2255 apo.

230 2255 303 2282 tibus
325 2255 461 2290 baptismo
474 2255 560 2290 possit
575 2256 660 2287 ablui,
685 2256 741 2283 illic
756 2264 820 2283 vero
844 2256 1015 2291 baptizantes

229 2301 359 2336 apostoli,
376 2305 458 2335 atque
473 2301 507 2328 ab
527 2301 568 2328 eis
592 2301 722 2335 baptizati
739 2301 838 2328 mortui
854 2306 881 2329 et
898 2309 1015 2336 corpore

228 2347 312 2374 soluti
329 2346 470 2380 dicantur;
480 2347 517 2374 ibi
532 2347 654 2381 profecto
669 2347 703 2374 de
725 2347 784 2374 solo
799 2348 913 2382 spiritali
927 2349 1015 2383 bapti-

228 2397 319 2421 smate
341 2397 439 2427 agatur
464 2400 577 2419 necesse
601 2397 652 2420 est.
670 2391 748 2425 Quod
777 2398 848 2420 certe
863 2393 914 2420 loci
930 2394 1013 2428 hujus

228 2439 413 2467 difﬁcultatem
429 2446 483 2466 non
509 2439 618 2471 minuit,
631 2438 678 2466 sed
690 2443 771 2473 auget
787 2439 961 2473 plurimuan

263 2496 375 2524 Certum
386 2501 428 2524 est
442 2496 515 2524 enim
528 2495 667 2523 Christum
684 2500 746 2531 post
756 2500 870 2523 mortem
887 2504 964 2524 suam
980 2497 1014 2524 ad

228 2542 332 2570 inferos
342 2543 528 2570 descendisse.
545 2541 622 2569 Unde
633 2541 803 2576 Augustinus
822 2542 846 2558 ⁸⁸
861 2550 867 2568 :
885 2542 951 2574 Quis
963 2543 1015 2570 nisi

227 2589 345 2624 inﬁdelis
357 2589 487 2624 negaverit
497 2589 578 2623 fuisse
591 2588 662 2623 apud
673 2588 699 2614 in
704 2588 773 2622 feros
781 2587 916 2615 Christum
927 2587 1020 2615 7Con-

229 2639 287 2662 stat
307 2635 389 2662 etiam
403 2634 542 2661 Christum
562 2638 627 2661 tunc
639 2633 805 2667 patriarchis
814 2632 952 2668 justisque
965 2633 1015 2660 ho-

230 2679 395 2706 minibusibi
415 2679 575 2714 degentibus
589 2686 649 2706 sese
664 2677 839 2704 manifestum
854 2677 1014 2712 prtebuisse,

231 2725 271 2752 uti
285 2732 319 2752 ex
335 2725 378 2752 his
393 2725 466 2752 Petri
482 2724 597 2759 apostoli
622 2723 713 2751 verbis
736 2723 899 2758 intelligitur
913 2733 919 2749 :
937 2723 1015 2750 Chri-

1069 2263 1202 2290 stolorum
1222 2272 1297 2291 mors
1309 2264 1445 2299 spirituali
1457 2273 1567 2300 quoque
1582 2273 1664 2292 sensu
1678 2265 1854 2301 intelligatur!

1070 2308 1139 2341 Quia
1151 2309 1280 2336 nimirum
1294 2314 1373 2337 vetus
1387 2317 1481 2337 eorum
1498 2311 1581 2338 homo
1593 2319 1656 2338 cum
1673 2311 1786 2340 Christo
1797 2321 1857 2340 cru-

1069 2355 1169 2382 ciﬁxus
1195 2360 1222 2382 et
1246 2360 1371 2384 mortuus
1387 2355 1491 2389 fuerat,
1507 2364 1540 2384 ac
1563 2357 1737 2386 destructum
1758 2366 1857 2394 corpus

1069 2402 1184 2436 peccati,
1203 2407 1232 2429 ut
1244 2403 1406 2437 loquebatur
1420 2402 1523 2431 Paulus
1535 2404 1567 2430 ⁷³.
1582 2403 1616 2431 Ει
1630 2409 1706 2432 certe
1722 2405 1781 2433 haec
1797 2414 1856 2434 ver-

1068 2447 1169 2474 borum
1181 2447 1286 2476 Hermaa
1303 2449 1492 2483 interpretatio
1508 2449 1570 2477 inde
1584 2449 1776 2485 confirmatur,
1787 2453 1856 2487 quod

1070 2493 1116 2520 ille
1131 2495 1264 2521 continuo
1277 2495 1359 2522 addat
1372 2503 1378 2520 :
1397 2495 1449 2522 Sed
1467 2497 1494 2523 hi
1510 2497 1560 2523 civi
1572 2497 1762 2525 ascenderunt.
1781 2499 1856 2532 Quod

1067 2540 1176 2575 quidem
1185 2541 1218 2567 de
1233 2541 1286 2568 rita
1299 2542 1433 2576 spirituali
1448 2542 1563 2577 ipsemet
1574 2544 1782 2579 interpretatus,
1796 2546 1856 2573 sub-

1073 2587 1113 2613 dit
1128 2594 1135 2613 :
1158 2586 1245 2613 Vitam
1261 2592 1428 2622 receperunt;
1447 2593 1472 2615 et
1488 2595 1667 2624 cognoverant
1683 2590 1786 2618 Filium
1800 2592 1854 2619 Dei.

1070 2632 1193 2667 Denique
1208 2640 1239 2660 ex
1255 2633 1312 2668 jam
1327 2633 1408 2661 dictis
1424 2639 1528 2662 certum
1551 2640 1593 2663 est
1606 2635 1738 2664 Hennam
1754 2645 1854 2665 sermo-

1071 2686 1133 2704 nem
1150 2678 1188 2704 ibi
1204 2677 1295 2705 facere
1306 2679 1339 2705 de
1355 2679 1495 2714 spirituali
1508 2681 1658 2715 baptismo,
1674 2682 1703 2709 id
1714 2688 1758 2710 est
1767 2685 1855 2719 cogni-

1072 2723 1147 2751 tione
1163 2723 1225 2751 Filii
1241 2723 1299 2751 Dei.
1312 2724 1369 2752 Cur
1389 2733 1455 2761 ergo
1469 2730 1543 2755 totus
1561 2727 1613 2755 iste
1628 2728 1711 2756 locus
1726 2730 1853 2764 spirituali

278 2802 300 2844 ξε
310 2801 357 2845 lib:
368 2811 406 2845 ¹ιι,
422 2804 630 2845 ηιθηιιίιιτη.--
642 2803 720 2845 flii).
734 2803 895 2845 lll’l‘._Slm‘iil.l,.
908 2804 935 2845 9._
973 2804 1014 2845 εἷ’]

1069 2810 1095 2833 il.
1112 2806 1174 2845 164ἐ
1194 2807 1230 2835 ad
1243 2806 1326 2836 Evoti.
1366 2807 1486 2837 “lPetr.
1500 2816 1540 2843 ιιι,
1553 2809 1593 2837 l8;
1615 2810 1698 2838 “lib.
1711 2819 1740 2840 vt
1750 2810 1851 2845 Suo-1.,

237 2836 296 2872 εδ.

334 2837 355 2852 τ¹
368 2838 420 2864 loc.
441 2846 501 2872 sup.
520 2840 566 2866 cit.

608 2841 630 2856 ⁷²
641 2839 726 2874 Epist.
736 2839 797 2871 165,
816 2839 850 2866 ad
865 2838 944 2866 Erod.
985 2841 1007 2856 ⁷³
1016 2838 1096 2869 Hom.
1106 2850 1144 2872 v1.
1155 2841 1183 2871 6.
