1920 3104
62 134 106 164 855
657 136 803 165 PASTOR.
824 151 858 158 -
876 135 1056 165 PROCEIIA.

1625 139 1676 168 ω

61 200 133 222 sensu
147 199 198 221 non
214 192 394 229 intelligatur,
405 200 486 229 cuius
497 194 593 222 saltem
607 195 731 230 quaedam
744 199 834 230 partes
849 196 872 224 Α
886 200 1005 223 veritum
1029 194 1144 231 ﬁguram
1161 200 1228 223 esse
1250 194 1379 222 declarat.
1401 194 1585 226 Quamobrem
1609 203 1674 224 cum

61 238 189 266 aliosensu
200 239 334 274 explicari
347 247 403 267 non
415 241 550 275 possunt?
565 241 605 269 An
619 248 682 269 vero
698 242 834 276 genuinus

60 285 99 312 hic
109 285 142 312 sit
154 285 297 313 verborum
308 284 415 313 Hermae
430 294 538 319 sensus,
551 287 622 315 sicut
635 296 757 316 asserere
775 296 836 315 om-

61 330 118 357 nino
131 337 182 358 non
198 331 344 365 audemus,
356 332 393 359 ita
407 333 540 361 necillius
555 333 680 368 profecto
695 341 834 369 repugna-

60 376 138 404 bimus
151 377 341 412 explicationi,
354 379 401 414 qui
413 386 445 407 ea
457 379 568 407 litterali
588 387 683 414 sensu,
704 380 740 408 ab
757 381 833 408 omni

60 431 140 452 errore
153 425 253 459 alieno,
270 427 371 462 poterit
383 427 566 462 interpretari.

299 481 500 510 ARTICULUS
517 482 577 510 XX.

195 527 291 556 Utrum
306 528 406 564 Hegrin
423 530 458 556 sit
476 538 570 557 nomen
581 530 679 566 angeli.

87 574 156 603 Alius
174 575 295 604 auctoris
310 576 398 604 nostri
419 577 498 605 locus
519 577 654 605 obscurus
669 581 697 605 et
713 577 831 606 dillicilis

58 621 87 648 ibi
107 621 230 655 occurrit,
255 622 303 649 ubi
325 622 370 650 ille
396 627 491 650 narrat
512 631 553 657 se,
577 632 640 652 cum
660 624 687 651 in
711 624 830 653 belluam

57 667 189 694 immanem
213 667 365 702 incidisset,
389 668 424 696 ab
448 677 503 696 una
524 669 638 705 virgine,
662 678 723 706 qua:
743 672 829 707 ﬁgura

57 712 168 741 Ecclesiae
189 718 258 747 erat,
274 715 412 742 audivisse
429 723 437 742 :
454 714 529 743 Misit
554 716 683 745 Dominus
707 719 830 754 angelum

56 768 120 786 suum
136 768 212 795 super
228 760 338 793 bestias,
356 762 398 788 cui
419 770 511 790 nomen
528 768 566 790 est
581 763 693 799 Hegrin,
706 769 732 792 et
750 765 829 792 obtu-

57 805 114 830 ravit
125 812 151 831 os
165 805 232 840 ejus,
246 815 278 834 ne
295 807 438 835 dilaniaret
454 813 488 836 te.
504 809 655 837 Autumant
669 811 742 838 enim
757 819 829 838 non-

56 850 111 878 nulli
125 850 316 888 Hieronymum
332 854 384 882 sibi
400 854 427 882 in
441 855 565 883 animum
584 855 724 885 induxisse
733 858 757 874 ⁷⁸
771 857 827 885 He-

54 897 105 931 grin
122 905 216 925 nomen
236 907 299 928 esse
323 901 424 936 angeli,
445 902 519 937 quod
545 903 653 938 quidem
683 904 734 939 ipsi
760 905 828 932 adeo

55 943 183 972 ridiculum
203 944 364 981 fatuumque
383 946 472 974 visum
489 953 541 980 est,
561 954 589 976 ut
605 949 656 977 hoc
672 949 761 985 elogio
776 958 826 978 au-

53 990 124 1016 ctoris
135 991 218 1018 nostri
234 991 335 1018 librum
349 993 484 1020 notaverit
497 993 593 1020 :Liber
607 993 652 1021 ille
663 996 827 1031 apocryphus

53 1036 162 1064 stultitim
188 1038 403 1066 condemnandus
428 1045 477 1072 est,
502 1041 530 1068 in
555 1049 606 1076 quo
632 1042 761 1078 scriptum
788 1050 828 1070 est

52 1082 175 1115 quemdam
195 1084 319 1119 angelum
335 1086 440 1114 nomine
461 1086 524 1122 Tyri
543 1095 655 1122 privasse
676 1089 825 1123 reptilibus.

53 1126 95 1154 Alii
107 1132 190 1155 tamen
206 1128 273 1156 illttd
290 1129 324 1157 ab
343 1129 500 1167 Hieronymi
518 1136 609 1160 mente
625 1133 662 1160 ita
678 1133 828 1162 abhorrere

52 1178 209 1208 putaverunt,
229 1178 260 1202 ut
287 1175 363 1203 illum
381 1177 416 1204 de
437 1178 556 1212 quodam
578 1178 649 1206 libro
670 1180 827 1215 apocrypha

52 1226 79 1246 ac
91 1218 221 1254 deperdito
236 1222 289 1250 ista
307 1223 452 1258 scripsisse
470 1224 644 1252 tradiderint.
668 1224 701 1252 Et
716 1233 746 1253 re
763 1226 827 1261 qui-

51 1265 102 1292 dem
126 1267 180 1301 ipsa
199 1269 266 1303 quid
286 1269 313 1296 in
339 1269 382 1297 his
405 1270 497 1298 verbis
519 1270 732 1306 deprehenditur
752 1273 825 1307 quod

51 1311 159 1340 stultitia
172 1314 248 1349 argui
271 1315 379 1349 possit?
399 1314 470 1343 Num
490 1315 551 1344 ideo
570 1317 635 1352 quia
650 1325 683 1345 eo
696 1317 826 1354 loquendi

52 1357 121 1384 modo
139 1359 262 1394 angelum
289 1361 431 1395 reptilibus
448 1369 566 1397 praeesse
587 1362 757 1391 allirmatur?
774 1363 826 1391 Ve-

51 1411 103 1431 rum
119 1403 144 1432 id
164 1405 263 1434 docent
284 1415 346 1435 cum
372 1408 477 1443 antiqui
499 1407 614 1442 Patres,
647 1409 826 1446 inprimisque

51 1448 166 1485 Origenes
185 1453 313 1487 pluribus
333 1454 360 1481 in
382 1454 450 1482 locis
464 1455 498 1487 "',
515 1459 573 1482 tum
594 1456 722 1485 doctores
742 1458 825 1485 scho-

52 1494 126 1523 lastici
144 1502 203 1532 post
221 1498 316 1525 divum
330 1497 465 1526 Thomam
475 1499 510 1533 ",
523 1500 569 1535 qui
584 1501 623 1528 ait
636 1511 642 1528 :
658 1501 826 1538 Unaquaeque

887 240 942 268 illic
964 240 1079 276 adjecit,
1102 241 1228 276 angelum
1250 249 1311 270 esse
1331 249 1411 276 super
1435 242 1560 275 bestiam,
1584 241 1610 270 id
1633 247 1676 271 est

885 292 968 320 super
978 293 1130 320 pressuram
1141 291 1368 321 superventuram,
1384 287 1453 314 nihil
1469 287 1542 315 aliud
1558 287 1610 316 sibi
1625 295 1676 315 vo-

885 331 980 364 luit",
995 331 1048 359 nisi
1070 332 1195 360 eumdem
1215 333 1342 369 angelum
1359 341 1374 360 a
1388 332 1445 361 Deo
1461 341 1522 362 esse
1540 334 1674 369 praeposi-

885 381 953 411 tum,
970 382 1000 404 ut
1012 377 1183 406 Christianos
1197 378 1329 406 adversus
1340 378 1529 407 imminentem
1541 383 1674 415 tyranno—

884 430 945 450 rum
961 424 1179 458 persecutionem
1192 424 1349 452 defenderet
1361 432 1394 453 ac
1406 429 1535 454 tueretur.

1130 480 1331 509 ARTICULUS
1353 481 1424 510 XXI.

1044 525 1116 553 Num
1134 527 1222 563 angeli
1243 529 1332 555 omnia
1347 530 1501 557 creaverint.

919 572 1028 601 Tertius
1042 572 1148 601 Hermae
1162 574 1240 602 locus
1259 575 1307 610 qui
1320 575 1483 603 enodatione
1494 576 1587 612 aliqua
1601 577 1672 606 indi-

882 624 936 655 get,
945 620 978 647 ad
995 627 1091 647 omnes
1106 620 1216 654 angelos
1230 625 1344 655 spectat.
1360 621 1429 648 Cum
1442 623 1513 650 enim
1529 623 1573 651 ille
1586 625 1672 653 dixis-

881 669 923 692 set
937 665 1050 700 angeIOs
1068 665 1138 693 inter
1153 670 1296 693 creaturas
1310 667 1415 701 primos
1433 675 1494 696 esse
1508 677 1579 704 quos
1598 670 1672 699 Deus

882 710 1033 744 creaverit,
1060 714 1118 738 tum
1140 711 1280 746 subjungit
1296 712 1342 739 7°:
1371 711 1407 739 Hi
1427 718 1489 740 sunt
1514 716 1601 751 angeli
1626 717 1673 752 qui

880 755 966 790 primo
982 756 1121 784 constituti
1140 761 1212 790 sunt,
1227 756 1321 792 quibus
1336 759 1449 786 tradidit
1466 759 1595 789 Dominus
1611 763 1672 789 uni-

880 810 982 830 versam
1001 807 1151 830 creaturam
1173 811 1250 830 suam
1268 805 1399 839 struendi,
1415 806 1567 841 ludificandi
1579 813 1604 835 et
1622 809 1672 836 do-

880 848 1001 874 minandi
1017 852 1146 875 creatura:
1160 848 1243 876 illius.
1263 847 1317 877 Pro
1331 850 1416 878 verbo
1431 856 1521 879 autem
1538 854 1669 886 struendi,

880 894 907 921 in
929 893 1024 921 codice
1044 893 1136 922 Sancti
1161 893 1290 922 Germani
1306 903 1323 923 a-
1338 894 1442 929 Pratis,
1459 897 1494 925 ab
1516 899 1596 926 annis
1617 898 1671 927 800

878 940 1028 975 descripto,
1047 948 1098 968 nec
1117 949 1171 969 non
1187 942 1215 969 in
1230 941 1388 971 Colbertino
1409 951 1492 980 supra
1512 945 1596 973 citato
1615 953 1668 974 vox

879 987 987 1014 creandi
1002 988 1157 1015 exhibetur.
1177 988 1244 1022 Qua:
1261 990 1370 1025 quidem
1389 990 1481 1024 lectio,
1495 991 1518 1019 si
1540 999 1605 1019 vera
1619 993 1668 1024 sit,

878 1033 985 1061 videtur
1006 1032 1120 1061 Hermas
1141 1034 1168 1061 in
1189 1042 1252 1062 eum
1273 1035 1424 1071 impingere
1438 1044 1572 1071 errorem,
1585 1045 1668 1073 quem

877 1080 1063 1116 antiquissimi
1084 1080 1205 1109 haeretici
1220 1089 1235 1108 a
1252 1081 1365 1110 Platone
1379 1087 1462 1118 atque
1482 1083 1598 1112 Philone
1616 1084 1669 1112 Ju-

877 1127 936 1154 daso
947 1127 1108 1161 hauserunt,
1122 1128 1232 1163 angelos
1243 1128 1348 1163 primos
1360 1129 1482 1157 omnium
1494 1137 1510 1157 a
1523 1129 1579 1157 Deo
1590 1128 1670 1158 crea-

878 1178 936 1205 tos,
961 1173 995 1201 ab
1025 1181 1112 1209 eoque
1136 1174 1274 1208 accepisse
1297 1178 1395 1203 caetera
1423 1175 1515 1203 omnia
1539 1175 1668 1212 deinceps

877 1220 988 1248 creandi
1010 1223 1182 1254 potestatem.
1199 1219 1299 1248 Verum
1321 1219 1435 1249 Hermas
1450 1222 1485 1249 ab
1501 1221 1554 1250 hoc
1573 1230 1669 1251 errore

877 1272 932 1292 non
944 1264 1088 1293 dilllculter
1101 1264 1211 1300 quidem
1228 1265 1368 1292 eximitur.
1385 1264 1479 1293 Primo
1495 1265 1569 1293 enim
1591 1266 1669 1294 codi-

876 1317 922 1338 ces
933 1310 981 1345 qui
995 1310 1108 1338 verbum
1123 1310 1232 1336 creandi
1243 1314 1449 1345 repraesentant,
1463 1311 1548 1342 aliud,
1563 1311 1669 1339 scilicet

875 1360 1042 1391 potestatem,
1060 1356 1103 1383 vel
1114 1355 1224 1392 aliquod
1239 1356 1330 1384 simile
1345 1357 1509 1385 omiserunt.
1527 1357 1586 1391 Qua
1601 1365 1668 1394 ergo

876 1402 1022 1431 oscitantia
1046 1409 1229 1430 amanuenses
1254 1402 1321 1430 illud
1346 1403 1459 1430 verbum
1485 1402 1667 1439 praetermise-

876 1453 955 1480 runt,
979 1448 1074 1476 eadem
1106 1448 1189 1479 etiam
1221 1448 1294 1476 aliud
1329 1453 1479 1484 potuerunt
1509 1449 1665 1478 immutare.

876 1494 979 1523 Deinde
990 1502 1055 1523 vero
1069 1494 1179 1522 etiamsi
1199 1494 1314 1522 Hermas
1328 1503 1395 1523 voce
1410 1495 1519 1522 creandi
1535 1503 1601 1524 usus
1619 1496 1666 1528 sit,

52 1550 85 1568 res
98 1542 200 1570 visibilis
220 1544 248 1571 in
264 1546 313 1572 hoc
336 1547 433 1573 mundo
454 1545 529 1574 habet
545 1552 702 1582 potestatem
723 1549 820 1585 angeli-

877 1549 937 1569 eam
957 1545 1048 1569 tamen
1064 1549 1118 1569 non
1133 1541 1264 1568 strictiori
1285 1541 1445 1576 acceptione
1459 1549 1508 1576 pro
1522 1546 1665 1573 creaturas,

51 1595 100 1614 tam
116 1588 164 1616 sibi
184 1592 365 1625 prapositam.
382 1591 452 1620 Num
474 1599 564 1621 autem
585 1594 647 1623 ideo
662 1596 725 1631 quia
743 1605 826 1632 ange-

51 1632 97 1660 lum
111 1635 215 1663 nomine
229 1635 293 1671 Tgri
307 1638 502 1673 appellaverit?
516 1639 544 1666 Si
561 1648 605 1668 res
621 1641 657 1668 ita
673 1649 703 1669 se
716 1641 824 1675 habeat,

51 1678 86 1705 vel
101 1686 213 1708 erratum
233 1687 278 1710 est
293 1683 320 1710 in
339 1691 451 1719 operum
473 1683 632 1722 Hieronymi
645 1687 823 1722 editionibus,

50 1724 85 1750 vel
104 1725 157 1760 ipse
176 1729 366 1763 manuscripto
381 1729 474 1758 codice
494 1736 625 1766 corrupto
641 1740 708 1760 usus
721 1737 776 1761 est:
794 1733 823 1761 in

50 1769 102 1797 aliis
113 1771 242 1807 siquidem
257 1775 388 1803 omnibus
402 1782 434 1802 ac
446 1776 473 1803 in
485 1777 565 1804 editis
581 1777 696 1814 legimus
709 1778 820 1815 Hegrin.

49 1815 183 1847 Colclerius
205 1819 298 1856 itaque
315 1829 411 1850 omnes
431 1822 515 1850 animi
538 1831 637 1852 nervos
657 1824 683 1851 in
708 1833 741 1853 eo
756 1833 822 1854 con-

50 1861 132 1896 tendit,
153 1870 182 1892 ut
202 1865 350 1902 investiget
371 1871 398 1895 et
420 1873 610 1904 perscrutetur
635 1877 685 1898 cur
708 1872 822 1908 angelus

50 1906 135 1944 Hegrin
155 1917 276 1940 vocetur.
299 1913 352 1941 Sed
370 1917 515 1949 postquam
535 1915 582 1942 diu
598 1906 768 1952 multumque
782 1918 822 1946 la-

49 1952 149 1989 boravit,
163 1958 273 1985 tandem
293 1958 410 1994 ingenue
424 1961 535 1994 fatetur,
549 1961 646 1997 absque
666 1963 820 1992 melioribus

49 2000 166 2029 codicibus
179 2003 222 2030 vix
237 2004 341 2039 aliquid
359 2006 424 2032 certi
443 2014 518 2041 posse
532 2007 657 2042 proferri.
679 2008 819 2037 Ditissima

49 2048 104 2073 veto
126 2047 302 2076 illustrissimi
323 2049 443 2078 Colberti
471 2051 635 2080 bibliotheca
658 2061 742 2081 unum
764 2062 819 2083 non

49 2096 147 2120 vetustas
161 2095 270 2128 quidem
287 2102 401 2128 manus,
415 2096 516 2132 quippe
532 2098 578 2132 qui
593 2098 645 2126 300
658 2107 745 2127 annos
764 2109 819 2128 non

48 2142 157 2172 superet,
177 2139 361 2175 suppeditavit
390 2140 468 2168 nobis
496 2142 635 2175 codicem,
657 2144 704 2178 qui
725 2152 818 2172 veram

48 2189 118 2216 quam
132 2183 279 2212 Cotelerius
294 2184 396 2213 frustra
410 2187 557 2221 quaesierat
571 2188 726 2222 lecti0ncm,
737 2190 818 2217 unius

48 2227 157 2256 litterulae
166 2229 356 2258 immutatione
370 2232 500 2260 exhibere
512 2232 628 2260 videtur.
646 2233 693 2262 Sic
706 2235 777 2262 enim
790 2236 817 2262 in

48 2279 76 2300 eo
96 2273 203 2310 legimus
217 2286 224 2304 :
238 2276 326 2304 Misit’
336 2276 466 2304 Dominus
495 2278 617 2314 angelum
637 2289 715 2307 suum
740 2289 818 2316 super

48 2317 154 2354 bestiam,
167 2323 240 2358 cujus
255 2331 348 2351 nomen
362 2329 402 2351 est
422 2324 533 2361 llegrin.
548 2325 618 2354 Hinc
628 2328 701 2354 enim
714 2327 816 2363 Hegrin

48 2371 94 2391 non
107 2367 199 2402 angeli,
218 2367 267 2396 sed
281 2369 373 2397 bestiae
386 2378 486 2398 nomen
502 2379 563 2398 esse
575 2372 739 2407 colligimus.
761 2373 818 2400 Cur

48 2414 126 2439 autem
144 2412 256 2442 Hermas
276 2415 348 2443 illam
370 2416 406 2444 ita
427 2417 582 2450 vocaverit,
605 2423 679 2446 recte
700 2418 815 2447 forsitan

49 2457 171 2493 tonjicies,
185 2461 208 2488 si
227 2463 351 2490 attendas
371 2470 465 2490 vocem
489 2463 590 2498 Hegrin
608 2464 679 2492 idem
700 2473 762 2493 esse
782 2473 815 2493 ac

48 2500 127 2531 Graec
145 2505 247 2543 ἄγριος,
268 2508 294 2536 id
314 2513 357 2536 est
381 2509 506 2542 immitis,
528 2509 616 2544 ferox,
635 2512 678 2539 vel
704 2511 772 2546 fera,
788 2518 817 2541 et.

48 2547 134 2585 bestia;
151 2560 181 2580 ac
199 2555 339 2589 probabile
353 2556 468 2591 proinde
486 2557 572 2584 videri
597 2556 724 2585 Hermam
744 2559 815 2587 allu-

48 2594 106 2623 tisse
126 2599 157 2626 ad
179 2600 236 2628 haec
258 2600 410 2630 Psalmistm
436 2602 518 2630 verba
539 2612 545 2630 :
568 2602 719 2639 Singularis
743 2605 815 2640 ferus

47 2639 135 2676 (μονιὺς
150 2646 252 2684 ἄγριος)
266 2648 389 2683 depastus
404 2653 443 2676 est
458 2657 517 2676 eam
528 2650 563 2683 τ’,
579 2651 684 2678 scilicet
697 2639 813 2680 vineam.

47 2685 87 2716 Ille
98 2691 192 2728 quippe
213 2693 313 2722 ibidem
336 2695 409 2722 hanc
432 2695 547 2723 bestiam
569 2704 701 2725 pressura:
720 2706 815 2733 super-

877 1592 907 1615 ut
922 1587 1071 1623 loquuntur
1084 1587 1251 1621 scholastici,
1267 1595 1300 1615 ex
1316 1587 1402 1614 nihilo
1417 1587 1606 1622 productione,
1617 1587 1664 1615 sed

875 1633 966 1661 latiori
985 1638 1067 1669 atque
1085 1633 1191 1661 Latinis
1209 1633 1369 1661 auctoribus
1385 1633 1472 1668 magis
1490 1634 1601 1667 usitata,
1613 1641 1664 1669 pro

874 1679 991 1715 simplici
1014 1679 1192 1715 productione
1213 1683 1240 1706 et
1258 1679 1439 1712 institutione,
1459 1679 1494 1706 ab
1515 1679 1562 1707 illo
1581 1687 1663 1707 usur-

874 1731 964 1762 palam
988 1726 1075 1754 fuisse
1094 1725 1240 1754 dicendum
1265 1731 1315 1753 est.
1339 1724 1395 1752 Nec
1415 1726 1463 1752 ulli
1489 1725 1542 1753 hoc
1563 1726 1664 1753 mirum

872 1773 959 1800 videri
979 1772 1069 1805 debet,
1086 1780 1149 1800 cum
1172 1772 1267 1800 eodem
1291 1779 1374 1800 sensu
1394 1771 1558 1799 Ambrosius
1583 1772 1663 1800 dixe-

873 1818 908 1846 rit
919 1819 944 1835 “
958 1828 965 1846 ε
981 1818 1058 1851 Quod
1080 1824 1168 1846 autem
1183 1822 1207 1846 et
1224 1818 1327 1853 factum
1341 1822 1395 1851 est,
1412 1818 1482 1845 idem
1496 1823 1536 1845 est
1549 1823 1575 1845 et
1588 1826 1663 1845 crea-

873 1870 940 1893 tum.
957 1864 1036 1898 Quod
1056 1872 1123 1893 sane
1137 1864 1232 1892 multis
1245 1864 1307 1892 aliis
1321 1864 1453 1899 exemplis
1476 1863 1556 1892 facile
1570 1869 1663 1899 posset

872 1906 993 1948 probari.
1267 1923 1269 1925 ί

1111 1955 1311 1984 ARTICULUS
1330 1955 1413 1984 XXII.

897 2005 950 2039 Qui
964 2005 1083 2032 doctores
1095 2009 1119 2031 et
1133 2003 1259 2039 prwsides
1275 2003 1483 2030 ministeriorum
1499 2002 1635 2029 dicantur.

905 2051 965 2080 Non
979 2051 1094 2079 deerunt
1105 2049 1220 2077 fortasse
1233 2049 1335 2085 quibus
1346 2049 1484 2077 salebrosa
1496 2048 1662 2076 videbuntur

871 2096 905 2124 de
926 2096 1014 2124 sacris
1032 2094 1160 2122 Ecclesiae
1177 2093 1312 2122 ministris
1334 2094 1392 2121 haec
1411 2094 1554 2130 scriptoris
1572 2095 1661 2122 nostri

869 2141 953 2169 verba
967 2141 988 2157 ⁸¹
1004 2151 1010 2168 :
1024 2140 1159 2174 Episcopi,
1176 2144 1201 2166 et
1214 2139 1346 2173 doctores,
1357 2144 1382 2166 et
1395 2140 1546 2168 ministri...
1559 2142 1662 2176 episco-

869 2193 962 2223 patum
975 2191 1120 2222 gesserunt,
1131 2186 1275 2213 docuerunt
1291 2191 1316 2213 et
1332 2186 1560 2214 ministraverunt.
1577 2186 1661 2214 Libro

834 2225 858 2255 Ι)
872 2239 963 2261 autem
985 2234 1065 2261 tertio
1079 2233 1102 2249 ⁸¹
1117 2242 1122 2260 :
1137 2233 1215 2260 Tales
1233 2239 1293 2260 sunt
1307 2233 1351 2268 qui
1367 2233 1535 2260 crediderunt
1549 2235 1661 2269 quidam

870 2279 996 2313 episcopi,
1014 2278 1042 2305 id
1065 2285 1104 2305 est
1123 2279 1249 2313 praesides
1268 2278 1485 2308 Ecclesiarum...
1508 2279 1543 2307 Et
1566 2280 1661 2308 deinde

870 2325 916 2360 qui
929 2325 1054 2359 praesides
1069 2330 1130 2351 sunt
1141 2325 1360 2358 ministeriorum,
1370 2326 1415 2360 qui
1430 2325 1519 2361 inopes
1529 2330 1554 2354 et
1567 2326 1660 2354 viduas

869 2374 1050 2405 proluerunt,
1067 2375 1091 2396 et
1109 2374 1211 2396 costam
1228 2374 1352 2404 perpetuo
1370 2371 1594 2398 conversationem
1608 2372 1658 2399 ha-

869 2418 991 2444 buerunt.
1007 2416 1059 2450 Qui
1076 2417 1148 2443 enim
1169 2416 1225 2444 sint
1241 2416 1281 2443 illi
1298 2417 1418 2443 doctores
1430 2421 1456 2443 et
1469 2417 1594 2452 praesides
1607 2418 1659 2445 mi-

867 2464 1050 2496 nisteriorum,
1064 2470 1119 2490 non
1132 2463 1220 2490 cuivis
1234 2463 1326 2490 statim
1337 2467 1473 2490 occurret.
1488 2462 1586 2491 Verum
1599 2463 1658 2492 haec

869 2509 993 2544 planiora
1011 2509 1087 2541 flent,
1102 2508 1125 2536 si
1144 2508 1171 2535 id
1189 2509 1263 2543 quod
1278 2516 1293 2535 a
1309 2509 1418 2536 nemine
1431 2513 1546 2536 vocatur
1563 2509 1590 2536 in
1604 2509 1656 2537 du-

868 2555 956 2588 bium,
968 2555 1139 2588 observetur,
1155 2554 1287 2582 diaconos
1300 2562 1315 2581 a
1328 2554 1432 2582 sanctis
1449 2554 1578 2583 Patrmus
1595 2556 1657 2584 solo

868 2602 1057 2631 ministrorum
1072 2601 1183 2628 nomine
1195 2601 1298 2636 passim
1311 2601 1452 2636 appellari.
1472 2600 1542 2628 Hinc
1555 2603 1657 2638 quippe

867 2649 1005 2685 colligitur
1022 2648 1152 2680 doctores,
1168 2647 1215 2682 qui
1229 2646 1374 2682 episcopos
1387 2647 1458 2675 inter
1471 2653 1498 2675 et
1513 2647 1655 2677 ministros

868 2696 950 2723 medii
974 2694 1159 2726 collocantur,
1184 2701 1239 2720 non
1267 2693 1336 2720 alios
1365 2693 1462 2727 procul
1484 2693 1569 2721 dubio
1594 2701 1656 2722 esse

157 2799 164 2819 l
176 2793 365 2834 Comment._in
377 2796 480 2824 Ilabac.
519 2799 540 2814 "
550 2798 645 2826 homil.
658 2799 689 2826 lt
709 2800 735 2827 in
751 2800 852 2827 Numer
869 2807 930 2834 cap.
942 2805 1010 2826 χχιιι
1022 2806 1029 2829 ;
1039 2797 1114 2834 hom.
1126 2797 1198 2834 25in
1208 2796 1299 2830 Iosue,
1313 2804 1373 2834 cap.
1390 2804 1457 2834 xviii
1469 2795 1583 2834 ;_homil.
1595 2796 1612 2824 6
1622 2797 1654 2834 in

48 2819 482 2868 έςεεμη.μίξῃς---τεζιῖ-,ῑέςιῖ
501 2842 528 2868 η.
549 2819 793 2863 iso:";;.-;.'rz;.rs“.

834 2837 855 2851 ⁷⁷
864 2832 936 2862 Psal.
951 2841 1044 2865 LXXIX,
1061 2832 1104 2859 14.

1153 2833 1176 2848 ⁷⁸
1194 2833 1391 2863 Iih.in,vrsion.
1409 2833 1435 2860 ὅ.
1474 2832 1497 2848 ⁷⁹
1508 2832 1555 2860 lib.
1578 2833 1653 2866 υοιι..

50 2857 190 2892 visiou.3.-'
203 2863 326 2895 "111)."!
344 2857 383 2895 DE
392 2857 677 2906 stagnantis."
696 2857 793 2898 ὶίὶῖιῖ
804 2880 823 2904 ι,
839 2857 936 2899 ςιῖηῖῙΪ
947 2857 1103 2897 3ζ””’έδίὶι›ῖ⁷
1114 2875 1158 2902 ιιι,
1175 2857 1300 2896 asinis.
