1920 3104
237 115 292 146 851(

949 116 979 145 S.
998 117 1130 146 HERME

1825 117 1876 146 356

237 181 320 210 quam
335 172 508 210 presbyteros
520 181 569 203 seu
581 174 746 203 sacerdotes.
765 175 820 203 Cur
836 184 900 204 vero
913 177 1027 212 presby—
1043 180 1064 209 Α
1080 184 1137 205 nem
1148 197 1156 210 ,
1178 177 1259 204 salem
1283 181 1308 205 et
1330 184 1429 212 aquam
1451 176 1628 205 adhibendum
1654 176 1813 210 deﬁnita"?
1838 175 1875 202 lbi

237 219 290 246 teri
311 218 439 247 doctores
462 219 656 251 nominentur.
681 221 704 248 si
726 222 876 255 rogaveris.
899 222 989 250 disces
1010 231 1026 250 a

239 265 369 301 Dionysio
380 265 577 298 Alexandrino,
597 266 644 300 qui
662 266 757 294 eodem
773 267 853 302 plane
864 275 897 295 ac
913 267 1028 297 Hermas

236 320 322 340 setisu
345 312 417 347 apud
442 311 590 340 Eusebium
619 313 690 340 dixit
700 314 742 341 υς
762 314 935 348 Συγκαλέσας
965 315 1028 346 τοὺς

237 357 440 394 πρεσϐυτέρους
456 358 502 385 καὶ
524 357 700 391 διδασκάλους
714 360 768 386 τῶν
793 360 823 386 ὲν
842 361 903 392 ταῖς
921 360 1028 396 κώμαις

236 403 368 438 ἀδελφῶν.
394 402 551 431 Convocatis
571 405 730 439 presbyteris
751 413 783 432 ac
803 406 966 439 doctoribus,
980 406 1026 441 qui

236 457 283 484 per
295 449 413 485 singulos
430 458 500 477 arcos
512 450 642 486 fratribus
657 451 849 486 pradicabant.
865 451 936 485 Quid
951 452 1025 479 enim

237 495 311 522 aliud
330 497 389 523 haec
404 496 485 523 verba
502 501 616 530 sonant,
634 497 686 525 nisi
707 498 880 533 presbyteros
899 506 947 533 per
966 498 1027 525 sin-

237 541 316 575 gulos
344 541 429 573 vicos,
445 541 472 570 id
496 546 538 569 est
562 543 685 569 vicorum
712 543 850 577 parochiis
872 543 1026 578 praefuisse,

237 591 318 622 atque
332 587 367 614 ibi
384 595 446 614 cum
458 587 587 616 fratribus
601 588 790 623 praedicarent,
801 589 927 617 doctores
941 589 1027 617 fuisse

237 633 397 668 appellatos.
414 633 492 667 Quod
511 634 619 669 quidem
636 634 850 670 Chrysostomus
866 636 951 662 multo
969 636 1026 662 cla-

237 680 296 707 rius
318 680 484 715 breviusque
505 681 632 709 edisserit
654 681 677 697 ⁸⁵
697 691 704 709 :
727 681 797 708 Nam
825 687 850 709 et
868 681 1027 717 presbyteris

238 726 374 758 Ecclesiae,
393 727 491 762 inquit,
506 736 571 754 cura
593 728 722 763 permissa
738 733 776 755 est
797 732 822 755 et
844 729 1026 764 magisterium

238 771 427 808 (διδασκαλία).
442 772 520 805 Quod
539 773 571 800 ad
589 773 720 808 praesides
730 774 945 802 ministeriorum
964 775 1027 802 alti-

237 823 294 851 net,
308 819 327 846 ii
339 819 452 847 forsitan
468 819 617 855 presbyteri
627 827 737 855 quoque
748 826 836 848 erant.
850 820 888 848 De
902 821 1027 850 diaconis

1079 228 1152 250 certe
1166 228 1282 258 utraque
1293 223 1399 258 jejunia
1419 228 1447 250 et
1467 227 1572 258 quartae
1586 227 1727 257 sexusque
1745 221 1837 253 feria,
1850 227 1876 248 et

1079 275 1127 295 sex
1141 269 1248 296 dierum
1266 268 1408 296 Paschalis
1423 269 1518 297 eadem
1537 269 1606 303 lege,
1622 272 1707 303 atque
1719 267 1876 302 apostolica

1077 314 1274 342 constitutione
1298 315 1404 342 sancita
1428 322 1489 342 esse
1512 314 1710 350 pronuntiavit.
1742 314 1874 341 Attamen

1079 359 1125 387 ubi
1144 360 1215 388 idem
1235 359 1402 395 Epiphanius
1415 366 1510 388 contra
1523 360 1670 394 Aerianos,
1681 360 1791 395 jejuuia
1805 363 1876 386 stata

1077 404 1249 438 damnantes,
1266 405 1403 439 disputat,
1418 413 1480 433 cum
1498 406 1550 433 hoc
1564 409 1732 440 praeceptum
1753 405 1877 431 maxime

1078 458 1175 486 urgere
1195 451 1314 484 deberet,
1334 451 1398 478 illud
1421 451 1447 478 in
1469 451 1556 479 solam
1579 450 1817 478 consuetudinem
1839 450 1876 476 ita

1078 496 1199 524 refundit
1210 497 1348 524 ":Porro
1371 497 1463 525 diebus
1489 498 1554 533 ipsis
1578 497 1761 525 Paschalis...
1783 497 1876 524 arido~

1078 552 1138 570 rum
1158 543 1276 571 ciborum
1292 553 1352 578 usu,
1367 545 1499 580 precibus,
1514 544 1623 580 uigiliis,
1636 544 1790 579 jejuniis...
1808 544 1876 570 cele-

1078 589 1154 617 brare
1172 589 1296 617 solemus.
1317 589 1356 617 Ex
1371 598 1427 625 quo
1446 599 1499 618 non
1520 591 1640 618 absurde
1655 590 1776 618 forsitan
1797 590 1877 617 colli-

1078 645 1138 672 gas,
1149 636 1260 664 verbum
1272 637 1500 672 παραγγέλλουσι,
1509 637 1648 671 deﬁniunt,
1660 635 1738 672 quod
1746 636 1879 672 superius

1078 682 1216 713 adhibuit.
1235 690 1290 709 non
1306 682 1380 710 aliud
1395 683 1551 718 significare
1561 690 1646 718 quam
1661 683 1820 710 admouent
1835 682 1878 710 vel

1079 728 1236 762 hortantur,
1245 736 1300 756 nou
1314 733 1404 756 autem
1415 729 1587 764 praecipiunt,
1597 729 1708 764 jubent,
1722 730 1875 763 imperant.

1079 774 1109 801 In
1136 775 1218 810 hujus
1249 780 1340 802 autem
1366 775 1559 810 explicationis
1585 776 1797 803 firmamentum
1823 782 1877 801 non

1080 822 1145 849 illud
1168 822 1256 850 solum
1280 823 1377 850 adduci
1404 826 1509 858 potest,
1529 822 1604 858 quod
1630 822 1759 850 historici
1783 822 1879 849 varias

236 865 338 893 etenim
361 865 476 894 Hermas
500 866 583 901 paulo
597 871 660 893 ante
681 867 787 894 dixerat
800 876 806 894 :
819 867 937 894 Ministri
959 868 1028 896 male
1045 860 1067 890 Β
1080 867 1265 896 Ecclesiarum
1282 869 1316 896 de
1337 869 1412 897 hisce
1427 869 1539 904 jejuniis
1555 869 1642 897 fuisse
1655 868 1879 896 consuetudines

236 912 462 940 ministraverunt.
478 913 520 939 Ab
535 912 568 940 iis
584 917 675 940 autem
691 913 765 940 venit
785 912 819 939 ad
841 913 1026 949 presbyteros,

236 958 283 992 qui
310 966 372 985 cum
397 958 520 987 diaconis
543 959 697 993 superiores
717 962 819 992 essent,
833 966 882 986 eos
901 959 1026 994 presides

237 1005 447 1032 mmisteriorum
458 1005 625 1040 nuncupavit
639 1005 672 1032 ⁸⁸.
689 1004 716 1032 Si
729 1005 792 1040 quis
806 1009 897 1032 tamen
911 1010 1026 1033 conten-

236 1050 283 1078 dat
300 1051 409 1079 eosdem
432 1051 557 1086 pnesides
579 1051 786 1078 ministeriorum
807 1058 862 1077 non
883 1050 952 1078 alios
966 1057 1028 1078 esse

236 1103 319 1134 quam
335 1096 477 1130 diaconos,
493 1097 557 1132 quia
571 1101 597 1124 et
617 1097 668 1132 ipsi
687 1095 805 1123 ministri
825 1100 914 1128 erant,
933 1099 960 1123 et
975 1096 1028 1123 mi-

237 1142 357 1170 nisteriis
369 1143 479 1179 inopum
492 1148 519 1171 et
528 1143 672 1171 viduarum
685 1150 802 1178 praeesse
812 1142 958 1175 dein-bant,
972 1151 1026 1170 non

236 1190 350 1218 omnino
365 1190 589 1226 repugnabimus.

472 1244 674 1274 Αιιτιευιιυε
691 1245 787 1274 XXIII.

513 1292 550 1319 De
567 1292 749 1328 aterophagiis.

273 1336 400 1371 Querent
421 1337 467 1365 alii
489 1345 539 1364 cur
557 1342 651 1372 pastor
669 1343 725 1365 tam
746 1346 871 1366 severum
891 1337 1027 1372 jejunium

237 1383 344 1411 Hermae
358 1383 505 1411 indixerit:
519 1383 574 1410 Illa
591 1384 643 1417 die,
660 1384 749 1418 inquit
764 1385 798 1417 ⁸⁸,
809 1393 861 1420 qua
877 1383 1027 1419 jejunabis,

237 1430 304 1458 nihil
321 1431 427 1457 omnino
442 1430 571 1465 yustabis,
586 1431 637 1457 nisi
652 1439 744 1465 panem
762 1435 787 1458 et
801 1439 909 1466 aquam.
927 1429 1027 1457 Hiero-

237 1485 338 1513 nymus
357 1477 466 1512 quidem
488 1477 509 1493 ⁸⁷
533 1477 598 1504 illud
620 1477 726 1505 caeteris
754 1477 884 1504 omnibus
905 1476 1026 1504 fortissi-

1079 917 1201 945 narrent,
1216 921 1312 941 verum
1326 914 1408 941 etiam
1420 914 1492 949 quod
1510 913 1606 941 iisdem
1624 913 1754 946 testibus,
1770 914 1878 948 aliquid

1078 957 1111 985 de
1126 959 1271 986 severitate
1291 959 1374 994 hujus
1386 959 1485 994 jejunii
1500 959 1527 986 in
1543 959 1683 994 aliquibus
1705 959 1808 987 saltem
1827 959 1877 987 Ec-

1077 1003 1168 1031 clesiis
1186 1005 1267 1039 paulo
1282 1010 1344 1040 post
1358 1005 1503 1033 remissum
1519 1005 1564 1033 sit.
1581 1004 1687 1033 Auctor
1701 1005 1778 1032 enim
1805 1001 1876 1030 Con-

1077 1052 1244 1080 stitulionum
1259 1052 1465 1087 apostolicarum
1489 1051 1553 1085 pani
1563 1055 1591 1078 et
1602 1057 1683 1085 aqua
1696 1049 1739 1078 sal
1752 1054 1780 1076 et
1797 1049 1873 1075 olera

1078 1096 1223 1131 superaddi
1240 1096 1337 1125 lubens
1355 1097 1481 1124 concedit
1498 1106 1503 1124 :
1518 1095 1551 1123 In
1567 1096 1661 1123 diebus
1680 1103 1746 1130 ergo
1763 1093 1878 1121 Pascha

1075 1142 1197 1177 jejunare
1221 1143 1375 1177 incipientes
1390 1151 1406 1169 a
1421 1143 1489 1176 feria
1510 1142 1628 1170 secunda
1649 1149 1733 1176 usque
1758 1141 1796 1166 ad
1821 1139 1877 1166 Pa-

1079 1196 1200 1215 rasceven
1214 1194 1239 1215 et
1253 1188 1414 1222 Sabbatum,
1429 1197 1475 1222 per
1485 1197 1531 1216 sea:
1542 1189 1598 1215 dies
1608 1188 1666 1215 solo
1679 1192 1784 1214 utentes
1798 1194 1877 1221 pane,

1078 1234 1144 1267 sale,
1159 1233 1273 1262 oleribus
1286 1240 1311 1262 et
1326 1243 1403 1270 aquae
1417 1240 1491 1270 potu.

1315 1290 1516 1318 AIITICULUS
1533 1289 1630 1317 XXIV.

1148 1335 1189 1364 De
1206 1337 1372 1363 matrimonii
1390 1336 1493 1364 uinculo
1509 1344 1645 1372 nunquam
1666 1335 1805 1364 soluendo.

1115 1382 1154 1410 Es
1177 1383 1304 1411 obscuris
1327 1382 1433 1410 Herma:
1455 1383 1524 1410 locis
1547 1383 1580 1409 ad
1604 1390 1637 1409 ea
1661 1383 1876 1417 progrediamur

1077 1437 1139 1464 quae
1151 1430 1211 1457 luce
1225 1429 1405 1464 claritateque
1421 1436 1470 1456 sua
1487 1428 1670 1464 quarstionem
1683 1428 1719 1455 de
1733 1436 1877 1463 nunquam

1078 1475 1208 1503 solvendo
1224 1475 1352 1502 connubii
1370 1483 1452 1507 nexu,
1467 1482 1550 1510 quam
1566 1473 1812 1506 obscurissimam,
1827 1475 1879 1501 im-

236 1531 312 1551 nmm
330 1523 464 1558 jejunium
479 1531 542 1550 esse
556 1524 706 1558 profitetur.
725 1522 836 1550 Solebat
853 1527 944 1550 tamen
962 1523 1026 1550 olim
1040 1531 1061 1560 c
1078 1520 1282 1555 plicatissimam
1301 1525 1328 1546 et
1347 1519 1532 1547 difficillimam
1555 1520 1626 1547 dixit
1648 1519 1825 1555 Augustinus
1843 1521 1880 1553 ",

237 1579 253 1599 a
278 1570 442 1598 Christianis
473 1571 569 1597 ultima
597 1570 820 1605 Quadragesimaa
854 1569 1026 1598 hcbdomada

237 1617 388 1644 observari.
405 1616 461 1644 Nec
481 1617 580 1644 desunt
600 1617 646 1651 qui
667 1616 738 1643 hanc
756 1616 950 1651 xeropltagiam
966 1617 1028 1650 lege

237 1663 329 1698 aliqua
343 1663 528 1697 praescriptam
543 1666 687 1695 censeant;
705 1669 731 1689 et
745 1662 772 1689 id
784 1661 895 1696 quidem
911 1661 1028 1696 probare

237 1710 362 1736 nituntur
382 1716 416 1736 ex
431 1707 600 1735 Tertulliano
621 1707 679 1742 qui,
695 1706 924 1735 Montanistarum
941 1707 1027 1734 haere-

237 1756 289 1783 sim
302 1756 482 1790 amplexatus,
491 1755 679 1785 deCatholicis
690 1754 798 1782 dicebat
811 1763 817 1780 :
831 1754 953 1789 Arguunt
968 1761 1026 1786 nos,

237 1802 306 1836 quod
323 1801 406 1829 etiam
425 1801 599 1836 :terophagias
621 1800 798 1833 observemus,
813 1805 865 1828 etc.
882 1800 935 1827 Sed
954 1800 1024 1827 idem

238 1849 297 1884 ipse
334 1847 519 1875 Tertullianus
552 1847 656 1875 addidit
680 1857 686 1874 :
710 1847 827 1882 Denique
861 1847 1024 1882 respondetis

238 1897 347 1931 (nempe
361 1894 505 1929 Catholici)
521 1894 577 1921 hwc
600 1902 632 1921 es:
650 1893 764 1921 arbitrio
783 1894 958 1926 observanda,
973 1903 1025 1922 non

237 1948 271 1968 ea;
284 1940 404 1974 imperio.
418 1939 497 1966 Nulla
516 1939 598 1974 igitur
610 1939 668 1974 lege
679 1939 813 1974 ejusmodi
830 1939 947 1974 jejunio,
958 1943 1027 1967 teste

238 1985 417 2016 Tertulliano,
433 1985 534 2012 indicta
551 1990 639 2017 erant.
655 1985 701 2012 sed
715 1993 748 2012 ex
765 1985 899 2020 cujusque
912 1985 1027 2013 arbitrio

238 2032 465 2059 observabantur.
491 2031 662 2066 Quapropter
684 2031 856 2066 Epiphanius
875 2031 969 2059 isthzec
993 2031 1027 2058 ad

238 2078 481 2110 consuetudinem,
504 2085 558 2104 non
582 2077 616 2104 ad
641 2081 805 2112 praeceptum
826 2078 866 2104 sic
887 2077 970 2105 rcfcrt
980 2078 1025 2104 "3:

240 2124 375 2151 Prtrterea
395 2130 441 2150 sea:
463 2123 523 2149 illos
547 2123 603 2150 dies
626 2123 805 2158 xerophagiis,
818 2123 866 2150 hoc
886 2128 926 2149 est
948 2124 1026 2150 arido

239 2169 320 2199 uictu,
330 2168 444 2194 transire
458 2168 571 2202 populus
586 2169 671 2195 omnis
684 2169 809 2200 assuevit,
819 2169 867 2195 hoc
883 2173 921 2195 est
932 2176 1027 2203 panem

1079 1567 1219 1594 illustrare
1244 1570 1371 1601 possunt.
1395 1565 1479 1593 Docet
1501 1565 1575 1593 enim
1607 1565 1723 1594 llermas
1748 1567 1811 1593 viro
1831 1566 1878 1601 qui

1079 1619 1192 1639 uxorem
1210 1619 1288 1639 suam
1311 1611 1464 1639 adulteram
1488 1611 1636 1646 dimiserit,
1651 1620 1683 1639 ea
1700 1613 1824 1646 vivente,
1839 1613 1880 1641 al-

1077 1661 1164 1685 teram
1187 1658 1287 1685 dueere
1309 1657 1336 1684 in
1360 1657 1567 1685 matrimonium
1594 1657 1637 1686 fas
1663 1666 1719 1685 non
1744 1667 1809 1687 esse
1825 1657 1879 1687 :Si

1077 1704 1262 1739 permanserit,
1276 1703 1365 1738 inquit
1381 1705 1414 1737 θ’,
1432 1704 1458 1730 ἱη
1480 1704 1542 1731 uitio
1563 1712 1612 1730 suo
1630 1704 1739 1738 mulier,
1755 1706 1877 1732 dimittat

1077 1749 1154 1776 illam
1177 1749 1231 1781 uir,
1250 1755 1273 1776 et
1289 1757 1334 1783 per
1348 1757 1375 1775 se
1391 1755 1508 1776 maneat.
1532 1749 1610 1781 Quod
1624 1750 1648 1776 si
1663 1749 1800 1777 dimiserit
1820 1758 1879 1776 mu—

1077 1794 1166 1822 lierem
1178 1803 1264 1827 suam,
1279 1799 1304 1821 et
1319 1795 1401 1821 aliam
1413 1795 1533 1828 duxerit,
1543 1799 1567 1821 et
1580 1795 1636 1829 ipse
1650 1796 1810 1823 nttzchatur.
1829 1795 1879 1823 His

1077 1845 1170 1868 autem
1192 1840 1296 1868 Ilernne
1315 1841 1405 1868 verbis
1427 1841 1539 1876 quidam
1562 1841 1739 1875 refelluntur,
1757 1842 1878 1869 maxime

1077 1895 1142 1914 vero
1164 1887 1347 1920 Chemnitius,
1369 1887 1415 1922 qui
1443 1887 1575 1914 audacter
1595 1889 1696 1915 asserit
1707 1888 1731 1904 ’³
1747 1889 1879 1923 quaestio-

1078 1940 1140 1959 nem
1156 1932 1227 1959 hanc
1243 1937 1305 1967 post
1319 1932 1466 1968 Augustini
1481 1937 1605 1967 tempora
1622 1933 1761 1960 horridius
1782 1934 1878 1968 dispu—

1079 1979 1141 2006 tari.
1166 1978 1260 2006 Patres
1291 1986 1356 2005 vero
1389 1979 1485 2006 eodem
1513 1978 1669 2014 Augustino
1705 1980 1879 2014 antiquiores

1078 2031 1130 2050 non
1151 2023 1233 2056 adeo,
1250 2023 1356 2059 inquit,
1375 2024 1482 2059 [nerunt
1507 2024 1606 2059 asperi,
1630 2024 1705 2058 duri,
1724 2024 1832 2051 [torridi
1853 2031 1877 2051 et

1077 2070 1255 2102 immanes,ut
1269 2069 1378 2105 conjugi
1394 2069 1532 2096 innocenti
1546 2069 1666 2096 alterum
1683 2069 1798 2096 iucundi
1810 2078 1878 2097 con-

1078 2116 1193 2143 nubium
1211 2117 1368 2144 facultatem
1389 2116 1568 2151 negaverint;
1587 2115 1633 2143 sed
1651 2117 1812 2150 docuerunt,
1829 2118 1878 2148 ait,

1078 2163 1185 2194 rectius,
1199 2163 1382 2197 prwstantius,
1397 2168 1422 2189 et
1444 2163 1587 2198 perfectius
1607 2171 1674 2195 esse,
1687 2163 1710 2189 si
1728 2163 1810 2190 etiam
1830 2163 1877 2191 ille

240 2214 373 2240 duntaxat
389 2221 448 2240 cum
459 2201 530 2248 aqua
548 2214 595 2239 sub
617 2221 750 2247 uesperam
770 2213 904 2240 adhibere.
924 2201 953 2240 Si
969 2214 1028 2248 lege
1046 2201 1066 2229 Ῑ)
1078 2209 1124 2244 qui
1144 2209 1176 2235 ab
1197 2208 1321 2236 adultera
1342 2215 1481 2244 separatus
1497 2214 1548 2242 est,
1563 2209 1603 2236 rel
1621 2214 1729 2236 maneat
1746 2210 1806 2237 sine
1820 2219 1879 2236 can-

239 2261 302 2287 tlata
321 2259 494 2294 xerophagire
516 2260 670 2287 constitutae
689 2259 814 2292 fuissent,
830 2261 864 2287 de
880 2260 913 2288 iis
930 2260 1027 2287 eodem

239 2313 272 2332 ac
291 2305 325 2332 de
348 2309 453 2340 quarta;
472 2309 500 2332 et
520 2309 603 2332 sexta:
627 2305 702 2333 ferite
719 2305 825 2340 jejunio
845 2306 1024 2340 scripsisset:

239 2350 308 2379 Item
322 2356 420 2386 quarta
434 2355 460 2378 et
476 2356 551 2378 sexta
567 2351 635 2385 feria
642 2351 774 2385 jejunium
788 2352 822 2378 ad
836 2351 929 2378 horam
944 2360 1026 2387 usque

238 2405 336 2424 nonam
356 2397 519 2436 indictum...
540 2396 605 2424 Ideo
624 2405 670 2432 per
690 2398 752 2424 illos
777 2398 833 2424 dies
848 2398 1028 2432 jejunandum

238 2451 293 2471 esse
313 2444 481 2470 decreverant
507 2443 630 2478 apostoli.
652 2443 697 2475 At,
713 2444 829 2478 inquies,
847 2445 932 2479 legem
955 2445 1025 2471 hanc

239 2490 285 2517 ille
305 2490 370 2518 alibi
389 2497 586 2517 commemorat
597 2490 641 2517 s’-:
654 2489 724 2522 Quid
746 2490 782 2523 si,
794 2490 894 2524 aiebat,
907 2498 939 2518 ea:
959 2498 1024 2526 apo-

237 2537 368 2564 stolarum
391 2537 579 2564 constitutione
607 2535 745 2569 repetenda
774 2536 848 2563 nobis
876 2537 1026 2564 auctoritas

237 2587 294 2615 est;
309 2590 357 2609 cur
378 2582 433 2609 illis
452 2588 556 2617 quarta:
576 2588 706 2616 scalaeque
721 2581 796 2616 feria:
814 2581 949 2615 jejunium
966 2590 1026 2616 per-

239 2633 318 2663 petua
339 2628 394 2664 lege
417 2629 552 2660 sancitur,
570 2632 678 2662 excepta
705 2627 876 2654 Pentecoste?
898 2627 954 2655 Cur
979 2635 1025 2654 sea;

240 2672 379 2700 Paschalis
397 2674 488 2701 diebus
509 2673 575 2700 nihil
595 2673 699 2700 omnino
715 2673 749 2699 ad
764 2673 851 2700 cibum
868 2677 964 2707 prwter
977 2681 1025 2707 pa-

314 2731 555 2771 Euseb.,_ﬂ_i_stor.
579 2734 698 2771 lib._vii,
715 2741 775 2771 cap.
793 2733 840 2771 2h.
856 2769 860 2771 _
881 2733 1008 2771 l"‘homil.

1088 2731 1242 2771 spectes
1261 2718 1376 2771 ημηριιι.
1428 2731 1521 2771 eum);
1539 2739 1589 2771 _m.
1603 2730 1692 2771 sinu.
1709 2730 1745 2762 5,
1761 2730 1838 2771 e_p_ist_.
1843 2731 1855 2771 _1

818 2769 840 2784 ⁸⁵³
855 2769 882 2795 in
910 2768 1031 2799 Exposit.
1061 2762 1133 2802 ﬁdei,
1159 2767 1237 2803 522.
1258 2767 1298 2803 f’
1317 2768 1413 2803 haeres.
1436 2766 1480 2800 75,
1509 2767 1562 2803 §6.
1602 2766 1743 2803 'fhzeres.
1770 2762 1866 2797 75,§3.

799 2803 812 2839 §
828 2803 918 2839 32:_et
931 2803 977 2830 lib.
993 2811 1011 2830 ιι
1026 2800 1181 2839 Ησὶναειᾳιῖ,
1196 2801 1286 2839 c_._57.
1322 2803 1344 2819 "
1356 2802 1404 2830 lib.
1419 2810 1451 2836 II,
1472 2800 1597 2830 mu'udat.
1609 2800 1638 2828 ι.
1679 2801 1704 2816 ’³
1732 2801 1763 2828 iu
1776 2807 1857 2829 canon

355 2775 396 2803 Iu_,
421 2767 503 2803 simil.
524 2768 550 2795 5.
588 2769 610 2785 ⁸⁷
631 2769 718 2803 Epist.
749 2764 782 2796 ἒ.

241 2798 264 2814 ⁹¹
276 2800 322 2827 lib.
347 2809 355 2827 ι
369 2801 413 2837 >De
431 2802 546 2837 adulter.
560 2798 677 2837 conjugz,
695 2812 720 2831 ρ.
737 2804 785 2834 25,

1075 2254 1162 2289 jugio,
1177 2254 1216 2281 uel
1233 2255 1431 2281 reconciliatam
1446 2262 1557 2281 uxorem
1574 2263 1667 2282 rursus
1683 2255 1807 2290 recipiat.
1822 2254 1875 2282 Sed

1080 2308 1162 2334 quam
1178 2299 1265 2327 falsus
1285 2300 1319 2327 sit
1332 2299 1517 2334 Chemnitius,
1531 2308 1565 2328 ex
1582 2306 1677 2328 nostro
1692 2301 1876 2336 perspicimus

1079 2345 1190 2379 Ilerma,
1205 2347 1263 2381 qui,
1277 2346 1328 2374 etsi
1344 2347 1497 2382 Augustino
1513 2347 1595 2382 longe
1609 2347 1764 2382 antiquior,
1779 2347 1874 2375 eodem

1083 2396 1172 2419 tamen
1198 2400 1231 2419 ac
1252 2392 1298 2419 ille
1318 2393 1400 2420 modo
1421 2393 1558 2428 ejusmodi
1585 2393 1717 2428 conjugia
1742 2393 1875 2422 adulteria

1079 2447 1141 2466 esse
1164 2438 1295 2466 definivit.
1324 2439 1397 2466 Idem
1419 2439 1611 2474 Athenagoras
1629 2443 1657 2466 et
1677 2438 1824 2473 Justinus,
1846 2446 1876 2468 ut

1079 2485 1140 2512 suis
1160 2485 1229 2513 locis
1246 2485 1407 2518 videbimus,
1424 2493 1474 2512 nec
1494 2493 1550 2512 non
1565 2489 1594 2512 et
1609 2484 1740 2512 Clemens
1757 2486 1876 2514 Alenus

1071 2523 1176 2559 idrinus
1196 2531 1220 2547 ⁵⁵
1240 2536 1410 2559 asseverant.
1441 2530 1566 2566 Denique
1591 2530 1619 2558 id
1640 2531 1823 2559 conﬁrmatur
1839 2541 1872 2560 ea

1080 2579 1197 2615 Origene
1214 2579 1286 2614 ipso,
1300 2585 1382 2613 atque
1403 2577 1581 2613 Ilieronymo,
1598 2586 1671 2613 quos
1687 2578 1714 2606 in
1736 2580 1873 2613 opinionis

1078 2634 1134 2654 suae
1145 2625 1379 2652 conﬁrmationem
1394 2623 1568 2652 Chemnitius
1581 2625 1712 2660 protulit.

1113 2670 1212 2706 Objicit
1226 2671 1299 2698 enim
1315 2671 1372 2698 luet:
1384 2670 1509 2706 Origenis
1524 2671 1607 2698 verba
1620 2671 1643 2687 "
1655 2681 1661 2698 :
1672 2670 1736 2699 Scio
1747 2671 1869 2704 quosdam

1428 2732 1451 2747 ’¹¹
1468 2731 1515 2759 lib.
1548 2739 1589 2763 ιιι,
1605 2730 1692 2757 simil.
1709 2730 1745 2762 5,
1761 2730 1838 2763 epist.
1852 2730 1868 2756 2

243 2840 291 2868 VII,
308 2835 423 2863 sessiou.
438 2836 483 2868 24,
501 2843 578 2866 conc.
592 2833 715 2867 Ἔτι-ἰδέω.
727 2872 736 2876 4
754 2833 832 2866 "lib.
847 2847 864 2866 ιι
876 2837 976 2866 Strom.
1013 2838 1036 2854 ’³
1044 2843 1125 2866 tract.
1139 2838 1154 2864 7
1164 2839 1191 2865 in
1207 2837 1303 2865 Matth.
