  <div class='ocr_page' id='page_1' title='image "/cluster/home/n/w/nwhite01/storage/ocr_20150623/2/njp.32101077772349/588.png"; bbox 0 0 1920 3104; ppageno 0'>
   <div class='ocr_carea' id='block_1_1' title="bbox 44 138 90 167">
    <p class='ocr_par' dir='ltr' id='par_1_1' title="bbox 44 138 90 167">
     <span class='ocr_line' id='line_1_1' title="bbox 44 138 90 167; baseline 0 -1"><span class='ocrx_word' id='word_1_1' title='bbox 44 138 90 167; x_wconf 67' lang='lat'><strong>8&#39;37</strong></span> 
     </span>
    </p>
   </div>
   <div class='ocr_carea' id='block_1_2' title="bbox 677 114 1075 162">
    <p class='ocr_par' dir='ltr' id='par_1_2' title="bbox 677 114 1075 162">
     <span class='ocr_line' id='line_1_2' title="bbox 677 114 1075 162; baseline -0.003 -1"><span class='ocrx_word' id='word_1_2' title='bbox 677 132 823 161; x_wconf 64' lang='lat' dir='ltr'><strong>pxsrou.</strong></span> <span class='ocrx_word' id='word_1_3' title='bbox 842 127 886 154; x_wconf 61' lang='grc' dir='ltr'><em>ξ</em></span> <span class='ocrx_word' id='word_1_4' title='bbox 895 114 1075 162; x_wconf 56' lang='lat' dir='ltr'><strong>euntium.</strong></span> 
     </span>
    </p>
   </div>
   <div class='ocr_carea' id='block_1_3' title="bbox 1615 131 1668 159">
    <p class='ocr_par' dir='ltr' id='par_1_3' title="bbox 1615 131 1668 159">
     <span class='ocr_line' id='line_1_3' title="bbox 1615 131 1668 159; baseline 0 0"><span class='ocrx_word' id='word_1_5' title='bbox 1615 131 1668 159; x_wconf 63' lang='lat'><strong>358</strong></span> 
     </span>
    </p>
   </div>
   <div class='ocr_carea' id='block_1_4' title="bbox 45 188 1650 232">
    <p class='ocr_par' dir='ltr' id='par_1_4' title="bbox 45 188 1650 232">
     <span class='ocr_line' id='line_1_4' title="bbox 45 188 1650 232; baseline -0.005 -9"><span class='ocrx_word' id='word_1_6' title='bbox 45 197 85 232; x_wconf 76' lang='lat' dir='ltr'><strong>qui</strong></span> <span class='ocrx_word' id='word_1_7' title='bbox 100 199 215 227; x_wconf 58' lang='lat' dir='ltr'><strong>eruunt</strong></span> <span class='ocrx_word' id='word_1_8' title='bbox 240 193 378 227; x_wconf 81' lang='lat' dir='ltr'><strong>Ecclesiis,</strong></span> <span class='ocrx_word' id='word_1_9' title='bbox 401 197 478 220; x_wconf 70' lang='lat' dir='ltr'><strong>extra</strong></span> <span class='ocrx_word' id='word_1_10' title='bbox 491 191 657 227; x_wconf 77' lang='lat' dir='ltr'><strong>Scripturam</strong></span> <span class='ocrx_word' id='word_1_11' title='bbox 678 191 829 227; x_wconf 80' lang='lat' dir='ltr'><strong>permisisse</strong></span> <span class='ocrx_word' id='word_1_12' title='bbox 845 192 865 221; x_wconf 76' lang='grc' dir='ltr'><strong>Α</strong></span> <span class='ocrx_word' id='word_1_13' title='bbox 881 189 1012 226; x_wconf 84' lang='lat' dir='ltr'><strong>phanium</strong></span> <span class='ocrx_word' id='word_1_14' title='bbox 1028 189 1084 217; x_wconf 91' lang='lat' dir='ltr'><strong>illic</strong></span> <span class='ocrx_word' id='word_1_15' title='bbox 1095 188 1129 216; x_wconf 85' lang='lat' dir='ltr'><strong>de</strong></span> <span class='ocrx_word' id='word_1_16' title='bbox 1139 188 1241 223; x_wconf 88' lang='lat' dir='ltr'><strong>nuptiis</strong></span> <span class='ocrx_word' id='word_1_17' title='bbox 1255 193 1318 223; x_wconf 81' lang='lat' dir='ltr'><strong>post</strong></span> <span class='ocrx_word' id='word_1_18' title='bbox 1334 188 1458 224; x_wconf 84' lang='lat' dir='ltr'><strong>conjugis</strong></span> <span class='ocrx_word' id='word_1_19' title='bbox 1471 194 1587 218; x_wconf 85' lang='lat' dir='ltr'><strong>mortem</strong></span> <span class='ocrx_word' id='word_1_20' title='bbox 1599 196 1650 215; x_wconf 82' lang='lat' dir='ltr'><strong>con</strong></span> 
     </span>
    </p>
   </div>
   <div class='ocr_carea' id='block_1_5' title="bbox 44 237 826 276">
    <p class='ocr_par' dir='ltr' id='par_1_5' title="bbox 44 237 826 276">
     <span class='ocr_line' id='line_1_5' title="bbox 44 237 826 276; baseline -0.008 -8"><span class='ocrx_word' id='word_1_21' title='bbox 44 244 150 276; x_wconf 75' lang='lat' dir='ltr'><strong>aliquam</strong></span> <span class='ocrx_word' id='word_1_22' title='bbox 163 239 271 270; x_wconf 78' lang='lat' dir='ltr'><strong>nubere.</strong></span> <span class='ocrx_word' id='word_1_23' title='bbox 283 239 369 274; x_wconf 84' lang='lat' dir='ltr'><strong>priori</strong></span> <span class='ocrx_word' id='word_1_24' title='bbox 379 239 435 266; x_wconf 82' lang='lat' dir='ltr'><strong>viro</strong></span> <span class='ocrx_word' id='word_1_25' title='bbox 446 238 556 266; x_wconf 78' lang='lat' dir='ltr'><strong>uiuente.</strong></span> <span class='ocrx_word' id='word_1_26' title='bbox 573 237 609 264; x_wconf 85' lang='lat' dir='ltr'><strong>At</strong></span> <span class='ocrx_word' id='word_1_27' title='bbox 626 238 742 272; x_wconf 83' lang='lat' dir='ltr'><strong>ipsemet</strong></span> <span class='ocrx_word' id='word_1_28' title='bbox 757 243 826 263; x_wconf 87' lang='lat' dir='ltr'><strong>con-</strong></span> 
     </span>
    </p>
   </div>
   <div class='ocr_carea' id='block_1_6' title="bbox 45 281 827 318">
    <p class='ocr_par' dir='ltr' id='par_1_6' title="bbox 45 281 827 318">
     <span class='ocr_line' id='line_1_6' title="bbox 45 281 827 318; baseline -0.009 -4"><span class='ocrx_word' id='word_1_29' title='bbox 45 288 124 314; x_wconf 75' lang='lat' dir='ltr'><strong>festim</strong></span> <span class='ocrx_word' id='word_1_30' title='bbox 147 286 241 313; x_wconf 86' lang='lat' dir='ltr'><strong>subdit</strong></span> <span class='ocrx_word' id='word_1_31' title='bbox 255 295 262 313; x_wconf 90' lang='lat'>:</span> <span class='ocrx_word' id='word_1_32' title='bbox 276 284 310 312; x_wconf 85' lang='lat' dir='ltr'><strong>Et</strong></span> <span class='ocrx_word' id='word_1_33' title='bbox 333 289 425 312; x_wconf 86' lang='lat' dir='ltr'><strong>contra</strong></span> <span class='ocrx_word' id='word_1_34' title='bbox 444 283 609 318; x_wconf 74' lang='lat' dir='ltr'><strong>Scriptura»:</strong></span> <span class='ocrx_word' id='word_1_35' title='bbox 634 282 741 318; x_wconf 82' lang='lat' dir='ltr'><strong>quidem</strong></span> <span class='ocrx_word' id='word_1_36' title='bbox 763 281 827 316; x_wconf 79' lang='lat' dir='ltr'><strong>fece-</strong></span> 
     </span>
    </p>
   </div>
   <div class='ocr_carea' id='block_1_7' title="bbox 45 327 825 366">
    <p class='ocr_par' dir='ltr' id='par_1_7' title="bbox 45 327 825 366">
     <span class='ocr_line' id='line_1_7' title="bbox 45 327 825 366; baseline -0.005 -8"><span class='ocrx_word' id='word_1_37' title='bbox 45 336 108 364; x_wconf 82' lang='lat' dir='ltr'><strong>runt,</strong></span> <span class='ocrx_word' id='word_1_38' title='bbox 121 332 251 358; x_wconf 73' lang='lat' dir='ltr'><strong>dicentem</strong></span> <span class='ocrx_word' id='word_1_39' title='bbox 263 339 272 358; x_wconf 94' lang='lat'><strong><em>:</em></strong></span> <span class='ocrx_word' id='word_1_40' title='bbox 286 346 296 357; x_wconf 85' lang='grc'>.</span> <span class='ocrx_word' id='word_1_41' title='bbox 309 331 406 358; x_wconf 74' lang='lat' dir='ltr'><strong>Mulier</strong></span> <span class='ocrx_word' id='word_1_42' title='bbox 423 330 508 366; x_wconf 84' lang='lat' dir='ltr'><strong>ligata</strong></span> <span class='ocrx_word' id='word_1_43' title='bbox 521 327 594 359; x_wconf 53' lang='lat' dir='ltr'><strong>est.)</strong></span> <span class='ocrx_word' id='word_1_44' title='bbox 610 333 664 356; x_wconf 89' lang='lat' dir='ltr'><strong>etc.</strong></span> <span class='ocrx_word' id='word_1_45' title='bbox 677 327 737 356; x_wconf 89' lang='lat' dir='ltr'><strong>Non</strong></span> <span class='ocrx_word' id='word_1_46' title='bbox 753 328 825 355; x_wconf 84' lang='lat' dir='ltr'><strong>ditii-</strong></span> 
     </span>
    </p>
   </div>
   <div class='ocr_carea' id='block_1_8' title="bbox 45 375 825 413">
    <p class='ocr_par' dir='ltr' id='par_1_8' title="bbox 45 375 825 413">
     <span class='ocr_line' id='line_1_8' title="bbox 45 375 825 413; baseline -0.005 -7"><span class='ocrx_word' id='word_1_47' title='bbox 45 383 122 406; x_wconf 83' lang='lat' dir='ltr'><strong>tetnur</strong></span> <span class='ocrx_word' id='word_1_48' title='bbox 145 378 258 413; x_wconf 88' lang='lat' dir='ltr'><strong>quidem</strong></span> <span class='ocrx_word' id='word_1_49' title='bbox 287 378 349 405; x_wconf 91' lang='lat' dir='ltr'><strong>illos</strong></span> <span class='ocrx_word' id='word_1_50' title='bbox 368 377 462 412; x_wconf 89' lang='lat' dir='ltr'><strong>aliqua</strong></span> <span class='ocrx_word' id='word_1_51' title='bbox 482 385 515 404; x_wconf 83' lang='lat' dir='ltr'><strong>ex</strong></span> <span class='ocrx_word' id='word_1_52' title='bbox 536 381 612 412; x_wconf 83' lang='lat' dir='ltr'><strong>parte</strong></span> <span class='ocrx_word' id='word_1_53' title='bbox 635 375 764 404; x_wconf 81' lang='lat' dir='ltr'><strong>excusari</strong></span> <span class='ocrx_word' id='word_1_54' title='bbox 789 375 825 402; x_wconf 89' lang='lat' dir='ltr'><strong>ab</strong></span> 
     </span>
    </p>
   </div>
   <div class='ocr_carea' id='block_1_9' title="bbox 44 421 825 459">
    <p class='ocr_par' dir='ltr' id='par_1_9' title="bbox 44 421 825 459">
     <span class='ocr_line' id='line_1_9' title="bbox 44 421 825 459; baseline -0.005 -8"><span class='ocrx_word' id='word_1_55' title='bbox 44 423 162 459; x_wconf 79' lang='lat' dir='ltr'><strong>Origene,</strong></span> <span class='ocrx_word' id='word_1_56' title='bbox 187 424 235 459; x_wconf 86' lang='lat' dir='ltr'><strong>qui</strong></span> <span class='ocrx_word' id='word_1_57' title='bbox 262 424 406 459; x_wconf 79' lang='lat' dir='ltr'><strong>subjunxit</strong></span> <span class='ocrx_word' id='word_1_58' title='bbox 429 423 599 450; x_wconf 75' lang='lat' dir='ltr'><strong>continenter</strong></span> <span class='ocrx_word' id='word_1_59' title='bbox 623 431 630 449; x_wconf 86' lang='lat'><strong>:</strong></span> <span class='ocrx_word' id='word_1_60' title='bbox 652 421 714 448; x_wconf 85' lang='lat' dir='ltr'><strong>Non</strong></span> <span class='ocrx_word' id='word_1_61' title='bbox 737 427 825 448; x_wconf 86' lang='lat' dir='ltr'><strong>tamen</strong></span> 
     </span>
    </p>
   </div>
   <div class='ocr_carea' id='block_1_10' title="bbox 44 468 825 505">
    <p class='ocr_par' dir='ltr' id='par_1_10' title="bbox 44 468 825 505">
     <span class='ocr_line' id='line_1_10' title="bbox 44 468 825 505; baseline -0.005 -7"><span class='ocrx_word' id='word_1_62' title='bbox 44 471 138 498; x_wconf 81' lang='lat' dir='ltr'><strong>omnino</strong></span> <span class='ocrx_word' id='word_1_63' title='bbox 151 471 209 498; x_wconf 88' lang='lat' dir='ltr'><strong>sine</strong></span> <span class='ocrx_word' id='word_1_64' title='bbox 227 479 310 497; x_wconf 85' lang='lat' dir='ltr'><strong>causa</strong></span> <span class='ocrx_word' id='word_1_65' title='bbox 329 470 384 498; x_wconf 59' lang='lat' dir='ltr'><strong>hare</strong></span> <span class='ocrx_word' id='word_1_66' title='bbox 404 470 596 505; x_wconf 73' lang='lat' dir='ltr'><strong>permiserunt;</strong></span> <span class='ocrx_word' id='word_1_67' title='bbox 620 468 736 504; x_wconf 87' lang='lat' dir='ltr'><strong>forsitan</strong></span> <span class='ocrx_word' id='word_1_68' title='bbox 754 469 825 495; x_wconf 83' lang='lat' dir='ltr'><strong>enim</strong></span> 
     </span>
    </p>
   </div>
   <div class='ocr_carea' id='block_1_11' title="bbox 43 514 825 550">
    <p class='ocr_par' dir='ltr' id='par_1_11' title="bbox 43 514 825 550">
     <span class='ocr_line' id='line_1_11' title="bbox 43 514 825 550; baseline -0.004 -7"><span class='ocrx_word' id='word_1_69' title='bbox 43 520 136 549; x_wconf 73' lang='lat' dir='ltr'><strong>propter</strong></span> <span class='ocrx_word' id='word_1_70' title='bbox 154 515 309 550; x_wconf 79' lang='lat' dir='ltr'><strong>hujusmodi</strong></span> <span class='ocrx_word' id='word_1_71' title='bbox 333 515 517 550; x_wconf 74' lang='lat' dir='ltr'><strong>inﬁmitatem</strong></span> <span class='ocrx_word' id='word_1_72' title='bbox 536 515 757 542; x_wconf 79' lang='lat' dir='ltr'><strong>incontinentium</strong></span> <span class='ocrx_word' id='word_1_73' title='bbox 777 514 825 540; x_wconf 85' lang='lat' dir='ltr'><strong>ho-</strong></span> 
     </span>
    </p>
   </div>
   <div class='ocr_carea' id='block_1_12' title="bbox 43 559 823 596">
    <p class='ocr_par' dir='ltr' id='par_1_12' title="bbox 43 559 823 596">
     <span class='ocr_line' id='line_1_12' title="bbox 43 559 823 596; baseline -0.001 -9"><span class='ocrx_word' id='word_1_74' title='bbox 43 560 148 591; x_wconf 74' lang='lat' dir='ltr'><strong>minum,</strong></span> <span class='ocrx_word' id='word_1_75' title='bbox 172 560 296 595; x_wconf 87' lang='lat' dir='ltr'><strong>pejorum</strong></span> <span class='ocrx_word' id='word_1_76' title='bbox 325 560 538 596; x_wconf 81' lang='lat' dir='ltr'><strong>comparatione,</strong></span> <span class='ocrx_word' id='word_1_77' title='bbox 559 568 618 595; x_wconf 62' lang='lat' dir='ltr'><strong>quin</strong></span> <span class='ocrx_word' id='word_1_78' title='bbox 644 559 717 586; x_wconf 89' lang='lat' dir='ltr'><strong>mala</strong></span> <span class='ocrx_word' id='word_1_79' title='bbox 745 564 823 593; x_wconf 82' lang='lat' dir='ltr'><strong>sunt,</strong></span> 
     </span>
    </p>
   </div>
   <div class='ocr_carea' id='block_1_13' title="bbox 43 606 822 642">
    <p class='ocr_par' dir='ltr' id='par_1_13' title="bbox 43 606 822 642">
     <span class='ocr_line' id='line_1_13' title="bbox 43 606 822 642; baseline -0.001 -8"><span class='ocrx_word' id='word_1_80' title='bbox 43 607 202 640; x_wconf 80' lang='lat' dir='ltr'><strong>permiserunt</strong></span> <span class='ocrx_word' id='word_1_81' title='bbox 219 607 346 634; x_wconf 81' lang='lat' dir='ltr'><strong>adversus</strong></span> <span class='ocrx_word' id='word_1_82' title='bbox 361 615 403 640; x_wconf 84' lang='lat' dir='ltr'><strong>ea,</strong></span> <span class='ocrx_word' id='word_1_83' title='bbox 418 615 478 642; x_wconf 65' lang='lat' dir='ltr'><strong>qua:</strong></span> <span class='ocrx_word' id='word_1_84' title='bbox 493 606 524 633; x_wconf 88' lang='lat' dir='ltr'><strong>ab</strong></span> <span class='ocrx_word' id='word_1_85' title='bbox 537 607 614 634; x_wconf 82' lang='lat' dir='ltr'><strong>initio</strong></span> <span class='ocrx_word' id='word_1_86' title='bbox 631 607 738 642; x_wconf 80' lang='lat' dir='ltr'><strong>fuerunt</strong></span> <span class='ocrx_word' id='word_1_87' title='bbox 752 607 822 634; x_wconf 82' lang='lat' dir='ltr'><strong>scri-</strong></span> 
     </span>
    </p>
   </div>
   <div class='ocr_carea' id='block_1_14' title="bbox 43 651 822 688">
    <p class='ocr_par' dir='ltr' id='par_1_14' title="bbox 43 651 822 688">
     <span class='ocr_line' id='line_1_14' title="bbox 43 651 822 688; baseline 0 -9"><span class='ocrx_word' id='word_1_88' title='bbox 43 657 90 687; x_wconf 80' lang='lat' dir='ltr'><strong>pta.</strong></span> <span class='ocrx_word' id='word_1_89' title='bbox 116 651 161 680; x_wconf 85' lang='lat' dir='ltr'><strong>Vir</strong></span> <span class='ocrx_word' id='word_1_90' title='bbox 187 658 281 680; x_wconf 85' lang='lat' dir='ltr'><strong>autem</strong></span> <span class='ocrx_word' id='word_1_91' title='bbox 305 653 349 681; x_wconf 90' lang='lat' dir='ltr'><strong>ille</strong></span> <span class='ocrx_word' id='word_1_92' title='bbox 369 653 547 681; x_wconf 87' lang='lat' dir='ltr'><strong>doctissimus</strong></span> <span class='ocrx_word' id='word_1_93' title='bbox 562 661 576 680; x_wconf 88' lang='lat' dir='ltr'><strong>a</strong></span> <span class='ocrx_word' id='word_1_94' title='bbox 592 653 673 688; x_wconf 86' lang='lat' dir='ltr'><strong>culpa</strong></span> <span class='ocrx_word' id='word_1_95' title='bbox 697 661 762 686; x_wconf 88' lang='lat' dir='ltr'><strong>eos,</strong></span> <span class='ocrx_word' id='word_1_96' title='bbox 783 652 822 680; x_wconf 86' lang='lat' dir='ltr'><strong>uti</strong></span> 
     </span>
    </p>
   </div>
   <div class='ocr_carea' id='block_1_15' title="bbox 42 698 823 732">
    <p class='ocr_par' dir='ltr' id='par_1_15' title="bbox 42 698 823 732">
     <span class='ocr_line' id='line_1_15' title="bbox 42 698 823 732; baseline 0.001 -7"><span class='ocrx_word' id='word_1_97' title='bbox 42 699 117 732; x_wconf 80' lang='lat' dir='ltr'><strong>vides,</strong></span> <span class='ocrx_word' id='word_1_98' title='bbox 134 707 186 726; x_wconf 89' lang='lat' dir='ltr'><strong>non</strong></span> <span class='ocrx_word' id='word_1_99' title='bbox 211 699 321 726; x_wconf 85' lang='lat' dir='ltr'><strong>liberat.</strong></span> <span class='ocrx_word' id='word_1_100' title='bbox 343 699 378 726; x_wconf 83' lang='lat' dir='ltr'><strong>At</strong></span> <span class='ocrx_word' id='word_1_101' title='bbox 403 699 431 726; x_wconf 94' lang='lat' dir='ltr'><strong>in</strong></span> <span class='ocrx_word' id='word_1_102' title='bbox 455 707 489 726; x_wconf 88' lang='lat' dir='ltr'><strong>eo</strong></span> <span class='ocrx_word' id='word_1_103' title='bbox 515 703 621 726; x_wconf 89' lang='lat' dir='ltr'><strong>tantum</strong></span> <span class='ocrx_word' id='word_1_104' title='bbox 648 698 823 727; x_wconf 80' lang='lat' dir='ltr'><strong>escusandos</strong></span> 
     </span>
    </p>
   </div>
   <div class='ocr_carea' id='block_1_16' title="bbox 41 745 824 781">
    <p class='ocr_par' dir='ltr' id='par_1_16' title="bbox 41 745 824 781">
     <span class='ocr_line' id='line_1_16' title="bbox 41 745 824 781; baseline -0.001 -8"><span class='ocrx_word' id='word_1_105' title='bbox 41 753 94 773; x_wconf 79' lang='lat' dir='ltr'><strong>esse</strong></span> <span class='ocrx_word' id='word_1_106' title='bbox 110 751 211 778; x_wconf 82' lang='lat' dir='ltr'><strong>censet,</strong></span> <span class='ocrx_word' id='word_1_107' title='bbox 229 745 304 781; x_wconf 88' lang='lat' dir='ltr'><strong>quod</strong></span> <span class='ocrx_word' id='word_1_108' title='bbox 323 745 414 773; x_wconf 87' lang='lat' dir='ltr'><strong>minus</strong></span> <span class='ocrx_word' id='word_1_109' title='bbox 430 745 545 778; x_wconf 88' lang='lat' dir='ltr'><strong>malum,</strong></span> <span class='ocrx_word' id='word_1_110' title='bbox 561 750 592 772; x_wconf 90' lang='lat' dir='ltr'><strong>ut</strong></span> <span class='ocrx_word' id='word_1_111' title='bbox 611 745 702 780; x_wconf 82' lang='lat' dir='ltr'><strong>majus</strong></span> <span class='ocrx_word' id='word_1_112' title='bbox 720 745 824 772; x_wconf 57' lang='lat' dir='ltr'><strong>devita.</strong></span> 
     </span>
    </p>
   </div>
   <div class='ocr_carea' id='block_1_17' title="bbox 42 790 820 826">
    <p class='ocr_par' dir='ltr' id='par_1_17' title="bbox 42 790 820 826">
     <span class='ocr_line' id='line_1_17' title="bbox 42 790 820 826; baseline 0 -8"><span class='ocrx_word' id='word_1_113' title='bbox 42 794 121 824; x_wconf 80' lang='lat' dir='ltr'><strong>retur,</strong></span> <span class='ocrx_word' id='word_1_114' title='bbox 140 792 336 826; x_wconf 82' lang='lat' dir='ltr'><strong>permiserunt.</strong></span> <span class='ocrx_word' id='word_1_115' title='bbox 363 790 440 819; x_wconf 78' lang='lat' dir='ltr'><strong>lianc</strong></span> <span class='ocrx_word' id='word_1_116' title='bbox 467 796 558 819; x_wconf 86' lang='lat' dir='ltr'><strong>tamen</strong></span> <span class='ocrx_word' id='word_1_117' title='bbox 590 791 820 826; x_wconf 87' lang='lat' dir='ltr'><strong>permissionem,</strong></span> 
     </span>
    </p>
   </div>
   <div class='ocr_carea' id='block_1_18' title="bbox 41 837 821 872">
    <p class='ocr_par' dir='ltr' id='par_1_18' title="bbox 41 837 821 872">
     <span class='ocr_line' id='line_1_18' title="bbox 41 837 821 872; baseline 0.003 -9"><span class='ocrx_word' id='word_1_118' title='bbox 41 837 203 872; x_wconf 84' lang='lat' dir='ltr'><strong>quantumvis</strong></span> <span class='ocrx_word' id='word_1_119' title='bbox 220 838 298 872; x_wconf 89' lang='lat' dir='ltr'><strong>jnsta</strong></span> <span class='ocrx_word' id='word_1_120' title='bbox 319 837 463 871; x_wconf 79' lang='lat' dir='ltr'><strong>videatur,</strong></span> <span class='ocrx_word' id='word_1_121' title='bbox 485 837 645 866; x_wconf 84' lang='lat' dir='ltr'><strong>auctoritati</strong></span> <span class='ocrx_word' id='word_1_122' title='bbox 670 837 821 872; x_wconf 62' lang='lat' dir='ltr'><strong>Scriptura:</strong></span> 
     </span>
    </p>
   </div>
   <div class='ocr_carea' id='block_1_19' title="bbox 41 883 822 919">
    <p class='ocr_par' dir='ltr' id='par_1_19' title="bbox 41 883 822 919">
     <span class='ocr_line' id='line_1_19' title="bbox 41 883 822 919; baseline 0.004 -11"><span class='ocrx_word' id='word_1_123' title='bbox 41 889 115 909; x_wconf 76' lang='lat' dir='ltr'><strong>sacra:</strong></span> <span class='ocrx_word' id='word_1_124' title='bbox 128 890 282 917; x_wconf 76' lang='lat' dir='ltr'><strong>repugnare</strong></span> <span class='ocrx_word' id='word_1_125' title='bbox 295 884 409 917; x_wconf 86' lang='lat' dir='ltr'><strong>asserit;</strong></span> <span class='ocrx_word' id='word_1_126' title='bbox 425 884 594 919; x_wconf 85' lang='lat' dir='ltr'><strong>proindeque</strong></span> <span class='ocrx_word' id='word_1_127' title='bbox 606 883 742 918; x_wconf 80' lang='lat' dir='ltr'><strong>ejusmodi</strong></span> <span class='ocrx_word' id='word_1_128' title='bbox 756 891 822 912; x_wconf 84' lang='lat' dir='ltr'><strong>con-</strong></span> 
     </span>
    </p>
   </div>
   <div class='ocr_carea' id='block_1_20' title="bbox 40 928 821 965">
    <p class='ocr_par' dir='ltr' id='par_1_20' title="bbox 40 928 821 965">
     <span class='ocr_line' id='line_1_20' title="bbox 40 928 821 965; baseline 0.005 -11"><span class='ocrx_word' id='word_1_129' title='bbox 40 929 112 955; x_wconf 84' lang='lat' dir='ltr'><strong>nubia</strong></span> <span class='ocrx_word' id='word_1_130' title='bbox 124 928 157 955; x_wconf 90' lang='lat' dir='ltr'><strong>ab</strong></span> <span class='ocrx_word' id='word_1_131' title='bbox 167 929 265 956; x_wconf 85' lang='lat' dir='ltr'><strong>eadem</strong></span> <span class='ocrx_word' id='word_1_132' title='bbox 281 929 421 965; x_wconf 83' lang='lat' dir='ltr'><strong>Scriptura</strong></span> <span class='ocrx_word' id='word_1_133' title='bbox 437 930 570 965; x_wconf 88' lang='lat' dir='ltr'><strong>proscribi</strong></span> <span class='ocrx_word' id='word_1_134' title='bbox 583 935 611 957; x_wconf 85' lang='lat' dir='ltr'><strong>et</strong></span> <span class='ocrx_word' id='word_1_135' title='bbox 623 929 749 957; x_wconf 88' lang='lat' dir='ltr'><strong>damnari</strong></span> <span class='ocrx_word' id='word_1_136' title='bbox 766 938 821 958; x_wconf 89' lang='lat' dir='ltr'><strong>non</strong></span> 
     </span>
    </p>
   </div>
   <div class='ocr_carea' id='block_1_21' title="bbox 40 974 307 1009">
    <p class='ocr_par' dir='ltr' id='par_1_21' title="bbox 40 974 307 1009">
     <span class='ocr_line' id='line_1_21' title="bbox 40 974 307 1009; baseline 0.011 -9"><span class='ocrx_word' id='word_1_137' title='bbox 40 974 144 1002; x_wconf 75' lang='lat' dir='ltr'><strong>obscure</strong></span> <span class='ocrx_word' id='word_1_138' title='bbox 157 974 307 1009; x_wconf 80' lang='lat' dir='ltr'><strong>signiﬁcat.</strong></span> 
     </span>
    </p>
   </div>
   <div class='ocr_carea' id='block_1_22' title="bbox 69 1029 819 1067">
    <p class='ocr_par' dir='ltr' id='par_1_22' title="bbox 69 1029 819 1067">
     <span class='ocr_line' id='line_1_22' title="bbox 69 1029 819 1067; baseline 0.007 -11"><span class='ocrx_word' id='word_1_139' title='bbox 69 1029 245 1066; x_wconf 86' lang='lat' dir='ltr'><strong>Hieronymus</strong></span> <span class='ocrx_word' id='word_1_140' title='bbox 265 1039 339 1065; x_wconf 86' lang='lat' dir='ltr'><strong>vero,</strong></span> <span class='ocrx_word' id='word_1_141' title='bbox 356 1039 436 1067; x_wconf 87' lang='lat' dir='ltr'><strong>quem</strong></span> <span class='ocrx_word' id='word_1_142' title='bbox 451 1033 535 1060; x_wconf 85' lang='lat' dir='ltr'><strong>etiam</strong></span> <span class='ocrx_word' id='word_1_143' title='bbox 551 1032 725 1061; x_wconf 83' lang='lat' dir='ltr'><strong>Cliemnitius</strong></span> <span class='ocrx_word' id='word_1_144' title='bbox 738 1033 819 1062; x_wconf 85' lang='lat' dir='ltr'><strong>nobis</strong></span> 
     </span>
    </p>
   </div>
   <div class='ocr_carea' id='block_1_23' title="bbox 39 1076 820 1114">
    <p class='ocr_par' dir='ltr' id='par_1_23' title="bbox 39 1076 820 1114">
     <span class='ocr_line' id='line_1_23' title="bbox 39 1076 820 1114; baseline 0.005 -12"><span class='ocrx_word' id='word_1_145' title='bbox 39 1076 130 1110; x_wconf 85' lang='lat' dir='ltr'><strong>objicit,</strong></span> <span class='ocrx_word' id='word_1_146' title='bbox 141 1077 193 1111; x_wconf 88' lang='lat' dir='ltr'><strong>ipsi</strong></span> <span class='ocrx_word' id='word_1_147' title='bbox 210 1077 303 1105; x_wconf 86' lang='lat' dir='ltr'><strong>adhuc</strong></span> <span class='ocrx_word' id='word_1_148' title='bbox 317 1079 457 1113; x_wconf 85' lang='lat' dir='ltr'><strong>multoque</strong></span> <span class='ocrx_word' id='word_1_149' title='bbox 471 1077 579 1113; x_wconf 75' lang='lat' dir='ltr'><strong>plautius</strong></span> <span class='ocrx_word' id='word_1_150' title='bbox 594 1087 676 1113; x_wconf 90' lang='lat' dir='ltr'><strong>quam</strong></span> <span class='ocrx_word' id='word_1_151' title='bbox 688 1077 820 1114; x_wconf 77' lang='lat' dir='ltr'><strong>Origenes</strong></span> 
     </span>
    </p>
   </div>
   <div class='ocr_carea' id='block_1_24' title="bbox 39 1121 820 1159">
    <p class='ocr_par' dir='ltr' id='par_1_24' title="bbox 39 1121 820 1159">
     <span class='ocr_line' id='line_1_24' title="bbox 39 1121 820 1159; baseline 0.005 -11"><span class='ocrx_word' id='word_1_152' title='bbox 39 1121 196 1150; x_wconf 78' lang='lat' dir='ltr'><strong>adversatur.</strong></span> <span class='ocrx_word' id='word_1_153' title='bbox 215 1122 268 1150; x_wconf 81' lang='lat' dir='ltr'><strong>libi</strong></span> <span class='ocrx_word' id='word_1_154' title='bbox 285 1124 384 1159; x_wconf 86' lang='lat' dir='ltr'><strong>quippe</strong></span> <span class='ocrx_word' id='word_1_155' title='bbox 407 1124 439 1151; x_wconf 87' lang='lat' dir='ltr'><strong>ad</strong></span> <span class='ocrx_word' id='word_1_156' title='bbox 463 1123 601 1152; x_wconf 87' lang='lat' dir='ltr'><strong>Oceanum</strong></span> <span class='ocrx_word' id='word_1_157' title='bbox 616 1125 710 1152; x_wconf 88' lang='lat' dir='ltr'><strong>scribit</strong></span> <span class='ocrx_word' id='word_1_158' title='bbox 722 1125 744 1140; x_wconf 86' lang='lat'><strong>&quot;</strong></span> <span class='ocrx_word' id='word_1_159' title='bbox 769 1124 820 1152; x_wconf 84' lang='lat' dir='ltr'><strong>Fa-</strong></span> 
     </span>
    </p>
   </div>
   <div class='ocr_carea' id='block_1_25' title="bbox 40 1167 820 1204">
    <p class='ocr_par' dir='ltr' id='par_1_25' title="bbox 40 1167 820 1204">
     <span class='ocr_line' id='line_1_25' title="bbox 40 1167 820 1204; baseline 0.003 -9"><span class='ocrx_word' id='word_1_160' title='bbox 40 1167 127 1196; x_wconf 81' lang='lat' dir='ltr'><strong>biolam</strong></span> <span class='ocrx_word' id='word_1_161' title='bbox 151 1169 224 1202; x_wconf 89' lang='lat' dir='ltr'><strong>ideo,</strong></span> <span class='ocrx_word' id='word_1_162' title='bbox 252 1169 343 1204; x_wconf 90' lang='lat' dir='ltr'><strong>priore</strong></span> <span class='ocrx_word' id='word_1_163' title='bbox 366 1171 425 1196; x_wconf 93' lang='lat' dir='ltr'><strong>viro</strong></span> <span class='ocrx_word' id='word_1_164' title='bbox 448 1177 500 1197; x_wconf 91' lang='lat' dir='ltr'><strong>suo</strong></span> <span class='ocrx_word' id='word_1_165' title='bbox 521 1170 638 1201; x_wconf 81' lang='lat' dir='ltr'><strong>vivente.</strong></span> <span class='ocrx_word' id='word_1_166' title='bbox 662 1170 740 1197; x_wconf 90' lang='lat' dir='ltr'><strong>alteri</strong></span> <span class='ocrx_word' id='word_1_167' title='bbox 766 1178 820 1198; x_wconf 92' lang='lat' dir='ltr'><strong>nu-</strong></span> 
     </span>
    </p>
   </div>
   <div class='ocr_carea' id='block_1_26' title="bbox 39 1214 820 1251">
    <p class='ocr_par' dir='ltr' id='par_1_26' title="bbox 39 1214 820 1251">
     <span class='ocr_line' id='line_1_26' title="bbox 39 1214 820 1251; baseline 0.005 -11"><span class='ocrx_word' id='word_1_168' title='bbox 39 1214 125 1249; x_wconf 84' lang='lat' dir='ltr'><strong>psisse,</strong></span> <span class='ocrx_word' id='word_1_169' title='bbox 140 1215 203 1250; x_wconf 84' lang='lat' dir='ltr'><strong>quia</strong></span> <span class='ocrx_word' id='word_1_170' title='bbox 220 1220 392 1250; x_wconf 72' lang='lat' dir='ltr'><strong>persuaserat</strong></span> <span class='ocrx_word' id='word_1_171' title='bbox 407 1216 467 1248; x_wconf 83' lang='lat' dir='ltr'><strong>sibi,</strong></span> <span class='ocrx_word' id='word_1_172' title='bbox 482 1220 506 1243; x_wconf 83' lang='lat' dir='ltr'><strong>et</strong></span> <span class='ocrx_word' id='word_1_173' title='bbox 528 1215 639 1251; x_wconf 87' lang='lat' dir='ltr'><strong>putabat</strong></span> <span class='ocrx_word' id='word_1_174' title='bbox 659 1217 744 1243; x_wconf 84' lang='lat' dir='ltr'><strong>virum</strong></span> <span class='ocrx_word' id='word_1_175' title='bbox 759 1225 775 1243; x_wconf 92' lang='lat' dir='ltr'><strong>a</strong></span> <span class='ocrx_word' id='word_1_176' title='bbox 792 1225 820 1244; x_wconf 77' lang='lat' dir='ltr'><strong>se</strong></span> 
     </span>
    </p>
   </div>
   <div class='ocr_carea' id='block_1_27' title="bbox 40 1260 820 1298">
    <p class='ocr_par' dir='ltr' id='par_1_27' title="bbox 40 1260 820 1298">
     <span class='ocr_line' id='line_1_27' title="bbox 40 1260 820 1298; baseline 0.005 -12"><span class='ocrx_word' id='word_1_177' title='bbox 40 1260 89 1287; x_wconf 78' lang='lat' dir='ltr'><strong>iure</strong></span> <span class='ocrx_word' id='word_1_178' title='bbox 102 1261 251 1294; x_wconf 84' lang='lat' dir='ltr'><strong>dimissum,</strong></span> <span class='ocrx_word' id='word_1_179' title='bbox 274 1262 408 1289; x_wconf 88' lang='lat' dir='ltr'><strong>continuo</strong></span> <span class='ocrx_word' id='word_1_180' title='bbox 424 1262 585 1297; x_wconf 71' lang='lat' dir='ltr'><strong>subiungit:</strong></span> <span class='ocrx_word' id='word_1_181' title='bbox 601 1261 657 1289; x_wconf 87' lang='lat' dir='ltr'><strong>Nec</strong></span> <span class='ocrx_word' id='word_1_182' title='bbox 681 1262 820 1298; x_wconf 72' lang='lat' dir='ltr'><strong>Evangelii</strong></span> 
     </span>
    </p>
   </div>
   <div class='ocr_carea' id='block_1_28' title="bbox 40 1306 817 1341">
    <p class='ocr_par' dir='ltr' id='par_1_28' title="bbox 40 1306 817 1341">
     <span class='ocr_line' id='line_1_28' title="bbox 40 1306 817 1341; baseline 0.001 -10"><span class='ocrx_word' id='word_1_183' title='bbox 40 1306 138 1340; x_wconf 85' lang='lat' dir='ltr'><strong>rigorem</strong></span> <span class='ocrx_word' id='word_1_184' title='bbox 155 1311 275 1338; x_wconf 78' lang='lat' dir='ltr'><strong>noverat,</strong></span> <span class='ocrx_word' id='word_1_185' title='bbox 294 1307 323 1333; x_wconf 90' lang='lat' dir='ltr'><strong>in</strong></span> <span class='ocrx_word' id='word_1_186' title='bbox 341 1314 392 1341; x_wconf 83' lang='lat' dir='ltr'><strong>quo</strong></span> <span class='ocrx_word' id='word_1_187' title='bbox 406 1306 520 1333; x_wconf 78' lang='lat' dir='ltr'><strong>nubendi</strong></span> <span class='ocrx_word' id='word_1_188' title='bbox 541 1306 664 1333; x_wconf 73' lang='lat' dir='ltr'><strong>uniuersa</strong></span> <span class='ocrx_word' id='word_1_189' title='bbox 686 1307 817 1340; x_wconf 79' lang='lat' dir='ltr'><strong>causatio,</strong></span> 
     </span>
    </p>
   </div>
   <div class='ocr_carea' id='block_1_29' title="bbox 40 1351 820 1387">
    <p class='ocr_par' dir='ltr' id='par_1_29' title="bbox 40 1351 820 1387">
     <span class='ocr_line' id='line_1_29' title="bbox 40 1351 820 1387; baseline 0.004 -10"><span class='ocrx_word' id='word_1_190' title='bbox 40 1351 168 1378; x_wconf 74' lang='lat' dir='ltr'><strong>ﬂuentibus</strong></span> <span class='ocrx_word' id='word_1_191' title='bbox 191 1352 268 1385; x_wconf 81' lang='lat' dir='ltr'><strong>ciris,</strong></span> <span class='ocrx_word' id='word_1_192' title='bbox 290 1352 395 1386; x_wconf 81' lang='lat' dir='ltr'><strong>feminis</strong></span> <span class='ocrx_word' id='word_1_193' title='bbox 417 1357 583 1387; x_wconf 86' lang='lat' dir='ltr'><strong>amputatur.</strong></span> <span class='ocrx_word' id='word_1_194' title='bbox 602 1351 701 1380; x_wconf 85' lang='lat' dir='ltr'><strong>Narrat</strong></span> <span class='ocrx_word' id='word_1_195' title='bbox 721 1352 820 1380; x_wconf 85' lang='lat' dir='ltr'><strong>deinde</strong></span> 
     </span>
    </p>
   </div>
   <div class='ocr_carea' id='block_1_30' title="bbox 40 1397 819 1433">
    <p class='ocr_par' dir='ltr' id='par_1_30' title="bbox 40 1397 819 1433">
     <span class='ocr_line' id='line_1_30' title="bbox 40 1397 819 1433; baseline 0.004 -11"><span class='ocrx_word' id='word_1_196' title='bbox 40 1397 161 1431; x_wconf 85' lang='lat' dir='ltr'><strong>quomodo</strong></span> <span class='ocrx_word' id='word_1_197' title='bbox 174 1397 289 1425; x_wconf 78' lang='lat' dir='ltr'><strong>Fabiola</strong></span> <span class='ocrx_word' id='word_1_198' title='bbox 305 1398 442 1432; x_wconf 83' lang='lat' dir='ltr'><strong>publicam</strong></span> <span class='ocrx_word' id='word_1_199' title='bbox 461 1397 577 1432; x_wconf 88' lang='lat' dir='ltr'><strong>hujusce</strong></span> <span class='ocrx_word' id='word_1_200' title='bbox 594 1398 706 1425; x_wconf 83' lang='lat' dir='ltr'><strong>secundi</strong></span> <span class='ocrx_word' id='word_1_201' title='bbox 723 1398 819 1433; x_wconf 89' lang='lat' dir='ltr'><strong>conju-</strong></span> 
     </span>
    </p>
   </div>
   <div class='ocr_carea' id='block_1_31' title="bbox 40 1443 819 1479">
    <p class='ocr_par' dir='ltr' id='par_1_31' title="bbox 40 1443 819 1479">
     <span class='ocr_line' id='line_1_31' title="bbox 40 1443 819 1479; baseline 0.004 -10"><span class='ocrx_word' id='word_1_202' title='bbox 40 1443 80 1477; x_wconf 79' lang='lat' dir='ltr'><strong>gii,</strong></span> <span class='ocrx_word' id='word_1_203' title='bbox 93 1451 144 1470; x_wconf 93' lang='lat' dir='ltr'><strong>non</strong></span> <span class='ocrx_word' id='word_1_204' title='bbox 159 1451 241 1471; x_wconf 85' lang='lat' dir='ltr'><strong>secus</strong></span> <span class='ocrx_word' id='word_1_205' title='bbox 256 1451 290 1471; x_wconf 88' lang='lat' dir='ltr'><strong>ac</strong></span> <span class='ocrx_word' id='word_1_206' title='bbox 304 1444 327 1471; x_wconf 86' lang='lat' dir='ltr'><strong>si</strong></span> <span class='ocrx_word' id='word_1_207' title='bbox 340 1444 503 1471; x_wconf 74' lang='lat' dir='ltr'><strong>adulterinum</strong></span> <span class='ocrx_word' id='word_1_208' title='bbox 518 1443 714 1477; x_wconf 83' lang='lat' dir='ltr'><strong>commisisset,</strong></span> <span class='ocrx_word' id='word_1_209' title='bbox 729 1444 819 1479; x_wconf 65' lang='lat' dir='ltr'><strong>pinni-</strong></span> 
     </span>
    </p>
   </div>
   <div class='ocr_carea' id='block_1_32' title="bbox 41 1487 818 1524">
    <p class='ocr_par' dir='ltr' id='par_1_32' title="bbox 41 1487 818 1524">
     <span class='ocr_line' id='line_1_32' title="bbox 41 1487 818 1524; baseline 0.004 -12"><span class='ocrx_word' id='word_1_210' title='bbox 41 1487 141 1514; x_wconf 84' lang='lat' dir='ltr'><strong>Ieutiam</strong></span> <span class='ocrx_word' id='word_1_211' title='bbox 157 1488 255 1523; x_wconf 86' lang='lat' dir='ltr'><strong>egerit.</strong></span> <span class='ocrx_word' id='word_1_212' title='bbox 276 1487 336 1515; x_wconf 84' lang='lat' dir='ltr'><strong>Non</strong></span> <span class='ocrx_word' id='word_1_213' title='bbox 353 1488 441 1516; x_wconf 90' lang='lat' dir='ltr'><strong>solum</strong></span> <span class='ocrx_word' id='word_1_214' title='bbox 464 1493 555 1515; x_wconf 87' lang='lat' dir='ltr'><strong>autem</strong></span> <span class='ocrx_word' id='word_1_215' title='bbox 579 1488 616 1515; x_wconf 90' lang='lat' dir='ltr'><strong>ibi</strong></span> <span class='ocrx_word' id='word_1_216' title='bbox 636 1487 818 1524; x_wconf 83' lang='lat' dir='ltr'><strong>Hieronymus</strong></span> 
     </span>
    </p>
   </div>
   <div class='ocr_carea' id='block_1_33' title="bbox 41 1532 856 1569">
    <p class='ocr_par' dir='ltr' id='par_1_33' title="bbox 41 1532 856 1569">
     <span class='ocr_line' id='line_1_33' title="bbox 41 1532 856 1569; baseline 0.005 -11"><span class='ocrx_word' id='word_1_217' title='bbox 41 1532 82 1560; x_wconf 82' lang='lat' dir='ltr'><strong>has</strong></span> <span class='ocrx_word' id='word_1_218' title='bbox 93 1533 198 1569; x_wconf 84' lang='lat' dir='ltr'><strong>nuptias</strong></span> <span class='ocrx_word' id='word_1_219' title='bbox 209 1542 224 1561; x_wconf 89' lang='lat' dir='ltr'><strong>a</strong></span> <span class='ocrx_word' id='word_1_220' title='bbox 238 1534 382 1569; x_wconf 86' lang='lat' dir='ltr'><strong>Scriptura</strong></span> <span class='ocrx_word' id='word_1_221' title='bbox 395 1542 472 1562; x_wconf 88' lang='lat' dir='ltr'><strong>sacra</strong></span> <span class='ocrx_word' id='word_1_222' title='bbox 490 1534 643 1569; x_wconf 79' lang='lat' dir='ltr'><strong>prohibitus</strong></span> <span class='ocrx_word' id='word_1_223' title='bbox 655 1542 716 1562; x_wconf 86' lang='lat' dir='ltr'><strong>esse</strong></span> <span class='ocrx_word' id='word_1_224' title='bbox 729 1536 819 1568; x_wconf 88' lang='lat' dir='ltr'><strong>docet,</strong></span> <span class='ocrx_word' id='word_1_225' title='bbox 834 1536 856 1565; x_wconf 87' lang='lat' dir='ltr'><strong>C</strong></span> 
     </span>
    </p>
   </div>
   <div class='ocr_carea' id='block_1_34' title="bbox 41 1579 815 1615">
    <p class='ocr_par' dir='ltr' id='par_1_34' title="bbox 41 1579 815 1615">
     <span class='ocr_line' id='line_1_34' title="bbox 41 1579 815 1615; baseline 0.003 -10"><span class='ocrx_word' id='word_1_226' title='bbox 41 1579 79 1605; x_wconf 86' lang='lat' dir='ltr'><strong>sed</strong></span> <span class='ocrx_word' id='word_1_227' title='bbox 92 1579 116 1605; x_wconf 90' lang='lat' dir='ltr'><strong>in</strong></span> <span class='ocrx_word' id='word_1_228' title='bbox 127 1583 184 1607; x_wconf 84' lang='lat' dir='ltr'><strong>suis</strong></span> <span class='ocrx_word' id='word_1_229' title='bbox 196 1581 282 1607; x_wconf 85' lang='lat' dir='ltr'><strong>etiam</strong></span> <span class='ocrx_word' id='word_1_230' title='bbox 296 1580 329 1607; x_wconf 86' lang='lat' dir='ltr'><strong>ad</strong></span> <span class='ocrx_word' id='word_1_231' title='bbox 341 1579 460 1607; x_wconf 68' lang='lat' dir='ltr'><strong>Matthaei</strong></span> <span class='ocrx_word' id='word_1_232' title='bbox 475 1579 653 1615; x_wconf 84' lang='lat' dir='ltr'><strong>Evangelium</strong></span> <span class='ocrx_word' id='word_1_233' title='bbox 667 1579 815 1608; x_wconf 86' lang='lat' dir='ltr'><strong>Commen-</strong></span> 
     </span>
    </p>
   </div>
   <div class='ocr_carea' id='block_1_35' title="bbox 42 1625 643 1662">
    <p class='ocr_par' dir='ltr' id='par_1_35' title="bbox 42 1625 643 1662">
     <span class='ocr_line' id='line_1_35' title="bbox 42 1625 643 1662; baseline 0.005 -12"><span class='ocrx_word' id='word_1_234' title='bbox 42 1625 108 1652; x_wconf 83' lang='lat' dir='ltr'><strong>tariis</strong></span> <span class='ocrx_word' id='word_1_235' title='bbox 121 1626 141 1642; x_wconf 73' lang='grc' dir='ltr'><strong>’τ</strong></span> <span class='ocrx_word' id='word_1_236' title='bbox 157 1626 184 1654; x_wconf 88' lang='lat' dir='ltr'><strong>id</strong></span> <span class='ocrx_word' id='word_1_237' title='bbox 200 1627 293 1662; x_wconf 83' lang='lat' dir='ltr'><strong>palam</strong></span> <span class='ocrx_word' id='word_1_238' title='bbox 310 1632 457 1662; x_wconf 88' lang='lat' dir='ltr'><strong>aperteque</strong></span> <span class='ocrx_word' id='word_1_239' title='bbox 471 1627 643 1662; x_wconf 86' lang='lat' dir='ltr'><strong>pronuntiat.</strong></span> 
     </span>
    </p>
   </div>
   <div class='ocr_carea' id='block_1_36' title="bbox 68 1689 818 1727">
    <p class='ocr_par' dir='ltr' id='par_1_36' title="bbox 68 1689 818 1727">
     <span class='ocr_line' id='line_1_36' title="bbox 68 1689 818 1727; baseline 0.007 -12"><span class='ocrx_word' id='word_1_240' title='bbox 68 1689 146 1725; x_wconf 74' lang='lat' dir='ltr'><strong>Major</strong></span> <span class='ocrx_word' id='word_1_241' title='bbox 171 1699 250 1724; x_wconf 85' lang='lat' dir='ltr'><strong>sane,</strong></span> <span class='ocrx_word' id='word_1_242' title='bbox 268 1699 303 1718; x_wconf 92' lang='lat' dir='ltr'><strong>ne</strong></span> <span class='ocrx_word' id='word_1_243' title='bbox 320 1691 385 1726; x_wconf 81' lang='lat' dir='ltr'><strong>quid</strong></span> <span class='ocrx_word' id='word_1_244' title='bbox 408 1691 627 1727; x_wconf 77' lang='lat' dir='ltr'><strong>dissimulemns,</strong></span> <span class='ocrx_word' id='word_1_245' title='bbox 643 1693 732 1720; x_wconf 88' lang='lat' dir='ltr'><strong>oritur</strong></span> <span class='ocrx_word' id='word_1_246' title='bbox 751 1693 818 1720; x_wconf 82' lang='lat' dir='ltr'><strong>ditii-</strong></span> 
     </span>
    </p>
   </div>
   <div class='ocr_carea' id='block_1_37' title="bbox 40 1735 821 1772">
    <p class='ocr_par' dir='ltr' id='par_1_37' title="bbox 40 1735 821 1772">
     <span class='ocr_line' id='line_1_37' title="bbox 40 1735 821 1772; baseline 0.005 -11"><span class='ocrx_word' id='word_1_247' title='bbox 40 1735 116 1763; x_wconf 86' lang='lat' dir='ltr'><strong>cultas</strong></span> <span class='ocrx_word' id='word_1_248' title='bbox 133 1744 164 1763; x_wconf 79' lang='lat' dir='ltr'><strong>ex</strong></span> <span class='ocrx_word' id='word_1_249' title='bbox 185 1737 229 1764; x_wconf 88' lang='lat' dir='ltr'><strong>his</strong></span> <span class='ocrx_word' id='word_1_250' title='bbox 250 1736 396 1772; x_wconf 83' lang='lat' dir='ltr'><strong>Epiphanii</strong></span> <span class='ocrx_word' id='word_1_251' title='bbox 420 1737 511 1765; x_wconf 80' lang='lat' dir='ltr'><strong>verbis</strong></span> <span class='ocrx_word' id='word_1_252' title='bbox 524 1738 547 1753; x_wconf 73' lang='grc'><strong>’⁸</strong></span> <span class='ocrx_word' id='word_1_253' title='bbox 563 1747 569 1764; x_wconf 95' lang='lat'>:</span> <span class='ocrx_word' id='word_1_254' title='bbox 585 1737 637 1764; x_wconf 85' lang='lat' dir='ltr'><strong>Sed</strong></span> <span class='ocrx_word' id='word_1_255' title='bbox 656 1738 698 1764; x_wconf 88' lang='lat' dir='ltr'><strong>cui</strong></span> <span class='ocrx_word' id='word_1_256' title='bbox 715 1744 821 1766; x_wconf 88' lang='lat' dir='ltr'><strong>mortua</strong></span> 
     </span>
    </p>
   </div>
   <div class='ocr_carea' id='block_1_38' title="bbox 40 1783 821 1819">
    <p class='ocr_par' dir='ltr' id='par_1_38' title="bbox 40 1783 821 1819">
     <span class='ocr_line' id='line_1_38' title="bbox 40 1783 821 1819; baseline 0.005 -11"><span class='ocrx_word' id='word_1_257' title='bbox 40 1788 84 1807; x_wconf 71' lang='lat' dir='ltr'><strong>una</strong></span> <span class='ocrx_word' id='word_1_258' title='bbox 97 1790 145 1809; x_wconf 82' lang='lat' dir='ltr'><strong>non</strong></span> <span class='ocrx_word' id='word_1_259' title='bbox 157 1784 262 1818; x_wconf 75' lang='lat' dir='ltr'><strong>sufﬁcit,</strong></span> <span class='ocrx_word' id='word_1_260' title='bbox 276 1791 348 1815; x_wconf 85' lang='lat' dir='ltr'><strong>cum,</strong></span> <span class='ocrx_word' id='word_1_261' title='bbox 361 1783 497 1810; x_wconf 75' lang='lat' dir='ltr'><strong>occasione</strong></span> <span class='ocrx_word' id='word_1_262' title='bbox 511 1783 602 1818; x_wconf 85' lang='lat' dir='ltr'><strong>aliqua</strong></span> <span class='ocrx_word' id='word_1_263' title='bbox 615 1785 701 1819; x_wconf 85' lang='lat' dir='ltr'><strong>stupri</strong></span> <span class='ocrx_word' id='word_1_264' title='bbox 716 1785 821 1812; x_wconf 89' lang='lat' dir='ltr'><strong>adulte-</strong></span> 
     </span>
    </p>
   </div>
   <div class='ocr_carea' id='block_1_39' title="bbox 41 1827 820 1866">
    <p class='ocr_par' dir='ltr' id='par_1_39' title="bbox 41 1827 820 1866">
     <span class='ocr_line' id='line_1_39' title="bbox 41 1827 820 1866; baseline 0.008 -14"><span class='ocrx_word' id='word_1_265' title='bbox 41 1827 112 1862; x_wconf 79' lang='lat' dir='ltr'><strong>riique</strong></span> <span class='ocrx_word' id='word_1_266' title='bbox 126 1833 171 1856; x_wconf 85' lang='lat' dir='ltr'><strong>aut</strong></span> <span class='ocrx_word' id='word_1_267' title='bbox 190 1829 304 1856; x_wconf 89' lang='lat' dir='ltr'><strong>alterius</strong></span> <span class='ocrx_word' id='word_1_268' title='bbox 327 1829 425 1864; x_wconf 85' lang='lat' dir='ltr'><strong>ﬂagitii</strong></span> <span class='ocrx_word' id='word_1_269' title='bbox 441 1828 468 1864; x_wconf 83' lang='grc' dir='ltr'>(ἢ</span> <span class='ocrx_word' id='word_1_270' title='bbox 485 1830 574 1865; x_wconf 78' lang='grc' dir='ltr'><strong>κακῆς</strong></span> <span class='ocrx_word' id='word_1_271' title='bbox 590 1830 703 1866; x_wconf 87' lang='grc' dir='ltr'><strong>αἰτίας),</strong></span> <span class='ocrx_word' id='word_1_272' title='bbox 716 1839 777 1857; x_wconf 88' lang='lat' dir='ltr'><strong>cum</strong></span> <span class='ocrx_word' id='word_1_273' title='bbox 789 1840 820 1858; x_wconf 87' lang='lat' dir='ltr'><strong>ea</strong></span> 
     </span>
    </p>
   </div>
   <div class='ocr_carea' id='block_1_40' title="bbox 40 1874 820 1910">
    <p class='ocr_par' dir='ltr' id='par_1_40' title="bbox 40 1874 820 1910">
     <span class='ocr_line' id='line_1_40' title="bbox 40 1874 820 1910; baseline 0.005 -10"><span class='ocrx_word' id='word_1_274' title='bbox 40 1874 168 1901; x_wconf 73' lang='lat' dir='ltr'><strong>divortium</strong></span> <span class='ocrx_word' id='word_1_275' title='bbox 187 1875 296 1910; x_wconf 81' lang='lat' dir='ltr'><strong>fecerit,</strong></span> <span class='ocrx_word' id='word_1_276' title='bbox 314 1875 338 1902; x_wconf 79' lang='lat' dir='ltr'><strong>is</strong></span> <span class='ocrx_word' id='word_1_277' title='bbox 353 1875 377 1902; x_wconf 89' lang='lat' dir='ltr'><strong>si</strong></span> <span class='ocrx_word' id='word_1_278' title='bbox 392 1874 505 1902; x_wconf 82' lang='lat' dir='ltr'><strong>alteram</strong></span> <span class='ocrx_word' id='word_1_279' title='bbox 520 1883 629 1902; x_wconf 67' lang='lat' dir='ltr'><strong>uxorem</strong></span> <span class='ocrx_word' id='word_1_280' title='bbox 642 1876 759 1909; x_wconf 67' lang='lat' dir='ltr'><strong>duxerit,</strong></span> <span class='ocrx_word' id='word_1_281' title='bbox 773 1882 820 1904; x_wconf 86' lang='lat' dir='ltr'><strong>aut</strong></span> 
     </span>
    </p>
   </div>
   <div class='ocr_carea' id='block_1_41' title="bbox 40 1919 821 1956">
    <p class='ocr_par' dir='ltr' id='par_1_41' title="bbox 40 1919 821 1956">
     <span class='ocr_line' id='line_1_41' title="bbox 40 1919 821 1956; baseline 0.005 -10"><span class='ocrx_word' id='word_1_282' title='bbox 40 1919 108 1946; x_wconf 84' lang='lat' dir='ltr'><strong>alteri</strong></span> <span class='ocrx_word' id='word_1_283' title='bbox 119 1921 173 1948; x_wconf 77' lang='lat' dir='ltr'><strong>uiro</strong></span> <span class='ocrx_word' id='word_1_284' title='bbox 187 1921 285 1948; x_wconf 84' lang='lat' dir='ltr'><strong>mulier</strong></span> <span class='ocrx_word' id='word_1_285' title='bbox 304 1922 434 1956; x_wconf 76' lang='lat' dir='ltr'><strong>nupserit,</strong></span> <span class='ocrx_word' id='word_1_286' title='bbox 450 1929 589 1949; x_wconf 80' lang='lat' dir='ltr'><strong>sacrarunt</strong></span> <span class='ocrx_word' id='word_1_287' title='bbox 605 1921 757 1950; x_wconf 83' lang='lat' dir='ltr'><strong>litterarum</strong></span> <span class='ocrx_word' id='word_1_288' title='bbox 772 1932 821 1950; x_wconf 86' lang='lat' dir='ltr'><strong>au-</strong></span> 
     </span>
    </p>
   </div>
   <div class='ocr_carea' id='block_1_42' title="bbox 40 1966 821 2004">
    <p class='ocr_par' dir='ltr' id='par_1_42' title="bbox 40 1966 821 2004">
     <span class='ocr_line' id='line_1_42' title="bbox 40 1966 821 2004; baseline 0.005 -12"><span class='ocrx_word' id='word_1_289' title='bbox 40 1966 136 1993; x_wconf 83' lang='lat' dir='ltr'><strong>ctoritas</strong></span> <span class='ocrx_word' id='word_1_290' title='bbox 148 1967 179 1994; x_wconf 90' lang='lat' dir='ltr'><strong>ab</strong></span> <span class='ocrx_word' id='word_1_291' title='bbox 192 1967 266 1994; x_wconf 88' lang='lat' dir='ltr'><strong>omni</strong></span> <span class='ocrx_word' id='word_1_292' title='bbox 281 1967 360 2002; x_wconf 85' lang='lat' dir='ltr'><strong>culpa</strong></span> <span class='ocrx_word' id='word_1_293' title='bbox 371 1967 431 1994; x_wconf 83' lang='lat' dir='ltr'><strong>illos</strong></span> <span class='ocrx_word' id='word_1_294' title='bbox 445 1968 556 1995; x_wconf 82' lang='lat' dir='ltr'><strong>absolvit</strong></span> <span class='ocrx_word' id='word_1_295' title='bbox 569 1977 578 2001; x_wconf 87' lang='lat'><em>;</em></span> <span class='ocrx_word' id='word_1_296' title='bbox 597 1977 677 2004; x_wconf 87' lang='lat' dir='ltr'><strong>neque</strong></span> <span class='ocrx_word' id='word_1_297' title='bbox 689 1969 720 1996; x_wconf 88' lang='lat' dir='ltr'><strong>ab</strong></span> <span class='ocrx_word' id='word_1_298' title='bbox 734 1968 821 1996; x_wconf 86' lang='lat' dir='ltr'><strong>Eccle-</strong></span> 
     </span>
    </p>
   </div>
   <div class='ocr_carea' id='block_1_43' title="bbox 40 2011 820 2050">
    <p class='ocr_par' dir='ltr' id='par_1_43' title="bbox 40 2011 820 2050">
     <span class='ocr_line' id='line_1_43' title="bbox 40 2011 820 2050; baseline 0.006 -12"><span class='ocrx_word' id='word_1_299' title='bbox 40 2011 75 2037; x_wconf 80' lang='lat' dir='ltr'><strong>sia</strong></span> <span class='ocrx_word' id='word_1_300' title='bbox 84 2017 126 2039; x_wconf 88' lang='lat' dir='ltr'><strong>aut</strong></span> <span class='ocrx_word' id='word_1_301' title='bbox 141 2019 240 2040; x_wconf 81' lang='lat' dir='ltr'><strong>(eterna</strong></span> <span class='ocrx_word' id='word_1_302' title='bbox 252 2014 308 2040; x_wconf 83' lang='lat' dir='ltr'><strong>vita</strong></span> <span class='ocrx_word' id='word_1_303' title='bbox 320 2013 417 2047; x_wconf 85' lang='lat' dir='ltr'><strong>rejicit,</strong></span> <span class='ocrx_word' id='word_1_304' title='bbox 432 2014 477 2041; x_wconf 78' lang='lat' dir='ltr'><strong>sed</strong></span> <span class='ocrx_word' id='word_1_305' title='bbox 492 2020 598 2050; x_wconf 84' lang='lat' dir='ltr'><strong>propter</strong></span> <span class='ocrx_word' id='word_1_306' title='bbox 610 2016 820 2042; x_wconf 84' lang='lat' dir='ltr'><strong>imbecillitatem</strong></span> 
     </span>
    </p>
   </div>
   <div class='ocr_carea' id='block_1_44' title="bbox 41 2058 820 2096">
    <p class='ocr_par' dir='ltr' id='par_1_44' title="bbox 41 2058 820 2096">
     <span class='ocr_line' id='line_1_44' title="bbox 41 2058 820 2096; baseline 0.005 -12"><span class='ocrx_word' id='word_1_307' title='bbox 41 2058 176 2086; x_wconf 84' lang='lat' dir='ltr'><strong>tolerandos</strong></span> <span class='ocrx_word' id='word_1_308' title='bbox 193 2060 343 2087; x_wconf 76' lang='lat' dir='ltr'><strong>existimat.</strong></span> <span class='ocrx_word' id='word_1_309' title='bbox 360 2060 572 2089; x_wconf 77' lang='lat' dir='ltr'><strong>Eruditissimus</strong></span> <span class='ocrx_word' id='word_1_310' title='bbox 589 2062 679 2096; x_wconf 80' lang='lat' dir='ltr'><strong>itaque</strong></span> <span class='ocrx_word' id='word_1_311' title='bbox 693 2061 820 2089; x_wconf 86' lang='lat' dir='ltr'><strong>Petavius</strong></span> 
     </span>
    </p>
   </div>
   <div class='ocr_carea' id='block_1_45' title="bbox 41 2104 820 2142">
    <p class='ocr_par' dir='ltr' id='par_1_45' title="bbox 41 2104 820 2142">
     <span class='ocr_line' id='line_1_45' title="bbox 41 2104 820 2142; baseline 0.005 -12"><span class='ocrx_word' id='word_1_312' title='bbox 41 2107 106 2136; x_wconf 82' lang='lat' dir='ltr'><strong>putat</strong></span> <span class='ocrx_word' id='word_1_313' title='bbox 117 2104 187 2132; x_wconf 89' lang='lat' dir='ltr'><strong>hunc</strong></span> <span class='ocrx_word' id='word_1_314' title='bbox 203 2105 349 2140; x_wconf 84' lang='lat' dir='ltr'><strong>Epiphanii</strong></span> <span class='ocrx_word' id='word_1_315' title='bbox 359 2106 451 2133; x_wconf 87' lang='lat' dir='ltr'><strong>locutn</strong></span> <span class='ocrx_word' id='word_1_316' title='bbox 465 2114 526 2134; x_wconf 87' lang='lat' dir='ltr'><strong>esse</strong></span> <span class='ocrx_word' id='word_1_317' title='bbox 538 2107 716 2142; x_wconf 85' lang='lat' dir='ltr'><strong>depravatum</strong></span> <span class='ocrx_word' id='word_1_318' title='bbox 729 2116 736 2140; x_wconf 88' lang='lat'><strong>;</strong></span> <span class='ocrx_word' id='word_1_319' title='bbox 752 2107 820 2134; x_wconf 82' lang='lat' dir='ltr'><strong>fale-</strong></span> 
     </span>
    </p>
   </div>
   <div class='ocr_carea' id='block_1_46' title="bbox 42 2151 817 2188">
    <p class='ocr_par' dir='ltr' id='par_1_46' title="bbox 42 2151 817 2188">
     <span class='ocr_line' id='line_1_46' title="bbox 42 2151 817 2188; baseline 0.009 -14"><span class='ocrx_word' id='word_1_320' title='bbox 42 2151 78 2174; x_wconf 88' lang='lat' dir='ltr'><strong>tur</strong></span> <span class='ocrx_word' id='word_1_321' title='bbox 96 2155 179 2178; x_wconf 83' lang='lat' dir='ltr'><strong>tamen</strong></span> <span class='ocrx_word' id='word_1_322' title='bbox 199 2152 328 2179; x_wconf 82' lang='lat' dir='ltr'><strong>eumdem</strong></span> <span class='ocrx_word' id='word_1_323' title='bbox 352 2151 534 2187; x_wconf 79' lang='lat' dir='ltr'><strong>Epiphaniam</strong></span> <span class='ocrx_word' id='word_1_324' title='bbox 556 2153 592 2180; x_wconf 92' lang='lat' dir='ltr'><strong>ibi</strong></span> <span class='ocrx_word' id='word_1_325' title='bbox 618 2154 817 2188; x_wconf 77' lang='lat' dir='ltr'><strong>subscripsisse</strong></span> 
     </span>
    </p>
   </div>
   <div class='ocr_carea' id='block_1_47' title="bbox 41 2195 855 2238">
    <p class='ocr_par' dir='ltr' id='par_1_47' title="bbox 41 2195 855 2238">
     <span class='ocr_line' id='line_1_47' title="bbox 41 2195 855 2238; baseline 0.009 -18"><span class='ocrx_word' id='word_1_326' title='bbox 41 2195 148 2228; x_wconf 84' lang='lat' dir='ltr'><strong>opinioni</strong></span> <span class='ocrx_word' id='word_1_327' title='bbox 170 2197 353 2232; x_wconf 90' lang='lat' dir='ltr'><strong>quorumdam</strong></span> <span class='ocrx_word' id='word_1_328' title='bbox 378 2203 500 2226; x_wconf 88' lang='lat' dir='ltr'><strong>veterum</strong></span> <span class='ocrx_word' id='word_1_329' title='bbox 522 2199 698 2234; x_wconf 85' lang='lat' dir='ltr'><strong>scriptorum,</strong></span> <span class='ocrx_word' id='word_1_330' title='bbox 715 2199 816 2234; x_wconf 91' lang='lat' dir='ltr'><strong>quibus</strong></span> <span class='ocrx_word' id='word_1_331' title='bbox 834 2211 855 2238; x_wconf 77' lang='grc' dir='ltr'>ο</span> 
     </span>
    </p>
   </div>
   <div class='ocr_carea' id='block_1_48' title="bbox 41 2242 817 2279">
    <p class='ocr_par' dir='ltr' id='par_1_48' title="bbox 41 2242 817 2279">
     <span class='ocr_line' id='line_1_48' title="bbox 41 2242 817 2279; baseline 0.006 -11"><span class='ocrx_word' id='word_1_332' title='bbox 41 2246 93 2273; x_wconf 84' lang='lat' dir='ltr'><strong>post</strong></span> <span class='ocrx_word' id='word_1_333' title='bbox 113 2242 263 2278; x_wconf 80' lang='lat' dir='ltr'><strong>legitimum</strong></span> <span class='ocrx_word' id='word_1_334' title='bbox 289 2244 436 2272; x_wconf 85' lang='lat' dir='ltr'><strong>divortium</strong></span> <span class='ocrx_word' id='word_1_335' title='bbox 463 2245 595 2279; x_wconf 87' lang='lat' dir='ltr'><strong>permissa</strong></span> <span class='ocrx_word' id='word_1_336' title='bbox 624 2245 817 2273; x_wconf 85' lang='lat' dir='ltr'><strong>innocentibus</strong></span> 
     </span>
    </p>
   </div>
   <div class='ocr_carea' id='block_1_49' title="bbox 42 2288 818 2325">
    <p class='ocr_par' dir='ltr' id='par_1_49' title="bbox 42 2288 818 2325">
     <span class='ocr_line' id='line_1_49' title="bbox 42 2288 818 2325; baseline 0.005 -11"><span class='ocrx_word' id='word_1_337' title='bbox 42 2288 190 2324; x_wconf 72' lang='lat' dir='ltr'><strong>coniugibus</strong></span> <span class='ocrx_word' id='word_1_338' title='bbox 204 2290 362 2325; x_wconf 89' lang='lat' dir='ltr'><strong>hujusmodi</strong></span> <span class='ocrx_word' id='word_1_339' title='bbox 380 2291 554 2318; x_wconf 85' lang='lat' dir='ltr'><strong>matrimonia</strong></span> <span class='ocrx_word' id='word_1_340' title='bbox 572 2291 746 2319; x_wconf 87' lang='lat' dir='ltr'><strong>videbantur.</strong></span> <span class='ocrx_word' id='word_1_341' title='bbox 768 2291 818 2319; x_wconf 84' lang='lat' dir='ltr'><strong>Ve-</strong></span> 
     </span>
    </p>
   </div>
   <div class='ocr_carea' id='block_1_50' title="bbox 42 2335 817 2372">
    <p class='ocr_par' dir='ltr' id='par_1_50' title="bbox 42 2335 817 2372">
     <span class='ocr_line' id='line_1_50' title="bbox 42 2335 817 2372; baseline 0.01 -15"><span class='ocrx_word' id='word_1_342' title='bbox 42 2340 93 2360; x_wconf 88' lang='lat' dir='ltr'><strong>rum</strong></span> <span class='ocrx_word' id='word_1_343' title='bbox 106 2335 127 2362; x_wconf 90' lang='lat' dir='ltr'><strong>si</strong></span> <span class='ocrx_word' id='word_1_344' title='bbox 138 2342 285 2371; x_wconf 86' lang='lat' dir='ltr'><strong>corruptus</strong></span> <span class='ocrx_word' id='word_1_345' title='bbox 297 2341 339 2363; x_wconf 86' lang='lat' dir='ltr'><strong>est</strong></span> <span class='ocrx_word' id='word_1_346' title='bbox 354 2335 498 2372; x_wconf 84' lang='lat' dir='ltr'><strong>Epiphanii</strong></span> <span class='ocrx_word' id='word_1_347' title='bbox 513 2337 602 2369; x_wconf 85' lang='lat' dir='ltr'><strong>locus,</strong></span> <span class='ocrx_word' id='word_1_348' title='bbox 618 2337 684 2372; x_wconf 92' lang='lat' dir='ltr'><strong>quid</strong></span> <span class='ocrx_word' id='word_1_349' title='bbox 702 2337 770 2365; x_wconf 88' lang='lat' dir='ltr'><strong>certi</strong></span> <span class='ocrx_word' id='word_1_350' title='bbox 783 2345 817 2365; x_wconf 82' lang='lat' dir='ltr'><strong>ex</strong></span> 
     </span>
    </p>
   </div>
   <div class='ocr_carea' id='block_1_51' title="bbox 41 2381 817 2418">
    <p class='ocr_par' dir='ltr' id='par_1_51' title="bbox 41 2381 817 2418">
     <span class='ocr_line' id='line_1_51' title="bbox 41 2381 817 2418; baseline 0.004 -11"><span class='ocrx_word' id='word_1_351' title='bbox 41 2386 68 2405; x_wconf 78' lang='lat' dir='ltr'><strong>eo</strong></span> <span class='ocrx_word' id='word_1_352' title='bbox 81 2381 170 2409; x_wconf 79' lang='lat' dir='ltr'><strong>conﬁci</strong></span> <span class='ocrx_word' id='word_1_353' title='bbox 182 2383 295 2417; x_wconf 86' lang='lat' dir='ltr'><strong>poterit!</strong></span> <span class='ocrx_word' id='word_1_354' title='bbox 311 2382 396 2410; x_wconf 82' lang='lat' dir='ltr'><strong>Porro</strong></span> <span class='ocrx_word' id='word_1_355' title='bbox 408 2382 577 2418; x_wconf 81' lang='lat' dir='ltr'><strong>Epiphanius</strong></span> <span class='ocrx_word' id='word_1_356' title='bbox 587 2382 622 2410; x_wconf 88' lang='lat' dir='ltr'><strong>de</strong></span> <span class='ocrx_word' id='word_1_357' title='bbox 637 2384 672 2410; x_wconf 93' lang='lat' dir='ltr'><strong>iis</strong></span> <span class='ocrx_word' id='word_1_358' title='bbox 687 2383 817 2411; x_wconf 87' lang='lat' dir='ltr'><strong>secundis</strong></span> 
     </span>
    </p>
   </div>
   <div class='ocr_carea' id='block_1_52' title="bbox 43 2427 818 2465">
    <p class='ocr_par' dir='ltr' id='par_1_52' title="bbox 43 2427 818 2465">
     <span class='ocr_line' id='line_1_52' title="bbox 43 2427 818 2465; baseline 0.006 -12"><span class='ocrx_word' id='word_1_359' title='bbox 43 2427 130 2460; x_wconf 78' lang='lat' dir='ltr'><strong>nuptiis</strong></span> <span class='ocrx_word' id='word_1_360' title='bbox 144 2429 275 2464; x_wconf 81' lang='lat' dir='ltr'><strong>disputat,</strong></span> <span class='ocrx_word' id='word_1_361' title='bbox 294 2437 364 2465; x_wconf 90' lang='lat' dir='ltr'><strong>quas</strong></span> <span class='ocrx_word' id='word_1_362' title='bbox 378 2437 432 2457; x_wconf 91' lang='lat' dir='ltr'><strong>non</strong></span> <span class='ocrx_word' id='word_1_363' title='bbox 450 2430 537 2464; x_wconf 90' lang='lat' dir='ltr'><strong>stupri</strong></span> <span class='ocrx_word' id='word_1_364' title='bbox 562 2430 744 2465; x_wconf 87' lang='lat' dir='ltr'><strong>adulteriique</strong></span> <span class='ocrx_word' id='word_1_365' title='bbox 761 2435 818 2457; x_wconf 88' lang='lat' dir='ltr'><strong>tan-</strong></span> 
     </span>
    </p>
   </div>
   <div class='ocr_carea' id='block_1_53' title="bbox 43 2475 814 2513">
    <p class='ocr_par' dir='ltr' id='par_1_53' title="bbox 43 2475 814 2513">
     <span class='ocr_line' id='line_1_53' title="bbox 43 2475 814 2513; baseline 0.006 -15"><span class='ocrx_word' id='word_1_366' title='bbox 43 2477 100 2506; x_wconf 85' lang='lat' dir='ltr'><strong>tum,</strong></span> <span class='ocrx_word' id='word_1_367' title='bbox 114 2475 159 2502; x_wconf 84' lang='lat' dir='ltr'><strong>sed</strong></span> <span class='ocrx_word' id='word_1_368' title='bbox 179 2475 326 2511; x_wconf 89' lang='lat' dir='ltr'><strong>cujuslibet</strong></span> <span class='ocrx_word' id='word_1_369' title='bbox 348 2475 444 2512; x_wconf 84' lang='lat' dir='ltr'><strong>ﬂagitii</strong></span> <span class='ocrx_word' id='word_1_370' title='bbox 467 2484 551 2504; x_wconf 82' lang='lat' dir='ltr'><strong>causa</strong></span> <span class='ocrx_word' id='word_1_371' title='bbox 566 2476 594 2512; x_wconf 86' lang='grc' dir='ltr'>(ἢ</span> <span class='ocrx_word' id='word_1_372' title='bbox 611 2477 699 2512; x_wconf 81' lang='grc' dir='ltr'>κακῆς</span> <span class='ocrx_word' id='word_1_373' title='bbox 715 2477 814 2513; x_wconf 78' lang='grc' dir='ltr'><strong>αἰτίας)</strong></span> 
     </span>
    </p>
   </div>
   <div class='ocr_carea' id='block_1_54' title="bbox 42 2519 815 2558">
    <p class='ocr_par' dir='ltr' id='par_1_54' title="bbox 42 2519 815 2558">
     <span class='ocr_line' id='line_1_54' title="bbox 42 2519 815 2558; baseline 0.005 -13"><span class='ocrx_word' id='word_1_374' title='bbox 42 2519 174 2551; x_wconf 75' lang='lat' dir='ltr'><strong>permissas</strong></span> <span class='ocrx_word' id='word_1_375' title='bbox 187 2529 249 2549; x_wconf 85' lang='lat' dir='ltr'><strong>esse</strong></span> <span class='ocrx_word' id='word_1_376' title='bbox 269 2521 395 2549; x_wconf 82' lang='lat' dir='ltr'><strong>allirmat.</strong></span> <span class='ocrx_word' id='word_1_377' title='bbox 412 2522 446 2549; x_wconf 84' lang='lat' dir='ltr'><strong>At</strong></span> <span class='ocrx_word' id='word_1_378' title='bbox 460 2526 534 2549; x_wconf 86' lang='lat' dir='ltr'><strong>certe</strong></span> <span class='ocrx_word' id='word_1_379' title='bbox 551 2521 732 2558; x_wconf 87' lang='lat' dir='ltr'><strong>Epiphanium</strong></span> <span class='ocrx_word' id='word_1_380' title='bbox 747 2530 815 2550; x_wconf 91' lang='lat' dir='ltr'><strong>con-</strong></span> 
     </span>
    </p>
   </div>
   <div class='ocr_carea' id='block_1_55' title="bbox 40 2561 814 2604">
    <p class='ocr_par' dir='ltr' id='par_1_55' title="bbox 40 2561 814 2604">
     <span class='ocr_line' id='line_1_55' title="bbox 40 2561 814 2604; baseline 0.005 -13"><span class='ocrx_word' id='word_1_381' title='bbox 40 2561 90 2600; x_wconf 81' lang='lat' dir='ltr'><strong>jugi</strong></span> <span class='ocrx_word' id='word_1_382' title='bbox 98 2565 239 2601; x_wconf 84' lang='lat' dir='ltr'><strong>innocenti,</strong></span> <span class='ocrx_word' id='word_1_383' title='bbox 248 2568 283 2595; x_wconf 93' lang='lat' dir='ltr'><strong>ob</strong></span> <span class='ocrx_word' id='word_1_384' title='bbox 289 2568 412 2603; x_wconf 88' lang='lat' dir='ltr'><strong>cujusvis</strong></span> <span class='ocrx_word' id='word_1_385' title='bbox 420 2568 532 2595; x_wconf 87' lang='lat' dir='ltr'><strong>alterius</strong></span> <span class='ocrx_word' id='word_1_386' title='bbox 539 2568 664 2604; x_wconf 81' lang='lat' dir='ltr'><strong>conjugis</strong></span> <span class='ocrx_word' id='word_1_387' title='bbox 671 2568 814 2604; x_wconf 79' lang='lat' dir='ltr'><strong>ﬂagitium,</strong></span> 
     </span>
    </p>
   </div>
   <div class='ocr_carea' id='block_1_56' title="bbox 42 2612 817 2649">
    <p class='ocr_par' dir='ltr' id='par_1_56' title="bbox 42 2612 817 2649">
     <span class='ocr_line' id='line_1_56' title="bbox 42 2612 817 2649; baseline 0.003 -11"><span class='ocrx_word' id='word_1_388' title='bbox 42 2615 126 2639; x_wconf 85' lang='lat' dir='ltr'><strong>contra</strong></span> <span class='ocrx_word' id='word_1_389' title='bbox 146 2612 295 2649; x_wconf 65' lang='lat' dir='ltr'><strong>Scriptura!</strong></span> <span class='ocrx_word' id='word_1_390' title='bbox 319 2614 520 2647; x_wconf 85' lang='lat' dir='ltr'><strong>auctoritatem,</strong></span> <span class='ocrx_word' id='word_1_391' title='bbox 536 2614 610 2642; x_wconf 86' lang='lat' dir='ltr'><strong>aliud</strong></span> <span class='ocrx_word' id='word_1_392' title='bbox 631 2614 701 2642; x_wconf 91' lang='lat' dir='ltr'><strong>inire</strong></span> <span class='ocrx_word' id='word_1_393' title='bbox 720 2616 817 2642; x_wconf 82' lang='lat' dir='ltr'><strong>matri-</strong></span> 
     </span>
    </p>
   </div>
   <div class='ocr_carea' id='block_1_57' title="bbox 44 2657 815 2696">
    <p class='ocr_par' dir='ltr' id='par_1_57' title="bbox 44 2657 815 2696">
     <span class='ocr_line' id='line_1_57' title="bbox 44 2657 815 2696; baseline 0.008 -14"><span class='ocrx_word' id='word_1_394' title='bbox 44 2657 151 2686; x_wconf 83' lang='lat' dir='ltr'><strong>monium</strong></span> <span class='ocrx_word' id='word_1_395' title='bbox 170 2660 330 2694; x_wconf 85' lang='lat' dir='ltr'><strong>permisisse</strong></span> <span class='ocrx_word' id='word_1_396' title='bbox 352 2661 455 2688; x_wconf 86' lang='lat' dir='ltr'><strong>nemini</strong></span> <span class='ocrx_word' id='word_1_397' title='bbox 478 2669 617 2696; x_wconf 87' lang='lat' dir='ltr'><strong>unquam,</strong></span> <span class='ocrx_word' id='word_1_398' title='bbox 634 2666 664 2688; x_wconf 88' lang='lat' dir='ltr'><strong>ut</strong></span> <span class='ocrx_word' id='word_1_399' title='bbox 685 2661 815 2693; x_wconf 87' lang='lat' dir='ltr'><strong>arbitror,</strong></span> 
     </span>
    </p>
   </div>
   <div class='ocr_carea' id='block_1_58' title="bbox 44 2703 816 2742">
    <p class='ocr_par' dir='ltr' id='par_1_58' title="bbox 44 2703 816 2742">
     <span class='ocr_line' id='line_1_58' title="bbox 44 2703 816 2742; baseline 0.006 -13"><span class='ocrx_word' id='word_1_400' title='bbox 44 2703 196 2735; x_wconf 84' lang='lat' dir='ltr'><strong>probabitur.</strong></span> <span class='ocrx_word' id='word_1_401' title='bbox 215 2705 287 2734; x_wconf 75' lang='lat' dir='ltr'><strong>Vero</strong></span> <span class='ocrx_word' id='word_1_402' title='bbox 302 2706 384 2742; x_wconf 84' lang='lat' dir='ltr'><strong>igitur</strong></span> <span class='ocrx_word' id='word_1_403' title='bbox 403 2711 445 2735; x_wconf 86' lang='lat' dir='ltr'><strong>est</strong></span> <span class='ocrx_word' id='word_1_404' title='bbox 467 2707 584 2735; x_wconf 86' lang='lat' dir='ltr'><strong>similius</strong></span> <span class='ocrx_word' id='word_1_405' title='bbox 605 2707 732 2735; x_wconf 83' lang='lat' dir='ltr'><strong>eumdem</strong></span> <span class='ocrx_word' id='word_1_406' title='bbox 755 2707 816 2742; x_wconf 87' lang='lat' dir='ltr'><strong>Epi-</strong></span> 
     </span>
    </p>
   </div>
   <div class='ocr_carea' id='block_1_59' title="bbox 74 2813 854 2852">
    <p class='ocr_par' dir='ltr' id='par_1_59' title="bbox 74 2813 854 2852">
     <span class='ocr_line' id='line_1_59' title="bbox 74 2813 854 2852; baseline 0 -10"><span class='ocrx_word' id='word_1_407' title='bbox 74 2813 94 2828; x_wconf 81' lang='lat'><strong>&quot;</strong></span> <span class='ocrx_word' id='word_1_408' title='bbox 107 2815 180 2852; x_wconf 58' lang='lat' dir='ltr'><strong>epist.</strong></span> <span class='ocrx_word' id='word_1_409' title='bbox 198 2816 244 2852; x_wconf 65' lang='lat'><strong>50.</strong></span> <span class='ocrx_word' id='word_1_410' title='bbox 282 2817 303 2833; x_wconf 84' lang='grc'><strong>’⁷</strong></span> <span class='ocrx_word' id='word_1_411' title='bbox 313 2817 340 2844; x_wconf 94' lang='lat' dir='ltr'><strong>In</strong></span> <span class='ocrx_word' id='word_1_412' title='bbox 352 2825 413 2852; x_wconf 87' lang='lat' dir='ltr'><strong>cap.</strong></span> <span class='ocrx_word' id='word_1_413' title='bbox 428 2825 443 2844; x_wconf 84' lang='lat' dir='ltr'><strong>x</strong></span> <span class='ocrx_word' id='word_1_414' title='bbox 460 2816 557 2844; x_wconf 82' lang='lat' dir='ltr'><strong>Matth.</strong></span> <span class='ocrx_word' id='word_1_415' title='bbox 589 2817 612 2832; x_wconf 81' lang='lat'>”</span> <span class='ocrx_word' id='word_1_416' title='bbox 622 2816 722 2844; x_wconf 67' lang='lat' dir='ltr'><strong>lintres.</strong></span> <span class='ocrx_word' id='word_1_417' title='bbox 740 2815 785 2850; x_wconf 80' lang='lat'><strong>59,</strong></span> <span class='ocrx_word' id='word_1_418' title='bbox 803 2815 854 2852; x_wconf 65' lang='grc' dir='ltr'><strong>μ.</strong></span> 
     </span>
    </p>
   </div>
   <div class='ocr_carea' id='block_1_60' title="bbox 46 2849 656 2886">
    <p class='ocr_par' dir='ltr' id='par_1_60' title="bbox 46 2849 656 2886">
     <span class='ocr_line' id='line_1_60' title="bbox 46 2849 656 2886; baseline 0.005 -8"><span class='ocrx_word' id='word_1_419' title='bbox 46 2852 93 2880; x_wconf 72' lang='grc' dir='ltr'><strong>ιη.</strong></span> <span class='ocrx_word' id='word_1_420' title='bbox 105 2849 142 2878; x_wconf 89' lang='lat' dir='ltr'><strong>i8.</strong></span> <span class='ocrx_word' id='word_1_421' title='bbox 180 2853 189 2868; x_wconf 66' lang='grc' dir='ltr'><strong>ν</strong></span> <span class='ocrx_word' id='word_1_422' title='bbox 201 2851 291 2886; x_wconf 81' lang='lat' dir='ltr'><strong>Paul.,</strong></span> <span class='ocrx_word' id='word_1_423' title='bbox 307 2852 316 2879; x_wconf 99' lang='lat' dir='ltr'><strong>I</strong></span> <span class='ocrx_word' id='word_1_424' title='bbox 329 2849 393 2881; x_wconf 58' lang='lat' dir='ltr'><strong>Cori</strong></span> <span class='ocrx_word' id='word_1_425' title='bbox 411 2860 420 2881; x_wconf 82' lang='grc' dir='ltr'>ι</span> <span class='ocrx_word' id='word_1_426' title='bbox 432 2856 460 2882; x_wconf 88' lang='lat' dir='ltr'><strong>et</strong></span> <span class='ocrx_word' id='word_1_427' title='bbox 472 2853 506 2881; x_wconf 79' lang='lat' dir='ltr'><strong>ad</strong></span> <span class='ocrx_word' id='word_1_428' title='bbox 517 2851 598 2880; x_wconf 77' lang='lat' dir='ltr'><strong>Rom.</strong></span> <span class='ocrx_word' id='word_1_429' title='bbox 610 2860 656 2881; x_wconf 76' lang='lat' dir='ltr'><strong>vn.</strong></span> 
     </span>
    </p>
   </div>
   <div class='ocr_carea' id='block_1_61' title="bbox 879 235 1665 270">
    <p class='ocr_par' dir='ltr' id='par_1_61' title="bbox 879 235 1665 270">
     <span class='ocr_line' id='line_1_61' title="bbox 879 235 1665 270; baseline -0.001 -8"><span class='ocrx_word' id='word_1_430' title='bbox 879 235 1022 263; x_wconf 84' lang='lat' dir='ltr'><strong>trahendis</strong></span> <span class='ocrx_word' id='word_1_431' title='bbox 1039 236 1195 270; x_wconf 86' lang='lat' dir='ltr'><strong>disputare;</strong></span> <span class='ocrx_word' id='word_1_432' title='bbox 1210 236 1252 263; x_wconf 87' lang='lat' dir='ltr'><strong>vel</strong></span> <span class='ocrx_word' id='word_1_433' title='bbox 1266 235 1334 262; x_wconf 89' lang='lat' dir='ltr'><strong>nihil</strong></span> <span class='ocrx_word' id='word_1_434' title='bbox 1347 235 1416 262; x_wconf 87' lang='lat' dir='ltr'><strong>certi</strong></span> <span class='ocrx_word' id='word_1_435' title='bbox 1432 243 1465 262; x_wconf 80' lang='lat' dir='ltr'><strong>ex</strong></span> <span class='ocrx_word' id='word_1_436' title='bbox 1478 235 1564 270; x_wconf 82' lang='lat' dir='ltr'><strong>ipsius</strong></span> <span class='ocrx_word' id='word_1_437' title='bbox 1578 238 1665 266; x_wconf 77' lang='lat' dir='ltr'><strong>textu,</strong></span> 
     </span>
    </p>
   </div>
   <div class='ocr_carea' id='block_1_62' title="bbox 876 278 1377 317">
    <p class='ocr_par' dir='ltr' id='par_1_62' title="bbox 876 278 1377 317">
     <span class='ocr_line' id='line_1_62' title="bbox 876 278 1377 317; baseline -0.002 -8"><span class='ocrx_word' id='word_1_438' title='bbox 876 281 964 309; x_wconf 87' lang='lat' dir='ltr'><strong>donec</strong></span> <span class='ocrx_word' id='word_1_439' title='bbox 981 278 1153 316; x_wconf 83' lang='lat' dir='ltr'><strong>emendetur,</strong></span> <span class='ocrx_word' id='word_1_440' title='bbox 1166 290 1248 317; x_wconf 87' lang='lat' dir='ltr'><strong>posse</strong></span> <span class='ocrx_word' id='word_1_441' title='bbox 1260 281 1377 309; x_wconf 87' lang='lat' dir='ltr'><strong>deliniri.</strong></span> 
     </span>
    </p>
   </div>
   <div class='ocr_carea' id='block_1_63' title="bbox 912 327 1666 364">
    <p class='ocr_par' dir='ltr' id='par_1_63' title="bbox 912 327 1666 364">
     <span class='ocr_line' id='line_1_63' title="bbox 912 327 1666 364; baseline 0 -9"><span class='ocrx_word' id='word_1_442' title='bbox 912 327 1022 356; x_wconf 87' lang='lat' dir='ltr'><strong>Certum</strong></span> <span class='ocrx_word' id='word_1_443' title='bbox 1037 334 1079 356; x_wconf 88' lang='lat' dir='ltr'><strong>est</strong></span> <span class='ocrx_word' id='word_1_444' title='bbox 1092 329 1174 364; x_wconf 89' lang='lat' dir='ltr'><strong>igitur</strong></span> <span class='ocrx_word' id='word_1_445' title='bbox 1193 330 1263 356; x_wconf 85' lang='lat' dir='ltr'><strong>hanc</strong></span> <span class='ocrx_word' id='word_1_446' title='bbox 1278 328 1364 356; x_wconf 87' lang='lat' dir='ltr'><strong>fuisse</strong></span> <span class='ocrx_word' id='word_1_447' title='bbox 1378 328 1489 356; x_wconf 84' lang='lat' dir='ltr'><strong>Patrum</strong></span> <span class='ocrx_word' id='word_1_448' title='bbox 1503 328 1584 356; x_wconf 88' lang='lat' dir='ltr'><strong>etiam</strong></span> <span class='ocrx_word' id='word_1_449' title='bbox 1602 332 1666 355; x_wconf 87' lang='lat' dir='ltr'><strong>ante</strong></span> 
     </span>
    </p>
   </div>
   <div class='ocr_carea' id='block_1_64' title="bbox 875 374 1667 410">
    <p class='ocr_par' dir='ltr' id='par_1_64' title="bbox 875 374 1667 410">
     <span class='ocr_line' id='line_1_64' title="bbox 875 374 1667 410; baseline -0.003 -8"><span class='ocrx_word' id='word_1_450' title='bbox 875 375 1021 410; x_wconf 74' lang='lat' dir='ltr'><strong>Augustini</strong></span> <span class='ocrx_word' id='word_1_451' title='bbox 1039 379 1147 403; x_wconf 61' lang='lat' dir='ltr'><strong>aetatem</strong></span> <span class='ocrx_word' id='word_1_452' title='bbox 1161 375 1335 407; x_wconf 78' lang='lat' dir='ltr'><strong>sententiam,</strong></span> <span class='ocrx_word' id='word_1_453' title='bbox 1348 375 1506 410; x_wconf 87' lang='lat' dir='ltr'><strong>conjugium</strong></span> <span class='ocrx_word' id='word_1_454' title='bbox 1522 374 1595 402; x_wconf 62' lang='lat' dir='ltr'><strong>nulla</strong></span> <span class='ocrx_word' id='word_1_455' title='bbox 1613 381 1667 401; x_wconf 86' lang='lat' dir='ltr'><strong>tn-</strong></span> 
     </span>
    </p>
   </div>
   <div class='ocr_carea' id='block_1_65' title="bbox 875 420 1666 458">
    <p class='ocr_par' dir='ltr' id='par_1_65' title="bbox 875 420 1666 458">
     <span class='ocr_line' id='line_1_65' title="bbox 875 420 1666 458; baseline -0.003 -9"><span class='ocrx_word' id='word_1_456' title='bbox 875 430 957 458; x_wconf 87' lang='lat' dir='ltr'><strong>qnam</strong></span> <span class='ocrx_word' id='word_1_457' title='bbox 969 423 1003 449; x_wconf 89' lang='lat' dir='ltr'><strong>de</strong></span> <span class='ocrx_word' id='word_1_458' title='bbox 1016 430 1100 450; x_wconf 85' lang='lat' dir='ltr'><strong>causa</strong></span> <span class='ocrx_word' id='word_1_459' title='bbox 1114 430 1129 450; x_wconf 86' lang='lat' dir='ltr'><strong>a</strong></span> <span class='ocrx_word' id='word_1_460' title='bbox 1142 429 1280 457; x_wconf 85' lang='lat' dir='ltr'><strong>quoquam</strong></span> <span class='ocrx_word' id='word_1_461' title='bbox 1297 421 1366 449; x_wconf 86' lang='lat' dir='ltr'><strong>solvi</strong></span> <span class='ocrx_word' id='word_1_462' title='bbox 1378 429 1468 456; x_wconf 85' lang='lat' dir='ltr'><strong>posse.</strong></span> <span class='ocrx_word' id='word_1_463' title='bbox 1481 420 1509 448; x_wconf 82' lang='lat' dir='ltr'><strong>Si</strong></span> <span class='ocrx_word' id='word_1_464' title='bbox 1524 421 1588 456; x_wconf 81' lang='lat' dir='ltr'><strong>quid</strong></span> <span class='ocrx_word' id='word_1_465' title='bbox 1600 427 1666 448; x_wconf 77' lang='lat' dir='ltr'><strong>vero</strong></span> 
     </span>
    </p>
   </div>
   <div class='ocr_carea' id='block_1_66' title="bbox 875 467 1666 503">
    <p class='ocr_par' dir='ltr' id='par_1_66' title="bbox 875 467 1666 503">
     <span class='ocr_line' id='line_1_66' title="bbox 875 467 1666 503; baseline -0.001 -7"><span class='ocrx_word' id='word_1_466' title='bbox 875 473 969 496; x_wconf 90' lang='lat' dir='ltr'><strong>contra</strong></span> <span class='ocrx_word' id='word_1_467' title='bbox 987 469 1030 496; x_wconf 92' lang='lat' dir='ltr'><strong>vel</strong></span> <span class='ocrx_word' id='word_1_468' title='bbox 1041 469 1173 503; x_wconf 89' lang='lat' dir='ltr'><strong>scriptum</strong></span> <span class='ocrx_word' id='word_1_469' title='bbox 1190 469 1232 495; x_wconf 81' lang='lat' dir='ltr'><strong>vel</strong></span> <span class='ocrx_word' id='word_1_470' title='bbox 1247 467 1347 495; x_wconf 80' lang='lat' dir='ltr'><strong>factum</strong></span> <span class='ocrx_word' id='word_1_471' title='bbox 1363 467 1527 503; x_wconf 83' lang='lat' dir='ltr'><strong>proferatur.</strong></span> <span class='ocrx_word' id='word_1_472' title='bbox 1542 468 1608 495; x_wconf 93' lang='lat' dir='ltr'><strong>illud</strong></span> <span class='ocrx_word' id='word_1_473' title='bbox 1623 467 1666 495; x_wconf 83' lang='lat' dir='ltr'><strong>vel</strong></span> 
     </span>
    </p>
   </div>
   <div class='ocr_carea' id='block_1_67' title="bbox 874 514 1663 550">
    <p class='ocr_par' dir='ltr' id='par_1_67' title="bbox 874 514 1663 550">
     <span class='ocr_line' id='line_1_67' title="bbox 874 514 1663 550; baseline -0.003 -8"><span class='ocrx_word' id='word_1_474' title='bbox 874 516 990 543; x_wconf 81' lang='lat' dir='ltr'><strong>minoris</strong></span> <span class='ocrx_word' id='word_1_475' title='bbox 1010 515 1126 550; x_wconf 84' lang='lat' dir='ltr'><strong>alicujus</strong></span> <span class='ocrx_word' id='word_1_476' title='bbox 1144 515 1219 544; x_wconf 87' lang='lat' dir='ltr'><strong>mali.</strong></span> <span class='ocrx_word' id='word_1_477' title='bbox 1238 522 1294 549; x_wconf 87' lang='lat' dir='ltr'><strong>quo</strong></span> <span class='ocrx_word' id='word_1_478' title='bbox 1310 514 1384 541; x_wconf 91' lang='lat' dir='ltr'><strong>aliud</strong></span> <span class='ocrx_word' id='word_1_479' title='bbox 1407 514 1496 548; x_wconf 83' lang='lat' dir='ltr'><strong>majus</strong></span> <span class='ocrx_word' id='word_1_480' title='bbox 1521 518 1663 548; x_wconf 79' lang='lat' dir='ltr'><strong>peccatum</strong></span> 
     </span>
    </p>
   </div>
   <div class='ocr_carea' id='block_1_68' title="bbox 874 559 1664 594">
    <p class='ocr_par' dir='ltr' id='par_1_68' title="bbox 874 559 1664 594">
     <span class='ocr_line' id='line_1_68' title="bbox 874 559 1664 594; baseline -0.005 -5"><span class='ocrx_word' id='word_1_481' title='bbox 874 563 1034 593; x_wconf 85' lang='lat' dir='ltr'><strong>evitaretur,</strong></span> <span class='ocrx_word' id='word_1_482' title='bbox 1050 561 1194 589; x_wconf 86' lang='lat' dir='ltr'><strong>tolerantia</strong></span> <span class='ocrx_word' id='word_1_483' title='bbox 1212 560 1274 592; x_wconf 81' lang='lat' dir='ltr'><strong>fuit,</strong></span> <span class='ocrx_word' id='word_1_484' title='bbox 1294 561 1335 587; x_wconf 86' lang='lat' dir='ltr'><strong>vel</strong></span> <span class='ocrx_word' id='word_1_485' title='bbox 1350 564 1423 588; x_wconf 86' lang='lat' dir='ltr'><strong>certe</strong></span> <span class='ocrx_word' id='word_1_486' title='bbox 1436 561 1540 588; x_wconf 87' lang='lat' dir='ltr'><strong>abusus</strong></span> <span class='ocrx_word' id='word_1_487' title='bbox 1554 559 1664 594; x_wconf 85' lang='lat' dir='ltr'><strong>aliquis,</strong></span> 
     </span>
    </p>
   </div>
   <div class='ocr_carea' id='block_1_69' title="bbox 874 606 1349 641">
    <p class='ocr_par' dir='ltr' id='par_1_69' title="bbox 874 606 1349 641">
     <span class='ocr_line' id='line_1_69' title="bbox 874 606 1349 641; baseline -0.002 -6"><span class='ocrx_word' id='word_1_488' title='bbox 874 616 890 636; x_wconf 90' lang='lat' dir='ltr'><strong>a</strong></span> <span class='ocrx_word' id='word_1_489' title='bbox 904 608 1010 636; x_wconf 70' lang='lat' dir='ltr'><strong>caeteris</strong></span> <span class='ocrx_word' id='word_1_490' title='bbox 1025 607 1154 635; x_wconf 88' lang='lat' dir='ltr'><strong>omnibus</strong></span> <span class='ocrx_word' id='word_1_491' title='bbox 1167 606 1349 641; x_wconf 82' lang='lat' dir='ltr'><strong>improbatus.</strong></span> 
     </span>
    </p>
   </div>
   <div class='ocr_carea' id='block_1_70' title="bbox 909 661 1664 700">
    <p class='ocr_par' dir='ltr' id='par_1_70' title="bbox 909 661 1664 700">
     <span class='ocr_line' id='line_1_70' title="bbox 909 661 1664 700; baseline -0.004 -8"><span class='ocrx_word' id='word_1_492' title='bbox 909 664 1080 700; x_wconf 85' lang='lat' dir='ltr'><strong>Quapropter</strong></span> <span class='ocrx_word' id='word_1_493' title='bbox 1095 667 1245 699; x_wconf 89' lang='lat' dir='ltr'><strong>provocant</strong></span> <span class='ocrx_word' id='word_1_494' title='bbox 1259 671 1309 690; x_wconf 90' lang='lat' dir='ltr'><strong>nos</strong></span> <span class='ocrx_word' id='word_1_495' title='bbox 1326 662 1477 690; x_wconf 85' lang='lat' dir='ltr'><strong>adversarii</strong></span> <span class='ocrx_word' id='word_1_496' title='bbox 1494 662 1526 689; x_wconf 87' lang='lat' dir='ltr'><strong>ad</strong></span> <span class='ocrx_word' id='word_1_497' title='bbox 1541 661 1664 689; x_wconf 79' lang='lat' dir='ltr'><strong>divinant</strong></span> 
     </span>
    </p>
   </div>
   <div class='ocr_carea' id='block_1_71' title="bbox 873 709 1663 745">
    <p class='ocr_par' dir='ltr' id='par_1_71' title="bbox 873 709 1663 745">
     <span class='ocr_line' id='line_1_71' title="bbox 873 709 1663 745; baseline -0.004 -7"><span class='ocrx_word' id='word_1_498' title='bbox 873 710 992 738; x_wconf 66' lang='lat' dir='ltr'><strong>Matthazi</strong></span> <span class='ocrx_word' id='word_1_499' title='bbox 1015 710 1218 744; x_wconf 83' lang='lat' dir='ltr'><strong>auctoritatem,</strong></span> <span class='ocrx_word' id='word_1_500' title='bbox 1230 710 1277 745; x_wconf 82' lang='lat' dir='ltr'><strong>qui</strong></span> <span class='ocrx_word' id='word_1_501' title='bbox 1292 710 1429 745; x_wconf 81' lang='lat' dir='ltr'><strong>expressis</strong></span> <span class='ocrx_word' id='word_1_502' title='bbox 1446 709 1536 736; x_wconf 84' lang='lat' dir='ltr'><strong>verbis</strong></span> <span class='ocrx_word' id='word_1_503' title='bbox 1551 709 1663 736; x_wconf 85' lang='lat' dir='ltr'><strong>statuit:</strong></span> 
     </span>
    </p>
   </div>
   <div class='ocr_carea' id='block_1_72' title="bbox 874 755 1666 790">
    <p class='ocr_par' dir='ltr' id='par_1_72' title="bbox 874 755 1666 790">
     <span class='ocr_line' id='line_1_72' title="bbox 874 755 1666 790; baseline -0.005 -5"><span class='ocrx_word' id='word_1_504' title='bbox 874 757 966 785; x_wconf 82' lang='lat' dir='ltr'><strong>Omnis</strong></span> <span class='ocrx_word' id='word_1_505' title='bbox 981 757 1026 790; x_wconf 85' lang='lat' dir='ltr'><strong>qui</strong></span> <span class='ocrx_word' id='word_1_506' title='bbox 1046 757 1177 784; x_wconf 76' lang='lat' dir='ltr'><strong>dimiserit</strong></span> <span class='ocrx_word' id='word_1_507' title='bbox 1206 764 1315 783; x_wconf 66' lang='lat' dir='ltr'><strong>uxorem</strong></span> <span class='ocrx_word' id='word_1_508' title='bbox 1335 763 1429 788; x_wconf 88' lang='lat' dir='ltr'><strong>suam,</strong></span> <span class='ocrx_word' id='word_1_509' title='bbox 1443 760 1552 789; x_wconf 76' lang='lat' dir='ltr'><strong>excepta</strong></span> <span class='ocrx_word' id='word_1_510' title='bbox 1580 755 1666 789; x_wconf 84' lang='lat' dir='ltr'><strong>forni-</strong></span> 
     </span>
    </p>
   </div>
   <div class='ocr_carea' id='block_1_73' title="bbox 872 794 1666 838">
    <p class='ocr_par' dir='ltr' id='par_1_73' title="bbox 872 794 1666 838">
     <span class='ocr_line' id='line_1_73' title="bbox 872 794 1666 838; baseline -0.004 -8"><span class='ocrx_word' id='word_1_511' title='bbox 872 794 984 831; x_wconf 76' lang='lat' dir='ltr'><strong>cationis</strong></span> <span class='ocrx_word' id='word_1_512' title='bbox 1007 811 1099 836; x_wconf 87' lang='lat' dir='ltr'><strong>causa,</strong></span> <span class='ocrx_word' id='word_1_513' title='bbox 1128 803 1194 838; x_wconf 81' lang='lat' dir='ltr'><strong>facit</strong></span> <span class='ocrx_word' id='word_1_514' title='bbox 1224 810 1282 830; x_wconf 78' lang='lat' dir='ltr'><strong>eam</strong></span> <span class='ocrx_word' id='word_1_515' title='bbox 1312 802 1454 834; x_wconf 75' lang='lat' dir='ltr'><strong>iaceo/tari;</strong></span> <span class='ocrx_word' id='word_1_516' title='bbox 1471 806 1498 829; x_wconf 84' lang='lat' dir='ltr'><strong>et</strong></span> <span class='ocrx_word' id='word_1_517' title='bbox 1518 810 1525 829; x_wconf 90' lang='lat'>:</span> <span class='ocrx_word' id='word_1_518' title='bbox 1550 800 1666 828; x_wconf 64' lang='lat' dir='ltr'><strong>llaec/ta-</strong></span> 
     </span>
    </p>
   </div>
   <div class='ocr_carea' id='block_1_74' title="bbox 873 847 1663 886">
    <p class='ocr_par' dir='ltr' id='par_1_74' title="bbox 873 847 1663 886">
     <span class='ocr_line' id='line_1_74' title="bbox 873 847 1663 886; baseline -0.005 -9"><span class='ocrx_word' id='word_1_519' title='bbox 873 855 933 882; x_wconf 88' lang='lat' dir='ltr'><strong>tur;</strong></span> <span class='ocrx_word' id='word_1_520' title='bbox 946 854 970 877; x_wconf 92' lang='lat' dir='ltr'><strong>et</strong></span> <span class='ocrx_word' id='word_1_521' title='bbox 982 850 1027 886; x_wconf 84' lang='lat' dir='ltr'><strong>qui</strong></span> <span class='ocrx_word' id='word_1_522' title='bbox 1042 849 1181 877; x_wconf 73' lang='lat' dir='ltr'><strong>dimissam</strong></span> <span class='ocrx_word' id='word_1_523' title='bbox 1195 849 1314 880; x_wconf 70' lang='lat' dir='ltr'><strong>duxerit,</strong></span> <span class='ocrx_word' id='word_1_524' title='bbox 1326 848 1460 875; x_wconf 84' lang='lat' dir='ltr'><strong>adulterat</strong></span> <span class='ocrx_word' id='word_1_525' title='bbox 1475 848 1509 874; x_wconf 84' lang='lat'><strong>&quot;.</strong></span> <span class='ocrx_word' id='word_1_526' title='bbox 1528 847 1557 874; x_wconf 82' lang='lat' dir='ltr'><strong>Si</strong></span> <span class='ocrx_word' id='word_1_527' title='bbox 1570 850 1663 874; x_wconf 89' lang='lat' dir='ltr'><strong>autetn</strong></span> 
     </span>
    </p>
   </div>
   <div class='ocr_carea' id='block_1_75' title="bbox 871 891 1665 928">
    <p class='ocr_par' dir='ltr' id='par_1_75' title="bbox 871 891 1665 928">
     <span class='ocr_line' id='line_1_75' title="bbox 871 891 1665 928; baseline -0.005 -5"><span class='ocrx_word' id='word_1_528' title='bbox 871 896 973 924; x_wconf 79' lang='lat' dir='ltr'><strong>dixeris</strong></span> <span class='ocrx_word' id='word_1_529' title='bbox 995 904 1046 924; x_wconf 90' lang='lat' dir='ltr'><strong>nec</strong></span> <span class='ocrx_word' id='word_1_530' title='bbox 1068 895 1188 923; x_wconf 82' lang='lat' dir='ltr'><strong>Marcum</strong></span> <span class='ocrx_word' id='word_1_531' title='bbox 1205 894 1251 928; x_wconf 82' lang='lat'><strong>“°,</strong></span> <span class='ocrx_word' id='word_1_532' title='bbox 1271 902 1320 921; x_wconf 91' lang='lat' dir='ltr'><strong>nec</strong></span> <span class='ocrx_word' id='word_1_533' title='bbox 1347 893 1449 921; x_wconf 86' lang='lat' dir='ltr'><strong>Lucam</strong></span> <span class='ocrx_word' id='word_1_534' title='bbox 1471 893 1491 925; x_wconf 84' lang='lat'><strong>&#39;,</strong></span> <span class='ocrx_word' id='word_1_535' title='bbox 1518 900 1568 920; x_wconf 92' lang='lat' dir='ltr'><strong>nec</strong></span> <span class='ocrx_word' id='word_1_536' title='bbox 1591 891 1665 919; x_wconf 87' lang='lat' dir='ltr'><strong>Pau-</strong></span> 
     </span>
    </p>
   </div>
   <div class='ocr_carea' id='block_1_76' title="bbox 872 938 1664 977">
    <p class='ocr_par' dir='ltr' id='par_1_76' title="bbox 872 938 1664 977">
     <span class='ocr_line' id='line_1_76' title="bbox 872 938 1664 977; baseline -0.008 -7"><span class='ocrx_word' id='word_1_537' title='bbox 872 942 927 970; x_wconf 91' lang='lat' dir='ltr'><strong>lum</strong></span> <span class='ocrx_word' id='word_1_538' title='bbox 946 943 967 975; x_wconf 79' lang='lat'><strong>’,</strong></span> <span class='ocrx_word' id='word_1_539' title='bbox 984 943 1030 977; x_wconf 89' lang='lat' dir='ltr'><strong>qui</strong></span> <span class='ocrx_word' id='word_1_540' title='bbox 1047 942 1080 969; x_wconf 87' lang='lat' dir='ltr'><strong>de</strong></span> <span class='ocrx_word' id='word_1_541' title='bbox 1093 942 1144 969; x_wconf 87' lang='lat' dir='ltr'><strong>hac</strong></span> <span class='ocrx_word' id='word_1_542' title='bbox 1155 940 1249 969; x_wconf 82' lang='lat' dir='ltr'><strong>uxoris</strong></span> <span class='ocrx_word' id='word_1_543' title='bbox 1260 940 1421 968; x_wconf 86' lang='lat' dir='ltr'><strong>dimissione</strong></span> <span class='ocrx_word' id='word_1_544' title='bbox 1435 939 1596 974; x_wconf 84' lang='lat' dir='ltr'><strong>loquuntur,</strong></span> <span class='ocrx_word' id='word_1_545' title='bbox 1613 938 1664 965; x_wconf 90' lang='lat' dir='ltr'><strong>hu-</strong></span> 
     </span>
    </p>
   </div>
   <div class='ocr_carea' id='block_1_77' title="bbox 869 985 1664 1025">
    <p class='ocr_par' dir='ltr' id='par_1_77' title="bbox 869 985 1664 1025">
     <span class='ocr_line' id='line_1_77' title="bbox 869 985 1664 1025; baseline -0.009 -7"><span class='ocrx_word' id='word_1_546' title='bbox 869 990 915 1025; x_wconf 90' lang='lat' dir='ltr'><strong>jus</strong></span> <span class='ocrx_word' id='word_1_547' title='bbox 933 989 1104 1024; x_wconf 79' lang='lat' dir='ltr'><strong>exceptionis</strong></span> <span class='ocrx_word' id='word_1_548' title='bbox 1119 988 1195 1016; x_wconf 92' lang='lat' dir='ltr'><strong>ullibi</strong></span> <span class='ocrx_word' id='word_1_549' title='bbox 1217 987 1317 1015; x_wconf 83' lang='lat' dir='ltr'><strong>fecisse</strong></span> <span class='ocrx_word' id='word_1_550' title='bbox 1337 986 1515 1017; x_wconf 81' lang='lat' dir='ltr'><strong>mentionem,</strong></span> <span class='ocrx_word' id='word_1_551' title='bbox 1531 985 1664 1020; x_wconf 83' lang='lat' dir='ltr'><strong>illamque</strong></span> 
     </span>
    </p>
   </div>
   <div class='ocr_carea' id='block_1_78' title="bbox 871 1031 1663 1068">
    <p class='ocr_par' dir='ltr' id='par_1_78' title="bbox 871 1031 1663 1068">
     <span class='ocr_line' id='line_1_78' title="bbox 871 1031 1663 1068; baseline -0.008 -4"><span class='ocrx_word' id='word_1_552' title='bbox 871 1037 940 1064; x_wconf 88' lang='lat' dir='ltr'><strong>tanti</strong></span> <span class='ocrx_word' id='word_1_553' title='bbox 963 1044 1024 1064; x_wconf 87' lang='lat' dir='ltr'><strong>esse</strong></span> <span class='ocrx_word' id='word_1_554' title='bbox 1044 1035 1188 1066; x_wconf 84' lang='lat' dir='ltr'><strong>momenti,</strong></span> <span class='ocrx_word' id='word_1_555' title='bbox 1204 1040 1235 1062; x_wconf 89' lang='lat' dir='ltr'><strong>ut</strong></span> <span class='ocrx_word' id='word_1_556' title='bbox 1252 1034 1276 1061; x_wconf 82' lang='lat' dir='ltr'><strong>si</strong></span> <span class='ocrx_word' id='word_1_557' title='bbox 1290 1034 1399 1068; x_wconf 88' lang='lat' dir='ltr'><strong>quando</strong></span> <span class='ocrx_word' id='word_1_558' title='bbox 1415 1041 1430 1060; x_wconf 84' lang='lat' dir='ltr'><strong>a</strong></span> <span class='ocrx_word' id='word_1_559' title='bbox 1449 1031 1557 1059; x_wconf 75' lang='lat' dir='ltr'><strong>Christo</strong></span> <span class='ocrx_word' id='word_1_560' title='bbox 1574 1032 1663 1066; x_wconf 75' lang='lat' dir='ltr'><strong>posita</strong></span> 
     </span>
    </p>
   </div>
   <div class='ocr_carea' id='block_1_79' title="bbox 869 1077 1661 1116">
    <p class='ocr_par' dir='ltr' id='par_1_79' title="bbox 869 1077 1661 1116">
     <span class='ocr_line' id='line_1_79' title="bbox 869 1077 1661 1116; baseline -0.009 -5"><span class='ocrx_word' id='word_1_561' title='bbox 869 1088 951 1116; x_wconf 81' lang='lat' dir='ltr'><strong>esset,</strong></span> <span class='ocrx_word' id='word_1_562' title='bbox 965 1083 999 1110; x_wconf 90' lang='lat' dir='ltr'><strong>ab</strong></span> <span class='ocrx_word' id='word_1_563' title='bbox 1014 1083 1048 1110; x_wconf 90' lang='lat' dir='ltr'><strong>iis</strong></span> <span class='ocrx_word' id='word_1_564' title='bbox 1061 1088 1201 1116; x_wconf 87' lang='lat' dir='ltr'><strong>nunquam</strong></span> <span class='ocrx_word' id='word_1_565' title='bbox 1223 1080 1321 1108; x_wconf 86' lang='lat' dir='ltr'><strong>fuisset</strong></span> <span class='ocrx_word' id='word_1_566' title='bbox 1340 1079 1540 1113; x_wconf 62' lang='lat' dir='ltr'><strong>praetermissa;</strong></span> <span class='ocrx_word' id='word_1_567' title='bbox 1559 1078 1627 1105; x_wconf 91' lang='lat' dir='ltr'><strong>illud</strong></span> <span class='ocrx_word' id='word_1_568' title='bbox 1643 1077 1661 1104; x_wconf 93' lang='lat' dir='ltr'><strong>ii</strong></span> 
     </span>
    </p>
   </div>
   <div class='ocr_carea' id='block_1_80' title="bbox 870 1124 1663 1163">
    <p class='ocr_par' dir='ltr' id='par_1_80' title="bbox 870 1124 1663 1163">
     <span class='ocr_line' id='line_1_80' title="bbox 870 1124 1663 1163; baseline -0.009 -7"><span class='ocrx_word' id='word_1_569' title='bbox 870 1129 943 1156; x_wconf 88' lang='lat' dir='ltr'><strong>illico</strong></span> <span class='ocrx_word' id='word_1_570' title='bbox 965 1132 1107 1163; x_wconf 85' lang='lat' dir='ltr'><strong>reponem,</strong></span> <span class='ocrx_word' id='word_1_571' title='bbox 1130 1127 1181 1154; x_wconf 88' lang='lat' dir='ltr'><strong>nisi</strong></span> <span class='ocrx_word' id='word_1_572' title='bbox 1204 1134 1219 1154; x_wconf 90' lang='lat' dir='ltr'><strong>a</strong></span> <span class='ocrx_word' id='word_1_573' title='bbox 1235 1126 1346 1154; x_wconf 87' lang='lat' dir='ltr'><strong>Christo</strong></span> <span class='ocrx_word' id='word_1_574' title='bbox 1366 1129 1440 1152; x_wconf 79' lang='lat' dir='ltr'><strong>esset</strong></span> <span class='ocrx_word' id='word_1_575' title='bbox 1465 1124 1567 1157; x_wconf 85' lang='lat' dir='ltr'><strong>addita,</strong></span> <span class='ocrx_word' id='word_1_576' title='bbox 1590 1131 1663 1150; x_wconf 90' lang='lat' dir='ltr'><strong>nun-</strong></span> 
     </span>
    </p>
   </div>
   <div class='ocr_carea' id='block_1_81' title="bbox 870 1170 1657 1209">
    <p class='ocr_par' dir='ltr' id='par_1_81' title="bbox 870 1170 1657 1209">
     <span class='ocr_line' id='line_1_81' title="bbox 870 1170 1657 1209; baseline -0.008 -8"><span class='ocrx_word' id='word_1_577' title='bbox 870 1182 953 1209; x_wconf 88' lang='lat' dir='ltr'><strong>quam</strong></span> <span class='ocrx_word' id='word_1_578' title='bbox 975 1174 1049 1202; x_wconf 87' lang='lat' dir='ltr'><strong>illam</strong></span> <span class='ocrx_word' id='word_1_579' title='bbox 1077 1172 1221 1201; x_wconf 80' lang='lat' dir='ltr'><strong>Matthteus</strong></span> <span class='ocrx_word' id='word_1_580' title='bbox 1249 1178 1303 1200; x_wconf 88' lang='lat' dir='ltr'><strong>tam</strong></span> <span class='ocrx_word' id='word_1_581' title='bbox 1331 1178 1461 1205; x_wconf 84' lang='lat' dir='ltr'><strong>expresse</strong></span> <span class='ocrx_word' id='word_1_582' title='bbox 1488 1170 1657 1197; x_wconf 73' lang='lat' dir='ltr'><strong>tradidisset.</strong></span> 
     </span>
    </p>
   </div>
   <div class='ocr_carea' id='block_1_82' title="bbox 870 1215 1660 1255">
    <p class='ocr_par' dir='ltr' id='par_1_82' title="bbox 870 1215 1660 1255">
     <span class='ocr_line' id='line_1_82' title="bbox 870 1215 1660 1255; baseline -0.009 -7"><span class='ocrx_word' id='word_1_583' title='bbox 870 1220 972 1249; x_wconf 82' lang='lat' dir='ltr'><strong>Verum</strong></span> <span class='ocrx_word' id='word_1_584' title='bbox 1001 1220 1133 1255; x_wconf 88' lang='lat' dir='ltr'><strong>quidquid</strong></span> <span class='ocrx_word' id='word_1_585' title='bbox 1158 1219 1192 1246; x_wconf 89' lang='lat' dir='ltr'><strong>de</strong></span> <span class='ocrx_word' id='word_1_586' title='bbox 1217 1225 1297 1246; x_wconf 80' lang='lat' dir='ltr'><strong>sacro</strong></span> <span class='ocrx_word' id='word_1_587' title='bbox 1320 1225 1415 1245; x_wconf 85' lang='lat' dir='ltr'><strong>eorum</strong></span> <span class='ocrx_word' id='word_1_588' title='bbox 1440 1221 1515 1244; x_wconf 81' lang='lat' dir='ltr'><strong>textu</strong></span> <span class='ocrx_word' id='word_1_589' title='bbox 1540 1215 1660 1250; x_wconf 80' lang='lat' dir='ltr'><strong>dicatur,</strong></span> 
     </span>
    </p>
   </div>
   <div class='ocr_carea' id='block_1_83' title="bbox 869 1261 1653 1296">
    <p class='ocr_par' dir='ltr' id='par_1_83' title="bbox 869 1261 1653 1296">
     <span class='ocr_line' id='line_1_83' title="bbox 869 1261 1653 1296; baseline -0.008 -2"><span class='ocrx_word' id='word_1_590' title='bbox 869 1272 974 1294; x_wconf 84' lang='lat' dir='ltr'><strong>certum</strong></span> <span class='ocrx_word' id='word_1_591' title='bbox 997 1270 1039 1293; x_wconf 89' lang='lat' dir='ltr'><strong>est</strong></span> <span class='ocrx_word' id='word_1_592' title='bbox 1062 1265 1165 1292; x_wconf 85' lang='lat' dir='ltr'><strong>nullam</strong></span> <span class='ocrx_word' id='word_1_593' title='bbox 1190 1263 1251 1291; x_wconf 86' lang='lat' dir='ltr'><strong>illos</strong></span> <span class='ocrx_word' id='word_1_594' title='bbox 1274 1263 1345 1290; x_wconf 86' lang='lat' dir='ltr'><strong>inter</strong></span> <span class='ocrx_word' id='word_1_595' title='bbox 1371 1262 1479 1289; x_wconf 83' lang='lat' dir='ltr'><strong>divinos</strong></span> <span class='ocrx_word' id='word_1_596' title='bbox 1503 1261 1653 1296; x_wconf 76' lang='lat' dir='ltr'><strong>scriptores</strong></span> 
     </span>
    </p>
   </div>
   <div class='ocr_carea' id='block_1_84' title="bbox 869 1307 1657 1348">
    <p class='ocr_par' dir='ltr' id='par_1_84' title="bbox 869 1307 1657 1348">
     <span class='ocr_line' id='line_1_84' title="bbox 869 1307 1657 1348; baseline -0.01 -7"><span class='ocrx_word' id='word_1_597' title='bbox 869 1321 931 1342; x_wconf 82' lang='lat' dir='ltr'><strong>esse</strong></span> <span class='ocrx_word' id='word_1_598' title='bbox 953 1319 1083 1348; x_wconf 74' lang='lat' dir='ltr'><strong>pugnam,</strong></span> <span class='ocrx_word' id='word_1_599' title='bbox 1102 1311 1262 1345; x_wconf 86' lang='lat' dir='ltr'><strong>nullumque</strong></span> <span class='ocrx_word' id='word_1_600' title='bbox 1280 1317 1396 1344; x_wconf 89' lang='lat' dir='ltr'><strong>prorsus</strong></span> <span class='ocrx_word' id='word_1_601' title='bbox 1415 1307 1570 1335; x_wconf 87' lang='lat' dir='ltr'><strong>dissidium.</strong></span> <span class='ocrx_word' id='word_1_602' title='bbox 1587 1307 1657 1334; x_wconf 88' lang='lat' dir='ltr'><strong>Cum</strong></span> 
     </span>
    </p>
   </div>
   <div class='ocr_carea' id='block_1_85' title="bbox 869 1354 1660 1396">
    <p class='ocr_par' dir='ltr' id='par_1_85' title="bbox 869 1354 1660 1396">
     <span class='ocr_line' id='line_1_85' title="bbox 869 1354 1660 1396; baseline -0.01 -8"><span class='ocrx_word' id='word_1_603' title='bbox 869 1368 934 1396; x_wconf 86' lang='lat' dir='ltr'><strong>ergo</strong></span> <span class='ocrx_word' id='word_1_604' title='bbox 948 1367 1019 1386; x_wconf 89' lang='lat' dir='ltr'><strong>unus</strong></span> <span class='ocrx_word' id='word_1_605' title='bbox 1035 1358 1158 1386; x_wconf 90' lang='lat' dir='ltr'><strong>omnium</strong></span> <span class='ocrx_word' id='word_1_606' title='bbox 1175 1357 1211 1384; x_wconf 88' lang='lat' dir='ltr'><strong>sit</strong></span> <span class='ocrx_word' id='word_1_607' title='bbox 1225 1363 1388 1388; x_wconf 86' lang='lat' dir='ltr'><strong>consensus,</strong></span> <span class='ocrx_word' id='word_1_608' title='bbox 1401 1355 1441 1382; x_wconf 92' lang='lat' dir='ltr'><strong>sic</strong></span> <span class='ocrx_word' id='word_1_609' title='bbox 1454 1362 1502 1382; x_wconf 83' lang='lat' dir='ltr'><strong>eos</strong></span> <span class='ocrx_word' id='word_1_610' title='bbox 1518 1354 1660 1381; x_wconf 84' lang='lat' dir='ltr'><strong>conciliari</strong></span> 
     </span>
    </p>
   </div>
   <div class='ocr_carea' id='block_1_86' title="bbox 870 1400 1659 1441">
    <p class='ocr_par' dir='ltr' id='par_1_86' title="bbox 870 1400 1659 1441">
     <span class='ocr_line' id='line_1_86' title="bbox 870 1400 1659 1441; baseline -0.01 -8"><span class='ocrx_word' id='word_1_611' title='bbox 870 1413 951 1441; x_wconf 89' lang='lat' dir='ltr'><strong>posse</strong></span> <span class='ocrx_word' id='word_1_612' title='bbox 973 1408 1112 1440; x_wconf 86' lang='lat' dir='ltr'><strong>putamus,</strong></span> <span class='ocrx_word' id='word_1_613' title='bbox 1130 1407 1159 1430; x_wconf 89' lang='lat' dir='ltr'><strong>ut</strong></span> <span class='ocrx_word' id='word_1_614' title='bbox 1180 1402 1238 1430; x_wconf 65' lang='lat' dir='ltr'><strong>haec</strong></span> <span class='ocrx_word' id='word_1_615' title='bbox 1258 1401 1382 1436; x_wconf 78' lang='lat' dir='ltr'><strong>exceptio</strong></span> <span class='ocrx_word' id='word_1_616' title='bbox 1404 1400 1535 1432; x_wconf 63' lang='lat' dir='ltr'><strong>Matth-sai,</strong></span> <span class='ocrx_word' id='word_1_617' title='bbox 1550 1405 1659 1434; x_wconf 67' lang='lat' dir='ltr'><strong>excepta</strong></span> 
     </span>
    </p>
   </div>
   <div class='ocr_carea' id='block_1_87' title="bbox 870 1445 1660 1487">
    <p class='ocr_par' dir='ltr' id='par_1_87' title="bbox 870 1445 1660 1487">
     <span class='ocr_line' id='line_1_87' title="bbox 870 1445 1660 1487; baseline -0.008 -9"><span class='ocrx_word' id='word_1_618' title='bbox 870 1450 1055 1487; x_wconf 78' lang='lat' dir='ltr'><strong>fornicationis</strong></span> <span class='ocrx_word' id='word_1_619' title='bbox 1075 1457 1169 1482; x_wconf 85' lang='lat' dir='ltr'><strong>causa,</strong></span> <span class='ocrx_word' id='word_1_620' title='bbox 1189 1457 1243 1475; x_wconf 91' lang='lat' dir='ltr'><strong>non</strong></span> <span class='ocrx_word' id='word_1_621' title='bbox 1268 1447 1301 1474; x_wconf 91' lang='lat' dir='ltr'><strong>ad</strong></span> <span class='ocrx_word' id='word_1_622' title='bbox 1322 1447 1434 1474; x_wconf 75' lang='lat' dir='ltr'><strong>vet-bum</strong></span> <span class='ocrx_word' id='word_1_623' title='bbox 1454 1446 1598 1478; x_wconf 79' lang='lat' dir='ltr'><strong>dimiserit,</strong></span> <span class='ocrx_word' id='word_1_624' title='bbox 1613 1445 1660 1473; x_wconf 87' lang='lat' dir='ltr'><strong>sed</strong></span> 
     </span>
    </p>
   </div>
   <div class='ocr_carea' id='block_1_88' title="bbox 870 1492 1663 1528">
    <p class='ocr_par' dir='ltr' id='par_1_88' title="bbox 870 1492 1663 1528">
     <span class='ocr_line' id='line_1_88' title="bbox 870 1492 1663 1528; baseline -0.009 -3"><span class='ocrx_word' id='word_1_625' title='bbox 870 1498 903 1525; x_wconf 87' lang='lat' dir='ltr'><strong>ad</strong></span> <span class='ocrx_word' id='word_1_626' title='bbox 925 1498 1007 1525; x_wconf 85' lang='lat' dir='ltr'><strong>aliam</strong></span> <span class='ocrx_word' id='word_1_627' title='bbox 1030 1496 1147 1528; x_wconf 73' lang='lat' dir='ltr'><strong>duxerit,</strong></span> <span class='ocrx_word' id='word_1_628' title='bbox 1163 1494 1306 1522; x_wconf 86' lang='lat' dir='ltr'><strong>referenda</strong></span> <span class='ocrx_word' id='word_1_629' title='bbox 1330 1493 1375 1521; x_wconf 87' lang='lat' dir='ltr'><strong>sit.</strong></span> <span class='ocrx_word' id='word_1_630' title='bbox 1405 1492 1578 1527; x_wconf 84' lang='lat' dir='ltr'><strong>Quapropter</strong></span> <span class='ocrx_word' id='word_1_631' title='bbox 1606 1499 1663 1518; x_wconf 88' lang='lat' dir='ltr'><strong>non</strong></span> 
     </span>
    </p>
   </div>
   <div class='ocr_carea' id='block_1_89' title="bbox 872 1536 1664 1572">
    <p class='ocr_par' dir='ltr' id='par_1_89' title="bbox 872 1536 1664 1572">
     <span class='ocr_line' id='line_1_89' title="bbox 872 1536 1664 1572; baseline -0.009 -3"><span class='ocrx_word' id='word_1_632' title='bbox 872 1542 943 1569; x_wconf 89' lang='lat' dir='ltr'><strong>alius</strong></span> <span class='ocrx_word' id='word_1_633' title='bbox 965 1541 1018 1569; x_wconf 91' lang='lat' dir='ltr'><strong>erit</strong></span> <span class='ocrx_word' id='word_1_634' title='bbox 1041 1540 1189 1568; x_wconf 88' lang='lat' dir='ltr'><strong>verborum</strong></span> <span class='ocrx_word' id='word_1_635' title='bbox 1219 1539 1337 1566; x_wconf 78' lang='lat' dir='ltr'><strong>Matthzei</strong></span> <span class='ocrx_word' id='word_1_636' title='bbox 1364 1545 1473 1569; x_wconf 86' lang='lat' dir='ltr'><strong>sensus,</strong></span> <span class='ocrx_word' id='word_1_637' title='bbox 1495 1545 1577 1572; x_wconf 90' lang='lat' dir='ltr'><strong>quam</strong></span> <span class='ocrx_word' id='word_1_638' title='bbox 1602 1536 1664 1563; x_wconf 81' lang='lat' dir='ltr'><strong>viru</strong></span> 
     </span>
    </p>
   </div>
   <div class='ocr_carea' id='block_1_90' title="bbox 872 1582 1662 1621">
    <p class='ocr_par' dir='ltr' id='par_1_90' title="bbox 872 1582 1662 1621">
     <span class='ocr_line' id='line_1_90' title="bbox 872 1582 1662 1621; baseline -0.01 -6"><span class='ocrx_word' id='word_1_639' title='bbox 872 1588 921 1621; x_wconf 94' lang='lat' dir='ltr'><strong>illi,</strong></span> <span class='ocrx_word' id='word_1_640' title='bbox 944 1587 1025 1621; x_wconf 82' lang='lat' dir='ltr'><strong>cujus</strong></span> <span class='ocrx_word' id='word_1_641' title='bbox 1043 1593 1114 1613; x_wconf 82' lang='lat' dir='ltr'><strong>uxor</strong></span> <span class='ocrx_word' id='word_1_642' title='bbox 1132 1590 1174 1612; x_wconf 88' lang='lat' dir='ltr'><strong>est</strong></span> <span class='ocrx_word' id='word_1_643' title='bbox 1197 1584 1331 1615; x_wconf 90' lang='lat' dir='ltr'><strong>adultera,</strong></span> <span class='ocrx_word' id='word_1_644' title='bbox 1347 1591 1407 1610; x_wconf 84' lang='lat' dir='ltr'><strong>eam</strong></span> <span class='ocrx_word' id='word_1_645' title='bbox 1426 1582 1590 1613; x_wconf 87' lang='lat' dir='ltr'><strong>dimittendi,</strong></span> <span class='ocrx_word' id='word_1_646' title='bbox 1607 1589 1662 1608; x_wconf 93' lang='lat' dir='ltr'><strong>non</strong></span> 
     </span>
    </p>
   </div>
   <div class='ocr_carea' id='block_1_91' title="bbox 871 1627 1663 1665">
    <p class='ocr_par' dir='ltr' id='par_1_91' title="bbox 871 1627 1663 1665">
     <span class='ocr_line' id='line_1_91' title="bbox 871 1627 1663 1665; baseline -0.009 -4"><span class='ocrx_word' id='word_1_647' title='bbox 871 1634 952 1661; x_wconf 82' lang='lat' dir='ltr'><strong>aliam</strong></span> <span class='ocrx_word' id='word_1_648' title='bbox 976 1632 1113 1665; x_wconf 90' lang='lat' dir='ltr'><strong>ducendi,</strong></span> <span class='ocrx_word' id='word_1_649' title='bbox 1135 1631 1226 1659; x_wconf 85' lang='lat' dir='ltr'><strong>datam</strong></span> <span class='ocrx_word' id='word_1_650' title='bbox 1245 1638 1260 1657; x_wconf 86' lang='lat' dir='ltr'><strong>a</strong></span> <span class='ocrx_word' id='word_1_651' title='bbox 1280 1629 1390 1657; x_wconf 85' lang='lat' dir='ltr'><strong>Christo</strong></span> <span class='ocrx_word' id='word_1_652' title='bbox 1408 1633 1580 1663; x_wconf 79' lang='lat' dir='ltr'><strong>potestatem.</strong></span> <span class='ocrx_word' id='word_1_653' title='bbox 1602 1627 1663 1661; x_wconf 84' lang='lat' dir='ltr'><strong>Quo</strong></span> 
     </span>
    </p>
   </div>
   <div class='ocr_carea' id='block_1_92' title="bbox 871 1672 1661 1714">
    <p class='ocr_par' dir='ltr' id='par_1_92' title="bbox 871 1672 1661 1714">
     <span class='ocr_line' id='line_1_92' title="bbox 871 1672 1661 1714; baseline -0.009 -7"><span class='ocrx_word' id='word_1_654' title='bbox 871 1679 981 1714; x_wconf 89' lang='lat' dir='ltr'><strong>quidem</strong></span> <span class='ocrx_word' id='word_1_655' title='bbox 1001 1685 1084 1706; x_wconf 88' lang='lat' dir='ltr'><strong>sensu</strong></span> <span class='ocrx_word' id='word_1_656' title='bbox 1109 1677 1155 1704; x_wconf 91' lang='lat' dir='ltr'><strong>ille</strong></span> <span class='ocrx_word' id='word_1_657' title='bbox 1178 1683 1231 1703; x_wconf 89' lang='lat' dir='ltr'><strong>non</strong></span> <span class='ocrx_word' id='word_1_658' title='bbox 1257 1675 1420 1709; x_wconf 86' lang='lat' dir='ltr'><strong>discrepata</strong></span> <span class='ocrx_word' id='word_1_659' title='bbox 1436 1673 1522 1701; x_wconf 81' lang='lat' dir='ltr'><strong>Paulo</strong></span> <span class='ocrx_word' id='word_1_660' title='bbox 1544 1678 1571 1700; x_wconf 90' lang='lat' dir='ltr'><strong>et</strong></span> <span class='ocrx_word' id='word_1_661' title='bbox 1588 1672 1661 1705; x_wconf 85' lang='lat' dir='ltr'><strong>aliis.</strong></span> 
     </span>
    </p>
   </div>
   <div class='ocr_carea' id='block_1_93' title="bbox 872 1718 1664 1761">
    <p class='ocr_par' dir='ltr' id='par_1_93' title="bbox 872 1718 1664 1761">
     <span class='ocr_line' id='line_1_93' title="bbox 872 1718 1664 1761; baseline -0.01 -8"><span class='ocrx_word' id='word_1_662' title='bbox 872 1726 918 1761; x_wconf 89' lang='lat' dir='ltr'><strong>qui</strong></span> <span class='ocrx_word' id='word_1_663' title='bbox 937 1725 1030 1760; x_wconf 91' lang='lat' dir='ltr'><strong>plures</strong></span> <span class='ocrx_word' id='word_1_664' title='bbox 1045 1723 1165 1751; x_wconf 81' lang='lat' dir='ltr'><strong>fatentur</strong></span> <span class='ocrx_word' id='word_1_665' title='bbox 1179 1729 1239 1749; x_wconf 85' lang='lat' dir='ltr'><strong>esse</strong></span> <span class='ocrx_word' id='word_1_666' title='bbox 1253 1728 1352 1748; x_wconf 85' lang='lat' dir='ltr'><strong>causas</strong></span> <span class='ocrx_word' id='word_1_667' title='bbox 1365 1724 1475 1755; x_wconf 84' lang='lat' dir='ltr'><strong>propter</strong></span> <span class='ocrx_word' id='word_1_668' title='bbox 1486 1727 1556 1754; x_wconf 88' lang='lat' dir='ltr'><strong>quas</strong></span> <span class='ocrx_word' id='word_1_669' title='bbox 1568 1718 1664 1754; x_wconf 89' lang='lat' dir='ltr'><strong>conju-</strong></span> 
     </span>
    </p>
   </div>
   <div class='ocr_carea' id='block_1_94' title="bbox 872 1769 1404 1809">
    <p class='ocr_par' dir='ltr' id='par_1_94' title="bbox 872 1769 1404 1809">
     <span class='ocr_line' id='line_1_94' title="bbox 872 1769 1404 1809; baseline -0.013 -8"><span class='ocrx_word' id='word_1_670' title='bbox 872 1780 918 1809; x_wconf 81' lang='lat' dir='ltr'><strong>gcs</strong></span> <span class='ocrx_word' id='word_1_671' title='bbox 931 1780 947 1800; x_wconf 85' lang='lat' dir='ltr'><strong>a</strong></span> <span class='ocrx_word' id='word_1_672' title='bbox 961 1779 991 1799; x_wconf 86' lang='lat' dir='ltr'><strong>se</strong></span> <span class='ocrx_word' id='word_1_673' title='bbox 1006 1771 1122 1798; x_wconf 88' lang='lat' dir='ltr'><strong>invicem</strong></span> <span class='ocrx_word' id='word_1_674' title='bbox 1141 1769 1262 1803; x_wconf 86' lang='lat' dir='ltr'><strong>separari</strong></span> <span class='ocrx_word' id='word_1_675' title='bbox 1278 1770 1404 1802; x_wconf 73' lang='lat' dir='ltr'><strong>poswut.</strong></span> 
     </span>
    </p>
   </div>
   <div class='ocr_carea' id='block_1_95' title="bbox 907 1820 1661 1858">
    <p class='ocr_par' dir='ltr' id='par_1_95' title="bbox 907 1820 1661 1858">
     <span class='ocr_line' id='line_1_95' title="bbox 907 1820 1661 1858; baseline -0.013 -2"><span class='ocrx_word' id='word_1_676' title='bbox 907 1827 1026 1856; x_wconf 82' lang='lat' dir='ltr'><strong>lnstabis</strong></span> <span class='ocrx_word' id='word_1_677' title='bbox 1046 1831 1148 1856; x_wconf 84' lang='lat' dir='ltr'><strong>tamen.</strong></span> <span class='ocrx_word' id='word_1_678' title='bbox 1165 1825 1188 1853; x_wconf 88' lang='lat' dir='ltr'><strong>si</strong></span> <span class='ocrx_word' id='word_1_679' title='bbox 1203 1823 1327 1858; x_wconf 82' lang='lat' dir='ltr'><strong>exceptio</strong></span> <span class='ocrx_word' id='word_1_680' title='bbox 1344 1822 1377 1849; x_wconf 91' lang='lat' dir='ltr'><strong>ad</strong></span> <span class='ocrx_word' id='word_1_681' title='bbox 1396 1822 1509 1849; x_wconf 86' lang='lat' dir='ltr'><strong>verbum</strong></span> <span class='ocrx_word' id='word_1_682' title='bbox 1529 1820 1661 1848; x_wconf 83' lang='lat' dir='ltr'><strong>dimiserit</strong></span> 
     </span>
    </p>
   </div>
   <div class='ocr_carea' id='block_1_96' title="bbox 872 1866 1663 1906">
    <p class='ocr_par' dir='ltr' id='par_1_96' title="bbox 872 1866 1663 1906">
     <span class='ocr_line' id='line_1_96' title="bbox 872 1866 1663 1906; baseline -0.013 -4"><span class='ocrx_word' id='word_1_683' title='bbox 872 1873 1017 1906; x_wconf 80' lang='lat' dir='ltr'><strong>referatur,</strong></span> <span class='ocrx_word' id='word_1_684' title='bbox 1032 1872 1107 1899; x_wconf 90' lang='lat' dir='ltr'><strong>nulla</strong></span> <span class='ocrx_word' id='word_1_685' title='bbox 1129 1871 1181 1898; x_wconf 90' lang='lat' dir='ltr'><strong>alia</strong></span> <span class='ocrx_word' id='word_1_686' title='bbox 1202 1869 1351 1897; x_wconf 88' lang='lat' dir='ltr'><strong>secundum</strong></span> <span class='ocrx_word' id='word_1_687' title='bbox 1371 1867 1527 1895; x_wconf 81' lang='lat' dir='ltr'><strong>Mattlneum</strong></span> <span class='ocrx_word' id='word_1_688' title='bbox 1548 1866 1600 1894; x_wconf 90' lang='lat' dir='ltr'><strong>erit</strong></span> <span class='ocrx_word' id='word_1_689' title='bbox 1619 1866 1663 1893; x_wconf 90' lang='lat' dir='ltr'><strong>di-</strong></span> 
     </span>
    </p>
   </div>
   <div class='ocr_carea' id='block_1_97' title="bbox 872 1911 1661 1949">
    <p class='ocr_par' dir='ltr' id='par_1_97' title="bbox 872 1911 1661 1949">
     <span class='ocr_line' id='line_1_97' title="bbox 872 1911 1661 1949; baseline -0.013 -1"><span class='ocrx_word' id='word_1_690' title='bbox 872 1919 951 1948; x_wconf 85' lang='lat' dir='ltr'><strong>vortii</strong></span> <span class='ocrx_word' id='word_1_691' title='bbox 972 1925 1065 1949; x_wconf 85' lang='lat' dir='ltr'><strong>causa,</strong></span> <span class='ocrx_word' id='word_1_692' title='bbox 1081 1917 1135 1944; x_wconf 81' lang='lat' dir='ltr'><strong>nisi</strong></span> <span class='ocrx_word' id='word_1_693' title='bbox 1153 1914 1298 1942; x_wconf 84' lang='lat' dir='ltr'><strong>fornicatio</strong></span> <span class='ocrx_word' id='word_1_694' title='bbox 1314 1922 1361 1941; x_wconf 88' lang='lat' dir='ltr'><strong>seu</strong></span> <span class='ocrx_word' id='word_1_695' title='bbox 1377 1913 1552 1940; x_wconf 87' lang='lat' dir='ltr'><strong>adulterium.</strong></span> <span class='ocrx_word' id='word_1_696' title='bbox 1578 1911 1661 1946; x_wconf 83' lang='lat' dir='ltr'><strong>Atqui</strong></span> 
     </span>
    </p>
   </div>
   <div class='ocr_carea' id='block_1_98' title="bbox 871 1958 1662 1998">
    <p class='ocr_par' dir='ltr' id='par_1_98' title="bbox 871 1958 1662 1998">
     <span class='ocr_line' id='line_1_98' title="bbox 871 1958 1662 1998; baseline -0.011 -5"><span class='ocrx_word' id='word_1_697' title='bbox 871 1974 905 1993; x_wconf 84' lang='lat' dir='ltr'><strong>ex</strong></span> <span class='ocrx_word' id='word_1_698' title='bbox 920 1965 1016 1997; x_wconf 81' lang='lat' dir='ltr'><strong>Paulo,</strong></span> <span class='ocrx_word' id='word_1_699' title='bbox 1029 1968 1111 1998; x_wconf 85' lang='lat' dir='ltr'><strong>atque</strong></span> <span class='ocrx_word' id='word_1_700' title='bbox 1123 1963 1205 1990; x_wconf 84' lang='lat' dir='ltr'><strong>etiam</strong></span> <span class='ocrx_word' id='word_1_701' title='bbox 1220 1969 1254 1988; x_wconf 80' lang='lat' dir='ltr'><strong>ex</strong></span> <span class='ocrx_word' id='word_1_702' title='bbox 1268 1966 1362 1987; x_wconf 91' lang='lat' dir='ltr'><strong>nostro</strong></span> <span class='ocrx_word' id='word_1_703' title='bbox 1376 1959 1486 1991; x_wconf 88' lang='lat' dir='ltr'><strong>llerma,</strong></span> <span class='ocrx_word' id='word_1_704' title='bbox 1500 1958 1662 1993; x_wconf 55' lang='lat' dir='ltr'><strong>ceterisque</strong></span> 
     </span>
    </p>
   </div>
   <div class='ocr_carea' id='block_1_99' title="bbox 870 2004 1661 2042">
    <p class='ocr_par' dir='ltr' id='par_1_99' title="bbox 870 2004 1661 2042">
     <span class='ocr_line' id='line_1_99' title="bbox 870 2004 1661 2042; baseline -0.008 -5"><span class='ocrx_word' id='word_1_705' title='bbox 870 2009 1007 2042; x_wconf 86' lang='lat' dir='ltr'><strong>Patribus,</strong></span> <span class='ocrx_word' id='word_1_706' title='bbox 1027 2008 1089 2036; x_wconf 63' lang='lat' dir='ltr'><strong>alia:</strong></span> <span class='ocrx_word' id='word_1_707' title='bbox 1111 2011 1139 2034; x_wconf 91' lang='lat' dir='ltr'><strong>et</strong></span> <span class='ocrx_word' id='word_1_708' title='bbox 1162 2006 1273 2042; x_wconf 90' lang='lat' dir='ltr'><strong>quidem</strong></span> <span class='ocrx_word' id='word_1_709' title='bbox 1294 2005 1387 2040; x_wconf 89' lang='lat' dir='ltr'><strong>plures</strong></span> <span class='ocrx_word' id='word_1_710' title='bbox 1411 2009 1478 2032; x_wconf 88' lang='lat' dir='ltr'><strong>sunt</strong></span> <span class='ocrx_word' id='word_1_711' title='bbox 1499 2012 1599 2036; x_wconf 71' lang='lat' dir='ltr'><strong>causae,</strong></span> <span class='ocrx_word' id='word_1_712' title='bbox 1624 2004 1661 2031; x_wconf 86' lang='lat' dir='ltr'><strong>ob</strong></span> 
     </span>
    </p>
   </div>
   <div class='ocr_carea' id='block_1_100' title="bbox 871 2048 1662 2092">
    <p class='ocr_par' dir='ltr' id='par_1_100' title="bbox 871 2048 1662 2092">
     <span class='ocr_line' id='line_1_100' title="bbox 871 2048 1662 2092; baseline -0.01 -8"><span class='ocrx_word' id='word_1_713' title='bbox 871 2064 940 2092; x_wconf 83' lang='lat' dir='ltr'><strong>quas</strong></span> <span class='ocrx_word' id='word_1_714' title='bbox 953 2055 1085 2091; x_wconf 85' lang='lat' dir='ltr'><strong>conjuges</strong></span> <span class='ocrx_word' id='word_1_715' title='bbox 1099 2061 1114 2080; x_wconf 89' lang='lat' dir='ltr'><strong>a</strong></span> <span class='ocrx_word' id='word_1_716' title='bbox 1134 2061 1164 2081; x_wconf 87' lang='lat' dir='ltr'><strong>se</strong></span> <span class='ocrx_word' id='word_1_717' title='bbox 1176 2053 1292 2080; x_wconf 88' lang='lat' dir='ltr'><strong>invicem</strong></span> <span class='ocrx_word' id='word_1_718' title='bbox 1309 2051 1416 2086; x_wconf 85' lang='lat' dir='ltr'><strong>scjungi</strong></span> <span class='ocrx_word' id='word_1_719' title='bbox 1434 2054 1559 2085; x_wconf 86' lang='lat' dir='ltr'><strong>possunt.</strong></span> <span class='ocrx_word' id='word_1_720' title='bbox 1578 2048 1662 2076; x_wconf 79' lang='lat' dir='ltr'><strong>Exce-</strong></span> 
     </span>
    </p>
   </div>
   <div class='ocr_carea' id='block_1_101' title="bbox 870 2093 1661 2137">
    <p class='ocr_par' dir='ltr' id='par_1_101' title="bbox 870 2093 1661 2137">
     <span class='ocr_line' id='line_1_101' title="bbox 870 2093 1661 2137; baseline -0.011 -8"><span class='ocrx_word' id='word_1_721' title='bbox 870 2102 928 2137; x_wconf 87' lang='lat' dir='ltr'><strong>ptio</strong></span> <span class='ocrx_word' id='word_1_722' title='bbox 942 2101 1025 2136; x_wconf 85' lang='lat' dir='ltr'><strong>igitur</strong></span> <span class='ocrx_word' id='word_1_723' title='bbox 1036 2099 1155 2127; x_wconf 71' lang='lat' dir='ltr'><strong>Matthaei</strong></span> <span class='ocrx_word' id='word_1_724' title='bbox 1170 2107 1224 2126; x_wconf 92' lang='lat' dir='ltr'><strong>non</strong></span> <span class='ocrx_word' id='word_1_725' title='bbox 1238 2098 1272 2125; x_wconf 85' lang='lat' dir='ltr'><strong>ad</strong></span> <span class='ocrx_word' id='word_1_726' title='bbox 1287 2097 1400 2124; x_wconf 87' lang='lat' dir='ltr'><strong>verbum</strong></span> <span class='ocrx_word' id='word_1_727' title='bbox 1411 2095 1555 2126; x_wconf 84' lang='lat' dir='ltr'><strong>dimiserit,</strong></span> <span class='ocrx_word' id='word_1_728' title='bbox 1569 2093 1616 2122; x_wconf 85' lang='lat' dir='ltr'><strong>sed</strong></span> <span class='ocrx_word' id='word_1_729' title='bbox 1626 2093 1661 2121; x_wconf 88' lang='lat' dir='ltr'><strong>ad</strong></span> 
     </span>
    </p>
   </div>
   <div class='ocr_carea' id='block_1_102' title="bbox 871 2139 1660 2179">
    <p class='ocr_par' dir='ltr' id='par_1_102' title="bbox 871 2139 1660 2179">
     <span class='ocr_line' id='line_1_102' title="bbox 871 2139 1660 2179; baseline -0.01 -6"><span class='ocrx_word' id='word_1_730' title='bbox 871 2147 954 2173; x_wconf 86' lang='lat' dir='ltr'><strong>aliam</strong></span> <span class='ocrx_word' id='word_1_731' title='bbox 975 2146 1098 2179; x_wconf 73' lang='lat' dir='ltr'><strong>duxerit,</strong></span> <span class='ocrx_word' id='word_1_732' title='bbox 1119 2144 1200 2172; x_wconf 86' lang='lat' dir='ltr'><strong>debet</strong></span> <span class='ocrx_word' id='word_1_733' title='bbox 1222 2142 1377 2171; x_wconf 86' lang='lat' dir='ltr'><strong>necessario</strong></span> <span class='ocrx_word' id='word_1_734' title='bbox 1400 2141 1506 2168; x_wconf 81' lang='lat' dir='ltr'><strong>referri.</strong></span> <span class='ocrx_word' id='word_1_735' title='bbox 1527 2139 1596 2167; x_wconf 88' lang='lat' dir='ltr'><strong>Tota</strong></span> <span class='ocrx_word' id='word_1_736' title='bbox 1617 2140 1660 2166; x_wconf 70' lang='lat' dir='ltr'><strong>vis</strong></span> 
     </span>
    </p>
   </div>
   <div class='ocr_carea' id='block_1_103' title="bbox 872 2185 1660 2229">
    <p class='ocr_par' dir='ltr' id='par_1_103' title="bbox 872 2185 1660 2229">
     <span class='ocr_line' id='line_1_103' title="bbox 872 2185 1660 2229; baseline -0.009 -8"><span class='ocrx_word' id='word_1_737' title='bbox 872 2194 953 2229; x_wconf 86' lang='lat' dir='ltr'><strong>hujus</strong></span> <span class='ocrx_word' id='word_1_738' title='bbox 967 2193 1121 2229; x_wconf 83' lang='lat' dir='ltr'><strong>argumenti</strong></span> <span class='ocrx_word' id='word_1_739' title='bbox 1134 2192 1161 2219; x_wconf 91' lang='lat' dir='ltr'><strong>in</strong></span> <span class='ocrx_word' id='word_1_740' title='bbox 1173 2199 1206 2219; x_wconf 92' lang='lat' dir='ltr'><strong>eo</strong></span> <span class='ocrx_word' id='word_1_741' title='bbox 1218 2191 1269 2218; x_wconf 85' lang='lat' dir='ltr'><strong>sita</strong></span> <span class='ocrx_word' id='word_1_742' title='bbox 1281 2194 1323 2218; x_wconf 89' lang='lat' dir='ltr'><strong>est</strong></span> <span class='ocrx_word' id='word_1_743' title='bbox 1338 2189 1411 2224; x_wconf 91' lang='lat' dir='ltr'><strong>quod</strong></span> <span class='ocrx_word' id='word_1_744' title='bbox 1424 2187 1566 2214; x_wconf 79' lang='lat' dir='ltr'><strong>Matthzeus</strong></span> <span class='ocrx_word' id='word_1_745' title='bbox 1578 2185 1660 2214; x_wconf 86' lang='lat' dir='ltr'><strong>unius</strong></span> 
     </span>
    </p>
   </div>
   <div class='ocr_carea' id='block_1_104' title="bbox 871 2235 1661 2275">
    <p class='ocr_par' dir='ltr' id='par_1_104' title="bbox 871 2235 1661 2275">
     <span class='ocr_line' id='line_1_104' title="bbox 871 2235 1661 2275; baseline -0.01 -6"><span class='ocrx_word' id='word_1_746' title='bbox 871 2247 976 2269; x_wconf 90' lang='lat' dir='ltr'><strong>tantum</strong></span> <span class='ocrx_word' id='word_1_747' title='bbox 989 2240 1160 2275; x_wconf 80' lang='lat' dir='ltr'><strong>exceptionis</strong></span> <span class='ocrx_word' id='word_1_748' title='bbox 1175 2238 1343 2266; x_wconf 84' lang='lat' dir='ltr'><strong>mentionem</strong></span> <span class='ocrx_word' id='word_1_749' title='bbox 1357 2237 1461 2264; x_wconf 83' lang='lat' dir='ltr'><strong>fecerit.</strong></span> <span class='ocrx_word' id='word_1_750' title='bbox 1479 2235 1532 2263; x_wconf 86' lang='lat' dir='ltr'><strong>Sed</strong></span> <span class='ocrx_word' id='word_1_751' title='bbox 1546 2242 1661 2269; x_wconf 88' lang='lat' dir='ltr'><strong>respon-</strong></span> 
     </span>
    </p>
   </div>
   <div class='ocr_carea' id='block_1_105' title="bbox 869 2281 1659 2316">
    <p class='ocr_par' dir='ltr' id='par_1_105' title="bbox 869 2281 1659 2316">
     <span class='ocr_line' id='line_1_105' title="bbox 869 2281 1659 2316; baseline -0.01 0"><span class='ocrx_word' id='word_1_752' title='bbox 869 2289 967 2316; x_wconf 88' lang='lat' dir='ltr'><strong>demus</strong></span> <span class='ocrx_word' id='word_1_753' title='bbox 992 2287 1068 2314; x_wconf 91' lang='lat' dir='ltr'><strong>illum</strong></span> <span class='ocrx_word' id='word_1_754' title='bbox 1091 2286 1152 2314; x_wconf 87' lang='lat' dir='ltr'><strong>ideo</strong></span> <span class='ocrx_word' id='word_1_755' title='bbox 1177 2285 1259 2312; x_wconf 87' lang='lat' dir='ltr'><strong>unius</strong></span> <span class='ocrx_word' id='word_1_756' title='bbox 1279 2283 1469 2310; x_wconf 89' lang='lat' dir='ltr'><strong>tantummodo</strong></span> <span class='ocrx_word' id='word_1_757' title='bbox 1492 2281 1659 2314; x_wconf 84' lang='lat' dir='ltr'><strong>meminisse,</strong></span> 
     </span>
    </p>
   </div>
   <div class='ocr_carea' id='block_1_106' title="bbox 871 2330 1660 2367">
    <p class='ocr_par' dir='ltr' id='par_1_106' title="bbox 871 2330 1660 2367">
     <span class='ocr_line' id='line_1_106' title="bbox 871 2330 1660 2367; baseline -0.011 -6"><span class='ocrx_word' id='word_1_758' title='bbox 871 2342 925 2361; x_wconf 89' lang='lat' dir='ltr'><strong>non</strong></span> <span class='ocrx_word' id='word_1_759' title='bbox 948 2338 978 2361; x_wconf 91' lang='lat' dir='ltr'><strong>ut</strong></span> <span class='ocrx_word' id='word_1_760' title='bbox 997 2333 1076 2366; x_wconf 89' lang='lat' dir='ltr'><strong>alias,</strong></span> <span class='ocrx_word' id='word_1_761' title='bbox 1098 2339 1167 2367; x_wconf 88' lang='lat' dir='ltr'><strong>quas</strong></span> <span class='ocrx_word' id='word_1_762' title='bbox 1189 2330 1289 2358; x_wconf 88' lang='lat' dir='ltr'><strong>Paulus</strong></span> <span class='ocrx_word' id='word_1_763' title='bbox 1310 2330 1412 2364; x_wconf 85' lang='lat' dir='ltr'><strong>aliique</strong></span> <span class='ocrx_word' id='word_1_764' title='bbox 1431 2331 1660 2359; x_wconf 84' lang='lat' dir='ltr'><strong>commemorant,</strong></span> 
     </span>
    </p>
   </div>
   <div class='ocr_carea' id='block_1_107' title="bbox 870 2374 1659 2412">
    <p class='ocr_par' dir='ltr' id='par_1_107' title="bbox 870 2374 1659 2412">
     <span class='ocr_line' id='line_1_107' title="bbox 870 2374 1659 2412; baseline -0.011 -3"><span class='ocrx_word' id='word_1_765' title='bbox 870 2381 983 2409; x_wconf 91' lang='lat' dir='ltr'><strong>omnino</strong></span> <span class='ocrx_word' id='word_1_766' title='bbox 1006 2379 1176 2410; x_wconf 84' lang='lat' dir='ltr'><strong>excluderet,</strong></span> <span class='ocrx_word' id='word_1_767' title='bbox 1194 2377 1241 2404; x_wconf 84' lang='lat' dir='ltr'><strong>sed</strong></span> <span class='ocrx_word' id='word_1_768' title='bbox 1261 2377 1324 2412; x_wconf 92' lang='lat' dir='ltr'><strong>quia</strong></span> <span class='ocrx_word' id='word_1_769' title='bbox 1343 2376 1387 2403; x_wconf 90' lang='lat' dir='ltr'><strong>illa</strong></span> <span class='ocrx_word' id='word_1_770' title='bbox 1403 2375 1522 2402; x_wconf 83' lang='lat' dir='ltr'><strong>maxima</strong></span> <span class='ocrx_word' id='word_1_771' title='bbox 1536 2374 1659 2401; x_wconf 89' lang='lat' dir='ltr'><strong>omnium</strong></span> 
     </span>
    </p>
   </div>
   <div class='ocr_carea' id='block_1_108' title="bbox 870 2422 1659 2461">
    <p class='ocr_par' dir='ltr' id='par_1_108' title="bbox 870 2422 1659 2461">
     <span class='ocr_line' id='line_1_108' title="bbox 870 2422 1659 2461; baseline -0.011 -4"><span class='ocrx_word' id='word_1_772' title='bbox 870 2433 929 2457; x_wconf 90' lang='lat' dir='ltr'><strong>erat</strong></span> <span class='ocrx_word' id='word_1_773' title='bbox 951 2431 978 2455; x_wconf 90' lang='lat' dir='ltr'><strong>et</strong></span> <span class='ocrx_word' id='word_1_774' title='bbox 999 2426 1175 2461; x_wconf 83' lang='lat' dir='ltr'><strong>gravissima.</strong></span> <span class='ocrx_word' id='word_1_775' title='bbox 1192 2424 1267 2452; x_wconf 81' lang='lat' dir='ltr'><strong>Alias</strong></span> <span class='ocrx_word' id='word_1_776' title='bbox 1289 2425 1379 2458; x_wconf 89' lang='lat' dir='ltr'><strong>itaque</strong></span> <span class='ocrx_word' id='word_1_777' title='bbox 1400 2422 1575 2457; x_wconf 75' lang='lat' dir='ltr'><strong>exceptiones</strong></span> <span class='ocrx_word' id='word_1_778' title='bbox 1595 2429 1659 2456; x_wconf 85' lang='lat' dir='ltr'><strong>pru-</strong></span> 
     </span>
    </p>
   </div>
   <div class='ocr_carea' id='block_1_109' title="bbox 869 2467 1658 2507">
    <p class='ocr_par' dir='ltr' id='par_1_109' title="bbox 869 2467 1658 2507">
     <span class='ocr_line' id='line_1_109' title="bbox 869 2467 1658 2507; baseline -0.009 -6"><span class='ocrx_word' id='word_1_779' title='bbox 869 2473 944 2501; x_wconf 88' lang='lat' dir='ltr'><strong>denti</strong></span> <span class='ocrx_word' id='word_1_780' title='bbox 960 2472 1070 2500; x_wconf 88' lang='lat' dir='ltr'><strong>silentio</strong></span> <span class='ocrx_word' id='word_1_781' title='bbox 1085 2471 1269 2507; x_wconf 57' lang='lat' dir='ltr'><strong>praetermisit,</strong></span> <span class='ocrx_word' id='word_1_782' title='bbox 1283 2470 1348 2505; x_wconf 88' lang='lat' dir='ltr'><strong>quia</strong></span> <span class='ocrx_word' id='word_1_783' title='bbox 1364 2469 1481 2496; x_wconf 89' lang='lat' dir='ltr'><strong>leviores</strong></span> <span class='ocrx_word' id='word_1_784' title='bbox 1492 2471 1581 2501; x_wconf 86' lang='lat' dir='ltr'><strong>erant,</strong></span> <span class='ocrx_word' id='word_1_785' title='bbox 1593 2467 1658 2502; x_wconf 85' lang='lat' dir='ltr'><strong>quia</strong></span> 
     </span>
    </p>
   </div>
   <div class='ocr_carea' id='block_1_110' title="bbox 869 2515 1657 2554">
    <p class='ocr_par' dir='ltr' id='par_1_110' title="bbox 869 2515 1657 2554">
     <span class='ocr_line' id='line_1_110' title="bbox 869 2515 1657 2554; baseline -0.006 -7"><span class='ocrx_word' id='word_1_786' title='bbox 869 2519 1002 2548; x_wconf 84' lang='lat' dir='ltr'><strong>brevioris</strong></span> <span class='ocrx_word' id='word_1_787' title='bbox 1024 2520 1155 2554; x_wconf 87' lang='lat' dir='ltr'><strong>temporis</strong></span> <span class='ocrx_word' id='word_1_788' title='bbox 1178 2517 1379 2552; x_wconf 88' lang='lat' dir='ltr'><strong>separatiouem</strong></span> <span class='ocrx_word' id='word_1_789' title='bbox 1411 2515 1570 2550; x_wconf 87' lang='lat' dir='ltr'><strong>poscebant,</strong></span> <span class='ocrx_word' id='word_1_790' title='bbox 1592 2515 1657 2552; x_wconf 81' lang='lat' dir='ltr'><strong>quia</strong></span> 
     </span>
    </p>
   </div>
   <div class='ocr_carea' id='block_1_111' title="bbox 867 2561 1658 2601">
    <p class='ocr_par' dir='ltr' id='par_1_111' title="bbox 867 2561 1658 2601">
     <span class='ocr_line' id='line_1_111' title="bbox 867 2561 1658 2601; baseline -0.008 -7"><span class='ocrx_word' id='word_1_791' title='bbox 867 2566 985 2601; x_wconf 85' lang='lat' dir='ltr'><strong>denique</strong></span> <span class='ocrx_word' id='word_1_792' title='bbox 1000 2573 1078 2593; x_wconf 90' lang='lat' dir='ltr'><strong>mens</strong></span> <span class='ocrx_word' id='word_1_793' title='bbox 1093 2565 1131 2592; x_wconf 90' lang='lat' dir='ltr'><strong>illi</strong></span> <span class='ocrx_word' id='word_1_794' title='bbox 1146 2569 1205 2591; x_wconf 86' lang='lat' dir='ltr'><strong>erat</strong></span> <span class='ocrx_word' id='word_1_795' title='bbox 1216 2563 1299 2591; x_wconf 88' lang='lat' dir='ltr'><strong>unius</strong></span> <span class='ocrx_word' id='word_1_796' title='bbox 1311 2562 1508 2598; x_wconf 59' lang='lat' dir='ltr'><strong>praecipuaeque</strong></span> <span class='ocrx_word' id='word_1_797' title='bbox 1518 2561 1658 2596; x_wconf 54' lang='lat' dir='ltr'><strong>exceptio-</strong></span> 
     </span>
    </p>
   </div>
   <div class='ocr_carea' id='block_1_112' title="bbox 868 2608 1657 2644">
    <p class='ocr_par' dir='ltr' id='par_1_112' title="bbox 868 2608 1657 2644">
     <span class='ocr_line' id='line_1_112' title="bbox 868 2608 1657 2644; baseline -0.008 -4"><span class='ocrx_word' id='word_1_798' title='bbox 868 2613 911 2640; x_wconf 87' lang='lat' dir='ltr'><strong>nis</strong></span> <span class='ocrx_word' id='word_1_799' title='bbox 934 2611 1197 2640; x_wconf 86' lang='lat' dir='ltr'><strong>commemoratione</strong></span> <span class='ocrx_word' id='word_1_800' title='bbox 1221 2609 1419 2641; x_wconf 87' lang='lat' dir='ltr'><strong>arctissimum,</strong></span> <span class='ocrx_word' id='word_1_801' title='bbox 1442 2614 1524 2644; x_wconf 88' lang='lat' dir='ltr'><strong>atque</strong></span> <span class='ocrx_word' id='word_1_802' title='bbox 1544 2616 1559 2635; x_wconf 91' lang='lat' dir='ltr'><strong>a</strong></span> <span class='ocrx_word' id='word_1_803' title='bbox 1580 2608 1657 2635; x_wconf 74' lang='lat' dir='ltr'><strong>nullo</strong></span> 
     </span>
    </p>
   </div>
   <div class='ocr_carea' id='block_1_113' title="bbox 869 2654 1657 2695">
    <p class='ocr_par' dir='ltr' id='par_1_113' title="bbox 869 2654 1657 2695">
     <span class='ocr_line' id='line_1_113' title="bbox 869 2654 1657 2695; baseline -0.008 -8"><span class='ocrx_word' id='word_1_804' title='bbox 869 2667 990 2695; x_wconf 90' lang='lat' dir='ltr'><strong>unquam</strong></span> <span class='ocrx_word' id='word_1_805' title='bbox 1005 2658 1116 2686; x_wconf 90' lang='lat' dir='ltr'><strong>homine</strong></span> <span class='ocrx_word' id='word_1_806' title='bbox 1131 2656 1293 2684; x_wconf 86' lang='lat' dir='ltr'><strong>solvendum</strong></span> <span class='ocrx_word' id='word_1_807' title='bbox 1315 2654 1483 2682; x_wconf 85' lang='lat' dir='ltr'><strong>matrimonii</strong></span> <span class='ocrx_word' id='word_1_808' title='bbox 1505 2654 1657 2687; x_wconf 84' lang='lat' dir='ltr'><strong>vinculum,</strong></span> 
     </span>
    </p>
   </div>
   <div class='ocr_carea' id='block_1_114' title="bbox 868 2701 1475 2740">
    <p class='ocr_par' dir='ltr' id='par_1_114' title="bbox 868 2701 1475 2740">
     <span class='ocr_line' id='line_1_114' title="bbox 868 2701 1475 2740; baseline -0.01 -7"><span class='ocrx_word' id='word_1_809' title='bbox 868 2705 997 2733; x_wconf 87' lang='lat' dir='ltr'><strong>omnibus</strong></span> <span class='ocrx_word' id='word_1_810' title='bbox 1013 2704 1099 2740; x_wconf 77' lang='lat' dir='ltr'><strong>magis</strong></span> <span class='ocrx_word' id='word_1_811' title='bbox 1116 2703 1256 2738; x_wconf 78' lang='lat' dir='ltr'><strong>magisque</strong></span> <span class='ocrx_word' id='word_1_812' title='bbox 1269 2701 1475 2729; x_wconf 72' lang='lat' dir='ltr'><strong>commendare.</strong></span> 
     </span>
    </p>
   </div>
   <div class='ocr_carea' id='block_1_115' title="bbox 894 2811 1655 2849">
    <p class='ocr_par' dir='ltr' id='par_1_115' title="bbox 894 2811 1655 2849">
     <span class='ocr_line' id='line_1_115' title="bbox 894 2811 1655 2849; baseline -0.004 -5"><span class='ocrx_word' id='word_1_813' title='bbox 894 2817 915 2831; x_wconf 82' lang='grc'><strong>”¹¹</strong></span> <span class='ocrx_word' id='word_1_814' title='bbox 925 2815 1018 2844; x_wconf 76' lang='lat' dir='ltr'><strong>Matth.</strong></span> <span class='ocrx_word' id='word_1_815' title='bbox 1035 2823 1061 2849; x_wconf 86' lang='lat' dir='ltr'><strong>v,</strong></span> <span class='ocrx_word' id='word_1_816' title='bbox 1078 2814 1123 2847; x_wconf 74' lang='grc'><strong>52,</strong></span> <span class='ocrx_word' id='word_1_817' title='bbox 1141 2818 1168 2842; x_wconf 83' lang='lat' dir='ltr'><strong>et</strong></span> <span class='ocrx_word' id='word_1_818' title='bbox 1187 2821 1243 2848; x_wconf 80' lang='lat' dir='ltr'><strong>nx,</strong></span> <span class='ocrx_word' id='word_1_819' title='bbox 1260 2814 1287 2841; x_wconf 88' lang='lat'><strong>9.</strong></span> <span class='ocrx_word' id='word_1_820' title='bbox 1309 2813 1342 2830; x_wconf 82' lang='grc'><strong>¹⁰⁰</strong></span> <span class='ocrx_word' id='word_1_821' title='bbox 1354 2811 1437 2842; x_wconf 78' lang='lat' dir='ltr'><strong>Maro.</strong></span> <span class='ocrx_word' id='word_1_822' title='bbox 1451 2821 1480 2848; x_wconf 78' lang='grc' dir='ltr'><strong>ι,</strong></span> <span class='ocrx_word' id='word_1_823' title='bbox 1493 2812 1536 2841; x_wconf 84' lang='lat' dir='ltr'><strong>ll.</strong></span> <span class='ocrx_word' id='word_1_824' title='bbox 1571 2811 1655 2842; x_wconf 77' lang='lat' dir='ltr'><strong>&#39;Lnn.</strong></span> 
     </span>
    </p>
   </div>
  </div>
