1920 3104
231 128 284 155 859

471 195 671 224 ARTICULUS
689 195 773 223 XXV.

313 253 352 280 De
365 253 433 280 libro
448 254 597 289 apocrypha
611 254 643 281 de
658 253 774 281 Heldam
789 258 813 281 et
833 253 935 281 Modal.

268 319 418 355 Antequam
432 329 543 348 manum
555 321 589 348 de
601 321 694 348 tabula
707 320 838 354 levemus,
850 321 945 357 paucis
960 329 1020 349 mo-

233 365 359 393 nebirnus
383 365 489 392 laudari
509 366 543 393 ab
566 365 666 393 Herma
687 366 787 393 librum
807 366 841 393 de
866 366 980 393 Heldam
993 370 1022 394 et

234 411 394 446 Modal,qui
409 411 464 438 duo
479 412 529 439 viri
547 415 626 439 erant
641 419 759 447 quorum
774 412 877 440 mentio
890 413 917 439 in
933 412 1022 440 sacris

934 129 963 157 S.
985 128 1116 157 HERME

1033 195 1056 224 Α
1069 187 1253 216 Numerorum
1278 189 1355 217 libris
1371 189 1496 217 habetur.
1514 189 1568 218 Sed
1586 189 1660 217 hunc
1678 187 1812 216 eumdem
1826 187 1860 214 Ii-

1805 127 1859 154 860

1068 236 1147 264 brum
1170 236 1203 263 sd
1229 237 1383 272 apocrypha
1402 237 1550 265 amandant
1577 235 1707 271 Synoptis
1732 235 1862 263 Athan»

1068 283 1145 310 siana
1166 287 1193 310 et
1219 284 1433 321 Stychometrt'a,
1463 281 1692 318 Chronographic
1708 280 1860 316 Nicephori

1069 329 1254 364 superaddita.
1270 328 1355 356 Porro
1370 329 1428 355 haec
1447 329 1623 361 aduotamus,
1643 333 1673 356 ut
1688 328 1775 363 hujus
1797 327 1864 354 libri

1071 375 1230 410 antiquitas,
1244 382 1307 409 quae
1322 374 1442 402 auctoris
1460 375 1546 402 nostri
1560 378 1671 402 aetatem
1687 378 1815 410 superat,
1829 373 1865 400 ab

1071 421 1200 450 omnibus
1212 420 1384 448 observetur.

548 575 603 631 J.
653 573 714 628 B.
759 567 1142 630 COTELERII
1191 573 1532 631 JU'DICIUM

672 681 746 725 DE
785 681 832 725 S.
867 680 1097 725 ΗΕΒΜΛΕ
1133 679 1423 727 PASTOBE.

623 773 729 808 (Patres
743 772 893 808 apostolici,
907 771 972 799 edit.
992 770 1205 803 Amslaalodami,
1219 772 1299 807 1724,
1312 777 1332 801 t.
1344 773 1365 807 i,
1379 781 1406 809 p.
1421 773 1479 809 75.)

275 850 352 885 Quod
372 852 398 879 in
419 853 560 880 hominum
583 854 694 890 iudiciis
717 854 786 882 solet
800 854 967 889 contingere,
989 856 1019 880 ut
1035 853 1057 881 Β
1070 851 1198 881 hmretico
1217 855 1255 881 De
1269 855 1399 889 pudicitia
1417 855 1564 890 suggillat,
1582 854 1727 890 appellans
1752 861 1871 889 apocry-

236 898 280 924 alii
302 899 361 933 plus
377 907 458 933 quam
475 908 523 934 par
537 904 589 933 est,
612 901 656 928 alii
678 901 768 929 minus
784 901 922 934 tribuant,
947 901 1021 928 tertii

237 943 347 970 modum
370 949 478 971 servent
497 953 529 972 ac
548 946 724 981 aaquitatem;
754 947 781 974 id
804 947 826 974 si
849 955 931 982 super
952 947 1022 975 libro

238 988 343 1016 Hermae
366 989 466 1017 factum
491 991 576 1019 fuisse
595 993 820 1027 pronuntiavero,
835 1001 889 1020 non
908 994 1023 1021 verebor

237 1043 271 1063 ne
289 1043 304 1063 a
319 1036 441 1064 veritatis
465 1038 573 1065 tramite
593 1047 707 1066 censear
724 1039 877 1068 aberrasse.
901 1039 1021 1071 Scilicet,

236 1088 413 1110 excesserunt
439 1084 505 1111 recti
528 1084 614 1119 ﬁnes,
635 1091 770 1121 quotquot
791 1086 931 1113 Pastorem
950 1086 1022 1114 inse—

237 1135 352 1158 ruerunt
378 1132 500 1167 catalogo
523 1132 679 1160 divinarum
703 1133 907 1168 Scripturarum
928 1143 934 1161 :
958 1141 1022 1161 cum

237 1178 318 1206 hodie
331 1179 366 1206 ab
380 1179 505 1207 universa
521 1179 640 1207 Ecclesia
657 1185 734 1208 extra
749 1181 887 1209 Canonem
904 1181 1020 1216 legatur.

236 1223 301 1252 Fuit
317 1230 407 1253 autem
424 1234 455 1253 ea
471 1227 607 1254 sententia
631 1227 813 1262 quarumdam
837 1227 1022 1255 Ecclesiarum

237 1279 270 1298 ex
288 1271 475 1305 iliistGraeciie,
490 1273 562 1308 apud
580 1281 660 1307 quas.
675 1277 754 1305 teste,
768 1277 829 1308 post
845 1272 952 1300 Eusebii
971 1272 1024 1299 Hi-

237 1319 360 1348 storiam,
373 1319 421 1345 lib.
437 1327 478 1352 ιιι,
501 1327 562 1354 cap.
576 1319 603 1351 5,
621 1319 788 1355 Hieronymo
812 1318 839 1346 in
854 1322 969 1346 tractatu
984 1317 1038 1345 De‘

237 1364 301 1391 viris
339 1365 505 1398 illustribus,
533 1365 641 1399 publice
678 1366 855 1392 recitabatur.
887 1364 1024 1392 Credibile

238 1417 356 1444 namque
378 1410 407 1437 lit
432 1415 536 1445 partem
561 1418 630 1445 opus
654 1411 784 1438 habuisse
806 1418 856 1445 pro
879 1411 1022 1444 canonico,

237 1460 342 1489 partem
364 1463 413 1490 pro
431 1456 619 1483 ecclesiastico
632 1465 638 1483 :
653 1464 708 1491 quo
724 1456 757 1484 de
782 1457 878 1484 tritimo
900 1457 1024 1484 dubitare

239 1509 290 1529 nos
319 1508 374 1528 non
397 1501 491 1529 sinunt
513 1501 669 1529 testimonia
689 1502 833 1529 Athanasii
855 1502 882 1529 in
902 1501 1023 1537 Epistula

238 1546 382 1579 Paschali,
402 1552 429 1575 et
452 1546 542 1574 Ruﬁni
562 1548 597 1574 ad
616 1547 789 1584 Symbolum;
812 1549 882 1577 sicut
906 1549 1023 1584 primum

238 1594 418 1622 conﬁrmatur
436 1599 493 1622 tum
507 1603 555 1630 per
567 1601 693 1623 auctores
708 1595 755 1631 qui
772 1595 878 1623 Hermae
893 1596 1025 1631 scriptum

240 1640 311 1666 inter
335 1640 416 1667 dubia
441 1641 597 1674 volumina,
625 1646 652 1669 et
677 1641 711 1669 ab
736 1642 874 1677 aliquibus
896 1643 1025 1676 admissa,

239 1684 340 1719 reiecta
358 1686 392 1713 ab
414 1687 476 1714 aliis
498 1693 657 1720 recensent;
685 1693 742 1716 tum
768 1695 817 1724 per
838 1689 966 1724 antiquos
981 1688 1027 1716 ili-

239 1731 356 1759 bliorum
375 1733 485 1762 codices
502 1741 584 1760 manu
601 1739 738 1767 exaratos,
760 1743 879 1769 quorum
900 1736 1026 1764 nonnulli

242 1777 379 1806 Pastorem
390 1787 499 1814 quoque
514 1780 742 1814 complectuntur,
753 1784 783 1807 ut
796 1781 840 1808 ille
853 1781 1027 1809 bibliothecae

240 1823 335 1851 Sancti
352 1824 500 1858 Germani;
528 1829 584 1853 tum
606 1833 654 1860 per
676 1834 759 1853 manu
783 1826 900 1861 scriptas
920 1830 1027 1854 veteres

241 1870 466 1904 Stichometrias,
487 1879 548 1906 qua:
569 1871 696 1899 similiter
714 1871 842 1899 Hermam
870 1872 1025 1906 continent;

239 1915 329 1949 qualis
351 1920 439 1943 exstat
458 1915 485 1942 in
498 1916 592 1943 eadem
611 1916 827 1951 locupletissima
851 1917 1026 1950 bibliotheca,

239 1964 268 1987 et
291 1960 317 1987 in
338 1961 469 1989 thesauro
490 1962 603 1989 librario
619 1961 701 1997 Regis
716 1962 957 1996 Christianissimi,
981 1971 1028 1990 su-

239 2007 333 2041 perius
348 2007 419 2034 edita
443 2009 470 2035 in
493 2009 596 2044 proleg.
615 2009 649 2036 ad
671 2008 700 2036 S.
716 2008 885 2042 Barnabam;
900 2013 958 2036 tum
980 2009 1027 2036 de-

241 2052 324 2087 nique
339 2061 386 2087 per
398 2053 528 2081 Ecclesia:
552 2055 701 2090 magistros
723 2055 757 2082 ad
773 2056 895 2083 eamdem
920 2056 1028 2091 opinio-

241 2107 302 2126 ncm
319 2101 488 2128 accedentes.
504 2100 571 2128 Nam
585 2101 704 2130 [renatus
725 2107 753 2130 ut
767 2102 937 2137 Scripturam
952 2103 1040 2130 vide-'

242 2150 287 2172 tur
307 2145 401 2173 citare.
441 2146 566 2175 Clemens
589 2148 791 2176 Alexandrinus
819 2149 938 2176 divinam
965 2156 1027 2176 esse

245 2192 437 2219 revelationem
452 2193 549 2220 innuit.
569 2193 762 2227 Tcrtullianus,
779 2195 827 2222 lib.
840 2192 879 2222 De
894 2195 1024 2227 oratione,
1041 2206 1064 2234 ι)

241 2246 301 2273 cap.
315 2238 366 2270 £2,
389 2240 590 2266 venerationem
608 2240 680 2268 illius
703 2248 758 2267 non
778 2238 932 2276 improbat,
956 2241 1027 2268 absit

241 2285 324 2312 modo
338 2284 507 2320 superstitio.
531 2285 664 2314 Catholici
679 2287 749 2321 apud
765 2287 894 2314 eumdem
915 2286 1026 2314 Tertul-

240 2331 356 2361 lianum.
386 2331 455 2358 libro
469 2332 507 2358 De
518 2331 659 2366 pudicitia,
674 2332 845 2360 Montanistis
874 2337 1025 2368 opponunt,

241 2378 274 2405 ad
296 2378 486 2405 auctoritatem
506 2378 567 2405 ﬁdei
590 2378 802 2405 conﬁrmandam
820 2387 826 2405 :
849 2378 1026 2413 quemadmo-

241 2424 316 2457 dum,
329 2424 400 2459 apud
412 2424 602 2452 Athanasium.
617 2424 711 2451 Ariani
724 2423 881 2451 Catholicis.
896 2424 1026 2459 Origenes

242 2468 411 2504 Scripturam
432 2469 563 2496 divinitus
583 2469 744 2503 inspiratam
761 2473 848 2504 putat,
869 2469 931 2496 licet
947 2469 1027 2496 aliter

241 2515 423 2543 sentientibus
439 2514 508 2542 nolit
518 2514 575 2542 ﬁeri
592 2515 792 2550 pracjudicinm.
813 2515 962 2542 Cassianus
979 2515 1027 2542 de-

242 2560 324 2595 nique
337 2561 492 2589 testitnonia
507 2560 569 2588 inde
578 2561 720 2596 desumpta
734 2569 797 2588 cum
809 2561 928 2588 textibus
940 2561 1026 2589 sacris

243 2606 347 2633 tniscet.

277 2650 312 2677 At
329 2657 362 2677 ex
380 2655 457 2686 parte
473 2651 587 2678 adversa
610 2650 726 2678 multum
748 2650 782 2678 de
795 2651 899 2679 honore
919 2650 1026 2678 Hermae

242 2695 351 2723 Pastori
366 2696 459 2724 debito
472 2696 625 2724 detrahitur
639 2705 654 2724 a
666 2696 834 2724 Tertulliano
848 2704 882 2724 ex
894 2697 1024 2732 antiquis.

243 2741 289 2769 Ille
312 2742 413 2770 mirum
436 2747 568 2778 quantum
593 2747 715 2771 mutatus
736 2751 785 2778 per
797 2742 1023 2771 Montanistarum

245 2788 395 2822 praestigias
420 2796 435 2815 ι
453 2788 621 2816 Tertulliano
647 2788 703 2818 illo,
731 2788 793 2815 libri
826 2789 971 2816 orthodoxi
989 2789 1026 2817 De

243 2833 363 2860 oratione
378 2834 573 2868 conscriptam,
588 2833 709 2861 Pastoris
724 2834 885 2869 scripturam
903 2834 929 2862 in
945 2842 1026 2870 opere

1072 898 1166 933 pham,
1187 898 1296 934 falsam,
1320 901 1487 935 adulteram;
1518 901 1693 933 amatricem,
1720 905 1867 935 patronam

1075 950 1103 973 et
1121 946 1225 973 sociam
1241 947 1432 977 moechorum:
1449 955 1642 983 asserensque,
1656 946 1692 975 ab
1707 947 1787 974 omni
1805 954 1872 974 con.

1073 991 1136 1018 cilio
1149 991 1343 1026 Ecclesiarum,
1364 994 1446 1021 etiam
1472 999 1629 1022 nostrarum
1644 993 1866 1024 Catholicamm,

1072 1045 1087 1065 e
1113 1037 1207 1064 divino
1233 1037 1418 1066 instrumento
1447 1040 1555 1074 expelli.
1588 1038 1642 1067 Ubi
1667 1038 1807 1074 jocularis
1829 1043 1870 1065 est

1073 1091 1152 1111 error
1166 1084 1309 1118 cujusdam
1326 1085 1358 1112 ad
1371 1084 1510 1118 Nonnum,
1527 1085 1605 1121 quasi
1621 1086 1708 1121 egerit
1720 1084 1869 1113 Tertullia-

1073 1136 1125 1156 nus
1143 1129 1177 1156 de
1195 1130 1308 1157 muliere
1320 1131 1442 1158 adultera
1461 1139 1508 1165 per
1519 1130 1650 1157 Joannem
1669 1130 1869 1166 evangelistam

1072 1174 1150 1202 initio
1163 1176 1260 1210 capitis
1275 1184 1323 1204 vnt
1342 1181 1502 1204 memorata.
1515 1176 1556 1203 Ab
1571 1176 1624 1204 illis
1639 1184 1752 1212 quoque
1777 1176 1869 1203 minus

1072 1229 1154 1257 quam
1169 1222 1236 1250 satis
1250 1223 1302 1256 sit,
1322 1223 1472 1250 honoriﬁce
1487 1223 1614 1256 sentitur,
1635 1222 1682 1257 qui
1708 1222 1736 1250 in
1750 1221 1869 1256 Origene

1073 1268 1194 1295 Pastoris
1222 1268 1321 1296 librum
1342 1269 1508 1304 contemptui
1538 1269 1647 1296 habent.
1680 1266 1787 1295 Omitto
1801 1266 1869 1293 Pro-

1073 1323 1203 1351 sperum,
1220 1315 1284 1351 quia
1308 1316 1407 1343 mirum
1433 1323 1486 1342 non
1506 1319 1548 1343 est
1574 1315 1645 1351 quod
1666 1315 1751 1342 homo
1773 1314 1869 1340 virens

1074 1362 1145 1390 inter
1164 1361 1276 1389 Latinos
1304 1369 1385 1395 suos,
1413 1361 1514 1397 quibus
1536 1368 1605 1397 pene
1632 1361 1757 1397 ignotum
1783 1359 1869 1387 fuisse

1073 1407 1213 1436 Pastorem
1229 1408 1311 1436 refert
1333 1407 1533 1444 Hieronymus,
1550 1407 1652 1435 nullam
1673 1407 1869 1434 auctoritatem

1077 1455 1152 1490 operi
1168 1455 1294 1490 ignorato
1306 1454 1441 1482 tribuerit.
1460 1453 1609 1482 Eusebium
1625 1453 1707 1481 etiam
1722 1457 1869 1488 praetereo,

1075 1501 1281 1537 Hieronymum,
1299 1501 1448 1534 Gelasium,
1464 1500 1647 1535 Nicephorum
1661 1500 1730 1532 CP.,
1741 1500 1791 1535 qui
1808 1507 1869 1527 cum

1077 1547 1170 1575 notbis
1183 1553 1210 1574 et
1229 1547 1392 1582 apocryphis
1405 1551 1562 1574 numerant.
1575 1545 1635 1574 Jam
1649 1546 1682 1574 de
1697 1545 1733 1574 iis
1746 1546 1865 1581 appella-

1076 1593 1198 1621 tionibus
1214 1593 1280 1629 quid
1299 1593 1463 1629 signiﬁcent,
1483 1592 1644 1621 sententiam
1662 1599 1752 1619 meam
1767 1591 1870 1627 protuli

1077 1639 1105 1667 in
1126 1639 1198 1667 notis
1214 1640 1247 1667 ad
1264 1639 1427 1666 Barnabam.
1468 1638 1537 1666 Addi
1561 1642 1652 1665 tamen
1685 1637 1754 1665 inibi
1788 1637 1870 1665 dictis

1077 1693 1151 1713 nunc
1167 1685 1260 1719 velim,
1276 1685 1310 1712 de
1328 1685 1375 1712 illa
1391 1684 1526 1712 divisione
1546 1683 1693 1718 Scriptum
1709 1683 1737 1710 in
1753 1683 1870 1711 canoni-

1076 1738 1154 1762 cam,
1176 1731 1286 1757 dubiam
1306 1734 1333 1757 et
1354 1730 1558 1766 apocrypham;
1588 1737 1657 1764 opus
1680 1729 1795 1764 aliquod
1820 1737 1871 1756 nec

1077 1777 1138 1804 falsi
1156 1776 1286 1810 nominis,
1302 1783 1352 1804 nec
1366 1776 1499 1803 doctrinae
1513 1775 1620 1807 noxiae,
1636 1775 1768 1810 appellari
1787 1783 1870 1810 posse

1077 1822 1275 1858 apocryphum,
1300 1821 1375 1857 quod
1405 1826 1482 1848 extra
1513 1820 1654 1848 Canonem
1679 1820 1714 1848 ab
1738 1821 1870 1848 omnibus

1077 1867 1207 1895 Ecclesiis
1231 1867 1390 1895 collocetur.
1415 1866 1505 1901 Atque
1527 1873 1559 1893 ea
1575 1866 1788 1901 signiﬁcatione,
1811 1867 1870 1902 opi-

1077 1922 1138 1947 nor,
1156 1913 1264 1942 Hermae
1276 1913 1377 1940 Pastor
1388 1912 1542 1948 Nicephoro
1555 1912 1609 1940 (ΞΡ.
1625 1913 1802 1949 apocryphus
1816 1920 1868 1942 est.

1081 1958 1166 1986 Venio
1181 1959 1214 1987 ad
1236 1959 1422 1992 recentiores;
1449 1958 1585 1990 homines,
1600 1962 1631 1986 ut
1649 1959 1778 1993 equidem
1801 1961 1870 1987 mihi

1077 2003 1197 2037 videtur,
1222 2003 1300 2031 dura
1330 2002 1439 2030 frontis.
1467 2002 1536 2035 Quis
1559 2002 1648 2034 enim,
1672 2009 1787 2037 quasso,
1814 2010 1870 2030 non

1077 2050 1263 2085 Obstupescat,
1288 2057 1350 2076 cum
1370 2049 1465 2084 legerit
1487 2048 1681 2076 nonnullorum
1705 2048 1813 2084 judicia
1836 2049 1870 2076 de

1077 2097 1216 2123 volumine
1231 2103 1246 2123 a
1265 2100 1304 2123 tot
1320 2095 1457 2130 tantisque
1471 2095 1537 2122 viris
1556 2099 1697 2130 tantopere
1712 2095 1870 2123 celebrato?

1080 2141 1114 2169 Hi
1134 2142 1234 2169 librum
1247 2142 1381 2176 optimum
1395 2140 1629 2175 utilissimumque
1644 2140 1808 2175 praedicant.
1829 2140 1869 2167 liii

1079 2196 1144 2216 vero
1166 2187 1301 2216 infamant
1325 2193 1407 2223 atque
1428 2187 1583 2222 exagitant,
1609 2191 1640 2214 ut
1650 2186 1868 2215 Novatianornm

1078 2239 1104 2262 et
1118 2233 1326 2269 Pelagianorum
1346 2233 1466 2266 fontem,
1489 2232 1748 2260 Montanisticarum
1773 2241 1869 2268 super-

1077 2281 1218 2308 stitionum
1239 2281 1390 2316 gurgitem,
1410 2279 1576 2314 insupcrque
1594 2278 1731 2307 fautorem
1751 2279 1869 2307 Ariano‘

1078 2336 1154 2361 rum,
1174 2331 1204 2354 ut
1229 2327 1401 2359 fabulosum;
1426 2330 1456 2354 ut
1482 2327 1562 2361 (proh
1589 2333 1688 2361 magna
1713 2326 1867 2360 crimina!)

1077 2373 1156 2401 liberi
1171 2373 1288 2405 arbitrii,
1310 2373 1467 2400 solitudinis
1483 2372 1644 2400 monasticae
1654 2392 1662 2404 ,
1679 2379 1790 2399 necnon
1803 2379 1868 2407 pur-

1077 2419 1173 2453 gaterii
1193 2423 1392 2451 astruetorem;
1413 2423 1442 2446 ut
1458 2418 1576 2445 ruditate
1603 2416 1810 2444 Christianismi
1835 2424 1868 2444 ac

1078 2464 1202 2499 reliquiis
1219 2464 1380 2500 gentilitatis
1401 2463 1584 2498 conspicuum
1598 2472 1606 2497 ;
1627 2468 1658 2490 ut
1672 2462 1867 2498 pseudepigra-

1077 2513 1174 2548 phum,
1196 2511 1419 2546 supposititium;
1446 2515 1475 2538 ut
1496 2511 1580 2538 alium
1595 2510 1630 2537 ab
1644 2517 1677 2537 eo
1692 2517 1777 2545 quem
1802 2509 1867 2536 olim

1077 2559 1205 2586 manibus
1227 2558 1351 2586 terebant.
1374 2557 1425 2585 SS.
1437 2556 1549 2589 Patres;
1573 2556 1692 2590 denique
1715 2559 1748 2582 ut
1769 2554 1868 2582 barba—

1076 2613 1156 2639 rum,
1182 2609 1264 2640 atque
1286 2612 1334 2639 per
1354 2603 1498 2630 hrereticos
1525 2601 1732 2636 interpolatum,
1757 2600 1867 2628 insertis

1076 2652 1216 2680 erroribus
1238 2658 1270 2678 ac
1289 2649 1405 2677 fabellis.
1422 2648 1497 2682 Quas
1518 2648 1712 2676 accusationes
1730 2651 1760 2674 et
1774 2646 1864 2674 consi-

1076 2700 1165 2733 miles,
1178 2699 1275 2726 frivolo
1290 2703 1335 2726 aut
1347 2697 1422 2724 nullo
1438 2696 1618 2723 fundamento
1639 2694 1787 2725 subnixas,
1805 2700 1863 2720 cum

1077 2744 1111 2771 ad
1140 2744 1198 2771 loca
1218 2742 1440 2778 pervenerimus,
1464 2740 1488 2767 si
1518 2746 1631 2766 necesse
1658 2738 1750 2766 visum
1776 2737 1864 2769 fuerit,

1077 2789 1133 2817 Deo
1147 2789 1244 2823 dante,
1264 2789 1369 2823 absque
1389 2785 1579 2815 confutatione
1598 2792 1655 2812 non
1668 2785 1863 2820 relinquemus.

1113 2835 1230 2864 Medium
1256 2835 1349 2871 itaque
1374 2832 1447 2863 beati
1472 2837 1595 2866 tenuere,
1619 2839 1686 2860 cum
1709 2830 1790 2865 olim,
1809 2835 1863 2858 tum
