1920 3104
28 142 68 169 δτι
632 141 778 170 PASTOR.
797 157 834 163 —
850 141 1032 170 PROlEMIA.

1591 142 1645 170 88‘!

29 209 112 237 nuper,
128 201 284 237 quicunque
296 200 402 229 Hermae
414 200 550 228 Putarem
562 199 724 235 judicavere
737 201 800 228 σὺν-
814 204 837 232 Α
851 202 931 229 Certe
948 202 1035 232 multo
1051 201 1129 237 plura
1148 202 1219 237 apud
1235 203 1386 232 Barnabam
1407 208 1434 232 et
1459 204 1485 232 in
1501 205 1640 234 Constitu—

28 256 106 282 ταγμα
119 255 171 274 non
184 247 295 282 quidem
313 247 490 278 canonicum,
504 245 551 274 sed
567 247 797 279 ecclesiasticum,

29 302 53 320 ac
66 293 166 328 optimae
185 297 268 326 notae,
282 297 310 320 et
324 291 560 328 propugnaculum
576 292 638 319 ﬁdei
658 293 800 321 catholica!

29 340 143 366 adversus
155 338 278 366 Montani
291 339 438 372 duritiam;
457 339 491 366 ad
507 339 564 366 huic
582 337 666 366 fetum
681 339 798 373 Hermae,

29 385 153 420 apostolici
169 385 246 412 illius
262 385 312 412 viri
327 385 413 420 (nulla
425 385 526 420 quippe
543 384 614 411 ratio
631 387 799 414 contrariutn

28 431 133 466 evincit),
147 439 228 466 quem
244 431 347 459 Paulus
364 431 392 458 in
408 431 462 458 ﬁne
473 430 602 466 Epistolze
614 431 648 458 ad
661 431 800 461 Romanos

29 477 124 505 salutari
137 477 224 512 jubet.
243 476 312 504 Nam
328 477 376 512 qui
392 477 546 505 Hermetem
569 485 616 505 seu
629 478 756 506 Hermem
772 480 799 506 in

29 526 88 552 illius
111 525 198 551 locum
225 525 415 558 substituunt,
438 529 486 552 aut
511 531 660 562 utrumque
682 526 799 554 confun-

28 569 96 601 dunt,
113 569 214 604 decepti
240 569 368 597 videntur
391 578 406 597 a
421 570 513 600 fabula
527 571 602 600 Libri
624 572 798 608 pontiﬁcalis,

28 614 64 640 ubi
81 614 111 641 ad
129 614 336 642 similitudinem
353 614 460 644 Hermae
474 617 586 652 tingitur
599 618 711 653 quidam
730 617 799 645 Her-

27 666 89 691 mes,
111 658 149 685 Pii
173 667 251 694 papae
274 660 356 694 primi
383 660 477 691 frater.
507 661 627 696 scriptor
657 662 719 688 libri
745 669 800 696 quo

28 705 200 732 continebatur
222 705 380 733 Mandatum
398 707 498 741 angeli,
514 708 565 735 visi
584 707 612 735 in
629 707 723 735 habitu
749 715 800 742 pa-

28 751 106 783 storis,
124 751 156 778 de
168 750 304 778 Paschate
321 751 365 779 die
376 751 517 780 Dominica
533 753 707 780 celebrando.
720 752 799 787 Quod

27 802 191 824 commentum
214 798 294 825 multi
315 799 432 833 amplexi
452 803 533 832 sunt,
548 800 737 835 praecipueque
749 807 797 827 ne-

28 844 75 870 scio
98 844 156 878 quis
179 848 259 878 poeta
291 845 343 871 sub
366 845 482 872 honesto
501 845 661 874 Tertulliani
688 846 799 874 nomine

27 889 99 916 latens
113 890 129 916 l.
146 897 176 916 ιιι
199 890 326 917 adversus
342 890 516 924 Marcionem,
531 892 557 919 in
573 892 644 925 ﬁne;
663 892 726 919 item
739 891 799 927 epi-

27 935 139 962 stularum
154 943 231 970 paptc
248 936 288 963 Pii
303 936 460 970 fabricator,
477 938 556 972 epist.
574 938 587 965 ‘l
603 947 610 971 ;
631 937 713 970 Beda,
729 938 798 970 Ado,

28 981 74 1014 alii,
87 981 110 1007 in
125 981 284 1014 Chronicis,
301 982 327 1009 in
343 981 562 1018 Martyrologiis;
577 991 627 1010 nec
640 991 694 1009 non
706 988 800 1010 auctor

24 1024 128 1060 Cutalogi
147 1027 306 1062 pontiﬁcum
325 1036 513 1060 romanorum,
528 1028 562 1056 ab
575 1028 685 1064 Egidio
694 1028 800 1056 Buche—

27 1072 59 1098 rio
71 1072 93 1098 in
106 1072 309 1100 Commentario
321 1073 354 1100 ad
370 1072 628 1100 VictoriiCanonem
636 1067 795 1101 Paschaicm

26 1118 109 1149 editus,
116 1119 159 1152 qui
169 1119 262 1147 forsan
271 1127 304 1147 ex
316 1120 552 1155 pseudo-Damaso
561 1120 641 1146 debet
648 1119 797 1147 emendari.

28 1163 69 1190 Sed
76 1169 100 1192 et
113 1165 189 1193 facile
203 1166 255 1193 fuit
270 1166 403 1199 librariis,
421 1166 548 1193 Hennam
560 1171 667 1194 mutare
685 1166 712 1193 in
728 1166 799 1193 Her-

26 1211 244 1242 mem,etllermem
254 1212 313 1239 vice
322 1220 397 1239 versa
407 1212 434 1239 in
445 1211 584 1239 Hermum.
594 1211 693 1247 Sicque
704 1211 802 1239 fortas-

27 1256 58 1283 sis
71 1258 134 1292 apud
143 1257 303 1294 Magistrum
316 1257 532 1291 Sententiarum,
556 1258 604 1285 lib.
622 1267 660 1290 tv,
673 1257 738 1286 dist.
753 1258 799 1291 35,

27 1302 82 1334 n.5,
98 1310 128 1329 ex
141 1302 239 1331 Herma
260 1303 349 1332 factus
367 1303 450 1332 fuerit
465 1304 575 1332 Hermes
589 1312 598 1331 :
619 1304 801 1339 similiterque

28 1347 48 1375 in
71 1347 207 1376 Ruﬁniana
227 1349 354 1384 Origenis
387 1350 629 1386 interpretatione,
654 1350 702 1377 lib.
725 1359 733 1378 l
761 1350 801 1390 _De

26 1395 155 1429 principiis,
171 1403 232 1430 cap.
247 1396 276 1429 5,
293 1400 320 1423 et
336 1396 383 1423 lib.
398 1404 437 1428 Iv,
455 1404 515 1431 cap.
532 1396 560 1423 2.
577 1395 720 1424 Postremo
736 1404 801 1424 sane

27 1440 75 1468 loco
89 1447 166 1476 caput
187 1443 307 1477 primum
331 1442 491 1470 Philocalite
515 1442 644 1470 llermam
670 1442 799 1471 ostendit.

27 1486 52 1513 Et
64 1492 150 1516 contra
167 1488 237 1516 forte
251 1489 398 1524 praedictus
408 1493 488 1525 poeta
513 1489 625 1517 Hermes
640 1491 799 1526 scripserat,

27 1539 70 1558 uon
80 1532 204 1567 Hermas;
220 1534 274 1562 nisi
289 1535 324 1568 si,
338 1543 418 1570 quem
435 1543 558 1563 errorem
573 1543 680 1563 errasse
693 1535 800 1563 videtur

29 1578 200 1613 pseudol’ius,
219 1580 349 1608 Hermem
367 1585 394 1608 et
404 1580 533 1608 llermam
550 1590 599 1617 pro
616 1590 671 1609 uno
686 1582 797 1610 eodem-

27 1629 70 1655 que
84 1623 213 1653 habuerit.
235 1624 292 1652 Nec
313 1626 458 1659 dissimili,
479 1627 606 1661 quamvis
623 1627 676 1654 alia
698 1627 798 1663 depra-

28 1667 119 1696 vatione
133 1670 268 1698 editiones
289 1671 317 1698 S.
333 1669 492 1707 llieronymi
514 1672 584 1699 libro
597 1672 636 1699 De
649 1674 798 1700 nominibus

29 1712 165 1748 Hebraicis,
190 1717 282 1752 capite
305 1717 339 1745 de
353 1717 474 1753 Epistola
495 1718 528 1746 ad
544 1718 699 1751 Romanos,
722 1720 799 1747 exhi-

28 1758 87 1792 bent,
105 1760 207 1794 Ermon,
231 1763 489 1790 anathematizantes
515 1772 669 1796 maerorem;
692 1772 755 1792 cum
773 1769 800 1792 et

28 1811 62 1830 res
75 1805 138 1840 ipsa,
155 1811 182 1834 et
200 1808 293 1842 capita
314 1808 348 1836 de
360 1807 498 1841 Numeris,
516 1809 550 1836 de
563 1808 638 1837 Actis
660 1809 800 1843 apostolo-

28 1858 86 1882 rum,
101 1851 192 1880 Errnen
205 1855 393 1888 reponendum
409 1855 606 1889 persuadeant;
624 1855 731 1882 tametsi
747 1855 799 1882 Er-

27 1906 76 1926 inou
93 1908 196 1937 quoque
219 1902 318 1930 eodem
340 1910 422 1930 sensu
440 1907 594 1937 exponatur
613 1902 642 1929 in
663 1902 799 1938 capitibus

27 1944 56 1972 de
73 1945 288 1980 Deuteronomio,
315 1947 349 1975 de
375 1947 438 1975 Jesu
466 1946 540 1976 Nave
572 1948 629 1984 (ubi
655 1955 799 1984 perperam

29 1986 99 2016 limen
112 1992 232 2027 apparet)
253 1992 326 2019 etde
338 1991 482 2019 Psalterio.

54 2033 106 2062 iam
118 2045 180 2064 vero
191 2046 224 2065 ex
238 2037 330 2065 Ruﬁni
343 2037 378 2065 ad
389 2037 542 2072 Symbolum
555 2038 645 2065 verbis
657 2038 801 2066 obscurio-

29 2080 90 2109 ribus
110 2083 229 2111 nascitur
248 2084 376 2118 qmestio.
399 2083 466 2117 Quae
488 2084 510 2112 si
532 2084 568 2111 ita
586 2084 800 2119 distinguantur,

29 2124 128 2155 Libellus
147 2130 191 2164 qui
204 2130 305 2156 dicitur
319 2130 441 2158 Pastoris
461 2132 515 2158 sive
530 2130 678 2162 Hermatis,
691 2131 735 2165 qui
751 2128 800 2165 ap-

28 2171 126 2204 pellatur
149 2175 214 2203 Duw
231 2176 287 2203 Vite
316 2177 356 2204 uel
383 2176 522 2204 Iudicium
546 2176 638 2208 Petri;
663 2184 734 2204 unus
753 2184 802 2204 uo-

28 2223 73 2243 ster
87 2219 150 2247 liber
169 2227 289 2255 quatuor
307 2226 383 2257 geret
406 2222 528 2254 nomina,
547 2221 658 2254 Pastor,
676 2221 800 2256 Hermas,

29 2261 83 2292 Dua'
97 2264 162 2298 Vite,
179 2266 318 2294 Iudicium
334 2267 420 2295 Petri.
441 2267 489 2294 Sin
512 2271 602 2294 autem
625 2267 671 2294 ubi
695 2267 800 2303 virgula

27 2311 186 2346 conspicitur,
205 2313 295 2349 major
312 2314 452 2342 distinctio
473 2321 601 2349 ponatur,
626 2314 681 2341 duo
696 2319 798 2349 puncta

29 2354 61 2380 “1|
73 2361 193 2390 punctum
213 2367 275 2385 cum
294 2359 399 2395 virgula
412 2380 419 2393 ,
440 2359 496 2387 duo
514 2360 717 2387 constituentur
737 2359 799 2387 libri

28 2399 173 2436 luinomincs,
191 2405 260 2432 alter
277 2405 408 2440 Pastoris,
424 2407 477 2434 sive
492 2406 638 2440 Hei-matis,
654 2407 722 2434 alter
735 2406 800 2434 Dure

33 2445 91 2480 lite,
113 2450 148 2475 uel
166 2450 305 2478 Judicium
321 2451 404 2479 Petri.
436 2451 567 2487 Equidem
585 2452 676 2479 nullus
694 2452 798 2485 dubito,

29 2491 82 2524 ‘luin
99 2494 202 2523 diversa
218 2497 359 2524 volumina
377 2498 551 2525 exstiterint:
570 2497 695 2533 suspicor
712 2498 799 2533 magis

29 2543 40 2561 ι
50 2535 135 2566 Ruﬁno
148 2542 293 2577 scriptum,
310 2542 428 2571 Libellus
442 2546 488 2579 qui
499 2544 600 2570 dicitur
609 2544 731 2571 Pastoris
745 2544 799 2571 sive

31 2580 164 2617 h'ermatis:
179 2589 275 2623 quique
293 2589 446 2624 appellatur
455 2589 522 2617 Duae
540 2589 596 2617 Via:
611 2590 649 2617 vel
660 2589 798 2617 Iudicium

30 2625 100 2656 Petri.
122 2631 260 2667 Rationes,
284 2643 334 2662 cur
355 2643 436 2670 opera
463 2644 518 2663 non
544 2635 721 2669 confundam,
741 2636 799 2663 hanc

29 2679 94 2702 sunt:
109 2677 132 2704 1.
147 2678 182 2706 De
197 2688 253 2707 uno
264 2680 355 2708 libello
373 2682 412 2709 sic
429 2682 537 2710 locutus
555 2682 673 2709 fuisset:
690 2681 743 2714 Qui
755 2682 798 2708 di-

29 2719 86 2746 citur
100 2721 228 2756 Pastoris.
243 2726 296 2753 sive
310 2726 457 2762 Hermatis,
474 2728 528 2755 sive
541 2728 607 2755 Dum
620 2727 686 2760 Vite,
699 2727 738 2754 vel
747 2727 798 2754 Ju-

29 2764 111 2793 ditium
120 2768 201 2797 Petri.
231 2771 259 2798 2.
274 2771 303 2798 In
318 2777 374 2800 toto
387 2772 499 2801 Pastore
513 2782 546 2802 ne
560 2773 673 2800 vorbum
687 2773 796 2808 quidem

29 2809 55 2836 de
66 2811 145 2842 Petro.
167 2816 193 2843 5.
207 2816 342 2845 Pauciora
357 2819 391 2846 de
408 2819 515 2847 duabus
527 2819 579 2847 viis
595 2818 699 2854 profert
716 2819 795 2847 initio

31 2859 133 2888 mandati
154 2864 241 2898 sexti,
270 2871 352 2899 quam
382 2870 410 2894 ut
434 2866 496 2894 inde
522 2873 623 2894 nomen
647 2866 792 2900 acciperet.

851 247 973 275 tionibus
989 248 1188 282 apostolorum,
1202 249 1255 276 hoc
1270 249 1500 278 denominationis
1517 251 1552 279 iis
1569 251 1640 279 scri-

850 293 905 328 ptis
922 300 975 319 uou
990 293 1099 320 dedere.
1117 293 1144 320 4.
1161 293 1262 328 Aperte
1277 293 1307 320 Β.
1322 293 1503 329 Hieronymus
1522 296 1549 323 in
1565 301 1641 324 cata-

850 339 912 374 logo
926 339 1066 366 Iudicium
1084 339 1159 367 Petri
1177 339 1321 375 distinguit
1339 341 1373 368 ab
1388 340 1494 369 Hermae
1510 342 1640 371 Panare:

850 384 884 411 de
907 385 996 419 primo
1021 385 1094 412 enim
1118 385 1229 412 disserit
1258 385 1284 412 in
1308 384 1399 418 Petro,
1416 386 1450 414 de
1466 387 1587 414 secundo
1611 388 1639 415 in

852 428 962 457 llerma.
974 430 1064 465 Atque
1079 430 1136 457 haec
1154 430 1187 457 ad
1199 429 1339 459 Ruﬁnum.

887 473 926 502 Ex
950 475 1079 511 Origeuis
1096 481 1187 502 autem
1203 476 1304 507 verbis,
1330 477 1379 504 lib.
1395 485 1422 504 Iv
1439 477 1477 505 De
1489 479 1641 514 principiis,

850 529 910 556 cap.
922 521 950 554 2,
976 521 1003 548 in
1026 521 1184 549 Pliilocaliae
1213 530 1274 557 cap.
1302 523 1328 556 Ι,
1353 531 1379 558 p.
1403 523 1460 550 εἰς
1487 525 1538 552 Διὰ
1562 525 1643 553 τοῦτο

849 567 930 601 ἡμεῖς
945 568 992 594 καὶ
1007 568 1038 595 τὸ
1053 569 1081 595 ὲν
1098 569 1137 604 τῷ
1156 569 1209 595 ὑπό
1224 577 1306 596 τινων
1331 571 1579 607 καταφρονουμένῳ
1600 571 1642 607 βι-

850 611 917 647 ὃλίῳ
934 612 973 648 τῷ
984 613 1107 654 Harpen,
1132 614 1196 649 περὶ
1215 613 1263 640 τοῦ
1281 615 1499 650 προστάσσεσθαι
1519 616 1565 644 τὸν
1579 618 1641 654 Ἐρ-

851 657 905 692 μᾶν
919 657 965 684 δύο
981 658 1083 693 γράψαι
1100 659 1199 694 βιϐλία,
1212 660 1259 686 καὶ
1277 659 1346 695 μετὰ
1361 660 1446 688 ταῦτα
1463 663 1542 690 αὐτὸν
1555 663 1640 698 ἀναγ-

849 703 954 738 γέλλειν
970 706 1027 736 τοῖς
1039 705 1233 741 πρεσῦυτέροις
1246 706 1467 742 τῆςἙκκλησίας
1482 708 1500 736 ἃ
1517 709 1642 745 μεμάθη-

849 758 897 777 κεν
911 751 964 777 ὑπὸ
977 750 1023 777 τοῦ
1037 751 1204 786 Πνεύματος,
1217 753 1288 779 οὕτω
1312 754 1488 789 διηγούμεθα.
1510 754 1566 782 Hoc
1587 759 1640 788 est,

851 794 915 823 Ideo
932 805 980 823 nos
995 801 1020 824 et
1037 797 1105 824 illud
1123 798 1150 824 in
1163 797 1285 830 Pustore,
1301 799 1370 826 libro
1385 801 1430 835 qui
1450 809 1466 827 a
1481 800 1642 835 quibusdam

850 843 1042 876 contemnitur,
1065 851 1123 870 cum
1133 843 1244 878 jubetur
1257 843 1371 872 Hermas
1384 845 1450 872 duos
1472 845 1553 872 libros
1575 846 1642 874 scri-

851 886 920 920 bere,
943 888 1047 922 ipseque
1065 893 1156 922 postea
1175 890 1336 917 annuntiare
1353 890 1501 917 senioribus
1517 890 1642 919 Ecclesia

850 942 881 961 ea
897 941 956 968 qum
973 942 989 961 a
1002 934 1103 968 Spiritu
1122 935 1264 967 didicerat,
1281 935 1319 962 sic
1336 937 1504 971 exponimus.
1522 936 1559 964 Ex
1577 937 1640 970 hoc,

851 980 976 1015 inquam,
999 987 1126 1007 sermone
1143 981 1320 1015 conjcceruut
1339 982 1390 1008 viri
1411 981 1484 1009 docti
1502 982 1642 1010 Pastorem

850 1026 1057 1053 commentariis
1075 1026 1108 1053 ab
1121 1026 1237 1062 Origene
1249 1026 1334 1055 fuisse
1351 1027 1527 1056 illustratum.
1548 1028 1641 1062 Quan-

850 1079 932 1107 quam
958 1072 1079 1106 loquitur
1100 1072 1235 1099 duntaxat
1254 1073 1287 1100 de
1308 1074 1435 1108 praesenti
1457 1075 1641 1110 expositione,

851 1125 935 1152 quam
960 1125 1058 1152 nempe
1074 1118 1169 1145 eodem
1187 1118 1239 1146 loci
1257 1123 1319 1154 post
1331 1118 1437 1147 Hermae
1453 1120 1639 1148 testimonium

851 1165 941 1192 statim
961 1164 1112 1200 subjungit.
1139 1164 1187 1192 Est
1209 1169 1236 1192 et
1254 1165 1325 1192 alius
1346 1173 1424 1192 error
1446 1167 1640 1194 nonnullorum

854 1209 923 1236 adeo
936 1217 1049 1237 crassus
1060 1230 1067 1242 ,
1088 1213 1118 1237 ut
1134 1217 1184 1237 nec
1201 1209 1374 1239 refutationis
1394 1212 1468 1247 indig
1485 1216 1521 1239 at.
1542 1212 1641 1240 Dicunt

850 1255 884 1282 ab
902 1254 1078 1291 Hieronymo,
1103 1255 1130 1282 in
1150 1255 1268 1291 Prologo
1291 1257 1408 1291 galeato,
1430 1265 1478 1293 per
1502 1257 1642 1286 Pastorem

851 1309 906 1328 non
931 1302 1044 1336 intelligi
1069 1302 1169 1329 librum
1194 1301 1315 1335 Hermae,
1339 1303 1387 1331 sed
1405 1304 1514 1331 tertium
1531 1303 1642 1332 Macha-

850 1347 989 1381 baaorum,
1013 1351 1138 1375 contorta
1163 1351 1190 1374 et
1212 1347 1291 1383 longe
1316 1348 1400 1382 petita
1423 1353 1531 1376 utentes
1555 1349 1642 1376 dedu-

851 1394 941 1420 ctione
969 1393 1023 1420 ἀπὸ
1045 1393 1096 1428 τῆς
1117 1393 1253 1425 παστάδος
1276 1393 1334 1421 slve
1355 1394 1492 1426 παστίδος.
1516 1394 1584 1422 Cum
1606 1402 1642 1423 9x

851 1440 913 1467 aliis
936 1439 1094 1476 llieronymi
1119 1445 1338 1475 czeterorumque
1364 1440 1431 1468 locis
1459 1449 1503 1469 rcs
1523 1440 1641 1470 manife-

852 1486 972 1514 stissitne
987 1491 1087 1521 pateat.

888 1533 1019 1568 Denique,
1035 1533 1115 1568 cujus
1128 1533 1261 1560 habemus
1278 1532 1531 1561 animadversiones
1541 1534 1642 1562 multas

851 1579 884 1607 ad
899 1584 1023 1607 nostrum
1041 1585 1196 1612 auctorem,
1214 1578 1353 1612 Barthius,
1367 1587 1430 1606 cum
1451 1580 1551 1614 passim
1567 1580 1640 1608 labi-

849 1630 906 1659 tur,
920 1630 977 1652 tutn
999 1630 1095 1653 contra
1117 1625 1258 1660 antiquam
1275 1633 1334 1651 eam
1351 1625 1506 1653 versionem
1520 1630 1642 1661 quatuor

851 1671 1007 1699 committit.
1023 1670 1115 1703 Prius,
1134 1671 1295 1706 appellando
1315 1671 1458 1704 rusticam,
1475 1671 1642 1699 semibarba-

849 1725 920 1750 ram,
939 1716 1127 1744 semiveterem
1143 1725 1150 1742 :
1164 1717 1236 1751 quod
1258 1717 1416 1752 neutiquam
1437 1721 1488 1744 est.
1507 1717 1641 1751 Alterum,

850 1767 950 1790 temere
965 1767 993 1790 et
1009 1763 1112 1798 absque
1130 1764 1184 1791 ulla
1205 1764 1322 1797 ratione,
1339 1766 1394 1793 imo
1417 1770 1512 1792 contra
1530 1773 1640 1792 omnetn

850 1809 984 1836 rationem
995 1829 1002 1841 ,
1019 1808 1189 1841 aﬁirmando,
1206 1810 1342 1844 epitomen
1369 1811 1456 1846 magis
1478 1818 1539 1838 esse
1556 1818 1641 1845 quant

850 1855 1111 1890 interpretationem.
1145 1857 1180 1882 At
1200 1856 1277 1883 aliter
1298 1865 1355 1884 rem
1378 1865 1407 1885 se
1431 1857 1531 1884 habere
1557 1857 1643 1892 liquet

850 1910 883 1929 ex
905 1902 1096 1928 convenientia
1122 1905 1244 1929 textuum
1265 1910 1280 1929 a
1305 1903 1441 1930 veteribus
1461 1903 1639 1938 prolutorum.

850 1946 983 1981 Equidem
1002 1946 1129 1973 videntur
1144 1947 1195 1974 ista
1209 1947 1289 1974 citari
1304 1955 1337 1974 ex
1350 1947 1462 1975 Pastore
1477 1956 1492 1975 a
1502 1948 1642 1976 Clemente

852 1992 952 2020 Strom.
969 2000 999 2025 ll,
1012 2001 1074 2027 pag.
1099 1992 1170 2019 384:
1189 1993 1353 2028 Προηγεῐται
1379 1993 1428 2029 μὲν
1445 1994 1546 2026 πίστις,
1560 1994 1642 2029 φόϐος

851 2039 879 2066 δὲ
894 2038 1040 2074 οἰκοδομεῖ,
1057 2038 1154 2065 τελειοί
1168 2039 1196 2065 δὲ
1221 2040 1238 2074 ὴ
1254 2039 1358 2074 ἀγάπη.
1386 2040 1516 2068 Praecedit
1534 2041 1641 2077 quidem

851 2087 929 2121 ﬁdes,
949 2087 1029 2113 timor
1051 2094 1110 2113 vero
1132 2086 1262 2120 redi/icui.
1281 2086 1384 2121 perﬁcit
1400 2092 1487 2114 autem
1504 2088 1640 2120 rlmritas;

852 2141 913 2168 qua:
936 2133 972 2160 ibi
990 2140 1044 2159 non
1066 2132 1259 2165 inveniuntur;
1279 2140 1373 2159 verum
1395 2133 1543 2161 Clementis
1564 2139 1640 2167 sunt,

853 2187 903 2207 sua
921 2178 1073 2206 Hcrmaicis
1092 2178 1292 2205 interserentis.
1309 2177 1430 2205 Tertium
1448 2179 1641 2212 commissum,

817 2223 963 2261 unando
985 2225 1111 2252 futilibus
1138 2224 1305 2258 conjecturis
1327 2225 1488 2259 hariolatur,
1510 2226 1641 2260 scriptam

852 2269 939 2297 fuisse
963 2273 1025 2304 post
1050 2268 1210 2305 Hieronymi
1237 2273 1372 2304 tempora,
1397 2274 1423 2297 et
1449 2271 1484 2297 ab
1496 2271 1642 2298 Anastasio

851 2314 1072 2342 Bibliotllecario.
1097 2313 1181 2346 Esto,
1206 2314 1394 2343 concedamus
1410 2316 1564 2350 barbariem
1582 2316 1643 2343 ubi-

850 2369 903 2396 que
918 2361 1061 2388 redolere:
1075 2369 1139 2388 num
1156 2361 1249 2389 eadem
1265 2362 1298 2389 de
1316 2369 1399 2389 causa
1418 2362 1640 2396 antiquissimam

852 2407 944 2435 Irenmi
981 2408 1234 2443 interpretationem
1267 2407 1415 2434 Anastasio
1453 2407 1642 2435 ascribamus?

851 2452 902 2479 Sed
932 2452 1114 2488 Hieronymus
1144 2458 1260 2480 testatur
1283 2453 1421 2488 plerisque
1444 2453 1486 2480 sui
1508 2453 1642 2487 temporis

851 2499 955 2527 Latinis
972 2499 1079 2527 Hermae
1099 2500 1226 2527 volumen
1245 2499 1383 2534 ignorari!
1407 2499 1478 2532 Quid
1499 2498 1586 2525 inde?
1607 2498 1643 2526 At

850 2546 936 2573 ntulto
957 2551 1036 2573 antea
1056 2546 1128 2582 plebi
1154 2546 1291 2574 Africana:
1313 2545 1488 2573 notissimum
1514 2545 1639 2578 exstitit;

852 2596 946 2627 utpote
961 2601 993 2619 ex
1011 2593 1090 2627 cujus
1122 2592 1238 2619 lectione
1257 2599 1318 2618 mos
1336 2591 1489 2617 invaluerat
1503 2591 1642 2625 assignato

849 2637 971 2664 oratione
995 2637 1150 2669 assidendi,
1169 2641 1199 2663 ut
1218 2636 1308 2663 verbis
1331 2640 1394 2662 utar
1412 2634 1584 2662 Tertulliani.
1606 2635 1642 2662 At

849 2691 863 2710 a
878 2683 981 2710 Latinis
996 2683 1148 2714 catholicis,
1165 2688 1286 2716 tempore
1306 2681 1453 2716 Zephyrini
1469 2688 1502 2708 ac
1517 2680 1639 2715 ejusdem

848 2727 1063 2761 Tertulliani,ad
1082 2728 1263 2763 jugulandam
1280 2726 1401 2754 Montani
1414 2726 1580 2761 impietatem
1593 2725 1642 2752 ad-

848 2773 1004 2801 hibebatur.
1032 2773 1103 2801 Sane
1125 2777 1188 2800 ante
1209 2772 1386 2800 Anastasium
1405 2773 1439 2800 ab
1459 2771 1639 2806 Hieronymo,

847 2818 958 2852 Ruﬁno,
971 2819 1114 2852 Cassiano,
1128 2818 1247 2852 Gelasio,
1261 2818 1330 2846 Beda
1345 2822 1372 2846 ct
1382 2817 1516 2845 Wallrido
1527 2816 1640 2850 Strabo,

837 2864 953 2906 ~Latinis
977 2865 1171 2901 scriptoribus,
1196 2871 1374 2894 memoratur.
1400 2864 1440 2893 An
1463 2871 1576 2893 necesse
1597 2867 1640 2892 est
