1920 3104
250 129 302 158 863

977 128 1006 156 S.
1026 127 1158 156 HERMrE

1836 126 1884 155 865

250 192 282 215 ut
293 192 390 215 omnes
407 185 453 214 isti
465 185 560 216 Graec
579 187 708 224 legerint,
721 192 749 216 et
767 195 822 215 non
835 195 868 215 ex
887 190 984 215 nostro
1000 187 1042 214 in-
1056 191 1080 219 Α
1094 187 1195 222 quibus
1208 194 1274 214 usus
1290 186 1343 217 l'ui:
1360 191 1387 214 et
1406 185 1433 214 in
1454 186 1526 214 notis
1542 185 1753 222 marginalibus,
1769 194 1842 222 quas
1853 189 1883 214 ad

251 234 390 268 tcrpretet
407 232 532 261 Transeo
555 234 661 270 reliqua
680 234 784 262 Barthii
806 238 961 267 momenta,
983 233 1043 269 pul-

252 288 314 307 vere
331 284 466 314 ventoque
481 280 596 314 leviora,
612 285 642 308 ut
661 281 788 308 ultimum
813 280 888 307 illius
901 284 1042 314 peccatum

251 328 396 363 attingam.
407 327 436 355 ln
449 335 483 355 eo
497 332 588 355 autem
601 327 737 360 consistit,
751 327 824 362 quod
833 326 930 354 Joanni
940 325 1043 353 Tarino

250 382 311 402 eam
323 374 426 409 aﬂlngit
435 374 602 410 opinionem,
618 374 651 401 de
661 381 715 409 qua
728 373 769 400 vir
782 374 826 400 ille
837 372 1042 400 eruditissimus

251 421 312 448 οὐδὲ
329 424 388 448 κατ’
405 421 482 458 ὄναρ,
500 421 579 457 quasi
602 421 634 448 ad
650 420 807 447 I’Irilocalia:
825 424 906 455 caput
924 419 1042 454 primum

253 467 353 495 Ruﬁno
370 468 530 503 ascripserit
543 466 663 494 Pastoris
675 466 800 494 Latinam
823 465 1040 493 translationem.

251 513 308 542 Nos
324 519 354 542 ut
367 514 435 541 nihil
452 514 519 541 certi
531 513 628 541 atl‘erre
640 520 798 548 poswmus,
818 512 854 539 ita
869 511 1044 545 suspicamur

251 570 300 598 per
317 563 404 597 prima
420 562 549 589 Ecclesiae
572 565 694 595 tempora
713 559 827 586 Latinos
847 565 901 585 non
919 556 1043 585 caruisse

251 609 436 637 laudatissimi
460 609 551 644 operis
570 607 699 635 versione
721 614 728 632 :
748 613 809 633 eam
835 612 900 632 vero
922 604 1003 631 aliam
1027 611 1042 630 a

252 662 348 685 nostra
366 656 463 690 fuisse,
476 656 543 685 nihil
562 663 613 682 nos
627 651 949 690 cogitdicereﬁmlerum
965 654 1043 677 aute—

251 711 334 740 quam
351 711 462 731 manum
479 703 544 730 hinc
561 702 666 734 tollam,
684 700 819 728 monitum
838 703 864 726 te
877 698 974 730 velim,
987 695 1041 724 Le-

251 757 322 784 ctor.
335 755 363 779 ot
373 751 493 787 capitum
509 749 637 777 lemmata
651 747 748 775 abesse
768 754 784 773 a
798 744 940 773 codicibus
969 751 1037 770 mss.

1096 238 1199 261 textum
1220 233 1397 268 apponendas
1415 234 1521 266 curavi,
1537 233 1653 261 litteram
1678 233 1712 266 (ἓ,
1732 233 1885 268 signiﬁcare

1095 288 1147 307 ms.
1167 279 1196 307 S.
1209 279 1349 312 Germani,
1365 279 1484 308 litteram
1497 279 1530 313 V,
1546 288 1601 307 ms.
1616 279 1645 307 S.
1658 278 1797 312 Victoris;
1814 287 1885 307 inero

1094 330 1185 353 autem
1199 326 1341 358 asterisco,
1354 330 1417 354 ante
1432 331 1516 362 caput
1526 326 1543 354 8
1556 325 1678 354 Visionis
1691 326 1708 352 5
1726 326 1775 353 lib.
1789 333 1798 352 ι
1816 325 1884 353 indi-

1094 373 1151 400 cari
1166 378 1312 408 utrumque
1326 373 1459 406 codicem,
1477 378 1570 408 postea
1593 373 1684 401 solum
1701 371 1885 400 Victorinum.

1093 419 1212 453 Adjeclar
1235 424 1308 451 sunt,
1329 419 1356 446 in
1382 419 1431 446 liae
1454 420 1583 452 editione,
1605 420 1688 447 variat
1715 419 1887 447 lectioma

1095 467 1205 501 antiquo
1225 466 1314 493 codice
1333 466 1540 494 Carmelitarum
1562 465 1808 499 Excalceatorum,
1829 467 1885 492 ub-

1094 511 1166 539 urbii
1181 511 1360 544 Parisiensis;
1381 520 1448 547 quas
1467 512 1502 538 ad
1520 511 1620 539 calcem
1641 512 1726 539 totius
1749 512 1886 540 uol-mu:

1093 558 1178 593 legere
1204 558 1300 585 licebat
1326 558 1354 584 in
1376 557 1467 586 Paris.
1490 557 1566 585 Edit.
1595 558 1776 585 Accesserant
1811 558 1886 584 etiam

1092 613 1152 640 qua:
1182 605 1210 631 in
1231 605 1323 639 inﬁma
1353 604 1451 639 pagina
1474 603 1631 632 Omniensia
1655 603 1805 636 editionis,
1829 603 1886 630 anni

1093 650 1164 677 i685
1181 649 1314 685 leguntur,
1338 657 1371 677 ea:
1390 649 1468 677 codd.
1487 649 1645 677 Bodleian:
1661 654 1689 676 et
1703 648 1887 677 Lambth

1094 697 1322 724 bibliothecarum.

256 841 1880 860 Μ

653 920 1040 981 GALLANDII
1079 917 1476 976 PRO(EMIUM

843 1044 915 1089 AD
952 1043 999 1088 S.
1038 1041 1118 1086 HE
1128 1040 1316 1086 RMAM.

461 1149 600 1186 (Veterum
617 1146 730 1174 Patrum
741 1143 917 1174 Bibliotheca,
936 1146 956 1169 t.
980 1139 1000 1174 Ι,
1016 1139 1149 1172 Venetiis,
1166 1138 1246 1172 1765,
1263 1137 1368 1172 in-l'ol.,
1384 1137 1503 1174 Proleg.,
1517 1145 1546 1174 p.
1563 1137 1653 1172 xxvi.)

247 1228 313 1258 CAP.
335 1231 355 1258 l.
377 1230 444 1264 Qui:
460 1232 564 1265 cuiusve
580 1232 659 1266 fuerit
677 1231 800 1258 Hermas.
829 1227 1036 1266 Distinguendus

1091 1223 1156 1250 dent
1169 1222 1284 1256 vestigia
1299 1222 1326 1249 in
1342 1222 1402 1257 ejus
1418 1230 1500 1258 opere
1515 1221 1620 1256 passim
1637 1219 1734 1247 obvia.
1754 1217 1822 1246 Nam
1834 1223 1883 1246 sta-

284 1271 339 1293 tum
356 1261 510 1299 ab'Herme,
526 1261 680 1296 Dalinatiw.
692 1271 721 1293 ut
736 1266 831 1300 fertur,
842 1261 1038 1300 epitobpoJum

1093 1269 1140 1296 tim
1157 1269 1280 1296 abiuitio
1297 1269 1355 1296 haec
1369 1269 1457 1296 habet
1468 1268 1494 1294 ‘:
1517 1268 1571 1301 Qui
1581 1266 1749 1294 enutrieerat
1764 1274 1815 1298 me,
1831 1273 1885 1291 ven-

283 1301 316 1328 ab
333 1301 456 1329 Hermete
472 1302 596 1335 Pastore,
610 1303 654 1329 Pii
673 1301 687 1328 1
703 1302 795 1336 fratre.

283 1346 452 1374 Clementem
465 1346 619 1374 Romanum
631 1347 733 1382 excipit
747 1346 873 1379 Hermas,
886 1346 927 1372 vir
939 1350 967 1372 et
979 1344 1038 1379 ipse

248 1393 430 1427 apostolicus,
448 1401 501 1420 non
516 1393 598 1420 modo
622 1393 734 1420 Patrum
750 1392 945 1420 vetustissimis
964 1392 1037 1419 cele-

248 1437 356 1469 bratus,
374 1446 468 1466 verum
482 1439 566 1466 etiam
581 1439 616 1466 ab
635 1439 767 1474 Apostolo
779 1439 915 1467 salutatus
931 1439 964 1466 ad
980 1438 1036 1466 Ro-

249 1490 348 1510 manos
362 1483 498 1512 scribente
512 1484 531 1517 ²,
545 1489 692 1520 antequam
706 1484 821 1513 Romam
841 1484 943 1512 Paulus
967 1485 1038 1519 ipse-

249 1533 306 1555 met
319 1529 480 1564 appulisset.
504 1529 594 1558 Prohe
612 1535 702 1558 autem
718 1531 930 1566 dislinguendus
946 1535 1039 1558 noster

248 1572 364 1601 llerinas
380 1575 415 1602 ab
428 1574 524 1602 Herme
535 1584 583 1603 seu
600 1576 734 1609 Hermete,
746 1581 829 1612 prout
851 1585 917 1605 sane
933 1582 1040 1604 utrum-

248 1627 303 1654 que
313 1627 376 1647 cum
401 1621 521 1649 nominis
535 1622 676 1655 varietate,
698 1627 756 1650 tum
775 1630 804 1650 re
828 1623 898 1658 ipsa,
921 1622 1037 1650 Patroba

249 1665 401 1700 interjecto,
417 1667 543 1695 distinxit
559 1668 630 1696 idem
646 1669 805 1704 Apostolus.
820 1669 960 1705 Siquidem
978 1670 1038 1697 loco

248 1712 333 1740 citato
347 1721 353 1739 :
369 1712 502 1746 Salutate,
518 1715 619 1750 inquit,
633 1716 815 1750 Asyncritum,
829 1715 966 1748 Hermum,
985 1715 1040 1742 Pa—

250 1759 363 1793 trobam,
375 1759 502 1793 Hermen,
515 1766 580 1795 etc.,
596 1770 715 1796 quorum
734 1762 789 1795 ille,
803 1763 826 1790 si
838 1762 904 1789 ﬁdes
918 1762 1040 1790 Pseudo-

249 1804 389 1834 Dot'otheo
401 1811 484 1841 atque
499 1806 655 1843 Hippolyto,
671 1807 905 1842 Philippopoleos;
919 1808 963 1835 hic
975 1815 1039 1835 Vero

249 1850 390 1881 Dalmatia:
405 1854 552 1890 episcopus
565 1854 651 1882 fuisse
666 1855 762 1882 fertur.
778 1854 888 1883 Potiore
904 1855 967 1882 item
978 1854 1041 1889 jure

249 1900 435 1927 sccernendus
457 1904 573 1936 uterque
597 1904 631 1928 ab
649 1901 772 1928 Hei-mete
800 1901 933 1934 Pastore,
956 1903 1039 1929 domo

248 1945 430 1980 Aquileiensi.
447 1947 535 1974 sancti
547 1946 588 1974 Pii
605 1946 614 1973 l
628 1946 712 1975 fratre
725 1967 732 1980 ,
755 1947 806 1975 sub
821 1947 901 1982 cujus
924 1947 1035 1982 pontili-
1053 1953 1074 1980 D

249 1997 313 2020 catu
325 1998 434 2021 centum
447 1993 532 2021 lenne
542 1994 723 2029 postPaulum
731 1995 810 2022 annis
823 1995 922 2022 librum
935 1994 974 2021 De
985 1993 1040 2021 Pa-

250 2038 341 2066 schate
358 2039 479 2074 scripsit,
496 2048 571 2067 nunc
582 2039 765 2074 deperditum,
780 2041 821 2068 vel
835 2041 931 2068 saltem
947 2041 1040 2068 hacte-

250 2093 304 2112 nus
317 2085 528 2120 incompertum.
547 2085 584 2113 De
597 2086 638 2114 his
653 2090 743 2114 autem
762 2087 841 2121 plura
857 2087 960 2114 dudum
976 2095 1041 2122 pro-

250 2131 372 2159 tulerunt
385 2132 437 2159 viri
450 2132 641 2166 eruditissimi,
654 2131 788 2161 Nourrius
803 2133 824 2165 ⁸,
834 2132 1004 2162 Fontaninus
1016 2134 1037 2167 ',

250 2178 366 2212 aliique;
381 2178 415 2205 ad
428 2187 498 2213 quos
513 2179 637 2213 proinde,
657 2187 691 2207 ne
709 2179 818 2214 longius
829 2187 912 2214 quam
935 2188 985 2215 par
1003 2181 1040 2207 sit

249 2228 379 2251 excurrat
395 2226 495 2257 oratio,
511 2225 627 2252 lectores
641 2225 816 2253 remittimus.
829 2225 940 2254 Interim
961 2235 1037 2260 vero,

249 2275 372 2298 veterum
386 2271 537 2306 prazsertim
553 2279 585 2299 ac
599 2272 782 2299 recentiorum
804 2273 969 2307 scriptorum
986 2282 1037 2300 au-

249 2317 376 2345 ctoritate
395 2317 482 2349 ducti,
495 2317 601 2345 Hermae
616 2326 697 2354 quem
718 2317 820 2347 Paulus
841 2320 962 2354 proxime
975 2325 1038 2348 ante

247 2362 396 2391 Patrobam
413 2363 553 2396 salutavit,
569 2372 639 2399 opus
653 2363 753 2391 Pauor
775 2365 937 2401 inscriptum
963 2375 1038 2395 asse-

246 2410 362 2439 rendum
378 2410 588 2444 existimamus;
611 2418 643 2438 eo
654 2410 696 2437 vel
713 2410 832 2439 maxime
853 2413 926 2446 quod
942 2417 1037 2440 auctor

248 2457 350 2492 ubique
366 2457 392 2484 in
411 2457 471 2492 ipso
484 2456 587 2488 libello,
608 2455 727 2491 Hermae,
745 2464 800 2485 non
823 2462 913 2486 autem
932 2457 1037 2486 Hermi:

247 2507 295 2530 aut
309 2501 450 2535 Hermetis,
467 2511 565 2530 nomen
578 2506 711 2530 assumat.

282 2548 393 2582 Italum,
408 2549 475 2584 quin
489 2548 678 2576 ctRomanum
694 2549 810 2578 fortasse
823 2549 909 2579 fuisse
924 2551 1038 2586 scripto-

247 2594 365 2627 rem,vel
379 2595 476 2622 saltem
492 2595 561 2623 inter
573 2595 684 2623 Latinos
695 2596 742 2623 diu
754 2596 867 2630 vixisse,
881 2597 959 2633 plura
973 2606 1036 2625 sua-

283 2671 385 2700 'Rom.
402 2681 460 2712 xvi.
480 2673 508 2700 ι.
547 2671 679 2712 ⁸ῌριιιϊ..
694 2673 795 2712 Αρηιιν.
812 2672 847 2699 ad
857 2672 921 2712 bibl.
1027 2679 1039 2701 ιι

1116 2676 1136 2707 Ι,
1151 2684 1213 2712 pag.
1227 2677 1263 2705 49
1299 2684 1358 2712 seq.

722 2708 839 2746 °_llerni.
856 2708 933 2736 l’ast.
949 2709 1032 2746 libr]!
1045 2710 1097 2746 vis.
1115 2720 1134 2741 ι.
1145 2708 1203 2746 cap.
1218 2712 1243 2739 l.

247 2706 296 2744 lib.
310 2715 339 2739 ιι,
351 2716 412 2743 cap.
426 2709 471 2742 ll,
485 2716 546 2744 pag.
562 2709 597 2735 ﬁt
624 2717 683 2743 seq.

1088 1316 1158 1343 didit
1169 1316 1312 1352 quamdam
1333 1316 1450 1351 puellam
1465 1316 1564 1343 Romw.
1591 1313 1658 1342 Post
1679 1313 1782 1340 multos
1803 1317 1885 1339 autem

1088 1369 1171 1388 annos
1184 1362 1252 1388 hanc
1262 1362 1346 1389 visam
1363 1371 1410 1398 ego
1424 1362 1572 1398 recognovi,
1584 1365 1609 1388 et
1625 1361 1693 1396 εωρὶ
1703 1369 1765 1387 eam
1779 1359 1885 1394 diligere

1088 1411 1118 1435 ut
1134 1415 1261 1434 sororem.
1288 1407 1391 1435 Exacto
1420 1413 1510 1434 autem
1535 1412 1650 1441 tempore
1676 1406 1782 1441 aliqua,
1805 1405 1886 1432 [arari

1087 1461 1146 1480 eam
1160 1453 1188 1480 in
1203 1453 1314 1488 ﬂumine
1332 1452 1421 1480 Tiberi
1436 1454 1502 1487 ridi,
1520 1458 1573 1480 etc.
1588 1452 1688 1479 Itinera
1709 1459 1825 1487 quoque
1839 1459 1883 1477 sua

1089 1502 1117 1526 et
1130 1499 1287 1526 mansiones
1299 1499 1470 1531 describens,
1482 1499 1628 1525 Cumarum
1641 1497 1769 1524 meminit
1782 1497 1793 1512 ⁷
1806 1505 1813 1529 ;
1829 1496 1886 1523 loco

1089 1545 1163 1572 enim
1181 1546 1264 1572 citato
1280 1553 1330 1580 pro
1343 1553 1402 1572 cum
1413 1545 1454 1572 his
1471 1544 1614 1580 legendum
1628 1543 1736 1575 Cumis,
1753 1542 1788 1570 cl.
1805 1541 1885 1569 Cote-

1089 1591 1174 1618 lerius
1191 1595 1265 1618 recte
1281 1590 1434 1626 conjecisse
1462 1590 1579 1618 videtur.
1606 1589 1731 1616 Meminit
1751 1589 1819 1615 item
1840 1588 1887 1614 vi:

1089 1636 1271 1671 Campana“,
1294 1644 1345 1664 nec
1367 1644 1422 1664 non
1446 1636 1570 1664 Arcadia
1588 1637 1615 1662 ἐ
1641 1635 1714 1662 unde
1734 1635 1783 1662 lux
1815 1634 1885 1662 haud

1089 1681 1197 1710 modica
1230 1682 1396 1716 conjecturae
1426 1687 1528 1709 nostrae
1553 1681 1679 1714 accedit;
1704 1681 1886 1715 eamdemque

1089 1727 1192 1762 pariter
1217 1727 1381 1754 conﬁrmare
1409 1727 1562 1762 putaverim
1585 1726 1722 1762 ejusmodi
1746 1726 1832 1753 verba
1850 1727 1886 1752 ":

1091 1771 1168 1804 Cum,
1185 1771 1285 1806 inquit,
1302 1770 1467 1798 ambularem
1484 1771 1512 1797 in
1525 1779 1629 1806 agrum,
1641 1776 1666 1797 et
1686 1770 1885 1798 considerarent

1090 1817 1191 1844 ulmum
1200 1821 1224 1845 et
1233 1817 1388 1845 vilem...De
1399 1818 1448 1845 hac
1459 1819 1510 1844 vite
1520 1823 1544 1845 et
1554 1818 1625 1844 ulmo
1634 1817 1796 1853 disputo.Ad
1805 1825 1884 1852 quem

1090 1863 1198 1891 Hermae
1221 1864 1311 1892 locum
1341 1863 1536 1891 illustrandum
1560 1864 1685 1899 apposite
1712 1872 1728 1891 a
1745 1864 1885 1891 Cotelerio

1090 1909 1213 1937 adhibita
1227 1909 1315 1937 Sertii
1331 1910 1476 1944 explicatio
1490 1909 1627 1945 Virgiliani
1641 1910 1813 1937 llemisticltii
1828 1911 1850 1925 “
1863 1920 1868 1936 :

1234 1965 1244 1982 ι
1258 1975 1265 1982 .
1283 1974 1290 1982 .
1308 1974 1315 1982 .
1331 1975 1338 1982 .
1362 1956 1491 1991 ulmisque
1505 1955 1649 1991 adjungere
1663 1956 1739 1982 vites.

1093 2011 1103 2028 ς
1125 2000 1283 2030 Secundum
1300 2002 1384 2029 Italiae
1398 2002 1492 2035 situm,
1510 2002 1559 2034 ait,
1578 2002 1687 2029 locutus
1701 2004 1763 2035 est;
1781 2001 1809 2028 in
1833 2010 1883 2038 qua

1090 2048 1159 2075 vites
1173 2048 1255 2076 altius
1269 2048 1421 2075 elevantur.
1439 2047 1484 2074 Sic
1499 2048 1565 2075 alibi
1580 2048 1618 2074 ":

1127 2094 1189 2121 Non
1207 2094 1298 2121 eadem
1312 2093 1450 2121 arboribus
1464 2094 1557 2129 pendet
1573 2094 1706 2121 vindemia
1723 2095 1837 2121 nostris.
1856 2105 1865 2120 I

1089 2140 1195 2175 Quibus
1211 2141 1296 2168 addas
1323 2140 1442 2167 maxime
1453 2141 1544 2172 velim,
1566 2139 1694 2168 Hennam
1708 2139 1805 2168 Grece
1817 2150 1883 2168 scn-

1090 2187 1210 2219 bentem,
1221 2187 1255 2214 ad
1269 2187 1404 2222 jejunium
1419 2186 1612 2220 indicandum,
1629 2188 1772 2221 στάσεως,
1788 2189 1881 2215 statio-

1090 2233 1130 2259 m's
1146 2233 1310 2260 vocabulum
1325 2241 1402 2260 more
1412 2232 1573 2260 Latinorum
1589 2241 1740 2268 usurpasse
1756 2235 1796 2262 ¹³;
1811 2236 1881 2269 quod

1088 2287 1122 2306 eo
1135 2278 1244 2314 quidem
1263 2287 1346 2306 sensu
1361 2278 1464 2306 Graecis
1480 2283 1619 2311 vocatum,
1644 2280 1776 2314 nuspiam
1799 2289 1830 2308 se
1846 2282 1880 2307 le-

1089 2326 1162 2362 gisse
1177 2325 1302 2352 meminit
1314 2325 1356 2352 vir
1371 2325 1496 2352 eruditus
1518 2325 1600 2352 modo
1626 2326 1767 2354 laudatus.
1790 2325 1880 2362 Neque

1089 2380 1156 2400 sane
1169 2372 1254 2399 ullum
1267 2371 1350 2406 bujus
1364 2371 1439 2399 vocis
1451 2372 1607 2407 exemplum
1623 2392 1631 2404 ,
1653 2372 1753 2401 eadem
1777 2374 1879 2410 signiﬁ-

1087 2418 1195 2446 catione
1213 2418 1285 2453 apud
1301 2417 1412 2446 Graecos
1429 2423 1558 2452 acceptae,
1579 2418 1684 2454 profert
1707 2419 1832 2457 Cangius
1843 2421 1879 2454 ".

1089 2469 1177 2497 neque
1191 2462 1226 2490 ab
1239 2470 1271 2490 eo
1287 2462 1422 2490 excitatus
1436 2461 1564 2490 Petavius
1578 2464 1610 2490 ".

1124 2507 1259 2535 Cancrum
1271 2508 1382 2536 divitem
1397 2514 1527 2544 praetcrea
1545 2509 1633 2537 fuisse
1647 2511 1803 2546 aliquando
1815 2511 1877 2540 Iler-

1088 2561 1161 2581 mam
1178 2554 1210 2587 “,
1228 2562 1396 2590 uxoremque
1409 2555 1522 2583 duxisse
1536 2563 1570 2583 ex
1593 2564 1648 2591 qua
1666 2557 1738 2586 ﬁlios
1753 2566 1878 2594 suscepe—

1088 2600 1123 2627 rit
1138 2600 1170 2632 "’,
1189 2608 1250 2636 qua:
1266 2605 1355 2628 tamen
1372 2601 1424 2637 ipsi
1440 2602 1534 2637 futura
1545 2608 1602 2630 erat
1618 2611 1716 2637 soror;
1733 2605 1770 2632 ita
1786 2613 1878 2641 nempe

1396 2675 1543 2707 'Fontan.,
1572 2673 1646 2701 Hist.
1673 2674 1761 2702 litter.
1790 2674 1873 2709 Aquit.

1283 2709 1420 2739 'ldIibid.
1439 2712 1490 2738 vis.
1504 2719 1536 2741 ii,
1555 2717 1617 2744 cap.
1645 2710 1672 2738 l.
1711 2711 1722 2726 ⁸
1744 2709 1784 2738 ld.
1802 2710 1873 2744 ibid,

247 2742 425 2782 viszlecap.
441 2745 467 2772 1.
486 2742 504 2760 ’³
516 2742 701 2782 ΙΠἋίᾉΙιιιίηιιιὶ
718 2743 854 2782 δὶιιιίῐζικ,
869 2751 929 2782 cap.
945 2744 971 2772 l.
995 2744 1153 2782 "hl._ibid.,
1165 2742 1248 2775 simil.
1264 2755 1296 2775 ιι.
1326 2746 1431 2782 “Virg.
1448 2746 1542 2782 Georg.
1563 2742 1611 2772 lib.
1628 2753 1650 2777 ι,
1665 2754 1746 2782 νει-δζ
1761 2745 1788 2773 2.
1809 2743 1872 2772 “Id.
1900 2758 1901 2762 π

249 2776 328 2808 ibid.,
346 2776 444 2809 lib.'II,
462 2786 533 2806 vers.
554 2779 597 2807 89.

250 2847 303 2873 vis.
318 2854 349 2879 ιι,
361 2856 421 2883 cap.
431 2848 449 2875 2
461 2853 488 2876 et
499 2849 525 2876 3.

261 2778 328 2817 bid,
346 2778 447 2817 lib.__II_,
462 2779 597 2817 vers._89.
651 2778 774 2817 "Herm.
786 2778 867 2817 ΔΡηει.
880 2779 928 2807 lib.
947 2780 1100 2817 ιῃεὲ-ιιὶιιιιιἶ
1116 2778 1150 2815 ν,
1162 2790 1222 2817 cap.
1247 2783 1272 2809 l.

246 2811 357 2850 Στάσις.
397 2813 418 2829 ¹³
429 2813 522 2852 Pelag.
544 2815 570 2841 in
586 2818 642 2842 not.
659 2814 692 2841 ad
714 2813 860 2849 Epiphan.,
875 2821 940 2851 pag.
960 2815 1023 2842 356.
1065 2811 1185 2846 "licini.
1197 2811 1293 2850 Ῥασι..
1316 2817 1364 2846 lib.
1381 2826 1407 2852 I,
1421 2811 1480 2845 “vis.
1502 2824 1547 2850 tu,
1563 2824 1623 2852 cap.
1639 2817 1667 2844 ﬁ.

1327 2782 1348 2798 ιδ
1361 2780 1465 2817 (larig.,
1486 2780 1606 2809 GIouar.
1628 2781 1699 2808 med.
1725 2780 1826 2812 (ἔγ-σε..
1848 2787 1871 2807 v.

1327 2818 1364 2845 ib.
1381 2826 1407 2845 r.
1429 2818 1480 2845 vis.
1502 2824 1547 2845 ni.
1563 2824 1623 2845 can.
1639 2817 1667 2844 ﬁ.
1711 2816 1780 2845 πω.
1802 2816 1871 2845 ibid“
