1920 3104
44 162 88 191 865

647 155 797 185 PASTOH.
818 171 851 176 —-
869 157 1051 188 PHOGSMIA.

1605 160 1657 191 86¢

43 229 111 252 sum
135 224 187 249 at:
201 220 255 248 tori
267 227 323 248 usu
337 220 495 253 dissociata,
507 227 564 248 non
584 221 703 256 amplius
720 220 815 248 uxoris
828 221 852 250 A
867 221 973 249 nasiani
990 222 1078 257 pretio
1093 222 1128 252 cl.
1143 223 1278 252 editorem
1299 220 1395 249 audire
1408 220 1509 256 juverit
1528 220 1562 248 ”.
1577 229 1586 246 ι
1603 219 1660 248 Do-

44 276 142 298 munere
157 267 329 303 fungeretur,
347 272 465 294 testatur
489 267 604 303 ipsemet
624 271 731 295 auctor.
761 266 815 294 Sed

44 315 105 350 quod
127 314 165 342 rei
184 317 268 348 caput
290 317 344 345 est,
368 311 500 341 Ecclesia
521 312 652 341 Romana
675 314 816 350 presbyter

43 365 93 389 erat
105 364 191 388 thel'
203 358 330 391 Hermas,
345 366 377 387 eo
390 363 512 394 tempore
527 366 585 394 quo
599 366 679 386 suum
694 358 815 386 Pastoris

44 414 101 442 opus
114 406 270 434 scribebat:
291 405 364 440 quod
374 405 484 440 quidem
496 405 558 440 jure
576 405 720 440 collegisse
741 406 816 433 vide-

43 457 80 479 tur
96 451 246 478 Dodwollus
262 450 272 467 ¹
287 470 295 476 .
316 459 325 476 ι
338 449 454 478 Jubetur
469 450 543 478 enim
557 451 633 486 ipse,
655 450 743 486 inquit
774 451 816 478 vir

43 498 149 529 criticus,
167 497 222 524 duo
234 495 443 523 Revelationum
460 503 573 523 suarum
586 495 751 531 exemplaria
766 496 815 523 de-

43 544 147 572 scribere
163 542 201 569 “:
223 543 358 570 Clementi
374 543 492 570 alterum
506 542 540 570 ad
564 546 674 570 exteras
690 542 815 570 civitates

43 589 288 617 transmittendum:
301 589 418 616 alterunt
433 588 552 624 Grapta,
565 589 655 616 viduis
669 589 813 624 legendum

43 635 211 670 orpltanisque
240 635 293 662 sub
309 635 454 662 viduarum
470 643 535 662 cura
558 634 709 663 institutis:
732 643 813 663 suum

42 689 97 710 vero
106 682 211 709 tertium
226 681 377 716 exemplar,
391 679 521 708 Ecclesia
541 680 674 709 Romana
698 682 816 709 seniori-

43 727 86 755 bus
99 734 142 754 seu
163 727 343 762 presbyteris,
357 727 446 761 ipsum
470 727 560 763 legere
578 728 721 763 oportebat
744 727 814 755 ller-

42 780 112 799 mam.
124 771 200 800 Sicut
213 779 280 806 ergo
295 771 445 801 Clementis
464 772 593 801 Ecclesia
608 773 738 802 Romana
757 775 816 810 epi-

42 818 105 853 scopi
121 826 220 846 munus
235 823 298 846 erat
312 819 346 846 ad
361 819 482 855 reliquos
504 825 660 848 exterarum
680 820 816 849 Ecclesia-

42 871 92 890 rum
108 863 250 898 episcopos
263 864 388 891 mittendi
404 864 525 892 libellum
538 873 546 898 ;
560 870 587 893 et
597 865 705 901 Grapta
717 866 814 899 vidua,

42 908 132 943 legendi
154 909 268 945 collegis
296 909 389 937 viduis
413 915 441 938 et
455 911 605 946 orphanis:
624 912 665 940 sic
678 920 745 940 sane
767 913 814 948 qui

41 953 154 983 Ecclesia
173 954 307 983 Romana
330 956 498 992 presbjteris
521 958 731 987 renuntiaturus
755 964 816 987 erat

41 999 140 1028 Hermas
153 1019 162 1032 ,
187 1000 313 1035 ejusdem
332 1001 434 1036 p'ariter
461 1001 591 1031 Ecclesia
610 1004 700 1039 ipsum
731 1004 817 1033 fuisse

41 1045 214 1082 presbyterum
241 1051 304 1074 erat
323 1053 550 1077 consentaneum.
569 1059 578 1075 t
611 1049 749 1078 Hactenus
774 1051 816 1078 vir

41 1092 78 1119 ille
87 1092 215 1121 eruditus.
225 1092 288 1120 Alia
300 1093 412 1128 insuper
423 1096 555 1123 nonnulla
564 1096 597 1123 de
610 1101 703 1124 nostro
715 1096 816 1125 Herma

40 1137 108 1167 libuit
118 1141 247 1170 adnotare
261 1141 417 1170 Hosltemio
429 1142 464 1175 '°,
479 1151 541 1179 qua
553 1148 645 1172 tamen
666 1144 739 1172 haud
758 1152 818 1173 ma-

41 1185 78 1219 gni
89 1185 167 1214 refert
180 1195 339 1216 recensere.

40 1252 94 1294 Car.
112 1253 142 1295 ll.
163 1255 367 1296 Opus_ﬂ_ernu_e,
380 1257 488 1287 Pas't'on
498 1258 665 1296 inscriptum.
682 1259 722 1288 De
741 1260 818 1290 Gr¢~

70 1291 104 1315 cis
118 1291 172 1325 ejus
190 1291 311 1326 laciniis,
328 1291 410 1329 deque
422 1298 505 1322 vetere
519 1291 618 1322 Latina
633 1297 763 1324 versione.

70 1335 131 1363 lllud
142 1337 232 1372 potius
243 1342 340 1366 notatu
353 1339 464 1376 dignum
474 1342 605 1375 occurrit,
618 1343 691 1377 quod
704 1341 819 1371 Hermas

42 1380 64 1407 in
75 1382 126 1410 suis
141 1383 297 1412 visionibus
312 1385 501 1413 describettdis
520 1385 683 1414 Zachariam
700 1389 819 1423 prophe-

42 1433 88 1455 tam
101 1429 220 1458 imitatus
234 1431 378 1465 videatur;
391 1431 457 1468 quin
470 1436 498 1470 et
513 1442 523 1458 ι
537 1440 607 1468 opus
619 1441 700 1461 suum
713 1441 746 1462 eo
763 1439 819 1462 tant

42 1473 159 1509 singulari
172 1483 304 1504 exarasse
318 1477 389 1513 stylo
399 1477 584 1511 existimatur,
600 1480 674 1514 quod
690 1479 770 1508 illum
783 1480 819 1509 ad

43 1520 186 1549 alliciendos
199 1523 409 1558 movendosque
422 1524 565 1551 hominum
590 1525 711 1560 animos,
736 1531 819 1563 atque

866 268 964 300 ctrina,
978 268 1078 304 inquit,
1091 269 1126 296 ad
1138 269 1299 297 Antiochum
1315 268 1418 300 ducem,
1435 267 1516 294 otiosi
1538 265 1659 293 hominis

866 318 1066 349 commentum,
1085 322 1119 343 eo
1145 320 1237 343 tamen
1265 314 1376 342 nomine
1398 312 1516 348 pretiosa
1535 316 1563 340 et
1583 318 1660 339 com-

866 360 1020 388 mendanda
1048 366 1101 394 est,
1122 362 1195 397 quod
1217 369 1344 397 magnam
1365 359 1427 388 libri
1449 359 1570 386 Pastoris
1595 365 1661 394 par-

866 409 933 438 tem,
955 406 1035 442 cujus
1058 406 1152 435 Graca
1173 407 1280 442 jamdiu
1304 406 1444 439 interiere,
1467 405 1561 432 Graec
1579 404 1660 432 nobis

866 452 1011 487 exhibeat;
1027 458 1054 481 et
1067 454 1178 489 quidem
1195 454 1232 481 ita
1248 461 1357 488 puram,
1378 452 1415 480 ita
1432 451 1538 479 Latinis
1554 450 1660 478 Herm

866 497 989 526 Pastorit
1006 506 1167 532 consonam,
1187 504 1218 527 ut
1237 500 1269 527 ad
1288 500 1401 527 verbum
1415 507 1446 526 ex
1466 506 1499 526 eo
1521 503 1550 525 ut
1572 498 1660 532 pluri—

866 552 942 572 mum
955 546 1121 580 descriptam
1139 553 1201 573 esse
1217 546 1396 580 conspicuum
1415 545 1460 572 sit.
1474 543 1568 571 Primo
1582 551 1661 570 nam-

866 598 920 625 que
947 591 1064 625 scriptor
1095 591 1147 618 iste
1178 591 1345 618 Antiochum
1377 590 1456 617 nobis
1482 593 1660 624 reprasetttat

866 637 1014 665 adeuntem
1046 637 1076 665 S.
1103 638 1301 671 Athanasium,
1330 636 1499 664 inllrmitatis
1522 643 1661 670 corporea

865 690 965 716 causa;
980 687 1010 710 ut
1033 691 1088 711 una
1109 684 1239 719 precibus
1253 684 1312 711 suis
1325 683 1395 710 levet
1414 681 1616 717 aegritudinem,
1633 684 1661 707 ct

867 727 979 755 monitis
995 728 1068 755 viain
1087 733 1166 763 paret
1183 727 1218 755 ad
1235 728 1437 764 penitentiam.
1455 726 1524 754 Huic
1538 726 1661 753 Athana-

866 773 925 801 sius
949 773 1061 801 sanitati
1085 774 1225 807 restituto,
1250 774 1397 802 duodecim
1420 773 1546 801 Mandata
1563 772 1663 808 tradit,

866 827 927 854 qua
941 819 1009 847 nihil
1033 819 1106 847 aliud
1124 825 1189 848 sunt
1209 828 1291 855 quam
1317 820 1463 848 duodecim
1485 819 1531 846 illa
1555 818 1662 846 Hermw

867 865 989 893 Pastoris
1007 865 1150 899 Mandata,
1175 866 1276 901 quibus
1289 870 1399 894 constat
1421 865 1491 893 liber
1510 864 1661 898 secundus,

866 911 904 939 ita
919 915 1010 939 tamen
1029 915 1058 938 ut
1073 919 1127 938 non
1152 911 1256 947 integra
1278 919 1402 946 semper,
1423 911 1471 938 scd
1495 910 1661 946 quibusdam

867 957 1002 992 ademptis
1020 957 1125 984 aﬂ‘crat.
1142 956 1245 984 Deinde
1259 957 1345 984 multa
1361 957 1414 984 alia
1431 964 1463 984 ex
1479 957 1576 984 eodem
1590 956 1662 984 libro

867 1003 933 1031 hinc
947 1003 1009 1030 inde
1019 1009 1204 1036 consuuutur,
1217 1011 1249 1031 ac
1263 1008 1403 1039 postremo
1419 1010 1546 1038 magnam
1557 1007 1585 1030 et
1598 1011 1663 1038 pro-

867 1049 950 1076 lixam
982 1054 1076 1077 narrat
1105 1049 1233 1077 Antiochi
1261 1050 1406 1081 visionem,
1432 1057 1515 1084 quam
1539 1049 1604 1076 item
1626 1056 1662 1077 ex

867 1095 949 1124 tertio
964 1095 1086 1123 Pastoris
1101 1095 1172 1123 libro
1192 1100 1334 1123 mutuatus
1350 1100 1402 1122 est.
1419 1094 1477 1122 Hoc
1488 1095 1581 1130 itaque
1591 1103 1661 1130 opu-

868 1142 974 1170 sculum
991 1141 1055 1169 licet
1069 1142 1157 1177 prima
1173 1141 1263 1169 fronte
1283 1141 1360 1169 ﬂocci
1376 1142 1487 1176 quidem
1504 1141 1659 1169 iaciendum

868 1189 1006 1222 videatur,
1023 1189 1136 1216 maximi
1150 1194 1241 1216 tamen
1253 1193 1295 1216 est
1310 1189 1459 1222 momenti;
1480 1189 1581 1224 quippe
1596 1196 1659 1215 cum

868 1235 932 1264 libri
946 1236 1020 1263 illius
1036 1235 1223 1270 apostolorum
1239 1242 1297 1262 avo
1315 1234 1392 1267 editi,
1404 1240 1430 1262 et
1444 1242 1460 1262 a
1475 1239 1517 1262 tot
1534 1234 1661 1262 Patribus

869 1290 921 1310 nee
946 1282 1007 1310 sine
1033 1282 1114 1309 laude
1137 1281 1292 1313 memorati.
1314 1281 1400 1308 multa
1415 1285 1442 1308 et
1455 1281 1562 1316 prolixa
1580 1281 1661 1309 nobis

869 1328 1020 1363 fragmenta
1035 1327 1198 1363 suppeditet.
1221 1337 1230 1353 ι
1246 1326 1384 1354 Hactenus
1402 1326 1434 1354 V.
1445 1326 1478 1354 C.

905 1374 1038 1408 Quamvis
1052 1381 1117 1401 vero
1133 1377 1224 1401 textus
1237 1373 1344 1401 Hermae
1357 1373 1469 1401 Gracus
1482 1373 1660 1406 interciderit.

871 1419 976 1455 integra
997 1424 1089 1447 tamen
1113 1423 1204 1447 exstat
1231 1419 1420 1455 interpretatio
1448 1419 1557 1453 Latina,
1581 1420 1662 1455 cujus

871 1471 968 1493 auctor
990 1465 1101 1500 penitus
1126 1465 1324 1501 incompertus.
1341 1464 1394 1493 Sed
1410 1465 1538 1501 quisquis
1550 1465 1661 1493 demunt

871 1511 917 1539 ille
937 1511 1035 1544 fuerit,
1066 1511 1126 1547 ejus
1149 1517 1239 1539 tamen
1264 1511 1420 1539 versionem
1446 1512 1661 1540 vetustissimam

44 1565 71 1591 ad
83 1566 233 1595 tradendam
250 1557 407 1596 doctrinam
425 1577 503 1597 suam
523 1557 746 1605 aptissimum'et
764 1557 821 1601 elli-
833 1564 855 1595 ε
871 1566 932 1605 θξξθ
953 1562 1071 1605 conﬁt?”
1091 1562 1197 1605 ium?
1211 1565 1272 1593 qum
1292 1557 1454 1605 Tenumani
1475 1563 1554 1605 ‘9‘"?
1576 1559 1662 1586 fuisse

43 1612 206 1641 cacissimum
219 1614 371 1649 judicaret,
392 1624 402 1640 i
419 1619 449 1642 ut
475 1617 588 1651 conjicit
611 1617 653 1644 vir
668 1618 767 1647 doctus
784 1620 819 1649 “.

43 1656 116 1685 Aliter
131 1663 219 1688 tamen
233 1660 324 1687 visum
334 1661 440 1689 erudito
456 1661 596 1691 Dodwello
603 1664 635 1691 ".
652 1663 719 1700 Ejus
727 1671 819 1694 autent

43 1702 101 1731 liber
117 1705 236 1741 antiquis
260 1705 389 1735 Patribus
416 1707 474 1735 sive
490 1707 593 1737 Grauis
621 1710 679 1739 sive
700 1711 818 1746 Latinis,

43 1748 128 1778 Pastor
143 1757 189 1779 aut
202 1752 272 1780 liber
283 1752 406 1781 Pastoris
424 1755 526 1789 passim
547 1757 700 1791 appellatur
711 1755 723 1792 “;
744 1759 821 1788 inde-

43 1804 87 1830 que
100 1797 213 1827 fortasse
225 1799 350 1827 derivata
364 1800 551 1829 deuominatio
563 1803 733 1838 hujusmodi,
745 1806 819 1841 quod

44 1841 66 1868 in
81 1846 133 1871 toto
145 1844 230 1872 ferme
243 1853 329 1881 opere
343 1844 440 1874 Pastor
451 1847 591 1876 inducitur
609 1848 737 1878 Hermam
749 1852 820 1880 allo-

43 1896 117 1922 quens
132 1895 159 1918 et
180 1891 346 1920 int'ormans.
360 1891 439 1920 Nunc
453 1901 519 1922 vero
533 1894 623 1923 tribus
640 1896 821 1933 distinguitur

42 1934 119 1969 libris,
133 1946 251 1973 quorum
265 1939 372 1974 primus
393 1939 514 1968 Visiones
531 1949 570 1975 tv,
585 1944 724 1972 secundus
736 1944 820 1972 Han-

42 1981 97 2010 data
112 1992 159 2018 xtl,
170 1986 270 2014 tertius
287 1984 484 2014 Similitudines
497 1995 514 2015 ι
532 1989 734 2024 complectitur.
756 1990 820 2020 Hae

42 2033 120 2058 tamen
134 2032 233 2060 divisio
250 2034 454 2068 posterioribus
465 2035 618 2064 editoribus
637 2038 818 2073 ascribcnda;

43 2075 163 2110 siquidem
182 2078 259 2105 illam
279 2086 369 2113 neque
393 2086 460 2107 mss.
480 2081 757 2118 exemplaria,neque
772 2092 819 2112 ve-

43 2122 97 2149 tusti
111 2124 257 2159 scriptores
269 2129 425 2160 agnoscunt
434 2133 444 2158 ;
459 2126 526 2160 quin
538 2131 566 2154 et
584 2136 599 2154 a
618 2128 758 2157 codicibus
770 2130 819 2165 qui

44 2174 158 2204 superant
168 2171 266 2199 abesse
276 2171 397 2207 capitum
407 2172 547 2206 lemmata,
556 2173 709 2203 Cotelerius
717 2175 820 2212 aliique

43 2215 216 2245 observarunt.

72 2261 124 2291 Hoc
137 2269 226 2292 autem
243 2272 314 2300 opus
329 2264 422 2293 Graece
443 2266 562 2302 primum
587 2266 673 2296 fuisse
687 2267 819 2304 scriptum
836 2245 859 2272 ῃ

43 2314 113 2336 nemo
135 2311 223 2338 nescit
250 2320 258 2338 :
278 2311 425 2339 dolendum
443 2317 534 2340 tamett
549 2313 623 2348 quod
642 2318 732 2342 textus
748 2314 822 2350 jam-

43 2353 131 2383 dudum
146 2360 300 2392 temporum
313 2358 414 2393 injuria
431 2359 470 2386 sic
483 2359 625 2393 exciderit,
644 2364 673 2387 ιιι
689 2361 820 2390 nonnulla

45 2404 135 2429 tantum
151 2403 210 2431 loca
238 2405 390 2439 supersint,
413 2406 593 2433 vetustiorum
616 2406 727 2434 Patrum
744 2407 817 2435 Gra-

43 2453 126 2475 corum
140 2450 270 2485 operibus
291 2451 406 2479 intexta.
432 2451 540 2485 Quibus
566 2452 677 2487 quidem
698 2453 818 2486 laciniis,

44 2491 67 2519 in
83 2494 173 2528 primis
191 2503 257 2524 vero
280 2496 441 2532 fragmentis
459 2498 493 2525 iis
509 2506 570 2533 qua
587 2499 655 2526 satis
673 2499 758 2526 multa
770 2507 818 2527 oc-

43 2544 144 2568 currunt
171 2542 199 2569 in
227 2542 356 2570 Doctrina
379 2544 414 2570 διά
438 2544 597 2571 Antiochum
618 2545 722 2579 ducem,
747 2546 818 2573 inter

44 2584 172 2614 Athanasii
187 2589 361 2624 suppusititia
385 2589 504 2625 primum
522 2597 537 2617 a
557 2589 716 2618 doctissimo
729 2590 819 2618 Mont~

44 2628 158 2660 lautonio
169 2635 306 2669 evulgata,
321 2635 428 2670 jactura
435 2635 593 2671 hujusmodi
606 2640 746 2671 utcunque
758 2643 818 2663 sar-

44 2676 86 2705 riri
108 2684 201 2714 potest.
227 2680 330 2708 Verum
351 2682 385 2709 de
401 2681 483 2717 hujus
502 2681 592 2716 operis
609 2681 818 2717 pseudo-Atha-

871 1602 979 1632 videtur
994 1603 1123 1632 Ecclesia
1141 1603 1278 1631 Africana
1292 1604 1453 1638 notissima;
1475 1604 1549 1638 quod
1567 1605 1663 1639 utique

871 1654 965 1684 aperte
980 1650 1118 1685 colligitur
1129 1658 1161 1678 ex
1174 1650 1235 1684 ejus
1250 1649 1320 1677 libro
1337 1650 1374 1677 De
1386 1651 1515 1685 oratione,
1532 1651 1604 1678 unde
1624 1652 1663 1679 lo-

870 1703 934 1723 cum
955 1695 1131 1730 desutnptum
1160 1695 1231 1722 inter
1255 1699 1376 1722 veterum
1395 1695 1550 1723 testimonia
1566 1697 1662 1724 retuli-

871 1749 943 1770 mus.
959 1741 1056 1768 Merito
1072 1741 1155 1776 igitur
1176 1749 1191 1768 a
1207 1741 1274 1769 viris
1294 1741 1410 1769 eruditis
1431 1743 1542 1777 explosa
1556 1742 1661 1771 Bartltii

871 1788 1017 1820 sententia,
1032 1787 1154 1814 Pastoris
1175 1787 1327 1815 versionem
1342 1788 1488 1816 Anastasio
1511 1788 1662 1817 Bibliothe-

871 1834 946 1861 cario
961 1833 1122 1861 ascribentis
1134 1834 1157 1849 ’⁸
1170 1842 1178 1861 :
1194 1841 1256 1868 qua
1269 1833 1374 1861 scilicet
1391 1833 1470 1869 longe
1483 1839 1546 1861 ante
1563 1834 1661 1862 Hiero-

871 1887 965 1915 nymo,
988 1879 1098 1913 Rullno,
1123 1879 1257 1907 Cassiano
1277 1879 1394 1915 aliisque
1417 1880 1564 1908 Anastasio
1588 1881 1662 1909 anti-

870 1926 1017 1961 quioribus
1045 1926 1174 1954 Patribus
1201 1930 1341 1961 comperta
1370 1925 1456 1954 fuisse
1485 1927 1659 1962 perhibetur;

870 1978 979 2005 quaque
1003 1971 1115 2006 insuper
1139 1978 1205 1998 usus
1228 1971 1394 2006 comperitur
1415 1976 1539 2000 vetustus
1563 1977 1662 2001 auctor

871 2017 991 2044 homilia
1019 2016 1058 2044 De
1078 2017 1241 2045 aleatoribus
1266 2018 1337 2046 inter
1355 2026 1438 2053 opera
1463 2018 1608 2054 Cypriani,
1631 2024 1661 2047 ut

870 2063 940 2091 alios
962 2067 1167 2098 praetereamus.
1189 2063 1256 2098 Qua
1277 2072 1343 2092 vero
1368 2065 1460 2092 subdit
1473 2065 1544 2093 idem
1560 2073 1661 2094 censor

869 2109 904 2137 de
927 2109 979 2136 hac
1006 2109 1119 2144 antiqua
1146 2111 1273 2138 versi0ne
1294 2110 1395 2146 quibus
1414 2111 1488 2138 illam
1507 2112 1661 2147 deprimere

870 2159 997 2188 conatur,
1019 2155 1130 2184 levioris
1148 2161 1213 2184 sunt
1233 2156 1364 2184 momenti
1381 2164 1463 2192 quant
1481 2163 1510 2185 ut
1524 2158 1551 2186 in
1567 2157 1601 2186 iis
1615 2167 1660 2187 re-

871 2202 994 2230 l'ellendis
1005 2206 1112 2238 tempus
1124 2203 1306 2231 insumamus.

871 2258 936 2286 Car.
956 2257 1000 2286 ΙΙΙ.
1022 2258 1169 2295 Quantoiiit
1185 2261 1268 2294 pretio
1283 2261 1354 2295 apud
1377 2260 1490 2288 Patrum
1510 2263 1660 2289 vetustissi-

904 2302 960 2320 mos
977 2295 1107 2322 habitum.
1132 2294 1214 2322 Valde
1230 2294 1368 2330 uti/e'jure
1379 2297 1572 2324 existimatum.
1591 2297 1661 2325 Hinc

907 2330 1038 2365 immerito
1062 2339 1078 2356 ιι
1099 2330 1233 2357 nonnullis
1255 2332 1420 2365 "probatur.
1450 2332 1596 2360 Solvuntur
1611 2334 1661 2360 ali-

905 2368 969 2400 quot
979 2364 1148 2405 obiectiones,
1168 2366 1201 2392 ab
1213 2364 1383 2401 antiquorum
1405 2367 1518 2394 Patrum
1543 2369 1660 2395 auctori-

907 2404 961 2425 tate
973 2404 1072 2425 uetita.

907 2404 961 2426 tute
972 2404 1072 2434 petita.

905 2444 1015 2473 Patrum
1031 2446 1243 2482 antiquissimis,
1256 2447 1358 2475 Gracis
1377 2448 1402 2475 in
1419 2448 1526 2483 primis,
1542 2453 1617 2476 tanto
1631 2449 1658 2476 in

870 2496 958 2530 pretio
984 2494 1036 2522 fuit
1058 2494 1164 2522 Henna
1187 2494 1296 2527 Pastor,
1322 2499 1482 2529 tantumque
1498 2494 1569 2527 apud
1583 2495 1659 2530 ipsos

869 2542 1032 2569 auctoritate
1052 2542 1148 2575 valuit,
1165 2546 1195 2569 ut
1211 2542 1245 2568 ab
1265 2548 1361 2569 eorum
1385 2541 1534 2572 nonnullis,
1551 2547 1579 2567 ut
1594 2547 1659 2576 pula

871 2587 983 2622 Irenaeo,
1002 2588 1142 2616 Clemente
1168 2587 1353 2614 Alexandrino
1376 2592 1459 2622 atque
1482 2586 1599 2622 Origene
1623 2588 1658 2618 ’⁵.

871 2634 954 2662 fuerit
969 2635 1040 2662 inter
1053 2633 1200 2662 canonicas
1216 2634 1373 2668 Scripturas
1386 2633 1538 2660 rcccnsitus
1556 2642 1562 2660 τ
1576 2633 1659 2661 adeo-

871 2688 925 2716 que
937 2681 1006 2708 nihil
1020 2680 1131 2712 ntirum,
1150 2679 1175 2707 si
1192 2687 1262 2714 opus
1276 2679 1343 2706 illud
1372 2679 1399 2706 in
1423 2678 1545 2714 antiquis
1558 2679 1659 2706 biblio-

75 2747 94 2763 "
106 2747 196 2786 Dodw.
213 2749 242 2776 in
263 2749 348 2778 addit.
359 2749 392 2778 ad
410 2749 503 2786 Pears.
515 2750 594 2786 Opp:
608 2754 678 2785 post.
695 2757 756 2786 pag.
774 2749 836 2786 1796.
848 2755 877 2778 et
890 2750 917 2778 in
931 2749 1047 2777 Dissert.
1064 2749 1147 2786 sing,
1161 2748 1316 2786 ibid.,_pag.
1333 2747 1394 2786 1758.
1435 2749 1456 2764 "
1467 2747 1561 2786 Herm,
1577 2747 1653 2786 Post.

44 2780 83 2808 lib.
101 2790 125 2816 ι,
139 2785 189 2812 vis.
209 2792 240 2816 tt,
253 2792 312 2821 cap.
327 2786 355 2813 4.
393 2786 416 2802 ⁸⁸
426 2780 564 2813 Μοειιθηὶξ
579 2780 671 2812 Ιηέιὶι.

45 2821 103 2843 tom.
113 2817 132 2843 Ι.
155 2827 215 2843 nam
227 2819 271 2843 57.
311 2821 333 2837 ³³
343 2820 434 2843 Dnrlw.
451 2820 561 2843 Dium-1.
576 2829 594 2843 II
608 2821 636 2843 in
658 2819 671 2843 I

96 2837 132 2850 --r

718 2784 766 2820 iit.
779 2785 881 2813 Christ.
900 2785 1073 2820 major..pag.
1095 2784 1159 2811 225.

172 2827 215 2854 ag.
227 2819 271 2847 57.
286 2819 294 2821 Ὗ
311 2821 333 2856 ξ’
341 2820 434 2848 Dodw.
450 2820 561 2856 Dissert.
575 2829 594 2848 ιι
608 2819 739 2856 inirem,
757 2819 836 2856 §xvr,
863 2829 889 2856 p.
908 2820 971 2854 120,
987 2825 1023 2856 et
1034 2820 1062 2847 itt
1075 2820 1166 2856 addit.
1187 2820 1223 2856 ad
1235 2819 1345 2856 years.

1198 2783 1433 2846 "Noui-naxon
1449 2783 1484 2811 ad
1495 2783 1566 2810 Bibl.
1586 2783 1656 2816 I'P.,

1198 2820 1223 2846 td
1250 2819 1345 2846 Pears.
1390 2827 1434 2846 on.
1448 2824 1531 2846 oost..
1545 2827 1572 2846 ι).
1591 2819 1656 2846 197.

1523 2827 1572 2854 ,p.
1591 2827 1656 2846 aut.

44 2824 132 2867 amt,
149 2827 215 2882 pag.
227 2824 271 2847 57.
311 2824 333 2837 ¹¹
341 2824 434 2848 Dodw.
450 2824 561 2848 ωηεν-ι.
575 2829 594 2848 ιι
608 2824 636 2847 in
655 2824 739 2854 trem,
757 2824 836 2860 5x“,
863 2829 889 2856 p.
908 2824 971 2854 120,
987 2825 1015 2847 et
1034 2824 1062 2847 itt
1082 2824 1166 2847 addtt.
1186 2824 1223 2861 ad
1251 2824 1345 2847 Pears.
1364 2824 1531 2882 Optnéostq
1545 2827 1577 2860 ρ..
1591 2824 1656 2859 uti.

45 2884 63 2891 ῃ
80 2851 167 2881 Hont.
183 2855 283 2883 Athan.
296 2855 375 2891 ppp.
401 2860 467 2891 tom.
492 2855 524 2886 ll,
555 2863 582 2890 p.
598 2855 667 2888 251,
692 2855 804 2889 Home,
823 2863 850 2883 n.
874 2855 934 2883 lli.
972 2854 996 2872 "
1006 2854 1102 2883 Barth.
1119 2861 1167 2882 not
1186 2864 1213 2883 ιιι
1233 2854 1326 2884 Herm.
1339 2862 1400 2891 pag.
1416 2853 1432 2882 8
1471 2873 1480 2882 .
1519 2854 1657 2882 “vadosis

45 2884 124 2915 Veter.
139 2891 276 2918 testimon.
295 2884 401 2918 Hei-ina
415 2884 523 2919 Pastori
535 2884 685 2926 piamiss'a.
