1920 3104
246 145 297 175 831

973 147 1003 174 b.
1023 147 1156 174 HILHMAL

1840 152 1887 178 ωδ

247 214 309 234 rum
336 205 479 234 codicibus
505 210 588 241 atque
620 207 648 235 in
676 212 799 236 veterum
826 207 1039 241 Stichometriis.
1056 210 1078 238 A
1091 213 1198 243 ptorum
1212 212 1328 235 veterum
1341 217 1484 244 usurpasse
1499 209 1652 237 testimonia
1670 208 1808 237 declarat.
1833 208 1889 238 F11:

247 252 315 281 Novi
337 252 461 281 Fmderis
487 253 566 281 libris
585 254 742 289 subjectum
771 255 931 289 reperiauir.
956 255 1043 282 Atha~

247 299 343 326 nasius
364 306 441 330 vero,
471 297 655 334 Hieronymus
671 307 704 326 ac
725 298 841 326 Ruﬁnus
861 299 987 326 eumdem
1005 299 1042 326 lo—

247 352 310 371 cum
338 344 390 379 ipsi
417 343 583 377 attribuunt,
609 351 691 378 quem
717 341 865 378 Sapientiae
886 343 1041 372 Salomonis

247 390 360 417 nomine
382 389 531 424 inscriptae,
548 394 576 416 et
602 388 749 424 Sapientia}
778 388 884 422 §irach,
911 397 961 417 nec
985 397 1040 417 non

247 434 327 462 libris
344 433 453 467 Esther,
468 433 574 465 Judith,
591 433 685 461 Tobias
708 437 790 469 alque
819 433 1039 461 Machabaaorum

247 480 399 515 assignant.
418 478 480 507 Uno
496 480 591 512 verbo,
617 479 725 507 Hermae
741 479 841 506 Pastor
857 480 973 508 vetustis
989 479 1041 507 Pa-

247 526 335 554 tribus
366 526 468 561 passim
500 525 620 557 habitus,
654 533 707 552 non
734 525 845 560 quidem
862 526 947 553 veluti
972 526 1041 554 liber

247 573 409 605 canonicus,
423 573 469 600 sed
482 573 566 600 veluti
577 572 783 600 ecclesiasticus
798 577 825 600 et
835 573 946 608 optimae
957 577 1038 603 notat.

246 621 314 656 quin
330 624 358 648 et
377 620 492 647 maxime
507 619 669 647 necessarius
687 627 720 646 ac
736 619 905 653 utilissimus,
922 619 956 647 ad
978 618 1040 646 ﬁdei

245 667 374 701 dogmata
393 665 591 701 propugnanda
607 669 784 699 comparatus
797 685 804 697 ,
822 669 904 699 atque
925 664 960 692 ad
982 664 1040 699 plc-

246 712 289 740 bis
306 712 506 740 institutionem
526 711 730 746 quammaxime
746 711 871 738 idoneus.

281 758 394 790 Verum,
428 758 450 786 si
476 758 610 793 quosdam
639 757 746 791 audias,
773 756 987 784 Novatianorum
1013 761 1040 784 ct

245 804 458 839 Pelagianorum
484 803 546 831 fons
572 804 606 836 ",
632 803 891 831 Montanisticarum
910 802 1040 838 supersti-

245 851 351 878 tionum
365 857 463 885 gurges
478 849 622 885 fautorque
634 850 799 877 Arianorum
817 849 960 889 habendus
971 848 1039 876 Her-

245 905 305 925 mas
332 907 340 925 :
366 897 492 931 impurus
515 896 628 932 insuper
648 896 837 931 dogmatistes,
860 894 908 930 qui
935 895 1040 923 scilicet

245 944 361 973 liberum
385 943 530 971 arbitrium
552 943 586 976 ’⁷,
611 943 801 979 purgatorium
815 946 842 970 et
856 942 1038 970 monasticam

244 991 418 1020 solitudinem
434 994 541 1018 astruat
557 1000 563 1018 :
581 990 700 1025 denique
715 994 849 1024 tanquam
865 989 962 1016 larvati
980 996 1041 1024 pro-

244 1038 333 1072 phetae
361 1037 480 1071 somnia,
508 1036 569 1072 ejus
596 1036 698 1071 scripta
721 1035 884 1071 reputando,
914 1035 1039 1069 adeoque

244 1084 317 1111 inter
333 1082 508 1118 supposititia
525 1086 552 1109 et
574 1081 724 1109 haeresibus
751 1081 907 1116 fabulisquc
930 1081 1038 1115 oppleta

245 1127 404 1163 rejicienda.
434 1126 481 1155 Sic
508 1127 639 1154 nimirum
663 1127 829 1162 scriptorem
854 1126 1038 1161 apostolicum

243 1181 372 1201 censores
395 1173 439 1201 isti
455 1173 558 1201 morosi
577 1173 726 1207 exagitant,
752 1173 867 1208 ejusque
884 1170 1037 1205 Pastorem,

245 1221 401 1256 praestantia
426 1224 453 1248 et
481 1220 600 1248 utilitate
623 1219 884 1253 commendandum,
915 1223 998 1254 atque
1022 1225 1038 1245 a

245 1267 441 1295 vetustioribus
461 1265 592 1294 Patribus
617 1269 759 1300 tantopere
778 1258 947 1293 celebratum
967 1264 1039 1292 infa-

245 1318 331 1341 mant.
362 1313 490 1341 Attamen
519 1319 615 1339 eorum
648 1312 855 1339 criminationes
885 1311 1039 1339 levissimas

245 1367 307 1387 esse
323 1359 481 1394 nulliusque
497 1357 638 1394 ponderis,
650 1358 808 1393 complures
818 1357 870 1385 viri
883 1358 1039 1386 doctissimi

246 1404 437 1440 prodiderunt.

281 1451 378 1486 Agesis
396 1457 481 1482 nunc,
494 1457 529 1478 ne
545 1449 715 1485 objectiones
727 1448 760 1476 ad
778 1455 862 1476 uuam
877 1455 976 1475 omnes
997 1452 1039 1475 ta-

246 1497 295 1524 citi
309 1496 476 1532 prarteriisse
496 1496 631 1529 dicamur,
648 1503 695 1523 cas
712 1495 807 1523 saltem
820 1502 882 1530 quae
897 1502 913 1521 a
926 1493 1039 1522 Patrum

246 1543 410 1572 auctoritate
434 1546 606 1578 repetuntur,
623 1541 670 1569 bic
691 1540 819 1568 ducimus
838 1540 1037 1568 discutiendas.
1052 1554 1077 1585 ο

247 1588 320 1616 Inter
337 1588 398 1616 illas
411 1595 478 1615 vero
494 1587 631 1623 praecipua
648 1594 664 1614 θ
685 1585 714 1613 S.
739 1585 907 1621 Hieronymo
928 1585 1040 1613 desum-

248 1639 294 1670 pta
305 1635 437 1668 occurrit,
450 1635 530 1669 cujus
546 1633 605 1661 haec
624 1636 689 1660 sunt
704 1632 786 1659 verba
801 1641 807 1659 :
820 1631 899 1658 Liber
911 1631 956 1659 ille
973 1639 1039 1667 apo—

246 1682 373 1717 cryphus,
390 1681 481 1716 inquit
501 1681 534 1714 ³⁸,
557 1679 680 1707 stultitia;
705 1679 919 1706 condemnandus
941 1683 990 1712 est,
1011 1679 1040 1706 in

247 1737 298 1765 quo
321 1729 450 1763 scriptum
475 1732 514 1754 est
534 1727 674 1763 quemdam
700 1726 822 1761 angelum
847 1726 951 1752 nomine
977 1725 1040 1760 Tyri

247 1785 359 1812 prwesse
382 1776 530 1811 reptilibus.
554 1774 615 1808 Quo
641 1775 706 1801 loco
728 1773 868 1801 nonnullis
894 1773 970 1800 visus
998 1775 1041 1800 est

248 1828 363 1851 sanctus
386 1823 482 1850 doctor
498 1821 605 1849 Hermae
621 1820 731 1847 Pastori
747 1819 896 1847 severioris
917 1825 1041 1847 censurae

247 1874 341 1897 notam
367 1869 512 1901 inussisse,
540 1867 606 1895 illud
633 1874 731 1901 nempe
753 1866 804 1893 viri
828 1865 972 1900 apostolici
996 1864 1041 1892 di-

247 1920 322 1943 ctum
334 1915 485 1950 respiciens
499 1914 522 1930 "
548 1923 555 1940 :
585 1913 660 1940 Misit
681 1912 810 1939 Dominus
829 1911 951 1946 angelum
962 1918 1042 1937 suum

247 1960 293 1995 qui
311 1963 350 1986 est
373 1967 453 1994 super
466 1958 573 1991 bestias,
596 1958 639 1985 cui
655 1966 749 1985 nomen
771 1961 810 1984 est
827 1957 938 1992 l1egrin,
953 1961 977 1983 et
993 1957 1041 1983 ob-

249 2005 348 2032 turavit
377 2013 406 2032 οι
432 2004 490 2039 ejus
517 2012 548 2030 ne
572 2008 596 2030 te
621 2003 776 2030 dilaniaret.
803 2002 883 2035 Hinc,
902 2003 1039 2038 inquiunt,

249 2049 357 2077 Hermae
379 2049 521 2076 Pastorem
552 2056 606 2076 non
646 2048 736 2075 solum
762 2049 913 2076 contemnit
944 2048 1041 2075 doctor

250 2095 400 2128 maximus,
421 2102 516 2122 verum
533 2095 616 2122 etiam
632 2095 746 2122 stultum
761 2102 823 2122 esse
838 2095 969 2122 decernit.
983 2093 1040 2124 Nat.

249 2150 266 2170 a
285 2149 349 2169 vero
372 2141 452 2176 longe
475 2141 602 2168 aberrare
624 2140 761 2174 videntur,
789 2141 836 2176 qui
861 2141 901 2169 sic
921 2141 1042 2169 rationes

250 2193 357 2224 putant.
374 2187 431 2215 Fac
445 2187 555 2215 demum
573 2188 723 2223 respexerit
739 2188 812 2216 hunc
829 2187 936 2216 Hermae
951 2189 1041 2216 locum

1092 259 1183 282 autem
1199 253 1382 290 Hieronymus
1398 260 1461 290 post
1485 256 1633 288 scribebat,
1658 263 1746 290 quam
1761 263 1842 283 suum
1865 256 1889 282 in

1092 299 1220 327 Habacuc
1234 299 1469 328 Commentarium
1483 301 1633 334 edidisset;
1652 301 1740 336 hujus
1752 301 1826 328 enim
1838 309 1888 328 me.

1091 345 1173 372 minit
1192 344 1220 371 in
1246 345 1341 372 eodem
1362 345 1434 372 libro
1448 345 1481 378 ",
1498 346 1544 373 ubi
1562 353 1613 373 sua
1628 346 1732 380 scripta
1746 351 1870 373 recenset
1886 355 1890 372 ;

1091 396 1122 418 ut
1138 395 1279 426 propterea
1301 390 1324 418 si
1342 391 1407 426 quid
1421 391 1448 418 in
1466 391 1594 418 Hermam
1612 392 1712 419 durius
1725 391 1825 418 litteris
1836 399 1884 417 an~

1092 442 1134 465 tea
1147 437 1308 470 tradiderat,
1326 437 1392 465 illud
1407 445 1470 465 vero
1485 438 1600 474 ipsemet
1616 443 1715 473 postea
1732 437 1885 465 correxisse

1091 490 1123 511 ac
1136 483 1298 511 emendasse
1313 483 1449 511 videatur.

1125 528 1219 564 Neque
1235 529 1346 557 demum
1363 538 1408 558 res
1427 535 1469 558 est
1486 530 1555 558 adeo
1570 530 1726 565 explorata,
1746 534 1777 557 ut
1798 530 1888 557 locum

1090 573 1336 611 Hieronymianum
1350 575 1488 610 objectum
1503 576 1629 610 accipere
1641 575 1677 602 de
1689 583 1775 610 opere
1793 574 1889 602 Pasto-

1090 621 1128 648 ris
1143 628 1291 656 cogamur:
1308 629 1361 648 non
1373 621 1446 649 enim
1466 620 1540 656 Tyri,
1555 621 1602 648 sed
1620 620 1723 656 Hegrin
1738 621 1813 656 apud
1827 620 1889 647 ﬂer-

1090 674 1164 693 mam
1181 667 1263 694 hodie
1277 666 1482 702 legimus.Qu:e
1496 667 1605 702 quidem
1624 674 1676 694 vox
1687 667 1752 694 inde
1763 667 1888 694 fortassis

1094 716 1186 746 enata,
1200 717 1231 740 ut
1246 713 1353 741 erudite
1368 713 1436 741 satis
1451 713 1564 748 conjicit
1581 713 1616 740 cl.
1634 712 1804 745 Cotelerius,
1817 713 1888 748 quod

1090 759 1118 786 in
1146 757 1254 786 Hermae
1277 763 1352 786 textu
1388 760 1581 794 compendiosa
1604 759 1742 793 scriptura
1763 763 1886 786 exstaret

1090 812 1178 840 εγρηγ
1189 813 1196 837 ;
1212 805 1292 840 cujus
1302 809 1449 840 postremae
1457 806 1555 833 littera:
1565 805 1695 832 inferiore
1706 809 1786 840 parte
1797 812 1888 836 exesa.

1091 851 1196 885 putarit
1212 856 1290 878 vetus
1307 851 1442 886 interpres
1455 851 1597 886 legendum
1617 859 1719 887 εγρην;
1747 850 1888 885 bujusque

1096 895 1222 924 lectionis
1239 897 1294 924 vim
1312 897 1524 932 haudquaquam
1545 893 1705 930 assecutus,
1717 897 1820 924 litteris
1838 896 1889 923 La-

1089 941 1155 968 tinis
1174 948 1269 969 vocem
1291 940 1413 969 Graecam
1438 942 1588 969 reddiderit
1607 941 1708 977 Hegrin
1723 950 1734 968 :
1757 949 1822 969 cum
1847 946 1888 968 ta-

1090 995 1152 1014 men
1183 987 1327 1022 legendum
1360 987 1458 1016 fuisset
1479 988 1640 1024 ὲγρήγορος,
1667 995 1699 1015 ac
1724 987 1887 1015 vertendum

1098 1031 1169 1067 Vigil
1185 1040 1218 1060 ex
1245 1032 1365 1061 Danielis
1381 1041 1441 1069 cap.
1460 1041 1499 1066 iv,
1523 1033 1569 1060 ubi
1584 1033 1750 1069 ὲγρηγόρου,
1768 1041 1818 1060 seu
1845 1032 1889 1059 γε-

1089 1079 1150 1115 gilis
1167 1079 1320 1108 ministerio
1345 1080 1494 1116 Babylonis
1509 1087 1556 1107 rex
1579 1079 1613 1107 ad
1634 1079 1739 1107 bestias
1756 1079 1888 1107 amanda-

1091 1125 1271 1161 tuslegitur:
1294 1134 1351 1161 quo
1372 1126 1442 1154 forte
1463 1126 1631 1161 apostolicus
1653 1126 1776 1160 scriptor
1799 1133 1890 1160 respe-

1090 1173 1172 1201 xerit.
1201 1173 1255 1199 Alii
1283 1181 1347 1200 vero
1362 1173 1396 1206 ⁸¹,
1420 1180 1453 1200 ex
1473 1172 1624 1200 Colbertini
1651 1173 1758 1200 codicis
1784 1180 1838 1199 ms.
1855 1172 1888 1198 le-

1090 1219 1180 1247 ctione
1194 1226 1256 1254 quae
1273 1218 1313 1246 sic
1326 1225 1356 1245 se
1376 1218 1456 1245 habet
1477 1226 1484 1246 :
1515 1217 1590 1245 Misit
1612 1217 1744 1245 Domitius
1766 1218 1886 1252 angelum

1089 1273 1167 1292 suum
1188 1273 1267 1299 super
1286 1264 1398 1291 bestiam
1417 1264 1493 1298 cujus
1511 1271 1605 1290 nomen
1619 1268 1658 1290 est
1679 1262 1797 1299 Hegrin,
1814 1263 1887 1290 colli-

1089 1315 1157 1346 gunt
1174 1310 1276 1346 Hegrin
1297 1317 1353 1337 non
1371 1309 1470 1345 angeli,
1488 1309 1535 1337 sed
1562 1309 1658 1337 bestiae
1684 1317 1789 1336 nomen
1818 1316 1886 1336 esse.

1093 1356 1188 1384 Graece
1215 1355 1345 1383 nimirum
1366 1355 1508 1390 scripserit
1532 1354 1649 1383 Hermas
1672 1354 1796 1390 ᾶῃοιος,
1823 1354 1887 1381 illud

1088 1403 1246 1431 Psalmista:
1280 1406 1409 1437 spectans
1427 1401 1451 1417 ³³
1468 1410 1475 1429 :
1508 1401 1677 1437 Ἐλυμῄνατο
1702 1401 1792 1436 αὐτὴν
1811 1398 1843 1431 ὗς
1858 1402 1888 1427 "ea.

1089 1448 1210 1485 δρυμοῦ,
1236 1448 1282 1474 καὶ
1309 1447 1401 1483 pomo;
1433 1447 1529 1483 ἄγριος
1551 1447 1759 1482 κατενεμήσατο
1793 1447 1885 1482 αὑτήν.

1091 1494 1286 1522 Extermt'navit
1300 1502 1358 1521 eam
1371 1494 1501 1529 (vineam)
1515 1502 1579 1529 aper
1592 1493 1623 1520 de
1635 1493 1715 1527 silva,
1727 1498 1753 1520 et
1768 1493 1887 1529 singula-

1091 1542 1128 1569 ris
1147 1542 1218 1577 ferus
1233 1541 1361 1576 depastus
1380 1545 1419 1567 est
1433 1548 1503 1567 eam.
1520 1539 1570 1567 Cui
1586 1539 1697 1575 quidem
1721 1540 1888 1575 conjectura

1091 1592 1239 1616 contextus
1263 1586 1356 1614 favere
1382 1586 1500 1614 videtur.
1516 1585 1658 1621 Siquidem
1678 1586 1752 1613 banc
1768 1587 1884 1614 bestiam

1090 1641 1221 1670 pressura:
1248 1636 1442 1667 superuentura:
1466 1632 1582 1667 ﬁguram
1604 1639 1677 1665 esse,
1694 1640 1763 1659 mox
1786 1632 1886 1660 ibidem

1091 1681 1162 1716 stylo
1177 1678 1366 1715 apocalyptico
1390 1678 1512 1706 declarat
1531 1677 1652 1706 Hermas
1676 1687 1683 1705 :
1715 1682 1748 1705 ut
1774 1679 1887 1714 proinde

1091 1733 1153 1753 cum
1173 1725 1256 1761 paulo
1273 1730 1336 1752 ante
1350 1724 1492 1759 scripserit
1513 1731 1529 1751 a
1540 1723 1657 1751 Domino
1674 1731 1760 1759 super
1773 1725 1887 1752 bestiam

1091 1772 1218 1807 angelum
1231 1771 1347 1799 missum
1371 1770 1467 1804 fuisse,
1489 1770 1576 1805 ipsius
1597 1770 1734 1798 sententia
1746 1770 1782 1798 de
1794 1762 1887 1806 angelo

1091 1825 1108 1845 a
1123 1818 1179 1845 Deo
1196 1818 1223 1844 in
1241 1816 1375 1844 auxilium
1390 1816 1612 1843 Christianorum
1631 1815 1763 1844 immisso
1788 1816 1824 1844 sit
1845 1824 1888 1844 ac-

1091 1862 1228 1899 cipienda,
1244 1863 1291 1898 qui
1305 1870 1353 1890 eos
1369 1863 1396 1890 in
1414 1870 1541 1897 pressura
1555 1866 1758 1897 superuentura,
1777 1870 1826 1890 seu
1843 1863 1887 1890 im-

1091 1911 1212 1938 minente
1229 1910 1419 1946 persecutione
1434 1909 1570 1937 solaretur
1589 1914 1672 1944 atque
1687 1909 1806 1937 foveret.

1127 1956 1282 1993 Opponitur
1297 1957 1409 1991 insuper
1425 1964 1457 1983 ex
1470 1956 1674 1991 antiquioribus
1689 1955 1885 1986 Tertullianus.

1092 2002 1140 2039 qui
1151 2003 1291 2030 Pastorem
1308 2003 1376 2030 dure
1396 2002 1585 2038 perstringens
1603 2002 1636 2036 “,
1654 2003 1825 2037 scripturam
1843 2011 1888 2029 ro-

1092 2054 1136 2078 cat
1161 2049 1358 2086 apocrypham,
1386 2047 1494 2083 falsam,
1515 2049 1678 2082 adulteram,
1706 2050 1833 2085 adeoque
1856 2050 1886 2076 ab

1092 2097 1220 2124 omnibus
1254 2095 1448 2123 ecclesiasticis
1483 2096 1664 2123 conventibus
1701 2096 1885 2131 reprobatam.

1093 2143 1147 2171 Sed
1164 2143 1222 2170 hinc
1247 2147 1311 2170 sunt
1335 2141 1509 2176 Tertulliani,
1533 2142 1698 2177 jampridem
1729 2143 1758 2170 in
1785 2142 1886 2170 Monta-

1092 2189 1229 2216 nistarum
1251 2188 1376 2216 haeresim
1393 2188 1514 2223 prolapsi
1531 2197 1538 2215 :
1560 2188 1633 2223 quod
1649 2195 1719 2215 sane
1733 2189 1761 2215 in
1783 2188 1886 2216 Hermae

250 2233 281 2262 S.
299 2233 499 2269 Hieronymus,
533 2242 598 2261 num
624 2243 689 2263 vero
711 2238 854 2270 eapropter
882 2234 1040 2262 universum
1057 2230 1079 2257 D
1094 2235 1201 2263 laudem
1217 2235 1260 2263 vel
1278 2235 1428 2270 plurimum
1450 2235 1533 2262 cedit.
1552 2234 1638 2262 Secus
1652 2235 1726 2262 enim
1741 2233 1887 2262 Tertullia-

249 2279 373 2308 Pattoris
389 2279 489 2306 librum
508 2279 553 2306 ille
569 2279 699 2314 rejecisse
713 2280 861 2308 dicendus?
877 2280 955 2314 Quod
967 2281 1040 2308 enim

250 2326 344 2360 aliquo
369 2326 396 2352 in
412 2333 493 2359 opere
517 2325 657 2360 quidpiam
685 2326 777 2353 minus
792 2331 865 2354 recte
879 2333 927 2354 aut
943 2334 1040 2362 parum

250 2378 331 2401 caute
345 2372 476 2407 scriptum
492 2372 554 2407 quis
572 2373 680 2408 detegat
704 2373 907 2407 pronuntietve,
926 2374 953 2401 id
977 2381 1042 2401 vero

251 2420 336 2447 totius
351 2419 443 2454 operis
458 2418 616 2446 auctoritati
639 2419 719 2454 plane
735 2419 852 2452 ofﬁcere,
879 2428 960 2448 nemo
978 2420 1041 2455 jure

250 2465 360 2494 dixerit.
388 2464 511 2498 Deinde,
537 2465 584 2500 qui
611 2465 669 2492 ﬁeri
697 2469 795 2501 potest,
822 2469 852 2493 ut
868 2469 980 2493 sanctus
997 2466 1042 2493 ille

251 2511 348 2539 doctor
370 2511 470 2538 acriter
486 2511 554 2538 adeo
576 2510 603 2537 in
633 2509 774 2538 Pastorem
795 2511 918 2539 invectus
948 2511 1041 2544 fuerit,

251 2565 331 2593 quem
361 2556 399 2584 De
411 2557 473 2584 viris
489 2555 636 2583 illustribus
654 2557 777 2584 scribens
791 2557 824 2590 '°,
851 2565 939 2584 revera
950 2556 1043 2584 utilem

251 2602 349 2630 librant
366 2603 493 2638 appellat,
521 2610 658 2638 quemque
682 2603 753 2638 apud
777 2603 908 2637 quasdam
933 2603 1043 2631 σηπίαι

252 2648 386 2676 Ecrlesias
405 2649 509 2683 publice
523 2648 574 2684 legi
589 2653 714 2682 testatur,
730 2648 878 2683 multosque
891 2649 922 2675 de
933 2656 962 2675 eo
976 2648 1044 2675 scri-

1094 2289 1147 2309 nus
1161 2280 1331 2308 orthodoxus
1345 2279 1409 2306 alibi
1423 2279 1543 2307 sensisse
1558 2279 1666 2306 videtur
1682 2278 1717 2305 ³⁵.

1130 2327 1182 2354 Alii
1198 2327 1279 2354 etiam
1307 2326 1456 2361 scriptores
1470 2325 1588 2361 Origene
1604 2325 1769 2353 vetustiores
1791 2325 1833 2353 vel
1851 2326 1886 2353 ei-

1094 2372 1156 2400 dem
1169 2381 1312 2408 suppares,
1331 2371 1453 2399 Pastoris
1469 2371 1590 2399 libellum
1606 2371 1633 2398 in
1654 2374 1884 2406 contemptionem

1095 2419 1243 2446 adduxisse
1256 2417 1448 2453 perhibentur,
1463 2425 1581 2452 quorum
1599 2417 1683 2445 tacito
1702 2418 1816 2445 nomine
1835 2425 1885 2445 me-

1095 2464 1175 2492 minit
1195 2464 1253 2499 ipse
1268 2462 1453 2490 Adamantius
1469 2462 1502 2489 ".
1522 2462 1623 2489 Verum
1647 2470 1710 2489 cum
1729 2463 1802 2490 idem
1828 2462 1885 2490 Ori-

1096 2518 1178 2546 genes
1191 2509 1257 2537 alibi
1273 2509 1382 2543 .scribat
1396 2508 1429 2542 ",
1449 2516 1520 2543 opus
1541 2507 1648 2535 Herma:
1665 2509 1742 2537 valde
1756 2509 1810 2536 sibi
1826 2510 1885 2536 utile

1093 2557 1195 2590 visum,
1211 2555 1356 2590 tradatque
1374 2555 1396 2571 ³⁸
1411 2555 1495 2582 simul
1512 2555 1578 2582 illud
1591 2554 1702 2589 quidem
1717 2556 1750 2582 ab
1767 2556 1884 2583 omnibus

1094 2610 1140 2637 pro
1151 2602 1240 2629 divino
1261 2609 1312 2628 non
1334 2600 1464 2634 habitum,
1489 2604 1678 2628 Verumtamen
1701 2601 1729 2627 in
1754 2601 1884 2628 Ecclesia

1095 2647 1282 2675 circumlatum
1295 2655 1304 2674 .'
1319 2647 1384 2674 hinc
1393 2646 1455 2682 jure
1466 2647 1529 2681 quis
1540 2651 1648 2682 arguat,
1657 2646 1769 2675 Patrem
1785 2648 1882 2675 doetis-

288 2737 311 2774 _‘_‘
326 2735 460 2774 Blondel.,
472 2736 661 2774 Apulogrpag.
682 2737 725 2765 l7.
747 2738 769 2774 ¹ξ¹
778 2736 867 2774 Rivet.
883 2737 953 2765 Crit.
964 2746 1031 2771 sac.,
1045 2738 1093 2765 lib.
1108 2747 1128 2771 I,
1140 2747 1201 2774 cap.
1217 2739 1260 2766 1‘2.
1299 2739 1321 2755 “
1331 2737 1620 2774 Hieron.,__Comment.
1636 2747 1665 2766 tn
1682 2738 1801 2771 Habac.,
1812 2748 1830 2772 ι,
1842 2740 1878 2767 li.

251 2771 274 2787 ”
284 2771 375 2808 Herm.
390 2771 466 2808 Part.
477 2772 523 2799 lib.
539 2780 558 2804 ι,
569 2771 620 2799 vis.
634 2771 669 2805 iv,
680 2780 740 2808 cap.
754 2772 781 2799 2.
802 2773 825 2808 "j
836 2772 958 2805 Hierom,
975 2774 1022 2801 lib.
1036 2773 1074 2801 De

252 2813 313 2840 cap.
326 2806 386 2843 [35.
407 2806 550 2843 '{N_ourr.,
561 2808 661 2843 Appar.
677 2806 796 2834 ad'Bibl.
809 2807 880 2841 PP.,
896 2813 962 2835 tom.
975 2807 997 2842 l,
1010 2817 1071 2843 pag.

253 2817 313 2840 cap.
326 2817 386 2833 100.
407 2817 428 2822 "
440 2817 550 2839 unum,
561 2817 661 2842 appar.
677 2817 710 2834 aa
726 2817 796 2834 mm.
809 2817 880 2841 I't'.,
896 2817 962 2835 tom.
976 2817 997 2842 I,
1010 2817 1041 2843 pa
1068 2830 1071 2831 ν

253 2849 318 2878 cap_._
335 2841 379 2878 10.
417 2841 486 2878 ξ’
502 2842 550 2869 lib.
565 2842 603 2868 De
613 2848 694 2875 orat.,
711 2851 770 2878 cap.
786 2843 830 2869 12.
870 2844 892 2860 ’⁸
903 2842 1025 2878 Origen.,
1041 2817 1076 2871 Bs

254 2875 282 2901 in
295 2874 381 2909 Epist.
394 2876 428 2902 ad
444 2876 519 2903 llum.
532 2885 588 2911 xvr,
604 2878 648 2905 Η.
687 2878 708 2894 ³⁸
718 2874 756 2906 ιύῖ
769 2878 916 2907 Comment.
934 2874 967 2906 ἰδῖ
976 2874 1085 2915 ΜαίιΙι.,

1088 2775 1138 2815 inlita
1153 2772 1266 2815 illustri”
1279 2782 1340 2809 cap.
1359 2773 1444 2815 l0._‘_‘
1455 2772 1578 2815 Hieron"
1705 2776 1756 2815 uir.
1776 2776 1879 2815 illusit,

1088 2809 1136 2850 65η.
1155 2809 1287 2850 "Psalm.
1301 2808 1395 2841 L’xxtx,
1405 2808 1451 2850 Mr;
1472 2808 1696 2850 “anertﬂllnlib.
1712 2810 1752 2837 De
1762 2811 1879 2850 pudiea,

1096 2845 1221 2879 princip.,
1238 2845 1293 2886 lib:
1307 2853 1343 2874 iv.
1361 2837 1421 2884 cap.
1433 2843 1469 2886 ‘2,
1490 2842 1505 2879 §
1521 2844 1590 2886 8..."
1608 2837 1718 2886 id.“
1739 2837 1879 2882 x'Expla:

1101 2888 1161 2915 cap.
1180 2888 1236 2916 xiv,
1252 2881 1318 2908 edit.
1328 2878 1446 2914 noviss.,
1460 2878 1528 2908 tota.
1544 2878 1578 2915 ll,
1593 2887 1622 2916 p.
1643 2880 1709 2908 6“.
