1920 3104
57 145 100 173 πω
665 142 814 171 PASTOR.
832 158 865 165 —
882 141 1059 171 ΡΒΟαΞΜΙΛ.
1614 149 1667 176 870

57 205 144 232 bimum
158 211 204 231 eos
225 204 376 240 scriptores
397 206 509 241 insuper
537 206 684 239 habuisse;
708 205 831 241 adeoque
846 207 868 235 A
880 206 968 241 psisse
991 206 1149 241 perhibetur
1171 206 1284 234 llermas
1309 207 1361 234 sub
1385 207 1534 235 Clementis
1557 209 1667 247 pontiti-

58 250 121 277 baud
145 250 309 278 nominatim
336 252 472 286 laudasse,
487 252 561 287 quod
581 252 624 279 vel
645 252 706 280 illos
726 252 830 279 nullius

56 303 108 322 esse
120 295 291 324 auctoritatis
311 297 458 330 censuerit,
477 298 520 325 vel
540 297 677 325 immerito
700 297 831 332 nulloque

57 341 179 368 rationum
195 342 317 376 pondere
332 343 367 370 ab
382 343 478 371 iisdem
492 342 577 371 fuisse
591 343 722 378 rejectum
741 343 830 370 eccle-

57 388 181 414 siasticum
204 387 306 415 librum
331 389 481 423 agnoverit.
503 388 562 416 Nisi
580 389 660 417 malis
681 389 829 424 corijicere,

57 433 196 468 bujusmodi
211 434 362 469 scriptores
380 434 489 470 Origeni
504 440 671 463 memoratos
687 441 830 471 eapropter

57 479 179 506 Putarem
197 480 367 515 contemptui
386 480 525 513 habuisse,
549 481 622 515 quod
641 486 735 509 contra
759 489 830 509 uon«

57 527 134 554 nullos
157 526 356 561 disceptarent,
382 528 428 562 qui
450 535 483 555 ex
510 535 544 555 eo
563 527 637 554 velut
656 527 683 554 in
697 535 828 555 canonem

58 572 245 607 Scripturarum
259 577 369 608 recepto
383 573 535 600 testimonia
554 573 752 608 depromerem,
765 573 829 610 qui-

57 618 100 645 bus
110 617 171 645 ﬁdes
186 617 268 645 fuerit
285 619 399 646 omnino
413 619 578 647 adhibenda.

86 663 139 696 Quo
152 664 233 692 etiam
254 672 337 692 sensu
357 664 474 693 fortasse
502 665 678 700 aceipiendus
699 664 828 700 Prosper,

56 709 172 736 Collatori
194 709 305 738 Hermae
327 711 517 738 auctoritatem
540 711 690 746 obiicienti,
704 712 764 748 ejus
789 718 829 739 le-

57 756 194 782 stintom'um
218 756 320 783 nullius
344 765 399 784 esse
424 757 593 785 auctoritatis
609 758 776 793 respondens
794 758 827 786 ".

58 801 98 829 Vel
113 802 199 837 potius
209 803 357 830 dicendum
369 811 430 831 cum
446 804 517 837 aliis,
529 803 692 839 Prosperum
706 809 830 840 propter-

56 855 82 875 ea
96 848 218 882 Pastoris
242 849 433 876 aucturitatem
463 850 639 883 detrectasse,
656 850 729 885 quod
751 850 827 877 illum

56 894 151 927 penitus
176 895 311 929 ignorarit
331 903 339 921 :
361 894 506 929 siquidem,
528 895 694 932 Hieronymo
712 900 780 923 teste
793 895 826 928 ‘°,

56 935 114 963 liber
123 935 225 965 Herma:
244 938 316 972 apud
326 937 436 965 Latinos
451 947 514 973 pene
530 940 634 974 ignotus
651 944 721 967 erat.
736 939 828 975 Neque

56 988 112 1008 vero
132 982 164 1009 ab
188 990 217 1010 re
244 983 413 1018 conjecerint
436 984 482 1018 qui
504 984 637 1018 putarint,
663 983 827 1020 Prosperqu

56 1027 213 1056 considerate
228 1029 332 1056 dixisse
351 1029 449 1056 nullius
473 1037 533 1057 esse
556 1031 727 1058 auctaritatis
751 1036 827 1060 testi-

56 1074 159 1100 rnonium
182 1075 252 1109 quod
278 1075 453 1110 disputationi
470 1084 526 1103 sua:
541 1076 572 1103 de
593 1076 682 1104 libello
704 1077 826 1105 Pastoris

55 1117 162 1146 Collator
176 1120 305 1152 inseruit;
322 1128 375 1148 non
391 1121 463 1155 quod
476 1120 504 1148 S.
521 1121 600 1148 Pater
611 1121 716 1149 Hermae
730 1123 827 1150 librum

56 1173 155 1200 prorsus
177 1167 313 1201 rejecerit,
335 1167 382 1195 sed
399 1168 472 1202 quod
487 1169 665 1195 testimonium
679 1176 712 1196 ex
731 1169 826 1197 eodem

56 1211 140 1239 libroa
157 1212 294 1240 Collatore
305 1214 332 1241 in
347 1214 464 1242 medium
476 1215 623 1250 prolatum,
639 1215 706 1242 nihil
722 1216 755 1243 ad
767 1216 827 1251 ejus

56 1258 195 1293 opinionem
210 1260 386 1287 astruendam
398 1259 520 1288 conferre
533 1262 711 1297 perspexerit.
731 1261 826 1290 Virum

57 1304 231 1334 doctissimum
246 1307 361 1335 consule
375 1308 407 1334 ἰ.

85 1351 209 1380 Caeterum
231 1361 296 1381 cum
317 1353 462 1387 Eusebius,
487 1353 680 1390 Hieronymus,
701 1354 825 1384 Gelasius

56 1397 79 1424 in
94 1398 203 1431 Decreto,
217 1404 315 1426 auctor
329 1399 534 1432 Stichometriw,
545 1399 698 1435 Nicephoro
716 1400 768 1428 (ΞΡ.
785 1406 827 1429 at-

56 1443 162 1478 tributae,
177 1445 278 1480 aliique
289 1443 417 1472 Ecclesia)
430 1445 587 1480 scriptores,
599 1447 771 1482 apocrypbos
784 1447 826 1474 in-

56 1492 92 1516 ter
109 1495 135 1517 et
155 1491 253 1518 nothos
275 1490 359 1517 libros
382 1489 519 1517 Pastorem
540 1496 700 1525 recensent,
728 1500 824 1520 eorum

880 256 941 279 catu
955 253 995 286 ‘7;
1018 260 1110 287 quem,
1128 257 1216 280 stante
1228 253 1318 280 adhuc
1331 254 1439 288 templo,
1458 262 1535 281 suam
1559 255 1668 283 misisse

879 298 997 333 priorem
1016 298 1050 325 ad
1069 298 1227 326 Corinthios
1245 297 1395 333 Epistolam
1417 300 1544 334 superius
1571 306 1666 328 osten—

880 344 973 372 dimus
986 343 1019 370 ⁸⁸.
1046 343 1148 371 Deinde
1174 344 1393 378 persecutionem
1416 344 1598 372 Neronianam
1624 353 1668 372 re-

879 391 986 425 spicere
1009 389 1115 417 videtur
1135 394 1240 421 auctOr.
1253 390 1317 417 dum
1337 397 1432 417 earum
1448 391 1571 418 meminit
1583 391 1604 407 ⁸⁸
1620 391 1665 426 qui

875 435 934 470 jam
952 439 1102 462 meruerunt
1124 435 1219 468 Deum,
1238 440 1262 461 et
1286 436 1359 470 passi
1376 440 1435 463 sunt
1452 444 1534 462 causa
1552 436 1666 463 nominis

878 481 935 515 ejus
954 481 1024 515 feras
1043 481 1149 514 bestias,
1175 481 1292 516 ﬂagella,
1313 490 1442 515 carceres,
1465 490 1565 509 cruces.
1582 482 1666 510 Eant-

879 527 996 562 demque
1017 527 1233 562 persecutionem
1256 527 1353 554 iterum
1381 533 1524 561 memorat,
1550 529 1613 556 dum
1636 537 1666 557 se

879 572 953 600 illam
970 573 1097 608 effugisse
1122 573 1202 608 paulo
1217 578 1278 608 post
1297 573 1440 608 profitetur
1455 575 1497 602 his
1513 575 1603 602 verbis
1617 575 1640 590 "
1657 595 1664 602 .

881 619 1004 647 Occurrit
1019 619 1084 646 mihi
1100 619 1161 646 talis
1177 619 1270 653 bestia,
1287 628 1345 655 qua:
1358 620 1441 654 possit
1460 620 1584 654 populum
1602 628 1667 648 cou-

879 674 996 697 sumere;
1007 665 1159 698 sed,virtute
1170 665 1218 692 Dei
1229 670 1253 692 et
1265 665 1394 701 singulari
1407 667 1463 701 ejus
1472 667 1664 700 misericordia,

878 712 949 738 euasi
961 711 1048 738 illam.
1061 711 1094 738 Et
1105 719 1202 738 rursus
1221 720 1227 738 :
1241 711 1378 745 Magnam,
1397 711 1496 747 inquit,
1512 712 1665 739 tribulatio-

879 764 936 783 nem
949 756 1066 791 effugisti
1087 762 1192 790 propter
1214 756 1292 790 ﬁdem
1313 761 1396 790 tuam,
1415 761 1440 783 et
1461 757 1506 792 qui
1525 757 1604 784 talem
1621 758 1664 785 be-

878 802 957 828 stiam
975 810 1026 828 non
1046 801 1186 828 dubitasti.
1211 801 1345 830 Neronem
1361 802 1465 830 scilicet
1486 802 1596 829 bestiam
1613 810 1663 830 vo-

880 851 935 880 cat,
950 848 985 875 ab
996 847 1126 882 Apostolo
1139 847 1265 878 edoctus,
1283 847 1327 874 cui
1349 847 1390 874 leo
1410 848 1510 875 dicitur
1527 848 1597 876 idem
1620 853 1663 884 ty—

879 901 994 926 rannus,
1009 893 1053 920 ubi
1069 893 1108 920 ait
1119 893 1141 909 "
1160 902 1166 920 :
1192 893 1319 920 Dominus
1337 899 1424 920 autem
1444 893 1509 920 milli
1527 895 1623 927 astitit,
1638 899 1663 921 et

878 940 1037 974 confortavit
1055 948 1094 966 me
1115 947 1126 966 :
1147 944 1172 966 et
1191 939 1317 966 liberatus
1333 947 1392 966 sum
1409 939 1441 966 de
1454 947 1497 966 ore
1516 940 1608 967 leonis.
1623 939 1662 968 Ita

878 986 972 1013 Patres
992 991 1020 1013 et
1037 987 1199 1021 interpretes
1216 987 1329 1021 passim.
1343 985 1379 1013 De
1395 986 1444 1014 hac
1459 991 1549 1014 autem
1570 995 1663 1022 perse-

878 1031 988 1058 cutione
1012 1031 1097 1058 fuisse
1130 1031 1252 1059 locutum
1279 1031 1406 1058 Hermam
1439 1036 1496 1058 tum
1522 1032 1577 1065 hic,
1603 1037 1661 1061 tum

877 1077 959 1104 etiam
982 1076 1045 1104 alibi
1062 1077 1096 1110 ⁵³,
1114 1077 1159 1104 vix
1174 1085 1205 1104 ea
1218 1077 1343 1104 dubitare
1360 1077 1453 1104 sinunt
1466 1085 1525 1112 qua:
1536 1079 1663 1112 superius

878 1123 906 1150 in
932 1123 1054 1151 eamdem
1075 1123 1237 1151 sententiam
1260 1122 1458 1150 edisseruimus
1480 1123 1513 1150 “.
1542 1123 1662 1159 Denique

876 1177 1006 1204 pressura
1017 1173 1210 1204 superuentura!
1222 1168 1385 1195 mentionem
1398 1168 1484 1203 injicit
1499 1168 1541 1196 vir
1554 1174 1663 1203 aposto-

877 1216 947 1243 licus
958 1215 981 1231 ⁸⁵
997 1224 1004 1242 :
1022 1222 1076 1250 qua
1096 1214 1189 1249 phrasi
1209 1214 1297 1249 θλίψιν
1313 1214 1386 1241 illam
1405 1214 1524 1249 μεγάλην
1537 1219 1564 1243 et
1578 1215 1662 1251 ὀργὴν

878 1261 1036 1298 μέλλουσαν,
1061 1261 1142 1288 toties
1171 1260 1198 1287 in
1214 1259 1291 1287 Novo
1312 1259 1485 1288 Testamento
1504 1261 1660 1296 praedictas,

877 1307 1015 1335 excidium
1045 1307 1174 1334 nimirum
1203 1306 1475 1342 Hierosolymorum,
1500 1309 1660 1341 respexerit.

876 1354 936 1387 Qua
952 1355 985 1381 de
1000 1361 1029 1381 re
1046 1354 1171 1389 pluribus
1186 1353 1247 1381 loco
1265 1354 1348 1381 modo
1364 1353 1448 1381 citato
1467 1353 1534 1381 satis
1556 1353 1662 1382 erudite

876 1401 1041 1429 Dodwellus.

875 1456 942 1486 Cn.
962 1456 996 1484 V.
1016 1457 1089 1490 Quid
1110 1465 1195 1492 opera:
1206 1457 1233 1484 in
1249 1456 1306 1492 ejus
1329 1456 1467 1484 Pastorem
1489 1465 1558 1484 nunc
1576 1457 1661 1485 denuo

1096 1492 1258 1527 euulgatum,
1273 1493 1428 1527 impensum.

56 1536 175 1563 sententia
190 1544 243 1564 non
256 1537 294 1564 ita
307 1543 349 1564 est
361 1537 529 1572 accipienda,
543 1538 655 1573 perinde
666 1546 698 1566 ac
713 1538 736 1566 si
752 1543 823 1566 esset
836 1538 858 1568 C
909 1536 1055 1565 Permulta:
1071 1531 1181 1573 quidem
1205 1537 1435 1565 circumferuntur
1458 1538 1580 1565 Pastoris
1604 1539 1661 1566 edi-

57 1580 133 1607 uoriae
146 1582 277 1608 doctrinae
292 1581 333 1608 vel
354 1581 414 1609 falsi
436 1582 555 1610 nominis
573 1591 659 1618 opus;
681 1584 728 1611 sed
749 1584 823 1618 quod

56 1626 85 1652 ab
102 1624 215 1655 Ecclesia
231 1632 309 1655 extra
324 1627 461 1655 Cononem
477 1629 597 1663 positum
617 1634 822 1664 agnosceretur,

57 1675 82 1698 ut
91 1672 137 1699 viri
153 1673 224 1700 docti
242 1673 405 1709 jamdudum
421 1681 595 1708 monuerunt,
616 1683 721 1711 nosque
743 1684 824 1711 supe-

57 1717 104 1744 rius
117 1719 261 1754 attigimus.
277 1719 312 1746 At
329 1719 362 1746 de
378 1719 421 1747 his
436 1719 567 1748 hactenus
586 1730 593 1748 :
610 1728 683 1749 nunc
698 1721 754 1749 alio
774 1729 823 1750 ex-

55 1769 136 1792 currat
148 1766 244 1793 oratio.

57 1820 110 1849 CAP.
128 1822 170 1850 IV.
190 1823 249 1858 Quo
277 1828 389 1858 tempore
408 1823 543 1864 scripserit
560 1822 695 1859 Hermas,
721 1825 824 1861 disqui~

392 1864 471 1886 νιιιιγ.

84 1901 136 1930 lam
151 1911 224 1937 vero,
242 1908 274 1931 ut
291 1903 324 1931 ad
343 1908 451 1938 tempus
472 1904 663 1939 inquirendum
682 1913 738 1941 quo
753 1905 823 1933 scri-

56 1947 128 1980 pserit
138 1947 250 1976 Hermas
265 1949 387 1976 animum
402 1954 606 1984 convertamus,
625 1950 692 1977 illud
712 1950 822 1986 quidem

58 2001 102 2022 non
123 1996 184 2024 adeo
207 1997 381 2032 exploratum
401 1996 550 2030 habemus,
582 2001 612 2024 ut
637 2002 739 2024 certam
763 1996 823 2031 ejus

57 2049 134 2072 notam
155 2046 233 2081 ﬁgere
258 2046 295 2073 sit
318 2046 344 2073 in
361 2050 498 2080 promptu.
513 2044 704 2072 Verumtamen
720 2044 743 2072 si
761 2045 823 2080 quis

57 2090 107 2125 ejus
122 2091 255 2119 Pastorem
271 2092 385 2119 rimetur
402 2091 543 2124 attentius,
558 2090 689 2118 nonnulla
707 2090 824 2119 fortasse

58 2135 118 2163 haud
132 2137 278 2172 spernenda
299 2136 398 2164 indicia
413 2136 605 2171 deprehendet,
621 2136 693 2163 unde
706 2144 823 2171 opuscu-

58 2180 104 2208 lum
120 2183 186 2210 istud
210 2182 308 2210 litteris
329 2183 521 2217 consignatum
543 2185 606 2208 ante
624 2180 824 2216 Hierosolymo—

874 1583 972 1616 tiones,
986 1591 1020 1611 ex
1034 1591 1089 1618 quo
1111 1583 1227 1618 primum
1243 1591 1312 1618 opus
1325 1584 1390 1611 illud
1405 1592 1478 1612 anno
1494 1584 1563 1612 i5l3
1582 1584 1660 1611 Pari-

874 1630 924 1658 siis
942 1630 1081 1665 evulgavit
1100 1629 1219 1657 Jacobus
1235 1629 1331 1657 Faber.
1346 1629 1402 1657 Nos
1421 1638 1486 1657 vero
1499 1638 1531 1657 ex
1546 1630 1599 1658 illis
1612 1638 1661 1665 po-

873 1676 1010 1705 tissimum
1032 1683 1093 1710 qua;
1113 1675 1272 1710 prodierunt
1291 1676 1326 1703 ab
1348 1683 1421 1702 anno
1445 1675 1514 1703 1672
1538 1676 1659 1704 subsidia

874 1720 954 1748 nobis
973 1721 1208 1754 comparavimus,
1227 1720 1327 1755 quibus
1340 1721 1464 1748 exactior
1483 1721 1659 1756 nitidiorque,

874 1771 966 1801 utpar
980 1770 1050 1798 erat,
1070 1772 1163 1793 nostra
1187 1766 1317 1800 prodiret.
1346 1765 1379 1793 Et
1401 1766 1519 1801 primum
1549 1767 1658 1802 quidem

873 1812 966 1839 Graeca
989 1816 1200 1846 quantacunque
1222 1817 1379 1847 supersunt,
1398 1812 1425 1839 in
1447 1820 1506 1839 eam
1531 1821 1660 1848 compor-

873 1857 955 1884 tanda
982 1856 1211 1889 existimavimus,
1236 1857 1298 1884 licet
1325 1864 1405 1884 secus
1431 1858 1546 1885 senserit
1569 1859 1658 1885 editor

873 1901 1048 1929 Oxouiensis.
1063 1901 1129 1934 Quae
1146 1909 1210 1928 vero
1230 1900 1316 1929 Grzcci
1338 1905 1427 1930 textus
1448 1901 1555 1929 lacinias
1579 1902 1659 1937 longe

873 1947 1035 1983 prolixiores
1052 1947 1086 1974 ad
1102 1947 1186 1974 libros
1202 1945 1307 1974 Hermm
1323 1955 1342 1973 ιι
1357 1952 1384 1974 et
1398 1955 1426 1974 ιιι
1445 1947 1591 1982 pertinent,
1610 1955 1658 1975 eas

873 1993 983 2020 demum
996 2000 1029 2020 ex
1045 1992 1170 2019 Doctrina
1187 1992 1222 2018 ad
1236 1993 1394 2019 Antiochum
1411 1993 1503 2019 ducem
1523 1998 1657 2028 praestan-

874 2039 909 2066 tis
922 2038 1170 2066 Athanasianorum
1186 2038 1314 2066 editionis
1331 2037 1578 2065 Montfauconianzc
1595 2047 1657 2066 mu-

874 2086 942 2113 tuati
969 2093 1082 2120 sumus,
1106 2085 1178 2112 haud
1200 2085 1251 2112 rati
1275 2093 1337 2113 cum
1361 2085 1467 2113 Clerico
1487 2090 1514 2113 et
1530 2085 1658 2116 ltusselio

873 2131 1027 2159 Fabricium
1056 2132 1134 2167 sequi
1159 2141 1166 2159 :
1188 2139 1219 2159 ea
1244 2139 1362 2166 namque
1385 2132 1448 2160 inde
1473 2133 1578 2168 primus
1600 2135 1658 2170 ipse

873 2177 1042 2210 describens,
1063 2177 1099 2204 ita
1123 2177 1200 2204 duxit
1222 2176 1321 2203 alicubi
1344 2177 1551 2211 conformanda,
1568 2183 1596 2206 ut
1611 2188 1657 2207 ve-

58 2234 108 2254 rum
118 2230 258 2262 excidium,
277 2228 334 2255 sive
350 2228 422 2255 circa
442 2226 544 2254 Christi
559 2234 661 2254 annum
680 2226 714 2253 70
727 2226 823 2253 merito
838 2221 861 2248 D
877 2223 926 2250 teri
950 2223 1089 2258 interpreti
1109 2223 1195 2258 magis
1211 2223 1393 2256 cohaererent;
1414 2224 1486 2259 quod
1510 2225 1568 2252 suis
1589 2225 1656 2254 locis

58 2273 186 2302 existimet.
202 2274 277 2302 lianc
293 2280 360 2300 sane
379 2272 540 2300 sententiam
559 2275 623 2299 sunt
641 2271 727 2298 secuti
741 2279 817 2298 com-

58 2317 135 2352 plures
143 2319 188 2346 viri
198 2318 307 2350 eruditi,
315 2316 468 2344 Dodwellus
479 2317 501 2332 δ’
515 2316 541 2342 in
555 2316 660 2350 primis,
672 2315 773 2343 Millius
783 2315 818 2348 “,

58 2361 189 2398 Caveus“,
211 2364 368 2392 Baratcrius
385 2363 421 2394 η,
442 2367 523 2397 atque
536 2366 565 2388 ut
585 2362 654 2389 alios
675 2367 820 2397 praeterea-

52 2400 119 2440 tuus,
130 2407 159 2437 V'.
174 2409 203 2436 C.
220 2409 390 2437 Fontaninus
403 2408 426 2425 ⁸⁸
438 2417 445 2441 ;
459 2407 507 2442 (ιυί
523 2411 624 2439 tamen,
644 2407 687 2434 sui
709 2407 819 2440 oblitus,

59 2452 166 2489 deinceps
184 2455 309 2482 Hermam
328 2454 542 2482 ecclesiasticum
558 2452 648 2480 saeculi
666 2460 685 2479 ιι
704 2453 820 2487 scripto-

60 2504 107 2525 rem
136 2502 256 2536 appellat.
283 2500 361 2534 Quod
392 2500 501 2535 quidem
523 2499 654 2534 judicium
680 2499 755 2526 hisce
776 2507 821 2526 ra-

60 2543 148 2573 tionum
166 2548 310 2575 momentis
329 2545 455 2573 innititur
471 2554 478 2572 :
493 2545 615 2573 Primum
634 2551 731 2580 nempe
748 2545 820 2572 scri-

872 2268 1056 2296 adnotandum
1081 2268 1247 2296 euravimus.
1271 2267 1382 2303 Aliquot
1401 2269 1512 2304 inSuper
1533 2270 1655 2298 Pastoris

873 2314 1026 2348 fragmenta
1050 2314 1076 2340 in
1100 2314 1196 2341 eodem
1223 2315 1481 2351 pseudo-Athanasii
1505 2324 1585 2351 opere
1609 2317 1657 2344 dc-

873 2361 1000 2393 teximus,
1021 2367 1082 2394 quae
1102 2363 1160 2386 tum
1182 2360 1218 2388 el.
1240 2361 1383 2394 editorem,
1411 2366 1467 2389 tum
1483 2362 1551 2390 alios
1573 2364 1654 2392 etiam

872 2406 962 2441 ipsum
974 2412 1095 2440 secutos,
1114 2406 1253 2442 fugerunt,
1271 2411 1301 2434 ut
1315 2407 1343 2434 in
1360 2408 1434 2435 notis
1449 2408 1579 2443 subjectis
1596 2417 1656 2438 mo-

871 2453 994 2480 nuimus.

907 2498 984 2525 Haud
1004 2498 1103 2525 minori
1121 2498 1211 2526 studio
1232 2499 1371 2534 antiquam
1391 2499 1544 2527 versionem
1561 2507 1654 2527 recen-

871 2545 987 2577 suimus,
1000 2545 1093 2572 scdulo
1111 2545 1218 2572 collatis
1238 2545 1320 2572 variis
1334 2544 1506 2578 lectionibus,
1517 2553 1586 2581 quas
1597 2545 1653 2573 Co-

88 2633 106 2650 "
120 2633 219 2671 lf‘rosp.,
236 2636 282 2671 lib.
297 2641 382 2663 contr.
404 2635 515 2669 (Σιιιιιιε.⁷
526 2643 586 2670 cap.
603 2635 647 2663 50.
677 2635 700 2652 ⁸⁸⁷
708 2635 830 2668 Hieron.,
846 2634 949 2671 lib.VDe
960 2636 1008 2663 vir.
1024 2635 1136 2671 illustr.,
1148 2643 1208 2670 cap.
1226 2635 1269 2662 10.
1293 2635 1313 2651 ⁸¹
1324 2634 1424 2671 Farlat.
1437 2656 1444 2668 ,
1461 2634 1563 2670 Illyric.
1580 2644 1650 2664 επεν.

60 2668 143 2707 to_m__l,
158 2668 299 2707 pssum.
326 2671 450 2707 “Dodvv.
465 2671 492 2697 in
505 2668 749 2707 ibis—serttsingulu
763 2679 824 2706 cap.
835 2671 881 2707 fi,
898 2670 954 2707 §_5,
971 2671 1004 2698 ad
1022 2670 1114 2707 Pears.
1136 2668 1254 2707 pos-tum.
1269 2678 1335 2707 pag.
1354 2670 1426 2707 158,
1444 2675 1470 2697 et
1485 2668 1510 2696 in
1532 2671 1649 2707 addent).

60 2699 205 2741 gLDis'scrt‘.’
224 2706 292 2733 lren.
302 2726 310 2738 ,
325 2713 387 2741 pag.
403 2706 464 2732 I58.
503 2706 525 2741 f'
537 2705 602 2741 Mill.
621 2699 770 2741 Prolegom.
783 2699 818 2741 ait
830 2699 996 2737 Non.vTest.,
1012 2715 1039 2733 n.
1054 2706 1115 2733 M5.
1136 2699 1144 2706 ’
1154 2705 1247 2732 “fiav.
1264 2699 1334 2731 His}.
1349 2699 1442 2737 litterl,
1457 2710 1522 2732 tom.
1536 2705 1555 2741 l7.
1569 2706 1649 2740 p.3l.

61 2735 161 2786 :Barat.
173 2741 288 2777 Disquis.
303 2735 411 2781 dra...”
425 2748 485 2775 cap.
500 2740 528 2774 3,
542 2740 556 2777 ς
568 2741 595 2773 5,
607 2735 728 2801 ριικὺβῧ.
767 2741 790 2757 ⁸⁸
798 2740 913 2768 Fontan.
928 2735 1001 2768 Hist.
1019 2741 1100 2767 litter.
1115 2741 1216 2776 Aquit,
1229 2741 1275 2766 lib.
1291 2748 1321 2772 ιι,
1337 2748 1396 2781 cap_
1411 2735 1440 2772 l,
1457 2748 1518 2801 pag.
1535 2735 1579 2772 διζ
1603 2741 1649 2781 9.5.

86 2770 164 2801 Herm.
184 2776 256 2801 Post.
273 2776 351 2801 lib.|.
365 2784 416 2801 vts.
432 2783 467 2801 ιι.
481 2783 540 2801 can.
554 2775 581 2801 4.
621 2776 642 2792 ⁸³
677 2776 720 2801 Ide
731 2775 836 2801 Prolea.
858 2777 891 2801 ad
921 2776 950 2801 S.
970 2776 1136 2801 Clementem
1161 2775 1331 2801 Romanum.
1352 2776 1465 2801 huiusce
1510 2776 1649 2801 atrd‘lomae

1450 2783 1523 2802 era

61 2769 256 2811 ξ’ῌειιιιικΡαίι.
273 2776 320 2803 lib.
332 2784 351 2806 I,
365 2769 416 2811 vis.
432 2769 467 2808 II;
481 2769 594 2810 cap.v4.'
607 2769 720 2803 “‘Vide
731 2775 836 2811 Proleg.
856 2777 891 2811 ad
921 2776 950 2803 S.
970 2769 1448 2811 Clementem'Romanllm'Lhujusc

1528 2775 1650 2810 trdflogias

59 2806 106 2845 εει·
139 2809 158 2826 δ’
171 2810 259 2839 Herm.
282 2811 370 2844 f’ast.,
388 2810 434 2837 lib.
451 2806 471 2843 I,
483 2806 533 2837 vis.
550 2819 590 2841 ιιι.
605 2818 666 2845 cap.
688 2811 699 2837 1
717 2815 743 2838 et
756 2811 782 2837 2.
810 2806 894 2838 ’δίἰιΙ.
907 2811 983 2842 ibid.,
999 2811 1050 2837 vis.
1068 2819 1104 2842 tv,
1121 2818 1180 2845 cap.
1191 2810 1219 2837 2.
1258 2810 1278 2825 ⁵¹
1290 2809 1312 2836 ll
1326 2806 1395 2837 Tim:
1409 2818 1445 2843 tv,
1460 2810 1503 2838 17.
1525 2806 1647 2838 ¹¹¹Ηιςιῖιιι⁸

61 2839 187 2879 Plut-,lih.
202 2848 243 2882 ιιι,
258 2846 340 2876 simil.
357 2839 415 2880 VIII,
430 2839 489 2881 cap.
504 2846 531 2874 5.
570 2839 754 2881 ’ίΡιόΙεεοιιι
768 2853 828 2881 cap.
846 2846 871 2880 l,
884 2851 950 2874 sect.
968 2839 994 2881 i,
1009 2846 1023 2882 ᾗ
1039 2846 1065 2874 9.
1099 2839 1128 2862 ⁷⁵⁸
1141 2839 1221 2873 lierm
1247 2845 1312 2873 ibid.
1327 2845 1373 2873 llb.
1389 2854 1407 2880 I,
1429 2839 1469 2873 vis
1493 2853 1529 2880 Iv,
1541 2853 1602 2882 cap.
1619 2845 1646 2873 3.
