1920 3104
51 106 100 132 815

669 108 816 137 PASTOR.
837 124 868 131 —
887 110 1070 138 ΡΠΟαΞΜΙΛ.

1613 114 1666 141 876

50 164 184 200 spirantes
198 164 377 194 adnotamus.
400 167 507 196 Primus
533 169 649 196 habetur
673 171 743 204 apud
766 169 833 197 llcr—
847 174 870 201 Α
884 170 988 198 ratione
1008 171 1138 206 Spiritum
1159 174 1285 204 sanctum
1306 171 1378 200 dicat
1400 171 1519 199 Filium?
1538 171 1667 199 nimirum

49 216 119 237 nam
135 209 246 239 visione
262 218 291 242 ιι,
305 219 330 239 c.
347 212 364 239 4
379 221 386 239 :
408 213 496 240 Anum
510 214 585 241 illam
603 234 611 242 .
633 234 640 241 .
665 235 672 241 .
692 223 771 250 quam
788 223 837 249 pu-

51 261 88 282 tas
99 263 154 283 sua
163 256 178 283 2
192 275 202 283 .
226 276 234 284 .
259 276 267 285 .
287 257 337 285 Eu
352 258 472 286 Ecclesia
486 260 545 287 Dei.
562 260 663 289 Confer
677 261 834 297 Apocalyps.

51 308 65 328 c
91 309 138 329 ιιι.
153 301 230 329 Idem
251 303 351 331 vision.
367 312 403 336 tv,
415 312 440 332 c.
453 305 490 331 2:
510 305 600 332 Bestia
614 306 669 333 hac
690 307 776 342 ﬁgura
798 313 837 334 ut

52 355 177 383 pressam
191 351 410 383 super-uenientis.
426 351 521 379 Collat.
541 352 626 388 Apoc.
642 360 667 381 c.
683 361 732 381 xu.
751 353 835 384 Idem,

52 395 146 422 ibidem
160 403 167 421 :
183 395 267 428 Ecce,
280 398 394 424 occurrit
406 398 471 425 mihi
483 399 554 433 virgo
565 399 686 434 quedam
697 405 835 434 exornata,

52 447 174 477 tanquam
191 450 227 469 ea;
248 442 364 470 thalamo
382 445 503 479 prodierat
519 450 575 473 tota
594 447 622 473 in
642 447 720 474 albis.
737 447 834 476 Collat.

52 488 130 522 Apoc.
150 496 176 516 c.
197 496 259 522 xxI,
276 498 301 517 v.
314 490 427 518 2.1‹]θιη
442 491 493 519 vis.
510 499 550 524 ιιι,
563 499 588 520 c.
603 492 640 519 2:
657 492 751 520 Nonne
764 494 835 521 vides

52 538 137 560 contra
159 538 185 561 te
215 536 315 562 turrim
337 545 477 572 magnam,
499 546 557 573 qua:
581 539 731 574 sdificatur
759 547 836 574 super

52 587 129 613 aquas
140 579 281 614 lapidibus
292 582 430 617 quadratis
452 584 607 618 splendidis.
628 584 695 612 Coll.
708 585 792 620 Apoc.
808 593 835 613 c.

52 633 104 655 xxI.
115 633 141 652 v.
158 626 205 653 19.
221 627 307 661 Idem,
321 628 419 656 ibidem
435 637 441 655 :
457 628 491 656 In
512 630 642 665 quadrato
665 632 733 658 enim
747 631 834 666 ediﬁ-

54 672 150 698 cabitur
173 673 271 700 turris.
290 673 387 702 Collat.
410 675 495 710 Apoc.
511 683 569 709 ιιι,
583 684 610 703 v.
630 676 673 704 i6.
687 676 759 704 Idem
782 677 833 705 vis.

54 724 156 752 iu.cap.
171 718 189 745 ὅ
204 727 212 745 z
226 718 343 753 Lapides
356 720 460 754 quidem
471 720 513 748 illi
525 721 660 756 quadrati,
671 726 695 748 et
708 722 762 749 albi
774 730 836 749 con-

53 764 174 791 venientes
193 764 224 791 in
244 766 425 793 commissuris
450 767 520 800 suis,
542 768 562 794 ii
580 771 641 794 sunt
665 768 788 802 apostoli,
810 773 836 795 et

52 810 169 844 episcopi,
187 815 214 837 et
230 811 361 845 doctores,
378 818 403 840 et
421 813 546 840 ministri.
562 813 663 842 Confer
678 813 762 849 Apoc.
777 822 834 847 ιιι,

53 863 76 881 v.
90 855 131 882 14.
153 854 229 883 Idem
247 856 298 884 vis.
315 865 360 891 tu,
383 865 408 885 c.
424 857 441 884 1
457 865 464 884 :
485 857 551 885 Cum
573 865 634 893 ergo
656 863 836 885 consummata

54 899 129 932 fuerit
155 905 297 928 structura
323 903 421 936 turris,
446 910 533 930 omnes
557 903 636 929 simul
662 902 836 938 epulabantur

54 949 124 977 quta
139 946 248 978 turrim,
262 951 287 973 et
299 946 507 982 honoriﬁcabunt
519 947 602 974 Deum
618 967 625 974 .
642 967 650 974 .
674 967 682 975 .
702 947 752 974 Dic
769 947 834 980 illis,

54 989 117 1023 quod
132 990 188 1017 lucc
207 991 301 1018 omnia
322 992 375 1019 sint
390 1000 462 1026 aera,
475 997 501 1019 et
518 992 588 1019 nihil
606 997 682 1019 extra
700 992 836 1020 veritatem

55 1040 98 1062 ut.
110 1035 177 1064 Vide
197 1037 378 1073 Apocalypsis
391 1043 474 1073 caput
487 1046 543 1070 ιιι,
559 1046 586 1065 v.
605 1038 632 1066 9.
647 1038 719 1066 Idem
736 1038 836 1066 simili-

57 1082 107 1109 tu'i.
121 1089 181 1114 vin,
197 1090 222 1110 c.
236 1082 255 1109 2
269 1090 277 1109 :
294 1082 365 1110 Tum:
383 1084 491 1111 nuntius
503 1083 608 1110 Domini
619 1091 729 1110 coronas
744 1083 835 1118 aiferri

55 1125 138 1161 iussit.
152 1128 254 1156 Allata:
273 1134 361 1156 autem
386 1134 446 1156 sunt
468 1137 580 1162 corona,
599 1129 667 1156 velut
686 1137 718 1157 ea:
739 1129 835 1164 palmis

58 1171 140 1205 facta,
164 1177 189 1200 et
204 1174 340 1201 coronavit
360 1182 403 1201 eos
424 1174 493 1201 viros
513 1174 620 1201 nuntius
635 1193 642 1200 .
660 1194 668 1201 .
684 1195 691 1201 .
709 1173 743 1201 Et
756 1174 835 1209 jussit

57 1225 96 1245 eos
107 1218 143 1246 ire
159 1219 187 1247 in
203 1220 311 1247 turrim.
326 1219 422 1249 Collat.
431 1220 518 1255 Apoc.
534 1228 559 1248 c.
570 1228 620 1252 vn,
632 1228 658 1248 v.
668 1220 694 1248 9.
712 1220 783 1248 Idem
796 1221 834 1248 si-

59 1263 110 1290 mil.
128 1271 163 1297 tv,
178 1272 204 1292 c.
221 1265 256 1292 12
274 1274 281 1292 :
296 1264 380 1293 Nemo
394 1265 505 1292 intrabit
535 1267 563 1292 in
586 1274 692 1300 regnum
710 1266 768 1298 Dei,
783 1266 834 1294 nisi

59 1308 98 1342 qui
108 1310 233 1345 acceperit
245 1318 337 1338 nomen
357 1310 423 1338 Filii
438 1310 496 1338 Dei.
511 1311 609 1339 Collat.
630 1310 713 1346 Apoc.
728 1319 752 1339 c.
765 1319 833 1344 ιιιι,

60 1361 81 1380 v.
95 1355 120 1382 1.

91 1399 188 1430 Elibro
200 1402 314 1438 insuper
326 1402 510 1432 Ecclesiastici
532 1411 603 1431 unus
616 1403 687 1438 apud
708 1403 834 1431 llermam

60 1448 171 1475 occurrit
183 1448 262 1477 locus
277 1449 344 1485 (15).
360 1449 494 1477 Caeterum
507 1456 558 1478 nos
571 1457 586 1477 e
600 1449 677 1477 libris
695 1449 834 1478 canonicis

887 216 936 251 τῆς
960 216 1034 248 θείας
1057 216 1178 250 φύσεως,
1192 224 1239 245 seu
1263 217 1413 245 divinitatis
1434 223 1574 252 respectu,
1594 219 1668 253 quod

888 262 991 289 scilicet
1005 270 1037 289 cx
1055 261 1108 290 Dco
1120 261 1199 290 Patre
1217 263 1318 297 Spiritu
1344 263 1531 294 sanctissimo.
1549 263 1667 298 Spiritus

888 308 945 342 ipse
967 308 1157 336 sanctissimus
1177 309 1296 341 existat,
1316 309 1462 343 respondct
1482 309 1513 337 V.
1527 309 1558 337 C.
1575 310 1669 338 Bullus

888 352 955 388 (16).
974 352 1012 380 Εο
1023 353 1158 388 siquidem
1178 361 1260 381 sensu
1275 353 1370 381 titulus
1381 353 1498 388 Spiritus
1514 355 1600 382 sancti
1615 355 1669 382 sin-

887 399 957 432 gulis
971 399 1093 433 personis
1107 398 1158 425 SS.
1172 397 1312 425 Trinitatis
1324 398 1404 426 tribui
1421 403 1518 433 potest.
1534 398 1667 427 Nimirum

887 445 972 471 tertiae
993 443 1144 471 divinitatis
1169 443 1315 471 ὑποστάσει
1335 443 1452 478 Spiritus
1476 446 1562 472 sancti
1578 445 1669 480 appel-

886 488 951 516 latio
962 488 1090 516 tribuitur
1110 489 1217 523 proprie
1227 509 1235 522 ,
1248 496 1303 516 non
1317 488 1423 523 φύσεως
1438 497 1485 517 seu
1505 495 1610 517 natura:
1625 498 1669 518 re-

887 540 998 569 spectu;
1015 543 1079 562 nam
1098 536 1139 562 sic
1157 541 1185 562 et
1207 535 1288 562 Pater
1311 534 1429 570 Spiritus
1444 541 1555 564 sanctus
1575 541 1627 571 est,
1641 542 1670 566 et

886 579 971 608 Filius
986 587 1096 615 quoque
1108 579 1163 616 (17)
1176 589 1183 613 ;
1201 580 1247 607 sed
1259 580 1364 608 ratione
1385 580 1528 609 iucll‘abilis
1540 582 1669 617 spiratioo

886 626 940 659 nis,
956 634 1009 662 qua
1031 634 1063 654 ex
1088 626 1168 654 Patre
1189 634 1237 661 per
1261 625 1359 653 Filium
1380 628 1436 662 ipse
1456 629 1589 663 procedit.
1606 627 1670 656 Haec

886 677 976 700 autem
992 673 1028 700 ita
1048 681 1078 700 se
1098 673 1209 707 habere,
1226 675 1316 703 locum
1335 675 1490 711 inspicieuti
1504 674 1583 703 facile
1593 679 1668 710 pate-

886 717 947 745 bit:
964 718 1068 745 scilicet
1091 722 1164 747 totus
1190 719 1227 747 ibi
1251 719 1356 748 Hermae
1377 728 1468 748 sermo
1484 725 1527 748 est
1545 720 1580 748 de
1598 720 1668 748 Filio

886 763 951 796 Dei,
966 763 1013 798 qui
1027 764 1062 791 ob
1076 769 1194 791 nostram
1215 765 1328 793 salutem
1344 774 1432 793 servus
1454 766 1540 800 factus
1565 770 1623 798 est,
1643 771 1667 793 et

887 816 990 843 corpus,
1003 810 1073 845 quod
1086 810 1215 837 serviliter
1228 816 1408 838 conservatum
1429 812 1490 846 fuit,
1506 813 1666 847 assumpsit.

852 844 873 872 Β
887 854 1024 883 Hactenus
1038 855 1141 883 Bullus.
1156 856 1241 885 Aliter
1252 865 1308 885 rem
1320 844 1433 892 exponit
1445 857 1486 884 Cl.
1503 857 1533 884 P.
1543 844 1626 886 Miissl
1640 858 1666 885 in

887 899 959 928 notis
972 901 1004 928 ad
1017 901 1088 928 hunc
1098 901 1199 934 locum,
1212 907 1239 930 et
1251 910 1310 930 mea
1320 902 1428 937 quidem
1441 902 1569 937 opinione
1583 903 1668 930 multo

886 946 987 974 clarius
998 954 1031 974 ac
1044 946 1159 981 felicius,
1169 947 1233 975 dum
1246 948 1298 976 ait:
1311 958 1320 974 ι
1334 948 1409 976 Haud
1421 949 1584 982 mirandum,
1593 950 1666 984 quod

887 989 1005 1026 Spiritus
1017 996 1128 1020 sanctus
1138 999 1200 1020 cum
1219 992 1289 1020 Filio
1305 993 1412 1021 Domini
1428 993 1504 1021 fundi
1526 1001 1666 1029 compare-

887 1041 940 1070 tur.
955 1038 1019 1073 quia
1034 1038 1094 1073 ipsa
1113 1046 1221 1074 quoque
1241 1038 1382 1074 Scriptura
1403 1044 1457 1067 tam
1480 1039 1564 1073 Filio,
1583 1048 1664 1075 quam

887 1081 999 1118 Spiritui
1024 1087 1120 1112 sancto
1143 1084 1307 1119 peculiarem
1323 1084 1452 1113 Ecclesiae
1467 1093 1559 1113 curam
1585 1090 1667 1121 atque

886 1129 1110 1163 gubernationem
1133 1129 1254 1156 ascribit.
1280 1140 1289 1155 ι
1308 1129 1354 1157 Sic
1369 1130 1439 1164 apud
1454 1129 1609 1158 Matthteum
1628 1131 1667 1159 le-

886 1174 974 1209 gimus
1001 1184 1008 1201 :
1036 1174 1101 1202 Ecce
1126 1183 1171 1209 ego
1198 1175 1328 1202 uobiscum
1346 1184 1404 1202 sum
1426 1176 1545 1203 omnibus
1563 1176 1665 1210 diebus,

886 1228 965 1256 usque
977 1221 1011 1248 ad
1022 1221 1271 1248 consummationem
1282 1221 1372 1248 saeculi
1382 1221 1486 1249 ⁵⁸-⁸⁹.Ει
1499 1222 1570 1257 apud
1580 1221 1665 1251 Joan-

886 1274 947 1294 nem
968 1276 974 1292 :
991 1266 1024 1293 Et
1042 1275 1088 1302 ego
1104 1267 1200 1302 rogabo
1217 1267 1333 1300 Patrem,
1354 1272 1378 1294 et
1395 1267 1478 1294 alium
1497 1268 1665 1296 Paracletum

885 1311 957 1339 dabit
969 1312 1049 1342 vobis.
1065 1317 1093 1339 ut
1113 1318 1215 1340 maneat
1236 1314 1410 1340 vobiscum-in
1430 1318 1568 1347 teternum,
1583 1313 1666 1349 Spiri-

886 1363 941 1385 tum
952 1359 1070 1385 veritatis
1085 1359 1116 1385 °°.
1132 1358 1216 1387 Vocat
1232 1360 1322 1395 itaque
1339 1358 1451 1387 Hermas
1462 1358 1593 1394 Spiritum
1604 1368 1666 1387 δαη-

885 1408 956 1430 ctum
969 1403 993 1430 F
995 1404 1071 1431 ilium
1084 1403 1295 1439 Patrisfamilias
1306 1426 1313 1438 ,
1327 1405 1400 1440 quod
1421 1405 1466 1433 ille
1489 1405 1666 1440 quemadmo-

886 1449 950 1477 dum
967 1449 1089 1478 etFilius
1104 1449 1150 1478 Dei
1169 1449 1296 1478 Ecclesiae
1315 1458 1408 1478 curam
1426 1454 1500 1486 gerat
1515 1450 1665 1479 assiduam.

60 1496 155 1521 tantum
170 1494 235 1528 illis,
257 1496 305 1531 qui
327 1491 475 1531 aliquando
501 1497 695 1524 controversiis
718 1496 833 1531 subjecti
847 1507 871 1539 α
921 1494 1008 1528 Quam
1028 1503 1093 1524 sana
1110 1501 1137 1523 et
1150 1496 1185 1524 ab
1196 1496 1271 1524 omni
1286 1496 1386 1524 erroris
1398 1497 1556 1531 suspicione
1569 1505 1665 1528 vacua,

62 1537 179 1574 luerunt,
203 1541 264 1570 loca
289 1542 334 1570 hic
361 1543 549 1578 ascripsimus.
572 1541 687 1578 Reliqua
714 1542 833 1571 conferri

62 1590 166 1617 possunt
178 1587 251 1622 apud
279 1587 446 1616 Lardnerum
460 1588 528 1623 (M).
550 1587 604 1616 Pro
621 1588 750 1616 coronide
762 1588 833 1616 dun-

63 1634 128 1658 taxat
139 1631 302 1661 adnotamus
324 1633 452 1661 Hcrmam
464 1638 587 1661 nostrum
601 1633 661 1668 jure
675 1634 779 1669 optimo
795 1634 834 1661 in-

63 1679 100 1703 ter
111 1681 187 1705 testes
203 1679 382 1714 gravissimos
397 1679 430 1707 de
453 1679 591 1707 authentia
607 1678 657 1707 SS.
671 1679 832 1715 Evangelia—

64 1729 116 1750 rum
138 1732 152 1752 a
171 1725 316 1759 Matthaao,
338 1725 429 1753 Marco
450 1733 483 1753 ac
506 1726 580 1753 Luca
604 1725 832 1760 conscriptorum,

64 1770 216 1805 praecipuum
235 1772 325 1799 locum
342 1771 451 1805 mereri,
464 1775 557 1807 utpote
571 1771 617 1807 qui
634 1771 732 1798 horum
747 1777 832 1798 evan-

64 1814 207 1847 gclistarum
221 1817 379 1849 sententias,
392 1818 474 1845 verba
500 1817 667 1852 phrasesque
687 1816 745 1845 suis
758 1816 785 1843 in
800 1816 833 1843 ll~

65 1858 113 1887 bris
126 1868 244 1898 persaepe
264 1863 398 1898 expressit
418 1868 499 1897 atque
515 1862 637 1890 imitatus
648 1862 719 1896 fuit;
737 1870 833 1897 quem-

66 1904 198 1935 admodum
216 1909 243 1936 id
257 1909 299 1935 vir
314 1908 518 1936 eruditissimus
530 1907 671 1935 Fassiuius
685 1915 716 1935 cx
738 1907 833 1936 ordine

66 1948 93 1976 D.
107 1949 233 1981 Dcminici
252 1961 304 1981 suo
327 1953 354 1981 in
370 1953 597 1988 praestantissimo
617 1960 698 1988 opere
716 1953 754 1980 De
769 1961 833 1988 apo-

64 1995 148 2023 stolica
160 1996 360 2034 Evangeliorum
373 1999 475 2034 origine
488 1999 703 2027 luculentissime
718 1998 831 2026 demon-

66 2042 158 2071 stravit.

193 2089 209 2126 ξ
223 2089 257 2117 ll.
269 2089 309 2118 De
322 2089 373 2118 SS.
396 2089 536 2117 Trinitatis
550 2089 685 2123 mysterio.

96 2130 295 2163 Sanctissimum
309 2134 452 2162 Trinitatis
472 2134 630 2170 mysterium
643 2133 696 2161 sub
712 2132 829 2168 quadam

884 1545 913 1569 et
923 1548 990 1576 pura
1007 1541 1089 1569 fuerit
1102 1541 1207 1570 Hermae
1221 1543 1255 1570 de
1267 1550 1392 1577 suprema
1409 1542 1511 1570 Christi
1526 1543 1666 1571 divinitate

884 1587 1035 1618 sententia.
1048 1588 1090 1615 his
1108 1588 1149 1615 vir
1168 1588 1202 1615 cl.
1217 1587 1354 1620 Petavius.
1368 1589 1474 1616 tametsi
1499 1589 1566 1616 alias
1589 1594 1665 1616 ante-

883 1631 1001 1660 Nictenis
1012 1631 1139 1660 Patribus
1150 1640 1247 1667 parum
1264 1632 1365 1661 favisse
1374 1633 1508 1667 videatur,
1523 1634 1612 1662 verbis
1624 1633 1666 1661 di-

884 1682 955 1706 serte
968 1679 1084 1713 explicat
1098 1678 1154 1715 (18)
1169 1689 1177 1707 :
1193 1688 1203 1705 ι
1220 1679 1262 1707 Ab
1273 1679 1475 1713 vetustissimis,
1491 1679 1589 1715 inquit,
1601 1680 1666 1707 scri-

884 1723 1007 1757 ptoribus
1019 1743 1026 1750 .
1040 1743 1048 1751 .
1063 1743 1070 1751 .
1092 1731 1143 1752 nec
1155 1724 1190 1752 ab
1208 1724 1263 1752 ullo
1279 1724 1402 1758 haeresis,
1418 1724 1533 1760 falsique
1548 1725 1666 1752 maxime

883 1768 917 1796 de
928 1768 1061 1796 Trinitate
1071 1769 1205 1805 dogmatis
1220 1770 1392 1797 insimulatus
1405 1775 1456 1798 est.
1471 1779 1481 1796 ι
1495 1770 1582 1803 Quam
1593 1775 1666 1798 recte

883 1821 948 1842 vero
961 1814 995 1842 de
1002 1814 1093 1842 divina
1107 1814 1189 1842 Verbi
1204 1820 1299 1842 natura
1316 1815 1360 1842 ille
1375 1815 1501 1848 senserit,
1517 1822 1597 1841 nemo
1611 1815 1663 1842 nisi

884 1858 1038 1886 Suciuianaa
1058 1865 1091 1886 ac
1109 1859 1319 1886 dementissima:
1340 1859 1500 1886 temeritatis
1515 1859 1595 1886 homo
1614 1866 1664 1885 un-

883 1912 964 1939 quam
992 1903 1138 1939 negaverit.
1159 1904 1229 1937 Quid
1253 1904 1325 1932 cuim
1354 1911 1447 1939 quasso
1470 1904 1504 1931 ad
1528 1911 1663 1932 summam

885 1949 1145 1978 Vcrbidivinitatcm
1167 1950 1247 1985 plane
1268 1950 1458 1977 declarandam
1478 1950 1521 1977 his
1542 1950 1664 1977 auctoris

883 1995 968 2022 nostri
991 1994 1080 2022 verbis
1104 1994 1205 2021 clarius
1223 1998 1250 2021 et
1272 1994 1436 2021 dilucidius?
1450 1993 1538 2021 Filius
1557 1994 1663 2029 quidem

882 2041 931 2069 Dei
948 2041 1019 2068 omni
1041 2045 1161 2067 creatura
1179 2040 1313 2075 antiquior
1333 2045 1387 2072 est,
1403 2040 1453 2073 ita,
1468 2044 1495 2066 ut
1510 2039 1537 2066 in
1553 2040 1663 2067 consilio

882 2086 960 2114 Patri
984 2094 1030 2114 suo
1045 2087 1161 2121 adfuerit
1184 2087 1218 2113 ad
1241 2085 1402 2113 condendam
1425 2091 1573 2113 creaturam
1595 2085 1662 2120 (19).

883 2132 934 2167 Qui
950 2132 1048 2160 F.lium
1068 2132 1115 2160 Dei
1139 2133 1212 2160 omni
1234 2138 1359 2160 creatura
1381 2132 1447 2160 dicit
1468 2133 1662 2167 antiquiorem,

67 2176 226 2209 similitudine
241 2179 347 2208 Hel-ma:
367 2181 394 2207 in
409 2180 461 2207 hoc
481 2187 563 2214 opere
590 2179 702 2214 exponit
721 2178 826 2206 Pastor.
844 2175 866 2204 D
881 2180 905 2207 is
916 2184 988 2207 certe
1002 2186 1063 2207 eum
1084 2183 1160 2207 extra
1176 2183 1363 2206 creaturarum
1379 2179 1502 2206 omnium
1517 2186 1661 2206 numerum

67 2220 178 2252 Dominus
195 2226 290 2260 fundi,
311 2226 401 2261 inquit
420 2225 494 2261 (15),
509 2225 706 2252 demonstratur
721 2232 776 2252 esse
787 2225 825 2257 is,

67 2268 103 2300 qui
115 2271 201 2298 creavit
213 2276 317 2304 cuncta,
331 2276 355 2298 et
366 2271 439 2298 dedit
456 2270 510 2298 illis
526 2271 659 2298 uirtutem.
676 2269 764 2297 Filius
777 2279 828 2297 au-

68 2318 110 2340 tem
122 2315 230 2351 Spiritus
245 2322 351 2345 sanctus
369 2322 417 2345 est.
434 2317 528 2345 Servus
547 2325 604 2344 vero
618 2317 664 2344 ille
679 2316 764 2343 Filius
783 2316 830 2343 Dei

67 2364 108 2386 est.
120 2361 169 2390 Cur
186 2369 277 2393 autem
291 2363 404 2392 Hermas
426 2364 477 2392 hoc
498 2364 558 2391 luco
573 2363 672 2390 Filium
694 2363 741 2390 Dei
758 2362 832 2390 dicat

68 2409 178 2436 servum?
189 2417 284 2446 nempe
297 2410 401 2438 ratione
411 2411 537 2438 humanae
547 2414 664 2442 naturae;
676 2413 703 2436 et
715 2408 766 2437 sub
777 2415 829 2443 qua

97 2463 146 2492 "9'
161 2465 253 2495 Matth.
268 2475 365 2500 xxvlu,
381 2466 427 2494 20.
459 2467 481 2482 ‘°
494 2466 573 2494 Joan.
589 2474 644 2499 inv,
662 2466 705 2493 16.

100 2551 147 2585 (15)
159 2554 284 2588 Hermas,
308 2555 452 2584 similitud.
477 2563 520 2587 Ix,
540 2563 565 2583 c.
583 2554 620 2581 ‘25
636 2563 642 2581 :
661 2554 746 2581 Homo
769 2561 827 2580 vero

71 2591 119 2627 fuit}
130 2589 160 2627 εει
174 2590 321 2626 Imtguidus,
331 2591 461 2622 mortalis,
475 2591 639 2627 inﬁrmusLet
651 2589 761 2627 repletus
772 2597 828 2623 pec-

71 2624 134 2661 qatis,
146 2624 238 2661 (mmini
251 2630 442 2661 perseveranter
456 2624 590 2653 irascitur.
603 2624 702 2652 Confer
713 2631 738 2651 c.
761 2631 826 2650 xvut

72 2651 387 2694 regis...na,ts.g;st;

84 2690 278 2729 _(!4)Lardner
293 2695 327 2722 In
347 2696 394 2722 der
414 2694 651 2729 Glaabwiirdigkeit
660 2694 706 2721 der
718 2701 826 2728 evange-

71 2721 151 2765 ιίεςέιεξι
161 2721 402 2765 euasisti...
418 2721 519 2763 itm;
534 2721 685 2765 ptio-101.

101 2759 148 2798 (εξ)
161 2763 259 2793 Hermae
271 2759 378 2798 Pasior,
391 2759 573 2797 similitud.-v,
584 2772 609 2792 c.
624 2764 651 2791 5.

99 2795 147 2832 (“5)
160 2798 276 2835 Defensio
290 2800 351 2835 ﬁdei
368 2795 494 2833 Niciam,
509 2795 576 2828 sect.
592 2807 611 2832 ι,
628 2806 652 2825 c.
664 2799 692 2832 2,
708 2806 768 2834 pag.
782 2798 825 2826 18.

206 2847 341 2878 Parnm.
358 2846 416 2877 Gn.
435 2846 462 2876 ll

881 2233 914 2253 ac
936 2233 1017 2260 supra
1040 2225 1147 2252 illarum
1177 2224 1360 2252 conditionem
1388 2229 1416 2252 ct
1443 2229 1568 2252 naturam
1602 2233 1663 2252 esse

882 2275 974 2306 aperte
992 2271 1159 2305 pronuntiat.
1185 2270 1236 2304 Qui
1264 2275 1354 2303 autem
1376 2275 1452 2298 extra
1473 2276 1660 2298 creaturarum

882 2323 1035 2348 numerum,
1059 2321 1086 2343 et
1101 2323 1182 2350 supra
1198 2316 1306 2343 illarum
1328 2321 1453 2344 naturam
1473 2316 1659 2346 constituitur.

882 2361 926 2388 hic
941 2361 1036 2396 procul
1060 2361 1144 2388 dubio
1169 2361 1320 2393 increatus,
1338 2366 1467 2395 aeternus,
1490 2365 1517 2388 ct
1535 2368 1660 2389 summus

881 2415 1078 2443 supremusque
1092 2407 1163 2435 Deus
1176 2408 1317 2438 asseritur.
1330 2408 1397 2441 Quis
1411 2415 1528 2442 namque
1539 2411 1660 2435 creatum

917 2555 1019 2590 (17)Τῷ
1030 2555 1117 2590 Πατρὶ
1131 2555 1178 2581 καὶ
1186 2554 1229 2590 δῷ
1312 2552 1383 2590 tu}?
1397 2552 1428 2579 τὸ
1452 2552 1508 2590 ἴσον
1523 2551 1657 2590 ἥ-τεκτοῦ

880 2586 1109 2628 Πχὲιξματὸς-,μκάὶ
1122 2591 1138 2625 ἡ
1153 2588 1199 2628 τεῦ
1214 2586 1512 2628 ᾊγίῤ-ιιμκλῆσιςηπαρᾲ
1524 2587 1573 2628 ἰῆς
1588 2586 1657 2628 ρα-

880 2625 933 2660 φῆς
940 2620 1137 2660 ὲῖραρμόζεται.’
1149 2633 1158 2649 ι
1166 2620 1274 2660 rPa:ri_ct
1281 2622 1348 2660 Filio
1355 2620 1481 2649 similiter
1489 2626 1516 2649 et
1527 2620 1656 2660 Spiritus.

877 2657 916 2686 et"
929 2657 1021 2687 Sancti
1048 2659 1191 2693 appellatio
1208 2666 1223 2685 a
1237 2657 1375 2692 Scriptura
1399 2657 1629 2693 accommodatur.
1644 2665 1654 2680 ι

879 2667 905 2686 et
929 2667 1021 2687 Sancti
1048 2667 1081 2693 ap
1101 2667 1191 2686 euauo
1208 2667 1223 2685 a
1237 2667 1375 2692 Dcrlptura
1399 2667 1629 2684 accommouatur.
1644 2667 1654 2680 ν

879 2694 909 2722 S.
922 2694 1067 2729 Gregorius
1078 2667 1336 2729 layssaanusmratio.
1346 2699 1366 2724 I,
1382 2696 1474 2729 contra
1485 2691 1654 2729 Eunomium.

914 2729 970 2790 (ise)
978 2726 1119 2790 Ῥὲειὲιγίιιὲ,
1135 2733 1200 2755 tom.
1213 2727 1245 2761 ll,
1258 2727 1378 2762 Theolog.
1393 2726 1523 2761 dogmat.,
1538 2726 1656 2760 praefat”

914 2771 938 2790 ιι.
974 2785 980 2790 .
1044 2784 1051 2790 .

879 2771 938 2795 cap.
953 2764 980 2795 2,
998 2764 1012 2795 §
1025 2764 1051 2791 6.

912 2771 1107 2833 ﬁtﬁlfefmas,
1124 2798 1226 2826 similit.
1243 2806 1280 2831 Ix,
1291 2797 1339 2825 lib.
1358 2805 1399 2830 ιιι,
1412 2803 1472 2831 cap.
1487 2796 1531 2825 12.

1461 2842 1501 2873 28
