1920 3104
238 105 293 137 875

949 103 980 133 S.
999 100 1133 132 111211Μῶ

1811 107 1865 134 870

237 172 309 199 inter
319 173 347 196 et
361 169 524 199 increatum.
535 165 606 194 inter
618 165 704 195 Deum
731 168 759 192 et
778 168 932 192 creaturam
955 163 1024 190 nihil
1037 165 1062 194 Α
1076 162 1211 196 adfuerat,
1222 160 1346 198 ejusdem
1365 169 1428 192 cum
1442 161 1505 199 ipso
1516 164 1590 192 sicut
1601 170 1708 194 [natura
1720 166 1760 194 ita
1773 172 1802 194 et
1814 176 1861 203 po-

237 216 351 244 omnino
370 214 489 242 medium
511 221 571 240 esse
595 211 719 248 ignorat?
747 211 869 246 Denique
897 210 1023 238 eumdem

238 262 286 289 Dei
307 261 406 288 Filium
434 259 468 287 ad
488 258 658 286 condendam
688 261 841 285 creaturam
867 255 941 283 Patri
973 263 1024 283 suo

237 312 340 334 atterno
365 304 487 332 adfuisse
505 304 552 338 qui
569 303 660 336 tradit,
683 303 706 329 is
718 302 838 337 profecto
858 301 934 328 illum
949 300 1023 328 Patri

237 360 289 380 suo
305 355 471 379 coaeternlun
494 349 651 377 ﬁrmissime
664 353 815 376 asseverat.
832 348 932 375 Eodem
945 348 1024 382 plane

237 405 319 426 sensu
341 396 454 424 Hermas
479 396 562 431 paulo
581 395 706 430 superius
724 395 831 422 dixerat
851 403 856 420 :
883 394 916 421 In
935 394 1024 421 servili

237 443 385 470 conditione
405 451 456 469 non
473 442 580 476 ponitur
594 440 682 467 Filius
697 440 755 473 Dei,
769 440 813 467 sed
828 440 855 466 in
869 448 964 474 magna
977 448 1024 474 po—

239 493 331 516 testate
346 493 370 515 et
383 488 492 522 imperio
508 486 575 521 (20).
592 485 692 513 Omnes
710 486 809 520 quippe
823 490 954 513 creaturis
971 485 1024 512 Deo

238 533 374 565 serviunt;
395 532 520 567 quoniam
542 531 630 557 omnia
640 551 647 562 ,
663 530 703 557 uti
716 531 750 557 de
764 529 820 556 Deo
833 530 907 557 canit
918 529 1024 557 Psaltes

238 579 330 614 regius
344 579 378 612 σι,
393 579 508 605 serviunt
521 576 578 603 tibi.
594 576 645 609 Qui
658 583 723 611 ergo
736 576 763 602 in
776 575 863 602 servili
875 575 1024 602 conditione

237 633 287 652 non
304 624 421 659 ponitur,
439 624 484 651 hic
502 627 627 650 creatura
643 629 694 649 nec
708 629 768 649 esse
780 629 830 648 nec
844 621 899 648 dici
918 625 1022 656 potest;

237 670 284 705 qui
307 674 396 697 autem
422 672 548 696 creature
569 675 629 695 esse
651 672 679 694 et
700 666 753 694 dici
774 671 878 701 nequit,
892 667 937 694 ille
951 671 1024 694 certe

237 716 311 744 Dens
324 717 382 751 ipse
395 720 448 743 est.

272 764 327 798 Age
341 768 417 795 vero,
433 761 456 789 si
473 761 515 789 his
527 759 654 788 omnibus
666 765 693 787 et
708 760 760 787 alia
778 759 902 794 adjicias.
917 766 978 793 quae
990 757 1023 785 de

236 810 330 837 eodem
347 809 394 837 Dei
406 808 475 836 Filio
491 809 525 836 ab
539 813 650 836 auctore
661 812 755 835 nostro
769 807 870 841 scripta
888 806 1022 841 legimus:

1073 209 1181 236 testatis
1196 217 1303 244 semper
1312 209 1405 238 fuerit.
1420 210 1489 238 Cum
1502 217 1576 239 sarta
1591 211 1686 247 igitur,
1698 217 1783 245 tecta,
1797 214 1862 241 inte-

1074 262 1176 289 graque
1188 255 1224 282 sit
1233 253 1340 283 Hermae
1350 255 1437 283 nostri
1451 256 1485 283 de
1497 263 1604 284 summa
1613 256 1716 285 Christi
1724 257 1860 290 doctrina.

1073 308 1125 328 nec
1139 300 1206 336 quid
1221 302 1335 329 omnino
1346 307 1443 330 contra
1458 301 1532 329 illam
1554 303 1607 330 nisi
1627 304 1766 331 insulsum
1782 304 1862 339 plane

1073 350 1101 374 et
1117 347 1239 381 ineptum
1252 347 1360 375 eﬂ'utire
1370 349 1512 383 potuerint
1525 349 1644 376 heretici
1657 358 1664 383 ;
1681 357 1755 377 unus
1770 355 1862 378 tamen

1074 399 1106 419 ex
1118 392 1173 420 illis
1184 400 1271 428 pauca
1282 393 1407 428 quaedam
1421 393 1508 428 ipsius
1527 394 1611 421 verba
1625 395 1744 428 arrosit,
1761 396 1863 430 quibus

1075 437 1194 472 Spiritus
1219 439 1308 466 sancti
1329 439 1500 467 divinitatem
1519 440 1554 467 ab
1576 447 1609 467 eo
1624 446 1753 476 negatam
1778 441 1863 470 fuisse

1073 485 1189 518 probare
1200 492 1346 519 perperam
1355 489 1470 513 conatus
1480 490 1532 513 est.
1545 485 1607 513 Haec
1619 494 1703 521 porro
1715 492 1791 519 sunt,
1802 496 1862 522 quae

1074 529 1119 557 ille
1133 530 1213 558 nobis
1228 531 1324 566 objicit
1338 540 1345 558 :
1362 530 1453 567 Neque
1470 541 1529 559 cum
1551 532 1623 565 vult,
1648 533 1752 560 homini
1775 534 1863 569 loqui-

1074 580 1119 602 tur
1142 575 1258 610 Spiritus
1283 582 1389 604 sanctus
1402 597 1409 610 ,
1432 577 1477 604 sed
1493 583 1555 605 tunc
1569 579 1706 614 loquitur,
1727 589 1787 607 cum
1807 581 1864 608 vult

1073 621 1144 649 Deus
1158 623 1227 658 (23).
1245 621 1298 650 Sed
1314 623 1337 651 si
1353 623 1426 651 hunc
1437 622 1613 652 Socinianum
1621 625 1762 654 hominem
1787 627 1861 654 nefa-

1073 668 1131 695 rius
1153 669 1273 696 errantis
1296 673 1378 697 secta:
1401 677 1480 698 amor
1494 679 1548 698 non
1562 671 1670 706 penitus
1684 672 1862 705 obcaecasset,

1073 713 1253 742 intellexisset
1268 715 1363 750 utique
1388 716 1459 744 hanc
1477 724 1539 745 esse
1559 716 1666 744 Hermae
1679 718 1766 745 nostri
1788 727 1863 746 men-

1073 764 1139 792 tem,
1153 765 1180 787 et
1191 768 1304 788 sensum
1319 762 1448 790 omnibus
1459 762 1539 790 facile
1552 763 1663 790 obvium
1678 772 1685 790 :
1699 762 1793 798 Neque
1804 772 1863 790 eam

1075 805 1152 832 homo
1177 805 1232 832 vult
1245 826 1253 835 .
1274 807 1375 833 homini
1391 807 1509 842 loquitur
1526 807 1643 843 Spiritus
1666 815 1776 836 sanctus
1790 830 1798 841 ,
1818 810 1862 836 sed

237 856 271 883 In
286 864 397 891 magna,
413 855 501 890 inquit
513 855 577 890 (2i),
586 859 623 882 est
641 858 770 889 potestate
784 857 808 880 et
824 839 945 887 imperio;
959 851 1025 878 alibi
1039 839 1136 876 “cum
1151 850 1205 877 vult
1221 850 1302 878 Deus.
1319 851 1353 878 At
1365 839 1442 887 quid,
1459 839 1585 886 obsecro,
1595 861 1629 880 ex.
1640 853 1682 880 his
1697 839 1865 881 verbis-con-

240 909 305 927 vero
317 902 355 928 ait
370 910 375 926 :
393 899 494 926 Nomen
517 898 584 926 Filii
599 897 648 925 Dei
667 905 789 933 magnum
808 900 864 928 εει,
879 901 903 923 ει
918 896 1028 922 ίιηιηειι-
1078 901 1120 924 tra
1137 896 1256 932 Spiritus
1272 898 1359 925 sancti
1374 899 1567 927 divinitatem?
1590 900 1646 927 imo
1669 907 1736 927 vero
1750 900 1816 935 quid
1830 908 1863 927 ex

238 955 308 978 sum,
322 951 346 972 et
359 950 429 973 tatus
444 945 477 972 ab
498 953 528 971 eo
542 949 708 972 sustentatur
724 943 794 970 orbis
806 941 878 977 (22);
894 949 926 969 ac
940 941 1028 969 conti-
1077 942 1143 974 illis.
1160 943 1213 971 nisi
1225 951 1274 978 pro
1289 944 1436 971 asserenda
1444 944 1535 972 divina
1546 945 1620 972 illius
1631 950 1741 978 natura,
1750 946 1863 973 condu-

235 1001 291 1020 nuo
304 997 364 1028 post
380 1001 386 1020 :
407 991 499 1019 Omnis
514 991 563 1018 Dei
576 996 699 1018 creatura
725 998 770 1025 per
789 989 889 1016 Filium
900 989 956 1023 ejus
968 996 1028 1015 sus-

236 1043 362 1065 tentatur.
371 1037 418 1065 His
426 1037 518 1064 verbis
525 1044 659 1064 summam
671 1035 744 1062 illius
755 1035 925 1062 divinitatem
933 1038 1027 1068 aperte

238 1083 389 1112 renuntiari
413 1082 535 1114 fatearis,
548 1082 660 1109 omnino
683 1088 794 1108 necesse
810 1084 861 1107 est.
876 1079 928 1107 Cui
940 1079 1025 1112 enim,

235 1130 334 1157 amabo
348 1134 374 1156 te
386 1150 394 1162 ,
407 1137 438 1155 ea
452 1128 545 1156 omnia
570 1127 718 1154 convenire
740 1130 858 1162 possunt
872 1146 879 1158 ,
894 1126 947 1153 nisi
962 1133 1026 1153 vero

237 1175 284 1202 [rei
301 1174 380 1204 Filio.
400 1173 447 1208 qui
469 1173 590 1208 ejusdem
603 1179 665 1199 cum
679 1170 758 1198 Patre
771 1171 807 1198 sit
822 1171 1024 1203 immensitatis,

234 1220 395 1248 mter-uitatis
408 1239 416 1251 ,
434 1218 578 1254 potestatis
598 1223 625 1245 et
647 1221 761 1244 naturae.
788 1216 848 1244 Non
872 1217 1024 1245 audiendus

235 1268 328 1302 itaque
340 1266 440 1300 impius
465 1264 558 1292 nescio
577 1263 645 1299 quis
668 1263 852 1296 Socinianus,
875 1263 922 1297 qui
945 1263 1024 1291 nobis

234 1320 377 1349 perperam
396 1311 491 1346 objicit
504 1310 604 1337 Filium
618 1309 665 1336 Dei
685 1309 784 1336 ibidem
801 1309 835 1335 ab
853 1308 951 1336 Herma
966 1316 1023 1336 ser-

233 1365 298 1387 vum
313 1357 453 1393 appellari,
467 1357 514 1392 qui
526 1360 588 1391 post
603 1363 680 1382 suam
696 1359 799 1382 tantum
812 1359 926 1382 mortem
939 1362 957 1381 ra
972 1353 1024 1381 Pa-

234 1411 277 1433 tre
291 1413 373 1440 super
388 1404 518 1440 populum
545 1411 624 1431 suum
641 1405 804 1437 potestatem
818 1409 926 1428 omnem
945 1408 1023 1429 acce-

235 1452 315 1486 perit.
340 1449 469 1485 Nunquid
487 1450 559 1476 enim
587 1447 785 1478 Hermas,cum
812 1446 922 1479 ibidem,
949 1447 1021 1474 sicut

1077 989 1104 1016 di
1120 989 1228 1024 potest?
1239 989 1277 1016 lbi
1289 991 1361 1017 enim
1379 990 1492 1019 Hermas
1507 999 1588 1019 veros
1602 992 1755 1026 prophetas
1768 993 1863 1020 divino

1077 1034 1191 1070 Spiritu,
1205 1037 1315 1070 quando
1328 1037 1442 1072 ipsemet
1457 1038 1552 1071 voluit,
1567 1038 1671 1066 aillatos
1687 1038 1775 1067 fuisse
1789 1047 1863 1067 asse-

1075 1086 1163 1109 verat.
1180 1084 1215 1109 At
1225 1082 1288 1117 quis
1301 1083 1416 1116 nesciat,
1430 1088 1557 1112 strenuos
1565 1084 1681 1112 Nicaeus
1693 1085 1757 1112 ﬁdei
1768 1085 1862 1112 delen—

1075 1136 1152 1157 sores
1174 1129 1226 1157 hoc
1252 1130 1287 1157 ad
1315 1131 1492 1159 debellandos
1517 1132 1657 1165 Arianos,
1685 1137 1713 1159 et
1743 1133 1862 1167 Spiritus

1075 1177 1163 1204 sancti
1186 1177 1357 1205 divinitatem
1381 1179 1515 1207 adversus
1531 1179 1747 1207 Maeedonianos
1761 1180 1862 1208 invicte

1073 1223 1298 1257 pmpugnandam
1315 1223 1514 1257 eilicacissimo,
1540 1229 1570 1252 ut
1590 1225 1670 1260 plane
1684 1233 1742 1252 non
1767 1225 1862 1253 immo-

1073 1268 1128 1295 rito
1143 1269 1286 1303 putabant,
1303 1277 1369 1297 usos
1385 1278 1445 1298 esse
1463 1275 1634 1306 argumento.

1108 1312 1216 1342 Hermae
1238 1314 1336 1342 Pastor
1357 1316 1426 1344 duas
1448 1315 1562 1350 insuper
1577 1316 1603 1343 in
1620 1316 1734 1343 Christo
1746 1320 1862 1344 naturas

1073 1360 1247 1394 apertissime
1272 1361 1432 1396 distinguit:
1454 1362 1575 1389 divinam
1591 1369 1685 1394 unam,
1708 1362 1862 1389 secundum

1072 1413 1154 1440 quam
1167 1405 1212 1433 Dei
1225 1406 1309 1434 Filius
1321 1413 1384 1434 ante
1392 1415 1501 1435 onmem
1515 1413 1668 1435 creaturam
1683 1409 1806 1441 exsistit,
1823 1410 1861 1435 ita

1071 1457 1101 1479 ut
1115 1452 1144 1478 in
1157 1453 1268 1479 consilio
1282 1452 1360 1480 Patri
1371 1461 1419 1480 suo
1433 1454 1550 1488 adfuerit
1564 1455 1598 1481 ad
1611 1455 1776 1482 condendam
1790 1464 1862 1483 crea-

234 1496 363 1528 vidimus,
378 1495 446 1522 dixit
460 1503 467 1522 :
482 1493 514 1521 In
530 1494 618 1520 servili
627 1493 774 1519 conditione
784 1501 835 1519 non
850 1492 958 1527 ponitur
972 1491 1021 1519 Fi-
1033 1508 1055 1538 c
1072 1501 1171 1524 turam,
1190 1497 1229 1524 En
1245 1499 1380 1533 integrum
1402 1503 1504 1526 ιθχιιιπ,
1517 1499 1548 1527 Ι),
1565 1499 1671 1528 Henna;
1695 1508 1747 1535 pro
1769 1501 1861 1528 divin.

233 1541 286 1569 lius
301 1541 361 1572 Dei.
377 1541 428 1568 sibi
443 1540 493 1575 ipsi
505 1540 623 1567 absurde
634 1559 642 1572 ,
661 1539 807 1574 putideque
822 1537 1021 1566 contradixisse

235 1588 434 1616 existimandus
449 1587 510 1614 est?
524 1585 591 1619 Quis
607 1593 680 1613 sana:
696 1585 795 1612 utentis
809 1585 892 1611 homo
915 1585 942 1612 id
971 1593 1021 1612 un—

235 1639 317 1666 quam
340 1639 462 1658 asserere
475 1652 482 1663 ,
502 1632 557 1657 imo
572 1630 736 1665 cogitatione
754 1630 899 1665 animoque
918 1630 1021 1664 lingere

234 1678 353 1706 audeat?
367 1677 433 1710 Quis
447 1684 521 1709 vero,
549 1677 570 1703 si
592 1675 665 1703 hunc
689 1675 808 1703 auctoris
830 1675 916 1703 nostri
930 1675 1020 1702 locum

237 1722 324 1756 aquis
349 1729 470 1755 unquam
503 1720 599 1755 legerit
623 1720 731 1753 oculis,
758 1720 794 1747 ibi
811 1720 942 1748 continuo
966 1728 1020 1748 non

234 1767 454 1800 animadvertat,
471 1770 617 1801 utrumque
632 1766 666 1793 ab
683 1766 730 1793 illo
744 1766 778 1794 de
792 1766 893 1800 duplici
916 1765 1020 1794 Christi

233 1818 342 1845 natura,
358 1820 420 1840 cum
434 1813 564 1845 humana,
583 1816 639 1839 tum
654 1812 746 1839 divina
761 1818 836 1840 recte
851 1813 980 1840 traditum
994 1818 1020 1841 et

233 1859 450 1893 pronuntiatum.
482 1858 719 1891 Quemadmodum
744 1858 817 1885 enim
843 1858 970 1887 Christus
985 1859 1020 1886 ab

233 1903 293 1938 ipso
307 1904 456 1932 secundum
468 1904 588 1932 divinam
600 1912 676 1932 suam
689 1910 814 1932 naturam
830 1906 902 1932 omni
916 1910 1020 1932 creatu-

233 1957 265 1976 ra
280 1950 415 1985 antiquior
428 1969 436 1982 ,
451 1950 480 1976 in
498 1950 587 1976 servili
616 1950 763 1977 conditione
778 1959 829 1977 non
842 1951 970 1985 ponitur;
982 1951 1019 1978 ita

234 1996 384 2023 secundum
398 1995 545 2022 humanam
561 2004 650 2023 servus
674 1995 723 2023 Dei
742 1997 891 2032 appellatus
912 2002 963 2025 est.
986 1997 1020 2024 Et

233 2041 262 2068 id
273 2041 381 2076 quidem
396 2041 496 2068 clarius
509 2062 517 2072 ,
535 2049 617 2075 quam
643 2041 786 2076 ipsiusmet
801 2042 907 2070 Hermas
929 2043 1018 2072 verbis

233 2086 364 2120 explicari
381 2093 435 2113 non
449 2091 538 2121 potest
553 2094 560 2113 :
576 2086 634 2113 Hoc
645 2095 717 2122 ergo.
735 2088 834 2123 inquit,
847 2088 946 2116 Christi
959 2097 1019 2116 cor-

234 2140 296 2167 pus,
311 2134 338 2160 in
356 2134 425 2168 quod
438 2134 561 2160 inductus
577 2139 615 2161 est
628 2133 745 2169 Spiritus
757 2141 873 2162 sanctus
883 2157 890 2170 ,
912 2138 1017 2165 servivit

1073 1546 1171 1570 natura
1183 1552 1189 1569 :
1200 1542 1322 1570 Primum
1333 1544 1459 1576 omnium,
1474 1545 1587 1578 domine,
1600 1545 1726 1580 inquam,
1737 1546 1788 1573 hoc
1799 1547 1863 1574 milii

1071 1591 1233 1616 demonstra.
1256 1589 1336 1616 Petra
1353 1591 1408 1617 hac
1427 1595 1452 1617 et
1474 1596 1552 1625 porta
1575 1591 1638 1626 quid
1665 1593 1749 1619 sunt!
1773 1593 1861 1625 Audi,

1072 1634 1181 1670 inquit,
1197 1640 1272 1670 petra
1285 1637 1340 1662 Ιιιεε
1361 1641 1385 1663 et
1401 1642 1478 1671 porta
1494 1636 1582 1664 Filius
1600 1637 1650 1664 Dei
1663 1643 1712 1665 est.
1739 1637 1862 1670 Quonam

1071 1685 1160 1714 pacto,
1174 1681 1298 1716 inquam,
1314 1682 1428 1715 domine.
1443 1687 1517 1718 petra
1530 1688 1602 1710 vetus
1614 1689 1664 1715 est,
1677 1690 1757 1718 porta
1773 1689 1861 1711 autem

1072 1726 1158 1753 nova?
1169 1726 1250 1759 Audi,
1264 1728 1364 1762 inquit,
1378 1728 1503 1762 insipiens
1514 1734 1538 1756 et
1552 1729 1686 1764 intellige:
1698 1728 1791 1756 Filius
1804 1731 1861 1765 qui-

1070 1772 1129 1798 dem
1147 1772 1196 1799 Dei
1206 1774 1277 1800 omni
1291 1778 1412 1800 creatura
1429 1775 1567 1809 antiquior
1581 1781 1630 1808 est,
1647 1776 1697 1808 ita,
1711 1780 1740 1802 ut
1756 1777 1785 1803 in
1800 1785 1861 1803 con-

1070 1818 1131 1845 silio
1153 1817 1233 1845 Patri
1257 1827 1305 1846 suo
1324 1820 1441 1854 adfuerit
1459 1821 1493 1847 ad
1507 1821 1669 1848 condendam
1685 1827 1859 1854 creaturam;

1070 1869 1147 1898 porta
1158 1869 1246 1892 autem
1267 1873 1404 1900 propterea
1419 1875 1487 1893 nova
1498 1871 1547 1900 est,
1566 1868 1629 1902 quia
1649 1868 1677 1893 in
1691 1876 1861 1895 consumm-

1071 1911 1141 1937 tionc
1154 1910 1181 1936 in
1194 1911 1342 1938 novissimis
1361 1911 1452 1938 diebus
1475 1913 1611 1947 apparebit
1624 1933 1631 1944 ,
1648 1917 1676 1939 ut
1690 1914 1738 1947 qui
1750 1921 1860 1941 assecu-

1071 1957 1125 1982 turi
1134 1961 1195 1983 sunt
1202 1957 1326 1990 salutem,
1337 1965 1383 1991 per
1392 1966 1450 1984 eam
1462 1958 1561 1984 intrent
1572 1958 1600 1984 in
1610 1966 1718 1993 regnum
1730 1958 1782 1985 Dei
1791 1959 1858 1994 (24).

1069 2001 1128 2030 Hoc
1152 2003 1245 2038 itaque
1267 2003 1294 2030 in
1319 2003 1380 2031 loco
1401 2003 1497 2031 PaStor
1516 2004 1657 2031 Christum
1678 2005 1792 2032 exhibet
1810 2005 1860 2033 sub

1069 2048 1188 2084 imagine
1201 2053 1258 2076 tum
1271 2053 1355 2084 petra:
1369 2050 1467 2077 veteris
1477 2070 1486 2083 ,
1502 2055 1638 2085 quatenus
1658 2049 1705 2078 Dei
1720 2050 1860 2079 Filiusest

1074 2097 1137 2121 ante
1153 2101 1261 2121 omnem
1276 2099 1428 2122 creaturam
1442 2103 1497 2123 una
1510 2103 1572 2123 cum
1589 2095 1671 2123 Patre
1701 2096 1857 2129 exsistens;

1069 2144 1126 2167 tum
1141 2145 1226 2175 portae
1248 2147 1344 2174 novae,
1362 2146 1499 2176 quatenus
1520 2142 1591 2169 idem
1617 2142 1700 2169 homo
1727 2142 1818 2174 factus
1832 2143 1856 2169 in

234 2178 277 2205 illi
293 2177 406 2212 Spiritui
418 2199 425 2210 ,
450 2185 518 2206 recte
543 2179 569 2205 in
585 2180 713 2207 modestia
737 2181 875 2208 ambulans
893 2187 918 2209 et
938 2187 1020 2215 caste,
1037 2177 1060 2205 ο
1074 2185 1232 2213 novissimis
1251 2186 1347 2214 diebus
1365 2187 1501 2222 apparuit.
1517 2186 1579 2215 Haec
1605 2192 1696 2215 autem
1713 2196 1777 2215 cum
1794 2188 1858 2216 Her-

234 2231 315 2258 neque
325 2224 430 2250 omnino
446 2224 587 2251 maculavit
602 2224 731 2259 Spiritum
743 2226 864 2253 illum...
877 2226 1020 2254 Advocavit

233 2278 296 2304 ergo
317 2269 419 2296 Filium
446 2275 470 2297 et
496 2271 602 2297 nuntios
626 2270 704 2298 bonos
718 2291 726 2304 ,
751 2276 780 2298 ut
793 2276 817 2298 et
836 2272 897 2299 huic
920 2273 1020 2300 scilicet

234 2316 359 2350 corpori,
374 2316 443 2351 quod
461 2316 564 2343 servivit
589 2315 701 2351 Spiritui
722 2323 813 2344 sancto
828 2319 885 2345 sine
905 2319 1020 2354 querela,

233 2363 308 2390 locus
323 2363 420 2398 aliquis
435 2364 594 2390 consistendi
610 2365 719 2392 daretur
732 2385 740 2397 ,
757 2374 787 2393 ne
803 2366 934 2393 videretur
951 2375 1021 2394 mer-

233 2409 323 2436 cedent
351 2409 486 2436 servitutis
509 2418 565 2437 sua:
589 2411 745 2445 perdidisse.
762 2412 868 2447 Accepit
889 2417 977 2439 autem
995 2417 1020 2440 et

232 2460 291 2492 post
303 2460 413 2482 mortem
432 2463 509 2482 suam
529 2456 598 2483 idem
613 2456 711 2484 Christi
725 2466 834 2492 corpus,
855 2458 1020 2493 humanaque

234 2501 352 2534 eiusdem
375 2505 473 2528 natura
497 2509 599 2528 omnem
615 2510 694 2536 super
707 2503 831 2537 populum
844 2507 1018 2537 potestatem;

235 2547 344 2575 tametsi
358 2547 474 2582 ipsemet
487 2547 614 2575 Christus
628 2568 635 2580 ,
659 2549 706 2582 qui
731 2549 880 2576 secundum
898 2549 1019 2577 divinam

235 2602 314 2623 suam
339 2595 521 2623 substantiam
540 2595 615 2623 Patri
631 2595 663 2623 ad
678 2596 847 2624 condendam
863 2601 1017 2625 creaturam

271 2651 292 2667 “
307 2651 380 2678 Psal.
393 2659 487 2685 cxvtn,
504 2651 549 2679 9i.

270 2728 328 2765 (μὶ)
347 2727 473 2765 Hermas.
489 2729 571 2757 simil.
588 2737 616 2761 v,'
629 2737 691 2765 cap.
706 2730 733 2757 6.

281 2763 327 2800 21)
347 2763 431 2800 idem,
446 2765 497 2800 lib.
514 2773 542 2791 ιιι
556 2786 563 2798 ,
580 2763 723 2792 similitud.
740 2774 766 2798 ν,
782 2774 841 2800 cap.
856 2766 873 2794 5
885 2771 910 2794 et
924 2767 951 2794 6.

282 2798 328 2828 ﬁ)
348 2798 430 2832 Idem,
445 2799 492 2827 lib.
506 2807 552 2832 ιιι,
567 2800 707 2828 similitud.
725 2809 762 2834 rx,
776 2798 835 2837 cap.
857 2802 899 2829 ll.

1074 2238 1134 2258 mas
1148 2231 1269 2258 nondum
1284 2231 1459 2266 intelligeret,
1484 2240 1574 2267 neque
1599 2240 1696 2267 capere
1713 2234 1857 2268 potuisset,

1073 2285 1127 2312 qua
1143 2278 1248 2305 ratione
1261 2298 1268 2311 ,
1287 2279 1333 2313 qui
1346 2278 1432 2306 Filius
1446 2278 1494 2305 Dei
1508 2283 1559 2311 est,
1573 2279 1643 2306 idem
1660 2284 1687 2306 et
1701 2279 1750 2307 Dei
1764 2288 1858 2307 servus

1073 2324 1117 2357 sit,
1133 2322 1272 2351 Pastorem
1289 2331 1368 2351 suum
1386 2324 1549 2360 interrogat;
1568 2332 1654 2360 quare
1667 2325 1753 2354 Filius
1769 2326 1817 2354 Dei
1831 2327 1858 2354 in

1072 2369 1252 2397 similitudine
1266 2369 1318 2397 hac
1330 2391 1337 2404 ,
1354 2371 1447 2397 servili
1473 2371 1534 2398 loco
1556 2372 1685 2406 ponitur?
1699 2371 1771 2400 Huic
1786 2381 1857 2408 qua:-

1072 2415 1154 2442 stioni
1181 2415 1327 2451 respondet
1345 2416 1454 2452 quidem
1477 2417 1593 2445 Pastor:
1610 2417 1644 2444 In
1661 2419 1755 2446 servili
1767 2420 1857 2446 condi-

1071 2463 1140 2489 tione
1148 2470 1198 2489 non
1208 2463 1315 2497 ponitur
1322 2462 1410 2490 Filius
1419 2463 1479 2496 Dei,
1490 2464 1536 2491 sed
1549 2471 1576 2491 In
1585 2472 1685 2500 magna
1693 2469 1828 2500 potestate
1835 2471 1856 2492 ct

1069 2509 1190 2543 imperio.
1207 2508 1260 2536 Sed
1275 2509 1333 2537 haec
1353 2510 1434 2537 verba
1452 2510 1587 2545 integrum
1601 2509 1727 2539 Pastoris
1747 2520 1857 2547 respon-

1070 2562 1131 2582 sum
1161 2562 1216 2582 non
1237 2555 1399 2589 absolvunt;
1423 2556 1557 2590 siquidem
1582 2561 1609 2584 et
1630 2557 1686 2584 alia
1700 2559 1737 2585 ab
1751 2566 1785 2585 eo
1798 2565 1855 2585 mox

1071 2599 1270 2636 subjiciuntur,
1287 2608 1348 2636 qua:
1364 2601 1511 2636 propositae
1533 2603 1696 2637 quastionis
1709 2604 1855 2639 pleniorem

1107 2734 1162 2768 (25)
1181 2733 1265 2767 Idem,
1281 2733 1401 2760 mandat.
1418 2741 1466 2763 ιιι.
1481 2740 1541 2768 cap.
1559 2734 1602 2761 l2.

1109 2769 1163 2805 124)
1183 2769 1267 2803 Idem,
1283 2769 1366 2796 simil;
1380 2776 1417 2801 nt,
1433 2776 1493 2804 cap.
1510 2769 1552 2796 l2.
