1920 3104
57 97 106 125 877

682 92 830 121 PASTOR.
849 109 883 114 —
897 93 1078 122 PROG‘IMIA.

1627 93 1679 121 878

57 161 82 183 et
93 155 186 189 magis
198 154 359 182 distinctam
373 155 538 183 solutionem
550 154 699 182 continent.
712 152 847 180 Nimirum
863 157 885 184 Α
899 157 1008 188 peccata
1038 153 1172 188 expianda
1195 154 1314 189 pertulit.
1333 153 1395 188 Ipse
1418 153 1490 181 enim
1511 152 1581 179 ciam
1608 153 1679 185 vita,

58 201 206 235 distinguit
217 208 315 228 rursus
324 200 424 228 Pastor
437 201 508 228 inter
519 199 650 235 Spiritum
662 204 787 227 sanctum
800 206 849 226 seu

59 247 107 282 τὴν
121 246 201 273 ostav
215 246 243 273 in
262 245 376 273 Christo
398 247 478 280 φύσιν
490 266 497 279 ,
512 250 539 273 et
551 245 652 272 Christi
678 251 779 279 corpus
801 250 850 271 seu

60 297 190 320 naturam
219 292 388 325 humanam;
414 299 446 319 ac
461 291 589 319 servilem
602 291 786 319 conditionem
799 311 805 321 ,
821 290 850 317 in

60 346 114 374 qua
126 338 230 365 Filium
242 337 291 366 Dei
301 338 329 365 in
341 338 519 366 similitudine
529 342 667 372 posuerat,
681 337 713 364 ad
728 344 850 370 carnem,

62 391 108 412 seu
125 388 258 411 naturam
276 384 358 410 istam
371 384 520 410 humanam
533 383 667 410 duntaxat
681 382 849 410 referendam

61 437 132 460 esse,
149 429 262 456 disertis
277 429 366 456 verbis
381 429 469 456 docet.
485 428 631 463 Postquam
646 428 720 456 enim
740 428 774 455 de
788 427 850 464 Spi-

61 476 115 502 ritu
132 476 189 503 isto
205 475 314 503 locutus
329 475 428 508 fuerat,
441 476 486 510 qui
500 475 605 510 infusus
615 480 654 502 est
668 475 784 502 omnium
795 475 851 510 pri-

61 528 120 547 mus
139 520 168 546 in
184 528 308 555 corpore,
324 520 352 546 in
376 528 427 555 quo
444 520 602 546 inhabitaret
617 519 699 553 Deus,
716 527 779 547 mox
793 519 850 547 hac

61 565 207 601 subjungit
222 575 228 592 :
245 565 301 592 Hoc
316 573 377 600 ergo
387 573 481 600 corpus
494 565 522 591 in
535 573 586 598 quo
596 565 721 591 inductus
735 568 773 591 est
788 563 851 599 Spi-

61 611 131 637 ritus
146 615 266 641 sanctus,
283 610 386 637 seruiuit
405 609 446 636 illi
466 609 590 644 Spiritui,
603 614 670 636 recte
684 610 712 635 in
725 609 852 636 modestia

61 656 205 683 ambulans
225 661 249 682 et
260 661 342 689 caste,
356 664 436 691 neque
448 656 554 683 omnino
565 655 708 682 maculavit
721 655 852 690 Spiritum

60 701 151 728 illum.
163 701 229 728 Cum
240 701 322 736 igitur
332 709 426 735 corpus
435 700 502 727 illud
510 701 639 734 paruisset
655 700 726 727 omni
740 705 852 735 tempore

62 746 181 781 Spiritui
193 753 283 773 sancto
292 751 360 773 recte
372 752 450 781 atque
460 752 542 779 caste,
551 755 582 773 ac
593 746 738 773 laborasset
745 754 803 772 cum
811 754 850 779 eo,

61 801 110 819 nec
121 792 302 820 succubuisset
321 793 350 819 in
369 793 440 819 omni
454 798 568 828 tempore
578 813 585 825 ,
600 793 742 827 fatigatum
757 800 850 826 corpus

900 199 964 226 data
977 199 1041 234 lege,
1052 207 1131 234 quant
1147 208 1164 226 α
1178 199 1260 226 Patre
1279 202 1424 232 acceperat,
1447 198 1522 225 nobis
1547 197 1679 229 ostendit;

900 249 977 279 atque
988 245 1045 270 ideo
1067 245 1094 271 in
1116 244 1261 279 redemptos
1283 252 1370 272 omnes
1388 247 1490 279 regnat.
1513 243 1679 278 potestatein

899 296 942 315 eos
957 297 974 315 α
985 288 1066 316 Patre
1084 289 1134 316 sibi
1149 297 1282 316 concessa.

937 333 1058 362 Validius
1073 334 1141 362 nihil
1160 335 1230 362 tradi
1246 338 1335 369 potest
1349 334 1394 366 iis,
1407 341 1468 369 quae
1480 333 1577 362 Pastor
1593 334 1620 361 in
1634 341 1680 361 eo-

900 379 961 407 dem
985 379 1197 408 Similitudinum
1220 381 1290 408 libro
1316 380 1396 408 docet
1417 380 1507 416 quoad
1527 381 1683 408 absolutam

900 427 1102 459 necessitatem,
1120 427 1147 453 in
1174 434 1228 461 qua
1241 433 1393 459 versamur,
1418 425 1592 453 mediationis
1618 425 1684 453 Jesu

900 472 1003 500 Christi
1017 473 1049 500 ad
1061 477 1188 500 aeternam
1201 472 1316 499 salutem
1330 472 1561 506 consequendam.
1574 471 1685 507 Perspi—

901 526 952 546 cue
979 518 1109 551 declarat,
1141 518 1278 545 neminem
1303 518 1405 545 intrare
1419 525 1498 552 posse
1513 517 1541 544 in
1570 525 1683 552 regnum

902 563 960 596 Dei,
975 563 1028 591 nisi
1053 564 1189 598 acceperit
1214 571 1315 590 nomen
1328 563 1389 590 Filii
1413 563 1460 590 Dei
1476 562 1543 598 (26).
1562 562 1685 598 Explicat

902 609 1090 644 gravissimam
1105 608 1177 636 hanc
1192 609 1334 635 veritatem
1351 608 1466 643 paritate
1478 607 1594 642 alicujus
1607 607 1685 634 urbis

901 662 982 682 muro
996 655 1101 687 cinctae,
1118 662 1178 689 qua:
1192 655 1272 682 unica
1292 654 1410 681 donatur
1423 659 1512 689 porta,
1534 661 1582 688 per
1602 661 1685 689 quam

902 701 1117 729 neccssarioille
1132 705 1253 728 transeat
1280 705 1396 735 oportet,
1424 700 1471 735 qui
1496 700 1561 727 velit
1588 700 1684 727 urbem

903 747 1018 783 ingredi.
1037 747 1121 774 Porta
1139 755 1209 780 vero,
1223 746 1298 774 addit
1321 746 1418 773 Pastor
1428 751 1490 781 post
1502 751 1621 781 quatuor
1643 747 1686 773 vel

903 795 1023 830 quinque
1035 795 1131 826 lineas,
1149 793 1236 821 Filius
1249 794 1296 821 Dei
1314 798 1363 828 est,
1375 795 1420 829 qui
1433 794 1504 821 solus
1514 799 1552 821 est
1567 802 1686 821 accessus

62 839 133 865 illud
146 839 279 866 serviliter
294 844 475 866 conversatum
490 843 539 871 est,
553 839 597 865 sed
609 839 712 873 fortiter
723 846 781 865 cum
794 837 853 872 δρί-
869 838 891 867 Β
905 841 939 868 ad
950 841 1045 868 Deum.
1058 841 1143 867 Aliter
1156 848 1216 875 ergo
1232 848 1307 867 nemo
1322 840 1433 867 intrabit
1454 840 1489 867 ad
1518 840 1611 874 Deum,
1634 841 1686 868 nisi

61 885 119 910 ritu
131 888 225 911 sancto
236 883 445 918 comprobatum,
461 883 515 910 Deo
528 888 658 918 receptant
669 888 707 910 est
720 883 850 918 (alludere

62 929 532 958 videturadverbaPaulilTimoth.
553 937 613 964 cap.
623 937 653 956 ιιι
665 949 672 962 ,
685 938 711 956 v.
729 929 780 962 16,
799 929 852 955 ὲδι·

61 977 171 1012 ιιιιώοη
179 978 208 1003 ἐν
221 977 363 1012 πνεύματι,
374 976 420 1002 καὶ
430 975 565 1012 ἀνελήφθη
573 975 670 1011 sumen
683 975 705 1011 ),
714 976 742 1002 in
752 975 851 1010 quibus

63 1024 158 1052 verbis
180 1023 285 1058 liquido
313 1027 433 1058 apparet,
449 1021 591 1049 Pastorem
607 1021 681 1056 quui
694 1022 728 1048 de
740 1029 852 1056 corpore

63 1079 114 1098 seu
126 1075 226 1097 natura
237 1069 340 1097 Christi
348 1070 475 1102 humana,
486 1069 574 1104 deque
583 1076 615 1096 eo
628 1073 731 1096 tantum
740 1076 853 1104 corpore

61 1116 214 1148 afﬁrmare,
226 1115 295 1150 quod
306 1115 437 1142 serviliter
450 1119 631 1142 conversatum
653 1115 748 1149 fuerit;
767 1115 853 1149 quod-

60 1170 119 1197 que
131 1166 215 1196 post,
232 1169 264 1188 ac
287 1165 398 1196 propter
409 1165 546 1195 peractam
561 1161 588 1188 in
601 1161 681 1188 terris
695 1161 852 1188 servitutem

61 1209 147 1235 istam
165 1214 227 1234 cum
255 1206 358 1242 Spiritu
385 1211 480 1234 sancto
503 1214 550 1234 seu
569 1205 608 1241 τῷ
625 1207 720 1242 Λόγῳ,
745 1207 774 1233 in
797 1215 853 1241 quo

61 1252 230 1280 subsisteret
241 1273 248 1285 ,
262 1252 459 1287 comprobatum
476 1252 528 1279 Deo
538 1273 546 1286 ,
561 1253 640 1287 fuerit
653 1258 794 1288 receptant,
804 1252 854 1279 hoc

61 1304 118 1332 est,
129 1299 165 1326 ad
179 1299 303 1326 dextram
319 1298 416 1326 divinat
428 1298 578 1333 maiestatis
591 1303 714 1327 evectum
729 1300 757 1326 in
769 1300 854 1327 excel-

61 1345 193 1372 sissimis.
209 1344 278 1371 Hinc
293 1344 389 1372 Pastor
403 1344 506 1372 Christi
523 1345 642 1372 hominis
661 1346 852 1373 exaltationem

61 1390 281 1418 adumbraverat
305 1390 333 1417 in
358 1390 535 1418 similitudine
553 1398 602 1426 per
619 1398 745 1423 servum,
772 1399 853 1426 quem

62 1437 203 1464 Dominus
215 1436 289 1463 fundi
301 1455 310 1468 ,
325 1437 377 1463 hoc
399 1440 440 1463 est
462 1435 534 1464 Deus
555 1435 645 1469 Pater,
663 1442 771 1472 propter
785 1444 854 1472 opus

62 1484 174 1510 bonum
196 1482 269 1518 quod
282 1482 454 1517 praestiterat,
469 1481 537 1509 Filio
558 1490 608 1510 suo
624 1482 792 1510 cohaeredem
806 1490 854 1510 vo-

902 896 949 922 per
962 887 1063 914 Filium
1074 887 1141 921 ejus.
1158 886 1269 914 [Eterna
1283 887 1364 921 igitur
1377 887 1451 914 salus
1464 887 1580 914 obtineri
1592 888 1686 923 nequit

904 936 1005 970 absque
1021 935 1073 962 ﬁde
1086 935 1113 962 in
1125 934 1218 962 Jesum
1229 934 1380 962 Christum.

905 979 972 1016 §lll.
987 980 1025 1007 De
1033 980 1173 1014 baptismo,
1185 979 1345 1012 paenitentia,
1355 979 1446 1006 ordine
1466 987 1496 1005 ac
1504 979 1684 1007 matrimonio.

939 1025 977 1052 Ex
995 1025 1120 1052 absoluta
1143 1024 1307 1051 necessitate
1340 1024 1514 1051 mediationis
1536 1022 1686 1051 Salvatoris

903 1072 935 1099 ad
948 1075 1075 1098 aeternam
1087 1070 1202 1097 salutem
1214 1070 1448 1105 consequendam,
1463 1069 1544 1096 aliam
1563 1069 1624 1096 ﬁdei
1636 1077 1684 1096 ve-

903 1115 1011 1143 ritatem
1020 1115 1130 1142 deducit
1141 1113 1249 1148 Pastor,
1261 1122 1322 1149 quas
1333 1115 1368 1142 ab
1383 1114 1428 1142 illa
1442 1115 1602 1142 naturaliter
1613 1114 1684 1146 fluit,

905 1161 1008 1189 scilicet
1021 1160 1209 1189 necessitatem
1231 1161 1369 1196 baptismi,
1387 1161 1502 1196 ejusque
1517 1161 1614 1188 miram
1629 1160 1686 1188 elli-

904 1206 1056 1234 cacitatem.
1085 1206 1231 1241 Antequam
1253 1207 1332 1239 enim,
1349 1206 1389 1233 ait
1420 1206 1466 1233 ille
1482 1206 1549 1242 (27),
1572 1206 1687 1240 accipiat

905 1252 981 1280 homo
999 1260 1092 1279 nomen
1111 1252 1162 1286 ﬁlii
1174 1252 1239 1284 Dei,
1263 1253 1342 1281 morti
1359 1252 1506 1280 destinatus
1529 1257 1587 1279 est:
1599 1257 1627 1279 at
1641 1252 1686 1279 ubi

905 1298 1004 1333 accepit
1020 1298 1086 1325 illud
1099 1297 1230 1333 sigillum,
1247 1298 1375 1325 liberatur
1389 1306 1406 1324 a
1425 1303 1518 1332 morte,
1534 1303 1557 1326 ct
1570 1299 1688 1326 traditur

904 1345 975 1372 vim.
989 1343 1062 1370 Illud
1076 1348 1164 1370 autem
1176 1343 1294 1378 sigillum
1308 1351 1377 1379 aqua
1387 1348 1437 1377 est,
1452 1345 1481 1370 in
1491 1352 1570 1379 quam
1581 1344 1687 1372 descen-

904 1391 971 1417 dunt
988 1390 1104 1417 homines
1119 1390 1198 1416 morti
1212 1390 1334 1425 obligati,
1348 1390 1491 1417 ascendunt
1499 1398 1559 1417 vero
1571 1391 1631 1418 vitw
1643 1399 1687 1417 as-

904 1436 1003 1471 signati
1033 1435 1100 1471 (28).
1126 1435 1270 1462 Pulchrior
1295 1435 1412 1463 fortasse
1434 1443 1488 1462 non
1515 1436 1688 1464 adinvonitur

905 1487 996 1510 textus
1007 1482 1040 1509 ad
1055 1482 1244 1509 necessitatem
1258 1482 1520 1518 baptismi,ejusque
1532 1484 1630 1510 miram
1646 1484 1688 1510 ef-

62 1529 119 1557 luit
132 1529 234 1556 facere.
248 1527 349 1563 Nempe
364 1536 411 1563 per
426 1535 536 1556 servum
549 1528 675 1562 intelligit
686 1535 796 1562 corpus,
806 1535 852 1555 seu
867 1520 888 1548 ο
905 1528 1027 1555 licaciam
1048 1528 1292 1562 comprobandum.
1311 1527 1408 1555 Pastor
1433 1532 1487 1555 tam
1513 1529 1689 1557 vehementer

62 1574 218 1601 humanam
241 1573 344 1600 Christi
366 1577 512 1605 naturam;
531 1580 578 1608 per
599 1572 699 1600 Filium
725 1580 790 1600 vero
805 1572 855 1608 τὴν

63 1618 145 1646 θείαν
164 1618 191 1646 in
204 1618 314 1646 Christo
330 1617 410 1652 φύσιν
425 1618 544 1646 divinam
560 1624 685 1646 naturam
698 1638 706 1650 ,
721 1623 752 1646 ut
772 1619 856 1646 lecto—

63 1671 125 1691 rem
137 1663 194 1697 jam
211 1663 272 1698 plus
287 1663 372 1691 semel
387 1663 555 1691 monuimus.
570 1663 648 1690 Tunc
666 1663 750 1698 igitur
761 1670 856 1691 servus

63 1709 139 1737 Filio
155 1709 276 1736 cobteres
288 1708 376 1736 factus
388 1713 439 1740 est.
458 1716 520 1736 cum
537 1716 638 1743 corpus
663 1716 712 1735 seu
737 1709 855 1736 humana

63 1760 168 1782 natura
193 1753 257 1781 Iesu
287 1753 389 1782 Christi
407 1758 469 1788 post
497 1754 725 1781 resurrectionem
743 1754 775 1781 ad
791 1755 857 1783 dex-

63 1805 142 1827 tram
158 1799 207 1827 Dei
227 1799 378 1832 collocata,
391 1799 511 1833 ejusdem
525 1799 617 1834 gloriae
637 1803 719 1834 atque
732 1800 856 1833 honoris,

63 1854 118 1881 pro
133 1850 215 1880 captu
228 1853 279 1872 suo
289 1845 364 1872 socia
377 1845 468 1878 fuerit,
482 1845 669 1880 particepsque
681 1845 762 1878 facta,
775 1853 856 1880 quem

65 1892 204 1918 honorem
225 1890 311 1918 Filius
328 1890 374 1918 Dei
388 1898 436 1918 seu
450 1892 464 1917 ὁ
479 1891 565 1925 Λόγος
576 1910 584 1922 ,
600 1890 681 1918 etiam
699 1897 761 1918 ante
785 1891 857 1918 hunc

64 1935 205 1962 mundum
231 1935 394 1968 cauditum,
423 1935 495 1970 apud
522 1935 632 1962 Patrem
658 1943 738 1964 suum
768 1935 857 1971 possi-

64 1981 155 2008 deret.

104 2025 319 2053 Genuinamdric
331 2033 374 2053 me
381 2025 503 2053 Pastoris
515 2027 678 2054 sententiam
687 2026 855 2059 exhibuisse,

66 2071 151 2098 facile
162 2071 318 2106 perspiciet,
331 2071 458 2106 quisquis
471 2072 677 2100 similitudinem
691 2072 763 2099 illam
777 2072 858 2107 quin-

66 2123 124 2144 tam
144 2116 252 2144 Hermae
267 2124 329 2144 cum
345 2125 411 2145 cura
433 2118 526 2152 aliqua
547 2117 650 2153 legerit.
671 2117 710 2144 Ex
731 2118 773 2145 his
793 2125 857 2145 vero

65 2161 201 2188 omnibus
213 2161 320 2188 tandem
336 2161 589 2189 manifestissimum
601 2166 653 2193 est,
668 2162 795 2189 docuisse
807 2161 856 2188 Pa-

66 2212 174 2234 storem
192 2205 292 2232 Filium
305 2205 364 2239 Dei,
373 2214 427 2241 qua
441 2206 489 2234 Dei
502 2206 589 2234 Filius
599 2211 625 2234 et
640 2206 711 2233 Deus
721 2211 774 2240 est,
785 2206 856 2233 servi

65 2252 208 2280 rationem
222 2252 303 2278 etiam
320 2256 444 2286 respectu
461 2252 508 2279 Dci
523 2252 613 2280 Patris
628 2253 786 2287 neutiquam
805 2252 855 2279 ha-

65 2298 144 2330 here,
153 2305 243 2331 neque
254 2297 384 2324 habuisse
396 2305 533 2332 unquam;
551 2305 638 2332 neque
650 2298 728 2325 aliter
747 2305 855 2325 servum

64 2344 116 2371 Dei
134 2341 285 2376 aliquando
298 2341 402 2374 fuisse,
425 2350 507 2377 quam
531 2348 643 2377 propter
661 2343 858 2370 incarnationis

63 2388 304 2424 dispensationem
316 2409 323 2420 ,
340 2396 421 2423 quam
443 2389 515 2416 ultro
528 2389 656 2423 suscepit.
669 2388 806 2416 Hactenus
824 2389 858 2416 de

63 2436 134 2463 Jesu
149 2434 254 2462 Christi
276 2439 374 2461 natura
386 2434 487 2462 divina.
513 2434 565 2462 Sed
578 2435 725 2462 humanam
746 2435 858 2469 insuper

65 2482 171 2509 Pastor
201 2481 228 2507 in
253 2480 364 2507 Christo
393 2481 504 2508 tradidit
529 2486 675 2513 naturam,
707 2481 857 2509 secundum

67 2535 154 2563 quam
170 2535 244 2554 servo
259 2531 428 2560 comparatus
442 2527 498 2562 (25)
510 2526 595 2554 Filius
612 2526 659 2553 Dei
682 2531 709 2554 et
728 2526 859 2554 aerumnis

67 2572 168 2601 multis
183 2572 318 2599 obnoxius
332 2571 392 2604 fuit,
407 2572 533 2606 malaque
541 2571 657 2606 plurima
673 2573 705 2599 ad
716 2572 857 2600 hominum

105 2666 164 2700 (25)
185 2664 312 2694 Ilcrmas.
330 2665 377 2691 lib.
392 2672 434 2697 ιιι,
451 2664 533 2692 simil.
547 2672 576 2700 x',
597 2672 621 2691 c.
638 2664 654 2691 5
665 2668 692 2691 et
707 2664 734 2690 6.

117 2701 164 2734 26)
186 2700 270 2732 Idem,
283 2701 378 2727 eodem
395 2700 476 2731 libro,
491 2699 632 2727 similitud.
649 2707 686 2732 rx,
703 2707 762 2734 cap.
779 2699 820 2726 l2.

118 2736 165 2768 27)
187 2735 273 2768 Idem,
290 2734 370 2767 ibid.,
383 2743 442 2768 cap.
466 2734 508 2761 l6.

107 2763 164 2833 $285
183 2763 318 2806 Agnoscit
331 2763 472 2796 simul-hic
493 2769 592 2797 Pastor
610 2773 750 2803 peccatum
775 2769 858 2802 origi-

119 2814 144 2833 e.
160 2805 299 2833 Nonnulla
318 2812 408 2832 tamen
423 2804 541 2833 dillicilia
560 2809 587 2832 et
603 2804 720 2831 obscura
738 2808 794 2830 tum
812 2804 856 2831 hic

70 2804 144 2833 nale.
155 2804 299 2834 Nonnulla
318 2812 408 2832 tamen
423 2804 541 2835 dillicilia
560 2809 587 2832 et
603 2804 720 2831 obscura
738 2808 794 2830 tum
812 2804 856 2831 hic

905 1581 962 1601 suae
978 1574 1119 1601 sententia!
1141 1574 1251 1606 insistit,
1277 1577 1305 1600 ut
1321 1575 1467 1601 contendat
1490 1574 1579 1609 justos
1605 1575 1687 1602 etiam

905 1619 952 1654 qui
970 1623 1031 1646 ante
1050 1619 1265 1646 incarnationem
1287 1618 1473 1652 decesserunt,
1488 1626 1543 1646 non
1565 1619 1689 1654 potuisse

906 1665 934 1691 in
949 1671 1062 1698 regnum
1076 1663 1122 1691 Dei
1136 1663 1248 1697 intrare,
1264 1664 1316 1692 nisi
1330 1664 1422 1692 divino
1443 1664 1495 1692 hoc
1516 1670 1688 1692 sacramento

906 1709 1004 1745 signati
1022 1713 1123 1737 essent.
1149 1709 1258 1736 Necesse
1278 1714 1326 1742 est,
1340 1710 1379 1736 ait
1389 1709 1444 1742 ille,
1457 1709 1572 1744 loquens
1586 1711 1620 1738 de
1638 1718 1686 1745 pa-

907 1753 1049 1785 triarchis,
1059 1753 1199 1788 prophetis
1210 1754 1330 1788 acjustis
1341 1759 1404 1781 ante
1425 1753 1574 1782 Salvatoris
1586 1755 1688 1782 adven~

909 1804 968 1826 tum
982 1798 1145 1832 viventibus,
1158 1803 1186 1825 ut
1205 1807 1251 1834 per
1267 1807 1363 1834 aquam
1376 1800 1487 1826 habeant
1498 1800 1646 1833 ascendere,
1659 1806 1688 1827 ut

907 1846 1069 1881 requiescant
1087 1854 1096 1875 :
1113 1853 1165 1873 non
1188 1850 1310 1881 poterant
1333 1846 1402 1873 enim
1427 1847 1506 1873 aliter
1534 1850 1562 1872 tn
1581 1854 1689 1881 regnum

906 1891 956 1918 Dei
967 1892 1077 1924 intrare,
1089 1899 1168 1926 quam
1184 1895 1214 1918 ut
1226 1891 1381 1926 deponerent
1394 1891 1582 1919 mortalitatem
1592 1893 1689 1926 prioris

907 1937 976 1964 vita.
992 1936 1075 1963 Addit
1090 1935 1211 1970 insuper,
1235 1940 1341 1964 veteres
1363 1936 1431 1964 istos
1457 1936 1546 1971 sigillo
1566 1936 1624 1963 Filii
1642 1936 1689 1964 Dei

907 1983 1028 2017 signatos
1044 1981 1139 2014 fuisse,
1150 1985 1178 2009 et
1198 1981 1234 2008 ita
1244 1981 1363 2009 intrasse
1375 1989 1492 2017 regnum
1505 1981 1567 2009 Dei:
1583 1981 1624 2008 illi
1640 1983 1691 2017 igi-

908 2033 952 2054 tur
969 2027 1086 2062 defuncti
1096 2027 1185 2062 sigillo
1200 2026 1265 2053 Filii
1274 2027 1323 2054 Dei
1337 2028 1435 2063 signati
1450 2033 1522 2059 sunt,
1536 2033 1561 2054 et
1575 2029 1691 2055 intraue-

908 2078 969 2100 runt
983 2074 1010 2099 in
1025 2081 1134 2107 regnum
1147 2074 1215 2105 Det;
1236 2072 1343 2106 deinde,
1367 2073 1504 2108 apostolos
1522 2077 1548 2100 ct
1566 2074 1692 2101 doctores

907 2118 1046 2149 Ecclesiae,
1059 2123 1120 2152 post
1130 2125 1223 2145 eorum
1238 2123 1354 2145 mortem
1367 2117 1411 2145 his
1428 2119 1591 2152 prteJicasse
1603 2117 1692 2144 Evan-

909 2164 1006 2199 gelium
1020 2163 1084 2190 Jesu
1101 2163 1214 2195 Christi,
1231 2167 1258 2191 et
1279 2163 1386 2191 dedisse
1400 2164 1440 2191 eis
1455 2163 1631 2198 baptismum,
1644 2163 1692 2198 qui

909 2209 984 2236 solus
996 2209 1108 2241 deerat,
1125 2212 1155 2235 ut
1169 2213 1261 2236 essent
1282 2208 1367 2235 beati:
1386 2208 1515 2240 Quoniam
1537 2208 1564 2235 hi
1579 2209 1691 2243 apostoli

910 2274 918 2282 .
933 2275 940 2282 .
954 2275 960 2281 .
974 2274 982 2281 .
1003 2262 1061 2281 cum
1084 2254 1203 2289 defuncti
1230 2259 1325 2286 essent,
1351 2254 1561 2288 prtedicaverunt
1585 2254 1626 2280 Itis
1647 2255 1692 2289 qui

909 2305 968 2327 ante
987 2300 1116 2332 obierant,
1129 2305 1154 2326 et
1170 2299 1221 2334 ipsi
1235 2299 1361 2326 dederunt
1371 2300 1408 2327 eis
1420 2300 1523 2335 signum
1537 2299 1604 2326 illud
1617 2320 1623 2326 .
1641 2319 1648 2326 .
1662 2319 1669 2326 .
1683 2320 1689 2326 .

909 2345 1090 2372 tantummodo
1114 2345 1163 2371 hoc
1187 2345 1305 2380 sigillum
1325 2345 1446 2377 defuerat
1461 2346 1510 2372 eis.
1539 2344 1692 2380 Singularis

909 2397 975 2417 sane
991 2389 1050 2417 haec
1065 2395 1137 2418 esset
1152 2390 1256 2425 opinio,
1276 2391 1297 2417 si
1314 2390 1412 2418 Pastor
1426 2391 1505 2417 vellet
1519 2391 1561 2417 hic
1578 2390 1692 2426 intelligi

908 2436 942 2463 de
953 2436 1088 2470 baptismo
1103 2444 1196 2471 aquae,
1210 2441 1277 2471 puto
1294 2440 1383 2464 autem
1400 2444 1449 2471 ego
1469 2443 1531 2463 cum
1544 2435 1585 2463 Cl.
1609 2435 1691 2463 Fleu-

907 2483 949 2510 rio
966 2482 1033 2518 (29),
1048 2490 1203 2510 sermonem
1229 2483 1273 2510 hic
1290 2483 1347 2509 tieri
1375 2482 1408 2509 de
1434 2483 1519 2516 gratia
1545 2481 1689 2514 baptismi,

907 2528 964 2555 imo
976 2529 1068 2563 potius
1083 2528 1164 2556 sicuti
1176 2529 1278 2563 optime
1289 2527 1404 2555 advertit
1414 2526 1455 2554 Cl.
1472 2526 1622 2554 Cotelerius
1634 2526 1690 2561 (50)

908 2574 942 2601 de
954 2574 1090 2609 baptismo
1105 2573 1302 2609 metaphorico,
1319 2577 1347 2600 et
1357 2573 1468 2600 omnino
1484 2571 1608 2607 spiritali,
1625 2579 1690 2606 pro-

909 2670 968 2693 tum
982 2666 1045 2693 alibi
1057 2665 1198 2701 inspergit,
1211 2672 1272 2700 qua
1285 2665 1430 2701 benignam
1438 2662 1689 2698 interpretationem

892 2716 899 2725 -
911 2701 1060 2736 postulant,
1079 2700 1109 2728 ut
1121 2702 1155 2727 ab
1169 2708 1262 2728 errore
1275 2700 1456 2736 vindicentur.

945 2736 1002 2770 (29)
1021 2735 1093 2762 Hist.
1109 2736 1212 2768 eccles.,
1226 2739 1294 2762 tom.
1305 2735 1330 2770 Vl,
1345 2735 1391 2770 lib.
1406 2742 1436 2767 ιι,
1450 2734 1465 2770 ς
1478 2734 1522 2770 46.

945 2737 991 2769 (29
1021 2737 1093 2762 Hist.
1109 2737 1212 2768 eccles.,
1226 2739 1294 2762 tom.
1310 2737 1330 2768 l,
1346 2737 1391 2762 lib.
1406 2742 1436 2767 ιι,
1450 2737 1465 2770 ς
1478 2737 1522 2762 46.

944 2737 1002 2807 (30;
1020 2770 1120 2799 Tom.l
1143 2770 1263 2806 Operum
1279 2769 1329 2799 SS.
1343 2769 1396 2798 PP.
1409 2769 1539 2805 apostol.,
1553 2776 1580 2806 p.
1599 2767 1661 2797 lt'l.
