1920 3104
228 119 282 148 8'9

937 108 965 136 S.
985 106 1117 135 HEBME

1795 95 1845 124 880

228 175 265 202 uti
286 170 463 201 conveniebat
483 168 631 197 animabus
657 175 674 195 ι
701 165 819 202 propriis
846 163 1008 200 corporibus
1023 164 1045 193 Α
1060 161 1189 196 peccatis,
1204 164 1230 187 et
1248 157 1467 187 confessionibus
1483 156 1535 184 sibi
1550 155 1668 183 invicem
1693 152 1843 181 succeden-

228 218 372 255 separatis.
384 217 519 245 Caeterum
532 223 586 243 nou
599 215 674 242 solus
690 213 803 241 Hermas
815 212 886 239 hanc
899 209 1008 245 opinio-

229 253 292 292 nem
309 262 451 297 amplexus
464 265 520 293 est;
536 267 585 294 pro
604 267 638 286 ea
654 258 682 286 S.
699 257 825 285 Clemens
846 253 1007 282 Alexandri-

229 318 281 338 nus
308 309 365 345 (31)
385 314 494 343 quoque
510 305 648 341 pugnavit,
675 304 722 339 qui
749 301 860 329 adducit
879 301 906 328 in
927 299 1010 334 hujus

228 363 318 385 causa
334 353 514 390 patrocinium
536 356 626 379 textus
643 349 724 385 paulo
743 355 825 383 supra
848 345 1008 374 recensitos.

228 401 307 435 Quod
320 408 384 428 vero
398 398 493 427 scribit
509 396 605 424 Pastor
620 395 653 423 de
666 393 856 430 praedicatione
872 391 1011 426 apostolo-

229 454 290 474 rum
308 445 379 472 facta
390 442 534 470 animabus
544 441 693 476 iustorum,
707 438 753 474 qui
765 441 828 465 ante
842 435 1012 464 lncarnatio-

229 500 290 520 nem
310 493 504 523 decesserunt,
521 489 701 516 vehementer
722 485 827 513 obtinet
841 483 913 518 apud
938 485 1013 509 vete-

230 547 273 566 res
286 538 354 573 (52).

265 585 350 612 Valde
363 583 486 612 terribile
499 583 552 614 est,
566 581 639 616 quod
651 579 734 607 tradit
751 578 847 606 Pastor
867 577 939 604 circa
955 583 1011 610 pue-

231 631 374 658 nitentiam
393 629 461 663 (33).
474 627 596 660 Domine,
617 626 684 653 dicit
704 626 727 652 ei
751 623 875 655 Hermas,
887 622 977 649 audivi
997 629 1013 648 α

230 675 387 712 quibusdam
399 674 554 701 doctoribus
571 672 640 707 quod
658 670 714 698 alia
737 669 890 705 poenitentia
902 670 1013 698 nonest,

231 723 284 749 nisi
297 721 357 754 illa,
374 727 435 747 cum
456 720 484 747 in
506 726 600 754 aquam
621 717 813 749 descendimus,
828 720 852 742 et
872 715 1015 749 accipimus

230 767 412 795 remissionem
423 770 588 802 peccatorum
601 767 768 795 nostrorum;
781 761 833 793 ita,
852 766 881 787 ut
902 768 949 787 nos
965 767 1016 786 non

228 815 370 842 debeamus
384 812 496 840 ulterius
519 818 626 846 peccare
640 810 712 844 (post
726 808 908 842 receptionem
935 806 1017 840 hujus

232 859 419 893 sacramenti).
432 857 490 884 Hoc
501 864 589 884 verum
604 856 695 890 utique
707 858 757 886 est,
769 853 916 887 respondet
929 852 954 880 ei
965 851 1016 878 Pa—

234 910 388 934 stor-:recte
396 903 512 936 audisti;
527 902 573 930 sed
586 906 680 937 postea
694 901 719 928 ei
733 900 911 931 demonstrat,
927 898 1018 933 bapti-

228 959 323 980 smum
338 957 392 978 non
403 947 585 983 csse'proprie
599 945 800 982 pcenitentiam,
815 944 862 972 sed
877 944 1017 972 remissio-

234 1005 307 1031 nem,
322 1002 350 1025 et
368 995 555 1032 paenitentiam
575 1001 629 1021 non
655 1000 724 1025 esse,
751 993 802 1020 nisi
830 999 880 1027 pro
898 990 943 1023 iis,
970 990 1017 1025 qui

232 1048 379 1079 postquam
393 1041 482 1070 vocati
506 1044 580 1071 sunt,
598 1043 626 1066 et
640 1039 711 1066 inter
728 1038 821 1066 tldeles
845 1036 976 1071 cooptati,
1002 1043 1018 1063 a

233 1089 343 1117 diabolo
359 1088 455 1116 tentati
471 1090 661 1122 peccaverunt.
686 1084 722 1111 Et
740 1084 799 1112 ideo
811 1084 870 1110 dico
883 1083 940 1116 tibi,
953 1089 1017 1117 pro-

233 1136 358 1171 sequitur
379 1134 476 1162 Pastor
491 1133 560 1168 (54),
581 1134 649 1167 quod
674 1135 733 1166 post
756 1130 918 1158 vocationem
942 1128 1018 1156 illam

234 1188 367 1217 magnam,
393 1184 418 1206 et
430 1183 560 1209 sanctam,
584 1178 606 1204 si
619 1177 677 1212 quis
701 1181 816 1204 tentatus
833 1175 913 1211 fuerit
929 1183 945 1202 a
959 1175 1020 1202 dia-

235 1227 305 1259 bolo,
317 1231 342 1254 et
353 1225 509 1260 peccaverit,
533 1232 613 1251 unam
627 1223 809 1258 paenitentiam
825 1220 918 1252 habet;
930 1220 954 1247 si
968 1228 1019 1247 au-

236 1277 287 1300 tem
308 1271 416 1299 subinde
443 1274 528 1304 peccet
550 1273 575 1296 et
593 1267 774 1303 pwiitentiam
794 1271 868 1301 agat,
883 1273 934 1292 non
958 1273 1020 1299 pro-

234 1318 304 1344 derit
326 1316 425 1343 homini
447 1314 513 1341 talia
525 1313 627 1348 agenti:
645 1311 749 1347 difﬁcile
764 1311 835 1338 enim
857 1311 922 1338 vivet
943 1309 1019 1342 Deo;

235 1370 293 1390 una
309 1361 450 1393 cnim,-ait
461 1360 500 1387 illi
515 1359 663 1394 aliquando
675 1358 812 1393 superius,
832 1357 946 1384 habetur
958 1361 1019 1383 tan-

236 1409 379 1436 tummodo
405 1406 564 1442 poenitentia
585 1413 635 1441 pro
652 1406 739 1433 servis
755 1404 819 1432 Dei:
843 1404 930 1432 Servii
952 1405 1021 1431 enim

239 1454 286 1482 Dei
298 1453 452 1489 penitentia
467 1460 521 1479 una
533 1457 582 1479 eu.
601 1450 710 1478 Nullam
724 1450 909 1478 diﬂicultatem
929 1450 1021 1485 quoad

238 1500 376 1535 dogma-in
388 1499 431 1526 liis
444 1498 564 1526 testibus
575 1497 736 1530 adinvenio;
752 1500 781 1524 at
798 1497 906 1524 timoris
924 1501 950 1523 et
965 1501 1019 1523 tre—
1034 1512 1055 1541 ο

237 1544 389 1580 pidationis
401 1547 593 1579 argumentum
610 1543 673 1570 inde
686 1546 797 1570 sumant
807 1545 914 1577 oportet
929 1541 947 1568 ii
961 1549 1022 1569 om-

238 1598 298 1624 nes,
312 1590 360 1626 qui
371 1591 406 1618 ob
423 1589 579 1624 frequentes
595 1589 720 1623 relapsus
735 1588 813 1616 valde
834 1587 945 1615 dubiam
961 1586 1022 1614 rcd-

238 1635 307 1662 dunt
323 1633 522 1670 paenitentiam.
540 1633 601 1661 Dixi
617 1634 706 1669 primo
719 1633 789 1665 loco,
816 1632 919 1659 nullam
933 1632 961 1659 in
979 1630 1023 1660 bis

239 1680 357 1708 testibus
373 1679 466 1708 haberi
483 1679 667 1707 dilIicultatem
682 1678 771 1714 quoad
786 1678 902 1713 dogma;
916 1678 979 1712 quia
995 1677 1022 1704 in

240 1730 378 1762 poetremo
387 1733 483 1753 eorum
500 1732 591 1754 sermo
608 1729 650 1753 est
671 1724 705 1752 de
724 1723 884 1759 poenitentia
901 1722 1022 1758 publica,

241 1777 269 1800 ut
284 1772 359 1800 nullo
379 1772 487 1808 negotio
497 1772 604 1799 eruitur
619 1778 653 1798 ex
668 1778 762 1802 causa,
778 1770 814 1797 ob
826 1777 909 1804 quam
927 1768 1024 1796 Pastor

239 1820 315 1847 illam
330 1819 442 1854 phrasin
457 1818 587 1850 adhibet;
605 1817 727 1851 loquitur
745 1816 817 1844 enim
838 1815 875 1843 ibi
894 1815 928 1842 de
944 1814 1024 1842 adul-

241 1866 301 1893 terii
315 1865 442 1897 crimine,
454 1872 510 1899 quo
521 1863 621 1898 aliquis
633 1870 703 1898 saepe
715 1862 920 1897 inquinaretur;
932 1865 959 1888 at
971 1859 1024 1887 Ec-

238 1911 322 1938 clesia
341 1910 492 1937 mulctabat
510 1909 576 1936 olim
592 1908 696 1936 crimen
713 1908 766 1935 hoc
788 1906 949 1942 pmnitcntia
972 1913 1025 1941 pu-

241 1957 327 1988 blica,
347 1963 408 1991 quae
426 1962 521 1983 revera
541 1962 594 1982 una
610 1958 717 1982 tantum
734 1954 793 1981 vice
813 1952 1024 1981 concedebatur.

240 2002 337 2036 Quoad
347 2002 430 2030 alium
446 2008 510 2029 vero
526 2004 640 2033 textum,
656 2000 730 2027 nulla
748 2006 798 2027 nec
817 1999 845 2026 in
878 1998 938 2033 ipso
957 1997 1026 2026 ditii-

239 2048 331 2075 cultas
351 2046 534 2078 adinvenitur,
553 2045 660 2072 etiamsi
673 2052 768 2072 verum
782 2048 869 2077 esset,
883 2043 1026 2071 Pastorem

243 2094 281 2121 ibi
296 2094 370 2128 loqui
392 2093 427 2120 de
439 2092 599 2128 paenitentia
620 2091 797 2125 particulari;
820 2097 885 2117 nam
897 2090 920 2117 si
934 2096 977 2117 res
993 2089 1027 2116 ad

244 2145 359 2166 examen
384 2137 506 2172 rigorosc
529 2140 683 2168 revocetur,
703 2139 799 2162 auctor
822 2134 849 2162 id
868 2135 955 2162 solum
972 2137 1027 2161 tra-

1063 207 1146 235 tibus.
1160 205 1190 233 Si
1200 209 1257 240 post
1269 203 1457 240 penitentiam,
1474 201 1562 237 inquit
1577 200 1622 227 ille
1633 220 1642 232 ,
1659 197 1772 226 subinde
1786 205 1846 231 pec-

1061 258 1111 285 cet,
1127 258 1152 279 et
1167 251 1343 286 pmnitentiam
1357 254 1428 284 agat,
1455 256 1507 275 non
1529 247 1646 282 proderit
1656 245 1758 272 homini
1783 243 1848 270 talia

1061 300 1167 335 agenti;
1181 297 1285 333 diﬂicile
1307 297 1376 324 enim
1393 296 1457 322 vivet
1469 294 1532 321 Deo.
1547 293 1704 321 Notandum
1725 291 1771 318 hic
1796 294 1846 322 est,

1062 346 1203 373 Pastorem
1213 343 1337 371 absolute
1347 350 1401 370 non
1412 347 1543 372 asserere,
1554 339 1695 366 hominem
1705 345 1760 364 non
1770 344 1849 371 posse

1062 391 1185 428 quolibet
1210 390 1272 417 vitae
1298 396 1354 416 suae
1385 391 1507 420 tempore
1529 391 1622 411 veram
1656 381 1848 417 ptenitentiam

1064 445 1153 473 agerc,
1167 442 1193 463 et
1205 436 1232 463 in
1247 432 1429 462 amaritudine
1446 430 1537 458 cordis
1558 430 1613 461 sui,
1639 432 1668 455 et
1679 427 1763 454 corde
1784 434 1849 453 eon-

1064 485 1129 512 trito
1149 487 1176 510 et
1202 481 1345 510 humiliato
1363 479 1396 507 ad
1413 479 1498 506 Deum
1520 485 1581 504 sese
1597 479 1774 506 convertere;
1804 473 1851 500 sed

1064 530 1153 559 solum
1170 528 1318 556 maximam
1335 525 1463 561 praedicat
1475 522 1660 550 ditiicultatem
1687 519 1772 554 hujus
1783 526 1850 546 con-

1064 574 1233 604 versionisin
1244 571 1444 608 peccatoribus,
1457 569 1490 596 de
1504 568 1604 603 quibus
1620 571 1663 594 est
1678 572 1771 593 sermo
1781 574 1789 597 ;
1798 564 1852 598 dif-

1064 624 1134 658 ﬁcile
1157 623 1221 649 vivet
1236 621 1299 653 Deo,
1316 619 1388 654 quod
1413 617 1556 645 indubium
1581 619 1634 642 est.
1660 613 1781 640 Pbrascs
1811 610 1852 638 his

1065 668 1231 700 simillimas,
1253 667 1308 693 imo
1335 664 1488 699 asperiores
1512 661 1595 689 etiam
1611 658 1807 687 adinvenimus
1825 656 1852 683 in

1065 715 1202 750 aliquibus
1213 713 1273 740 aliis
1290 711 1419 739 Ecclesiae
1428 708 1566 740 Patribus,
1582 710 1649 742 puto
1662 704 1735 739 apud
1753 701 1853 730 S.Cle-

1067 748 1185 789 mentem
1200 756 1428 788 Alexandrinum,
1445 754 1476 782 D.
1489 753 1668 789 Cyprianum,
1689 755 1717 778 et
1738 749 1767 777 S.
1789 748 1854 775 Am-

1069 807 1192 835 brosium
1219 804 1287 840 (35),
1312 804 1385 839 quod
1401 810 1467 831 sane
1496 805 1618 828 veterum
1633 799 1780 826 horrorem
1805 804 1853 832 pro

1032 842 1203 888 Bfrequenti
1230 851 1337 885 relapsu
1363 847 1492 876 ostendit.
1523 846 1632 874 Utinam
1660 844 1764 872 nostris
1779 843 1855 870 hisce

1068 897 1247 934 temporibus,
1263 896 1310 931 qui
1325 895 1359 922 ad
1370 894 1395 922 id
1412 898 1551 925 tenentur,
1562 895 1691 919 sanctum
1707 890 1783 916 hunc
1790 889 1854 915 hor-

1068 952 1158 972 rorem
1170 942 1334 971 Christianis
1344 939 1513 975 ingererent!
1531 937 1636 964 utinam
1651 934 1855 963 inconsiderata

1069 991 1187 1019 facilitas
1211 988 1418 1017 absolutionum
1446 984 1618 1013 occasionem
1645 990 1700 1010 non
1723 981 1856 1017 praeberet

1068 1036 1256 1072 peccatoribus
1271 1034 1378 1062 facilius
1393 1030 1553 1068 prolabendi
1569 1030 1595 1057 in
1612 1028 1740 1065 peccata!
1753 1027 1855 1054 Obser-

1069 1088 1114 1111 vat
1128 1087 1258 1118 praeterea
1273 1080 1306 1108 ν.
1319 1080 1350 1108 C.
1367 1077 1519 1107 Cotelcrius
1533 1076 1589 1112 (56)
1614 1074 1688 1110 quod
1700 1073 1785 1109 primi
1805 1072 1856 1099 Pa-

1069 1135 1125 1158 tres
1138 1130 1203 1157 dum
1221 1135 1303 1155 uuam
1317 1126 1480 1162 promittunt
1495 1124 1629 1151 duntaxat
1652 1119 1854 1156 penitentiam,

1070 1177 1096 1204 id
1113 1174 1272 1204 oeconomia:
1286 1180 1368 1202 causa
1386 1169 1563 1205 scripserint;
1575 1173 1604 1195 ut
1619 1166 1752 1194 nimirum
1765 1165 1856 1192 ﬁdeles

1070 1230 1103 1250 eo
1116 1222 1204 1257 magis
1228 1219 1364 1248 edicerent
1381 1221 1496 1249 cautos,
1521 1213 1664 1245 sollicitos,
1694 1210 1857 1238 innocentia

1070 1267 1243 1303 baptismatis
1263 1263 1404 1293 servandae
1417 1262 1556 1290 studiosos
1573 1271 1581 1288 :
1600 1259 1647 1286 ubi
1664 1263 1757 1285 autem
1778 1264 1857 1284 casus

1070 1302 1224 1344 emerserit,
1240 1309 1378 1345 expressis
1395 1307 1486 1335 verbis
1510 1306 1634 1332 iteratam
1662 1303 1748 1331 etiam
1769 1302 1857 1337 pinni-

1071 1359 1183 1387 tentiam
1200 1355 1436 1385 commendarunt.
1455 1352 1538 1380 Forte
1551 1351 1633 1378 etiam
1648 1353 1680 1376 ut
1691 1348 1812 1376 advertit
1825 1346 1856 1373 ν.

1070 1404 1101 1432 C.
1116 1403 1268 1432 Scholliner
1277 1401 1345 1437 (5'1),
1357 1398 1516 1435 ptenitentia
1527 1396 1669 1428 solemnis,
1681 1400 1765 1430 atque
1778 1401 1858 1421 cano-

1071 1450 1144 1482 nica,
1159 1456 1192 1476 ex
1203 1446 1330 1475 Ecclesiae
1348 1444 1448 1472 veteris
1461 1442 1616 1477 disciplina,
1637 1440 1724 1469 semel
1751 1443 1858 1466 tantum

1072 1494 1287 1526 concedebatur;
1312 1491 1417 1526 privata
1439 1493 1529 1517 autem
1545 1492 1572 1514 et
1591 1485 1804 1514 sacramentalis
1817 1490 1859 1512 to-

1073 1542 1124 1569 ties
1146 1540 1255 1576 quoties
1275 1542 1403 1574 peccator
1434 1535 1506 1563 serio
1526 1533 1671 1561 videbatur
1694 1531 1858 1567 dispositus.

1072 1588 1205 1616 Caeterum
1214 1585 1328 1613 Hermas
1339 1581 1528 1610 remissionem
1543 1583 1720 1614 peccatorum
1735 1577 1859 1604 omnium

1072 1640 1120 1668 per
1135 1639 1228 1660 veram
1254 1629 1443 1665 paenitentiam
1468 1630 1526 1654 toto
1548 1625 1605 1653 fere
1629 1631 1712 1659 opere
1728 1631 1781 1651 suo
1805 1627 1859 1650 tam

1073 1678 1156 1711 clare,
1165 1683 1192 1705 et
1202 1685 1236 1704 ex
1254 1676 1380 1703 instituto
1395 1672 1523 1701 docuisse
1540 1671 1649 1699 videtur
1665 1669 1724 1705 (58)
1740 1673 1773 1696 ut
1797 1676 1859 1696 eum

1073 1723 1257 1752 Tertullianus
1268 1725 1411 1756 propterea
1423 1719 1562 1746 Pastorem
1577 1716 1738 1744 meliorum
1752 1723 1804 1751 per
1816 1722 1860 1742 ca-

1074 1769 1207 1796 lumniam
1219 1766 1403 1802 appellaverit.

1099 1816 1203 1843 .Multis
1227 1822 1337 1850 quoque
1362 1814 1389 1840 in
1415 1812 1484 1840 locis
1508 1811 1587 1839 docet
1610 1809 1722 1843 Pastor,
1742 1809 1860 1836 dimissa

1075 1863 1153 1897 culpa
1169 1868 1342 1896 nequaquam
1353 1867 1386 1887 eo
1398 1859 1458 1893 ipso
1469 1857 1570 1885 dimitti
1584 1864 1599 1884 a
1614 1856 1669 1884 Deo
1679 1863 1792 1883 omnem
1804 1862 1861 1890 pm-

1075 1915 1139 1935 nam
1156 1917 1163 1935 :
1182 1907 1222 1934 sic
1237 1906 1310 1933 cnim
1332 1905 1366 1932 de
1381 1903 1526 1932 laboriosis
1541 1901 1722 1938 paenitentia,
1748 1907 1799 1927 seu
1815 1907 1861 1927 sa-

1075 1952 1239 1981 tisfactionis
1255 1951 1393 1986 operibus,
1409 1954 1436 1977 et
1458 1949 1548 1984 pinnis
1569 1946 1768 1982 temporalibus
1793 1946 1861 1973 scri-

1076 1998 1116 2026 bit
1128 1997 1242 2025 Hermas
1257 2006 1264 2024 :
1281 1996 1394 2023 Rursum
1407 1994 1539 2030 progressi
1559 2001 1650 2020 sumus
1668 1991 1820 2027 paululum,
1835 1995 1861 2018 et

1076 2044 1190 2071 ostendit
1207 2043 1271 2069 mihi
1294 2046 1424 2076 pastorem
1447 2047 1582 2075 magnum,
1600 2043 1626 2066 et
1641 2039 1710 2066 velut
1731 2043 1860 2073 agrestem

1076 2089 1189 2125 ﬁgurant
1203 2088 1349 2120 habentem,
1365 2087 1489 2114 amictum
1505 2085 1571 2120 pelle
1593 2085 1654 2111 alba
1673 2084 1797 2118 caprina,
1817 2091 1861 2118 pe-

1077 2144 1135 2162 ram
1148 2139 1292 2170 gestantur:
1307 2134 1333 2160 in
1345 2133 1463 2164 humero,
1475 2137 1500 2159 et
1517 2140 1596 2159 manu
1608 2131 1710 2166 uirgam
1734 2130 1859 2156 nodosam

245 2184 310 2212 dere
322 2183 446 2215 intendit,
462 2181 618 2216 frequentes
630 2180 734 2208 scilicet
745 2180 868 2215 relapsus
881 2187 941 2208 esse
953 2179 1025 2208 haud
1040 2185 1064 2216 ι)
1076 2187 1100 2209 et
1116 2181 1192 2208 ualde
1206 2181 1346 2212 duram,et
1359 2179 1494 2214 ﬂagellum
1511 2179 1539 2205 in
1556 2185 1652 2208 manu;
1665 2181 1803 2212 aspectum
1813 2184 1860 2202 au-

245 2229 326 2258 dubia
341 2228 439 2256 iudicia
447 2228 578 2255 adversus
589 2226 684 2255 falsam
696 2226 900 2254 conversionem
916 2226 1024 2253 illorum

246 2279 430 2312 peccatorum,
453 2279 570 2308 quorum
601 2277 656 2300 lota
679 2273 733 2300 vita
760 2272 897 2300 continuis
925 2272 1025 2300 texitur

282 2374 339 2410 (5|)
358 2373 419 2410 ltili.
433 2381 453 2410 lt
483 2372 624 2404 Str-amat,
638 2371 722 2410 etlib.
739 2379 778 2410 vi.

282 2405 338 2445 (δὴ
358 2408 426 2445 Vide
446 2408 496 2445 hac
510 2415 591 2442 super
604 2415 632 2434 re
647 2406 680 2433 V.
694 2406 725 2434 C.
742 2405 907 2434 Cotelerium
923 2405 951 2433 in
967 2405 1027 2433 suis

247 2443 319 2473 notis
334 2444 360 2471 in
377 2444 448 2470 hunc
460 2443 561 2470 locum.

284 2479 340 2515 (35)
359 2478 465 2515 Hermae
480 2477 576 2515 Past._,_
589 2475 708 2504 mandat.
727 2484 763 2508 IV,
780 2483 805 2503 c.
817 2475 844 2509 5,
867 2475 938 2510 apud
961 2474 1026 2503 Gal-

247 2512 336 2545 laiii|.,
349 2517 417 2540 tom.
436 2513 456 2545 Ι,
468 2520 530 2547 pag.
548 2512 589 2538 7i.

282 2549 339 2587 (ξέ)
357 2544 589 2587 ἕρίάεῖηὶοιῖρς..¹ν
601 2546 676 2587 avus].
687 2545 823 2587 θρηθηδςν
831 2549 855 2587 ,ι-
865 2544 966 2587 latas:
976 2545 1020 2586 79-

263 2595 265 2598 -
283 2580 339 2618 (55)
358 2583 519 2618 Cyprianus,
535 2582 582 2609 lib.
598 2580 633 2618 De
649 2581 766 2618 disciplL
781 2585 805 2608 et
826 2580 921 2618 habitu
942 2580 1024 2618 uirgi—

248 2615 321 2651 nuin,
332 2615 391 2679 pa}:
400 2615 472 2648 162;
484 2616 570 2657 Clem.
586 2617 700 2650 Alex.,l.
717 2624 734 2643 ιι
747 2615 862 2656 Strom.:
880 2615 948 2642 idem
958 2615 1023 2649 legi-

249 2658 293 2679 tur
305 2660 355 2679 anu
384 2651 412 2678 S.
423 2652 607 2679 Ambrosmm.
621 2652 638 2678 l.
653 2659 670 2678 ιι
684 2651 720 2677 De
731 2655 833 2679 manu"
846 2649 928 2677 c.10:
946 2659 955 2675 ‹
965 2649 1021 2676 Me-

249 2658 293 2693 tur
305 2649 412 2687 apudS.
423 2652 607 2684 Ambrosium,
621 2652 638 2678 l.
653 2659 670 2678 ll
684 2651 720 2677 De
731 2652 833 2685 putuit"
846 2649 928 2677 6.10:
946 2659 955 2675 ‹
965 2649 1021 2676 Me-

250 2692 313 2727 rito,
327 2687 425 2727 inquit,
450 2686 695 2727 reprehenduntur.
709 2686 754 2726 qui
776 2684 875 2727 siepius
891 2685 1022 2727 paeniten-

251 2722 317 2761 tiam
328 2719 459 2761 agendam
474 2719 570 2756 putant
634 2741 640 2747 .
654 2740 667 2761 ..
682 2719 744 2755 quia
771 2721 842 2747 sicut
868 2727 962 2761 unum.
975 2719 1025 2761 ha-

253 2754 361 2795 ptisma,
387 2756 423 2782 ita
456 2754 510 2795 una
524 2754 706 2795 _ptenitentia,_
721 2763 782 2790 qum
808 2760 897 2794 tamen
918 2754 1026 2793 publice

253 2788 352 2824 igitur,
362 2798 425 2817 nam
437 2788 586 2825 quotidiani
604 2799 654 2818 nos
666 2788 743 2818 debet
756 2790 886 2818 nmniture
903 2788 1024 2823 peccati;

1078 2232 1131 2254 tem
1143 2231 1252 2259 trucem,
1267 2232 1292 2252 et
1304 2233 1401 2253 ravum
1416 2223 1538 2256 habebat,
1554 2229 1582 2250 ut
1599 2227 1687 2258 posset
1703 2227 1804 2249 terrere
1815 2221 1861 2248 cli-

1077 2280 1160 2307 guos;
1176 2271 1238 2298 talis
1250 2275 1308 2298 erat
1321 2274 1440 2305 aspectus
1452 2269 1518 2301 eius.
1535 2268 1586 2296 llic
1597 2276 1658 2303 ergo
1669 2267 1817 2303 accipiebat
1830 2266 1859 2293 ab

1082 2368 1130 2399 scd
1139 2370 1198 2398 haec
1212 2370 1371 2398 delictorum
1384 2369 1528 2400 leviorum,
1539 2368 1584 2396 illa
1605 2369 1776 2404 graviorum.

1116 2406 1172 2441 ('56)
1191 2405 1343 2441 Cotelerius
1357 2405 1385 2441 in
1396 2404 1469 2432 notis
1484 2403 1707 2441 adicitat.'locu_m
1729 2403 1844 2441 Hermia.

1127 2441 1172 2475 57)
1192 2440 1220 2467 In
1235 2439 1429 2474 Hist.theolog.
1448 2439 1650 2475 seculiildtag.
1670 2438 1717 2475 96,
1730 2446 1761 2475 ῃ.

1128 2473 1173 2510 38)
1187 2475 1229 2504 Cf.
1244 2475 1378 2502 visionem
1400 2473 1442 2506 in,
1457 2481 1517 2510 cap.
1537 2474 1563 2500 7.
1578 2473 1666 2510 Fuere
1683 2473 1736 2500 viri
1750 2473 1859 2510 quidam

1078 2508 1221 2546 docti,‘qui
1235 2511 1306 2546 hunc
1322 2509 1463 2546 locumiad
1478 2508 1667 2546 purgatorium
1683 2509 1859 2546 astrueudum

1075 2543 1271 2587 produxerunt.
1282 2543 1611 2587 Sed,nq_i_lod‘pacenhorum
1623 2544 1749 2587 virorum
1761 2543 1860 2587 dictpm

1078 2578 1123 2614 sit,
1138 2581 1252 2608 multum
1265 2587 1330 2607 sane
1343 2579 1485 2607 falluntur.
1501 2578 1613 2614 Certum
1627 2578 1765 2614 siquidem
1779 2578 1863 2606 habeo

1075 2624 1137 2643 cum
1154 2615 1185 2643 V.
1201 2616 1233 2642 ii.
1249 2615 1400 2647 Cotelerio,
1425 2614 1470 2642 hic
1491 2621 1546 2640 non
1561 2613 1604 2648 agi
1627 2613 1662 2640 de
1683 2614 1843 2647 purgatorio
1854 2635 1861 2645 ,

1075 2650 1123 2691 sed
1132 2651 1168 2691 _de
1179 2650 1399 2691 poeiiitentia,nac
1410 2649 1499 2684 poenis
1510 2647 1729 2691 purgatricibus,
1744 2649 1803 2676 sive
1823 2649 1862 2676 all

1075 2683 1250 2726 dictionibus,
1264 2692 1333 2719 quas
1349 2683 1419 2712 Deus
1435 2683 1680 2726 ex‘misericor'dia
1693 2691 1747 2710 sua
1762 2691 1859 2724 pecca-

1074 2721 1177 2760 toribus
1195 2721 1222 2747 in
1239 2718 1362 2754 ipsorum
1383 2719 1603 2747 emendationem
1627 2718 1657 2746 in
1673 2719 1729 2746 hac
1744 2718 1799 2747 vita
1815 2719 1862 2747 im-

1075 2760 1182 2782 mittere
1196 2755 1276 2782 solet.

1075 2760 1182 2783 mittere
1196 2760 1276 2783 solet.
