1920 3104
75 184 120 212 881
684 185 862 212 ΡΑδτοιι.-
885 184 1065 214 ΡΒΟαΞΜΙΔ.

1599 172 1604 174 γ
1625 188 1681 217 es:

75 241 119 268 illo
134 241 230 276 juvene
249 247 354 276 pastore
377 250 407 270 ea
421 249 524 276 pecora,
540 250 598 275 quas
617 242 725 269 delicias
746 242 851 277 quidem
864 243 888 272 Δ
903 251 951 278 que
974 248 1019 271 tuo
1032 245 1089 272 loco
1104 246 1254 273 restitueris
1269 253 1278 272 :
1293 247 1523 273 tantummodoin:
1530 247 1681 275 humilitate

76 287 192 322 agebant,
218 295 263 315 sea
280 296 331 315 non
354 288 540 321 exsultabant;
554 292 579 315 et
594 287 764 322 compellebat
779 296 809 314 ea
823 288 852 315 in

74 333 230 368 pracipilem
246 334 332 360 locum
345 334 484 369 quemdam
496 342 528 360 ac
539 334 684 369 spinosum,
698 332 852 368 tribulisque

75 379 228 414 confertum,
245 388 326 415 usque
348 380 424 413 adeo,
450 384 480 406 ut
495 380 526 407 de
541 380 635 414 spinis,
651 384 676 406 et
701 379 806 406 tribulis
824 387 852 406 se

75 433 121 452 non
132 430 238 459 possent
250 426 394 459 explicare;
409 425 454 452 sed
473 425 603 460 implicita
618 425 654 451 ibi
677 424 852 460 pascebantur

73 471 163 504 spinis,
177 475 203 497 et
219 470 324 497 tribulis
337 478 346 496 :
359 475 384 497 et
401 478 490 506 graces
505 470 638 496 cruciatus
652 469 853 503 experiebantur

73 524 102 542 ιι
113 515 196 542 verbis
209 515 286 550 ejus;
301 515 393 551 agebat
405 516 474 542 enim
488 523 530 549 ea,
543 520 568 542 et
584 523 629 542 nec
644 513 804 542 consistendi
814 513 851 540 eis

74 562 154 589 locum
165 567 228 589 ante
236 568 337 597 tempus
347 561 549 597 permittebat...
563 561 625 595 llic,
640 561 736 596 inquit,
749 566 850 595 pastor,

74 616 116 642 pro
125 608 207 642 justis
220 608 326 643 quidem
338 607 445 634 nuntius
458 612 508 639 est,
523 607 569 634 sed
582 607 737 641 pra’positus
749 614 831 640 paene
841 614 851 632 :

76 653 140 680 Huic
162 662 224 689 ergo
241 654 394 686 traduntur,
417 654 462 689 qui
485 661 502 679 a
519 652 572 679 Deo
587 654 784 684 aberraverunt,
806 651 851 678 sed

74 700 213 726 seruierunt
239 699 377 727 desideriis
393 708 424 726 ac
447 699 625 734 voluptatibus
647 698 738 726 saeculi
762 698 851 733 hujus.

75 743 150 771 Puuit
164 752 228 779 erqo
239 753 292 778 eos,
306 746 374 772 sicut
390 746 485 772 meruit
500 745 677 780 unusquisque
691 752 850 777 eorum,sae-

74 790 108 817 cis
131 791 264 826 variisque
277 793 394 826 plenis...
418 792 500 819 varice
517 799 598 826 plena:
617 795 695 826 atque
722 794 853 818 tormenta

73 837 124 864 Itan:
137 842 209 870 sunt,
226 845 286 873 qua:
308 838 424 865 homines
438 837 555 872 quotidie
570 837 598 863 in
612 844 660 863 sua
684 837 738 863 vita
751 836 853 871 patien-

75 887 134 915 tur;
152 882 200 909 alii
222 883 292 910 enim
307 883 464 910 detrimenta
486 883 634 917 patiuntur,
654 882 701 909 alii
724 881 851 916 inopiam,

902 291 984 317 animi
995 300 1127 325 persevera
1140 292 1209 328 (li).

939 336 1046 365 Utinam
1059 338 1116 366 haec
1129 339 1296 374 perpendam
1310 346 1363 366 non
1378 343 1558 374 protestantes
1578 340 1679 373 solum.

901 384 947 418 qui
963 391 1044 418 opera
1058 383 1241 412 satisfactoria
1256 384 1415 420 explodunt,
1426 384 1472 412 sed
1484 389 1511 412 et
1524 384 1681 412 clementis~

902 429 964 457 simi
981 429 1018 456 illi
1035 429 1206 461 confessarii.
1223 430 1269 465 qui
1293 437 1342 465 pro
1364 430 1482 464 peccatis
1511 429 1682 465 gravissimis

902 477 982 507 atque
1003 474 1150 507 diuturnis,
1173 474 1327 502 levissimas
1346 474 1475 510 nullaque
1497 475 1602 502 ratione
1615 481 1681 509 pro-

902 518 1069 552 portionatas
1088 519 1233 555 injungunt
1246 520 1428 555 puenitentias,
1442 524 1469 548 et
1484 520 1535 548 hac
1548 528 1597 548 sua
1617 520 1683 548 1εηί-

902 567 957 591 tate
972 565 1153 592 crudelissimi
1176 570 1256 599 sunt;
1274 574 1334 594 cum
1351 570 1428 593 tanto
1441 566 1582 594 acerbiora
1595 567 1624 594 in
1639 566 1681 598 al-

902 613 959 637 tera
973 610 1027 637 vita
1041 610 1100 638 istis
1113 611 1231 639 molliter
1243 611 1437 646 paenitentibus
1450 611 1608 647 perferenda
1627 611 1691 639 sint

902 656 1044 691 supplicia,
1061 665 1121 692 quae
1135 657 1214 693 longe
1237 657 1360 685 faciliore
1377 657 1584 693 (comparative)
1599 657 1681 685 satis-

903 702 1019 729 factione
1034 703 1077 730 bic
1090 703 1224 731 redimere
1238 703 1407 738 potuissent;
1422 703 1444 731 si
1458 703 1530 731 enim
1547 710 1597 731 nos
1608 703 1683 738 ipsos

903 748 946 776 hic
959 748 1156 782 judicaremus,
1171 757 1226 775 non
1239 749 1332 784 utique
1345 748 1533 784 judicarentur
1548 747 1596 776 ibi.

936 791 1149 821 Praeminentize
1160 794 1349 828 episcoporum
1372 801 1426 821 non
1442 794 1589 821 obscurum
1605 793 1683 821 testi—

902 839 1023 866 monium
1045 840 1164 867 occurrit
1189 840 1216 867 itt
1241 839 1346 868 Hermae
1374 843 1491 870 Pastore.
1522 840 1560 867 De
1580 840 1682 867 decimo

902 893 961 912 vero
974 890 1069 918 monte,
1082 885 1170 920 inquit
1184 885 1202 912 1.
1216 893 1256 918 ιιι,
1269 886 1350 914 simil.
1361 894 1399 917 ιχ,
1411 893 1472 920 cap.
1485 885 1530 918 27,
1542 886 1568 913 in
1577 893 1628 921 quo
1639 893 1684 912 ar-

74 930 118 957 alti
130 930 250 956 diuersas
262 929 438 962 acrimonias;
452 914 502 956 alii
512 928 626 963 injurias
637 927 669 954 ab
680 914 796 963 indignis
807 935 852 962 pa-

907 930 975 958 bores
988 935 1062 958 erant
1077 935 1188 966 tegentes
1198 939 1302 966 pecora,
1317 931 1380 959 tales
1391 932 1504 966 suntqui
1516 914 1683 958 credideram

75 976 162 1003 tientes
171 995 178 1008 ,
197 975 334 1010 multaque
347 975 403 1001 alia
415 975 540 1002 exercitia
552 979 577 1001 et
592 973 767 1001 incommoda.
785 972 852 999 Plu-

74 1021 130 1047 rimi
152 1021 224 1048 enim
239 1021 399 1047 inconstanti
413 1020 523 1047 consilio
544 1019 627 1046 multa
649 1023 787 1050 conantur,
806 1026 852 1045 nec

72 1067 210 1102 quidquam
227 1067 350 1094 conducit
361 1066 408 1098 eis,
422 1070 446 1093 et
454 1066 557 1098 dicunt,
568 1065 596 1092 in
608 1063 711 1092 actibus
724 1064 779 1091 suis
792 1072 852 1091 suc-

73 1120 167 1139 cessum
178 1120 206 1140 se
219 1121 273 1139 non
288 1112 397 1144 habere;
410 1115 568 1138 succurrunt
583 1111 621 1138 eis
634 1118 676 1142 ea,
690 1117 748 1145 qua:
762 1109 852 1144 nequi-

73 1163 109 1186 ter
121 1158 249 1193 fecerunt,
263 1163 288 1185 et
303 1157 440 1185 dominum
452 1161 607 1184 causantur.
620 1155 688 1182 Cum
701 1155 784 1191 igitur
793 1163 852 1189 per-

72 1204 135 1237 pessi
153 1203 252 1238 fuerint
272 1211 373 1230 omnem
388 1203 562 1233 vexationem.
575 1206 600 1228 et
614 1209 689 1228 omne
708 1201 852 1227 incommo-

73 1249 149 1282 dum;
168 1254 232 1276 tunc
247 1250 390 1276 traduntur
403 1249 468 1276 mihi
479 1249 514 1276 ad
526 1249 622 1275 bonam
634 1247 850 1278 admonitionem,

72 1300 94 1322 et
108 1296 250 1330 ﬁrmantur
261 1296 287 1322 in
302 1296 354 1330 fide
370 1295 488 1328 Domini,
503 1298 529 1321 et
540 1301 587 1329 per
603 1292 717 1328 reliquos
730 1292 786 1319 dies
800 1300 853 1319 ser-

73 1341 141 1368 viunt
161 1341 276 1368 Domino
290 1344 375 1367 mente
392 1348 470 1375 pura,
489 1344 514 1367 et
529 1347 588 1366 cum
602 1338 726 1374 cmperint
739 1337 851 1364 delicto-

73 1396 127 1414 rum
142 1396 217 1423 agere
232 1387 420 1422 paentientiam,
434 1391 495 1413 tunc
510 1385 655 1413 ascendunt
668 1385 696 1411 in
705 1383 852 1419 praecordia

73 1442 156 1461 eorum
169 1442 249 1469 opera
265 1442 326 1466 sua,
341 1433 369 1460 in
384 1432 476 1468 quibus
492 1440 519 1459 se
531 1432 649 1467 nequiler
668 1434 851 1463 exercuerunt,

73 1484 95 1506 et
107 1484 167 1506 tunc
185 1480 254 1506 dant
274 1480 327 1506 Deo
341 1479 474 1512 honorem,
492 1478 607 1505 dicentes
623 1477 726 1512 justunt
735 1476 852 1511 judicent

73 1533 123 1553 esse
143 1534 212 1559 eum,
242 1525 384 1560 meritoque
399 1532 426 1552 se
441 1531 586 1560 perpessos,
612 1522 754 1550 secundum
779 1521 852 1557 facta

74 1579 129 1604 sua.
143 1576 196 1599 etc.
213 1572 283 1607 (ὅθ).

104 1618 141 1647 De
164 1619 357 1648 amictionibus
380 1623 470 1647 autem
496 1625 558 1646 cum
585 1620 682 1652 sponte
705 1615 850 1651 susceptis,

74 1669 127 1692 tn'n
141 1673 156 1693 a
171 1666 318 1701 praeposito
339 1664 509 1701 paenitentiae
530 1663 676 1699 impositis,
696 1663 734 1690 ita
753 1662 851 1690 scribit

75 1711 142 1739 idem
164 1711 281 1740 Hermas
298 1711 376 1748 (40):
400 1710 472 1744 Scio,
489 1710 588 1745 inquit,
612 1710 676 1736 tutis
698 1708 852 1744 pracordiis

74 1764 114 1784 eos
133 1766 207 1792 agere
222 1758 413 1791 paenitentiam.
430 1756 558 1792 Nunquid
577 1763 650 1791 ergo,
669 1755 716 1788 ait,
731 1756 852 1790 protinus

75 1807 146 1838 putas
156 1803 258 1831 aboleri
270 1804 367 1830 delicta
382 1811 483 1834 eorum,
497 1803 542 1838 qui
557 1806 638 1838 agunt
651 1802 832 1837 penitentiam
841 1802 854 1829 ?

77 1847 133 1875 Non
145 1848 254 1883 proinde
266 1849 389 1876 continuo
399 1856 408 1874 :
421 1848 465 1874 sed
478 1852 579 1882 oportet
595 1855 654 1874 eum
669 1847 715 1883 qui
729 1847 784 1882 agit
796 1854 852 1882 pw-

76 1896 219 1929 nitentiam,
233 1895 345 1930 aﬂligere
358 1895 474 1922 animam
489 1902 575 1927 suam,
589 1899 613 1921 et
627 1894 751 1921 humilem
765 1896 853 1921 aninto

76 1951 100 1969 se
109 1947 235 1977 prastare
248 1942 275 1968 in
286 1941 357 1968 ontni
371 1941 483 1976 negotio,
497 1945 522 1968 et
534 1941 683 1968 vexationes
697 1941 797 1968 multas
809 1949 854 1967 va-

76 1989 174 2025 riasque
197 1989 324 2024 perferre.
353 1987 469 2024 Cumque
491 1995 628 2022 perpessus
647 1988 727 2023 fuerit
754 1988 853 2022 omnia,

77 2043 130 2070 qui:
151 2036 192 2063 illi
217 2035 340 2064 instituta
365 2034 482 2069 fuerunt,
506 2038 567 2061 tunc
591 2034 715 2069 forsitan,
736 2035 780 2069 qui
796 2043 855 2062 eunt

78 2082 180 2115 creavit,
193 2085 218 2109 et
232 2081 278 2116 qui
293 2079 417 2115 formavit
429 2079 562 2111 universa,
578 2079 783 2106 commovebitur
793 2087 855 2114 erga

78 2134 132 2153 eum
145 2127 284 2154 clementia
296 2134 355 2160 sua,
372 2129 397 2152 et
411 2125 519 2161 aliquod
540 2125 683 2152 remedium
698 2124 791 2158 dabit;
810 2124 855 2151 id-

78 2180 122 2207 que
133 2172 182 2205 ita,
196 2173 220 2200 si
233 2172 328 2199 viderit
351 2172 407 2206 ejus
421 2172 465 2206 qui
483 2171 663 2206 paenitentiam
675 2171 730 2206 agit
749 2179 794 2198 cor
804 2178 855 2205 pu-

79 2227 133 2245 rum
143 2227 198 2246 esse
212 2219 245 2246 ab
260 2219 331 2246 omni
344 2226 420 2253 opere
434 2217 626 2253 nequissimo...
639 2221 663 2244 et
677 2216 774 2252 rogabo
789 2224 856 2243 nun-

901 977 1010 1012 quidam
1037 977 1160 1012 episcopi,
1177 977 1206 1004 id
1230 982 1268 1004 est
1289 977 1414 1012 prtesides
1437 976 1626 1005 Ecclesiarum.
1651 975 1684 1005 Et

902 1023 964 1050 alibi
978 1023 1034 1057 jam
1051 1023 1196 1057 scripserat
1211 1023 1247 1059 (l.
1265 1031 1306 1056 ut,
1322 1023 1405 1051 simil.
1422 1031 1466 1055 tx,
1483 1030 1507 1050 c.
1521 1023 1548 1056 9,
1563 1023 1639 1056 vide,
1656 1027 1684 1050 et

901 1069 1035 1096 visionem
1048 1077 1077 1096 Ill
1098 1067 1224 1104 Hermae).
1248 1068 1326 1095 Nunc
1351 1069 1440 1104 itaque
1463 1068 1533 1096 vobis
1544 1067 1616 1100 dico,
1638 1069 1684 1103 qui

900 1115 1018 1150 prwestis
1045 1114 1171 1142 Ecclesite
1193 1118 1218 1142 et
1243 1115 1340 1141 amatis
1363 1114 1460 1148 primos
1474 1121 1618 1140 consessus.
1644 1113 1684 1141 Ex

901 1159 1002 1195 quibus
1017 1159 1132 1192 eruitur,
1151 1159 1236 1187 fuisse
1251 1163 1315 1187 tunc
1333 1159 1436 1194 primas
1449 1159 1605 1192 cathedras,
1622 1157 1685 1193 qui-

901 1204 952 1233 bus
968 1205 1114 1240 singularis
1129 1205 1228 1237 hortor,
1244 1208 1420 1240 potestasque
1432 1203 1578 1239 conjuncta
1594 1209 1680 1236 esset.

901 1258 1025 1286 quasque
1042 1251 1152 1286 superbi
1164 1254 1191 1277 et
1205 1249 1344 1278 ambitiosi
1367 1250 1490 1278 homines
1507 1250 1684 1285 concupisce-

902 1300 973 1324 rent.

938 1340 1018 1369 Circa
1035 1340 1240 1368 matrimonium
1255 1340 1333 1368 docet
1348 1339 1437 1374 primo
1450 1339 1575 1374 Hermas,
1587 1340 1684 1368 matri-

904 1386 988 1414 monii
1022 1386 1161 1415 vinculum
1187 1393 1298 1422 propter
1325 1386 1489 1414 adulterium
1527 1387 1685 1414 alterutrius

902 1433 1047 1469 conjugum
1062 1433 1134 1460 haud
1149 1432 1271 1460 dissolvi.
1288 1433 1363 1466 Quod
1374 1433 1398 1460 si
1411 1433 1540 1460 dimiserit
1553 1433 1616 1468 (vir)
1627 1440 1686 1459 mu-

902 1479 993 1507 lierem
1021 1487 1096 1506 suam
1116 1483 1142 1506 et
1160 1479 1242 1506 aliam
1262 1479 1378 1514 duxerit,
1396 1484 1421 1507 et
1435 1481 1489 1515 ips
1507 1479 1683 1506 mmo/tatur...

903 1534 964 1561 ergo
981 1533 1032 1552 non
1043 1525 1115 1552 debet
1127 1524 1238 1552 dimissa
1250 1525 1358 1561 conjuge
1373 1534 1422 1553 sua
1437 1526 1476 1553 vir
1487 1525 1569 1552 aliam
1580 1525 1684 1553 ducere.

865 1577 887 1607 α
905 1571 957 1598 llic
973 1576 1047 1598 actus
1066 1570 1161 1598 similis
1171 1575 1209 1598 est
1221 1577 1245 1599 et
1258 1571 1285 1598 itt
1299 1571 1354 1598 viro
1365 1576 1390 1599 et
1403 1572 1430 1599 in
1442 1571 1560 1605 muliere,
1580 1571 1619 1599 ait
1630 1570 1682 1598 Pa-

904 1623 962 1646 stor
980 1618 1047 1653 (42).

938 1663 1004 1692 Dein
1019 1664 1140 1699 exponit,
1159 1663 1295 1699 quomodo
1310 1671 1340 1691 se
1351 1671 1446 1699 gerere
1459 1663 1556 1692 debeat
1570 1665 1686 1693 maritus

903 1718 966 1746 erga
988 1717 1102 1737 uxorem
1124 1709 1287 1737 adulteram.
1303 1708 1429 1744 Praecipit
1451 1709 1552 1736 marito
1572 1716 1685 1745 separa—

905 1758 1006 1784 tionem
1022 1756 1056 1783 ab
1070 1764 1155 1783 uxore
1176 1763 1225 1783 sua
1241 1755 1362 1784 adultera
1385 1756 1487 1791 (quoad
1530 1760 1618 1784 torum
1636 1764 1685 1784 seu

905 1801 1157 1836 coltabitationem),
1167 1808 1247 1828 secus
1256 1808 1320 1829 reus
1331 1801 1376 1829 ille
1387 1802 1490 1836 peccati
1503 1801 1573 1837 ejus,
1585 1805 1612 1828 et
1621 1809 1685 1835 par-

905 1851 989 1884 ticeps
1015 1847 1206 1877 mmchationis
1230 1848 1300 1884 ejus.
1317 1847 1346 1876 Si
1370 1855 1433 1876 vero
1455 1848 1554 1876 mulier
1569 1847 1685 1875 dimissa

905 1896 1093 1932 potnitentiam
1107 1895 1201 1931 egerit,
1218 1899 1245 1922 et
1256 1894 1372 1922 voluerit
1385 1894 1418 1922 ad
1434 1894 1523 1921 virum
1545 1901 1626 1921 suum
1641 1901 1685 1920 re-

904 1943 984 1976 verti,
1004 1941 1102 1970 Pastor
1119 1941 1230 1969 mandat
1244 1940 1354 1973 marito,
1370 1944 1400 1968 ut
1414 1947 1475 1968 eam
1495 1940 1626 1975 recipiat;
1639 1947 1685 1967 se-

905 1997 954 2018 cus
975 1992 1118 2024 peccatum
1140 1993 1269 2022 magnum
1292 1986 1418 2013 admittit.
1442 1985 1521 2019 Quod
1545 1985 1569 2013 si
1588 1984 1685 2012 mulier

905 2038 967 2070 post
980 2033 1168 2069 pmnitentiam
1183 2032 1211 2060 in
1226 2032 1320 2060 eadem
1340 2036 1452 2067 peccata
1472 2031 1645 2067 prolabatur,
1658 2030 1686 2058 itt

906 2081 994 2115 iisque
1009 2082 1174 2114 perseveret,
1188 2082 1216 2105 et
1231 2078 1417 2113 pmnitetttiam
1433 2085 1487 2104 non
1509 2081 1585 2112 agat.
1607 2076 1688 2103 debet

906 2124 1030 2151 absolute
1044 2122 1170 2150 recedere
1183 2121 1300 2150 maritus
1314 2123 1349 2149 ab
1365 2121 1423 2155 illa,
1449 2130 1484 2149 ne
1499 2121 1633 2157 particeps
1652 2122 1689 2149 sit
1709 2136 1712 2140 ι

905 2169 965 2205 ejus
980 2169 1094 2205 peccati.
1117 2168 1166 2196 ilic
1177 2176 1268 2202 casus,
1284 2169 1363 2203 juxta
1383 2168 1505 2196 Pastoris
1522 2168 1687 2201 doctrinam,

908 2216 1020 2250 respicit
1044 2216 1133 2242 virum
1161 2215 1314 2242 adulterum
1356 2218 1383 2241 et
1411 2215 1553 2242 mulierem
1584 2214 1689 2242 adulte-

80 2265 140 2291 tium
152 2265 241 2298 illum,
253 2265 299 2300 qui
311 2248 476 2300 prtepositus'
484 2268 522 2291 est
534 2272 628 2298 paenae,
641 2269 670 2290 ut
682 2248 763 2290 leuius
780 2267 803 2289 te
814 2263 856 2297 af-
871 2248 894 2276 D
910 2248 968 2288 ram
984 2261 1051 2296 (45).
1067 2260 1153 2288 Hasce
1168 2260 1276 2296 regulas
1290 2267 1396 2295 semper
1409 2260 1591 2288 observandas
1605 2260 1690 2287 edixit

79 2309 172 2346 ﬂigat;
186 2310 232 2338 sed
246 2310 340 2345 exiguo
357 2313 471 2345 tempore
491 2309 601 2344 patieris
615 2308 735 2342 adversa,
750 2308 856 2335 iterum-

112 2479 168 2550 ἕδη
183 2479 261 2508 Past.
277 2479 382 2521 Herm...
395 2479 414 2507 ι.
427 2487 470 2512 ttt,
485 2479 548 2508 sim.
559 2487 597 2513 vI,
607 2486 668 2514 cap.
679 2478 697 2506 2
707 2483 735 2507 et
747 2479 773 2507 3.

124 2515 158 2543 4-0
182 2515 250 2543 Loc.
263 2520 324 2548 cit.,
341 2522 405 2542 stm.
420 2522 469 2543 vtt.

124 2515 168 2548 4-0)
182 2515 250 2543 Loc.
263 2515 324 2548 cit.,
341 2515 405 2542 sim.
420 2522 469 2543 vtt.

126 2550 170 2586 μ)
185 2550 253 2586 Vide
265 2550 408 2586 similitud.
422 2558 462 2583 ιι,
476 2558 537 2586 eap.
553 2550 580 2586 6.

126 2585 170 2620 η)
184 2585 268 2618 Idem,
283 2585 403 2613 mandat.
418 2593 455 2612 tv.
470 2585 532 2620 cap.
548 2585 574 2612 l.

127 2618 171 2656 45)
186 2621 224 2648 En
247 2620 382 2656 integrum
406 2618 514 2647 textunf
525 2621 611 2655 ipsius
631 2619 752 2656 Pastoris
766 2627 779 2656 γε
801 2618 855 2645 Do-

83 2655 159 2688 mine,
172 2656 195 2682 si
207 2655 265 2690 quis
281 2655 401 2682 habuerit
415 2663 524 2682 uuorem
538 2655 640 2689 fidelem
654 2656 681 2682 in
694 2655 817 2686 Domino,
830 2657 855 2690 et

85 2689 331 2731 hancinvenerit‘in
349 2690 495 2731 Aadttltelrio,
519 2690 746 2731 nunquidnpeccat
759 2689 799 2715 vir
809 2708 816 2721 ,

84 2726 197 2753 convivat
218 2733 278 2752 cum
292 2725 360 2752 illa?
382 2725 415 2751 Et
430 2725 499 2752 dixit
524 2724 588 2752 mitti
602 2733 611 2753 :
635 2725 759 2757 Quandiu
774 2724 856 2750 nescit

86 2765 214 2795 peccatum
227 2760 293 2795 ejus,
313 2761 369 2787 sine
387 2761 496 2787 crimine
510 2765 547 2787 est
563 2760 602 2786 vir
617 2758 855 2795 vivensrc‘um‘illa.

85 2794 114 2821 Si
146 2793 243 2822 autem'
264 2795 351 2822 scierit
382 2796 421 2821 vir
453 2803 561 2822 mrem
589 2803 665 2821 suant
694 2793 854 2828 deliquisse,

84 2835 108 2855 et
135 2838 185 2857 non
208 2831 289 2865 egerit
315 2831 494 2865 penitentiam
529 2829 639 2862 mulier,
658 2834 696 2865 ﬂet
722 2831 856 2865 permanet

87 2865 111 2891 in
127 2863 296 2894 fornicatione
313 2863 372 2898 sua,
397 2870 421 2892 et
444 2864 554 2892 convivii
573 2872 632 2891 cum
654 2863 703 2891 illa
721 2864 777 2895 vir,
797 2870 856 2889 reus

84 2900 133 2926 erit
158 2901 255 2935 peccati
279 2900 352 2935 ejus,
379 2905 403 2927 et
425 2900 555 2936 particeps
583 2899 759 2927 mwchationis
786 2897 854 2933 ejus.

910 2307 1042 2340 Ecclesia,
1067 2311 1160 2342 utpote
1178 2305 1229 2335 SS.
1250 2304 1454 2342 Scripturarum
1482 2314 1515 2334 ac
1535 2305 1689 2334 traditionis

913 2477 947 2505 Et
960 2477 1018 2504 dixi
1034 2477 1076 2504 illi
1089 2485 1098 2504 :

911 2512 1027 2540 mulier?
1042 2512 1076 2539 Et
1087 2508 1156 2539 dicit
1175 2519 1184 2538 :
1200 2508 1324 2538 Dimittat
1340 2509 1415 2537 illam
1429 2509 1486 2540 vir;
1501 2513 1526 2535 et
1546 2508 1588 2534 vir
1600 2516 1646 2542 per
1662 2516 1690 2535 se

911 2552 1027 2575 maneat.
1052 2547 1130 2579 Quod
1142 2547 1165 2573 si
1179 2546 1308 2573 dimiserit
1316 2544 1458 2579 mulierem
1471 2548 1585 2579 suamet
1606 2542 1689 2579 aliam

910 2583 1027 2616 duserit,
1040 2577 1129 2617 eiipse
1143 2581 1295 2617 mina/tatur.
1310 2578 1416 2617 Et_di.'ci
1427 2577 1469 2617 illi
1481 2586 1491 2604 :
1506 2577 1692 2617 Quid'simu-

909 2618 959 2645 lier
970 2612 1377 2654 diniissaipaenitentiamqegerit,
1391 2617 1415 2640 et
1428 2612 1545 2654 poluerit“
1552 2612 1690 2654 adcitum

910 2661 987 2680 suum
1002 2647 1113 2684 reverti,-
1129 2659 1213 2679 nonne
1228 2647 1368 2684 recipietur
1378 2656 1395 2674 a
1410 2649 1465 2674 viro
1478 2648 1545 2674 sua?
1564 2647 1598 2673 Et
1618 2647 1689 2673 dixit

908 2689 994 2715 mihi:
1010 2687 1079 2719 lmo,
1095 2688 1118 2714 si
1133 2694 1186 2713 non
1198 2684 1321 2718 receperit
1335 2691 1393 2719 eam
1407 2684 1448 2710 vir
1462 2690 1536 2719 suus,
1551 2687 1652 2719 peccat,
1664 2685 1690 2707 et

908 2731 1033 2757 magnum
1052 2717 1187 2756 peccatum
1201 2719 1253 2757 sibi
1267 2718 1385 2757 admittit
1394 2725 1410 2757 ;.
1425 2717 1469 2744 sed
1488 2717 1561 2757 debet
1577 2717 1690 2751 recipere

909 2752 1089 2792 peccatricem,
1105 2764 1163 2792 qua:
1175 2753 1355 2790 paenitentiam
1367 2753 1421 2792 egit
1431 2773 1438 2786 ,
1457 2752 1502 2792 sed
1517 2760 1570 2792 non
1585 2759 1688 2791 stupe...

909 2787 1015 2827 propter
1025 2787 1204 2827 paeniténtia'm
1219 2797 1285 2827 ergo
1292 2796 1343 2815 non
1355 2788 1441 2827 debet,
1452 2787 1568 2827 dimissa
1580 2787 1691 2827 conjuge

910 2821 970 2859 'sua',
981 2821 1117 2854 vir'aliatn
1130 2826 1235 2853 ducere.
1248 2821 1300 2851 Hic
1314 2827 1388 2850 actus
1397 2822 1493 2850 similis
1504 2827 1576 2849 estet
1587 2823 1613 2859 in
1621 2821 1689 2853 viro.

909 2867 933 2889 et
949 2857 975 2889 in
991 2862 1107 2890 muliere.
1124 2860 1230 2889 Horme
1246 2858 1352 2892 Pastor,
1365 2859 1487 2887 mandat.
1502 2865 1540 2893 tv,
1551 2865 1575 2886 c.
1594 2857 1618 2885 1.

1115 2477 1186 2510 Quid
1199 2484 1261 2511 ergo
1280 2476 1304 2502 si
1318 2473 1492 2511 permanserit
1511 2473 1540 2500 in
1559 2473 1623 2511 vitio
1641 2481 1688 2500 suo
