1920 3104
232 167 285 195 885

944 163 974 191 S.
988 162 1118 191 ΗΕΒΜΔΕ

1802 162 1852 191 884

234 222 397 251 auctoritate
422 222 541 249 Innixus.
565 221 737 250 Adulterium
764 229 872 256 semper
894 221 1016 248 habitum
1033 223 1055 250 Α
1069 220 1172 247 nemini
1188 220 1215 247 in
1231 224 1349 247 mentem
1363 220 1472 248 venisse
1482 220 1698 255 disputationem
1711 220 1854 248 instituere

234 275 275 296 est
290 273 320 296 ut
331 268 453 303 legitima
469 267 578 294 divortii
594 275 694 301 causa;
708 274 846 301 nunquam
861 270 950 292 autem
961 265 1018 292 dis-

233 314 315 341 solvit
330 313 469 340 vinculum
481 313 651 340 matrimonii
667 313 787 347 legitime
799 311 946 339 contracti.

270 359 395 386 Declarat
410 359 519 385 tandem
534 358 717 393 polygamiam
729 357 912 385 successivam
925 363 1017 382 revera

234 405 335 432 licitam
350 412 420 438 esse,
436 404 560 431 emlihem
577 408 668 430 tamen
691 404 739 439 qui
755 403 838 430 vitam
854 402 940 434 ducit,
960 408 1018 428 rem

233 451 290 478 Deo
302 450 486 485 gratissimam
501 449 591 476 facere
607 449 675 484 (44).

267 495 281 530 ς
297 494 341 522 IV.
356 494 393 522 De
408 495 596 521 mandatorum
609 493 657 521 Dei
670 494 835 521 obseruantia
852 497 876 520 et
892 493 989 527 gratia.

271 541 308 568 De
328 541 429 568 divinis
451 540 590 575 praeceptis
611 547 765 567 sermonem
804 540 966 571 instituens,
987 545 1018 565 ea

233 586 319 614 Deum
329 586 429 613 amanti
436 589 543 613 servatu
553 585 695 618 facillima,
712 593 800 620 nequc
806 585 954 619 quidquam
965 584 1019 610 illis

233 633 356 660 sanctius
371 637 418 659 aut
433 632 540 659 dulcius
559 639 620 659 esse
634 632 672 658 ait
691 631 759 667 (45).
785 630 853 658 Cum
868 638 934 658 vero
950 629 1019 657 Her-

235 686 294 706 mas
308 678 415 705 Pastori
433 678 580 712 objiccret:
595 677 681 704 Homo
694 677 765 710 cupit
777 675 881 712 quidem
893 675 1020 702 mandato

235 723 283 750 Dei
299 724 442 757 custodire,
456 728 481 751 et
495 731 568 751 nemo
584 727 636 754 est.
651 723 695 757 qui
709 730 761 749 non
775 726 846 756 petat
862 729 878 747 α
895 720 1019 753 Domino,

234 774 265 796 ut
285 770 366 805 possit
384 769 511 796 mandata
524 769 581 803 ejus
601 776 722 800 seruare;
745 768 790 795 sed
801 767 923 794 diabolus
937 767 1019 794 durus

234 819 284 847 est,
300 818 324 841 et
347 815 466 848 potentia
486 823 535 842 sua
551 814 704 841 dominatur
724 813 751 840 in
774 813 822 840 Dei
836 821 922 840 servos
944 812 1011 848 (46).

235 859 335 886 Pastor
350 859 423 887 illico
435 860 459 887 ei
475 860 630 894 respondet,
653 867 706 886 non
723 867 803 894 posse
818 859 955 886 diabolum
968 859 1020 886 ἀοι

237 905 335 932 minari
350 905 377 932 in
388 905 434 932 Dei
451 913 554 938 servos,
567 905 613 940 qui
627 912 659 932 ex
677 905 741 932 totis
751 904 909 940 pnecordiis
925 905 952 931 in
967 905 1020 932 Do—

236 951 341 978 minum
364 951 489 978 credunt.
506 951 596 979 Potest
611 957 710 984 autem,
726 952 801 979 addit
816 951 938 986 insuper,
961 951 1022 977 dia-

234 995 310 1022 bolus
322 995 430 1029 luctari,
446 997 491 1023 sed
504 997 604 1024 uincere
618 1005 670 1024 non
686 1001 770 1032 potest
782 1005 794 1029 ;
806 997 829 1023 si
842 997 912 1024 enim
922 996 1022 1023 resisti—

236 1043 272 1068 tis
302 1041 355 1074 illi,
372 1042 453 1077 fugiet
475 1051 491 1068 a
505 1042 576 1070 vobis
590 1043 725 1078 confusus.
747 1042 795 1070 His
811 1042 903 1070 verbis
920 1042 1021 1070 contir-

236 1087 306 1114 mari
329 1091 445 1122 possunt
460 1087 560 1115 animat
574 1088 698 1122 quaedam
723 1088 900 1121 meticulosae,
923 1087 1022 1122 quibus

237 1137 371 1159 terrorem
386 1133 524 1161 incutiunt
537 1133 701 1162 Christianas
718 1133 845 1168 virtutes,
857 1141 960 1168 easque
971 1141 1022 1168 pu-

237 1181 297 1203 tant
313 1177 339 1203 in
359 1177 436 1212 praxi
451 1184 512 1204 esse
527 1177 610 1205 nimis
627 1177 768 1211 molestas,
784 1177 910 1212 quinimo
930 1180 958 1204 et
972 1183 1024 1203 un-

238 1222 384 1256 possihiles
398 1230 494 1250 eorum
510 1227 626 1251 naturzc.
644 1222 732 1250 Velint
755 1223 830 1257 ipsas,
846 1222 978 1257 diligant,
996 1225 1024 1249 et

239 1267 307 1294 nihil
320 1268 374 1295 erit
386 1268 509 1299 dillicile;
524 1269 570 1303 qui
585 1269 684 1303 diligit,
696 1269 787 1295 omnia
803 1272 902 1303 potest.
917 1267 972 1295 Hac
983 1267 1024 1295 di-

237 1313 356 1340 lectione
380 1313 414 1340 de
439 1313 540 1341 Satana
551 1314 695 1341 victoriam
710 1314 895 1348 reportabunt,
911 1318 938 1340 et
949 1321 1024 1340 com-

239 1366 336 1386 munes
350 1359 432 1393 hujus
447 1359 629 1387 sortisminas
641 1363 832 1392 contemnent;
844 1366 905 1394 quae
914 1359 1024 1394 quidem

239 1404 332 1437 minae,
345 1404 435 1439 inquit
446 1404 554 1437 Pastor,
570 1405 630 1432 sine
645 1405 746 1432 virtute
762 1409 836 1438 sunt,
852 1405 924 1432 sicut
937 1405 1025 1432 homi-

241 1450 283 1476 nis
298 1450 396 1476 mortui
413 1450 499 1478 nervi.
516 1450 605 1477 Minas
621 1455 710 1477 autem
725 1450 799 1477 illius
811 1451 838 1477 in
852 1455 933 1477 totum
945 1450 1025 1478 nolite

239 1495 347 1527 timere;
359 1496 414 1521 sine
427 1495 522 1522 virtute
536 1496 605 1522 enim
624 1500 695 1528 sunt,
713 1496 780 1522 sicut
795 1495 908 1522 hominis
926 1496 1024 1522 mortui

238 1541 323 1569 nerui.
337 1540 449 1569 Phrasis
464 1542 521 1570 bmc
535 1541 677 1577 originalis
694 1545 746 1573 est,
761 1541 963 1577 perfectamque
975 1542 1025 1569 ha-

241 1587 288 1614 bet
309 1587 558 1622 pulchritudinem;
582 1595 615 1615 ac
640 1587 777 1622 pathetice
801 1587 923 1622 exponit,
951 1588 1024 1623 quod

239 1642 351 1662 summo
369 1638 525 1669 contemptu
547 1634 695 1662 debeamus
722 1633 822 1660 habere
841 1634 992 1662 daemonem
1016 1643 1022 1661 :

239 1681 314 1708 absit
327 1688 390 1708 vero
409 1680 480 1715 quod
494 1680 547 1707 hoc
565 1680 656 1708 minus
667 1687 717 1708 nos
732 1680 864 1708 sollicitos
877 1680 981 1713 reddat,
993 1688 1026 1709 ac

243 1727 387 1762 vigilantes
402 1727 533 1755 adversus
547 1726 607 1761 ejus
621 1726 732 1755 fraudes
747 1734 780 1754 ac
793 1726 917 1754 insidias.

279 1772 395 1805 Quidam
420 1773 497 1801 locus
514 1773 633 1801 occurrit
658 1773 685 1800 in
712 1773 836 1805 Pastore,
861 1773 908 1808 qui
934 1776 1027 1808 posset

243 1818 346 1845 morari
359 1818 500 1850 lectorem,
515 1825 610 1852 parum
623 1817 655 1845 de
670 1817 757 1852 gratia
767 1817 942 1846 instructum.
958 1817 1026 1850 Quo-

243 1871 314 1896 rum,
330 1863 369 1890 ait
384 1863 488 1896 Pastor,
504 1863 604 1891 viderat
623 1863 752 1891 Dominus
769 1871 851 1899 puras
872 1869 969 1891 mentes
982 1864 1027 1898 fu-

243 1915 331 1943 turas,
341 1915 363 1937 et
379 1911 522 1938 serviturus
537 1911 560 1937 ei
573 1918 605 1937 ex
619 1911 681 1937 totis
693 1910 856 1945 prwcordiis,
865 1910 920 1937 illis
935 1910 1027 1938 tribuit

241 1956 423 1991 pwnitentiam
434 1964 444 1984 :
459 1961 484 1983 et
499 1965 609 1992 quorum
625 1957 737 1991 respexit
751 1957 841 1984 dolum
852 1961 876 1983 et
887 1956 1027 1992 nequitias,

242 2007 270 2029 et
285 2003 474 2031 animaduertit
490 2003 525 2030 ad
546 2011 575 2032 se
593 2003 730 2038 fallaciter
745 2011 893 2030 reversuros
903 2023 912 2036 ,
926 2003 1028 2037 negauit

245 2048 280 2075 iis
302 2048 337 2074 ad
352 2049 531 2083 pwnitentiam
553 2057 709 2084 regressum,
730 2057 760 2076 ne
773 2057 863 2076 rursus
876 2049 957 2084 legem
971 2050 1028 2084 ejus

246 2092 369 2126 nefandis
383 2094 566 2122 maledicerent
584 2093 666 2122 verbis
686 2094 754 2129 (47).
769 2094 875 2129 videri,
899 2095 1024 2129 inquam,

244 2143 338 2175 posset
353 2138 398 2165 hic
412 2137 509 2167 Pastor
524 2139 660 2173 aliquibus
672 2139 904 2174 Pelagianismum
918 2147 1025 2174 sapere.

244 2184 289 2211 vel
314 2184 348 2211 ad
377 2184 468 2212 minus
497 2184 832 2219 senii-Pelagianismum,
858 2185 886 2212 in
915 2185 1028 2213 materia

244 2229 351 2264 gratim,
366 2237 447 2264 quam
461 2229 550 2264 primo
566 2235 676 2264 aspectu
690 2231 797 2258 videtur
812 2231 959 2259 concedere
973 2239 1029 2258 me—

245 2274 318 2307 ritis,
343 2279 371 2302 et
394 2274 474 2303 bonis
499 2275 725 2310 dispositionibus
746 2276 898 2309 hominum,
915 2276 1028 2303 minime

246 2320 467 2355 recognoscendo
492 2320 565 2347 illam
583 2328 614 2348 ex
643 2325 717 2355 parte
742 2321 788 2348 Dei
813 2321 970 2356 gratuitam.
993 2321 1028 2349 At

245 2365 519 2393 animadvertendum
533 2370 575 2393 est
588 2367 687 2402 primo,
706 2367 844 2401 prilnaavis
859 2367 1029 2402 temporibus

283 2468 341 2502 (44)
356 2467 391 2494 Et
408 2468 503 2495 iterum
518 2468 575 2495 dixi
589 2468 630 2495 illi
642 2476 650 2494 :
664 2468 693 2497 Si
705 2470 745 2496 uir
757 2469 797 2496 uel
806 2469 899 2495 mulier
911 2469 1027 2503 alicujus

246 2503 397 2539 decesserit,
414 2507 438 2529 et
455 2504 571 2533 nupserit
584 2504 679 2539 aliquis
693 2505 817 2535 illorum;
837 2504 953 2538 nunquid
966 2512 1028 2537 pec-

247 2540 310 2565 cat?
324 2537 375 2569 Qui
385 2538 459 2564 nubit
469 2559 476 2570 ,
489 2547 539 2565 non
552 2537 650 2572 peccat,
662 2540 760 2574 inquit,
778 2539 823 2565 sed
833 2539 857 2564 si
867 2537 912 2572 per
919 2547 946 2565 se
956 2547 1028 2565 man-

247 2573 323 2605 serit,
332 2581 468 2608 imagnum
481 2573 531 2600 sibi
547 2574 616 2608 apud
638 2573 780 2601 Dominum
800 2574 929 2608 conquirit
945 2574 1027 2600 Itono-

248 2615 314 2634 rem.
331 2607 435 2634 Hermae
451 2608 569 2640 Pluton,
584 2609 675 2637 mand.
691 2617 726 2642 Iv,
740 2616 764 2636 c.
778 2609 805 2635 4.

286 2642 343 2703 245)
363 2642 455 2683 Ponite
479 2643 549 2684 nobis
566 2643 656 2676 Deum,
676 2644 758 2684 Deum
773 2648 886 2684 uestrum
905 2644 934 2671 in
949 2643 1026 2670 corde

248 2677 284 2717 Ita
302 2685 354 2717 ere,
367 2683 391 2703 et
402 2677 552 2717 intelligetis
566 2679 634 2713 quod
655 2679 720 2705 nihil
735 2678 839 2717 facilius
851 2685 886 2705 sit
898 2679 939 2706 his
952 2687 1026 2705 man-

251 2712 335 2749 datis,
350 2720 430 2749 neque
444 2712 558 2745 dulcius,
573 2712 661 2748 neque
682 2712 854 2749 mansuetius,
870 2722 951 2749 neque
964 2721 1027 2741 sau-

249 2747 328 2773 etists.
350 2746 382 2772 L.
408 2755 445 2778 ιι,
463 2748 556 2774 mand.
574 2746 623 2778 xn,
637 2756 661 2776 c.
682 2748 698 2775 5
715 2753 741 2776 et
755 2749 781 2775 4.

299 2781 344 2815 46)
361 2781 442 2814 Idem,
460 2782 536 2815 ibid.,
552 2790 576 2809 c.
592 2783 619 2810 5.

298 2815 344 2853 ρ)
357 2815 440 2853 Idem,
456 2816 545 2853 Pas},
561 2818 702 2845 similitud.
716 2826 774 2850 vnl,
790 2826 849 2853 cap.
867 2819 891 2845 6.

288 2850 345 2885 (48)
359 2849 488 2883 Quinimo
505 2851 588 2879 Deum
605 2853 733 2880 anteriori
755 2849 870 2889 quadam
886 2855 970 2890 gratia
986 2861 1032 2882 eos

1068 272 1150 299 supra
1165 264 1325 299 mysterium
1341 265 1448 299 gratiae,
1470 265 1550 300 eique
1571 265 1687 300 gloriam
1708 266 1854 300 praeripere

1067 309 1270 341 conversionis,
1295 316 1326 336 ac
1343 309 1550 343 justiﬁcationis
1572 310 1749 344 peccatoris;
1773 315 1855 344 atque

1068 357 1120 382 hac
1130 355 1164 382 de
1176 362 1260 383 causa
1280 355 1392 382 Hermas
1413 363 1494 382 suum
1511 355 1654 383 Pastorem
1672 356 1799 390 perbth
1811 356 1853 382 lo-

1068 400 1196 435 quentem
1221 401 1255 428 de
1280 401 1366 436 gratia
1391 401 1458 428 satis
1474 402 1652 429 conﬁdenter.
1675 402 1817 434 Secundo,
1831 403 1854 429 si

1068 451 1142 474 recte
1156 446 1192 474 ad
1212 453 1326 474 examen
1350 451 1493 474 revocetur
1509 447 1553 474 hic
1568 451 1669 480 textus,
1686 448 1757 474 nihil
1775 448 1802 474 in
1823 456 1856 475 eo

1068 491 1251 524 adinvenitur,
1281 492 1354 526 quod
1375 492 1492 519 multum
1515 492 1637 520 detinere
1659 500 1711 520 nos
1736 493 1854 524 debeat;

1069 546 1151 565 omne
1166 538 1193 566 id
1208 538 1293 570 enim,
1314 538 1386 573 quod
1405 538 1442 566 ibi
1466 539 1589 571 docetur,
1615 539 1649 566 ad
1665 539 1724 566 haec
1748 539 1858 566 reduci-

1069 589 1113 611 tur
1127 593 1134 611 :
1153 584 1238 612 Deum
1250 584 1375 612 videlicet
1389 584 1538 612 concedere
1559 585 1675 619 gratiam
1687 585 1857 620 pauitantia

1070 630 1189 657 hominis
1204 630 1365 663 sinceritati,
1386 630 1501 665 ejusque
1521 630 1602 658 bonis
1615 630 1855 665 dispositionibus.

1071 676 1132 704 llaec
1146 676 1254 711 phrasis
1269 681 1358 704 autem
1374 684 1425 704 nec
1436 681 1479 704 est
1493 676 1649 711 Pelagiana,
1665 684 1718 704 nec
1735 675 1858 711 Semipe-

1070 722 1188 757 lagiana,
1205 722 1258 750 nisi
1272 723 1299 749 in
1313 730 1395 749 sensu
1409 729 1516 754 eorum,
1533 722 1580 757 qui
1593 727 1698 755 tenent,
1715 722 1791 749 hanc
1801 723 1858 749 sin-

1070 769 1220 801 ceritatem,
1237 769 1342 803 hasque
1358 769 1444 796 bonas
1461 769 1656 803 dispositiones
1670 768 1752 795 unice
1774 775 1809 796 ex
1825 768 1857 795 li-

1070 815 1136 842 bero
1148 813 1261 842 arbitrio
1273 814 1431 849 procedere,
1444 818 1471 841 et
1484 822 1518 841 ex
1532 814 1637 841 viribus
1649 818 1773 846 naturae;
1786 814 1859 848 quod

1070 861 1179 895 quidem
1193 868 1242 888 nec
1257 860 1301 887 hic
1311 860 1390 887 docet
1398 859 1504 893 Pastor,
1517 867 1566 887 nec
1579 860 1656 892 alibi,
1669 860 1744 895 quod
1758 860 1857 891 sciam,

1073 905 1100 932 in
1115 909 1173 932 toto
1193 912 1276 940 opere
1291 912 1352 932 suo.
1370 904 1500 937 Quinimo
1515 904 1570 932 dici
1585 904 1667 931 etiam
1691 908 1784 939 potest
1806 912 1859 931 non

1071 951 1175 986 absque
1193 949 1299 977 ratione
1314 949 1453 977 Pastorem
1471 949 1526 976 illis
1541 949 1655 977 vocibus
1672 957 1756 977 usum
1780 957 1857 982 esse;

1071 997 1172 1032 quippe
1189 996 1350 1032 pmnitentia
1365 1000 1406 1023 est
1420 1003 1472 1023 una
1486 1003 1520 1022 ex
1535 995 1569 1023 iis
1583 995 1689 1031 gratiis,
1704 1002 1777 1031 quas
1787 994 1858 1022 Deus

1072 1051 1126 1071 non
1142 1043 1266 1070 concedit
1283 1041 1422 1070 ordinarie
1443 1041 1592 1076 loquendo,
1611 1041 1663 1068 nisi
1682 1047 1749 1076 post
1761 1042 1859 1069 multas

1073 1089 1152 1122 alias,
1169 1090 1209 1116 uti
1226 1089 1299 1118 ﬁdei.
1319 1088 1388 1124 spei,
1408 1095 1470 1123 quae.
1483 1092 1548 1115 sunt
1561 1088 1645 1116 veluti
1662 1088 1859 1123 dispositiones

1072 1137 1106 1164 ad
1119 1137 1199 1164 istam
1212 1134 1280 1171 (48).

1337 1180 1351 1217 §
1367 1180 1400 1208 ν.
1419 1180 1457 1207 De
1478 1179 1589 1215 angelis.

1108 1228 1202 1264 Neque
1218 1228 1476 1264 praetermittendum
1489 1235 1504 1254 a
1515 1227 1596 1254 nobis
1607 1225 1787 1257 arbitramur,
1803 1233 1860 1260 quae

1074 1276 1108 1303 de
1120 1275 1224 1310 angelis
1236 1274 1294 1302 suis
1308 1275 1334 1301 in
1352 1274 1429 1302 libris
1450 1273 1564 1301 Hermas
1584 1273 1676 1300 tradit.
1693 1271 1789 1299 Primo
1803 1271 1860 1306 qui-

1074 1321 1135 1349 dem
1150 1321 1229 1348 docet
1243 1327 1303 1348 esse
1324 1319 1468 1354 quamdam
1484 1318 1557 1354 ipsos
1575 1318 1647 1345 inter
1664 1319 1780 1353 angelos
1795 1317 1859 1345 sub-

1075 1365 1284 1398 ordinationem,
1302 1365 1339 1392 ita
1360 1364 1486 1396 nimium,
1503 1367 1532 1389 ut
1547 1362 1594 1389 alii
1612 1363 1669 1390 sint
1686 1363 1749 1390 aliis
1771 1361 1860 1389 excel-

1074 1412 1204 1440 lentiores
1215 1411 1281 1445 (49).
1296 1410 1421 1438 Secundo
1435 1410 1547 1444 exponit
1558 1409 1667 1444 qualem
1677 1409 1752 1436 circa
1764 1415 1860 1435 omnes

1075 1458 1158 1493 hujus
1184 1457 1278 1484 mundi
1301 1464 1345 1483 res
1369 1455 1578 1483 sollicitudinem
1607 1455 1734 1482 habeant.
1761 1453 1861 1481 Statuit

1076 1509 1166 1532 autem
1180 1503 1314 1538 imprimis
1327 1502 1356 1529 S.
1372 1501 1530 1528 Michaelem
1554 1500 1748 1535 archangelum
1762 1500 1860 1527 habere

1038 1552 1061 1582 ο
1078 1554 1235 1585 potestatem
1252 1555 1334 1583 super
1350 1547 1480 1583 populum
1501 1546 1700 1578 Christianum,
1715 1551 1742 1573 et
1764 1546 1862 1580 guber-

1077 1602 1142 1622 nare
1165 1594 1252 1621 illum.
1283 1592 1402 1620 Nuntius
1420 1596 1506 1619 autem
1527 1591 1605 1619 ille...
1624 1591 1717 1626 (verba
1735 1596 1801 1618 sunt
1813 1590 1861 1617 Pa-

1075 1640 1167 1674 storis)
1183 1638 1297 1667 Michael
1314 1643 1363 1670 est,
1382 1639 1427 1674 qui
1444 1637 1534 1673 populi
1548 1637 1626 1671 Imjus
1650 1637 1726 1664 habet
1745 1641 1861 1671 potata—

1076 1691 1138 1719 tem,
1151 1691 1176 1713 el
1190 1685 1316 1720 gubernat
1334 1684 1400 1720 (50).
1418 1683 1487 1711 Hinc
1511 1683 1655 1718 peculiaris
1676 1682 1788 1709 devotio
1812 1681 1861 1708 Bc-

1075 1732 1164 1759 clesia:
1189 1732 1329 1758 catholica
1353 1737 1416 1765 erga
1440 1729 1470 1757 S.
1495 1729 1653 1757 Michaelem
1677 1728 1811 1756 lundatur
1834 1728 1861 1754 in

1075 1779 1198 1806 doctrina
1212 1778 1346 1813 primaeva:
1363 1777 1545 1812 antiquitatis.

1113 1824 1185 1851 Idem
1200 1823 1297 1851 Pastor
1312 1827 1405 1858 aperte
1425 1831 1535 1858 quoquc
1553 1823 1674 1850 declarat
1691 1821 1794 1849 Filium
1815 1821 1860 1848 Dei

1077 1871 1257 1906 praeposuisse
1274 1870 1384 1905 angelos
1400 1869 1427 1897 in
1443 1869 1594 1897 custodiam
1614 1876 1710 1897 eorum
1725 1876 1798 1904 quos
1811 1867 1861 1895 Pa-

1078 1921 1137 1945 stor
1149 1917 1267 1944 cmlestis
1281 1916 1332 1951 ipsi
1350 1915 1460 1943 tradidit
1475 1925 1483 1942 ι
1497 1915 1544 1942 Eis
1558 1923 1622 1950 quos
1648 1914 1721 1941 Filio
1737 1914 1860 1946 tradidit,

1079 1962 1167 1990 Filius
1178 1963 1215 1989 eis
1228 1961 1333 1988 nuntios
1350 1961 1492 1995 praeposuit
1514 1960 1549 1987 ad
1564 1959 1755 1988 conservandos
1773 1959 1861 1994 singuo

1078 2007 1118 2035 los
1140 2008 1207 2041 (5t).
1232 2006 1290 2034 Etsi
1313 2010 1410 2041 agatur
1431 2005 1477 2033 hic
1500 2005 1533 2033 de
1555 2005 1621 2033 solis
1644 2004 1860 2041 praedestinatis,

1080 2058 1184 2081 certum
1200 2056 1241 2079 est
1257 2041 1434 2079 nihilominus
1457 2049 1529 2085 quod
1546 2049 1642 2077 Pastor
1664 2048 1737 2077 idem
1754 2048 1861 2084 privile-

1080 2099 1154 2135 gium
1170 2097 1302 2126 concedat
1318 2096 1424 2124 ueteris
1439 2096 1606 2123 hominibus.

1115 2143 1206 2171 Primo
1220 2143 1291 2170 enim
1312 2142 1376 2169 illud
1394 2141 1517 2169 concedit
1536 2141 1679 2176 neophytis
1700 2140 1781 2175 ipsis,
1799 2141 1859 2168 dum

1080 2187 1146 2215 dicit
1168 2186 1240 2222 quod
1254 2186 1293 2213 illi
1308 2185 1342 2213 ab
1358 2185 1462 2220 angelis
1482 2190 1690 2213 commonentur
1703 2185 1737 2213 ad
1754 2185 1860 2213 benefa-

1082 2232 1207 2260 ciendum
1217 2231 1287 2267 (52).
1302 2230 1402 2258 Deinde
1416 2230 1536 2258 declarat
1549 2232 1576 2258 in
1590 2238 1697 2265 genere,
1719 2231 1794 2265 quod
1810 2231 1861 2258 duo

1081 2279 1152 2315 genii
1165 2278 1222 2306 sive
1234 2277 1288 2305 duo
1303 2277 1391 2311 angeli
1404 2281 1468 2305 sunt
1481 2284 1542 2305 cum
1558 2277 1679 2310 homine,
1692 2285 1767 2304 unus
1779 2277 1861 2311 requi-

1082 2324 1157 2357 tatis,
1180 2327 1208 2351 et
1231 2331 1302 2350 unus
1321 2322 1473 2356 iniquitatis
1489 2321 1557 2358 (53).
1572 2321 1651 2350 Prior
1669 2322 1703 2350 ad
1724 2323 1860 2353 virtutem,

1082 2368 1150 2396 alter
1165 2368 1198 2395 ad
1218 2366 1283 2394 vitia
1295 2367 1405 2394 excitat.
1433 2365 1518 2395 Malus
1541 2367 1598 2402 ipse
1621 2368 1720 2403 genius
1740 2367 1863 2395 diabolus

1079 2469 1114 2496 ad
1126 2468 1311 2504 paenitentiam
1325 2475 1504 2504 praeparasse,
1526 2467 1587 2494 inde
1595 2471 1674 2504 patet
1685 2468 1775 2504 ;_quia
1787 2468 1863 2504 paulo

1080 2501 1206 2538 superius
1228 2501 1340 2538 angelus
1367 2501 1400 2530 ad
1432 2502 1558 2529 Hermum
1586 2502 1675 2529 dixit:
1698 2501 1862 2537 I’idrs’quod

1081 2539 1158 2565 multi
1172 2543 1278 2573 egerunt
1292 2538 1480 2571 penitentiam,
1497 2542 1522 2564 et
1532 2538 1645 2573 assecuti
1663 2543 1727 2564 sunt
1744 2539 1860 2566 salutem.

1086 2573 1176 2604 Video,
1187 2571 1281 2607 inquit
1296 2573 1417 2605 Ilermas,
1436 2573 1549 2599 domine.
1563 2571 1601 2607 rUt
1620 2574 1702 2602 scius,
1728 2573 1766 2599 ait
1788 2581 1863 2606 ange—

1080 2608 1134 2641 lus,
1153 2606 1294 2634 bonitatem
1317 2612 1343 2634 et
1368 2608 1532 2633 clementiam
1557 2606 1662 2633 Domini
1687 2615 1823 2641 magnam,
1841 2612 1861 2632 et

1079 2643 1259 2682 honorandum
1278 2651 1342 2682 esse,
1360 2643 1405 2677 qui
1426 2643 1498 2669 dedit
1518 2642 1641 2676 spiritum
1666 2643 1705 2668 eis
1730 2643 1777 2677 qui
1796 2642 1861 2677 digni

1079 2683 1153 2704 erant
1166 2678 1345 2712 pmnitenliam
1358 2685 1442 2711 agere.

1115 2713 1170 2747 (49)
1186 2712 1290 2739 Hermae
1304 2712 1392 2743 Past.,
1409 2712 1513 2739 visione
1528 2719 1569 2744 ιιι,
1583 2718 1644 2746 cap.
1660 2712 1690 2739 4.

1115 2748 1172 2782 (50)
1188 2747 1271 2780 Idem,
1287 2747 1393 2774 similit.
1407 2755 1467 2780 vni,
1482 2754 1507 2773 c.
1522 2747 1549 2774 5.

1130 2783 1174 2814 5i)
1187 2782 1269 2814 Idem,
1283 2782 1387 2809 similit.
1402 2789 1442 2814 In,
1461 2789 1485 2808 e.
1502 2781 1529 2808 6.

1131 2817 1175 2850 52)
1190 2817 1271 2850 Idem,
1284 2817 1302 2843 I.
1316 2825 1335 2849 ι,
1352 2817 1401 2844 vis.
1415 2825 1455 2848 ιιι,
1470 2824 1494 2843 c.
1508 2817 1535 2844 5.

1117 2851 1173 2887 (55)
1189 2851 1271 2885 Idem,
1289 2852 1306 2878 Ι.
1326 2860 1356 2885 u,
1375 2852 1466 2879 mund.
1484 2860 1521 2885 vi,
1535 2859 1558 2879 c.
1575 2851 1602 2879 2.
