1920 3104
73 176 121 204 885

668 175 814 204 PASTOR.
834 191 856 196 —
886 175 1068 205 PRDLEMIA.

1629 179 1683 206 885

72 242 118 270 est,
130 236 365 272 quemadmodum
379 236 434 271 ipse
448 236 502 263 alio
518 236 578 264 loco
595 235 693 264 fatetur
713 237 780 272 (54').
794 237 852 263 An-
866 238 889 267 Α
903 244 1018 271 quarum
1044 235 1131 272 prima
1153 241 1211 270 est,
1234 237 1371 272 apostolos
1391 240 1452 271 post
1479 242 1591 264 mortem
1616 236 1681 265 lusu

72 283 153 319 gelum
175 289 286 317 quoque
311 281 425 310 Hermas
452 286 545 310 noster
570 287 778 315 commemorat,
804 283 850 318 qui

71 328 178 356 terribili
189 328 302 356 cuidam
315 328 413 356 bellua:
426 332 548 363 praeerat,
561 336 642 363 quam
654 335 702 363 per
712 329 849 356 somnium

71 375 178 406 viderat,
197 378 282 409 atque
299 373 398 408 Hegrin
414 373 530 408 appellat
543 373 612 408 (55).
629 373 668 400 Eu
690 374 776 408 ipsius
799 373 850 401 Pa-

70 420 145 447 storis
157 420 243 447 verba
262 428 269 446 :
288 419 361 446 Misit
377 418 505 445 Dominus
517 418 637 454 angelum
649 427 736 452 suum,
752 419 798 454 qui
810 423 849 446 est

69 473 139 499 super
151 464 270 494 bestias:
287 465 330 491 cui
352 472 442 490 nomen
462 467 500 490 est
516 463 625 498 Hegrin,
637 468 662 490 et
675 464 804 490 obturauit
819 472 847 491 os

68 512 128 545 ejus,
142 519 173 537 ne
191 516 215 537 te
234 511 390 543 dilaniaret,
406 515 458 538 etc.
474 510 531 537 Viri
547 510 619 537 docti
633 510 705 537 circa
721 514 847 537 vexatum

68 558 134 585 hunc
154 558 245 584 locum
263 557 371 585 diversa
385 561 449 585 sunt
470 556 627 584 commenti.
648 555 846 584 Celeberrimus

68 603 193 631 Nonrrius
203 611 270 630 eum
284 603 478 631 restituendum
491 606 568 638 putat
581 610 614 630 ex
625 602 719 630 codice
731 601 845 629 Colber-

67 649 128 681 tino,
142 649 187 683 qui
199 648 241 676 sic
256 648 338 676 habet
353 657 360 676 :
373 658 382 674 ι
395 648 467 676 Misit
481 648 612 676 Dominus
627 648 751 683 angelum
763 655 844 675 suum

67 703 141 730 super
153 695 281 729 bestiam,
294 695 373 730 cujus
383 703 479 722 nomen
489 699 531 723 est
540 693 638 730 Hegrin
649 694 715 728 (56).
727 704 736 720 ›
749 693 844 729 Suspi-

67 747 135 769 catus
148 742 203 777 jam
227 741 319 769 fuerat
337 741 512 769 doctissimus
533 740 694 771 Cotelerius.
714 739 842 767 Hermann

66 787 149 815 Graece
170 788 222 816 hoc
244 788 303 815 fere
318 787 399 814 modo
419 787 562 822 scripsisse
582 795 589 813 :
605 786 730 822 Ἔπεμψε
742 786 843 822 Κύριος

65 832 169 867 ἄγγελον
182 833 278 865 αὑτοῦ,
291 833 320 864 ὃς
333 833 405 859 ἐστιν
420 832 466 858 ἐπὶ
474 831 576 867 θηρίον,
590 828 612 865 ᾧ
623 831 708 866 ὄνομα
721 831 840 867 Ἄγριον.

65 878 143 911 Quam
181 879 209 905 in
239 878 403 906 sententiam
426 877 522 905 recitat
544 877 609 904 illud
626 877 722 912 psalmi
746 884 839 909 Lxslx,

901 283 1002 310 Christi
1016 282 1166 310 doctrinam
1188 283 1301 316 sanctis,
1317 282 1364 317 qui
1387 287 1450 309 ante
1466 282 1598 314 obierant,
1613 290 1682 316 prae-

900 327 1044 359 dicavisse.
1071 328 1158 363 iisque
1181 328 1345 362 baptismum
1369 327 1526 358 contulisse,
1546 327 1606 354 sine
1626 335 1682 362 quo

900 372 970 400 bona
985 373 1092 400 illorum
1107 380 1188 408 opera
1202 373 1308 400 inutilia
1322 377 1400 400 erant
1415 372 1483 407 (58).
1504 371 1562 400 Hoc
1578 377 1679 404 tamen,

896 417 987 452 judice
999 417 1056 444 viro
1068 417 1302 452 perspicacissimo
1319 416 1385 451 (59),
1406 423 1460 443 non
1479 416 1513 444 de
1533 424 1614 451 aqua,
1632 417 1681 444 sed

897 462 931 490 de
946 462 1072 496 baptismi
1096 462 1182 497 gratia
1203 466 1246 489 est
1258 461 1463 496 accipiendum;
1481 461 1531 489 fuit
1544 463 1616 489 enim
1634 469 1682 489 ve-

897 513 985 536 terum
998 508 1178 543 complurium
1197 508 1300 543 opinio,
1315 507 1452 542 apostolos
1473 507 1588 535 mortuis
1610 515 1680 542 pra:-

896 554 1031 582 dicavisse
1046 554 1114 590 (60),
1129 554 1202 589 quod
1226 553 1254 581 S.
1270 553 1367 581 Petrus
1387 554 1410 569 ⁶¹
1427 553 1461 581 de
1480 552 1545 581 Jesu
1570 553 1680 582 Christo

895 600 1019 628 alllrmat.

929 646 973 674 Ait
984 651 1113 681 praeterea
1128 646 1308 675 revelationes
1319 650 1347 673 et
1357 646 1476 674 visiones
1488 653 1538 681 pro
1548 646 1661 673 dubitan
1670 660 1679 668 α

894 692 978 726 tibus,
993 697 1019 719 et
1032 693 1172 721 veritatem
1197 693 1247 721 sibi
1273 693 1436 720 traditarum
1462 692 1678 727 disquireutibus

891 744 954 765 esse
975 738 1009 765 ad
1033 738 1211 765 inﬁrmiorem
1238 745 1334 765 eorum
1358 737 1438 764 ﬁdem
1461 737 1677 764 confirmandam

894 783 967 819 (6|);
985 784 1116 811 mundum
1131 791 1195 811 vero
1209 790 1257 818 per
1284 783 1373 818 ignem
1397 787 1425 810 et
1439 783 1599 818 sanguinem
1618 789 1679 811 esse

892 829 1036 857 delendum
1049 829 1116 864 (62).

927 876 1085 904 Postremus
1099 876 1220 904 Pastoris
1246 876 1324 903 locus
1346 879 1499 903 memoratu
1516 875 1615 910 dignus
1631 883 1677 904 re-

64 932 87 950 v.
101 923 154 950 l4:
178 923 347 959 Ἑλυμῄνατο
368 923 451 958 αὐτὴν
474 922 523 954 σῦς
544 923 576 949 ὲκ
600 922 713 958 δρυμοῦ,
728 923 775 949 καὶ
793 931 838 958 μορ

898 925 973 959 spicit
988 924 1097 951 modum
1118 923 1276 951 secernendi
1294 923 1440 958 prophetas
1458 930 1538 950 veros
1552 931 1567 950 a
1589 923 1675 950 falsis.

64 970 113 1001 νὼς
122 969 215 1004 ἄγριος
226 969 431 1005 κατενεμὴσατο
443 969 536 1005 αὐτήν.
554 969 702 996 Dwastarit
711 977 769 996 eam
780 977 838 1004 aper

898 969 949 996 Hoc
969 973 998 996 ut
1019 969 1184 1002 obtineatur,
1201 973 1380 1003 utrorumque
1405 968 1459 995 vita
1484 975 1511 995 et
1533 975 1625 995 mores
1649 968 1676 995 in

64 1014 91 1041 de
115 1015 190 1048 silva,
210 1019 235 1042 et
258 1015 402 1050 singularis
426 1015 497 1050 rem
521 1015 644 1050 depastus
669 1019 707 1042 est
724 1023 782 1042 eam
796 1016 840 1047 η’,
891 1022 1004 1042 examen
1017 1019 1080 1042 sunt
1103 1014 1245 1042 revocandi
1256 1014 1324 1050 (63).
1343 1013 1423 1041 Verus
1437 1013 1562 1049 propheta
1577 1013 1623 1040 ille
1637 1019 1676 1040 est

63 1059 102 1086 cui
112 1059 217 1094 quidem
230 1059 395 1094 conjecturae
406 1064 547 1087 contextus
556 1060 645 1087 favere
653 1060 760 1088 videtur
771 1060 839 1096 (57).
859 1064 862 1067 ’
890 1061 936 1096 qui
949 1059 1053 1095 Spiritu
1063 1064 1154 1087 sancte
1169 1060 1281 1094 repletus
1296 1065 1352 1093 est;
1371 1063 1398 1086 at
1409 1059 1513 1086 divinus
1527 1059 1578 1086 iste
1589 1058 1677 1093 Spiri-

64 1103 194 1140 Siquidem
210 1105 284 1133 hanc
299 1105 411 1133 bestiam
423 1113 552 1140 pressurae
561 1111 754 1140 superuentura:
770 1107 839 1142 tlgu-
892 1111 933 1133 tus
945 1106 1047 1141 quietus
1064 1111 1113 1139 est,
1132 1105 1250 1139 humilis,
1265 1106 1360 1133 recedit
1380 1106 1412 1132 ab
1432 1106 1503 1132 omni
1517 1106 1636 1141 nequitia
1649 1109 1675 1132 et

63 1159 115 1179 ram
140 1159 198 1179 esse
226 1159 291 1179 mox
313 1151 413 1179 ibidem
436 1150 506 1187 stylo
520 1151 707 1187 apocalyptico
722 1152 842 1180 declarat
890 1151 1020 1179 desiderio
1031 1160 1097 1179 cano
1110 1152 1188 1186 hujus
1200 1151 1300 1184 iaculi,
1317 1152 1414 1178 nemini
1430 1152 1577 1186 respondet,
1592 1152 1676 1178 inter-

62 1196 177 1224 Hermas.
196 1196 232 1224 Ut
248 1197 364 1232 proinde
385 1204 447 1224 cum
472 1197 553 1232 paulo
576 1202 638 1225 ante
662 1198 809 1232 scripserit,
824 1205 840 1225 α
890 1202 1008 1233 rogatus,
1026 1206 1072 1225 nec
1084 1197 1195 1232 singulis
1216 1198 1371 1232 respondet;
1386 1205 1466 1232 neque
1485 1206 1544 1224 cum
1558 1197 1612 1225 vult
1625 1197 1675 1224 i10-

63 1243 169 1271 Domino
192 1251 278 1278 super
303 1243 417 1271 bestiam
442 1244 567 1278 angelum
595 1244 709 1272 missum
736 1244 839 1278 fuisse,
889 1244 954 1270 mini
967 1243 1085 1278 loquitur
1103 1242 1218 1278 Spiritus
1245 1242 1302 1276 Dei,
1318 1243 1362 1269 sed
1384 1247 1445 1269 tunc
1466 1242 1592 1277 loquitur,
1615 1251 1675 1269 cum

62 1289 139 1322 ipsius
155 1288 293 1316 sententia
306 1289 339 1316 de
362 1288 459 1323 angelo
470 1296 488 1315 a
507 1288 559 1316 Deo
574 1289 600 1316 in
614 1289 745 1316 auxilium
758 1289 840 1316 Chri-
889 1289 943 1316 vult
959 1289 1038 1316 Deus.
1054 1289 1120 1316 Cum
1133 1297 1194 1324 ergo
1214 1288 1346 1324 (loquitur
1360 1296 1466 1323 semper
1476 1288 1583 1323 Pastor)
1597 1297 1674 1316 cene-

62 1335 202 1362 stiauorum
229 1335 317 1362 misso
337 1335 372 1363 sit
397 1335 564 1369 accipienda,
581 1336 627 1369 qui
645 1342 692 1362 eos
714 1335 741 1362 in
762 1343 839 1370 pres-

62 1387 118 1408 sura
133 1385 342 1416 superventura,
356 1388 403 1408 seu
417 1380 575 1408 imminente
594 1380 781 1415 persecutione
795 1388 840 1408 so-

62 1426 153 1453 laretur
177 1431 260 1461 atque
297 1427 410 1454 foveret.
425 1426 466 1454 Cl.
485 1425 636 1453 Cotelerius
650 1425 712 1453 inde
731 1431 838 1453 enatam

61 1472 162 1505 conjicit
176 1479 272 1499 vocem
289 1471 400 1506 Hegrin,
412 1472 484 1507 quod
506 1472 533 1499 in
553 1471 659 1500 Hermze
675 1476 749 1499 textu
763 1479 839 1500 com-

62 1518 180 1551 pendiosa
199 1518 337 1553 scriptura
356 1523 475 1547 exstaret
490 1519 587 1555 ἐγρηγ,
603 1519 682 1554 cujus
696 1525 839 1554 postremae

889 1337 924 1363 rit
937 1336 1023 1369 homo,
1039 1336 1084 1371 qui
1095 1336 1172 1363 habet
1197 1335 1326 1370 Spiritum
1346 1335 1404 1368 Dei,
1421 1335 1449 1360 in
1466 1333 1610 1361 Ecclesium
1627 1334 1675 1369 ju-

889 1386 991 1409 uorum
1006 1382 1159 1409 habentium
1175 1383 1254 1417 ﬁdem
1278 1383 1337 1415 Dei,
1350 1388 1375 1411 et
1386 1384 1472 1410 oratio
1486 1383 1515 1417 ﬁt
1528 1383 1562 1409 ad
1579 1382 1674 1414 Deum,

889 1431 951 1454 tunc
980 1428 1088 1454 nuntius
1115 1433 1221 1455 sanctus
1249 1428 1401 1456 Divinitatis
1428 1428 1518 1463 implet
1545 1427 1675 1454 hominem

888 1470 964 1498 illum
984 1471 1086 1507 Spiritu
1113 1477 1221 1507 sancto,
1248 1478 1272 1499 et
1295 1472 1413 1508 loquitur
1436 1473 1463 1500 in
1493 1473 1584 1506 turba,
1606 1473 1674 1499 sicut

887 1517 944 1544 vult
956 1517 1036 1545 Deus.
1049 1518 1090 1544 Ad
1105 1519 1356 1554 pseudoprophetam
1376 1519 1444 1554 quod
1459 1523 1568 1554 spectat,
1584 1528 1600 1545 a
1618 1519 1674 1553 spi-

62 1561 147 1589 litterat
160 1562 293 1590 inferiore
315 1567 392 1598 parte
411 1571 509 1597 exesa,
526 1564 628 1599 putarit
650 1569 728 1592 vetus
752 1564 838 1592 inter--
850 1573 871 1602 ο
888 1563 942 1590 ritu
956 1569 1072 1590 movetur
1089 1564 1215 1597 terrestri,
1240 1572 1331 1598 uacuo,
1347 1565 1469 1592 virtutem
1485 1573 1535 1591 non
1554 1563 1671 1591 habente.

62 1615 115 1641 pres
127 1608 271 1644 legendum
282 1608 381 1644 ἑγρην;
398 1609 479 1644 hujus
488 1609 611 1637 lectionis
621 1609 676 1636 vim
690 1609 762 1637 haud
770 1616 838 1644 qua-

61 1661 133 1687 quam
156 1658 321 1688 assccutus,
351 1654 450 1682 litteris
467 1654 571 1682 Latinis
596 1663 690 1682 vocem
716 1655 838 1683 Graecam

62 1698 197 1727 reddiderit
218 1699 324 1735 Hegriu
350 1707 359 1727 :
382 1708 446 1728 cum
470 1705 558 1728 tamen
579 1701 722 1736 legendum
742 1701 839 1729 fuisset

62 1743 209 1780 ἐγρήγορος,
224 1753 260 1772 ac
279 1745 439 1772 vertendum
461 1745 535 1780 vigil,
555 1753 589 1772 ex
612 1745 731 1774 Dauielis
751 1746 838 1782 capite

62 1795 158 1822 quarto,
172 1791 218 1818 ubi
234 1791 399 1827 ὲγρηγύρου,
414 1799 461 1819 seu
478 1791 562 1826 uigilis
580 1791 733 1820 ministerio
750 1792 838 1829 Baby-

62 1834 132 1863 lonia:
143 1844 188 1864 rex
201 1838 235 1865 ad
253 1837 357 1866 bestias
379 1838 544 1866 amandatus
569 1838 666 1874 legitur
679 1848 686 1866 :
699 1846 754 1874 quo
768 1838 838 1866 forte

62 1883 216 1915 apostolicus
237 1884 358 1918 scriptor
382 1884 541 1919 respexerit.
567 1883 703 1912 Hactenus
718 1885 754 1912 cl.
776 1884 838 1912 Gal-

63 1926 158 1955 landius
170 1936 203 1956 ex
219 1928 341 1956 Nourrio
358 1934 438 1964 atque
453 1929 598 1957 Cotelerio.
613 1930 654 1958 Ad
666 1931 739 1959 hunc
753 1938 837 1959 vexa-
854 1942 856 1946 ν

63 1977 113 2000 tum
131 1973 235 2003 Hermae
258 1975 348 2003 locum
371 1976 524 2011 respexisse
541 1976 734 2013 Hieronymum
748 1977 767 2004 l.
784 1984 792 2004 1
807 1977 834 2005 in

65 2018 180 2048 Παῦσαι
195 2029 215 2054 ι,
232 2021 279 2054 14,
292 2022 430 2049 nonnullis
441 2022 541 2051 visum.
554 2022 629 2050 Licet
639 2023 685 2051 alii
699 2022 750 2051 viri
764 2023 837 2051 docti

65 2064 134 2092 aliter
148 2067 295 2094 senserint.

95 2109 168 2138 llisce
183 2112 311 2140 addimus
337 2112 404 2140 alias
420 2112 531 2148 insuper
553 2112 659 2141 Hermae
674 2114 814 2150 opiniones
827 2125 834 2143 :

91 2155 197 2186 "'Psal.
209 2166 306 2189 Lxx1x,
322 2157 365 2185 M.
404 2158 426 2174 θ’
444 2158 535 2186 lPetr.
552 2159 646 2193 111,19.

891 1608 1002 1636 Esaltat
1010 1617 1037 1636 se
1044 1614 1068 1636 et
1079 1611 1134 1636 vult
1140 1610 1252 1645 primam
1261 1610 1413 1637 cathedram
1421 1611 1514 1638 habere
1522 1617 1531 1636 :
1539 1610 1674 1645 improbus

889 1659 937 1688 est,
946 1655 1078 1688 verbosus,
1085 1655 1111 1681 in
1119 1655 1220 1682 deliciis
1236 1660 1414 1688 conversatur,
1424 1661 1448 1683 et
1460 1656 1487 1682 in
1496 1655 1673 1690 voluptatibus

889 1700 991 1733 multis,
999 1705 1023 1728 et
1031 1701 1172 1728 mercedem
1180 1702 1276 1737 accipit
1284 1702 1452 1730 divinationis
1458 1710 1512 1729 sum
1519 1701 1584 1737 (64).
1592 1701 1674 1729 Hisce

890 1746 1092 1774 characteribus
1104 1747 1160 1774 veri
1174 1754 1189 1774 a
1207 1747 1450 1782 pseudoprophetis
1470 1748 1670 1775 discernuntur.

956 1799 959 1801 λ
1155 1792 1353 1820 ARTICULUS
1371 1792 1404 1819 ll.

959 1844 1174 1866 OBSERVATIONES
1194 1846 1315 1867 IORALES
1333 1847 1367 1866 ET
1393 1846 1600 1866 DISCIPLINARES.

889 1884 903 1920 ς
918 1883 938 1912 Ι.
955 1884 993 1912 De
1004 1885 1167 1920 pmnitentia,
1182 1887 1311 1919 aratione,
1330 1886 1434 1920 jejunio
1449 1894 1480 1912 ac
1495 1886 1669 1920 eleemosyna.

923 1929 1071 1965 Postquam
1082 1930 1177 1958 Pastor
1186 1930 1312 1958 Hermam
1323 1932 1356 1958 de
1369 1931 1591 1958 tribulationibus
1600 1939 1670 1966 quas

889 1977 917 2005 in
931 1977 1013 2005 domo
1037 1984 1085 2005 sua
1106 1977 1268 2012 patiebatur,
1292 1983 1502 2012 conquerentem
1523 1977 1669 2011 erudissel,

889 2024 971 2052 hasce
993 2031 1089 2051 omnes
1116 2023 1279 2058 temporales
1309 2023 1477 2051 calamitates
1502 2023 1670 2051 consectaria

888 2076 949 2096 esse
962 2076 1024 2096 cum
1040 2069 1225 2104 propriorum,
1241 2073 1297 2096 tum
1316 2069 1467 2096 alienorum
1483 2073 1669 2104 peccatorum;

889 2115 976 2143 eidem
993 2115 1081 2142 ideam
1096 2122 1166 2143 vera;
1180 2114 1345 2150 poenitentiae
1359 2115 1497 2150 proponit,
1515 2119 1542 2143 et
1558 2115 1670 2151 quinam

95 2247 244 2287 (54)_l.l_em.
255 2248 274 2276 l.
292 2247 322 2280 1i.
333 2249 423 2287 mand.
434 2258 518 2287 v11,c.
529 2250 554 2287 l.
570 2250 697 2279 lncusaut
712 2252 835 2280 nonnulli
851 2275 873 2287 η
887 2252 922 2279 cl.
935 2252 1054 2285 Ceillier,
1070 2253 1143 2287 quod
1165 2252 1224 2279 sine
1240 2259 1322 2279 causa
1344 2251 1521 2287 damnaretur
1541 2249 1667 2283 Hermas,

63 2276 127 2321 haut:
138 2275 171 2311 'de
184 2275 258 2312 1.5.2.
269 2275 301 2311 'et
315 2275 519 2320 suauitas
531 2275 835 2321 ἰι“ρῆίῖηἶζιὶὶίέέῖὸ“ὲέἐιῖ
851 2275 873 2304 D
887 2275 922 2315 ΞΕ
938 2275 1322 2316 ξῐἓὶῖὶῖπόᾱιῖἱῖεέεῐέἓτόῐὲπΐ
1334 2275 1452 2321 ρὲῐίἱῦῆ
1463 2275 1590 2320 suis;
1599 2275 1670 2313 is}:

65 2318 166 2363 tentiam
176 2328 184 2352 ;
193 2326 253 2346 eam
268 2318 533 2363 trimenunqn'solum‘
546 2320 692 2363 Origenes"
698 2318 833 2363 [imm-£25,

64 2359 133 2389 {aper
149 2353 239 2387 Iosue,
249 2359 277 2389 et
292 2354 385 2381 homil.
396 2355 408 2382 l
421 2364 498 2389 super
510 2353 640 2383 Ezechiel.
645 2366 657 2388 ;
675 2356 705 2384 S.
718 2353 834 2385 Basilius

65 2385 190 2425 Sep.cap.
210 2385 240 2425 in
266 2388 366 2425 Isaiae;
383 2390 411 2417 S.
431 2385 565 2419 Maximus
580 2385 685 2419 centur.
699 2400 707 2419 1
723 2393 833 2425 charit.,

65 2429 85 2462 ti.
99 2422 146 2462 9i;
166 2424 193 2451 S.
209 2424 290 2462 Joan.
303 2424 503 2462 Chrysostom"
516 2426 590 2462 h(_)_m.
606 2434 646 2459 111,
661 2435 720 2462 sup.
734 2427 783 2462 Ep.
800 2422 834 2454 ad

65 2433 85 2448 ε.
99 2433 146 2456 tu;
166 2433 193 2451 δ.
209 2433 288 2451 anan.
303 2433 358 2451 ωη·
377 2433 503 2458 sostom.,
516 2433 590 2453 nom.
606 2434 646 2459 lll,
661 2435 720 2462 sup.
734 2433 783 2462 ttp.
800 2433 834 2454 ad

65 2456 240 2502 99315.8“
254 2459 337 2502 etum
408 2459 520 2502 Greeer-
537 2460 603 2502 Nysz
620 2461 647 2488 in
663 2462 834 2502 αοειειριψυε

64 2494 255 2530 νεεςειὶεείῑηυς
273 2494 321 2521 lib.
346 2493 383 2521 De
399 2493 579 2530 vita'jloysis
597 2501 680 2528 tenet,
699 2493 750 2524 ubi
770 2498 808 2524 ait
825 2507 832 2525 :

67 2525 135 2566 tulist
148 2536 282 2566 se1'n1_o_ex
296 2530 429 2563 majorum
449 2525 593 2558 traditione
613 2525 691 2559 fidem
708 2532 758 2559 sibi
774 2533 834 2560 vin-

65 2559 159 2596 dicans,
169 2564 218 2602 qui
228 2564 308 2602 dicit,
322 2559 497 2600 posteaquam
517 2571 614 2593 natura
627 2572 718 2594 nostra
732 2569 759 2594 in
772 2575 834 2602 pec-

66 2599 269 2636 catum_de(-i_dit,
285 2599 452 2636 Deumhunc
465 2608 558 2628 casum
573 2606 693 2629 nostrum
707 2610 755 2629 sua
771 2599 833 2636 pro-

65 2631 172 2659 Videntia
186 2634 302 2672 minime
314 2634 478 2666 destituisse.
491 2636 537 2663 sed
552 2637 676 2671 angelum
691 2645 724 2663 ex
741 2631 777 2663 iis'
786 2637 832 2672 qui

67 2672 179 2704 naturam
196 2669 319 2704 corporis
335 2675 471 2703 expertem
486 2671 572 2698 sortiti
589 2669 661 2704 Sunt,
677 2669 833 2700 adhibuisse

66 2701 95 2726 ad
109 2701 318 2738 uniuscujusque
340 2701 448 2731 tutelam
463 2706 534 2732 vitae.
553 2706 591 2733 Ex
610 2701 723 2733 adverso
742 2713 830 2735 autem

66 2740 159 2764 naturae
178 2744 363 2774 corruptorem
379 2741 435 2774 pali
448 2741 649 2768 machinatione
661 2745 754 2768 contra
771 2742 830 2774 niti,

67 2775 90 2812 ςι
100 2778 177 2812 pravo
188 2773 304 2812 quodam
319 2781 350 2801 ac
367 2773 490 2812 malclico
502 2776 623 2803 da'mone
638 2776 765 2810 adjuncto
778 2773 831 2803 hu;

77 2812 104 2848 us
118 2809 174 2834 vita:
186 2809 331 2848 perniciem
346 2810 453 2848 afferre.
472 2811 555 2848 Porro
574 2809 709 2848 hominem
730 2811 755 2838 in
774 2819 830 2848 a111-

99 2848 152 2880 rum
167 2843 254 2869 medio
266 2845 454 2880 constitutum,
471 2846 581 2873 alterius
596 2847 775 2880 propositum,
790 2847 831 2873 al-

65 2878 143 2915 terius
166 2879 304 2915 proposito
327 2881 493 2915 contrarium
515 2878 609 2915 suopte
627 2878 772 2908 momento
782 2890 824 2908 va-

68 2907 289 2942 lentius'red'dere.
311 2924 364 2940 ›-
384 2907 524 2951 Sapienter
546 2907 829 2951 igiturianimadvertit

906 2323 996 2350 nando
1012 2323 1124 2350 cuilibet
1144 2322 1247 2349 homini
1259 2326 1285 2349 et
1300 2322 1401 2349 bonum
1415 2321 1551 2355 angelum,
1568 2325 1595 2347 et
1611 2329 1670 2348 ma—

906 2330 996 2350 nanao
1012 2330 1124 2350 cuumet
1145 2330 1247 2349 nom1n1
1259 2330 1285 2349 et
1300 2330 1401 2349 nonum
1415 2330 1551 2355 angelum,
1568 2330 1595 2347 et
1611 2330 1669 2348 ma-

885 2330 952 2384 fum.
970 2357 1061 2385 Estius
1073 2365 1182 2392 quoque
1196 2364 1278 2391 super
1290 2356 1448 2391 Magistrum
1462 2355 1669 2392 sententiarum,

885 2392 932 2426 qui
957 2400 1034 2427 aeque
1054 2390 1117 2420 huic
1137 2390 1259 2427 opinioni
1283 2390 1455 2427 astipulatur,
1472 2390 1579 2427 asserit,
1597 2390 1670 2427 quod

884 2425 918 2455 ad
932 2425 1022 2454 minus
1036 2428 1092 2455 hare
1104 2425 1235 2454 sententia
1257 2432 1286 2454 ut
1295 2425 1442 2461 probabilis
1451 2425 1556 2461 admitti
1570 2426 1668 2459 possit.

931 2463 977 2496 55)
992 2461 1097 2490 Hermae
1112 2463 1201 2494 Past.,
1218 2462 1236 2489 l.
1252 2470 1271 2494 1,
1289 2460 1339 2489 vis.
1356 2469 1392 2492 ιν,
1407 2468 1432 2496 οῗ.
1445 2460 1472 2486 2.

993 2497 1019 2535 l_u
1035 2502 1165 2535 apparatu
1180 2497 1214 2535 ad
1230 2497 1299 2535 βίω,
1315 2496 1368 2535 PP.
1386 2501 1406 2535 _t.
1421 2495 1442 2527 l,
1459 2494 1545 2535 p165.

932 2530 976 2566 57)
990 2530 1173 2566 Quod—tamen
1191 2532 1266 2559 Fello
1282 2531 1440 2559 doctissimo
1455 2530 1547 2557 minus
1562 2530 1669 2558 videtur

883 2567 1093 2595 admittendum.

919 2602 976 2637 (58)
992 2602 1082 2629 Herm.
1097 2602 1186 2634 Past.,
1201 2601 1250 2629 lib.
1265 2609 1306 2634 111,
1320 2600 1402 2637 simil.
1419 2607 1459 2637 1x_,_
1474 2607 1550 2637 num.
1570 2600 1614 2637 l5.

919 2634 976 2672 (59)
993 2637 1090 2673 Fleury
1114 2643 1179 2664 tom.
1204 2637 1224 2669 l,
1249 2644 1309 2671 pag.
1334 2636 1397 2669 541,
1418 2635 1546 2662 editionis
1572 2634 1667 2671 Augu-

873 2677 978 2706 ,slanaz.

919 2707 975 2742 (60)
987 2707 1112 2735 Clemens
1127 2707 1271 2739 Alcxaud.,
1287 2707 1306 2733 l.
1325 2713 1343 2732 11
1357 2705 1469 2738 Strom.,
1480 2712 1506 2740 p.
1526 2705 1587 2738 679,
1602 2709 1629 2733 et
1646 2705 1665 2734 Ι.

881 2751 919 2775 v1,
934 2750 993 2777 pag.
1009 2742 1071 2769 638.

917 2750 1078 2812 (dif-"23$.
1094 2777 1182 2808 Past.,
1201 2777 1250 2803 vis.
1263 2785 1304 2812 111,
1318 2784 1342 2803 c.
1360 2776 1386 2803 4.

918 2810 973 2846 (6-2)
990 2812 1095 2839 Vision.
1121 2821 1157 2844 ιν,
1179 2821 1202 2840 c.
1225 2812 1242 2839 5
1259 2811 1391 2848 ξονον-ιρι
1411 2810 1535 2841 saeculum
1560 2810 1608 2840 hoc
1620 2817 1668 2848 per

882 2848 966 2882 ignem
980 2853 1004 2874 et
1019 2848 1172 2882 sanguinem
1188 2847 1314 2882 deperire.

918 2882 973 2915 (65)
989 2882 1106 2912 Maudut,
1122 2891 1158 2909 x1.

918 2917 973 2955 (154)
989 2917 1106 2946 Maudat.
1123 2926 1171 2951 x11,
1186 2926 1244 2954 cap.
1262 2919 1270 2946 l
1285 2923 1309 2946 el
1324 2916 1351 2946 ’ἐξ
