1920 3104
616 161 766 191 PASTUR.
786 177 821 183 —
842 162 1024 195 ΡΙὶΟαΞΜΙΑ.

1604 163 1657 192 810

46 228 95 252 sior
107 220 169 257 (7i),
181 219 249 247 sicut
269 219 386 253 homines
410 227 536 247 memores
567 219 748 254 injuriarum;
770 219 816 247 sed
833 222 854 251 Α
867 219 1005 247 constricti
1027 223 1089 246 sunt
1111 219 1184 246 circa
1202 219 1306 255 negotia
1327 228 1377 248 sua
1390 240 1398 252 ,
1416 225 1441 247 et
1463 228 1514 248 non
1538 222 1655 249 seruiunt

46 275 78 297 ut
88 269 214 295 immemor
229 267 391 301 injuriarum
403 287 410 299 ,
432 271 458 294 et
473 267 611 293 miseretur
625 267 742 302 ﬁgmenti
761 267 814 295 sui.

47 314 187 342 Peccatores
205 319 280 345 vero,
300 316 445 347 antequam
467 312 500 339 ad
518 311 602 339 Deum
617 312 749 339 accedam.
767 320 814 346 per

46 358 187 389 orationem,
199 364 247 384 cur
260 357 411 384 subducere
423 356 524 384 debent
540 357 575 384 ab
588 357 717 384 omnibus
729 357 814 389 vitiis,

47 413 95 440 quae
109 404 134 432 in
155 403 252 439 seipsis
276 403 476 436 adinveniunt,
500 407 528 431 et
545 402 654 430 sincero
669 403 763 430 animo
780 403 815 430 ad

46 450 116 478 Deum
137 449 250 483 reverti;
284 456 364 477 secus
393 453 464 476 esset
491 449 667 484 praesumptio
693 449 814 484 qualibet

46 497 109 524 venia
122 495 228 530 indigna
242 515 250 528 ,
265 499 423 530 exspectare
443 502 458 522 a
476 495 532 522 Deo
554 495 679 523 oﬂ'ectum
705 495 813 523 illarum

46 549 148 577 precum,
162 549 231 576 quas
244 541 289 569 his
303 548 357 568 non
369 541 517 576 praemissis
529 541 756 576 dispositionibus
770 541 811 569 fu-

45 589 141 615 dissent.
156 587 226 623 Ergo
240 587 353 623 puriﬁca
372 595 417 615 cor
432 592 540 614 tuum...
558 592 583 614 et
597 588 708 622 accipies
723 588 813 615 omnia

45 634 100 660 bona
110 655 118 667 ,
131 641 186 669 quae
198 635 301 668 petis...
316 635 361 670 qui
376 642 437 670 ergo
452 633 519 661 tales
534 642 586 660 non
601 639 662 661 sunt
675 655 683 667 ,
706 634 812 661 omnino

45 679 98 706 nihil
110 681 243 715 impetrant
256 687 348 707 eorum
360 700 367 713 ,
383 688 442 715 qum
457 684 560 714 petunt.
573 680 601 707 Si
618 680 758 715 contingat
771 680 812 707 ui-

44 727 171 754 hilominus
179 727 262 762 quod,
272 727 380 762 praeviis
389 726 470 754 etiam
482 726 562 754 bonis
573 726 811 762 dispositionibus,

44 781 87 800 non
101 774 261 808 accipiamus
277 774 435 809 petitionem
452 778 574 801 nostram
588 793 596 807 ,
614 773 741 801 dubitare
755 781 809 800 non

44 818 153 846 debemus
165 839 172 852 ,
189 818 238 846 sed
255 819 343 854 magis
358 819 499 854 magisque
515 826 594 846 orare
606 840 614 852 ,
630 823 657 847 et
674 819 764 846 nullas
777 819 811 846 de

43 863 87 891 Deo
97 864 255 900 ingeminare
270 865 406 899 querelas,
422 865 469 893 sed
481 865 569 892 solum
585 865 618 893 de
629 865 707 893 nobis
724 865 808 900 ipsis;

44 910 99 938 Deus
119 911 186 938 enim
212 919 320 947 semper
345 916 456 947 paratus
480 916 521 940 est
543 911 577 939 ad
601 913 807 947 impertiendam
825 908 846 937 Β

43 956 234 984 misericordiam
246 967 253 985 :
280 957 317 985 De
331 962 355 985 te
370 958 490 993 queraris
503 978 511 992 ,
533 966 586 985 non
600 958 632 986 de
645 958 701 986 Deo
713 978 721 991 ,
736 958 805 994 quod

42 1009 82 1028 non
93 1001 185 1030 dederit
199 1003 257 1031 tibi.
272 1002 312 1030 Ex
327 1003 402 1032 hisce
413 1004 561 1033 ediscimus
574 1005 629 1032 duo
642 1005 713 1032 inter
724 1009 806 1033 caete-

42 1054 74 1080 ra,
84 1055 137 1082 qua:
149 1056 223 1084 teque
238 1050 393 1078 necessaria
407 1054 488 1078 sunt:
503 1050 622 1085 primum
636 1055 688 1084 est,
705 1058 755 1079 nos
770 1051 806 1080 ob

41 1094 219 1122 multitudinem
233 1115 241 1129 ,
268 1100 296 1122 et
323 1096 513 1125 enormitatem
539 1096 621 1124 etiam
647 1102 806 1126 nostrorum

41 1144 192 1173 peccatorum
226 1141 369 1169 deﬂectere
400 1150 455 1169 non
484 1143 583 1170 debere
614 1143 650 1170 ab
673 1143 806 1172 orationis

41 1186 136 1219 Semita;
151 1187 312 1219 secundum,
329 1193 463 1222 oportere,
482 1189 640 1224 priusquam
655 1189 804 1224 quidquam

41 1238 52 1256 τι
65 1230 111 1258 Deo
121 1237 251 1266 petamus,
267 1233 404 1261 dimittere
428 1234 524 1262 saltem
550 1235 676 1262 adet-tum
693 1235 725 1262 ad
742 1243 806 1270 pec-

41 1281 126 1309 catum,
142 1282 168 1304 et
185 1279 217 1305 ad
235 1286 328 1306 veram
351 1280 539 1314 ptenitentiam
560 1281 744 1315 nosmetipsos
759 1282 806 1309 de-

40 1322 182 1351 terminare:
195 1324 218 1351 si
232 1324 291 1351 hac
306 1324 485 1360 negligantur,
504 1333 599 1353 omnes
623 1330 730 1354 nostras
745 1334 806 1361 pre-

40 1373 77 1394 ces
90 1375 174 1402 ranas,
189 1377 222 1397 ac
235 1369 296 1397 sine
311 1369 401 1398 fructu
415 1370 598 1405 experiemur,
612 1378 646 1398 ne
658 1370 724 1406 quid
737 1371 807 1398 ulte-

41 1412 87 1440 rius
97 1413 189 1442 dicam.

42 1475 54 1512 ἦ
69 1476 96 1504 II.
116 1478 150 1520 De
164 1480 255 1520 timore
274 1480 400 1520 Domini,
417 1482 530 1520 negotiis
551 1481 725 1520 sozcularibus
736 1503 743 1516 ,
758 1490 807 1517 pa-

106 1516 202 1549 tientia,
217 1516 370 1548 iracundia,
379 1517 510 1551 .tristitia,
525 1523 549 1544 et
565 1518 728 1552 impuritate.

69 1570 92 1597 In
105 1572 194 1606 primis
218 1574 353 1600 sententia
367 1578 408 1601 est
420 1573 560 1602 Pastoris:
587 1574 691 1601 Timent
714 1574 808 1601 Domi-
820 1589 842 1618 ο

41 1623 92 1642 num
103 1618 185 1645 omnia
199 1617 266 1645 bona
280 1619 429 1653 oper-aberis
446 1619 514 1655 (72).
533 1619 601 1656 Ergo
617 1628 663 1655 per
678 1621 803 1648 timorem

41 1659 131 1689 Domini
152 1663 241 1691 omnia
266 1671 414 1699 possumus
437 1673 519 1700 opera
533 1665 646 1700 justitia:
663 1673 803 1700 peragere.

41 1705 117 1735 Tradit
129 1708 235 1745 insuper
248 1731 255 1744 ,
270 1710 396 1738 timorem
409 1711 481 1739 hunc
494 1712 680 1740 necessarium
695 1719 756 1740 esse
770 1712 804 1739 ad

41 1754 148 1789 salutem,
165 1764 211 1791 per
228 1758 305 1784 illum
321 1765 373 1785 nos
390 1763 527 1793 reportare
543 1759 683 1786 victoriam
697 1759 730 1786 de
745 1759 805 1786 dia-

41 1800 91 1828 bolo
102 1808 126 1829 et
138 1803 286 1831 dominium
301 1812 382 1838 super
395 1803 469 1831 illum
484 1812 621 1835 exercere.
637 1806 700 1840 quia
715 1806 804 1839 reipsa

41 1854 107 1881 super
127 1856 215 1877 servos
241 1849 291 1877 Dei
317 1850 391 1877 nulla
415 1851 502 1879 virtus
526 1851 564 1878 illi
588 1852 678 1879 inest:
699 1851 804 1879 Timens

40 1893 96 1920 enim
110 1895 244 1923 Dominum
259 1896 438 1924 dontinaberis
453 1897 527 1924 illius
538 1918 546 1930 ,
563 1897 667 1925 scilicet
681 1897 781 1925 diaboli
795 1917 803 1930 ,

40 1940 90 1972 quia
110 1941 186 1969 virtus
208 1943 235 1970 in
251 1943 298 1970 illo
313 1943 388 1971 nulla
399 1948 448 1971 est.
462 1943 514 1970 Per
532 1944 605 1971 hunc
620 1944 747 1972 timorem
763 1943 804 1979 (ut

42 1991 86 2010 uno
99 1986 173 2013 verbo
186 1988 278 2015 omnia
294 1988 469 2023 complectar)
483 1996 499 2015 a
515 1993 625 2023 peccato
638 1988 803 2021 recedimus,

40 2027 152 2061 iustitiam
173 2040 351 2067 exercemus,
374 2039 400 2061 et
425 2035 467 2068 pie
489 2034 616 2062 vivimus.
633 2034 706 2062 Time
721 2035 805 2070 igitur

41 2073 120 2109 Deum,
130 2079 263 2108 concludit
274 2080 381 2113 Pastor,
394 2086 418 2108 et
433 2083 510 2108 vit-es.
524 2081 606 2109 Extra
618 2089 725 2109 omnem
739 2090 805 2109 con—

41 2123 181 2152 troversiam
203 2131 265 2160 est,
292 2135 446 2155 sermonem
472 2128 517 2155 hic
533 2128 626 2155 haberi
650 2128 684 2155 de
707 2128 805 2156 timore

41 2173 229 2206 superuaturali,
242 2173 275 2200 de
291 2173 337 2200 illo
352 2174 455 2201 scilicet
470 2174 566 2201 timore
579 2195 586 2208 ,
600 2181 680 2210 quem
697 2181 804 2208 semper

41 2213 123 2248 aliquis
142 2225 216 2246 arnor
230 2220 376 2247 comitatur
389 2228 396 2253 ;
420 2220 520 2255 quippe
532 2221 621 2255 agitur
635 2221 668 2247 de
684 2220 782 2247 timore
793 2240 801 2252 ,

40 2264 81 2292 0P9
91 2262 161 2296 cujus
173 2265 299 2293 mandata
314 2265 362 2293 Dei
374 2266 562 2299 observamus,
575 2271 602 2294 et
611 2266 725 2301 iustitiae
739 2274 805 2302 ope-
820 2263 842 2292 D

40 2303 102 2332 ribus
114 2307 281 2337 inhaeremus.

68 2360 160 2397 Duplici
182 2373 214 2393 ex
238 2366 327 2401 capite
350 2371 442 2395 monet
459 2366 575 2401 Pastor,
593 2375 609 2395 a
631 2367 801 2403 negotiorum

41 2410 208 2441 lemporalium
228 2413 403 2440 multitudine
419 2421 480 2441 esse
498 2414 690 2442 abstinendum
702 2434 709 2447 ,
727 2414 802 2441 inor-

41 2451 194 2492 dinatamque
216 2460 373 2487 eorumdem
401 2460 613 2488 sollicitudinem
631 2468 692 2488 esse
709 2460 803 2488 mode-

40 2500 146 2535 randam,
157 2504 219 2538 quia
229 2505 314 2532 multa
325 2506 432 2541 negotia
445 2510 568 2541 ageutes,
580 2507 664 2534 multa
677 2510 802 2541 peccant,

40 2548 107 2591 iique
121 2555 186 2582 aegre
203 2549 256 2577 Deo
272 2551 374 2578 servire
390 2555 517 2585 possunt.
536 2551 644 2579 Abstine
660 2557 694 2585 te,
715 2553 752 2579 ait
767 2552 802 2579 ad

41 2587 112 2624 illum,
124 2601 139 2620 α
150 2595 236 2623 multis
248 2597 369 2633 negotiis,
384 2603 408 2625 et
420 2597 488 2624 nihil
498 2598 630 2633 delinques
638 2606 648 2630 ;
657 2599 802 2633 quicunque

40 2635 95 2662 enim
111 2640 188 2668 multa
201 2645 304 2678 negotia
321 2649 420 2679 agunt,
440 2645 525 2672 multa
542 2645 718 2681 delinquunt;
738 2645 802 2680 quia

69 2752 117 2790 (Ξέ)
136 2754 222 2790 Herm.
237 2755 323 2789 Past.,
339 2757 358 2784 l.
373 2765 404 2790 11,
419 2757 540 2785 mandat.
558 2765 595 2784 lx.

69 2786 117 2824 (Ζὲ)
134 2789 213 2824 idem,
227 2790 245 2818 1.
261 2800 290 2824 11,
307 2786 404 2819 ιίιτιηᾱί
415 2800 463 2820 vn.

80 2821 118 2859 Ῐξι)
133 2821 212 2859 Idem,
227 2826 246 2853 l.
263 2821 304 2859 ui,
321 2827 403 2854 simil.
420 2835 457 2855 tv.

81 2856 118 2894 ΖΜ
136 2856 213 2894 idem,
231 2861 249 2888 l.
266 2856 307 2894 ut,
324 2862 466 2890 similitud.
480 2870 499 2890 1.

80 2891 117 2927 75)
132 2893 182 2922 Pro
204 2891 272 2932 agris
291 2891 362 2933 ergo,
379 2905 442 2933 quos
461 2905 544 2925 eruere
572 2897 715 2932 volueritis,
733 2897 801 2925 rodi-

867 265 921 294 Deo
937 265 1004 301 (73).

903 310 925 338 0
941 311 1004 340 l‘elix
1021 311 1163 339 hominum
1175 319 1191 338 a
1207 311 1311 338 mundo
1325 317 1529 347 scgregatorum
1547 312 1615 340 vita!
1632 313 1656 341 0

867 356 953 384 beatae
978 356 1141 384 solitudines
1173 357 1202 384 in
1229 357 1330 391 quibus
1352 358 1436 384 homo
1458 357 1577 392 perfecta
1608 359 1655 386 illa

866 403 1017 439 perfruitur
1029 404 1131 439 quiete.
1145 411 1198 439 qua
1214 403 1242 431 in
1253 402 1300 430 Dei
1314 403 1446 431 famulatu
1458 411 1487 431 se
1499 409 1617 438 exercet,
1627 410 1656 432 et

865 449 986 476 maximo
1013 453 1121 476 aeterna
1146 448 1243 476 salutis
1268 449 1378 484 negotio
1402 448 1475 476 serio
1504 448 1653 477 incumbit!

863 499 988 522 sanctum
1007 495 1060 522 hoc
1082 495 1180 526 otium,
1195 494 1327 529 quidquid
1353 494 1488 522 blaterent
1514 500 1653 523 curatores

864 541 969 573 saeculi,
984 542 1011 568 in
1025 541 1190 568 immensqu
1208 545 1319 575 superat
1333 541 1467 568 vanitates
1484 545 1511 568 et
1526 541 1643 576 ineptias

863 586 964 621 quibus
976 586 1142 613 detinentur.

897 631 1019 659 Alterum
1030 631 1173 663 motivum,
1183 630 1256 665 quod
1270 629 1346 657 aﬂ‘erl
1359 629 1466 664 Pastor,
1479 638 1529 658 cur
1540 631 1654 658 terrenis

862 676 945 704 rebus
973 676 1087 703 minime
1116 677 1196 703 nobis
1226 680 1298 703 esset
1325 676 1526 708 inhaerendum,
1552 676 1655 703 rationi

861 726 950 749 status
974 721 1062 748 nostri
1089 721 1226 748 innititur.
1241 719 1372 756 Principii
1396 721 1457 748 loco
1477 721 1550 748 enim
1565 722 1652 756 ponit,

861 775 912 794 nos
939 767 1076 794 civitatein
1100 772 1303 802 permanentem
1328 767 1373 795 hic
1395 775 1450 795 non
1475 767 1588 800 habere,
1605 767 1653 796 sed

860 813 941 841 aliam
959 812 1089 848 (futuram
1109 813 1223 848 scilicet)
1243 813 1321 840 nobis
1337 820 1399 841 esse
1434 812 1626 848 inquirendam
1643 821 1651 840 :

860 858 942 886 Scitis
964 867 1008 887 vos
1034 859 1141 887 Domini
1156 867 1256 891 servos,
1272 859 1371 894 inquit,
1389 859 1416 886 in
1439 859 1650 894 peregrinatione

859 906 979 932 morari?
996 905 1095 933 Ciuitas
1110 906 1179 933 enim
1191 910 1276 932 vestra
1284 905 1359 940 longe
1373 909 1411 931 est
1424 904 1456 931 ab
1472 904 1522 931 hac
1533 903 1650 933 civitate.

857 951 888 979 Si
915 960 975 987 ergo
1002 952 1077 979 scitis
1104 952 1239 979 ciuitatem
1264 958 1379 978 vestram
1394 951 1424 978 in
1436 959 1488 986 qua
1503 951 1652 978 habitaturi

857 998 936 1031 estis,
952 997 1015 1032 quid
1034 997 1076 1024 Itic
1088 997 1186 1024 auratis
1203 1005 1281 1032 agros
1302 1001 1326 1024 et
1341 997 1479 1032 apparatis
1492 997 1613 1024 lautitias
1626 1002 1651 1024 et

857 1045 971 1079 adi/icio
997 1049 1021 1071 et
1052 1043 1227 1071 habitationes
1252 1042 1449 1078 supervacuas?
1474 1042 1540 1071 Hm:
1570 1043 1651 1076 enim,

857 1090 934 1118 addit
951 1090 1073 1125 insuper,
1087 1090 1134 1126 qui
1146 1094 1284 1125 comparat
1299 1090 1327 1116 in
1346 1089 1395 1116 hac
1409 1089 1525 1122 civitate,
1539 1097 1591 1116 non
1606 1097 1653 1116 co-

856 1137 924 1172 gitat
948 1137 975 1163 in
1001 1144 1077 1163 suam
1108 1136 1241 1163 civitatem
1263 1135 1348 1163 redire
1361 1135 1430 1171 (74).
1449 1135 1577 1163 Doctrina
1592 1136 1652 1164 haec

857 1183 900 1217 pia
926 1189 958 1210 ac
987 1182 1113 1216 religiosa
1141 1185 1199 1215 est;
1223 1189 1319 1216 parum
1346 1186 1436 1208 autem
1457 1181 1560 1208 nostris
1575 1180 1652 1208 hisce

857 1228 954 1256 diebus
969 1228 1110 1262 probatur.
1133 1227 1263 1255 Pluribus
1283 1231 1376 1263 posset
1395 1227 1507 1261 insuper
1520 1226 1578 1254 hinc
1602 1227 1651 1253 do-

857 1275 945 1302 ctrina
971 1273 1072 1300 larvam
1090 1273 1245 1306 detrahere,
1260 1273 1308 1308 qui
1326 1273 1446 1301 maximo
1463 1276 1608 1300 versantur
1623 1271 1649 1298 in

856 1328 961 1353 errore,
972 1320 1036 1347 dum
1051 1319 1229 1354 slhitnetipsis
1245 1319 1409 1354 persuadere
1423 1323 1568 1351 conantur,
1581 1326 1647 1345 con-

857 1366 988 1394 ditionem
1013 1365 1133 1393 hominis
1156 1365 1280 1398 viatoris,
1304 1365 1421 1400 hospitis
1448 1369 1475 1392 et
1496 1364 1609 1397 exsulis,
1622 1363 1650 1391 in

857 1418 911 1446 qua
924 1411 1034 1446 proprie
1047 1411 1103 1438 veri
1127 1410 1277 1438 Christiani
1298 1410 1358 1437 idea
1380 1417 1413 1437 ac
1432 1409 1573 1437 character
1582 1417 1651 1437 con--

857 1456 939 1489 sistit,
955 1464 1017 1484 cum
1034 1455 1191 1484 conditione
1207 1456 1392 1491 hominis,qui
1409 1455 1528 1491 negotiis
1545 1455 1652 1483 incum-

859 1503 911 1536 bit,
927 1503 1112 1538 voluptatibus
1141 1502 1273 1538 indulget,
1287 1510 1320 1530 ac
1345 1502 1422 1529 ducit
1447 1502 1474 1529 in
1496 1502 1576 1529 benis
1592 1501 1651 1529 dies

858 1557 935 1582 suos,
948 1549 1029 1576 simul
1044 1556 1123 1583 posse
1138 1548 1279 1584 conjungi.

891 1592 1016 1620 Pastoris
1037 1592 1213 1620 ratiocinatio
1239 1596 1335 1619 contra
1356 1591 1437 1618 talem
1455 1589 1563 1617 vivendi
1589 1597 1652 1616 mo-

859 1639 925 1666 dum
940 1639 1034 1673 utique
1054 1638 1144 1665 ditl‘ert
1157 1642 1214 1665 toto
1232 1638 1302 1665 caelo
1320 1645 1334 1664 a
1351 1637 1530 1672 plurimorum
1548 1640 1650 1663 nostra:

856 1684 944 1712 aetatis
958 1683 1178 1711 Christianorum
1202 1691 1296 1716 sensu,
1309 1690 1435 1710 sermone
1455 1687 1483 1709 et
1502 1682 1590 1717 praxi,
1601 1681 1650 1709 sed

857 1738 913 1758 non
925 1730 987 1758 idco
1005 1730 1098 1757 minus
1113 1733 1198 1763 recta,
1216 1729 1308 1756 minus
1318 1728 1418 1762 valida,
1435 1728 1527 1756 minus
1537 1727 1650 1756 conciu-

855 1775 935 1803 dens.

892 1821 956 1848 Vult
970 1821 1052 1856 igitur
1067 1820 1180 1856 angelus
1193 1820 1244 1847 iste
1259 1819 1331 1854 quod
1345 1818 1493 1846 Christiani
1504 1826 1552 1853 pro
1562 1817 1647 1853 agt-is,

855 1875 925 1902 quos
943 1875 1034 1895 emere
1050 1867 1156 1898 volunt,
1175 1873 1225 1901 pro
1239 1865 1347 1900 palatiis
1370 1865 1563 1898 domibusque,
1579 1872 1649 1898 quas

855 1913 951 1940 volunt
976 1912 1124 1944 aediﬁcare,
1141 1919 1206 1939 suas
1225 1918 1291 1946 opes
1305 1911 1446 1938 insumunt
1460 1910 1487 1937 in
1503 1910 1649 1945 crogandis

855 1958 1046 1993 eleemosynis,
1061 1962 1088 1984 et
1108 1958 1134 1984 in
1159 1957 1248 1984 viduis
1267 1964 1299 1984 ac
1315 1956 1446 1992 orphanis
1471 1956 1649 1984 sublevandis

855 2005 883 2032 in
893 2005 944 2032 hos
955 2003 1114 2039 usus,juxta
1123 2003 1263 2031 Pastorem
1275 2002 1332 2038 (75)
1344 2010 1376 2030 ac
1388 2001 1534 2030 Veritatem
1547 2003 1647 2037 ipsam,

857 2050 1019 2085 temporalia
1034 2050 1105 2077 bona
1121 2048 1239 2083 impendi
1255 2049 1364 2076 debent.

891 2095 989 2123 Pastor
1012 2102 1094 2130 super
1119 2094 1288 2130 patientiam,
1312 2098 1339 2121 et
1366 2094 1464 2121 vitium
1491 2093 1648 2130 oppositum
1695 2125 1701 2130 _

855 2150 902 2170 cas
927 2142 1007 2170 nobis
1036 2141 1225 2169 communicat
1251 2140 1449 2173 institutiones,
1464 2143 1533 2175 quae
1549 2140 1647 2176 negligi

855 2188 1066 2223 haudquaquam
1093 2192 1217 2222 possunt.
1239 2186 1277 2213 De
1294 2186 1424 2221 patientia
1452 2186 1545 2218 tradit,
1573 2186 1648 2221 quod

856 2234 938 2261 homo
951 2242 998 2268 per
1013 2233 1171 2268 patientiam
1191 2233 1314 2260 omnium
1327 2240 1440 2267 operum
1457 2232 1648 2267 nequissimo-

855 2286 916 2307 rum
931 2281 1011 2307 etiam
1027 2279 1197 2312 dominatur,
1212 2279 1349 2310 videlicet,
1365 2279 1438 2313 quod
1454 2279 1488 2306 ab
1504 2278 1579 2306 hisce
1600 2286 1649 2313 pa-

855 2325 951 2354 tientia
968 2325 1106 2352 hominem
1125 2324 1234 2357 avertit,
1250 2324 1322 2359 quod
1350 2324 1485 2358 patientes
1500 2328 1651 2358 operantur

854 2378 962 2398 omnem
974 2370 1119 2405 justitiam,
1131 2369 1249 2404 Spiritus
1261 2374 1373 2396 sanctus
1388 2369 1415 2395 in
1428 2368 1494 2403 ipsis
1505 2368 1609 2395 habitat
1619 2367 1648 2398 in

855 2424 922 2453 pace
933 2424 1046 2451 magna;
1062 2416 1135 2451 quod
1149 2416 1236 2442 virtus
1249 2415 1307 2442 haec
1318 2418 1359 2441 est
1372 2415 1472 2447 valida,
1486 2418 1514 2441 et
1524 2413 1604 2441 fortis
1620 2419 1648 2444 et

856 2462 939 2489 habet
954 2462 1082 2488 virtutem
1107 2468 1247 2496 magnam,
1264 2464 1291 2487 et
1313 2460 1478 2488 honoriﬁcat
1500 2458 1648 2488 Dominum

858 2509 886 2536 in
911 2508 987 2535 omni
1015 2514 1153 2542 tempore;
1171 2515 1226 2535 uno
1242 2507 1342 2538 verbo.
1358 2506 1431 2541 quod
1448 2506 1494 2540 qui
1514 2513 1578 2534 vere
1600 2513 1649 2540 pa:

855 2554 954 2580 tieutes
969 2557 1045 2585 sunt,
1063 2552 1142 2581 facile
1160 2553 1308 2580 observant
1321 2552 1412 2579 omnia
1432 2551 1571 2578 mandata.

890 2600 946 2635 (76)
958 2600 1052 2633 Quoad
1068 2599 1237 2627 iracundiam
1250 2606 1313 2626 vero
1325 2598 1416 2632 docet,
1425 2598 1499 2632 quod
1512 2598 1570 2632 ipsa
1584 2596 1648 2632 Spi-

855 2646 938 2674 ritum
952 2650 1077 2674 sanctum
1089 2645 1260 2677 constristat,
1274 2649 1302 2672 et
1312 2644 1394 2672 corde
1408 2643 1530 2679 expellit,
1543 2643 1646 2673 malum

855 2757 919 2783 mite
938 2757 1040 2782 animus
1062 2755 1095 2782 de
1108 2752 1317 2787 necessitatibus,
1332 2757 1410 2788 prout
1421 2753 1530 2788 quisque
1544 2757 1645 2788 potest;

854 2797 879 2818 et
897 2791 990 2818 uiduus
1007 2790 1145 2820 absolvite.
1174 2789 1299 2824 orphanis
1320 2788 1442 2824 juditate
1451 2795 1461 2820 ;
1474 2793 1508 2815 er
1526 2796 1596 2822 ομιτ,
1614 2796 1645 2817 ω

854 2826 962 2853 divitias
991 2831 1091 2852 vestras
1117 2826 1145 2851 in
1164 2824 1316 2859 hujnsmodi
1349 2825 1471 2858 operibus
1488 2824 1645 2854 consumi“.

855 2860 938 2892 Idem,
958 2861 1017 2887 lotio
1034 2860 1080 2888 cit.

892 2896 948 2932 (76)
969 2895 1052 2929 Idem,
1066 2895 1111 2923 lib.
1133 2903 1162 2927 u,
1176 2895 1268 2924 mund.
1286 2903 1312 2928 v,
1329 2895 1409 2932 rapit.
1426 2894 1436 2922 l
1455 2899 1481 2922 ct
1494 2894 1522 2923 ‘2.
