1920 3104
1000 155 1030 184 S.
1048 155 1180 183 HERME

1845 154 1894 182 Μ

269 217 396 252 spiritum
416 216 445 243 in
469 216 590 243 animam
620 215 749 250 admittit,
770 221 927 244 nostrarum
943 223 1056 251 prewm
1071 217 1095 246 Α
1109 215 1212 242 nimam
1222 213 1304 241 etiam
1322 213 1491 248 voluptatum
1513 212 1669 241 illicitarum
1689 213 1838 241 horrorem
1851 222 1892 241 ειν

270 263 381 299 impedit
401 263 538 294 ell‘cctum.
554 262 673 290 furorem
691 263 774 298 parit.
787 267 814 290 et
826 263 969 290 innumera
984 263 1055 290 mala

269 309 405 345 producit.
432 308 517 335 Paulo
541 313 604 343 post
620 308 715 335 eadem
733 308 801 335 dicit
821 308 855 336 de
881 309 1003 341 tristitia,
1029 312 1057 336 et

269 356 341 382 inter
353 359 462 387 caetera,
478 355 551 388 quod
561 354 663 380 cruciat
676 353 806 388 Spiritum
822 360 976 381 sanctum...
989 355 1055 389 facit

268 401 438 428 iracundiam
466 400 589 434 spiritus.
618 400 664 426 Ait
685 400 792 427 tandem
820 409 827 426 ί
854 399 947 427 Oratio
969 401 1054 427 tristis

267 447 380 474 hominis
405 454 456 472 non
485 445 560 472 habet
581 446 714 479 uirtutem,
731 451 759 472 ut
780 445 905 473 ascendat
919 446 954 473 ad
969 446 1054 474 altare

268 493 317 520 Dei
334 492 402 527 (77).

303 537 375 565 Inter
395 538 484 572 plura,
498 545 559 572 quae
574 537 769 564 animadvertit
783 537 881 565 Pastor
893 542 990 565 contra
1003 538 1054 565 im‘

269 584 424 618 puritatem,
447 584 504 610 haec
526 583 698 618 potissimum
733 582 850 610 ﬁdelium
880 583 1054 611 aedilicationi

267 633 471 664 peropportuna
487 627 719 663 erunt.lmprimis
733 634 810 656 vocat
823 637 946 664 magnum
964 638 1053 664 pecca-

269 681 324 702 tum
345 682 452 701 omnem
473 675 664 709 cogitationem
683 674 714 701 de
728 675 813 701 aliena
832 676 1013 708 matrimonio,
1029 680 1053 703 et

265 721 299 747 de
326 720 502 755 fornicatione
514 719 581 754 (78).
596 719 697 746 Deinde
722 719 811 752 docet,
837 720 863 748 in
885 722 967 749 corde
985 729 1053 756 puro

266 765 457 800 cogitationem
481 766 616 799 impuram
641 765 794 793 inhabitare
808 766 880 793 haud
892 768 1051 802 posse(79);

267 810 338 845 quod
353 809 460 844 quidem
478 809 679 844 intelligendum
694 817 747 837 non
758 811 790 837 de
802 812 972 846 simplicibus
982 814 1054 848 cogi-

267 856 429 887 tationibus,
447 856 492 882 sed
514 856 547 882 de
567 856 630 888 illis,
643 864 712 890 quas
729 857 845 884 murales
862 858 977 893 theologi
995 867 1053 885 mo—

269 908 348 928 rosas
371 901 517 936 appellant,
535 901 592 928 sive
614 902 641 928 in
670 902 704 928 iis
725 901 900 935 delectemur,
917 903 974 930 sive
989 912 1053 931 non.

268 947 385 974 Medium
403 948 514 982 insuper
528 947 756 981 ellicacissimum,
772 957 826 983 quo
845 957 860 976 a
881 950 959 978 nobis
971 951 1056 979 malas

268 993 318 1019 has
333 993 511 1027 cogitationes
528 997 693 1025 avertamus,
705 1000 732 1020 et
744 1002 883 1029 nunquam
898 1002 1053 1030 peccemus,

264 1039 388 1072 assignat
405 1047 458 1065 non
480 1039 662 1066 intermissam
680 1038 728 1066 Dei
747 1041 906 1068 memoriam
920 1041 988 1077 (80).

305 1084 372 1111 Alibi
393 1084 600 1120 subjungit(8l)
623 1085 696 1112 aliud
722 1087 865 1121 motivum,
882 1095 937 1123 quo
951 1089 984 1117 ad
1002 1091 1053 1117 mi-

299 1192 358 1228 (77)
375 1191 467 1228 IIerm.
488 1192 574 1224 Past.,
593 1193 684 1220 mam].
703 1201 731 1226 π,
746 1202 805 1228 cap.
819 1195 846 1221 2.

303 1227 360 1261 (78)
374 1227 456 1259 Idem,
473 1228 491 1254 Ι.
506 1236 536 1259 ιι.
551 1229 671 1256 mandat.
689 1236 726 1261 IV,
746 1238 770 1256 ο.
781 1227 812 1256 ⁷1.

303 1262 360 1302 (χρ)
377 1261 488 1302 ltiti-em,
506 1264 565 1290 vide
581 1264 663 1291 ctiam
679 1264 698 1290 ι.
714 1272 733 1296 ι,
747 1265 852 1292 visione
867 1273 885 1298 I,
899 1273 959 1302 cap.
976 1267 1002 1294 I.

303 1297 359 1332 (80)
380 1297 491 1324 Ibidem.

1107 260 1234 292 citamur,
1261 266 1370 294 pinnam
1396 259 1499 294 peccati
1525 259 1630 286 scilicet
1643 266 1659 285 a
1672 258 1755 285 nobis
1777 259 1901 286 subeun.

1106 306 1181 337 dam,
1200 313 1262 340 quae
1280 304 1395 332 multum
1408 304 1515 332 excedit
1527 304 1699 331 dulcedinem
1713 304 1741 330 in
1754 310 1790 331 eo
1801 311 1891 338 ρετινετ

1106 352 1202 380 trando
1232 356 1396 386 perceptam.
1425 350 1579 377 Dulcedinis
1603 358 1656 377 una
1684 350 1763 383 hora,
1785 350 1823 377 ait
1842 350 1886 377 ille

1105 406 1153 424 suo
1165 398 1251 432 spatio
1266 397 1438 428 terminatur;
1459 405 1540 431 preme
1555 405 1615 423 vero
1630 405 1684 423 una
1701 396 1769 422 hora
1788 397 1895 430 triginta

1105 443 1207 470 dierum
1214 443 1264 469 vim
1273 442 1422 477 possidet...
1434 442 1492 469 uide
1498 443 1590 477 igitur,
1597 442 1750 474 concludit,
1758 442 1894 476 exiguam,

1104 496 1159 516 esse
1172 493 1271 523 tempus
1288 489 1428 515 nuntians
1441 487 1588 514 dulcedinis
1598 496 1629 514 ac
1641 487 1803 522 voluptatis;
1815 496 1896 522 pene

1104 542 1164 561 vero
1184 538 1424 569 tormentorumque
1439 533 1564 568 amplius.
1577 532 1671 568 Itaque
1691 541 1722 560 re
1739 533 1813 560 bene
1834 541 1894 568 per—

1104 587 1198 613 pensa,
1221 579 1244 606 si
1269 579 1450 614 nosmetipsos
1480 579 1666 614 diligeremus,
1692 579 1808 614 capitali
1833 579 1896 606 odio

1105 624 1266 652 haberemus
1281 632 1378 652 sensus
1396 624 1560 659 voluptates.

1145 680 1224 708 Circa
1253 680 1424 708 mendacium
1456 685 1484 708 et
1517 681 1745 708 obtrectationem
1782 681 1895 708 mandat

1103 725 1200 753 Pastor
1215 734 1249 753 ne
1273 726 1308 754 de
1339 726 1432 762 aliquo
1463 726 1535 754 male
1559 726 1718 760 loquamur,
1733 734 1787 754 nec
1803 727 1894 754 minus

1104 773 1225 808 rigorose
1239 773 1364 808 prohibet
1381 773 1476 800 audire
1495 773 1566 800 male
1581 773 1738 807 loquentes.
1757 775 1895 808 praecipue

1104 819 1126 845 si
1144 818 1170 846 id
1185 819 1231 846 ﬁat
1244 818 1394 846 deliberate
1415 823 1443 846 et
1456 819 1572 846 libenter
1585 818 1653 854 (8%).
1669 818 1754 846 Addit
1771 819 1894 855 insuper,

1106 864 1179 899 quod
1206 865 1334 892 detractio
1367 865 1402 892 sit
1427 865 1586 900 perniciosa,
1606 866 1764 892 inconstans
1796 867 1896 894 demo-

1108 911 1196 944 nium,
1210 919 1350 946 nunquam
1367 912 1394 938 in
1421 919 1487 947 pace
1503 912 1668 944 consistens,
1680 912 1730 939 sed
1745 920 1856 948 semper
1870 913 1895 940 in

1107 955 1252 984 discordiis
1276 964 1404 991 manens;
1418 961 1445 984 et
1464 966 1471 984 :
1492 957 1544 989 Qui
1563 959 1742 990 mentiuntur,
1770 958 1811 986 ait
1827 958 1894 993 ipse,

1105 1001 1234 1037 abnegant
1249 1002 1402 1037 Dominum,
1413 1011 1462 1030 non
1472 1003 1606 1031 recidentes
1620 1004 1645 1030 ei
1662 1005 1815 1038 depositum
1830 1005 1896 1040 quod

1105 1053 1278 1082 acceperunt;
1295 1053 1450 1084 acceperunt
1472 1050 1542 1076 enim
1565 1049 1694 1084 spiritum
1721 1050 1781 1078 sine
1793 1050 1895 1077 malls-

1104 1094 1145 1120 cio
1153 1093 1221 1129 (ss).

1150 1198 1204 1231 (8|)
1221 1198 1305 1231 Idem,
1321 1199 1405 1227 simil.
1423 1207 1498 1231 vnc.
1514 1201 1542 1227 5.

1147 1233 1204 1267 (82)
1224 1234 1307 1267 Idem,
1323 1235 1341 1261 l.
1360 1243 1391 1266 ιι.
1405 1236 1496 1262 mand.
1511 1244 1542 1262 ιι.

1150 1269 1206 1304 (85)
1225 1269 1308 1303 Idem,
1327 1270 1346 1297 l.
1363 1277 1393 1302 ιι,
1411 1271 1502 1297 mand.
1525 1278 1563 1298 ιιι,

267 1374 1884 1391 W

647 1445 1035 1537 SANCTI

1107 1449 1526 1536 ΗΕΒΜᾸΕ

858 1599 1257 1679 PASTOB.

254 1725 540 1759 ⁴(ὒΔι.ι,Αιςι›,,]¹ειει-ιιηι
553 1721 855 1759 PatiamnBioliothecaLt.
866 1723 887 1752 l,
898 1722 992 1759 Venet._
1003 1721 1177 1759 I765,Iin-fol.,
1193 1731 1218 1755 p.
1233 1724 1270 1759 5t).
1284 1738 1313 1742 —-
1329 1724 1356 1748 In
1369 1725 1443 1759 notis.
1461 1723 1545 1759 Asan;
1552 1724 1667 1759 denotat
1677 1732 1740 1759 ms_s.
1757 1725 1899 1759 Anglii-anns

302 1757 321 1781 B
332 1759 358 1780 et
371 1756 387 1780 L
398 1754 503 1788 (Rapta,
515 1763 562 1780 ms.
573 1754 807 1788 bibl._‘B_odl_eianaa;_
818 1754 908 1788 (ἰλιιιι,Ξ
918 1761 964 1778 ms.
976 1754 1169 1788 ila_r_melitarum_
1186 1754 1385 1788 elcalceatorum
1396 1755 1508 1788 suburbil
1528 1755 1691 1788 Parisiettsis;
1706 1754 1813 1788 Genu:
1822 1765 1865 1783 ms.
1876 1759 1897 1782 3.

304 1784 418 1812 Germani
430 1794 436 1816 ;
454 1784 542 1817 Lnim,
555 1793 602 1811 ms.
616 1784 776 1810 bibliotheca;
797 1784 973 1810 Lambetbame
984 1791 991 1814 ;
1003 1784 1133 1814 Vtc'r.,ms.
1154 1785 1180 1810 S.
1202 1786 1315 1811 Victoris.
1326 1800 1357 1804 —
1369 1786 1480 1818 Capitutn
1500 1787 1616 1812 lemmata
1625 1784 1723 1813 absunt
1733 1795 1748 1813 a
1761 1784 1834 1814 codd.
1847 1796 1897 1815 Inst.

299 1817 450 1849 Gallicanis.)

789 1937 1024 2001 LIBER
1068 1936 1364 2003 PRIMUS

952 2059 998 2083 QUI
1017 2059 1187 2080 ιιιεειιιιιιτυιι

901 2128 1256 2188 VISIONES.

997 2276 1108 2308 VISIO
1129 2278 1153 2308 I.

345 2334 464 2367 Contra
479 2340 586 2375 turpes
612 2340 640 2368 et
654 2335 752 2368 elatas
768 2337 986 2377 cogitationes,
1004 2343 1032 2370 et
1053 2339 1259 2380 negligentem
1272 2343 1392 2374 Herma'
1412 2343 1551 2383 ﬁliorum
1573 2346 1831 2386 castigationem.

936 2402 1054 2431 CAPUT
1073 2404 1219 2433 PRIMUM.

304 2458 355 2492 Qui
380 2460 549 2488 enutrivcrat
570 2467 624 2494 me,
639 2461 760 2488 vendidit
771 2461 918 2496 quamdam
942 2463 1058 2497 puellam
1078 2462 1181 2491 Romae.
1208 2463 1274 2492 Post
1297 2465 1398 2493 multos
1418 2469 1508 2492 autem
1532 2473 1621 2493 annos
1644 2465 1718 2494 hanc
1743 2467 1832 2494 visam
1852 2473 1895 2501 ego

267 2508 431 2542 recognovi;
446 2512 473 2535 et
484 2508 553 2543 εωρὶ
567 2516 626 2536 eam
643 2508 754 2544 diligere
768 2513 798 2536 ut
822 2517 955 2537 sororem.
980 2510 1082 2538 Exacto
1107 2516 1196 2539 autem
1222 2517 1343 2547 tempore
1361 2514 1455 2548 aliquo
1467 2513 1523 2549 (84)
1536 2534 1543 2546 ,
1561 2513 1647 2540 lavari
1666 2521 1728 2541 eam
1746 2514 1774 2541 in
1793 2513 1895 2540 ﬂumine

266 2550 359 2580 Tiberi
371 2553 425 2581 vidi
439 2563 446 2587 ;
461 2560 487 2582 et
510 2555 617 2589 porrexi
631 2555 655 2582 ei
669 2563 790 2588 manum,
804 2559 830 2582 et
841 2556 921 2582 eduxi
935 2564 994 2583 eam
1013 2564 1027 2584 e
1051 2556 1171 2585 ﬂumine.
1186 2557 1306 2594 Visaque
1319 2567 1362 2592 ea,
1379 2559 1530 2594 cogitabam
1544 2559 1572 2586 in
1594 2559 1678 2587 corde
1696 2567 1770 2592 meo,
1787 2560 1893 2587 dicens:

265 2596 341 2625 Felix
356 2608 455 2634 essem,
479 2602 503 2629 si
529 2602 610 2629 talem
632 2609 744 2629 uxorem
771 2607 798 2630 et
814 2602 904 2637 specie
917 2607 944 2630 ct
962 2604 1084 2631 moribus
1108 2605 1220 2632 sortitus
1249 2613 1349 2633 essem.
1373 2605 1430 2633 [Ioc
1457 2606 1563 2639 solum,
1578 2613 1629 2633 nec
1651 2606 1726 2633 ultra
1750 2606 1894 2641 quidquam

263 2646 381 2682 rogitavi
398 2649 464 2684 (85).
488 2650 554 2678 Post
577 2655 683 2686 tempus
705 2655 795 2678 autem
812 2650 921 2686 aliquod
935 2659 997 2679 cum
1022 2651 1055 2679 iis
1070 2653 1280 2688 cogitationibus
1295 2654 1480 2688 proﬁciscens,
1502 2653 1723 2682 bonoriﬁcabam
1743 2659 1893 2681 creaturam

815 2709 934 2736 VARIAS
954 2709 1148 2740 LECTIONES
1168 2712 1211 2739 ET
1231 2712 1346 2740 NOTAE.

259 2753 261 2755 ’
375 2751 441 2792 Mss.
453 2752 529 2792 I}od_l.
543 2759 569 2782 et
582 2754 678 2792 Lamb.
691 2755 755 2792 Post
772 2760 871 2792 tempus
885 2756 1002 2792 aliquod.

301 2787 357 2819 (85)
376 2787 440 2815 Mss.
457 2790 484 2816 S.
501 2789 605 2822 Gcrm.,
616 2791 722 2822 Carm.,
733 2791 810 2818 Bodl.
824 2787 850 2819 et
861 2787 955 2819 Lamb.
974 2792 1049 2819 Visa-

262 2829 314 2881 ἳιιε
329 2830 361 2848 ea
374 2823 431 2863 dimi
444 2831 453 2850 :
470 2824 546 2851 Felix
560 2833 653 2858 essent,
669 2826 693 2853 si
705 2826 786 2854 talem
798 2834 907 2853 uxorem
923 2827 1053 2854 haberem.

283 2861 301 2881 λ
323 2865 435 2881 speciem
450 2867 509 2881 Itum
523 2860 644 2881 "illigans.
680 2861 828 2881 rnnitnhnm
844 2863 870 2881 in
893 2863 970 2881 rnrdn
999 2871 1053 2881 num

283 2858 301 2882 λ
323 2858 435 2891 speciem
450 2867 510 2886 eum
523 2860 656 2892 vidissent.
680 2861 828 2896 cogitabam
844 2863 871 2889 in
893 2863 970 2890 corde
998 2871 1054 2890 meo

1104 2759 1193 2786 dicens
1207 2768 1216 2786 :
1244 2760 1322 2788 Felix
1336 2769 1429 2793 essent,
1454 2761 1477 2788 si
1504 2761 1584 2787 talem
1599 2768 1713 2787 uxorem
1736 2759 1855 2786 haberem
1871 2764 1891 2784 et

1103 2796 1188 2829 specie
1204 2800 1228 2822 et
1246 2796 1373 2824 moribus.
1399 2796 1456 2824 Hoc
1482 2796 1568 2824 solum
1591 2795 1710 2831 cogit'wi
1726 2816 1734 2830 ,
1761 2803 1807 2822 nec
1829 2794 1891 2821 lim

1108 2830 1210 2867 aliquid
1224 2832 1348 2867 cogitavi.
