1920 3104
36 161 81 190 893
578 167 723 196 PASTOR.
737 186 771 192 -—

850 193 854 199 .
872 172 892 205 Ι,
915 172 1003 202 VISIO
1022 173 1042 201 Ι.
1585 175 1637 204 894

37 217 76 246 Dei
88 217 151 267 (96),
166 218 293 253 cogitans
305 226 389 255 quam
403 221 548 256 magnitica
565 227 593 250 et
606 224 719 259 pulchra
739 227 784 254 sit.
802 226 835 254 Et
849 228 914 256 dum
934 230 1128 264 ambulassem,
1143 224 1305 258 obdormivi.
1316 231 1350 258 Et
1363 231 1476 267 spiritus
1491 239 1534 259 me
1547 234 1638 267 rapuit

35 270 58 292 et
69 265 124 293 tulit
139 273 182 293 me
200 273 251 301 per
263 267 408 302 quemdam
422 268 512 297 locum
527 271 560 298 ad
572 272 724 306 dexteram,
738 282 786 309 per
799 283 879 310 quem
892 284 947 304 non
963 282 1070 312 poterat
1088 279 1171 306 homo
1201 279 1252 306 iter
1265 278 1364 307 facere.
1378 265 1443 307 Erat
1458 285 1547 307 autem
1562 265 1638 307 locus

36 315 72 341 ille
82 315 106 341 in
119 315 242 350 rupibus,
253 320 280 343 et
296 317 426 351 abruptus
442 317 509 352 (87),
524 323 552 345 et
565 319 655 348 invius
673 322 707 348 ab
721 323 810 357 aquis.
833 324 958 360 Cumque
973 326 1133 354 transissem
1150 326 1240 354 locum
1257 326 1344 358 illum,
1359 327 1419 353 veni
1438 326 1471 353 ad
1486 327 1636 360 planitiem,

35 360 175 408 etgenibuﬁs
197 361 297 395 positis
312 362 381 397 coepi
396 371 475 392 orare
487 365 642 401 Dominum,
659 373 686 396 et
701 370 823 398 conﬁteri
839 377 950 406 peccata
968 380 1038 400 mea.
1053 372 1086 400 Et
1100 377 1196 400 orante
1208 380 1266 406 me,
1282 377 1404 408 apertum
1418 377 1460 400 cst
1478 373 1595 404 cmlum;
1611 377 1638 401 et

35 406 99 454 video
111 407 252 454 mulierem
268 416 351 443 quam
369 411 589 446 concupiveram,
614 415 777 445 salutantem
795 426 839 445 me
852 419 885 446 de
902 420 982 452 coelo,
995 425 1022 447 et
1039 420 1172 448 dicentem
1186 430 1192 447 :
1211 406 1320 454 Hei-ma,
1335 427 1394 447 ave.
1409 420 1442 447 Et
1456 427 1506 454 ego
1527 419 1636 454 prospi-

34 451 96 479 ciens
111 452 194 485 illam,
209 453 273 481 dico
291 454 316 481 ei
331 454 387 490 (88)
401 464 409 482 :
426 455 552 491 Domina,
567 459 633 494 quid
646 464 675 488 tu
691 461 735 489 hic
754 462 843 490 iacis?
860 463 894 491 At
910 464 955 491 illa
971 465 1112 500 respondit
1126 465 1193 492 mihi
1209 474 1215 493 :
1233 451 1349 500 Recepta
1370 472 1430 492 sum
1443 451 1500 499 (89)
1514 451 1567 491 hinc
1579 451 1636 498 (90)

34 504 57 526 ιιι
68 505 169 534 peccata
181 505 228 528 tua
245 509 358 537 arguam
372 503 444 537 apud
467 503 622 533 Dominum.
642 507 767 541 Domina,
799 511 921 546 inquam,
949 519 1014 539 num
1043 517 1070 539 tu
1092 519 1136 540 me
1156 512 1273 548 argues?
1290 509 1368 542 Non,
1389 510 1487 544 inquit.
1507 508 1559 536 Sed
1573 507 1637 535 audi

34 548 111 581 verba,
127 555 186 583 quae
203 549 254 576 tibi
279 550 384 578 dictura
396 559 456 579 sum
475 553 542 588 (9i).
561 553 634 583 Deus
650 557 697 591 qui
715 557 742 584 in
760 559 837 587 caelis
854 560 969 594 habitat.
987 565 1014 588 et
1030 561 1152 588 condidit
1167 568 1200 588 ex
1217 560 1303 587 nihilo
1320 567 1350 587 ea
1369 567 1429 593 quae
1442 562 1506 585 sunt
1521 558 1590 592 (92),
1608 561 1636 584 et

33 596 207 630 multiplicavit
231 602 343 632 propter
358 603 481 627 sanctam
506 600 656 630 Ecclesiam
678 604 767 638 su'am,
786 606 913 636 irascitur
928 608 976 635 tibi
989 609 1118 644 quoniam
1134 609 1251 644 peccasti
1270 609 1295 636 in
1314 615 1366 634 me.
1380 605 1558 641 Respondens
1575 605 1636 631 dico

31 643 53 670 ei
64 653 70 670 :
83 642 200 691 Domina,
219 645 243 672 si
257 646 284 672 in
302 650 328 673 te
341 653 392 681 ego
407 648 528 682 peccavi,
546 649 592 677 ubi
606 671 614 684 ,
631 656 678 679 aut
703 660 759 688 quo
776 653 804 681 in
821 654 882 682 loco
893 677 899 689 ,
917 660 965 684 aut
981 642 1091 691 quando
1108 642 1157 683 tibi
1174 661 1252 691 turpe
1268 655 1381 682 verbum
1399 652 1510 687 aliquod
1528 651 1636 678 loculus

32 689 100 715 sum?
113 689 208 739 Nonne
224 698 334 726 semper
351 697 377 720 te
393 695 472 729 quasi
488 696 629 725 dominam
641 698 789 729 arbitratus
810 709 871 730 sum
886 703 942 739 (95)
956 704 967 730 ’ἶ
985 689 1081 732 Nonne
1097 711 1203 739 semper
1220 689 1250 731 te
1269 703 1402 730 reveritus
1419 707 1480 727 sum
1497 698 1571 726 velut
1588 705 1635 725 so-

33 738 129 765 rorem!
146 738 216 772 Quid
234 740 262 768 in
281 749 325 769 me
341 744 557 774 comminisccris
571 747 628 783 (94)
644 748 702 777 haec
724 754 780 778 tam
798 752 938 780 nefanda?
954 753 1031 781 Tunc
1047 753 1092 781 illa
1116 738 1240 781 arridens
1257 752 1334 785 mihi,
1357 751 1394 777 ait
1409 759 1416 776 :
1430 748 1459 775 ln
1481 747 1564 776 corde
1587 750 1635 772 tuo

32 785 136 838 Ilscfodit
150 788 371 838 cencupiscentia
387 793 525 828 nequitiae.
556 794 653 823 Annon
673 797 730 833 (95)
745 799 852 828 videtur
864 801 924 835 tibi,
942 802 1001 830 viro
1014 802 1090 838 justo
1105 810 1162 830 rem
1181 802 1303 837 iniquam
1321 799 1377 835 (96)
1394 805 1455 825 esse
1466 818 1473 830 ,
1495 796 1518 823 si
1535 802 1633 822 ascen-

30 830 89 885 derit
101 832 127 859 in
144 835 229 885 corde
250 835 309 871 (97)
324 838 393 865 mala
416 840 657 875 concupiscentia?
677 830 828 874 Peccatum
852 853 895 875 est
918 830 943 876 ei
956 870 963 882 ,
981 830 1134 885 et'quidem
1152 830 1264 885 grande.
1283 830 1378 876 Justus
1401 845 1474 873 enim
1494 844 1535 871 vir
1558 843 1632 877 justa

31 879 129 930 imitat.
137 880 281 930 Cogitante
297 891 361 930 ergo
378 885 424 913 illo
436 895 497 921 qua:
510 888 584 923 justa
601 893 676 923 sunt,
695 895 722 918 et
735 896 809 920 recte
821 901 854 920 eo
872 879 1073 928 incedente,.in
1089 879 1167 923 coeli;
1187 896 1334 930 propitium
1354 893 1465 921 habebit
1486 890 1631 918 Dominum

31 926 52 949 in
63 926 130 951 omni
146 926 256 960 negotio
269 935 330 955 suo.
344 928 396 962 Qui
408 935 498 959 autem
511 933 627 961 nefanda
641 935 761 970 cogitant
774 937 801 963 in
814 938 941 966 cordibus
956 926 1027 973 suis,
1037 944 1152 968 mortem
1165 926 1194 968 ei
1202 926 1383 976 captivitatem
1396 941 1541 965 assumunt
1556 935 1630 969 (98);

31 974 133 1002 maxime
148 975 166 1003 ii
184 978 231 1011 qui
251 980 382 1008 saeculum
398 982 449 1010 hoc
466 983 593 1020 diligunt,
610 990 638 1013 et
653 986 807 1022 gloriantur
819 987 848 1014 in
864 987 966 1014 divitiis
980 987 1057 1020 suis;
1071 991 1098 1014 et
1114 987 1161 1022 qui
1179 974 1411 1021 noniexspeclant
1428 984 1521 1011 futura
1537 983 1607 1010 bona
1621 1001 1630 1013 ο

31 1024 164 1048 "cum"?
177 1022 236 1057 (99)
253 1025 352 1053 animat
369 1034 476 1056 eorum.
494 1029 557 1058 Hmc
573 1037 665 1059 autem
683 1031 786 1059 faciunt
804 1031 879 1059 dubii
894 1031 979 1068 (100),
997 1033 1044 1068 qui
1067 1040 1120 1059 non
1139 1032 1239 1060 habent
1258 1039 1334 1067 spem
1352 1031 1379 1058 in
1396 1029 1512 1057 Domino
1531 1028 1585 1062 (l),
1604 1032 1631 1054 et

29 1070 189 1096 contemnunt
201 1074 228 1097 et
245 1072 385 1107 negligunt
397 1074 481 1102 vitam
499 1083 587 1104 suam.
608 1076 661 1105 Sed
677 1081 717 1112 tu,
729 1085 778 1105 ora

850 1077 983 1104 )ominum
998 1086 1005 1111 ;
1018 1081 1045 1104 et
1062 1077 1169 1104 sanabit
1181 1081 1290 1112 peccata
1303 1081 1360 1107 tua.
1378 1074 1516 1109 totiusque
1532 1073 1630 1099 domus

28 1113 71 1138 tuae
84 1116 109 1139 et
123 1114 245 1142 omnium
263 1122 434 1146 sanctorum.

741 1179 856 1208 CAPUT
873 1179 906 1208 ll.

56 1237 193 1291 Postquam
211 1246 304 1271 autem
323 1244 412 1276 locuta
429 1255 471 1277 est
487 1250 571 1278 verba
594 1251 663 1286 haec,
680 1253 767 1281 clausi
784 1259 849 1282 sunt
865 1255 938 1283 cceli.
956 1254 989 1282 Et
1011 1263 1061 1291 ego
1079 1260 1153 1283 totus
1169 1262 1243 1282 eram
1261 1254 1288 1281 in
1306 1258 1424 1280 mmrol‘e
1440 1255 1467 1277 el
1489 1245 1560 1277 me!“
1574 1271 1581 1282 ν
1601 1253 1629 1276 ει

28 1285 134 1315 dicebam
150 1289 220 1317 intra
238 1299 306 1319 me:
336 1292 365 1320 Si
383 1294 435 1321 hoc
466 1295 533 1323 mihi
566 1302 708 1332 peccatum
731 1299 894 1333 ascribitur,
911 1285 1050 1335 quomodo
1077 1305 1171 1335 potero
1200 1300 1292 1327 salvus
1316 1297 1397 1325 esset
1413 1296 1467 1323 Aut
1491 1295 1629 1331 quomodo

29 1335 134 1381 exorabo
156 1336 306 1366 Dominum
329 1347 379 1375 pro
403 1343 522 1376 peccatis
539 1344 610 1371 meis
635 1345 899 1374 abundantissimis?
921 1346 1027 1380 Quibus
1049 1347 1087 1381 (2)
1105 1347 1195 1374 verbis
1213 1346 1313 1381 rogabo
1330 1345 1475 1372 Dominum
1488 1366 1495 1378 ,
1515 1349 1542 1371 ut
1562 1345 1628 1371 mihi

28 1380 144 1414 propitius
165 1383 223 1410 sit?
240 1383 305 1411 Haec
321 1393 365 1412 me
383 1387 550 1422 recogitante
570 1394 598 1416 et
619 1390 791 1418 discernente
808 1392 835 1419 in
852 1392 934 1420 corde
951 1400 1030 1426 meo;
1059 1392 1137 1420 video
1153 1380 1255 1419 contra,
1266 1398 1309 1419 me
1325 1390 1484 1419 cathedram
1501 1390 1534 1418 de
1552 1390 1623 1418 lanis

29 1427 145 1462 candidis,
164 1431 236 1459 sicut
253 1432 312 1464 nix.
328 1433 429 1461 iactam
447 1442 585 1471 magnam.
603 1436 637 1464 Et
654 1438 728 1465 venit
741 1438 839 1466 mulier
856 1447 925 1468 anus
938 1440 978 1475 (5)
996 1440 1023 1467 in
1042 1444 1117 1468 veste
1140 1439 1280 1475 splendida
1293 1439 1343 1474 (4),
1362 1439 1466 1466 habens
1483 1439 1581 1466 librum
1600 1438 1626 1465 in

29 1482 116 1510 manu;
134 1481 160 1505 et
177 1479 249 1507 sedit
266 1481 335 1514 sola,
353 1486 380 1509 et
396 1483 525 1511 salutavit
542 1492 585 1511 me
599 1493 606 1511 :
624 1484 723 1513 Herma
734 1507 742 1519 ,
760 1494 819 1515 ave.
835 1487 869 1515 Et
885 1495 935 1522 ego
953 1493 1069 1516 moestus
1082 1493 1109 1516 et
1125 1488 1248 1523 plorans,
1266 1486 1323 1514 dixi
1338 1495 1344 1513 :
1363 1485 1478 1513 Domina
1492 1507 1499 1518 ,
1518 1493 1577 1513 ave.
1595 1484 1628 1512 Et

30 1522 66 1571 illa
80 1525 142 1553 dixit
158 1527 225 1555 mihi
242 1537 249 1556 ;
269 1528 339 1562 Quid
357 1536 472 1559 mmstus
488 1540 518 1559 es
531 1553 538 1565 ,
556 1532 656 1561 Herma
670 1555 677 1567 ,
695 1535 741 1570 qui
758 1543 820 1563 eras
837 1536 959 1571 patiens,
977 1541 1005 1564 et
1021 1522 1162 1565 modestus
1174 1558 1182 1570 ,
1200 1541 1227 1564 et
1248 1543 1355 1570 semper
1375 1534 1490 1562 hilaris?
1503 1533 1626 1569 Respon—

29 1567 84 1618 deas
94 1570 152 1618 dico
167 1572 211 1600 ei:
229 1573 358 1608 Domina,
372 1578 537 1605 contumelia
556 1578 595 1613 (5)
609 1580 676 1606 mihi
690 1567 796 1616 objecta
813 1567 855 1608 est
871 1589 886 1609 a
909 1582 1024 1610 muliere
1045 1583 1147 1618 optima
1165 1567 1281 1615 dicente,
1299 1567 1372 1618 quod
1386 1583 1493 1618 peccavi
1511 1583 1537 1609 in
1553 1590 1624 1610 eam.

29 1614 56 1665 ξι
75 1617 120 1665 illa
130 1618 197 1665 dixit
208 1621 277 1647 mihi
292 1631 298 1648 :
317 1621 394 1650 Absit
411 1631 425 1650 a
440 1631 519 1651 servo
536 1624 583 1652 Dei
601 1634 644 1653 res
662 1614 730 1654 ista.
744 1626 798 1654 Sed
816 1627 885 1656 forte
906 1629 931 1655 in
944 1629 1027 1657 corde
1043 1614 1089 1657 ttio
1106 1631 1229 1658 ascendit
1246 1614 1319 1658 illius
1335 1614 1556 1665 concupiscentia
1575 1629 1625 1664 (6).

29 1658 67 1687 Est
80 1664 181 1698 quidem
195 1667 222 1694 in
237 1667 326 1695 servis
341 1667 386 1696 Dei
401 1669 464 1696 talis
481 1670 630 1705 cogitatio,
649 1677 791 1706 peccatum
810 1673 940 1701 inferens.
958 1673 1016 1701 Non
1029 1674 1102 1701 enim
1116 1674 1196 1701 debet
1218 1675 1274 1701 haec
1289 1658 1625 1709 cogitatio-abhorrentia,

30 1716 78 1737 esse
91 1711 115 1738 in
128 1721 206 1742 servo
222 1715 294 1749 Dei;
308 1723 397 1751 neque
414 1717 528 1752 spiritus
543 1717 580 1753 (7)
599 1719 742 1753 probatus,
760 1721 956 1755 concupiscere
971 1722 1073 1749 malum
1090 1730 1176 1757 opus;
1193 1726 1222 1749 et
1238 1722 1374 1757 pracipue
1390 1721 1504 1749 Hermas
1519 1722 1567 1756 qui
1584 1726 1626 1749 est

29 1758 154 1787 continens
169 1761 204 1788 ab
220 1763 299 1789 omni
313 1764 534 1798 concupiscentia
546 1765 585 1800 (8)
600 1766 725 1801 scelesta,
740 1771 766 1794 et
779 1772 821 1795 est
838 1769 912 1795 omni
931 1769 1104 1804 simplicitate
1117 1770 1225 1805 plenus,
1239 1774 1265 1797 et
1278 1772 1434 1799 innocentia
1447 1779 1556 1806 magna.

725 1848 841 1876 CAPUT
858 1848 901 1877 Ill.

52 1889 235 1941 ‘Verumtamen
256 1905 311 1925 non
326 1906 410 1927 causa
423 1900 461 1927 tui
479 1901 606 1929 irascitur
620 1901 770 1937 Dominus;
787 1904 832 1932 sed
855 1909 965 1940 propter
979 1906 1090 1934 domum
1109 1911 1195 1939 tuam,
1214 1915 1275 1942 quae
1293 1907 1371 1935 nefas
1388 1907 1499 1934 admisit
1522 1907 1548 1934 in
1569 1907 1621 1934 Do-

28 1941 115 1986 ¹¹ῗ¹¹ξ¹¹ξ¹ξ
131 1945 157 1967 θί
171 1941 198 1968 in
215 1948 345 1977 ιωεηιεε
362 1953 437 1973 suos.
454 1945 487 1973 Et
508 1952 537 1974 tu
554 1955 616 1974 cum
638 1948 677 1976 sis
693 1953 799 1976 amator
815 1950 933 1978 ﬁliorum
946 1971 953 1984 ,
973 1959 1027 1978 non
1040 1941 1232 1980 commonuisti
1247 1952 1357 1979 domum
1377 1957 1462 1984 tuam,
1477 1951 1522 1979 sed
1536 1951 1620 1978 dimi-

27 1983 75 2009 sisti
88 1983 142 2012 illos
158 1989 315 2016 conversari
337 1990 469 2018 violenter
484 1992 542 2027 (9);
559 1997 670 2028 propter
687 1993 740 2021 hoc
755 1994 829 2022 enim
845 1995 973 2023 irascitur
995 1996 1043 2023 tibi
1064 1996 1196 2024 Dominus
1211 2006 1218 2024 :
1238 1996 1285 2025 sed
1307 1997 1414 2024 sanabit
1444 1983 1536 2024 omnia
1562 1995 1619 2031 (l0)

555 2071 666 2100 VARLE
687 2072 876 2102 LECTIONES
891 2074 936 2102 ET
954 2075 1072 2105 ΝΟΤᾸΞ.

54 2119 103 2156 (βξ)
116 2121 213 2151 Desunt
225 2124 280 2152 ista
294 2125 321 2152 in
333 2134 400 2155 mss.
416 2127 445 2154 S.
457 2127 549 2155 Germ.
560 2133 587 2156 et
598 2128 627 2156 S.
644 2127 715 2156 Vict.

118 2156 175 2198 ﬂere
191 2159 256 2198 item
271 2153 372 2198 desunt
381 2153 410 2188 in
423 2153 615 2197 ὶιιὲοᾶιὶῖἑόιιῖ

118 2191 159 2219 Sic
169 2201 222 2233 ms:
231 2194 339 2233 Lamb.:
351 2188 463 2224 Domina
472 2188 539 2231 hie};
551 2188 614 2233 adid
625 2198 680 2226 heic
690 2199 702 2226 Γ
715 2198 789 2227 Prte-

100 2233 154 2253 ﬂtm
168 2238 184 2255 α
200 2229 332 2262 Domino,
351 2236 508 2269 atpcccata
527 2228 573 2260 tua
587 2242 707 2269 arguam.
735 2234 788 2262 Do-

28 2264 100 2300 mitg.‘
110 2269 172 2300 itane
180 2268 214 2300 tu
229 2273 270 2291 me
282 2266 371 2300 arguis
383 2267 396 2293 .9

117 2295 164 2336 iis.
176 2298 269 2336 carm.
278 2293 430 2336 (Praecpta.
448 2302 519 2330 sicut
527 2303 608 2331 modo
621 2303 716 2331 Lamb.

55 2328 103 2366 (99)
118 2330 193 2366 Deest
205 2334 257 2360 huc
275 2335 302 2362 in
319 2328 396 2363 codd.
412 2328 440 2363 S.
452 2328 713 2366 ὸέιὶῆξὶτῐὲῗῆἰὲῐξ

117 2365 206 2426 Lamb.
223 2375 250 2396 et
264 2370 354 2410 carm.
370 2363 471 2407 incipio
478 2363 574 2400 diléie‘.

138 2402 179 2429 Ide
190 2403 263 2430 Infra
280 2405 328 2430 lib.
341 2414 369 2430 ιι.
382 2407 473 2430 mand.
488 2416 507 2430 r,
531 2408 574 2430 Lm

64 2398 107 2441 92’)‘
117 2400 179 2441 Yide
190 2403 263 2431 infra
280 2405 370 2441 lib._u,
382 2398 473 2434 ma’nd.
488 2398 517 2435 17.7
525 2398 634 2436 Laudat
652 2409 725 2435 hunc
743 2408 785 2436 lo—

26 2437 76 2476 ffljn
90 2434 210 2476 Origenes
224 2443 290 2476 tom.
302 2440 310 2466 Ι
321 2434 465 2470 Comment.
476 2434 643 2476 indomiti},
654 2434 786 2471 [Cissea

29 2465 166 2510 Erigeniana
182 2465 353 2510 protulimus
361 2465 453 2510 sub};
459 2465 465 2470 ’
473 2465 544 2505 inter:
696 2465 787 2505 “(Qui

28 2507 147 2546 millia.”
159 2509 223 2546 edit.
235 2508 275 2536 Cl.
286 2509 374 2538 Huetii
385 2507 624 2546 {praecedentibus
636 2513 787 2542 editoribus

48 2543 128 2580 “litoris
138 2544 249 2570 omissa.

57 2572 102 2615 (95)
119 2575 208 2605 Lamb.
234 2578 306 2605 Num
332 2588 433 2615 semper
456 2587 481 2609 te
502 2592 534 2610 ac
561 2584 584 2611 ai
609 2584 695 2611 deam.
724 2583 784 2610 Mox

28 2610 159 2670 :35"ng
181 2615 318 2647 reveritus,
342 2610 431 2644 Fellus
445 2618 555 2646 exhibet
576 2619 674 2646 veritas
690 2610 720 2646 in
736 2627 785 2646 sua

75 2663 80 2667 -
90 2653 168 2674 υιιοη.

117 2679 205 2720 Lamb.
223 2683 294 2720 Quid
312 2686 363 2712 mei
379 2690 601 2717 commemoraria.

57 2711 103 2747 ἰθὺ)
118 2714 205 2744 Lamb.
219 2711 273 2745 Ᾰιιι
285 2711 346 2747 mm.

117 2749 177 2786 _Mss.
193 2752 285 2781 Carm.
301 2759 327 2782 et
341 2746 440 2784 Lamb.
454 2766 561 2786 amcam.

30 2780 102 2823 Ξ’(97)
116 2783 204 2814 Lamb.
217 2780 293 2816 addit
310 2780 634 2823 si:.~7.22"”sic”ét"i%euus.
659 2794 692 2822 Et
718 2803 777 2823 mox

29 2813 143 2862 ide/Tolli}.
155 2822 307 2862 ei_equ_i_dem
321 2813 454 2862 mugitum:

57 2851 104 2883 (93‘
117 2851 271 2887 Lambfsibi
285 2851 430 2889 auuiiiaiii.

875 2131 931 2168 (99)
941 2131 1014 2168 (Mss.
1027 2131 1257 2168 Angl.yagantur.

875 2166 948 2202 (1700)
971 2166 1091 2202 Διψυχοῐ.
1109 2166 1184 2195 Hanc
1198 2175 1290 2194 vocem
1312 2171 1450 2195 auctorem
1477 2166 1621 2202 scripsisse

838 2208 871 2228 ex
885 2201 970 2228 Clem.
985 2201 1062 2229 Alex.
1074 2202 1217 2229 discimus.
1234 2202 1294 2229 Vid.
1309 2203 1337 2230 S.
1354 2202 1412 2230 Jac.
1428 2210 1447 2234 ι,
1461 2202 1487 2228 8.
1502 2201 1619 2230 Faune.

838 2235 973 2272 —Locus
984 2237 1060 2264 Alex.
1073 2242 1161 2264 exstat
1171 2239 1282 2271 Στρωμ.
1297 2238 1343 2264 lib.
1356 2246 1375 2269 ι,
1388 2245 1447 2272 cap.
1458 2237 1503 2268 29,
1517 2244 1542 2271 p.
1556 2237 1620 2270 426,

838 2271 886 2298 sed
909 2272 1083 2307 respicitivis.
1105 2280 1145 2304 ιιι,
1162 2280 1222 2307 cap.
1248 2274 1276 2299 4.
1290 2272 1397 2300 Videsis
1419 2271 1500 2299 etiam
1521 2272 1569 2299 lib.
1586 2281 1618 2304 ιι,

838 2306 992 2342 mand._tx.
1020 2306 1130 2342 Eadem.
1150 2306 1260 2342 quoque
1274 2315 1325 2334 vox
1350 2312 1497 2342 usurpatur
1520 2307 1619 2342 θέειο-

837 2345 928 2376 [nemo
941 2340 1074 2374 Romano,
1090 2340 1175 2376 Epist.
1191 2340 1254 2369 I‘ad
1267 2342 1329 2370 Cor.
1358 2340 1476 2376 cap.‘23,
1489 2345 1516 2368 et
1531 2341 1616 2376 Epist.

837 2374 882 2410 Π,
896 2383 955 2410 cap.
974 2377 1017 2403 11.
1033 2374 1166 2404 Caeterum
1181 2377 1254 2404 hunc
1275 2377 1380 2404 Hermw
1392 2374 1483 2404 locum
1502 2374 1619 2404 illustrat

837 2409 991 2438 Dodwellus
1000 2412 1026 2439 in
1040 2412 1151 2439 dissert.
1164 2411 1203 2439 De
1214 2412 1291 2439 Rom.
1303 2412 1398 2448 pontif.
1413 2419 1539 2443 success"
1555 2419 1615 2446 cap.

837 2446 881 2477 11,
898 2445 912 2481 §
928 2446 954 2478 6,
967 2454 1028 2481 pag.
1045 2446 1106 2474 160.

873 2466 881 2477 ,
898 2454 912 2481 9
928 2454 954 2478 υ,
967 2454 1028 2481 pag.
1045 2454 1106 2474 tuo.

873 2466 881 2477 ,
898 2455 912 2481 θ
928 2455 954 2478 o,
967 2455 1028 2482 pag.
1045 2455 1100 2473 ιουη

872 2480 910 2515 (1)
927 2480 1022 2508 Lamb.
1038 2482 1100 2510 Deo.

872 2516 911 2550 (2)
926 2515 1022 2544 Lamb.
1036 2518 1156 2551 pessimis
1166 2519 1179 2545 .’
1194 2517 1316 2550 Quantis.

872 2551 910 2587 (5)
929 2551 1038 2578 Hieron.
1051 2553 1079 2578 in
1095 2552 1160 2579 Osee
1172 2560 1220 2584 vti,
1232 2553 1258 2580 9.
1273 2552 1378 2580 Hermte
1388 2553 1501 2587 primum
1514 2551 1616 2578 videtur

836 2585 956 2621 Ecclesia
973 2595 1037 2613 cano
1048 2589 1142 2621 capite.

883 2621 909 2658 ﬁt)
925 2620 1020 2658 Lamb.
1034 2620 1157 2658 candida.
1171 2621 1203 2658 Et
1215 2630 1289 2656 mox,
1302 2622 1444 2658 singularis
1459 2629 1507 2656 pro
1519 2621 1586 2649 sola.

882 2656 909 2688 5)
925 2656 990 2691 Mss.
1008 2656 1086 2691 Angl.
1107 2657 1227 2683 lascivia.

871 2691 907 2727 (ti)
924 2690 973 2727 liis.
985 2691 1013 2727 ξ.
1026 2690 1117 2718 Germ.
1134 2692 1192 2723 illa,
1205 2692 1305 2719 omissa
1319 2700 1384 2720 voce
1392 2693 1611 2727 concupiscentia.

870 2725 909 2759 (7)
927 2725 976 2753 Ms.
988 2726 1078 2753 Carm.
1093 2727 1200 2760 spiritu.

869 2760 908 2792 (8)
923 2761 1018 2788 Lamb.
1035 2761 1188 2795 pollutione.

870 2795 909 2830 (9)
926 2795 1020 2823 Lamb.
1036 2800 1063 2823 et
1077 2795 1167 2824 Carm.
1187 2797 1331 2826 conviciari
1344 2806 1419 2826 awve.

870 2830 934 2871 (l0),
944 2830 1039 2871 Lamb:
1056 2832 1160 2859 sanavit
1175 2833 1264 2860 omnia
1276 2842 1334 2870 quc
1350 2839 1410 2860 ante
1425 2838 1497 2871 gesta
1511 2839 1571 2861 sum
1583 2833 1611 2862 in

833 2865 910 2893 domo
926 2870 971 2894 tua
985 2865 1066 2893 ntala.
