1920 3104
268 155 321 183 895
977 155 1007 184 S.
1027 155 1055 184 111

1116 155 1159 184 ικΕ
1845 157 1901 185 εκ

267 219 329 247 qua
344 215 408 240 ante
417 215 493 248 gesta
503 215 568 241 sunt
579 211 651 241 mala
662 212 690 240 in
705 212 789 241 domo
800 217 845 241 tua
858 212 926 248 (11).
941 211 1056 247 Propter
1067 212 1178 240 illorum
1192 211 1266 239 enim
1278 215 1388 246 peccata
1399 215 1427 239 et
1445 211 1615 247 iniquitates,
1629 217 1823 248 consumptus
1837 214 1898 249 (ti)

267 264 298 284 es
309 264 326 284 a
342 257 522 287 mularibus
538 261 666 295 negotiis.
680 260 740 288 Jam
755 261 828 289 enim
846 260 1033 288 misericordia
1051 260 1098 287 Dei
1115 260 1227 287 miserta
1243 263 1287 287 est
1305 259 1343 286 tui
1357 264 1384 286 et
1395 259 1493 287 domus
1509 264 1574 292 tua,
1592 266 1620 288 et
1637 262 1823 289 conservavit
1835 263 1896 296 (13)

268 306 295 331 te
312 303 339 330 in
355 304 453 339 gloria.
471 303 511 332 Tu
529 310 634 333 tantum
655 306 711 334 noli
723 307 816 341 vagari
830 316 837 340 ;
854 307 902 335 sed
919 307 1090 342 animsquus
1105 310 1176 338 esto,
1193 309 1220 333 et
1236 304 1362 333 conferta
1377 305 1489 333 domum
1507 309 1592 332 tuam.
1606 305 1755 341 Tanquam
1775 307 1900 336 ararius

268 350 424 384 producent
435 359 505 386 opus
521 360 614 386 suum,
630 355 744 389 exponit
762 354 820 389 (lt)
836 354 862 381 ei
879 354 923 382 cui
946 354 1006 380 vult
1016 353 1058 381 ":
1082 353 1124 381 sic
1136 357 1164 380 et
1186 357 1216 380 tu
1230 352 1343 380 verbum
1358 353 1545 388 quotidianum
1558 355 1665 390 justum
1682 356 1741 390 (15)
1765 357 1877 384 docens
1890 378 1898 390 ,

267 396 413 424 abscindes
438 397 540 432 grande
556 404 708 433 peccatum.
726 399 765 426 Ne
786 400 843 434 (16)
865 400 975 427 desinas
992 406 1060 434 ergo
1080 406 1258 426 commonere
1284 403 1363 426 nam
1384 403 1468 431 tuos;
1485 400 1537 428 scit
1559 402 1634 429 enim
1659 402 1800 431 Dominus
1820 404 1899 438 quod

251 455 258 459 -
267 440 457 473 paenitentiam
478 447 561 477 agent
576 450 610 470 ex
627 447 685 471 toto
701 444 784 472 corde
804 452 872 478 suo;
886 450 913 472 et
932 444 1034 472 scribet
1049 448 1077 472 te
1089 443 1147 480 (17)
1163 444 1191 471 in
1208 444 1279 471 libro
1295 444 1368 471 vitae.
1385 443 1511 479 Cumque
1531 445 1636 474 ﬁnisset
1657 448 1746 475 verba
1766 448 1840 481 haec,
1860 450 1902 476 ait

269 484 336 511 mibi
350 495 357 511 :
373 485 421 513 Vis
439 486 535 514 audire
550 495 594 515 me
608 488 762 524 legentem?
778 489 844 517 Dico
857 489 882 517 ei
898 489 974 524 (l8):
990 489 1117 522 Domina,
1131 489 1204 516 volo.
1219 489 1286 516 Esto
1301 496 1367 524 ergo
1382 489 1500 516 auditor.
1519 489 1553 516 Et
1568 491 1696 520 revoluto
1713 493 1804 526 libro,
1823 494 1902 528 lege-

267 529 315 557 bat
328 531 458 566 gloriose,
473 533 618 567 magniﬁce
641 537 669 560 et.
684 533 808 565 miriﬁce,
822 541 883 568 quae
896 533 953 567 (l9)
970 540 1024 561 non
1038 537 1160 568 poteram
1173 533 1200 560 in
1217 534 1348 561 memoria
1367 534 1494 562 retinere.
1508 532 1592 563 Erant
1608 538 1682 564 enim
1704 538 1794 565 verba
1811 540 1901 566 terri-

269 575 331 609 ﬁca,
344 583 406 610 quae
429 584 482 603 non
495 582 602 611 poterat
614 578 695 606 homo
712 578 858 605 sustinere.
872 577 1026 605 Novissima
1039 582 1130 606 tamen
1143 579 1226 606 verba
1239 578 1379 606 memoria:
1399 579 1525 607 mandavi
1538 589 1546 612 ;
1559 585 1639 608 erant
1654 582 1730 609 enim
1758 590 1854 617 pauca
1873 589 1903 610 et

269 623 346 650 utilia
364 623 453 650 nobis.
471 621 541 650 Ecce
559 622 629 651 Deus
644 625 788 657 virtutum,
799 625 845 660 qui
863 624 994 651 invisibili
1007 623 1117 656 virtute,
1132 628 1160 652 et
1172 632 1270 659 magno
1285 631 1366 652 sensu
1384 631 1435 652 suo
1449 625 1570 654 condidit
1587 627 1734 660 mundum,
1753 632 1785 655 et
1807 628 1902 655 bolo-

269 668 346 696 rilico
359 669 473 696 consilio
485 668 664 697 circumdedit
675 670 799 698 decorem
815 674 947 697 creaturae
963 677 1029 702 suae,
1043 674 1070 696 et
1083 668 1233 697 fortissimo
1245 669 1302 704 (20)
1315 676 1366 696 suo
1377 669 1461 697 verbo
1471 670 1582 698 conﬁxit
1593 672 1709 704 uelum,
1721 677 1754 700 et
1767 672 1902 700 fundavit

270 720 370 743 terram
389 724 470 751 super
486 725 572 752 aquas
583 717 617 749 “,
631 721 658 745 et
672 718 770 745 virtute
786 726 835 746 sua
860 718 963 752 potenti
987 717 1108 745 condidit
1130 721 1252 745 sanctam
1266 716 1414 745 Ecclesiam
1429 725 1518 751 suam,
1536 727 1619 755 quam
1643 720 1810 753 benedixit;
1836 729 1903 749 ecce

271 764 415 792 transferet
429 766 514 793 caelos
529 774 562 793 ac
575 771 690 800 montes,
705 767 788 795 colles
805 774 838 794 ac
849 766 934 794 maria
947 775 955 800 ;
972 770 998 794 et
1009 765 1101 794 omnia
1113 765 1193 801 plana
1207 765 1263 799 (21)
1276 765 1342 792 ﬁent
1364 765 1459 793 electis
1474 765 1545 800 ejus,
1563 770 1594 792 ut
1606 766 1705 793 reddat
1722 766 1785 794 illis
1801 774 1902 801 repro-

270 810 428 837 missionem
440 818 521 846 quam
536 812 760 846 repromisitcum
775 812 859 839 mullo
873 812 976 839 honore
986 815 1013 839 et
1023 810 1132 845 gaudio,
1147 810 1170 838 si
1185 810 1353 838 servaverint
1362 809 1419 846 (22)
1428 810 1547 847 legitima
1565 810 1624 845 Dei,
1643 818 1708 846 qua;
1723 817 1903 847 acceperunt

271 856 298 883 in
318 865 414 893 magna
433 858 494 885 ﬁde.

988 904 1102 933 CAPUT
1121 903 1168 933 ιν.

308 951 432 988 Cumque
458 957 678 981 consummasset
699 952 824 987 legendo,
842 951 998 981 exsurrexit
1015 952 1049 980 de
1066 951 1214 980 cathedra:
1237 956 1266 980 et
1281 957 1414 981 venerunt
1427 958 1546 988 quatuor
1568 953 1698 989 juvenes,
1723 960 1757 982 et
1776 955 1904 982 tulemnt

268 999 427 1026 cathedram
447 1000 479 1027 ad
504 1000 647 1028 orientem.
667 999 700 1028 Et
718 1001 824 1028 vocavit
846 1007 890 1027 me
913 1000 947 1027 ad
962 1007 1001 1033 se,
1016 1004 1043 1027 et
1060 1000 1146 1035 tetigit
1160 1006 1255 1035 pectus
1271 1007 1362 1027 meum
1377 999 1470 1035 aitque
1486 999 1554 1028 mihi
1578 1009 1585 1027 :
1602 1000 1713 1029 Placuit
1740 1001 1795 1029 tibi
1819 1001 1903 1028 lectio

272 1047 356 1074 mea?
370 1047 435 1076 Dico
449 1048 473 1076 ei
489 1057 495 1075 :
512 1048 638 1081 Domina,
655 1049 712 1076 haec
732 1048 797 1076 mihi
813 1048 962 1076 novissima
975 1048 1082 1084 placent
1096 1057 1103 1081 ;
1118 1048 1208 1083 priora
1222 1051 1405 1076 autemsawa
1420 1053 1448 1076 et
1458 1048 1526 1076 dura
1538 1053 1612 1077 sunt.
1628 1050 1663 1077 At
1677 1050 1725 1077 illa
1743 1051 1789 1077 ait
1811 1051 1900 1078 mihi:

271 1094 333 1123 Haec
349 1096 499 1124 novissima
510 1096 593 1131 justis
605 1096 680 1131 (25);
695 1096 786 1131 priora
804 1101 894 1123 autem
912 1095 1015 1130 refugis
1029 1099 1057 1123 et
1070 1095 1197 1123 ethnicis.
1211 1094 1245 1122 Et
1259 1103 1320 1122 cum
1332 1095 1490 1130 loqueretur
1506 1103 1625 1128 mecum,
1640 1096 1699 1124 duo
1710 1097 1835 1131 quidam
1849 1098 1901 1124 viri

270 1148 471 1177 apparuerunt;
491 1147 519 1170 et
543 1141 713 1170 sustulerunt
741 1140 814 1166 illam
839 1139 961 1166 humeris
983 1138 1040 1173 (24)
1052 1159 1059 1171 ,
1075 1143 1103 1166 et
1117 1139 1254 1172 abierunt,
1271 1138 1316 1166 ubi
1334 1143 1362 1167 et
1387 1139 1516 1168 cathedra
1531 1145 1606 1174 erat,
1626 1141 1662 1169 ad
1678 1141 1839 1170 orientem.
1855 1141 1902 1169 ﬂi-

270 1190 337 1218 laris
353 1195 443 1219 autem
456 1190 592 1218 discessit.
609 1188 643 1216 Et
659 1195 720 1216 cum
735 1187 833 1221 abiret,
847 1186 886 1214 ait
899 1186 966 1214 mihi
980 1195 987 1213 :
1003 1185 1179 1220 Confortarc,
1193 1185 1303 1214 ﬂet-ma.

1002 1260 1110 1292 VISIO
1134 1261 1175 1291 11.

274 1312 408 1343 Rursum
432 1313 469 1344 de
495 1313 667 1353 negligenti
691 1314 805 1344 uxoris
836 1312 978 1354 loquacis
1010 1317 1037 1343 et
1065 1312 1205 1383 filiiorum
1241 1311 1484 1344 libidinosorum
1517 1311 1740 1350 castigatione.
1773 1313 1803 1339 et
1836 1316 1901 1348 qua

1001 1361 1080 1382 mort
1104 1362 1152 1383 us.

1001 1361 1152 1383 mortous.‘

941 1414 1056 1442 CAPUT
1075 1414 1222 1443 PRIMUM.

307 1458 375 1485 Cum
389 1467 452 1486 vero
465 1460 651 1494 proﬁciscerer
662 1469 724 1488 cum
736 1461 778 1488 bis
791 1460 846 1496 (25)
858 1461 929 1489 circa
941 1461 1006 1489 illud
1021 1466 1127 1497 tempus
1141 1469 1197 1496 qtto
1207 1465 1234 1490 et
1248 1469 1320 1489 anno
1331 1461 1431 1496 priore,
1440 1459 1584 1487 ambulans
1592 1457 1650 1493 (26)
1657 1460 1904 1485 commemorata:

272 1513 333 1532 sum
349 1506 413 1532 anni
430 1506 528 1540 prioris
543 1506 687 1534 visionem.
702 1507 876 1542 Rursumque
898 1516 941 1535 me
955 1507 1068 1535 abstulit
1090 1508 1219 1543 spiritus,
1233 1513 1262 1536 et
1280 1508 1357 1536 duxit
1369 1507 1424 1540 (27)
1444 1515 1486 1534 me
1504 1506 1531 1534 in
1554 1504 1683 1533 eumdem
1707 1503 1830 1535 locum,
1852 1510 1905 1536 quo

273 1560 346 1581 anno
358 1554 455 1588 primo.
468 1554 592 1589 Cumque
604 1555 740 1582 venissem
754 1555 786 1582 ad
801 1555 876 1582 illum
892 1555 994 1588 locum,
1008 1555 1106 1591 positis
1118 1555 1235 1591 genibus
1252 1555 1322 1590 cmpi
1333 1562 1414 1582 orare
1426 1553 1584 1587 Dominum,
1595 1557 1623 1580 et
1634 1550 1837 1579 houorilicare
1851 1549 1904 1583 (ΞΒ)

273 1607 372 1626 nomen
386 1599 456 1634 ejus,
474 1600 546 1635 quod
564 1600 674 1635 dignum
690 1608 733 1627 me
746 1601 894 1628 arbitratus
911 1601 958 1636 sit,
970 1606 997 1628 et
1010 1601 1227 1629 manifestaverit
1238 1601 1304 1628 mihi
1316 1605 1426 1635 peccata
1444 1599 1567 1634 pristina.
1583 1598 1616 1625 Et
1629 1605 1694 1625 cum
1708 1595 1904 1624 surrexissent

274 1646 309 1673 ab
325 1647 457 1678 oratione,
474 1646 551 1673 video
563 1646 618 1681 (29)
637 1649 730 1673 contra
749 1653 792 1672 me
805 1653 886 1672 anmn
904 1645 977 1672 illam
989 1653 1071 1680 quam
1085 1650 1111 1673 et
1123 1653 1195 1674 anno
1208 1645 1349 1680 superiore
1362 1646 1495 1677 videram,
1513 1644 1700 1672 ambulantem
1717 1645 1751 1669 et
1764 1641 1904 1676 legentem

274 1693 395 1721 libellum
415 1694 545 1728 aliquem.
560 1693 592 1720 Et
606 1693 645 1720 ait
663 1693 729 1720 mihi
744 1702 750 1720 :
767 1692 847 1721 Potes
861 1693 918 1720 haec
940 1694 1034 1721 electis
1051 1693 1098 1721 Dei
1124 1694 1305 1721 renuntiare?
1329 1693 1395 1721 Dico
1408 1693 1433 1721 ei
1449 1703 1455 1720 :
1472 1691 1601 1722 Domina.
1618 1692 1695 1716 tanta
1713 1688 1745 1715 in
1765 1686 1906 1714 memoria

274 1742 391 1769 retinere
406 1749 459 1769 non
482 1749 592 1776 possum
606 1750 613 1774 ;
629 1741 662 1768 da
679 1745 769 1768 autem
791 1741 858 1768 mihi
876 1741 998 1768 libellum
1011 1762 1018 1773 ,
1034 1746 1060 1768 et
1077 1740 1243 1769 describam.
1260 1742 1378 1776 Accipe,
1396 1740 1502 1774 inquit,
1518 1743 1545 1766 ct
1561 1737 1694 1765 restituas
1716 1734 1796 1762 mihi
1815 1734 1905 1761 illum.

276 1785 312 1813 Ut
325 1790 415 1813 autem
429 1784 486 1821 (50)
500 1785 604 1819 accepi,
621 1785 648 1812 in
663 1785 810 1820 quemdam
824 1785 914 1812 locum
930 1786 988 1820 agri
1012 1785 1141 1814 secedens
1154 1786 1221 1820 (51),
1244 1786 1376 1820 descripsi
1399 1785 1491 1813 omnia
1514 1784 1547 1810 ad
1568 1783 1709 1813 litteram;
1737 1787 1799 1808 non
1830 1780 1906 1806 inve-

275 1833 382 1860 niebam
397 1832 469 1859 enim
483 1832 600 1866 syllabas
617 1830 685 1866 (32).
705 1831 830 1866 Cumque
849 1838 1082 1859 consummassem
1100 1831 1264 1866 scripturam
1279 1831 1380 1864 libelli,
1398 1830 1489 1859 subito
1504 1830 1538 1858 de
1551 1836 1636 1856 manu
1660 1834 1723 1855 mea
1745 1831 1854 1862 raptus
1869 1830 1907 1853 est

275 1878 398 1910 libellus;
410 1886 424 1905 a
438 1886 494 1912 quo
508 1883 598 1905 autem
625 1886 679 1905 non
697 1878 761 1906 vidi.

312 1940 434 1967 "Matth.
451 1948 509 1972 xm,
528 1939 576 1972 52;
592 1946 653 1972 xxv,
669 1939 718 1972 27;
732 1938 798 1966 Luc.
814 1947 870 1972 ait.
885 1939 928 1966 15.
966 1939 1019 1965 “ll
1031 1938 1102 1966 Pctr.
1117 1946 1160 1972 nt,
1181 1939 1208 1967 5.

812 1996 929 2026 ῩΑΙΠᾸΞ
950 1997 1140 2025 LECTIONES
1159 1998 1203 2026 ET
1223 1996 1341 2025 NOTAE.

314 2039 368 2075 (ll)
387 2041 432 2069 Sic
446 2049 512 2068 mss.
529 2041 559 2068 S.
572 2041 664 2070 Germ.
681 2047 709 2069 et
727 2042 820 2068 Carm.
844 2046 939 2076 przetrr
956 2041 1052 2069 Lamb.

274 2077 358 2106 Edili.
374 2078 400 2103 in
413 2082 446 2103 te.
460 2076 550 2103 Fellus
559 2081 648 2103 tamen
661 2078 701 2104 sic
714 2085 786 2112 :quw
799 2082 858 2103 ante
875 2081 980 2110 patrata
992 2081 1053 2103 sunt

274 2113 347 2141 mala
362 2120 377 2137 rt
391 2113 467 2138 domo
483 2116 538 2138 tua.

314 2147 369 2179 (12)
386 2146 421 2174 ita
444 2154 510 2173 mss.
527 2145 605 2180 Angl.
627 2146 697 2181 apud
720 2145 823 2174 Fellum
837 2155 844 2174 :
860 2147 940 2181 cujus
964 2150 1054 2174 tamen

274 2182 361 2209 editio
377 2181 495 2213 exhibet,
508 2183 646 2208 contritus.

314 2217 370 2248 (l3)
383 2216 446 2243 Mss.
462 2215 490 2242 S.
506 2216 596 2243 Germ.
608 2221 634 2243 et
648 2215 741 2242 Lamb.
759 2215 926 2250 confer-tavit.

263 2252 266 2255 ’
315 2251 370 2291 (li)
386 2251 450 2291 Mss.
469 2250 537 2278 Vict.
560 2257 587 2278 et
611 2250 702 2278 Germ.
723 2250 844 2286 obtingit.
860 2251 950 2279 Fcllus
963 2255 1055 2279 autem

273 2287 388 2317 Omittit,
402 2286 436 2313 ei.

315 2321 370 2355 (15)
385 2320 479 2348 Lamb.
490 2320 571 2355 jusle.
588 2321 680 2348 Carm.
694 2321 831 2355 optimum.

315 2357 370 2389 (16)
387 2356 433 2383 Sic
445 2355 541 2383 Lamb.
554 2356 593 2382 sic
605 2361 632 2382 et
644 2355 743 2384 Fcllns.
757 2356 789 2383 Al
816 2361 888 2382 non.

313 2392 370 2426 (l7)
386 2392 425 2418 An
438 2391 584 2418 scribentur
599 2391 645 2418 in?

311 2427 367 2459 (18)
381 2426 472 2453 Carm.
489 2434 540 2452 ms.
553 2430 577 2452 εἶ
589 2434 643 2460 ego,

313 2463 368 2500 (l9)
383 2461 478 2488 Lamb.
500 2459 620 2500 glorias;
649 2467 731 2500 quas,
751 2467 800 2495 pro
819 2459 964 2500 gtoriose...
986 2469 1056 2500 qum.

276 2496 368 2558 Iit-llus
380 2500 469 2557 alutcm
483 2494 582 2523 omittit
597 2499 621 2522 et
635 2494 757 2530 miriﬁce,
774 2495 846 2530 quod
858 2495 932 2522 varia
948 2494 998 2529 ipsi
1016 2496 1056 2522 vi-

276 2543 284 2558 i
296 2538 372 2558 eatur
398 2535 478 2558 ccllo.

276 2535 372 2558 deatur
388 2535 478 2558 lectio.

314 2567 369 2600 (20)
382 2565 506 2600 Quinque
518 2565 574 2592 haec
585 2564 674 2597 verba,
684 2563 889 2591 circumdedit...
898 2565 1055 2599 fortissimo,

275 2601 376 2628 desunt
394 2602 419 2627 in
436 2600 530 2628 Lamb.

315 2637 371 2670 ('11)
388 2635 426 2663 lta
444 2644 510 2663 mss.
523 2635 717 2667 Vict.,Carm.,
732 2634 809 2662 Bodl.
819 2639 846 2662 et
862 2634 959 2662 Lamb.
976 2634 1014 2661 lla
1031 2639 1058 2662 ct

279 2670 370 2700 Fcllns
382 2670 464 2702 Editi,
483 2671 568 2704 plena.

317 2706 372 2739 (22)
386 2705 451 2733 Mss.
467 2703 546 2732 codd.
564 2704 644 2736 Vict.,
656 2704 747 2731 Carm.
767 2703 862 2739 Lamb.
880 2708 907 2730 et
924 2710 992 2735 νει..
1004 2704 1058 2731 im-

301 2741 383 2772 ressi,
397 2740 580 2774 repromisit...
595 2740 619 2766 si
637 2739 804 2766 servaverint.
831 2738 933 2765 FI-llnm
958 2739 1055 2770 secuti,

279 2748 351 2801 iianc
365 2775 526 2801 retinnimns
546 2775 698 2801 lectionem.
721 2774 764 2801 Al.
780 2774 940 2801 repromisit.
961 2781 1055 2801 cum...

292 2783 351 2801 iane
365 2775 526 2802 retinnimns
546 2775 698 2802 lectionem.
721 2774 764 2801 Al.
780 2774 940 2808 repromisit,
961 2781 1055 2801 cum...

277 2809 378 2847 gaudio
390 2810 556 2847 certaverint.

319 2843 374 2878 (‘5)
390 2844 434 2871 Sic
447 2842 532 2872 Lamb
558 2843 604 2872 Sic
619 2848 645 2871 et
658 2843 757 2871 Folius.
772 2841 853 2875 Etliti,
864 2842 930 2872 istis,

1142 2041 1198 2075 (ει)
1215 2040 1311 2069 Lamb.
1330 2041 1357 2067 in
1369 2040 1515 2067 humerum.

1143 2073 1198 2111 (25)
1214 2076 1312 2108 Quidni
1336 2075 1404 2103 forte
1428 2075 1570 2111 legendum
1595 2073 1734 2111 cumAcl:
1746 2073 1901 2111 Coteierio.

1107 2108 1197 2138 Cumis
1210 2112 1222 2136 3’
1242 2111 1314 2138 lnl‘ra
1326 2110 1397 2138 enim
1413 2108 1465 2138 vis.
1487 2117 1523 2143 Iv,
1536 2117 1596 2144 cap.
1615 2109 1643 2136 1.
1655 2108 1868 2143 Ρνορεἱεςεῦιγ
1879 2110 1902 2136 ia

1107 2146 1156 2173 illa
1168 2147 1209 2173 via
1221 2147 1367 2179 Campana.

1144 2181 1199 2214 (26)
1216 2181 1265 2209 Ms.
1281 2181 1311 2208 S.
1326 2180 1419 2208 Germ.
1436 2179 1551 2207 uideram
1564 2178 1717 2206 ambulans.

1146 2216 1202 2250 (27)
1220 2216 1314 2243 Lamb.
1329 2213 1495 2250 eduxitnSic
1505 2219 1534 2242 et
1547 2213 1648 2241 Fcllns.

1142 2248 1198 2286 (28)
1215 2251 1277 2278 llaec
1293 2250 1404 2280 omnia.
1427 2248 1543 2286 Cumque
1558 2249 1725 2286 venissent...
1743 2253 1772 2286 e_t
1790 2249 1904 2286 [ionij-

1106 2283 1195 2321 [icore
1210 2286 1379 2313 restitnimus
1394 2292 1426 2321 ex
1447 2284 1612 2321 ms._Carm.
1631 2283 1679 2311 Sic
1691 2288 1719 2311 et
1748 2283 1860 2321 Pelius.
1876 2284 1905 2321 ξι

1107 2319 1180 2348 recte
1194 2321 1315 2355 quidem,
1328 2324 1359 2347 ut
1373 2320 1490 2355 videtur.
1506 2319 1567 2346 Mox
1581 2326 1712 2355 namque
1731 2319 1855 2347 subdit:
1874 2319 1904 2345 Et

1106 2364 1166 2383 cum
1179 2354 1352 2382 surrexissent
1363 2354 1396 2382 ab
1411 2354 1539 2382 oratione.
1555 2354 1598 2381 Al.
1610 2360 1689 2387 vero,
1703 2361 1783 2381 me
1797 2355 1903 2389 primo;

1106 2396 1131 2418 et
1146 2391 1326 2424 Itonoriﬁcavi.

1143 2426 1200 2458 (29)
1216 2423 1281 2453 Mss.
1294 2425 1386 2453 Carm.
1401 2428 1429 2451 et
1445 2423 1540 2451 Lamb.
1556 2424 1660 2452 audivi.

1143 2461 1200 2496 (50)
1220 2460 1316 2496 Lamb.
1334 2459 1367 2496 Ut
1380 2467 1440 2486 eum
1456 2463 1554 2496 autem.

1144 2493 1201 2527 (51)
1217 2495 1282 2523 Mss.
1301 2494 1329 2522 S.
1345 2494 1450 2526 ὕει-ιιι..
1463 2493 1566 2526 Carm.,
1583 2498 1610 2521 et
1624 2493 1726 2522 Lamb.
1743 2495 1855 2523 sedens.

1144 2531 1199 2562 (52)
1212 2531 1336 2558 Clemens
1351 2529 1426 2556 Alex.
1444 2530 1555 2565 Στρωμ.
1577 2530 1623 2556 lib.
1640 2538 1680 2559 vt.
1698 2537 1764 2565 cap.
1782 2531 1832 2562 15,
1845 2539 1903 2565 με.

1107 2564 1177 2595 806.
1194 2566 1247 2592 huc
1267 2565 1432 2601 respiciens,
1456 2563 1609 2601 liazc‘habet
1626 2563 1742 2601 τνἸίοῦτό
1767 2565 1799 2592 δὲ
1826 2563 1903 2601 om-

1107 2601 1229 2635 γράψατο
1239 2600 1306 2635 πρὸς
1316 2599 1432 2635 magna
1440 2618 1448 2630 ,
1465 2599 1542 2635 φῃσὶ.
1561 2600 1598 2634 μὴ
1614 2599 1757 2635 εὑρίσκων
1767 2599 1903 2633 τὰς’σνλ-

1107 2607 1229 2661 ἷραψατο
1239 2607 1306 2635 προς
1316 2607 1432 2634 γραμμα
1440 2618 1454 2648 ,ι
1465 2607 1542 2659 «pact.
1561 2607 1598 2634 μη
1614 2607 1757 2642 septe-xta?
1767 2607 1823 2633 τας
1840 2607 1901 2628 συλ-

1124 2636 1190 2666 αὸὰς
1205 2635 1321 2662 τελέσαι.
1344 2633 1372 2660 Id
1392 2638 1455 2661 est.
1505 2642 1547 2660 unt
1568 2640 1655 2660 autem
1671 2641 1764 2669 ιιιιιιιι
1782 2645 1812 2663 se
1831 2641 1901 2663 trn-

1107 2671 1241 2701 scripsiue
1261 2671 1295 2696 ad
1310 2670 1424 2704 [iturum
1434 2687 1444 2704 ρ
1459 2676 1517 2694 cum
1540 2677 1590 2704 non
1600 2670 1744 2704 fini-enirn
1771 2672 1901 2704 quomodo

1108 2704 1221 2739 syllabas
1236 2705 1378 2738 perﬁceret.
1389 2702 1441 2730 Ubi
1455 2707 1532 2730 notat
1544 2702 1585 2731 Cl.
1599 2703 1744 2734 Potterus.
1755 2702 1810 2734 hoc
1823 2706 1900 2732 modo

1107 2746 1169 2765 cum
1183 2747 1318 2766 marmora
1339 2743 1366 2765 et
1385 2745 1529 2769 nummos,
1542 2743 1599 2765 tum
1614 2739 1701 2767 etiam
1717 2741 1809 2768 libros
1825 2744 1899 2766 veta»

1107 2775 1243 2801 stissimos
1258 2774 1373 2807 scriptos
1389 2773 1527 2808 conspici.
1544 2779 1676 2808 perpetua
1698 2776 1808 2804 scilicet
1830 2776 1898 2802 litte-

1108 2817 1198 2845 rarum
1212 2809 1292 2842 serie,
1304 2808 1377 2845 nulla
1391 2815 1490 2845 vocum
1499 2807 1676 2845 distinctione
1688 2810 1774 2839 facta.
1786 2809 1899 2845 Jamqn

1110 2843 1178 2871 idem
1197 2847 1340 2872 monuerat
1353 2841 1444 2870 Fellus
1458 2842 1492 2871 ad
1508 2842 1582 2872 hunc
1592 2844 1700 2874 locum.
