1920 3104
280 96 332 125 899
1003 95 1032 124 S.

1132 94 1187 124 ibi}
1847 99 1890 127 Μ

279 157 409 185 domine?
423 156 456 185 Et
470 157 537 185 dixit
551 157 618 184 mihi
632 167 637 184 :
653 156 775 186 Ecclesia
790 157 838 186 Dei
849 163 901 186 est.
915 157 946 185 Ει
958 158 1014 189 dixi
1031 158 1065 185 ad
1086 158 1163 186 illum
1179 167 1185 185 :
1200 157 1291 191 Quare
1306 166 1372 194 ergo
1387 166 1458 187 anus
1472 159 1534 187 est?
1551 157 1688 192 Quoniam
1701 177 1710 191 ,
1727 156 1830 192 inquit.
1842 164 1892 185 οω-

277 201 354 230 nium
368 203 455 238 prima
476 207 567 230 creata
582 206 634 236 est,
648 203 709 232 ideo
723 211 792 231 anus
803 212 811 237 ;
823 208 851 231 et
872 208 982 239 propter
997 204 1070 231 illam
1086 204 1205 231 mundus
1219 203 1308 232 factus
1321 209 1373 233 est.
1387 204 1454 233 Post
1467 205 1528 234 hac
1540 209 1632 233 autem
1647 205 1785 233 visionem
1801 205 1851 232 vidi
1868 206 1891 233 in

282 252 366 279 domo
382 259 458 285 mea;
473 256 501 279 et
514 251 590 279 venit
602 251 648 278 illa
663 257 744 283 anus,
758 253 784 277 et
800 249 976 284 interrogavit
986 256 1040 282 me,
1054 249 1078 277 si
1088 249 1144 284 jam
1160 249 1282 277 libellum
1298 249 1356 284 (56)
1369 250 1505 278 dedissem
1517 250 1693 277 senioribus?
1705 248 1740 275 Et
1755 250 1890 285 respondi:

276 297 376 326 Adhuc
390 307 456 326 non.
473 298 508 326 At
521 299 567 326 illa
581 298 652 326 dixit
668 307 674 325 :
688 296 760 325 Bene
777 296 883 330 fecisti;
903 297 990 324 habeo
1005 297 1078 324 enim
1096 297 1221 332 quaedam
1238 297 1322 325 verba
1337 297 1445 326 edicere
1456 298 1516 326 tibi.
1531 298 1601 326 Cum
1614 302 1708 326 autem
1727 305 1893 326 consumma-

276 351 343 372 vero
364 344 456 371 omnia
469 345 552 372 verba
564 365 571 377 ,
585 348 678 379 aperte
692 343 815 370 scientur
833 342 868 369 ab
880 342 974 370 electis
989 342 1057 377 (57).
1072 341 1182 370 Scribes
1197 350 1262 378 ergo
1279 343 1349 371 duos
1365 343 1486 376 libellos,
1507 348 1534 371 et
1550 345 1641 371 mittes
1655 351 1742 371 unum
1758 343 1893 377 Clementi,

275 395 303 417 et
316 398 402 417 unum
417 390 528 425 Grapia:
543 389 612 425 (58).
629 388 718 416 Mittet
731 393 822 416 autem
835 387 961 415 Clemens
976 388 1004 415 in
1017 392 1125 416 exteras
1140 388 1283 422 civitates;
1300 388 1339 416 illi
1352 389 1425 416 enim
1436 389 1600 424 permissum
1615 394 1657 417 est
1669 399 1675 416 :
1689 389 1792 424 Grapte
1811 395 1893 417 autem

275 438 460 464 commonebit
474 438 570 465 viduas
580 442 607 465 et
619 436 767 472 orphanos.
782 435 823 462 Tu
835 440 927 463 autem
945 436 1018 470 leges
1031 436 1059 463 in
1074 436 1128 464 hac
1137 436 1249 464 civitate
1262 444 1326 464 cum
1337 437 1493 465 senioribus
1504 437 1552 472 qui
1566 442 1690 473 praesunt
1704 439 1843 466 Ecclesiae.

312 493 369 520 Ista
383 494 421 520 sic
434 494 558 529 leguntur
569 495 639 529 apud
652 495 808 531 Origenem,
819 493 974 521 Pbilocaliae
989 502 1048 528 cap.
1062 494 1089 527 1,
1104 502 1138 521 ea:
1151 494 1198 522 lib.
1212 502 1250 529 Iv,
1263 504 1322 531 cap.
1338 495 1371 529 Ξ,
1388 495 1425 523 De
1437 495 1588 531 principiis,
1602 498 1746 532 interprete
1756 496 1863 524 Ruﬁno.

312 553 344 581 Et
361 555 457 582 scribes
472 556 538 583 duo:
552 554 651 583 libellos
661 576 670 589 ,
680 561 705 583 et
725 555 800 583 dabis
814 564 895 582 unum
914 554 1059 589 Clementi,

1144 555 1262 592 Γράψεις
1277 556 1323 583 δύο
1343 557 1431 592 βιϐλία
1441 577 1448 589 ,
1466 558 1513 583 καὶ
1526 556 1620 587 δώσεις
1633 557 1662 582 ἒν
1680 556 1820 591 Κλήμεντι
1831 576 1838 588 ,
1852 556 1892 582 καὶ

273 606 297 627 et
309 609 390 628 unum
403 601 518 636 Graptw.
539 601 573 629 Et
594 601 690 637 Grapte
710 603 813 636 quidem
833 605 993 628 commoneat
1019 609 1031 628 υ

1134 611 1138 626 ν
1158 603 1280 638 Γραπτῇ.
1299 604 1353 630 Καὶ
1369 603 1390 629 Γ
1392 603 1480 639 ραπτὴ
1498 603 1547 638 μὲν
1567 603 1724 638 νουθετήσει
1744 602 1795 634 τὰς
1815 604 1892 638 χήρας

273 648 339 674 duas
364 654 386 674 et
413 651 554 682 orphanos.
579 647 697 675 Clemens
716 656 775 675 vero
793 649 879 674 mittat
901 655 946 681 per
971 655 1030 674 omn

1134 649 1155 674 tl.
1170 650 1233 680 τοὺς
1253 649 1394 685 ὀρφανούς.
1413 649 1528 685 Κλήμης
1549 649 1575 675 δὲ
1599 649 1702 684 πέμψει
1723 650 1765 680 εἰς
1786 649 1833 680 τὰς
1847 649 1892 681 ἔξω

272 693 389 720 civitate:
401 702 459 728 qum
472 694 537 728 [oris
557 700 629 721 sunt.
643 693 681 720 Tu
693 702 752 721 vero
769 693 939 720 annuntiabit
952 694 1030 728 pro-sb;

1133 693 1208 726 ϐλεις.
1239 695 1274 721 Σὺ
1301 695 1328 721 δὲ
1355 695 1514 729 ἁναγγελεῖς
1536 696 1592 727 τοῖς
1626 695 1823 731 πρεσϐυτέροις
1849 695 1891 729 τῆς

272 742 335 767 teris
348 739 483 768 Ecclesire.

1115 740 1285 776 Ἐκκλησίας.

987 801 1095 832 VlSlO
1115 801 1172 832 lll.

390 860 434 890 De
447 861 674 901 triumphantis
688 861 835 894 Ecclesiae
856 868 1028 896 structura,
1046 866 1074 893 et
1091 863 1190 893 variis
1204 863 1363 893 hominum
1376 863 1583 903 reproborum
1597 865 1782 896 ordinibus.

1005 926 1118 955 CAPUT
1138 926 1159 955 l.

304 971 380 1000 Visio
394 981 475 1008 quam
489 974 562 1007 vidi,
576 974 690 1007 fratres,
707 975 778 1002 visio
789 975 850 1003 talis
863 979 931 1002 erat.
949 974 1016 1002 Cum
1032 975 1198 1010 jejunassem
1214 975 1380 1011 frequenter,
1397 980 1424 1003 et
1438 981 1564 1010 precatus
1579 983 1667 1003 essem
1687 974 1834 1001 Dominum
1845 996 1852 1007 ,
1867 979 1893 1000 ut

267 1019 335 1046 mihi
350 1020 506 1046 ostcnderet
526 1020 717 1048 revelati-tnem
727 1041 735 1053 ,
748 1028 830 1055 quam
846 1019 982 1054 pollicitus
997 1026 1039 1047 est
1052 1020 1196 1048 ostendere
1209 1028 1257 1055 per
1272 1028 1355 1048 anum
1373 1021 1464 1053 illam;
1476 1021 1570 1048 eadem
1586 1025 1666 1048 nocte
1681 1021 1812 1056 apparuit
1830 1021 1891 1047 milii

267 1075 337 1094 anus
351 1066 396 1093 illa
408 1087 416 1099 ,
438 1071 465 1094 et
479 1066 548 1094 dixit
567 1067 633 1094 mibi
648 1076 655 1094 :
668 1067 804 1100 Quoniam
817 1068 857 1095 sic
878 1068 990 1103 langues
1003 1067 1071 1103 (59).
1088 1074 1115 1095 et
1131 1068 1262 1096 sollicitus
1276 1076 1305 1096 es
1324 1068 1357 1095 ad
1375 1068 1515 1096 sciendum
1529 1070 1637 1102 omnia;
1654 1069 1718 1097 veni
1737 1069 1764 1096 in
1783 1077 1891 1104 agrum,

267 1114 313 1141 ubi
328 1114 384 1146 vis;
399 1118 426 1140 et
439 1113 510 1140 circa
527 1114 622 1141 horam
636 1120 739 1142 sextam
753 1114 934 1142 manifestabo
949 1123 991 1142 me
1003 1115 1062 1148 tibi,
1075 1120 1101 1142 et
1112 1116 1252 1143 ostendam
1267 1116 1315 1143 tibi
1331 1124 1391 1151 quae
1404 1120 1527 1150 oporteat
1540 1121 1565 1143 te
1576 1115 1680 1142 videre.
1693 1114 1800 1149 Rogavi
1811 1114 1890 1146 illam,

265 1160 359 1188 dicens
379 1170 385 1187 :
402 1160 516 1187 Domina
528 1181 535 1193 ,
551 1160 576 1186 in
593 1167 673 1195 quem
687 1160 774 1187 locum
786 1160 865 1196 agri?
878 1159 947 1192 Ubi,
965 1160 1068 1195 inquit,
1081 1160 1123 1188 vis
1135 1182 1141 1194 ,
1153 1161 1220 1196 elige
1239 1161 1326 1188 locum
1343 1161 1443 1188 bonmn
1453 1182 1461 1195 ,
1476 1167 1620 1189 secretum.
1634 1162 1790 1197 Antequam
1806 1165 1891 1188 autem

266 1207 340 1243 loqui
356 1207 411 1242 (60)
426 1208 569 1242 coepissem
579 1229 586 1240 ,
604 1212 630 1235 et
645 1207 735 1235 dicere
751 1207 776 1235 ei
793 1207 882 1235 locum
894 1227 901 1240 ,
918 1207 956 1234 ait
971 1208 1039 1234 mihi
1054 1218 1059 1235 :
1077 1207 1188 1235 Veniam
1203 1208 1247 1235 ubi
1262 1208 1313 1236 vis.
1328 1207 1376 1235 Fui
1389 1216 1453 1243 ergo
1463 1229 1470 1242 ,
1485 1209 1582 1235 fratres
1592 1229 1599 1241 ,
1619 1208 1645 1235 in
1665 1216 1749 1244 agro,
1761 1212 1789 1234 et
1805 1207 1893 1234 obser-

265 1255 326 1282 vavi
343 1255 400 1290 (6l)
417 1255 517 1288 horas;
532 1260 559 1282 et
577 1257 639 1283 veni
653 1255 680 1282 in
697 1256 786 1283 locum
801 1256 846 1283 ubi
860 1256 1055 1283 constitueram
1076 1256 1100 1283 ei
1117 1257 1219 1284 venire.
1236 1256 1268 1284 Et
1289 1257 1368 1284 video
1381 1257 1540 1284 subsellium
1554 1257 1684 1292 positum.
1698 1255 1766 1283 Erat
1778 1258 1892 1284 cervical

265 1302 366 1330 lincum
381 1303 455 1338 (62);
472 1307 499 1330 et
514 1311 595 1337 super
611 1302 722 1330 linteum
737 1311 887 1338 expansum
906 1303 1092 1331 carbasinum.
1107 1303 1208 1332 Videns
1224 1305 1280 1332 hate
1295 1305 1401 1340 posita,
1416 1309 1444 1332 et
1460 1305 1595 1332 neminem
1610 1312 1672 1332 esse
1693 1305 1723 1331 in
1743 1304 1824 1338 loco;
1839 1308 1893 1331 stu-

266 1359 331 1386 pere
346 1352 427 1387 coepi,
443 1356 470 1379 et
484 1352 573 1387 capilli
594 1352 646 1379 mei
658 1357 872 1380 exsurrexerunt
883 1352 949 1388 (65),
963 1357 990 1379 et
1004 1353 1082 1387 quasi
1099 1353 1197 1380 horror
1211 1353 1266 1388 (64)
1283 1361 1326 1380 me
1342 1353 1560 1388 comprehendit,
1572 1361 1634 1381 cum
1650 1361 1740 1380 essem
1754 1353 1844 1380 solus.
1855 1352 1893 1378 Ad

265 1404 310 1423 me
323 1396 379 1432 (65)
396 1403 486 1424 autem
502 1405 639 1430 reversus,
651 1401 678 1424 et
688 1401 855 1425 memoratus
868 1397 979 1432 gloriam
993 1397 1048 1434 (66)
1063 1397 1121 1430 Dei,
1137 1403 1165 1425 et
1178 1403 1286 1433 accepta
1298 1399 1423 1431 audacia,
1435 1399 1529 1434 positis
1542 1398 1665 1433 genibus,
1677 1397 1831 1424 confitebar
1844 1397 1894 1423 Deo

265 1441 363 1469 iterum
377 1447 486 1477 peccata
508 1450 568 1477 quae
589 1443 675 1477 prius.
692 1442 759 1471 Ecce
779 1443 852 1470 venit
867 1443 931 1471 illuc
950 1451 1011 1471 cum
1025 1443 1171 1477 juvenibus
1195 1451 1260 1477 sex,
1276 1451 1346 1479 quos
1365 1448 1392 1470 et
1407 1448 1470 1471 ante
1487 1443 1626 1477 videram;
1641 1448 1667 1470 et
1679 1443 1756 1470 stetit
1772 1448 1838 1478 post
1855 1452 1894 1470 me

255 1495 390 1518 orantem.
407 1493 434 1516 et
448 1489 576 1517 audiebat
589 1495 632 1515 me
649 1492 772 1515 orantem
792 1492 820 1515 et
832 1487 1005 1515 confitentem
1022 1487 1137 1516 Domino
1151 1493 1262 1524 peccala
1284 1496 1354 1516 mea.
1371 1487 1403 1516 Et
1420 1494 1534 1524 tangens
1547 1495 1602 1521 me,
1618 1488 1685 1516 dixit
1700 1497 1708 1516 :
1726 1488 1830 1515 Desine
1845 1489 1896 1523 jam

255 1543 305 1571 pro
317 1535 435 1571 peccatis
448 1535 502 1563 tuis
516 1540 620 1562 tantum
635 1542 724 1562 orare.
740 1533 795 1562 Ora
806 1539 833 1562 et
847 1542 897 1569 pro
909 1534 1025 1569 justitia,
1041 1539 1071 1562 ut
1086 1535 1205 1570 accipias
1221 1540 1324 1570 partem
1338 1543 1372 1562 ex
1386 1542 1417 1563 ea
1429 1535 1464 1562 'in
1481 1535 1561 1563 domo
1578 1541 1634 1562 tua.
1650 1534 1682 1562 Et
1694 1536 1788 1562 erexit
1807 1543 1852 1562 me
1869 1535 1898 1561 de

255 1583 326 1616 loco,
344 1587 371 1611 et
386 1581 562 1618 apprehendit
573 1589 682 1609 manum
699 1588 799 1612 meam.
813 1585 839 1608 et
850 1580 962 1608 adduxit
978 1580 1034 1616 (67)
1051 1589 1095 1608 me
1108 1581 1141 1608 ad
1157 1581 1328 1614 subsellium,
1343 1587 1369 1609 et
1387 1581 1424 1609 ait
1441 1581 1493 1609 illis
1504 1581 1651 1615 juvenibus
1668 1591 1674 1608 :
1696 1582 1744 1612 ite,
1767 1586 1797 1608 et
1813 1580 1897 1609 aditi.

255 1634 324 1657 cate.
340 1628 488 1662 Postquam
502 1632 591 1655 autem
606 1627 790 1655 discesserunt
802 1626 927 1661 juvenes.
940 1631 967 1654 et
981 1634 1032 1655 nos
1051 1626 1101 1654 soli
1116 1625 1217 1654 fuimus
1231 1627 1298 1662 (68),
1312 1627 1348 1654 ait
1361 1627 1426 1654 mihi
1442 1637 1448 1654 :
1465 1626 1534 1655 Sede
1552 1627 1604 1655 hic.
1621 1627 1686 1655 Dico
1700 1629 1724 1656 ei
1738 1638 1746 1656 ε
1768 1629 1898 1657 Domina.

255 1678 315 1707 sine
328 1678 450 1706 seniores
470 1681 534 1704 ante
555 1676 657 1704 sedere.
671 1675 749 1709 Quod
764 1675 812 1702 tibi
834 1674 906 1707 dico,
922 1675 1021 1710 inquit,
1037 1676 1110 1704 sede.
1129 1676 1253 1711 Cumque
1274 1675 1368 1703 vellem
1390 1675 1485 1703 sedere
1499 1675 1532 1703 ad
1550 1675 1690 1703 dexteram
1707 1681 1831 1711 partem,
1847 1685 1898 1704 non

255 1728 298 1752 est
315 1731 413 1758 passa;
428 1723 476 1750 sed
492 1722 630 1750 annuebat
645 1722 711 1749 mibi
728 1729 822 1755 manu,
840 1725 870 1748 ut
881 1721 914 1749 ad
928 1722 1067 1750 sinistram
1080 1727 1184 1758 partem
1203 1722 1334 1750 sederem.
1347 1722 1489 1758 Cogitante
1506 1721 1560 1757 (69)
1576 1727 1666 1749 autem
1683 1731 1737 1754 me.
1757 1727 1787 1750 et
1801 1730 1900 1750 musto

255 1771 412 1802 exsistrnte,
427 1769 501 1805 quod
515 1777 567 1797 non
583 1769 646 1797 sivit
657 1776 701 1796 me
716 1769 749 1797 ad
761 1768 900 1797 dexteram
914 1774 1017 1804 partem
1033 1770 1136 1803 sedere,
1156 1770 1194 1798 ait
1212 1770 1278 1797 mibi
1295 1779 1300 1796 :
1318 1769 1387 1802 Quid
1403 1773 1518 1797 moestus
1533 1776 1563 1796 es
1575 1788 1582 1801 ,
1602 1768 1722 1796 Herma?
1737 1768 1838 1797 Locus
1856 1771 1899 1803 qui

254 1823 297 1845 est
319 1818 352 1845 ad
376 1817 533 1850 dexteram,
557 1817 666 1845 illorum
683 1820 725 1844 est
747 1816 794 1852 qui
814 1816 871 1852 jam
894 1823 1053 1845 meruerunt
1071 1817 1175 1850 Deum,
1198 1822 1226 1845 et
1241 1818 1316 1853 passi
1338 1822 1403 1845 sunt
1423 1825 1506 1845 causa
1531 1817 1650 1846 nominis
1666 1818 1729 1852 ejus
1747 1818 1822 1853 (70).
1842 1818 1900 1846 Tibi

254 1867 345 1891 autem
359 1867 484 1898 superest
500 1862 668 1895 multum,ut
683 1869 746 1889 cum
766 1862 821 1890 illis
839 1862 947 1890 sedeas.
970 1862 1048 1890 Sicut
1067 1871 1177 1898 manes,
1196 1864 1224 1891 in
1248 1863 1422 1899 simplicitate
1442 1869 1489 1892 tua
1506 1871 1646 1899 permane,
1663 1869 1690 1891 et
1705 1864 1821 1892 sedebis
1840 1872 1900 1893 cum

255 1911 321 1946 illis,
335 1915 363 1939 et
376 1911 532 1947 quicunque
543 1909 646 1938 fuerint
660 1910 764 1945 operati
782 1910 891 1938 illorum
908 1917 1002 1945 opera.
1017 1915 1044 1938 et
1057 1910 1238 1939 sustinuerint
1254 1919 1316 1947 quae
1342 1911 1381 1939 illi
1396 1910 1595 1939 sustinuerunt.

989 1954 1103 1984 CAPUT
1122 1955 1154 1983 ll.

297 2007 363 2035 Dico
388 2007 412 2034 ei
431 2019 437 2035 ;
454 2006 585 2039 Domina,
603 2005 698 2032 vellem
721 2005 792 2032 scire
814 2012 876 2039 quae
900 2003 1102 2031 sustinuerunt.
1126 2002 1216 2036 Audi,
1238 2002 1326 2037 inquit
1341 2011 1349 2030 ς
1365 2001 1449 2029 Feras
1464 1998 1565 2028 beslias
1578 2018 1586 2032 ,
1606 1995 1727 2029 ﬂagella.
1741 2002 1894 2032 carceres.

261 2060 357 2080 cruces
367 2073 375 2085 ,
395 2059 478 2079 causa
490 2052 610 2079 nominis
625 2051 685 2086 ejus
701 2051 769 2085 (7i).
784 2050 898 2085 Propter
911 2050 963 2078 hoc
973 2069 981 2082 ,
997 2050 1105 2077 illorum
1122 2054 1185 2078 sunt
1199 2050 1302 2077 dextrae
1317 2054 1408 2084 partes
1425 2048 1578 2076 sanctitatis
1588 2067 1596 2079 ,
1612 2049 1639 2072 et
1654 2043 1788 2079 quisquis
1802 2042 1893 2077 patiu-

262 2104 307 2126 tur
321 2098 378 2133 (72)
391 2103 501 2132 propter
515 2104 614 2124 nomen
630 2096 676 2124 Dei
694 2096 770 2132 (75);
788 2096 955 2130 reliquorum
969 2100 1059 2123 autem
1075 2096 1195 2123 sinistra:
1208 2100 1300 2130 partes
1314 2100 1388 2123 sunt.
1403 2094 1455 2122 Sed
1471 2093 1596 2127 utrisque
1608 2091 1648 2118 eis
1665 2089 1736 2124 (74),
1751 2094 1781 2116 et
1796 2088 1849 2123 qui
1865 2086 1894 2112 ³ιῖ

261 2147 412 2179 dexteram,
431 2150 457 2172 et
472 2145 518 2179 qui
532 2144 566 2171 ad
580 2144 719 2172 sinistram
734 2144 839 2176 sedent,
853 2148 918 2171 sunt
927 2144 999 2171 dona
1011 2148 1040 2171 et
1050 2144 1265 2178 promissiones;
1278 2147 1382 2171 tantum
1394 2142 1467 2178 quod
1482 2143 1516 2168 ad
1537 2140 1676 2168 dexteram
1690 2137 1827 2165 sedentes
1847 2136 1894 2162 lia-

261 2193 326 2220 bent
344 2191 456 2227 gloriam
468 2191 624 2226 quamdam.
638 2189 679 2216 Tu
692 2194 781 2216 autem
796 2189 909 2224 cupidus
924 2197 953 2217 es
967 2190 1061 2216 sedere
1074 2189 1108 2216 ad
1120 2189 1242 2216 dextram
1257 2197 1319 2216 cum
1334 2189 1390 2221 eis;
1407 2188 1453 2215 sed
1467 2186 1629 2221 exiguitates
1643 2189 1698 2211 tua:
1709 2183 1808 2210 multa:
1819 2188 1893 2209 sum.

262 2236 460 2265 Emundaberis
472 2241 563 2263 autem
577 2236 611 2263 ab
623 2235 815 2270 exiguitatibus
826 2235 890 2262 tuis.
905 2234 956 2262 Sed
967 2239 994 2262 et
1005 2242 1101 2262 omnes
1117 2235 1164 2269 qui
1176 2234 1251 2261 dubii
1266 2242 1320 2261 non
1341 2233 1455 2266 fuerint,
1472 2231 1697 2260 emundabuntur
1712 2229 1749 2256 ab
1762 2229 1895 2255 omnibus

787 2302 905 2330 VARUF.
925 2301 1117 2330 LECTIO‘NES
1135 2302 1179 2329 ET
1195 2301 1311 2329 ΝΟΤᾹΞ.

260 2363 406 2404 προφῆτιγ,
417 2371 498 2404 quam
513 2362 771 2404 Latinusjnterpres
783 2360 1041 2404 verterit-Sibyllam».
1200 2360 1314 2404 Doril._et
1327 2359 1422 2404 Lamb.
1437 2358 1513 2392 Apud
1531 2365 1580 2383 me.

261 2395 482 2426 Sictit'ini‘ra'lib.
499 2407 518 2425 ιι
531 2419 538 2431 ,
561 2397 653 2425 mand.
667 2405 694 2424 vr
704 2395 717 2428 ,⁷
729 2397 859 2431 ἀγγέλους
874 2402 902 2424 et
918 2395 1019 2431 άγγελυ

261 2435 348 2466 genios
364 2442 397 2461 ac
411 2434 515 2466 genium
532 2433 657 2461 reddidit.

667 2405 694 2424 vr
704 2395 717 2428 ,⁷
729 2397 859 2431 ἀγγέλους
874 2402 902 2424 et
918 2395 1043 2431 hycknv’,
1132 2397 1189 2430 (66)
1206 2396 1302 2422 Lamb.
1319 2396 1418 2429 gloriir.

1132 2430 1189 2466 (67)
1206 2430 1301 2466 Lamb.
1317 2431 1416 2466 aliut].

259 2435 348 2470 genios
364 2442 397 2461 ac
411 2434 515 2469 genium
532 2433 657 2461 reddidit.
1132 2432 1189 2466 (67)
1207 2432 1301 2457 Lamb.
1317 2432 1416 2457 eduxit.
1534 2463 1540 2468 _

297 2469 353 2505 (56)
369 2468 466 2505 Lamb.
479 2469 593 2505 “licitum
607 2475 693 2505 suum.
714 2502 719 2505 μ
785 2503 790 2505 ἒ
862 2502 868 2505 _
912 2503 917 2505 ἒ
1204 2465 1298 2505 Lamb.
1311 2473 1372 2505 cum
1388 2463 1461 2505 Fello
1475 2463 1540 2505 facit:
1553 2469 1674 2505 sumus;
1685 2495 1707 2505 A:

296 2496 353 2540 (57)
369 2504 434 2540 Mss.
451 2504 479 2531 S.
488 2504 584 2540 perm.
601 2507 628 2529 et
646 2502 740 2540 Lamb.
754 2503 833 2540 scient
844 2502 928 2529 elei-ti.
1204 2496 1786 2540 Lamb.“liceoqumuenia-llus:Cogitanti!
1801 2502 1879 2528 ergo.

369 2538 464 2566 Lamb.
482 2537 630 2573 Crappalw.
646 2537 692 2574 Sic
705 2546 766 2565 mox
779 2557 787 2570 ,
801 2537 940 2574 Gruppate.
958 2573 962 2574 γ
1205 2535 1282 2574 μοιιι.
1301 2531 1414 2561 Domini.
1429 2533 1463 2574 ᾼι
1483 2531 1765 2574 Χὶεμρνλόθειξι-ελιμὶ

484 2563 795 2610 uel-iii."prodigiis}
822 2563 902 2599 habet
922 2563 1042 2607 jejunus.
1204 2570 1320 2610 Furens,
1336 2574 1365 2609 ut
1375 2569 1467 2599 modo,
1483 2568 1559 2594 Bodl.
1807 2565 1897 2610 (lc-rst-

261 2599 427 2643 Boiilxegens
439 2618 475 2636 es.
493 2609 587 2636 Lamb.
602 2599 698 2641 laganus
709 2599 745 2634 ὦ.
789 2599 795 2605 ’
922 2599 932 2606 ’
948 2599 957 2607 ’

297 2645 351 2674 (60)
370 2644 464 2671 Lamb.
481 2646 503 2671 ei
519 2644 599 2674 loqui.
619 2643 725 2672 Fellus.
739 2643 809 2674 loqui
827 2643 896 2669 εἰη..
918 2643 1019 2668 dit‘t’i’en

1144 2599 1187 2641 7;)
1203 2605 1299 2674 Ιὶειιιιι).
1315 2599 1464 2639 quicunque
1488 2610 1580 2637 passus
1601 2601 1695 2635 fuerit.
1717 2599 1800 2627 Bodl.
1821 2608 1897 2633 (μιν

1141 2650 1152 2666 κ
1167 2650 1193 2674 ρ.
1226 2660 1232 2666 .
1404 2673 1413 2674 7
1471 2673 1476 2674 γ

297 2645 351 2679 (60)
370 2644 464 2671 Lamb.
481 2646 503 2671 ei
519 2644 599 2678 loqui.
619 2644 725 2672 Fellus.
739 2644 809 2677 loqui
827 2644 896 2669 εἰη..
918 2644 1042 2669 ἀει-ρνεηι.

297 2679 353 2713 (61)
374 2679 469 2706 Lamb.
485 2680 622 2706 a’slimuvi.
719 2712 737 2713 κ
769 2712 772 2713 ν

1113 2650 1193 2713 ﬂag).
1206 2644 1284 2713 Deest
1297 2674 1347 2713 poi
1361 2675 1387 2700 in
1403 2673 1497 2713 Lamb.
1525 2707 1541 2713 η
1663 2711 1667 2713 Α
1690 2707 1696 2711 ι
1813 2710 1819 2713 _
1867 2705 1871 2708 ι

297 2707 352 2748 (62)
370 2715 464 2741 Lamb.
482 2715 600 2740 timeam.
620 2713 665 2740 Sic
676 2712 819 2750 ftAFcllus.
1096 2745 1105 2750 _
1206 2711 1270 2750 Mss.
1293 2710 1386 2736 Carm.
1414 2713 1441 2749 et.
1469 2707 1497 2748 S.
1522 2707 1613 2750 Germ.
1626 2707 1775 2750 .utrixquc.
1793 2710 1823 2750 et
1847 2707 1894 2750 ris2

371 2739 662 2776 Dedi:exstruxerunt.
675 2747 774 2780 Folius,
789 2753 865 2774 ererti
881 2755 893 2773 ι
904 2752 951 2774 ml.
1096 2739 1191 2772 Lainb'.
1214 2746 1331 2780 utrisque
1354 2752 1385 2771 ex
1399 2744 1437 2771 eis
1451 2744 1494 2779 qui
1519 2744 1553 2768 ad
1571 2744 1711 2768 dexteram
1727 2743 1823 2768 sederat
1835 2759 1844 2771 .
1861 2739 1896 2764 με(

296 2785 351 2820 (iii)
368 2785 455 2818 llo:ll.,
471 2783 564 2811 Lamb.
578 2788 604 2810 et
618 2783 709 2810 Carm.
725 2782 898 2816 horripilalio.
1093 2782 1226 2808 sinistram
1240 2782 1339 2808 sedent.
