1920 3104
37 116 75 145 9’3!
567 107 714 139 PASTOR.
735 124 770 130 —
789 106 854 136 LIB.
874 108 898 142 1,
917 107 1007 137 VISIO
1027 107 1070 136 lll.
1585 109 1639 137 903

35 174 134 211 peccatis
147 173 172 200 in
184 173 256 200 hunc
270 171 353 201 diem.
370 169 404 199 Et
423 178 486 199 cum
509 170 568 198 htee
582 170 716 201 dixisset.
731 168 841 196 volebat
853 168 939 196 abire.
952 167 985 195 Et
996 167 1142 203 procidens
1162 167 1202 194 illi
1222 167 1256 195 ad
1272 167 1354 203 pedes
1364 187 1374 201 ,
1388 167 1482 202 rogavi
1496 167 1570 195 illam
1588 175 1637 203 per

38 220 170 252 Dominum,
189 224 217 246 ut
229 219 294 245 mihi
308 218 509 246 demonstraret
522 218 594 252 quod
609 217 805 252 repromiserat
818 216 917 243 visum.
934 216 969 242 At
990 216 1036 242 illa
1050 223 1148 243 rursus
1160 215 1340 250 apprehendit
1355 223 1466 243 manum
1482 224 1570 244 meam
1582 236 1589 247 .
1609 220 1638 243 et

36 266 106 293 erexit
116 271 164 297 me,
178 268 204 292 et
219 263 282 291 fecit
294 264 387 292 sedere
400 270 484 298 super
498 262 660 290 subsellium
672 262 707 289 ad
723 261 884 294 sinistram;
899 266 927 288 et
945 261 1049 288 elevata
1071 260 1146 295 virga
1159 260 1278 295 quadam
1295 261 1448 296 splendida,
1460 262 1529 289 dixit
1544 262 1610 289 mihi
1627 270 1635 288 ε

36 315 102 342 Vides
113 322 165 341 rem
178 313 322 348 magnam?
336 312 401 340 Dico
415 313 441 341 ei
454 322 461 340 :
479 312 593 340 Domina
605 333 613 345 ,
627 311 694 339 nihil
711 311 802 338 video.
819 310 889 338 Ecce
905 311 964 346 (75)
978 317 1033 338 non
1050 310 1127 338 vides
1140 314 1234 337 contra
1250 313 1275 336 te
1288 310 1384 337 turrim
1407 318 1532 345 magnam
1545 331 1552 343 ,
1576 318 1638 345 quae

36 359 161 386 aedificatur
173 366 253 393 super
264 365 365 393 aquas,
377 357 514 393 lapidibus
534 357 648 393 quadris
662 357 719 392 (76)
737 356 914 392 splendidis?
938 356 966 383 In
983 356 1119 391 quadrato
1131 355 1205 383 enim
1227 354 1413 382 aediﬁcabatur
1427 355 1511 382 turris
1530 354 1564 382 ab
1583 354 1637 381 illis

36 413 72 432 sex
82 404 224 439 juvenibus,
238 404 284 438 qui
299 407 429 431 venerant
440 411 503 431 cum
518 402 574 430 illa.
588 402 647 430 Alia
660 406 752 430 autem
764 402 850 429 multa
862 401 948 429 millia
961 401 1084 428 virorum
1097 399 1278 436 apportabant
1291 398 1404 434 lapides.
1417 398 1534 431 Quidam
1546 402 1636 425 autem

37 452 62 479 de
72 452 191 487 profundo
207 452 351 479 trahebant
365 452 483 487 lapides;
498 451 544 479 alii
561 451 595 479 de
611 457 685 479 terra
706 450 910 478 transferebant
923 472 929 483 ,
956 454 980 477 et
1000 449 1176 485 porrigebant
1197 448 1250 476 illis
1265 455 1312 475 sex
1326 445 1484 481 juvenibus.
1500 444 1587 472 Porro
1599 444 1638 471 illi

37 500 188 535 accipiebant.
206 505 232 528 ct
243 500 424 527 adiﬁcabant.
440 497 495 526 Eos
507 502 598 526 autem
612 498 660 533 qui
678 498 712 525 de
729 497 866 533 profundo
879 497 1092 524 extrahebantur
1104 496 1218 531 lapides,
1235 502 1331 523 omnes
1344 494 1383 521 sic
1394 493 1566 528 ponebantur
1580 491 1637 527 (77)

37 547 57 574 in
73 551 221 574 structuram
236 555 243 573 :
255 545 332 581 politi
343 545 417 572 enim
428 549 518 576 erant,
531 547 558 571 et
572 543 768 570 convenientes
780 543 973 571 commissurae
985 549 1048 569 cum
1067 542 1121 569 illis
1133 541 1190 576 (78)
1206 541 1343 576 lapidibus
1355 549 1362 573 ;
1380 540 1474 574 sicque
1487 538 1638 572 conjunge-

37 595 116 621 liantur
128 595 193 622 alius
207 595 240 621 ad
261 593 356 626 alium,
378 592 416 619 ita
433 598 462 619 ut
474 591 664 620 commissura:
677 599 772 618 eorum
789 599 843 618 non
866 594 989 626 paterent
1009 589 1076 624 (79).
1098 589 1132 616 Et
1148 589 1176 616 in
1197 589 1270 616 hunc
1285 589 1396 616 modum
1418 585 1565 622 apparebat
1581 584 1638 620 (80)

38 644 149 666 structura
165 639 258 671 turris,
273 642 403 674 tanquam
417 644 452 665 ex
464 644 520 664 uno
533 637 623 672 lapide
635 636 780 664 aediﬁcata.
797 637 916 665 Caeteros
927 641 1018 664 autem
1033 636 1137 671 lapides
1152 635 1199 670 qui
1219 634 1404 662 atl'erebantur
1415 633 1448 660 de
1461 637 1542 664 terra,
1555 639 1640 666 quos-

37 685 84 711 dam
98 685 198 720 quidem
215 685 390 720 rejiciehant,
406 686 538 721 quosdam
559 694 624 714 vero
639 686 873 721 adaptabant(81)
890 687 919 714 in
934 691 1109 714 structuram.
1123 684 1200 712 Alios
1219 683 1396 715 excidebant,
1409 686 1435 709 et
1457 679 1640 716 projiciebaut

37 731 99 766 longe
106 725 123 758 la
135 731 208 758 turri.
220 731 275 758 Alii
291 736 380 760 autem
396 732 500 766 lapides
511 732 589 759 multi
602 733 675 759 circa
688 732 787 759 turrim
800 732 881 767 positi
895 737 973 759 erant
988 731 1044 766 (82)
1057 740 1067 764 ',
1079 735 1106 758 et
1118 738 1172 758 non
1185 730 1333 757 utebantur
1344 729 1398 756 illis
1412 728 1446 756 ad
1459 732 1638 755 structuram.

36 775 104 803 Erant
126 777 193 804 enim
211 778 321 812 quidam
345 786 378 806 ex
393 779 447 807 illis
465 779 599 813 scabrosi,
625 780 670 806 alii
687 783 778 807 autem
795 780 930 808 scissuras
943 779 1098 812 habebant,
1120 779 1165 806 alii
1181 785 1246 805 vero
1263 777 1371 806 candidi
1392 782 1419 804 et
1441 775 1567 808 rotundi,
1584 783 1639 802 non

37 824 200 853 convenientes
221 826 248 852 in
270 831 435 854 structuram
457 827 552 855 turris.
571 826 701 855 Videbam
725 832 816 855 autem
840 829 911 856 alios
930 828 1035 862 lapides
1058 827 1154 862 projiei
1176 827 1254 861 longe
1269 834 1284 853 a
1302 824 1390 856 turri,
1406 827 1432 850 et
1448 822 1599 850 incidentes
1612 821 1641 847 in

37 870 91 897 viam
103 871 164 905 (85),
177 876 203 898 et
216 880 271 899 non
289 877 429 901 manentes
440 873 467 899 in
480 873 540 905 via,
556 873 602 901 sed
617 873 689 901 volvi
704 873 738 901 de
750 873 793 900 via
811 874 839 901 in
854 874 944 901 locum
959 873 1098 901 desertum
1112 882 1119 905 ;
1136 873 1204 900 alios
1220 877 1311 899 autem
1326 871 1352 898 in
1369 871 1458 905 ignem
1475 868 1639 898 incidentes,

36 920 56 942 ct
65 916 174 945 ardentes
186 926 194 951 ;
206 918 276 945 alios
288 918 416 946 cadentes
428 926 510 947 secus
523 927 640 956 aquam,
656 929 707 949 nec
730 929 814 957 posse
840 921 911 949 volvi
932 922 959 949 in
983 929 1081 957 aquam
1095 942 1103 954 ,
1122 920 1276 948 volentibus
1295 917 1404 953 quidem
1425 915 1465 943 eis
1485 915 1588 942 inlral'e
1612 914 1639 940 ill

35 971 124 998 aquam.

730 1014 848 1044 CAPUT
874 1017 920 1043 lli.

61 1054 88 1083 Et
101 1063 158 1084 cum
172 1057 230 1086 haec
245 1058 313 1086 mihi
339 1059 562 1092 demonstrasset,
584 1060 691 1088 volebat
712 1061 837 1089 recedere
850 1061 917 1095 (85).
935 1061 1000 1089 Dico
1021 1061 1046 1089 ei
1062 1071 1068 1089 :
1084 1060 1209 1093 Domina,
1225 1058 1291 1094 quid
1308 1056 1375 1084 mihi
1394 1055 1506 1090 prodest
1528 1056 1585 1082 haec
1599 1053 1641 1080 vi-

34 1099 100 1133 disse.
111 1107 136 1129 ει
149 1111 199 1130 non
213 1104 285 1132 scire
296 1114 357 1140 quae
369 1109 424 1136 sint
434 1109 476 1136 hae
489 1110 553 1138 res?
568 1110 745 1146 Respondeas
760 1112 829 1140 dixit
842 1112 909 1139 mihi
926 1121 932 1138 ς
947 1111 1083 1139 Versutus
1098 1118 1129 1138 es
1145 1110 1238 1139 homo,
1256 1104 1349 1132 volens
1363 1103 1433 1131 scire
1443 1109 1476 1128 ea
1491 1108 1552 1136 qua:
1565 1100 1643 1127 circa

35 1146 112 1173 turrim
124 1153 193 1175 sunt.
209 1149 259 1182 lta,
275 1151 398 1186 inquam,
412 1154 534 1189 domina,
551 1161 579 1183 ut
594 1156 727 1185 fratribus
742 1158 912 1190 annuntiem,
934 1163 961 1185 et
976 1158 1120 1185 hilariores
1141 1156 1221 1188 tiant;
1239 1157 1268 1181 et
1277 1154 1335 1180 haec
1349 1151 1490 1179 audientes
1508 1149 1641 1177 honorili-

34 1198 83 1220 (ent
94 1193 230 1223 Dominum
247 1205 310 1225 cum
325 1199 408 1227 multa
424 1201 522 1235 gloria.
538 1201 571 1229 Et
596 1202 639 1230 illa
659 1203 717 1230 ait:
734 1204 853 1231 Audierit
869 1204 978 1239 quidem
999 1203 1077 1231 multi
1091 1213 1097 1236 ;
1111 1207 1138 1231 et
1152 1210 1214 1230 cum
1235 1199 1393 1230 audierint,
1414 1198 1526 1232 quidam
1543 1203 1576 1223 ex
1598 1196 1642 1223 eis

34 1239 183 1286 gaudebunt,
199 1243 311 1277 quidam
325 1249 415 1273 autem
432 1246 544 1275 ﬂebunt.
563 1247 615 1276 Sed
629 1253 657 1276 et
670 1249 715 1276 isti
736 1249 793 1286 (85)
808 1250 961 1283 audientes,
975 1250 998 1278 si
1014 1249 1202 1285 ptenitentiam
1225 1248 1340 1283 egerint,
1356 1250 1384 1273 et.
1404 1246 1454 1281 ipsi
1469 1244 1642 1280 gaudebunt.

33 1283 88 1312 Audi
103 1294 170 1315 nunc
181 1287 213 1315 de
225 1289 405 1318 similitudine
417 1293 500 1320 turris
515 1293 606 1321 omnia
622 1294 690 1327 hate,
706 1298 733 1322 et
753 1283 886 1322 hactenus
900 1295 966 1322 mihi
978 1283 1195 1322 derrevelatione
1211 1293 1353 1320 molestior
1365 1299 1427 1319 esse
1440 1290 1506 1317 noli.
1523 1289 1639 1316 Revela-

33 1330 104 1359 tiones
114 1333 181 1360 enim
194 1335 254 1362 istae
268 1336 349 1363 linem
362 1337 478 1365 habent:
494 1339 613 1374 impletae
627 1344 692 1367 sunt
704 1340 788 1367 enim.
807 1340 859 1368 Sed
874 1345 901 1368 tu
918 1349 973 1368 non
994 1341 1098 1368 desinis
1115 1341 1142 1367 in
1159 1341 1275 1375 petendo
1290 1339 1482 1369 revelationes,
1497 1337 1642 1372 improbus

34 1377 78 1411 (86)
90 1379 155 1407 enim
169 1388 206 1408 es.
219 1381 322 1410 .Turris
338 1383 448 1417 quidem
467 1393 551 1420 quam
564 1385 640 1414 vides
654 1386 796 1418 aediﬁcari,
812 1394 863 1422 ego
879 1395 940 1414 sum
956 1386 1089 1419 Ecclesia,
1103 1395 1165 1422 quae
1183 1387 1231 1414 tibi
1247 1386 1360 1422 apparui
1373 1389 1400 1412 et
1416 1383 1498 1411 modo
1511 1388 1538 1411 ct
1550 1383 1638 1418 prius.

33 1421 199 1461 Quodcunque
208 1427 292 1464 igitur
304 1429 433 1463 volueris,
447 1430 584 1467 interroga
594 1432 627 1459 de
639 1432 725 1466 turri;
737 1436 764 1460 et
776 1421 901 1460 revelabo
914 1433 974 1465 tibi,
990 1437 1020 1460 ut
1033 1421 1153 1468 gaudeas
1167 1440 1228 1460 cum
1246 1421 1359 1460 sanctis.
1379 1431 1445 1458 Dico
1453 1431 1477 1457 ei
1491 1440 1498 1458 :
1512 1429 1642 1462 Domina,

32 1470 141 1502 quoniam
157 1479 197 1498 me
212 1473 297 1500 semel
309 1473 418 1510 dignum
434 1477 565 1505 arbitrata
577 1486 606 1506 es
621 1482 651 1505 ut
665 1479 759 1505 omnia
776 1478 843 1505 mihi
860 1479 975 1511 revelcs,
992 1480 1092 1507 revela.
1113 1480 1158 1506 Ait
1174 1479 1241 1506 mihi
1260 1489 1266 1506 :
1283 1478 1472 1513 Quodcunque
1490 1476 1643 1511 oportuerit

34 1514 71 1541 tibi
84 1517 199 1549 revelari,
216 1518 402 1555 revelabitur;
420 1527 524 1550 tantum
544 1527 573 1551 ut
584 1531 631 1551 cor
643 1527 720 1550 tuum
737 1524 807 1559 apud
822 1523 968 1552 Dominum
985 1525 1030 1557 sit,
1046 1529 1073 1553 et
1088 1533 1122 1552 ne
1137 1525 1256 1556 dubites,
1269 1516 1454 1560 quodcunque
1468 1524 1582 1551 videris.
1595 1524 1626 1551 ιιι

33 1565 145 1600 terrogavi
160 1567 215 1601 (87)
228 1568 304 1595 illam
322 1577 328 1595 :
344 1567 434 1601 Quare
448 1569 532 1596 turris
542 1569 674 1597 aediﬁcata
691 1574 732 1597 est
748 1578 832 1605 super
842 1578 939 1605 aquas,
957 1571 1088 1599 domina?
1110 1571 1260 1607 Respondit
1275 1583 1282 1600 :
1304 1571 1431 1599 Dixeram
1446 1571 1493 1598 tibi
1507 1576 1534 1598 et
1552 1571 1640 1606 prius.

32 1616 152 1639 versutum
169 1618 195 1640 te
207 1621 270 1641 esse
283 1614 354 1641 circa
369 1618 524 1642 structuras
539 1615 684 1650 diligenter
697 1615 895 1650 inquirentem;
912 1617 995 1651 igitur
1007 1617 1129 1645 invenies
1142 1619 1292 1646 veritatem.
1303 1619 1394 1652 Quare
1409 1625 1475 1653 ergo
1490 1625 1572 1652 super
1584 1616 1642 1652 (88)

33 1663 102 1690 aquas
111 1658 258 1686 addicatur
271 1659 365 1692 turris,
378 1659 461 1687 audi:
478 1660 614 1693 Quoniam
631 1660 687 1687 vita
710 1666 800 1688 vestra
826 1669 875 1696 per
896 1669 996 1697 aquam
1023 1663 1097 1690 salva
1123 1662 1193 1690 facta
1214 1669 1265 1696 est,
1289 1668 1316 1691 et
1340 1664 1385 1691 fiet
1398 1663 1431 1690 ⁸⁷.
1454 1663 1579 1691 Fundata
1599 1667 1642 1690 est

33 1703 91 1730 cnim
104 1704 182 1732 verbo
195 1705 392 1740 omnipotentis
405 1709 432 1733 et
446 1705 591 1734 honoriﬁci
606 1707 726 1735 nominis
741 1716 746 1734 :
760 1708 917 1735 continetur
931 1713 1024 1736 autem
1036 1709 1092 1744 (89)
1105 1710 1138 1737 ab
1151 1710 1284 1739 invisibili
1304 1712 1406 1740 virtute
1421 1711 1481 1739 Dei.

734 1761 849 1790 CAPUT
867 1762 912 1790 ιιι.

60 1797 225 1849 Respondens
241 1803 305 1830 dico
316 1803 339 1830 ei
355 1812 362 1831 :
374 1803 515 1840 Magnifice
530 1805 633 1834 habent
643 1815 672 1834 se
684 1815 728 1835 res
744 1808 795 1835 lite.
809 1808 849 1835 illi
862 1813 953 1836 autem
965 1809 1079 1844 juvcncs
1088 1819 1136 1839 sex
1149 1812 1196 1846 qui
1209 1813 1354 1845 aediﬁcant,
1367 1814 1413 1849 qui
1425 1819 1500 1847 sunt,
1517 1815 1642 1842 domina?

31 1842 57 1870 lli
70 1846 118 1880 (90)
135 1853 197 1875 sunt
211 1849 302 1883 angeli
326 1849 382 1884 (9i)
400 1849 446 1877 Det
465 1852 512 1886 qui
535 1852 625 1887 primo
649 1853 790 1881 constituti
814 1860 887 1887 sunt.
905 1842 1006 1890 quibus
1027 1858 1138 1885 tradidit
1154 1842 1287 1887 Dominus
1308 1842 1464 1889 universam
1484 1842 1640 1889 creaturam

30 1898 104 1925 suam,
121 1895 242 1922 struendi
262 1895 329 1929 (92),
346 1896 497 1925 aedificandi
514 1902 541 1924 ct
552 1899 710 1926 dominandi
723 1905 857 1927 creaturae
871 1901 954 1928 illius.
971 1901 1022 1929 Per
1038 1903 1089 1932 hos
1101 1904 1174 1931 enim
1196 1905 1252 1939 (95)
1267 1907 1504 1935 consummabitur
1520 1913 1641 1936 structu-

30 1946 54 1966 ra
66 1942 150 1969 turris.
174 1943 273 1970 Caeteri
293 1948 384 1970 autem
409 1943 456 1978 qui
471 1949 616 1978 apportant
630 1943 686 1979 (94)
701 1944 806 1979 lapides
826 1946 873 1981 qui
898 1947 980 1974 sunt?
994 1947 1026 1976 Et
1042 1949 1094 1983 ipsi
1110 1950 1198 1977 sancti
1212 1950 1268 1985 (95)
1290 1953 1379 1988 angeli
1395 1953 1502 1981 Domini
1516 1963 1524 1983 :
1538 1954 1584 1981 sed
1601 1954 1640 1980 illi

59 2000 93 2027 ⁸⁷1
111 2001 180 2030 Petr.
199 2010 243 2036 ιιι,
256 2001 303 2036 20,
319 2003 364 2030 21.

544 2061 662 2090 νΑιιιΕ
677 2061 871 2090 LECTlONES
890 2062 935 2090 ET
954 2061 1070 2090 ΝΟΤᾸΞ.

57 2116 106 2149 (75)
122 2117 196 2146 Bodl.
210 2117 275 2145 add.
292 2117 335 2145 Ait
350 2117 413 2144 mihi
426 2125 434 2144 :
448 2117 529 2148 Ecce.
544 2123 596 2145 etc.

57 2152 105 2185 (76)
117 2152 184 2189 yss.
213 2153 244 2180 S.
269 2152 476 2186 Germ.,Carm.
491 2158 518 2180 et
536 2152 632 2181 Lamb.
652 2153 799 2189 quadratis.

30 2184 66 2214 Sic
78 2193 101 2214 et
116 2188 212 2216 Fcllus.

55 2222 105 2282 (77)
120 2223 183 2251 Mss.
198 2224 293 2251 Carm.
306 2227 334 2251 et
352 2222 449 2251 Lamb.
471 2224 647 2257 imponebant.
661 2223 737 2252 Bodl.
755 2232 802 2258 po-

68 2266 97 2282 tm
110 2279 116 2282 .

29 2263 105 2283 netttmt
110 2279 116 2285 .

55 2292 105 2326 (78)
121 2293 158 2329 ita
182 2299 304 2329 quatuor
326 2302 393 2322 mss.
419 2293 448 2321 S.
465 2294 569 2327 Germ.,
587 2293 669 2328 Vict.,
683 2293 759 2321 Bodl.
777 2299 802 2321 et

29 2325 108 2354 Lamb.
121 2325 202 2362 Editi,
226 2329 299 2356 aliis.

57 2363 107 2397 (i9)
125 2363 236 2397 Lamb.,
250 2364 342 2392 Carm.
358 2370 384 2392 et
400 2364 429 2391 S.
447 2364 539 2392 Germ.
562 2369 694 2397 parerent.
716 2363 762 2391 Sic
776 2369 802 2390 et

28 2395 114 2435 fellus,
123 2400 169 2435 qui
179 2395 278 2435 tamen
288 2400 430 2435 legendutn
446 2395 567 2434 conjicit,
582 2405 711 2435 paterent.
724 2398 802 2427 Hunc

28 2431 103 2470 locum
118 2431 251 2470 describit
261 2431 403 2470 Origenes,
424 2431 586 2462 Pliilo'calite'
608 2443 667 2470 cap.
685 2443 746 2461 vm.

57 2467 106 2503 (80)
120 2468 196 2497 Bodl.
214 2475 241 2497 et
259 2467 354 2497 Larnh.
372 2470 406 2496 Et
421 2471 459 2496 sic
470 2471 588 2504 parebat.
606 2467 648 2497 lta'
660 2475 686 2498 et
699 2469 800 2501 Fellus,

28 2510 105 2564 edqno
125 2509 216 2532 tamen
237 2512 291 2532 ms.
316 2505 459 2533 lectionem
480 2506 571 2533 minus
595 2510 668 2533 recte
685 2505 802 2533 reddunt

28 2544 40 2564 e
57 2544 91 2564 ιιι.

28 2544 91 2565 εαιιι.

56 2574 105 2610 (Si)
119 2574 215 2603 Lamb.
232 2575 372 2610 ponebant.

57 2609 121 2646 (82L
129 2610 174 2638 Sic
188 2609 268 2638 Bodl.
283 2618 310 2638 et
321 2610 417 2638 Lamb.
430 2618 463 2638 ex
477 2610 562 2638 Fello.
581 2611 650 2639 Editi
662 2611 798 2646 jacebant.

33 2642 264 2675 lpud'Russelium
288 2646 431 2673 invenitur
445 2646 535 2673 lectio.
552 2646 642 2674 Monet
661 2642 684 2673 cl
716 2647 799 2674 Cote-

27 2677 168 2716 leriusrhuc
189 2681 342 2716 respexisse
365 2680 508 2716 Didymum
533 2682 560 2708 in
576 2682 676 2709 Catena
695 2682 729 2708 ad
747 2681 798 2708 Job

26 2720 76 2746 Vm,
90 2715 131 2748 l7,
152 2716 196 2749 18,
220 2715 247 2750 νζ
262 2716 326 2743 202.
343 2715 512 2750 Ιῦμιένθιιιιι
532 2717 602 2744 inter
617 2717 743 2744 Veterum
759 2722 799 2744 te-

26 2750 140 2787 stimonia
149 2752 279 2786 superius
292 2752 386 2778 relata.
398 2751 447 2778 His
457 2752 546 2779 aliinia
561 2760 624 2780 mox
633 2753 702 2779 inira
718 2760 796 2787 capp.

26 2784 39 2810 6
51 2786 154 2822 etjhet
166 2784 214 2814 lib.
231 2794 272 2818 ιιι,
287 2787 369 2813 simil.
381 2794 419 2818 ix,
436 2794 514 2822 capp.
527 2787 556 2821 6,
570 2789 595 2821 7,
611 2789 655 2816 51.

55 2820 106 2853 (83)
119 2820 217 2850 Lamb.
233 2822 360 2849 venientes
372 2823 398 2848 in
414 2822 465 2849 ria.

890 2117 946 2151 (84)
963 2117 1013 2144 Ms.
1027 2117 1055 2144 S.
1070 2117 1175 2150 Germ,
1187 2118 1278 2146 Carm.
1292 2123 1319 2147 et
1331 2118 1427 2145 Lamb.
1439 2126 1580 2146 recurrere.

889 2153 945 2188 (85)
967 2152 1003 2179 ita
1013 2161 1079 2188 mss.
1089 2153 1318 2183 S.Germ.,Carm.
1334 2159 1361 2181 et
1372 2154 1466 2181 Lamb.
1481 2154 1550 2181 Editi
1561 2176 1567 2188 ,
1586 2155 1639 2183 illi.

890 2187 945 2224 (86)
963 2187 1009 2224 Sic
1021 2187 1096 2224 Bodl.
1112 2193 1138 2215 et
1148 2188 1246 2224 Lamb.
1264 2189 1333 2216 Editi
1349 2190 1527 2224 importunus.

891 2223 947 2260 (87)
963 2223 1012 2260 Ms.
1024 2222 1118 2260 Lamb.
1125 2223 1236 2260 :‘Beuela
1245 2225 1307 2251 milii
1316 2222 1486 2260 quodcunque
1495 2226 1641 2259 oportuerit

855 2259 904 2284 tibi
919 2258 1042 2299 i'et'n'lare.
1061 2258 1228 2299 Revetabitur
1248 2268 1263 2299 tt
1283 2258 1485 2299 te.’tuntun_t'ut
1497 2258 1640 2299 corgtunnt

854 2293 925 2327 apud
942 2293 1084 2320 Dominum
1096 2294 1142 2324 sit.
1158 2299 1182 2320 et
1201 2303 1232 2321 ne
1243 2295 1347 2321 dubites
1364 2295 1433 2329 quod
1452 2303 1512 2320 eum
1531 2297 1638 2323 videris.

854 2327 1030 2363 Interrogavi,
1046 2335 1097 2356 etc.
1113 2328 1218 2357 Laudat
1232 2331 1306 2357 lmnc
1321 2331 1410 2357 locum
1425 2329 1551 2357 Clemens
1561 2332 1639 2358 Alex.

852 2363 1033 2400 Ethlelll),
1049 2372 1077 2400 tt,
1091 2372 1153 2398 cap.
1166 2365 1191 2396 l,
1207 2373 1267 2400 pag.
1283 2365 1346 2392 450.

889 2399 945 2433 (88)
962 2397 1049 2430 Bodl,
1062 2397 1157 2426 Lamb.
1174 2397 1303 2427 οιὉιῐι-ιιι,
1317 2401 1388 2427 circa
1401 2400 1556 2434 scripturas.
1572 2401 1637 2429 Dili-

853 2434 1084 2469 genterinqnirens
1101 2435 1193 2469 igitur.
1209 2435 1254 2462 Sic
1269 2435 1369 2462 Fellus.
1380 2435 1462 2462 Addit
1474 2436 1597 2464 Clericus
1612 2439 1639 2464 in

852 2478 904 2497 ms.
919 2469 1017 2507 Lamb.
1030 2469 1065 2496 ita
1081 2470 1130 2507 legi
1146 2478 1153 2496 :
1171 2472 1329 2505 scripturas,
1342 2477 1366 2497 et
1381 2471 1566 2505 inquirentem.
1583 2472 1640 2507 lgi-

853 2505 1047 2549 tttrni‘nve‘n‘iens
1062 2506 1292 2549 veﬁimtemﬂnare
1303 2514 1389 2546 super.
1404 2511 1457 2532 etc.

888 2539 944 2574 (89)
966 2540 1011 2567 Sic
1024 2548 1076 2567 ms.
1088 2540 1180 2567 Carm.
1199 2539 1282 2573 Editi,
1296 2541 1378 2567 enim.

887 2576 944 2610 (90)
962 2575 1037 2602 Bodl.
1053 2576 1115 2603 add.
1128 2576 1177 2602 Αίι-
1188 2577 1273 2602 milii:
1291 2575 1337 2605 Hi.
1353 2580 1404 2602 etc.
1421 2574 1467 2602 Sic
1480 2581 1507 2603 et
1517 2575 1619 2604 Fellus.

887 2611 943 2645 (91)
955 2611 1036 2638 Addit
1048 2610 1137 2638 Fellus
1149 2618 1181 2638 ex
1197 2611 1291 2638 Lamb.
1308 2611 1406 2638 sancti.

886 2646 943 2681 (92)
963 2645 1013 2673 Ms.
1028 2646 1055 2673 S.
1072 2646 1175 2677 θέει-ιιι,
1186 2646 1277 2673 Carm.
1293 2650 1320 2672 et
1332 2645 1427 2673 Lamb.
1444 2647 1561 2673 creandi.
1575 2646 1638 2674 Fel-

849 2681 894 2708 lus
914 2687 1004 2708 autem
1022 2690 1029 2708 :
1044 2687 1071 2708 ut
1093 2686 1234 2714 struerem,
1254 2681 1416 2715 tediﬁcarent
1432 2686 1456 2708 et
1471 2683 1639 2710 dominaren-

851 2722 903 2744 tur.

884 2752 941 2788 (93)
956 2752 1034 2788 Bodl.
1048 2757 1075 2780 et
1086 2751 1180 2788 Lamb.
1193 2760 1265 2788 ergo.

884 2787 940 2821 (94)
956 2787 1031 2814 Bodl.
1045 2787 1231 2822 apportabunt.
1252 2787 1351 2821 Fellus,
1363 2787 1513 2821 deportant.

883 2823 941 2858 (95)
957 2822 1009 2851 Ms.
1025 2822 1053 2850 S.
1067 2823 1158 2851 Germ.
1175 2831 1202 2851 et
1218 2823 1287 2851 Vict.
1301 2829 1323 2851 et
1344 2824 1393 2860 ipsi
1411 2828 1471 2851 sunt
1487 2823 1583 2851 sancti.
