1920 3104
80 109 124 137 905
629 106 776 135 PASTOR.
788 123 826 129 -
845 107 910 135 LIB.
931 108 952 141 Ι,
973 109 1062 137 VISIO
1082 110 1126 138 ill.
1629 113 1683 142 906

80 162 214 194 u-ibulatio,
227 166 341 197 propter
351 162 462 192 divitias
476 171 541 192 suas
557 169 585 192 et
596 165 795 200 negotiationes
814 165 952 201 abnegant
970 167 1116 194 Dominum
1133 167 1200 202 (‘20).
1218 168 1405 204 Respondens,
1422 171 1484 198 dico
1492 172 1516 199 ei
1532 179 1538 198 :
1555 171 1682 206 Domina,

78 209 171 245 quando
184 216 246 243 ergo
263 209 344 236 utiles
360 216 442 237 erunt
461 209 595 238 Domino?
614 210 682 239 Cum
699 211 869 239 circumcisa:
880 232 888 244 ,
908 213 1007 247 inquit,
1021 212 1124 240 fuerint
1139 214 1240 241 divitiae
1254 223 1348 242 eorum
1360 237 1366 248 ,
1384 224 1444 251 qua:
1464 224 1511 245 eos
1528 217 1683 253 delectant;

79 263 132 285 tunc
145 256 304 284 eruntutiles
318 256 446 289 Domino,
461 257 493 284 ad
510 257 666 284 aedilicium.
684 256 762 284 Sicut
776 258 850 284 enim
866 258 934 292 lapis
946 259 1091 291 rotundus,
1108 259 1161 286 nisi
1175 259 1285 288 decisus
1301 260 1393 292 fuerit.
1407 266 1434 289 et
1453 263 1583 297 abjecerit
1602 265 1636 292 ab
1653 273 1684 293 se

77 303 175 338 aliquid,
190 310 243 331 non
255 307 345 337 potest
361 303 512 337 quadratus
527 303 585 330 ﬂeri
601 313 607 330 :
626 303 668 330 sic
683 308 710 330 et
722 302 770 338 qui
782 302 882 330 divites
898 309 963 331 sunt
976 304 1004 331 in
1024 304 1076 332 hoc
1091 305 1201 338 saeculo,
1215 305 1268 333 nisi
1282 306 1453 336 circumcisa
1470 309 1571 337 fuerint
1582 310 1685 339 divitia:

77 356 165 380 eorum,
180 355 231 375 non
244 351 359 382 possunt
370 348 487 375 Domino
501 348 580 376 utiles
592 355 662 375 esse.
680 347 704 374 Α
718 354 744 375 te
756 348 813 383 (21)
826 348 946 382 primum
963 349 1032 376 scito
1047 359 1053 377 :
1069 349 1184 382 Quando
1198 351 1274 379 dives
1288 351 1381 385 fuisti,
1399 354 1503 382 inutilis
1515 363 1591 390 eras;
1610 365 1685 385 nunc

76 402 130 421 vero
141 393 208 421 utilis
218 400 258 425 es,
269 397 297 420 et
311 397 392 428 aptus
402 394 466 421 vitae
478 398 546 427 tuae;
562 401 626 421 nam
641 398 669 421 et
683 398 712 421 tu
732 394 792 429 ipse
803 401 836 421 ex
849 393 890 421 eis
904 394 1042 429 lapidibus
1056 395 1144 423 fuisti.

772 450 888 481 CAPUT
908 450 967 479 VII.

102 493 208 523 Caeteros
220 499 311 521 autern
325 494 429 529 lapides
441 503 511 530 quos
526 496 619 524 vidisti
634 496 715 532 longe
735 497 872 531 projectos
884 505 899 524 a
915 497 994 530 turri,
1009 502 1036 524 et
1056 502 1199 526 currentes
1218 498 1246 525 iu
1262 499 1316 531 via,
1333 503 1360 526 et
1379 499 1450 526 volvi
1469 500 1502 527 de
1516 500 1558 528 via
1580 501 1607 527 in
1623 501 1684 530 loca

74 542 178 575 deserta;
194 543 211 570 ii
227 547 291 570 sunt
303 543 349 576 qui
366 541 543 570 crediderunt
558 543 680 576 quidem,
694 542 868 570 dubitatione
884 547 975 570 autem
993 550 1044 570 sua
1065 543 1236 578 reliquerunt
1249 543 1305 579 (22)
1327 543 1396 570 viam
1419 552 1496 571 suam
1513 552 1616 577 veram,
1632 554 1685 580 pu-

74 591 149 614 tantes
159 594 187 614 se
200 586 341 614 meliorem
355 586 430 613 viam
450 594 536 621 posse
548 587 682 614 invenire.
695 586 795 614 Errant
810 592 904 615 autem
923 593 950 615 et
962 589 1056 615 miseri
1072 593 1147 620 sunt,
1162 589 1347 623 ingredientes
1365 588 1392 615 in
1409 589 1533 616 desertas
1547 589 1617 617 vias.
1631 590 1684 623 Qui

73 639 150 663 autem
159 635 289 663 cadebant
300 636 328 662 in
346 635 446 671 ignem,
463 638 491 660 et
506 633 654 666 ardebant,
674 633 692 660 ii
709 637 772 661 sunt
794 633 840 668 qui
858 633 885 660 in
903 638 1063 668 perpetuum
1087 634 1280 661 abscesserunt
1297 634 1353 669 (25)
1371 641 1386 660 a
1402 633 1458 661 Deo
1472 634 1545 666 vivo,
1561 643 1612 662 nec
1625 643 1685 662 am-

71 681 131 715 plius
144 681 195 708 illis
212 681 336 708 ascendit
353 680 381 707 in
403 680 486 708 corda
504 679 693 713 paenitentiam
716 686 813 713 agere,
831 683 944 714 propter
966 679 1103 706 desideria
1121 680 1264 706 libidinum
1283 687 1394 706 suarum
1416 685 1442 706 et
1467 680 1600 707 scelerum
1623 689 1684 716 qua:

72 730 210 760 operantur.
227 725 325 755 Caeteri
341 733 406 752 vero
422 725 470 760 qui
487 725 620 752 cadebant
634 723 711 758 juxta
729 731 826 759 aquas,
838 728 865 751 et
880 732 936 752 non
955 729 1084 759 poterant
1102 725 1173 753 volvi
1192 725 1219 752 in
1240 733 1338 760 aquas,
1358 726 1405 761 qui
1423 726 1505 753 sunt?
1517 726 1538 753 Ii
1556 732 1619 754 sunt
1636 728 1684 762 qui

71 772 168 799 verbum
178 771 334 805 audierunt,
351 771 475 799 volentes
490 772 622 806 baptizari
640 771 666 798 iu
683 771 794 798 nomine
807 770 933 805 Domini;
948 772 1049 807 quibus
1065 780 1127 799 cum
1146 773 1221 800 venit
1243 773 1270 800 in
1288 772 1448 800 memoriam
1464 772 1595 800 sanctitas
1612 774 1685 800 veri-

70 819 132 850 tatis,
143 818 282 845 retrahunt
298 825 338 850 se,
356 817 552 852 ambulantque
569 825 666 845 rursus
688 821 751 852 post
770 818 907 845 desideria
925 825 976 845 sua
998 818 1126 845 scelesta.
1143 818 1353 846 Consummavit
1377 817 1460 852 igitur
1480 819 1683 847 enarrationem

70 864 147 890 turris.
165 863 219 899 Ego
234 871 311 896 vero,
329 870 393 890 cum
410 862 499 890 adhuc
514 870 602 890 essem
621 863 763 897 improbus
781 862 849 898 (24),
867 863 1034 898 interrogavi
1052 864 1127 891 illam
1141 873 1148 890 :
1161 864 1203 891 An
1221 864 1256 892 iis
1269 864 1397 891 omnibus
1413 863 1551 898 lapidibus
1566 865 1623 900 (25)
1636 866 1684 901 qui

69 910 166 944 projecti
183 914 256 942 sunt,
276 917 327 937 nec
343 909 542 936 conveniebant
558 909 585 937 in
599 913 767 936 structuram
778 909 874 942 turris,
886 916 920 936 an
935 913 977 936 est
990 909 1168 944 poenitentia;
1181 914 1207 937 et
1224 909 1365 937 habebunt
1382 909 1439 945 (26)
1453 910 1543 938 locum
1563 912 1589 938 in
1607 916 1682 940 turre

69 956 128 983 hac?
143 956 252 987 Habent,
271 956 371 991 inquit,
389 953 580 989 pcenitentiam
591 973 598 985 ,
615 953 663 980 sed
681 953 707 979 in
725 953 778 980 hac
798 957 875 980 turre
891 960 946 980 non
965 958 1081 987 possunt
1098 954 1247 982 convenire
1264 963 1271 987 ;
1290 954 1344 981 alio
1356 960 1447 982 autem
1466 955 1528 983 loco
1544 963 1683 991 ponentur

68 1001 140 1029 multo
156 1001 302 1034 inferiore;
320 1006 347 1029 et
362 1001 415 1028 hoc
427 1000 495 1036 (27),
514 1007 575 1027 cum
591 999 706 1027 cruciati
721 998 834 1031 iuerint,
850 1003 878 1026 et
889 998 1060 1033 impleverint
1071 999 1129 1027 dies
1141 1005 1314 1034 peccatorum
1327 1010 1451 1030 suorum.
1463 1003 1496 1030 Et
1510 1010 1618 1039 propter
1628 1005 1682 1033 hoc

68 1049 258 1082 transferentur,
276 1049 406 1084 quoniam
427 1051 608 1084 perceperunt
623 1046 736 1074 verbum
753 1046 858 1081 justum
877 1046 945 1081 (28).
963 1046 997 1074 Et
1015 1051 1081 1074 tunc
1096 1046 1150 1074 illis
1167 1047 1307 1083 continget
1325 1050 1466 1077 transferri
1483 1051 1516 1077 de
1537 1052 1642 1085 poenis,
1657 1053 1680 1080 si

67 1098 225 1126 ascendet-int,
237 1098 266 1126 in
280 1097 364 1126 corda
378 1097 513 1132 ipsorum,
532 1100 615 1128 opera
629 1099 692 1127 quae
708 1092 814 1127 operati
837 1096 901 1120 sunt
919 1092 1045 1120 scelesta.
1067 1091 1146 1124 Quod
1163 1092 1187 1119 si
1203 1100 1259 1120 non
1277 1094 1452 1122 ascenderint
1468 1096 1495 1122 in
1513 1097 1594 1124 corda
1607 1097 1680 1132 ipso—

66 1151 127 1176 rum,
141 1152 192 1171 non
206 1147 289 1172 erunt
305 1142 373 1170 salvi
389 1145 498 1176 propter
512 1139 643 1166 duritiam
659 1137 752 1164 cordis
768 1137 822 1164 sui.

763 1195 880 1224 CAPUT
906 1195 977 1222 Vili.

94 1249 154 1278 Cum
169 1257 231 1285 ergo
243 1248 337 1277 destiti
350 1248 519 1280 interrogare
531 1245 587 1280 (29)
603 1244 677 1271 illam
693 1243 727 1270 de
742 1242 873 1271 omnibus
891 1242 961 1275 istis,
975 1242 1013 1268 ait
1029 1241 1096 1268 mihi
1120 1251 1126 1268 :
1145 1241 1193 1269 Vis
1210 1241 1284 1268 aliud
1301 1240 1412 1268 videre?
1425 1241 1549 1277 Cumque
1564 1243 1681 1278 cupidus

65 1302 140 1322 essem
158 1294 189 1322 ad
207 1295 365 1326 videndum,
383 1292 480 1320 hilaris
491 1291 580 1319 factus
598 1297 658 1318 sum
677 1289 764 1316 vultu.
783 1287 945 1323 Respiciens
963 1295 1006 1314 me
1018 1288 1147 1320 subrisit,
1166 1291 1193 1314 et
1207 1287 1246 1314 ait
1264 1286 1331 1314 mihi
1346 1294 1353 1314 :
1370 1286 1452 1314 Vides
1469 1293 1570 1323 septem
1584 1289 1681 1317 mulie—

64 1348 101 1367 res
116 1342 182 1368 circa
196 1340 311 1368 turrim?
322 1339 418 1372 Video,
435 1338 558 1372 inquam,
574 1335 696 1363 domina.
714 1333 810 1361 Turris
830 1333 898 1365 hate,
915 1333 1015 1368 inquit,
1035 1333 1069 1360 ab
1085 1333 1120 1359 iis
1133 1332 1188 1367 (50)
1205 1337 1383 1367 supportatur
1400 1334 1551 1361 secundum
1575 1343 1680 1369 przece-

64 1393 128 1422 ptum
143 1389 257 1416 Domini.
273 1387 343 1414 Audi
362 1392 434 1413 nunc
450 1385 562 1413 eﬂ'ectus
574 1389 669 1410 earum
683 1390 690 1409 :
707 1380 798 1408 Prima
816 1379 926 1414 quidem
941 1387 1036 1406 carum
1049 1386 1110 1414 quae
1126 1379 1249 1406 continet
1263 1387 1345 1407 manu
1364 1379 1430 1414 (5i),
1447 1380 1526 1409 Fides
1545 1388 1657 1410 vocatur
1671 1393 1679 1414 ;

63 1435 172 1468 perhanc
180 1435 244 1462 salvi
260 1434 325 1461 tient
335 1433 412 1460 eiecti
425 1431 482 1458 Dei.
494 1429 554 1456 Alia
568 1436 632 1456 vero
642 1434 703 1462 quae
714 1426 853 1454 succincta
865 1430 916 1457 est,
927 1429 953 1452 et
966 1425 1081 1452 viriliter
1095 1425 1159 1459 agit,
1174 1425 1344 1453 Abstinentia
1356 1425 1414 1462 (52)
1429 1433 1557 1461 vocatur;
1571 1428 1628 1456 imo
1646 1429 1680 1457 ii-

65 1481 93 1507 lia
104 1486 140 1508 est
149 1480 232 1508 Fidei.
251 1479 385 1514 Quisquis
396 1485 460 1513 ergo
471 1481 582 1504 secutus
595 1474 677 1502 fucrit
694 1473 779 1503 illam.
796 1472 861 1500 felix
877 1471 922 1499 lict
936 1471 963 1498 in
976 1471 1031 1498 vita
1049 1478 1114 1504 sua,
1131 1472 1262 1506 quoniam
1280 1472 1314 1499 ab
1333 1473 1462 1501 omnibus
1475 1476 1604 1509 operibus
1620 1485 1680 1505 ma-

64 1526 91 1553 lis
103 1525 323 1561 abstinebit(55);
338 1523 453 1552 credens
465 1522 547 1557 quod,
560 1521 582 1548 si
600 1527 630 1548 se
644 1518 809 1547 continuerit
824 1522 860 1545 ab
871 1517 946 1544 omni
958 1516 1190 1551 concupiscentia,
1203 1517 1290 1545 heres
1302 1518 1354 1545 erit
1363 1519 1425 1546 vitae
1437 1525 1555 1548 :eternae.
1569 1522 1679 1551 Caetera:

65 1576 151 1605 autem,
166 1572 290 1607 inquam,
305 1570 426 1602 domina,
441 1569 562 1603 quinque
579 1573 639 1600 qua:
655 1565 738 1592 sunt?
749 1563 825 1591 Filia:
837 1583 844 1597 ,
868 1562 967 1597 inquit,
996 1562 1113 1589 invicem
1129 1566 1203 1589 sunt.
1221 1561 1339 1593 Vocatur
1352 1573 1444 1596 autem
1458 1571 1581 1604 quredam
1604 1571 1679 1599 Sim-

63 1622 166 1657 plicitas,
181 1623 233 1650 alia
250 1619 419 1652 innocentia,
434 1618 486 1645 alia
499 1616 642 1649 Modestia,
656 1615 709 1642 alia
726 1613 893 1649 Disciplina,
911 1612 964 1639 alia
979 1616 1070 1639 autem
1090 1611 1227 1639 Charitas.
1248 1613 1315 1640 Cum
1337 1623 1402 1650 ergo
1425 1621 1576 1647 servm-eris
1596 1628 1678 1656 οροι-ει

62 1667 145 1694 matris
157 1675 262 1700 earum,
279 1666 370 1692 omnia
385 1665 486 1700 poteris
498 1663 645 1691 custodire.
658 1661 790 1689 Volebam
800 1659 1008 1693 scire,domina,
1020 1665 1102 1692 quam
1112 1658 1228 1693 'quzeque
1239 1666 1332 1686 earum
1344 1661 1443 1690 habeat
1457 1665 1514 1701 (54)
1528 1667 1655 1694 virtutem
1667 1669 1679 1696 ξ

62 1713 129 1745 Audi,
152 1713 238 1749 inquit
258 1712 401 1739 :Virtutcs
417 1711 534 1746 aequales
558 1709 677 1741 habent;
696 1714 825 1735 connexa
849 1709 938 1733 autem
954 1705 988 1732 ad
1007 1704 1122 1731 invicem
1144 1708 1209 1731 sunt
1223 1704 1338 1734 virtutes
1357 1715 1464 1741 earum,
1478 1715 1506 1737 et
1524 1717 1679 1746 sequuntur

63 1770 86 1788 se
97 1762 203 1789 invicem
216 1762 289 1789 sicut
300 1765 370 1788 nata:
384 1763 457 1787 sunt.
470 1758 509 1785 Ex
520 1757 586 1785 Fide
599 1757 721 1784 nascitur
733 1754 916 1787 Abstinentia,
931 1757 965 1781 de
978 1753 1149 1780 Abstinentia
1163 1752 1344 1789 Simplicitas,
1358 1753 1391 1781 de
1399 1754 1577 1789 Simplicitate
1593 1757 1675 1785 luno-

62 1806 150 1839 centia,
166 1807 198 1834 de
207 1805 366 1833 innocentia
381 1805 523 1838 Modestia,
536 1805 569 1832 de
581 1803 711 1831 Modcstia
724 1802 871 1837 Disciplina
882 1806 908 1829 et
921 1800 1046 1828 Charitas
1055 1799 1123 1836 (55).
1133 1799 1235 1828 Harum
1248 1808 1314 1836 ergo
1325 1809 1407 1836 opera
1420 1806 1675 1840 sancta,etpudica,

62 1856 84 1879 et
92 1857 158 1880 recta
169 1858 241 1880 sunt.
252 1851 415 1886 Quicunque
423 1859 487 1887 ergo
498 1850 624 1878 servierit
632 1849 684 1882 his,
693 1853 721 1876 et
732 1847 939 1883 invaluerit(56)
950 1851 1041 1874 tenere
1049 1854 1131 1881 opera
1141 1855 1244 1879 earum,
1252 1847 1279 1873 in
1293 1846 1360 1874 turri
1371 1846 1479 1873 habebit
1490 1847 1675 1876 habitaculum

61 1907 114 1926 cum
128 1899 226 1927 sanctis
238 1898 298 1926 Dei.
313 1897 477 1933 interrogavi
492 1897 566 1924 illam
579 1895 612 1923 de
625 1894 805 1930 temporibus,
819 1894 841 1922 si
850 1893 906 1930 jam
921 1892 1121 1920 consummatio
1133 1896 1175 1919 est
1184 1893 1239 1925 (57)
1249 1893 1261 1918 ?
1271 1892 1317 1920 illa
1331 1897 1421 1919 autem
1432 1892 1596 1922 exclamavit
1608 1902 1677 1923 voce

62 1954 159 1982 magna,
168 1947 281 1975 dicens:
295 1946 435 1973 insensate
446 1945 544 1972 homo!
558 1951 648 1971 nonne
661 1943 736 1970 vidcs
748 1942 843 1970 turrim
855 1948 962 1976 semper
973 1939 1100 1968 aadilicari
1109 1939 1178 1976 (58)?
1191 1937 1306 1973 Quando
1319 1949 1383 1976 ergo
1394 1949 1583 1971 consummata
1593 1943 1676 1972 fuerit

60 1993 135 2021 turris
144 1999 168 2022 et
179 1993 326 2024 aediﬁcata,
335 1992 416 2019 habet
431 1991 523 2023 tinem;
534 1990 581 2018 sed
594 1993 621 2017 et
632 1989 687 2017 cito
698 1987 945 2016 consummabitnr.
954 1985 1017 2013 Noli
1027 1993 1071 2013 me
1082 1985 1199 2020 amplius
1210 1986 1377 2022 interrogare
1385 1989 1543 2024 quidquam.
1555 1989 1676 2018 Sutiiciat

61 2040 102 2067 tibi
115 2045 140 2068 et
154 2041 286 2069 omnibus
299 2039 403 2067 sanctis
414 2037 642 2066 commemoratio
655 2036 718 2069 ista,
733 2039 762 2062 et
771 2034 915 2062 renovatio
930 2034 1078 2069 spirituum
1092 2038 1255 2062 vestrorum.
1272 2033 1326 2062 Sed
1338 2042 1392 2061 non
1405 2035 1453 2063 tibi
1467 2036 1524 2063 haec
1536 2036 1586 2063 soli
1596 2044 1674 2064 reve<

591 2096 709 2126 VARUS
728 2095 921 2124 LECTIONES
941 2095 985 2123 ET
1006 2094 1125 2122 ΝΟΤιΕ.

90 2147 142 2181 (20)
159 2148 236 2176 Bodl.
250 2148 314 2175 add.
326 2155 412 2174 suum.
888 2151 966 2170 meus
993 2143 1070 2181 Ales.
1095 2142 1145 2181 qui
1165 2143 1276 2177 Στρωμ.
1296 2142 1343 2169 lib.
1360 2150 1402 2181 li_,_
1412 2149 1472 2181 cap.
1492 2142 1534 2174 i2,
1551 2143 1591 2181 sic
1607 2142 1674 2170 Her.

90 2177 142 2216 (at)
158 2183 257 2210 Lamb.
270 2183 311 2209 Ad
330 2187 364 2210 te.

919 2179 1084 2216 am77sup7plet7
1097 2177 1123 2205 et
1137 2178 1350 2212 interpretatur:
1371 2177 1402 2204 Ἦ
1418 2178 1508 2204 τοίνυν
1525 2178 1673 2214 συνέχουσα

89 2213 142 2252 (22)
159 2218 209 2246 Ms.
222 2217 253 2245 S.
265 2218 358 2246 Germ.
372 2223 399 2245 et
410 2216 505 2245 Lamb.
520 2217 675 2252 relinquent.

372 2223 399 2245 et
410 2216 505 2245 Lamb.
520 2217 675 2252 relinquent.
886 2215 948 2252 τὴν.
954 2213 1126 2252 ςξῧκθίλτμςίαν.ἶ

87 2247 140 2287 (25)
155 2253 233 2280 Bodl.
251 2258 278 2280 et
290 2252 386 2280 Lamb.
401 2254 429 2280 in
441 2253 492 2287 ﬁne
503 2247 693 2278 abscesserunt.
727 2285 747 2287 _
767 2285 782 2287 77
915 2247 979 2287 ’(52)
998 2247 1094 2287 Lamb.
1108 2248 1287 2277 Continentia.
1311 2248 1357 2276 Sic
1374 2253 1401 2275 et
1413 2247 1539 2276 Clemens
1555 2247 1632 2276 Alex.
1653 2249 1672 2276 Ι,

88 2283 141 2323 (24)
159 2288 256 2315 Lamb.
269 2288 316 2323 ego
330 2289 386 2323 qui,
399 2283 459 2315 cuin
471 2287 606 2322 improbus
620 2295 712 2314 essem.
727 2285 832 2313 Fellus:

330 2289 386 2323 qui,
399 2283 459 2315 cuin
471 2287 606 2322 improbus
620 2295 712 2314 essem.
727 2285 832 2313 Fellus:
886 2292 911 2311 c.
921 2283 1077 2323 eﬁpdttera.

59 2318 108 2357 Ego
121 2318 187 2355 uero,
200 2325 247 2358 qui
258 2318 342 2350 crim.’
379 2318 384 2321 ⁷
510 2318 514 2322 ’
605 2356 609 2358 7
649 2356 672 2358 7_
773 2356 779 2358 _
925 2318 981 2352 (53)
1003 2318 1097 2358 Lamb.
1120 2318 1184 2346 add.
1209 2327 1259 2346 se:
1278 2324 1307 2347 et
1320 2319 1403 2355 paulo
1424 2322 1495 2353 post,
1512 2318 1671 2345 abstinuerit

89 2358 141 2391 (25)
156 2355 234 2385 Bodl.
248 2364 276 2386 et
291 2357 385 2385 Lamb.
404 2357 445 2385 Αιι
463 2358 483 2384 ii
497 2364 585 2384 omnes
600 2356 733 2391 lapides...
755 2356 779 2382 si
795 2360 834 2382 est
885 2355 1116 2391 pro7continue7rit.

58 2387 115 2419 illis.
134 2387 216 2421 Editt.
238 2393 304 2420 Fell.
319 2397 347 2420 et
360 2393 467 2420 Russel.
482 2393 612 2420 omittunt
626 2387 660 2418 im
671 2391 832 2421 secundum,
886 2387 892 2388 ί
921 2389 978 2424 (54)
998 2388 1093 2416 Lamb.
1114 2389 1222 2417 νηίου..
1235 2397 1343 2425 qumque
1353 2397 1434 2425 quam
1446 2387 1671 2425 vimjtalreatilla-

58 2429 123 2462 quod
142 2429 177 2455 al.
198 2428 340 2456 exhibent.
357 2427 390 2455 Et
411 2428 519 2462 quidem
543 2427 695 2454 redundare
717 2425 831 2456 videtur,
885 2422 981 2462 mittet
997 2424 1129 2462 uirtutem.
1142 2422 1341 2462 Felius'addit:
1360 2422 1396 2462 ξ(
1407 2424 1464 2462 dixi
1476 2431 1486 2450 :
1503 2422 1578 2450 Volo.

58 2458 103 2490 uisi
114 2464 191 2491 malis
207 2473 213 2490 :
230 2472 265 2489 an
284 2468 333 2495 est,
349 2458 468 2498 inquitm.
501 2497 505 2498 7
621 2497 626 2498 7
661 2497 667 2498 7
716 2496 720 2498 7
900 2494 905 2498 _
920 2458 1114 2498 (35)“Sensum
1127 2461 1209 2498 hujus
1219 2460 1271 2498 loci
1283 2464 1359 2498 putat
1368 2459 1408 2486 Cl.
1423 2458 1670 2498 Pottertts_ex_prc7s-

88 2498 141 2533 (26)
154 2498 252 2526 Lamb.
262 2492 427 2525 habebuniur
437 2499 476 2525 in.
491 2497 557 2531 Qua:
571 2497 645 2524 varia
661 2496 742 2523 lectio
757 2504 833 2523 mun-
883 2492 1135 2533 7sis‘se_Clemer_item
1149 2492 1230 2533 Alex.
1244 2495 1262 2522 l.
1279 2492 1303 2522 ἑ.
1328 2495 1402 2533 hisce
1412 2492 1529 2533 _V_'er_bi5_:
1545 2493 1599 2533 Kef).
1615 2493 1668 2519 πά-

57 2527 116 2560 dose
131 2527 201 2568 apud
218 2533 323 2560 Fabric.
342 2533 465 2560 habetur.
497 2527 514 2531 τ

87 2568 140 2587 19,-“
156 2569 194 2587 Ma
220 2567 241 2587 ς
264 2568 345 2587 Carm
374 2569 421 2587 Lnr
436 2568 493 2587 Inrn

910 2538 938 2556 V'
956 2530 1122 2565 Προηγεῑται
1137 2531 1186 2587 γὲν
1200 2530 1304 2560 πίστις’
1319 2529 1399 2563 φόϐος
1410 2528 1438 2569 δξ
1449 2527 1599 2587 οἰκρδῗῖιεῖ·
1622 2536 1667 2553 τε-

909 2566 950 2587 ιιηῖ
961 2564 1011 2587 δὲῇ
1023 2564 1127 2587 ἀγάπη.
1147 2565 1163 2587 ri
1180 2569 1239 2587 ρςις
1259 2563 1290 2587 Et
1305 2572 1396 2587 rurxus
1415 2564 1515 2587 (innuit
1552 2564 1664 2587 ermasl:

87 2564 205 2602 (Tifatis.
220 2567 250 2595 S.
264 2568 357 2595 Germ.
373 2569 421 2595 Itoc
436 2568 503 2596 loco.

905 2566 950 2591 ειοῖ
1023 2564 1164 2602 ὰγᾲπηλᾲ
1179 2569 1239 2602 est:
1259 2564 1290 2602 Et
1305 2572 1396 2590 rursus
1415 2564 1515 2602 (inquit
1528 2564 1663 2602 7Herma75):

88 2598 140 2638 (28)
154 2603 252 2630 Lamb.
271 2603 352 2629 istud.
566 2637 577 2638 7
797 2637 801 2638 7
882 2598 1013 2638 Prwcedit
1028 2598 1133 2638 quidem
1146 2600 1222 2634 ﬁdes,
1246 2600 1325 2626 timor
1339 2606 1398 2625 uera
1417 2598 1544 2632 ludiﬁcat.
1563 2598 1667 2631 perﬁcit

87 2635 140 2673 (29)
151 2638 249 2665 Lamb.
263 2638 344 2665 desivi
356 2638 553 2673 interrogando.
565 2637 641 2665 Bodl.
656 2637 829 2672 quoque,de—
882 2639 970 2673 autem
987 2635 1142 2673 gbaritas._
1256 2669 1272 2673 _
1357 2669 1374 2673 _
1404 2668 1420 2673 __
1465 2672 1468 2673 7
1485 2666 1495 2673 7
1554 2666 1560 2673 7
1594 2665 1613 2673 κ
1625 2667 1641 2673 77

56 2665 108 2699 tw‘r.
132 2665 138 2673 ’
456 2665 468 2673 “’
665 2665 674 2672 ¹
721 2665 729 2671 ”
768 2665 773 2670 ’
916 2669 973 2703 (56)
986 2670 1031 2697 Sic
1046 2677 1111 2697 mss.
1125 2669 1154 2697 S.
1169 2668 1431 2703 Vict.,Carm.,Bodl.
1445 2672 1471 2694 et
1485 2666 1580 2694 Lamb.
1594 2665 1665 2694 Editi

88 2707 141 2743 (50)
158 2708 210 2735 Ms.
230 2707 260 2734 S.
281 2707 349 2735 Vict.
365 2708 405 2734 his
425 2709 504 2735 albis.
645 2742 649 2743 7
791 2741 796 2743 7
881 2704 1003 2743 uolueritr

86 2739 140 2778 (51)
157 2743 256 2771 Manus
269 2747 418 2777 contracta,
437 2743 526 2778 inquit
544 2744 587 2770 hic
606 2742 710 2778 Fellus,
731 2741 813 2769 rectis
993 2739 1087 2778 Lamb.
1102 2745 1179 2778 esset.

56 2772 117 2805 sime
131 2772 215 2805 iidem
233 2772 426 2812 repraesentat,
442 2772 495 2813 qu'a
516 2779 607 2806 divina
626 2772 759 2812 promissa
772 2783 828 2813 77a7p-
899 2772 972 2813 7(58)
993 2775 1087 2813 Lamb.
1098 2775 1236 2813 insertsate
1249 2779 1336 2802 autem
1351 2773 1514 2800 homoInnm
1523 2772 1593 2800 vides
1609 2777 1664 2800 tur-

56 2813 254 2840 orelrendimus.
264 2809 352 2848 Magis
364 2809 458 2840 tamen
466 2814 499 2841 ad
514 2821 581 2847 rem,
594 2809 753 2845 ut-videtur,
766 2809 826 2838 Cle-
882 2811 931 2838 rim
947 2818 1023 2844 super
1036 2809 1175 2844 redi/ituri.

185 2864 324 2892 ΡΑτιιοι..
347 2861 405 2891 Gn.
430 2861 470 2891 ΙΙ.

1506 2856 1544 2886 99
