1920 3104
227 118 285 152 ὮΟΊ
954 120 983 148 S.

1087 118 1135 147 UE
1802 118 1845 146 ωε

233 182 288 208 lata
305 184 383 214 sunt;
398 179 444 207 sed
460 183 489 207 ut
504 178 633 206 omnibus
645 178 817 207 demonstres
830 186 872 206 ea.
891 178 960 207 Post
983 179 1102 206 triduum
1123 177 1196 205 enim
1219 176 1370 212 intelligere
1390 180 1416 203 te
1435 179 1551 210 oportet,
1566 173 1680 206 ﬂet-ma,
1694 172 1779 200 verba
1797 173 1846 199 haec

233 234 295 262 quae
307 226 355 254 tibi
370 225 470 260 incipio
487 225 588 258 dicere,
599 231 628 253 ut
639 226 762 261 loquaris
776 232 807 253 ea
823 227 849 253 in
861 226 975 254 auribus
985 223 1042 261 (‘59)
1057 230 1225 256 sanctorum.
1237 231 1266 252 ut
1276 225 1417 252 audientes
1431 231 1462 251 ea
1475 229 1538 251 cum
1559 221 1673 249 fecerint
1683 241 1691 254 ,
1706 219 1846 248 emunden-

233 278 304 302 tura
319 274 449 309 nequitiis
465 274 538 307 suis;
554 273 601 301 sed
612 275 640 299 et
650 276 679 298 tu
698 277 760 298 cum
778 271 840 298 illis.

943 325 1057 354 CAPUT
1084 326 1130 355 lX.

268 378 368 406 Audite
383 385 426 405 me
440 385 517 412 ergo,
530 377 577 405 lilii
595 384 601 402 :
618 375 673 412 Ego
683 383 733 403 vos
745 375 863 403 enutrivi
876 375 903 402 in
916 375 1001 402 multa
1017 375 1200 410 simplicitate,
1217 379 1243 401 et
1254 374 1422 407 innocentia,
1442 377 1470 401 et
1485 372 1630 406 modestia,
1641 376 1758 407 propter
1773 370 1847 398 mise-

232 425 379 452 ricordiam
393 424 440 452 Dei
453 431 515 458 qua:
532 431 613 458 super
622 431 671 451 vos
684 424 796 451 stillavit
806 424 834 450 in
849 423 976 459 justitia;
995 427 1024 450 ut
1036 423 1246 450 sanctiﬁcemini
1261 422 1490 457 etjustilicemini
1509 421 1565 457 (40)
1581 421 1616 448 ab
1628 420 1705 447 omni
1722 419 1837 454 nequitia

231 476 258 498 et
272 470 346 497 omni
359 470 507 505 pravitate;
523 476 571 497 vos
587 473 676 496 autem
690 477 744 496 non
755 469 836 496 vultis
848 468 1020 503 requiescere
1031 476 1045 495 a
1057 468 1186 503 nequitiis
1201 469 1306 495 vestris.
1320 467 1398 495 Nunc
1406 475 1470 502 ergo
1484 469 1576 497 audite
1588 477 1641 501 me,
1654 473 1681 496 et
1696 475 1793 502 pacem
1805 467 1847 494 ha-

231 516 294 543 bete
311 516 381 543 alius
392 523 454 543 cum
470 516 523 542 alio
540 515 608 550 (41),
624 519 651 542 et
660 514 768 542 visitate
779 521 828 542 vos
839 513 1012 546 alterutrum,
1028 517 1055 540 et
1067 513 1198 548 suscipite
1213 520 1262 541 vos
1278 512 1393 540 invicem
1407 532 1416 546 ,
1432 517 1460 540 et
1485 514 1567 541 nolite
1585 514 1636 541 soli
1652 517 1797 540 creaturas
1808 510 1848 538 Dei

230 572 370 599 peretpere
384 564 423 597 ‘9;
439 563 623 591 abundantius
639 563 720 591 etiam
744 563 880 598 impertite
891 563 1042 598 egentibus.
1053 562 1169 595 Quidam
1190 562 1262 589 enim
1279 562 1466 597 compluribus
1480 562 1549 590 cibis
1563 561 1754 588 inﬁrmitatem
1768 558 1848 586 carnis

231 619 289 639 sum
313 612 493 645 contrahunt,
516 617 543 639 et
556 611 659 639 violant
674 619 785 639 carnem
811 618 890 639 suam
906 611 974 645 (42).
996 611 1122 638 Aliorum
1139 615 1231 637 autem
1255 610 1301 645 qui
1318 617 1370 637 non
1388 609 1490 637 habent
1514 614 1603 638 escas,
1630 604 1781 632 marcescit
1792 610 1848 630 caro

231 659 365 694 ipsorum,
381 662 492 693 propter
509 659 535 686 id
553 660 624 694 quod
634 668 688 687 non
705 660 805 687 habent
816 659 994 687 sulIicientcm
1008 659 1098 686 cibum
1111 668 1120 692 ;
1135 663 1161 686 et
1171 658 1343 686 consumitur
1358 665 1459 692 corpus
1469 663 1574 684 eorum.
1585 653 1648 681 Haec
1656 653 1744 688 igitur
1756 652 1848 679 intem-

231 704 355 739 perantia
372 704 467 731 nociva
485 708 528 731 est
541 704 630 737 vobis,
646 704 812 732 habentibus
824 708 851 731 et
865 711 918 731 non
935 703 1205 731 communicantibus
1220 702 1253 730 iis
1268 701 1315 737 qui
1326 706 1415 736 egent.
1427 698 1565 728 Attendite
1575 699 1712 734 judicium
1727 703 1847 732 superve-

231 750 320 778 niens.
334 749 386 783 Qui
401 749 597 777 eminentiores
611 749 688 783 estis,
705 750 835 784 inquirite
850 749 1014 783 esurientes,
1034 750 1098 776 dum
1118 749 1209 775 adhuc
1225 748 1309 775 turris
1331 755 1386 775 non
1411 751 1453 774 est
1475 749 1677 774 consummata.
1703 743 1848 778 Postquam

229 797 303 824 enim
318 800 509 824 consummata
524 795 608 823 fuerit
619 796 705 824 turris
715 816 722 830 ,
740 797 841 825 voletis
852 797 1022 831 benefacere,
1039 801 1066 824 et
1081 805 1134 824 non
1148 796 1281 824 habebitis
1307 797 1407 824 locum.
1422 794 1518 822 Videte
1533 801 1598 828 ergo
1610 800 1672 825 vos,
1688 792 1739 826 qui
1756 791 1849 827 gloria-

230 842 298 869 mini
315 842 343 869 in
355 842 457 870 divitiis
470 841 578 873 vestris,
595 849 629 869 ne
644 841 715 870 forte
730 842 912 877 ingemiscant
924 843 942 870 ii
959 843 1007 878 qui
1017 848 1107 879 egent,
1124 847 1151 870 et
1166 843 1285 878 gemitus
1299 850 1395 870 eorum
1410 840 1540 869 ascendat
1565 840 1599 866 ad
1615 838 1768 865 Dominum
1780 838 1812 872 η,
1825 842 1848 865 et

230 887 416 916 excludamini
431 895 493 915 cum
512 887 591 915 bonis
607 888 707 916 vestris
729 892 806 916 extra
826 889 941 923 januam
963 889 1059 916 turris.
1082 887 1161 915 Nunc
1176 889 1268 923 itaque
1284 887 1362 915 vobis
1375 887 1446 920 dico,
1462 886 1510 921 qui
1532 885 1654 920 pracslis
1669 883 1810 915 Ecclesia.
1825 887 1849 910 et

230 935 329 962 amatis
340 934 445 968 primos
456 940 608 960 consessus
615 933 638 948 "
650 932 706 967 (45)
719 940 727 959 :
739 933 824 960 nolite
835 933 939 961 similes
953 933 1012 960 lieri
1026 933 1169 961 maleﬁcis.
1185 932 1218 960 Et
1233 933 1349 960 maleﬁci
1367 933 1476 968 quidem
1491 938 1595 958 venena
1607 930 1694 957 suain
1706 929 1849 965 pyxidibus

229 981 353 1016 bajulant
377 980 452 1016 (M);
469 987 517 1007 vos
543 984 634 1007 autem
650 987 785 1008 venenum
799 985 920 1008 vestrum
947 985 974 1008 et
988 981 1166 1016 pharmacum
1183 981 1240 1017 (45)
1254 981 1282 1008 in
1298 981 1380 1009 corde
1396 981 1552 1015 continetis,
1568 985 1597 1009 et
1614 988 1670 1008 non
1688 980 1776 1007 vultis
1790 987 1848 1014 pur-

228 1035 294 1060 gare
308 1027 392 1054 corda
406 1030 507 1058 vestra,
519 1029 547 1053 et
565 1025 731 1060 permiscere
743 1034 855 1054 sensum
871 1031 992 1054 vestrum
1006 1035 1076 1064 puro
1089 1028 1176 1061 cordi,
1188 1032 1219 1055 ut
1233 1028 1358 1056 habeatis
1381 1028 1599 1056 misericordiam
1616 1035 1631 1055 a
1654 1026 1731 1063 Rege
1743 1034 1848 1062 magno.

229 1071 324 1100 Videte
334 1079 409 1107 ergo,
431 1071 491 1104 lilii,
507 1078 542 1098 ne
556 1070 625 1099 forte
639 1072 681 1099 hae
695 1072 882 1100 dissensiones
902 1077 1001 1101 vestra:
1026 1073 1155 1102 fraudent
1173 1074 1257 1101 vitam
1274 1079 1403 1102 vestram.
1428 1075 1572 1108 Quomodo
1584 1082 1632 1103 vos
1645 1075 1759 1103 erudire
1773 1075 1849 1102 vultis

229 1122 332 1149 electos
350 1121 408 1154 Dei,
425 1128 488 1148 cum
504 1119 556 1156 ipsi
572 1125 627 1146 non
640 1119 764 1147 habeatis
778 1120 971 1155 disciplinam?
986 1121 1164 1149 Commonete
1176 1129 1241 1157 ergo
1255 1129 1305 1150 vos
1320 1123 1436 1150 invicem
1452 1123 1486 1157 “,
1500 1123 1646 1159 pacatique
1670 1124 1763 1151 estote
1785 1122 1849 1150 inter

229 1177 281 1198 vos
293 1169 349 1205 (16)
359 1189 367 1202 ,
387 1174 418 1197 ut
431 1174 458 1197 et
472 1177 522 1204 ego
539 1175 631 1195 coram
643 1166 724 1196 Patre
741 1174 833 1196 vestro
851 1173 955 1202 astans,
972 1169 1106 1197 rationem
1118 1170 1228 1198 reddam
1243 1177 1293 1205 pro
1304 1171 1381 1198 vobis
1395 1170 1519 1200 Domino.

946 1228 1062 1256 CAPUT
1081 1229 1116 1257 Χ.

264 1273 388 1308 Cumque
410 1271 538 1299 desiisset
567 1278 674 1299 mecum
698 1272 785 1307 loqui,
812 1279 945 1301 venerunt
971 1274 1010 1301 illi
1033 1282 1080 1302 sex
1102 1275 1231 1310 juvenes,
1253 1276 1301 1311 qui
1325 1276 1505 1310 aediﬁcabant,
1526 1281 1553 1304 et
1572 1277 1696 1305 tulerunt
1717 1277 1796 1304 illam
1819 1277 1848 1304 ad

229 1324 328 1351 turrim
341 1322 415 1357 (47);
429 1326 456 1348 et
468 1320 515 1347 alii
532 1324 651 1354 quatuor
662 1318 833 1345 sustulerunt
847 1319 1018 1353 subsellium,
1034 1323 1062 1347 et
1079 1320 1206 1348 abierunt
1220 1320 1272 1356 ipsi
1285 1321 1383 1348 iterum
1401 1322 1427 1348 in
1439 1322 1549 1348 turrim.
1566 1320 1668 1348 Horum
1684 1320 1786 1348 faciem
1799 1328 1848 1348 non

228 1367 296 1399 vidi,
312 1365 443 1401 quoniam
456 1365 547 1391 aversi
559 1366 647 1390 erant.
661 1361 776 1388 Euntem
794 1362 868 1389 illam
885 1363 1028 1398 rogabam,
1041 1368 1072 1391 ut
1093 1365 1160 1392 mihi
1185 1365 1320 1393 revelaret
1332 1366 1366 1393 de
1379 1367 1466 1394 tribus
1482 1366 1587 1402 liguris,
1611 1367 1638 1393 in
1656 1366 1762 1401 quibus
1785 1365 1848 1393 mihi

230 1415 368 1450 apparuit.
383 1410 562 1446 Respondeas
577 1411 668 1435 aulem
685 1406 764 1440 mihi,
777 1406 844 1434 dixit
860 1415 866 1433 :
880 1407 917 1434 De
931 1408 972 1435 his
983 1409 1066 1436 alium
1083 1413 1108 1436 te
1124 1414 1233 1445 oportet
1248 1411 1427 1447 interrogare,
1441 1416 1471 1439 ut
1485 1412 1534 1439 tibi
1546 1412 1691 1439 reveletur.
1717 1412 1850 1446 Apparuit

230 1464 323 1486 autem
347 1458 426 1489 mihi,
453 1457 551 1483 fratres
566 1452 635 1489 (48),
660 1451 748 1486 prima
764 1451 869 1479 visione
892 1459 965 1479 anno
981 1453 1123 1488 superiore
1137 1455 1214 1482 valde
1228 1463 1307 1488 anus,
1320 1460 1347 1483 et
1363 1457 1391 1482 in
1405 1456 1535 1485 cathedra
1557 1458 1665 1486 sedens.
1681 1459 1744 1485 Alia
1760 1464 1849 1486 autem

229 1506 345 1538 visione,
360 1504 456 1532 faciem
467 1502 576 1538 quidem
592 1499 741 1535 juvenilem
757 1500 885 1534 habebat,
899 1508 1009 1529 carnem
1027 1507 1118 1530 autem
1129 1507 1156 1531 et
1169 1504 1284 1539 capillos
1298 1505 1401 1539 aniles;
1432 1510 1460 1533 et
1480 1511 1555 1534 stans
1580 1507 1648 1534 mihi
1668 1507 1849 1542 loquebatur.

230 1553 344 1580 hilarior
363 1556 452 1579 autem
468 1554 526 1578 erat
537 1555 620 1583 quam
637 1546 693 1583 (49)
706 1547 836 1582 primum.
856 1545 947 1575 Tertia
961 1553 1053 1575 autem
1069 1548 1185 1581 visione,
1211 1553 1267 1577 tota
1288 1550 1384 1585 junior
1397 1555 1465 1584 erat,
1481 1556 1507 1579 et
1521 1556 1632 1587 aspectu
1648 1552 1772 1586 decora;
1793 1558 1851 1580 tan-

230 1605 289 1628 tum
303 1599 375 1635 quod
388 1599 444 1634 (50)
465 1597 578 1632 capillos
594 1597 680 1624 aniles
695 1596 813 1624 habebat
828 1604 835 1623 :
852 1596 947 1623 hilaris
961 1602 1052 1624 autem
1070 1595 1141 1624 l‘aeie
1153 1601 1222 1630 erat,
1236 1601 1263 1624 et
1278 1605 1360 1633 super
1373 1599 1535 1627 subsellium
1546 1599 1655 1627 sedens.
1671 1599 1712 1627 De
1725 1600 1769 1627 his
1785 1600 1852 1635 ipsis

229 1652 345 1676 mmstus
361 1655 436 1675 eram
452 1646 541 1678 valde,
558 1645 646 1672 donec
659 1651 854 1679 cognoscerem
870 1644 1004 1671 visionem
1023 1643 1080 1679 (5|)
1096 1644 1179 1672 hanc.
1197 1644 1281 1672 Video
1294 1653 1376 1673 anum
1394 1646 1468 1673 illam
1486 1647 1515 1674 in
1528 1647 1586 1675 visu
1600 1648 1690 1675 noctis
1713 1648 1850 1676 dicentem

229 1695 296 1723 mihi
310 1704 317 1722 :
332 1693 427 1721 Omnis
442 1692 547 1727 rogatio
561 1692 715 1720 humilitate
740 1697 801 1728 eget
814 1691 882 1728 (5‘2).
897 1692 996 1727 Jejuna
1021 1700 1098 1728 ergo,
1113 1697 1141 1720 et
1152 1694 1288 1729 percipies
1304 1702 1319 1722 a
1337 1694 1452 1723 Domino
1466 1697 1539 1731 quod
1564 1697 1701 1732 postulas.
1724 1694 1851 1733 Jejunavi

229 1750 295 1778 ergo
309 1741 379 1769 diem
403 1748 494 1767 unam.
512 1738 613 1766 Eadem
632 1744 711 1767 nocte
733 1739 859 1774 apparuit
878 1738 945 1766 mihi
960 1738 1080 1773 juvenis,
1095 1744 1122 1766 et
1136 1739 1193 1767 ait:
1216 1739 1287 1773 Quid
1298 1745 1327 1768 tu
1352 1740 1509 1776 frequenter
1532 1744 1602 1779 petis
1621 1745 1810 1774 revelationes
1823 1745 1850 1773 in

230 1786 373 1815 oratione?
392 1784 468 1819 Vide,
482 1792 515 1812 ne
532 1785 619 1812 multa
632 1784 777 1819 postulans
802 1791 901 1812 noceas
923 1784 1000 1811 carni
1017 1788 1080 1811 tum.
1104 1783 1245 1812 Sulliciant
1265 1786 1313 1813 tibi
1336 1787 1517 1816 revelationes
1531 1789 1582 1817 hae.
1594 1788 1728 1824 Nunquid
1746 1792 1848 1826 poteris

230 1833 358 1861 fortiores
370 1830 551 1859 revelationes
563 1829 669 1863 videre,
682 1837 764 1865 quam
778 1836 849 1864 quas
863 1829 974 1856 vidisti?
988 1828 1166 1864 Bespondens
1185 1830 1211 1857 ei
1227 1830 1290 1858 dico
1304 1838 1312 1857 :
1330 1831 1455 1866 Domina,
1472 1833 1525 1863 hoc
1545 1836 1634 1863 solum
1653 1841 1719 1871 peto
1734 1845 1786 1872 pro
1803 1838 1850 1865 tri.

229 1881 282 1909 bus
298 1879 475 1916 ﬁgurisi-llius
489 1886 569 1911 anus,
584 1881 615 1904 ut
626 1877 731 1913 integra
746 1877 792 1904 ﬁat
804 1877 945 1904 revelatio.
962 1875 1114 1911 Respondit
1126 1877 1212 1906 mihi:
1232 1877 1287 1906 Vos
1299 1887 1354 1906 non
1366 1879 1497 1908 insensati
1509 1882 1591 1915 estis;
1604 1883 1650 1910 sed
1663 1883 1850 1912 dubitationes

229 1930 326 1954 vestrae
347 1932 397 1952 vos
418 1925 572 1952 insensatos
596 1924 719 1959 faciunt,
738 1932 771 1952 eo
785 1925 859 1960 quod
876 1924 932 1960 (55)
949 1932 1004 1953 non
1018 1924 1141 1953 habeatis
1156 1933 1204 1953 cor
1226 1930 1352 1955 vestrum
1371 1928 1406 1955 ad
1419 1928 1575 1958 Dominum.
1594 1930 1737 1966 Respondi
1753 1933 1802 1965 illi,
1824 1938 1848 1960 et

230 1972 286 2000 dixi
302 1980 309 1997 :
328 1970 381 1998 Sed
403 1977 419 1998 a
434 1974 460 1998 te
473 1977 504 1997 ea
517 1969 673 2004 diligentius
687 1977 884 2006 cognoscemus
897 1970 964 2005 (54).

952 2027 1066 2056 CAPUT
1090 2029 1136 2057 XI.

265 2077 345 2110 Audi,
362 2076 460 2111 inquit,
476 2076 509 2104 de
521 2074 621 2121 ﬁguris
629 2081 698 2109 quas
714 2073 831 2121 inquiris
857 2074 925 2110 (55).
950 2075 979 2102 ln
1001 2077 1089 2111 prima
1101 2077 1218 2113 'quidem
1233 2080 1348 2113 visione,
1365 2087 1450 2115 quare
1465 2088 1535 2109 anus
1560 2081 1609 2109 tibi
1624 2085 1757 2118 apparuit
1769 2093 1847 2121 super

231 2122 388 2149 cathedram
407 2121 522 2153 sedens;
539 2119 669 2155 quoniam
681 2119 793 2154 spiritus
809 2125 897 2146 vester
911 2121 1060 2156 antiquior,
1074 2123 1156 2150 etiam
1169 2125 1307 2153 marcidus
1322 2130 1373 2159 est,
1387 2132 1414 2154 et
1438 2135 1491 2155 non
1507 2129 1611 2158 habens
1629 2131 1686 2158 vim
1713 2140 1730 2159 a
1751 2119 1846 2160 vestris

231 2167 449 2199 inﬁrmitatibus.
462 2170 489 2194 et
504 2167 674 2195 dubitatione
688 2167 790 2195 cordis.
805 2166 882 2195 Sicut
898 2169 970 2196 enim
982 2170 1105 2199 seniores
1116 2172 1164 2207 qui
1179 2181 1234 2200 non
1256 2174 1356 2202 habent
1370 2183 1446 2210 spem
1461 2179 1622 2211 renovandi.
1647 2185 1675 2208 et
1689 2181 1758 2208 nihil
1776 2181 1845 2209 aliud

231 2219 390 2250 exspectant
412 2214 469 2251 (56)
491 2215 544 2242 nisi
565 2214 758 2242 dormitionem
782 2223 860 2243 suam
877 2225 884 2243 :
899 2215 938 2244 sic
960 2222 987 2244 et
1001 2213 1051 2246 vos
1072 2219 1202 2248 inlirmati
1219 2229 1234 2249 a
1249 2223 1426 2252 saecularibus
1449 2226 1565 2261 negotiis
1586 2228 1741 2258 tradidistis
1757 2238 1806 2258 vos
1819 2231 1845 2258 in

268 2272 358 2300 “Job.
369 2280 445 2305 xui,
455 2272 498 2299 17.
539 2273 562 2289 ⁶¹
572 2271 700 2308 Jac.v,4.
739 2274 863 2303 "Matth.
873 2277 975 2310 “111,6
985 2277 1141 2312 ;Marc.xu,
1158 2281 1205 2314 59;
1222 2281 1287 2310 Luc.
1306 2292 1344 2316 ιι,
1355 2284 1391 2311 45
1405 2289 1432 2312 et
1447 2293 1494 2319 xx,
1508 2286 1554 2313 ιϐ.
1593 2287 1613 2302 ⁷¹
1625 2286 1735 2316 Coloss.
1753 2289 1844 2322 "1,16.

775 2344 894 2373 VARIJE
915 2346 1106 2376 LECTIONES
1124 2349 1169 2377 ET
1186 2349 1303 2378 NOTAE.

343 2400 516 2443 Eamb'ﬁdd}
530 2402 660 2443 ⁰7¹ἓ¹¹ί¹²ἔιξι
706 2438 712 2443 ,
734 2440 740 2443 _
1061 2407 1152 2443 habet,
1170 2416 1239 2443 anno
1250 2409 1346 2443 priore.

279 2435 830 2481 emwwwmwa-
1097 2435 1572 2481 (emwmem

344 2470 439 2516 bamb.
454 2479 503 2516 pro
519 2470 577 2499 cuin
589 2470 645 2516 alio
658 2474 737 2516 habet
751 2475 778 2501 in
792 2474 886 2516 aliam.
979 2511 986 2516 '
1174 2470 1271 2516 bamb.
1284 2470 1399 2516 (ididem:
1415 2470 1622 2516 Meam-facie.

268 2506 324 2541 (42)
345 2505 440 2534 Lamb.
455 2505 605 2542 assumunt,
619 2509 664 2535 sed
674 2514 698 2536 et
711 2511 858 2541 cumulant,
871 2516 897 2537 et
910 2511 1014 2538 COIll‘iO-
1098 2505 1154 2546 (51
1174 2505 1254 2540 Bodl.
1263 2505 1297 2542 ret,
1306 2505 1401 2542 Lamb:

231 2542 298 2569 (aut.

268 2576 324 2588 Il'l‘
346 2575 428 2588 Ι--.ι.
458 2579 587 2588 ..-..,ιξι...
617 2577 639 2588 ιν
659 2579 725 2588 Ιγκικ
746 2579 806 2588 177..
839 2587 851 2588 7
877 2587 896 2588 ,7
919 2580 925 2586 ι
974 2581 979 2585 -

1175 2549 1325 2588 antiochus
1339 2551 1506 2588 pontii-106:
1520 2542 1655 2588 me‘tcaé
1666 2561 1847 2588 ταπεινοφρο-

267 2575 606 2624 _(_dh3.)hl.‘an13.mre§'a‘lri‘tus._
617 2577 730 2624 Vulgata
746 2579 826 2608 lectio
839 2580 960 2614 pressius
973 2581 1015 2607 in-

1086 2575 1152 2624 ξῦηέ
1162 2583 1213 2609 οὐκ
1233 2583 1514 2624 ἔςτινιεὺτςρρσδεκτον
1528 2575 1654 2620 favi-fdem
1679 2575 1844 2624 προσευὶἧξ.

231 2607 482 2657 ᾒξηεξξιρεξὶιδοξὶ
490 2607 723 2657 est:lexcitatis._
816 2607 819 2608 ν
839 2607 848 2614 ’
908 2607 912 2608 ν
1059 2607 1155 2657 ᾙεᾳῖε
1163 2607 1221 2646 inab
1234 2607 1845 2657 tibiiitibié'HEéeﬁIé'eEE50237351538:

344 2645 439 2683 bamb.
458 2648 488 2683 iit
497 2649 605 2682 pyxides
617 2654 733 2683 portant.
1059 2645 1169 2680 Fan'ntc.

266 2680 1480 2726 mwwmmewm_.cwmmmm

235 2751 241 2760 Ξ
263 2716 383 2760 (ᾖδῌιδ
396 2724 463 2744 mss.
473 2716 502 2744 S.
516 2716 799 2754 Vict.,Carm.,Lamb.
812 2723 838 2746 et
853 2719 953 2747 Fellus.
967 2720 1009 2748 Al.
1171 2716 1266 2760 Lamb.
1281 2716 1478 2760 editaedita};

231 2755 430 2797 mterqe‘oa'zﬂL
460 2791 483 2797 ﬂ
498 2786 575 2797 mm
612 2796 616 2797 ν
636 2793 641 2797 ι
696 2789 701 2795 _
1171 2759 1248 2797 βοόιΓ
1261 2760 1292 2788 de
1304 2755 1408 2796 ﬁnibus.
1420 2761 1526 2790 Fellus:
1542 2763 1665 2797 requiris.

457 2791 484 2830 et
497 2786 589 2830 Carm.
605 2789 721 2830 eturri.
931 2825 950 2830 ,ἡ
980 2826 995 2830 __

931 2825 950 2830 _,
980 2826 995 2830 η
1094 2784 1151 2829 (se;
1171 2784 1416 2830 ἱιᾷἶιῶῗὲέῥέἷιὶὶὶιζ

269 2820 326 2850 tam
347 2819 441 2859 Lamb.
466 2822 542 2849 deest
566 2823 661 2857 fratres
678 2829 724 2852 :ct
748 2832 812 2852 mox
839 2832 902 2852 cum
931 2825 1009 2854 Bodl.
