1920 3104
237 153 291 182 915

957 147 987 176 S.
1005 146 1139 176 HERMIE

1806 143 1853 172 illi

237 211 488 247 concupiscentiam
503 209 560 246 (l0)
573 213 600 237 et
623 206 784 244 nequitiam,
799 209 828 234 et
845 205 928 233 indue
938 203 995 241 (ll)
1011 205 1138 234 virtutem
1153 203 1266 238 iustitiae
1280 211 1287 230 :
1304 207 1331 230 et
1348 202 1422 230 vives
1433 201 1504 232 Deo.
1521 202 1544 230 si
1560 201 1727 230 custodieris
1749 202 1843 230 manda

239 265 298 285 tum
313 265 375 286 DOC.

887 298 1117 331 MANDATUM
1131 297 1172 329 ΙΙ.

474 365 519 395 De
532 362 682 404 fugienda
697 361 936 396 obtrectatione,
952 363 982 389 et
999 359 1191 397 eleemosyna
1204 356 1350 396 facienda
1368 356 1403 387 in
1417 356 1632 395 simplicitate.

913 430 1028 460 CAPUT
1050 429 1193 458 UNICUM.

271 498 345 526 Dixit
366 497 457 525 mihi:
481 495 687 531 Simplicitatem
712 492 804 525 habe,
829 496 857 518 et
883 490 1017 519 innocens

235 549 309 577 esto;
327 548 354 572 et
363 544 418 571 eris
431 543 502 571 sicut
524 541 616 569 infans
636 540 683 576 qui
701 538 788 566 nescit
803 537 858 573 (l5)
874 535 1017 567 malitiam,

235 598 297 625 quae
322 589 438 624 perdidit
463 588 519 622 (l4)
545 587 628 614 vitam
657 585 810 613 hominum.
835 581 969 612 Primum,
985 579 1020 606 de

236 635 293 670 (l5)
308 635 383 662 nullo
403 633 473 662 male
499 632 642 667 loquaris,
665 636 752 664 neque
778 627 892 655 libenter
925 625 1021 653 audias

235 681 307 708 male
326 681 493 715 loquentem.
509 677 556 705 Sin
568 683 633 704 vero
643 679 670 703 et
687 679 714 702 tu
733 673 854 701 audieris
865 693 872 705 ,
885 672 1020 707 particeps

235 727 290 754 eris
301 726 404 761 peccati
421 725 492 753 male
508 722 661 757 loquentis;
685 725 713 748 et
725 720 852 752 credens,
867 722 894 745 tu
911 724 1022 752 quoque

235 777 379 808 peccatum
394 771 518 803 habebis,
539 769 604 804 quia
618 766 758 796 credidisti
771 765 842 793 male
854 763 976 799 loquenti
988 763 1025 790 de

235 818 320 845 fratre
334 823 391 846 tuo.
407 816 563 844 Perniciosa
574 819 616 842 est
630 813 780 845 detractio;
797 811 957 838 inconstans
971 809 1024 836 daa-

234 865 358 892 Inonium
378 868 437 896 est;
451 869 591 896 nunquam
607 861 634 888 in
648 867 715 895 pace
731 857 872 890 consistit,
889 855 936 884 sed
948 862 1022 883 sem-

234 918 284 946 per
297 910 325 937 in
343 909 480 938 discordia
495 910 597 935 manet.

1101 489 1156 525 (12)
1181 487 1331 524 ’Δπλότητα
1344 487 1400 522 ἔχε,
1414 486 1460 514 καὶ
1477 486 1580 517 ἄκακος
1594 483 1687 519 γενοῦ,
1704 483 1754 509 καὶ
1769 482 1854 515 Esaia;-

1065 536 1100 563 τὰ
1111 535 1194 571 νήπια
1209 534 1243 561 τὰ
1257 534 1294 570 μὴ
1308 533 1476 568 γινώσκοντα
1490 531 1631 566 πονηρίαν,
1647 530 1699 564 τὴν
1709 528 1855 556 ἀπολοῦσαν

1066 580 1115 615 τὴν
1136 579 1270 615 σωτηρίαν
1295 578 1349 604 τῶν
1366 576 1525 613 ἀνθρώπων.
1544 576 1656 611 Πρῶτον
1678 575 1730 610 μὲν
1750 573 1855 609 μηδενὸς

1067 625 1221 658 καταλάλει,
1235 625 1301 660 μηδὲ
1317 623 1402 659 ἡδέως
1417 623 1499 651 ἄκουε
1513 621 1561 648 τοῦ
1583 619 1808 650 καταλαλοῦντος
1819 628 1823 631 ·
1833 618 1854 645 si

1067 671 1095 697 δὲ
1108 671 1145 707 μὴ
1155 690 1162 703 ,
1179 671 1226 697 καὶ
1241 670 1273 696 σὺ
1285 668 1401 700 ἀκούων,
1420 667 1511 703 ἔνοχος
1528 666 1578 703 ἔσῃ
1592 666 1643 700 τῆς
1659 665 1800 700 ἁμαρτίας
1813 663 1854 690 τοῦ

1069 715 1290 746 καταλαλοῦντος.
1306 713 1427 750 Πονηρδν
1437 712 1492 748 γὰρ
1504 711 1614 747 πνεῦμά
1627 711 1705 737 ἐστιν
1718 711 1736 745 ἠ
1749 709 1855 736 καταλαμ-

1070 762 1128 795 λιὰ,
1142 762 1188 789 καὶ
1195 761 1383 790 ἀκατάστατον
1396 759 1541 794 δαιμόνιον,
1558 757 1692 792 μηδέποτε
1711 754 1854 791 εἰρηνεῦον,

1070 808 1138 836 ἀλλὰ
1153 808 1267 835 πάντοτε
1279 807 1308 833 ὲν
1320 805 1499 840 διχοστασίαις
1513 802 1667 830 κατοικοῦν.

695 963 766 990 Hinc
776 962 857 989 etiam
871 960 1039 990 ΑΝτιοειιυε,
1054 952 1165 982 homilia
1177 951 1224 985 29,
1239 951 1293 978 ista
1309 949 1394 977 habet.

268 1023 372 1051 Bonum
390 1023 479 1060 itaque
504 1027 554 1056 est,
577 1023 609 1050 de
638 1021 711 1050 nullo
740 1021 809 1048 male
838 1020 921 1055 loqui,
937 1026 1017 1053 neque

233 1069 344 1097 libenter
354 1070 446 1096 audire
459 1069 527 1096 male
541 1069 697 1104 loquentem.
719 1067 770 1095 Sin
783 1074 852 1100 vero,
871 1070 895 1093 et
909 1065 954 1104 qui
969 1072 1017 1090 au-

233 1115 324 1148 dierit,
342 1123 401 1141 reus
421 1115 473 1141 erit
496 1102 598 1150 peccati
611 1114 724 1141 hominis
743 1112 812 1140 male
834 1102 975 1147 loquentis,
995 1111 1019 1136 si

233 1160 374 1187 crediderit
388 1159 559 1186 oblocutioni.
579 1158 635 1191 Qui“
649 1159 719 1186 enim
741 1158 840 1190 credet,
855 1155 959 1183 habebit
971 1155 1019 1181 ad-

232 1214 322 1234 versus
337 1206 447 1242 fratrem
471 1214 557 1232 suum.
573 1204 625 1231 Hic
647 1212 708 1239 ergo
727 1211 786 1231 reus
799 1207 837 1230 est
858 1201 957 1237 peccati
972 1201 1019 1227 ho—

232 1253 313 1279 minis
331 1251 503 1287 obloquentis.
522 1250 612 1286 Neque
625 1250 693 1277 enim
708 1253 807 1284 oportet
819 1248 920 1283 aliquid
933 1247 1019 1273 dicere

233 1303 326 1326 contra
357 1298 466 1333 fratrem
494 1297 625 1325 absentem
648 1295 832 1323 calumniandi
863 1294 1017 1324 intentione,

232 1343 302 1378 quod
313 1347 351 1370 est
366 1343 508 1375 allocutio,
522 1343 583 1370 licet
593 1350 653 1369 uera
664 1342 717 1368 sint
731 1348 790 1376 qute
810 1340 950 1371 dicuntur;
973 1339 1018 1366 sed

231 1391 321 1425 potius
346 1389 523 1416 oblocutorem
543 1389 670 1415 auersari.
691 1387 853 1422 Oquantum
872 1386 1019 1420 perniciosa

233 1440 272 1462 est
294 1435 444 1467 detractio,
467 1434 617 1461 inconstans
647 1432 816 1465 denionium,
838 1439 972 1466 nunquam
991 1431 1018 1458 in.

233 1489 298 1517 pace
325 1482 479 1513 consistens,
490 1481 535 1508 sed
557 1489 657 1514 semper
681 1481 707 1507 in
726 1479 862 1507 discordia
887 1477 1019 1505 manens!

271 1583 389 1612 Contine
415 1590 441 1612 te
465 1583 499 1611 ab
523 1583 568 1611 illa
584 1583 652 1618 (l6),
667 1586 694 1609 et
708 1589 816 1616 semper
830 1587 925 1616 pacem
949 1580 1019 1607 habe

233 1637 296 1659 cum
310 1629 394 1658 fratre
413 1634 470 1657 tuo.
484 1628 568 1657 Indue
581 1628 762 1656 constantiam
777 1631 911 1660 sanctam,
921 1627 949 1654 in
964 1634 1018 1662 qua

235 1676 309 1703 nulla
324 1681 388 1703 sunt
399 1680 521 1713 peccata.
539 1675 586 1703 sed
598 1674 689 1702 omnia
704 1674 765 1701 laeta
781 1677 855 1701 sunt.

1107 1011 1197 1039 Καλὸν
1212 1008 1257 1037 οὖν
1276 1009 1358 1040 ἐστιν,
1384 1006 1430 1033 ἐπὶ
1456 1004 1569 1041 μηδενὸς
1589 1003 1773 1036 κατα-λαλεῖν,
1795 1003 1855 1038 μηδὲ

1071 1061 1156 1097 ἡδέως
1174 1058 1282 1086 ἀκούειν
1298 1053 1519 1085 καταλαλοῦντος.
1534 1053 1565 1079 Εἰ
1580 1052 1608 1079 δὲ
1625 1052 1675 1087 μὴ,
1691 1050 1742 1078 καὶ
1754 1051 1769 1076 ὀ
1782 1049 1855 1076 ἀκού-

1070 1095 1108 1134 ων
1129 1106 1219 1140 ἔνοχος
1243 1103 1319 1130 ἔσται
1340 1101 1390 1135 τῆς
1412 1098 1549 1134 ἁμαρτίας
1567 1097 1613 1124 τοῦ
1633 1095 1854 1126 καταλαλῶν-τος,

1070 1153 1118 1179 ἐὰν
1140 1150 1273 1184 πιστεύσῃ
1288 1149 1322 1183 τῇ
1336 1145 1496 1180 καταλαλιᾷ.
1519 1144 1548 1170 '0
1562 1143 1616 1179 γὰρ
1631 1143 1796 1173 πιστεύσας,
1808 1140 1856 1172 ἕξει

1072 1198 1139 1234 μετὰ
1151 1197 1206 1233 [Ζσ.
1222 1193 1304 1230 κατὰ]
1317 1193 1363 1220 τοῦ
1377 1191 1491 1226 ἀδελφοῦ
1503 1189 1596 1217 αὐτοῦ.
1613 1186 1699 1219 Οὗτος
1710 1185 1760 1214 οὖν
1774 1186 1855 1220 ἔνοχός

1069 1231 1128 1271 ἐστι
1149 1231 1199 1277 τῆς
1218 1240 1354 1276 ἁμαρτίας
1376 1237 1424 1264 τοῦ
1441 1235 1663 1265 καταλαλοῠντος.
1688 1233 1729 1260 Οὐ
1754 1232 1795 1259 δεῖ
1809 1231 1854 1266 γὰρ

1072 1288 1140 1325 μετὰ
1148 1287 1262 1318 ἀπόντος
1270 1283 1383 1319 ἀδελφοῦ
1394 1283 1483 1317 λέγειν
1494 1290 1531 1314 τι,
1541 1280 1634 1315 σκοπῷ
1647 1279 1695 1306 τοῦ
1706 1278 1854 1305 διαϐάλλειν

1070 1324 1161 1366 αὐτὸν,
1176 1333 1244 1368 ὅπερ
1258 1331 1330 1358 ἐστὶν
1353 1331 1370 1365 ἡ
1384 1327 1545 1359 καταλαλιὰ,
1564 1326 1614 1353 κᾶν
1628 1325 1718 1360 ἀληθῆ
1735 1325 1770 1351 τὰ
1786 1324 1855 1357 λεγό-

1071 1389 1140 1416 μενα
1149 1388 1155 1395 ·
1168 1379 1235 1406 ἀλλὰ
1245 1377 1343 1414 μᾶλλον
1357 1372 1628 1410 ἀποστρέφεσθαιτδν
1640 1369 1853 1398 καταλαλοῦιηα.

1069 1415 1105 1453 Ὦ
1117 1425 1198 1452 πόσον
1208 1424 1313 1459 πονηρά
1320 1424 1392 1449 ἐστιν
1403 1422 1420 1456 ἡ
1431 1418 1591 1449 καταλαλιὰ,
1601 1417 1794 1444 ἀκατάστατον
1802 1415 1854 1441 δαι-

1071 1473 1171 1509 μόνιον,
1176 1470 1308 1506 μηδέποτε
1323 1466 1472 1503 εἰρηνεῦον,
1483 1464 1551 1492 ἀλλὰ
1563 1463 1679 1491 πάντοτε
1698 1462 1728 1488 ὲν
1739 1461 1856 1496 διχοστα·

1070 1519 1140 1550 σίαις
1153 1516 1296 1545 κατοικοῠν
1307 1516 1312 1542 !

1106 1577 1208 1610 Ἀπειχε
1233 1571 1278 1600 οὖν
1302 1571 1349 1599 ἀπ’
1372 1568 1465 1603 αὑτοῦ,
1493 1567 1540 1595 καὶ
1561 1567 1675 1602 εἰρήνην
1694 1565 1769 1597 ἕξεις
1793 1563 1855 1599 μετὰ

1070 1609 1193 1651 πάντωνί
1209 1619 1336 1649 Ἔνδυσαι
1356 1617 1385 1643 δὲ
1401 1615 1449 1651 τὴν
1468 1614 1616 1648 ἁπλότητα,
1638 1612 1687 1639 καὶ
1699 1611 1750 1646 τὴν
1765 1609 1856 1644 σεμνό-

1068 1677 1147 1703 τητα,
1163 1668 1192 1692 ὲν
1214 1662 1254 1697 οἷς
1277 1663 1352 1690 οὐδέν
1374 1662 1432 1688 ὲστι
1457 1660 1625 1696 πρόσκομμα
1647 1656 1777 1692 πονηρὸν,
1793 1654 1855 1682 ἀλλὰ

1070 1714 1160 1740 πάντα
1168 1710 1258 1747 ὁμαλὰ
1273 1710 1320 1736 καὶ
1336 1708 1424 1743 ἱλαρά.

271 1774 305 1801 Ει
322 1773 435 1802 benefac
450 1773 483 1802 de
495 1771 699 1808 laboribus(l7)
712 1771 775 1799 tuis.
786 1770 919 1800 Omnibus
930 1771 1056 1806 inopibus
1068 1771 1103 1799 da
1116 1769 1285 1804 simpliciter,
1300 1765 1370 1794 nihil
1382 1763 1521 1808 dubitans,
1536 1761 1579 1789 cui
1594 1761 1653 1788 des.
1662 1758 1716 1786 Sed
1730 1757 1855 1785 omnibus

233 1821 268 1850 da
278 1832 284 1849 :
293 1822 422 1850 omnibus
433 1821 504 1848 enim
513 1821 584 1848 Deus
593 1820 652 1847 dari
665 1820 722 1847 vult
730 1819 764 1846 de
775 1819 832 1847 suis
843 1819 991 1852 bonis.Qui
1006 1826 1071 1854 ergo
1085 1817 1231 1852 accipiunt,
1243 1813 1357 1842 reddent
1368 1810 1500 1839 rationem
1511 1807 1576 1838 Deo.
1586 1813 1673 1841 quare
1681 1807 1854 1838 acceperunt,

233 1872 262 1895 et
280 1868 312 1895 ad
328 1867 404 1902 quid.
420 1866 472 1900 Qui
486 1871 576 1894 autem
590 1867 728 1902 accipiunt
753 1867 816 1894 ﬁcta
840 1850 1012 1900 necessitate,
1024 1850 1301 1895 reddent—rationem;
1317 1860 1364 1895 qui
1381 1863 1470 1885 autem
1483 1856 1539 1888 dat,
1556 1856 1688 1882 innocens
1704 1852 1767 1880 erit.
1781 1850 1855 1877 Sicut

235 1915 309 1941 enim
325 1915 430 1949 accepit
446 1923 461 1941 a
477 1914 604 1946 Domino,
619 1915 802 1942 ministerium
828 1898 1039 1947 consummavit,
1054 1913 1122 1940 nihil
1137 1910 1286 1940 dubitando
1302 1908 1346 1937 cui
1360 1907 1446 1939 daret,
1463 1909 1490 1932 et
1506 1903 1550 1931 cui
1577 1909 1630 1929 non
1647 1900 1725 1928 daret
1737 1898 1793 1931 (18)

234 1962 300 1990 iecit
327 1962 378 1990 hoc
404 1963 588 1990 ministerium
613 1963 773 1998 simpliciter
795 1967 823 1990 et
844 1962 960 1998 gloriose
982 1962 1016 1989 ad
1032 1961 1127 1989 Deum.
1140 1959 1253 1988 Custodi
1269 1964 1333 1992 ergo
1348 1954 1507 1983 mandatum
1522 1951 1585 1982 hoc,
1601 1949 1672 1976 sicut
1685 1947 1732 1974 tibi

1805 1902 1854 1930 ;cr

1750 1946 1852 1972 locutus

235 2017 314 2044 sum;
333 2015 362 2038 ut
376 2010 533 2045 paenitentia
549 2015 595 2038 tua
612 2012 728 2046 simplex
740 2011 904 2043 inveniatur,
918 2016 944 2038 et
958 2010 1044 2045 possit
1061 2009 1154 2037 domui
1169 2013 1221 2036 tuae
1233 2007 1303 2035 bene
1313 2003 1389 2037 tieri;
1405 2006 1432 2029 et
1442 2007 1490 2027 cor
1503 1996 1634 2024 mundum
1650 1994 1730 2020 habe.

870 2069 1035 2102 ANTIOCIIUS,
1053 2067 1163 2095 humilia
1180 2065 1225 2094 98.

269 2124 374 2152 Bonum
391 2125 473 2159 igitur
491 2129 539 2156 est.
557 2126 589 2152 de
611 2127 724 2161 propriis
739 2126 873 2153 laboribus
889 2134 947 2161 quia
959 2134 1018 2160 sup-

234 2171 362 2206 peditavit
379 2170 460 2205 Deus,
477 2173 596 2200 omnibus
620 2173 739 2207 inopibus
756 2173 818 2199 dare
843 2172 1015 2207 simpliciter;

236 2216 302 2243 nihil
316 2216 472 2250 dubitando,
486 2217 529 2245 cui
543 2217 598 2250 des,
611 2219 653 2244 cui
669 2226 718 2244 non
731 2219 785 2245 des.
808 2217 935 2245 Omnibus
951 2218 1020 2244 enim

235 2264 307 2290 Deus
322 2263 383 2291 dari
398 2262 452 2289 uult
471 2264 503 2290 de
516 2263 571 2290 suis
583 2263 658 2290 donis
675 2273 683 2288 :
698 2272 750 2290 non
763 2269 850 2290 autem
865 2271 1020 2298 quemquam

235 2309 369 2341 dubitare,
383 2309 424 2335 cui
435 2309 488 2341 det,
504 2309 542 2336 vel
562 2309 604 2335 cui
621 2317 672 2336 non
692 2309 744 2336 det.
762 2309 818 2335 Hoc
831 2311 923 2344 quippe
941 2308 1020 2334 mini-

235 2355 343 2383 sterium
356 2355 512 2389 simpliciter
518 2355 627 2389 factum,
639 2354 782 2389 gloriosum
793 2360 829 2381 est
839 2355 908 2389 apud
919 2354 1019 2382 Deum:

235 2406 259 2428 et
274 2401 319 2436 qui
331 2402 370 2428 ita
383 2401 540 2436 simpliciter
559 2401 705 2433 ministrat,
720 2401 784 2427 vivet
796 2400 860 2428 Deo.

1106 2124 1194 2152 Καλὸν
1211 2121 1258 2151 οὖν
1273 2124 1356 2153 ἐστιν,
1379 2122 1412 2148 ἐκ
1434 2121 1488 2148 τῶν
1505 2121 1576 2148 ἰδίων
1591 2119 1694 2149 κόπων,
1706 2113 1744 2143 ὢν
1761 2116 1775 2141 δ
1792 2114 1853 2144 85b;

1069 2170 1241 2205 ὲπιχορηγεῖ,
1267 2168 1348 2194 πᾶσιν
1373 2166 1578 2202 ὑστερουμένοις
1606 2163 1738 2198 παρέχειν
1755 2159 1853 2205 ἁπλῷς,

1071 2204 1154 2250 μηδὲν
1176 2213 1344 2245 διστάζοντα,
1360 2213 1412 2238 τίνι
1430 2210 1492 2246 δῷς,
1512 2210 1566 2236 τίνι
1587 2209 1623 2245 μὴ
1640 2207 1703 2242 δῷς.
1721 2206 1792 2233 Πᾶσι
1803 2204 1852 2238 γὰρ

1067 2249 1158 2291 δΘεὸς
1172 2258 1291 2286 δίδοσθαι
1307 2257 1377 2284 θέλει
1397 2257 1429 2283 ὲκ
1442 2255 1496 2282 τῶν
1513 2255 1584 2283 ἰδίων
1604 2252 1787 2289 δωρημὰτων,
1810 2249 1851 2276 καὶ

1070 2305 1107 2341 μὴ
1122 2306 1267 2340 διακρῖναι,
1280 2304 1331 2331 τίνι
1347 2304 1421 2340 δῷ,ἣ
1440 2304 1492 2330 τίνι
1508 2302 1544 2338 μὴ
1561 2300 1608 2336 δῷ.
1627 2301 1660 2326 Ἦ
1671 2300 1727 2335 γὰρ
1736 2297 1851 2325 διακονία

1068 2352 1137 2388 αὕτη
1161 2352 1254 2383 ἁπλῶς
1272 2351 1437 2384 τελεσθεῖσα,
1459 2349 1562 2382 ἔνδοξος
1588 2347 1706 2382 ὑπάρχει
1727 2345 1803 2380 παρὰ

1069 2399 1137 2434 Θεῷ·
1155 2399 1201 2425 καὶ
1218 2398 1303 2430 οὕτως
1327 2397 1419 2428 ἁπλῶς
1437 2394 1578 2426 διακονῶν,
1596 2392 1636 2429 τῷ
1655 2392 1716 2428 Θεῷ
1735 2392 1849 2427 ζήσεται.

758 2456 875 2484 VARl/E
894 2455 1085 2484 LECTIONES
1102 2455 1147 2483 ET
1165 2454 1280 2482 ΝΟΤᾸΣ.

235 2505 370 2536 continet,
389 2512 448 2530 cum
472 2503 544 2531 solus
570 2503 625 2537 ipse
650 2503 777 2530 contineri
794 2507 913 2537 nequeat.
936 2501 1020 2528 Paulo

235 2539 315 2566 aliter
328 2545 426 2566 auctor
443 2536 647 2566 Prwdicationis
673 2538 745 2565 Petri
766 2536 837 2570 apud
850 2536 1019 2563 Clementem

236 2575 313 2602 Alex.
324 2576 435 2608 Στρωμ.
448 2574 495 2601 lib.
508 2581 615 2608 v1,cap.
633 2573 659 2606 5,
673 2581 734 2609 pag.
753 2573 804 2599 759
820 2582 827 2599 :
850 2571 1001 2606 Ἀχώρητος
1012 2590 1020 2603 ,

234 2609 264 2640 ὃς
279 2609 314 2636 τὰ
327 2609 421 2644 πάντα
428 2611 521 2644 χωρεῖ.

271 2644 335 2685 (Ιθ).
348 2643 386 2672 lta
402 2639 493 2672 Félllis
509 2652 543 2672 ex
558 2644 634 2671 Bodl.
660 2647 688 2670 et
708 2643 803 2670 Lamb.
823 2641 895 2669 Editi
919 2639 1021 2668 omnem

237 2685 390 2714 nequitiam.

273 2710 330 2748 ill)
352 2713 397 2741 Sic
407 2718 480 2741 recte
491 2713 587 2742 Lamb.
610 2717 637 2741 et
659 2712 732 2740 Vict.
749 2712 795 2740 Sic
807 2719 917 2748 quoque
930 2710 1020 2738 Fcllus

236 2753 263 2776 et
275 2749 380 2775 Fabric.
396 2749 438 2776 Al.
452 2749 521 2775 inde.

273 2785 329 2817 (l2)
349 2783 388 2810 Ex
405 2784 493 2810 Doctr.
511 2785 545 2811 ad
561 2784 694 2813 Antioch..
712 2791 788 2810 num.
804 2784 831 2815 2,
843 2790 903 2817 pag.
921 2781 985 2808 253.

239 2819 332 2883 mgf;
351 2818 415 2848 Mss.
437 2819 517 2855 Angl.
540 2819 655 2854 infantes
684 2819 729 2854 qui
751 2819 886 2851 nesciunt;
910 2817 981 2845 sicut
996 2819 1022 2844 et

264 2861 342 2883 mea.

1104 2500 1161 2568 (ll;
1181 2499 1276 2527 Lamb.
1291 2498 1388 2533 perdit.
1594 2530 1600 2535 _
1770 2528 1776 2533 _

1104 2536 1150 2568 (l5
1182 2535 1234 2562 Ista
1243 2534 1344 2562 delibat
1352 2537 1379 2560 et
1387 2534 1531 2567 exaggerat
1538 2530 1691 2558 Antiochus
1701 2528 1776 2556 homi

1104 2526 1161 2570 llSS
1182 2535 1234 2576 ista
1243 2526 1344 2562 delibat
1352 2537 1379 2560 et
1387 2534 1531 2567 exaggerat
1538 2530 1691 2558 Antiochus
1701 2528 1798 2556 homil.
1809 2526 1850 2556 29.

1069 2576 1098 2598 ut
1110 2578 1172 2597 mox
1186 2569 1268 2596 inira.

1105 2605 1161 2640 (l6)
1170 2605 1235 2631 Mss.
1247 2603 1325 2640 Angrl.
1336 2602 1444 2640 Abstine
1452 2601 1517 2640 te_a_b
1527 2600 1574 2640 illo
1584 2599 1756 2640 (daemonia).
1764 2598 1849 2640 Graeca

1069 2634 1162 2667 Do‘ctr'.
1185 2639 1219 2666 ad
1246 2634 1369 2665 Antioch.
1387 2638 1428 2664 sic
1444 2646 1451 2664 :
1468 2636 1577 2663 Abstine
1590 2634 1615 2661 te
1629 2634 1714 2669 igitur
1729 2634 1763 2660 ab
1777 2642 1815 2664 eo,
1827 2636 1850 2669 ct

1068 2683 1159 2710 pacem
1189 2674 1294 2701 habebis
1314 2681 1373 2700 cum
1394 2671 1524 2710 omnibus.
1541 2670 1626 2710 Indue
1641 2667 1741 2710 autern
1755 2667 1851 2710 simpli-

1070 2702 1175 2737 citatem
1191 2714 1214 2736 et
1231 2709 1401 2738 honestatem,
1414 2708 1442 2733 in
1457 2706 1550 2741 quibus
1567 2704 1670 2732 nullum
1687 2709 1728 2741 est
1747 2702 1849 2737 offendi-

1070 2744 1158 2772 culum
1171 2744 1282 2776 malum,
1295 2744 1339 2770 sed
1354 2742 1443 2768 omnia
1460 2739 1540 2776 plana
1552 2744 1578 2767 et
1587 2739 1722 2776 jucunda.

1105 2772 1281 2819 (iztpout.'
1303 2772 1477 2805 delatoribus.
1511 2772 1670 2803 Haec‘nem
1705 2772 1850 2803 Antiochus

1069 2814 1164 2844 homil.
1176 2814 1221 2841 98.

1108 2849 1164 2886 (l8)
1182 2849 1277 2877 Lamb.
1292 2849 1334 2877 cui
1349 2848 1422 2882 dare,
1439 2847 1480 2875 cui
1496 2855 1546 2874 non
1561 2846 1636 2875 dare.
