1920 3104
61 158 106 186 91⁸1
555 156 701 185 l‘AS'l'OlL
721 171 754 177 —
777 155 840 183 LIB.
861 155 893 189 II,
913 153 1107 183 MANDATUM
1124 152 1167 181 IV.

706 212 937 244 MANDATUM
962 212 1019 243 Ill.

323 279 366 309 De
380 278 528 319 ﬁtgimdo
544 277 715 314 mendacio,
734 273 763 306 et
778 277 903 308 Herma:
912 276 1100 316 pauitantia
1115 273 1151 304 ob
1169 271 1406 303 simulationem.

725 336 842 365 CAPUT
861 336 1003 364 UNICUM.

96 394 310 432 (19)*Δλήθειαν
332 397 436 431 ἀγάπα,
454 398 501 424 καὶ
526 398 600 424 πᾶσα
621 396 736 433 ἀλήθεια
751 398 782 423 ἐκ
796 397 844 424 τοῦ

930 396 1030 424 lterum
1058 396 1126 424 mihi
1149 395 1218 424 dixit
1233 405 1240 422 :
1253 393 1403 422 Veritatem
1428 390 1519 425 dilige.
1540 390 1568 414 ει
1585 383 1675 433 ⁰Ψ¹¹Ῐ⁵

63 439 184 475 στόματός
204 431 252 468 σου
274 441 476 478 ἐκπορευέσθω,
490 442 534 469 ἵνα
547 443 578 469 τὸ
591 431 698 478 πνεῦμα
714 442 761 469 τοῦ
777 442 844 469 Θεοῦ

898 450 983 470 sermo
1007 450 1088 470 verus
1106 441 1163 476 (ΞΟ)
1178 449 1212 469 ex
1227 448 1275 469 ore
1289 445 1336 468 tuo
1358 437 1502 474 procedat;
1519 438 1549 461 υῑ
1563 431 1676 467 spiritus

63 487 164 521 λατοικῇ
181 495 277 514 σοι.-
288 487 320 514 οι
335 487 389 523 γὰρ
403 487 560 523 ψευδόμενοι
575 488 699 515 ἀθετοῦσι
709 488 755 515 τὸν
766 488 840 515 Θεὸν.

898 496 972 524 quem
989 488 1120 516 Dominus
1133 487 1276 516 constituit
1292 486 1320 514 in
1335 491 1416 513 carne
1431 488 1488 515 tua,
1500 487 1583 508 verax
1597 478 1676 524 inve-

61 543 92 550 —
102 529 210 557 Ἐλαΰον
225 531 281 568 γὰρ
292 531 400 568 πνεῦμα
415 532 552 568 ἀληθείας,
569 535 616 560 καὶ
632 533 754 568 ἐγένοντο
766 535 842 570 οἰκη-

898 523 985 562 aiatur
1012 534 1083 569 apud
1098 539 1213 562 cunctos
1229 533 1372 565 homines;
1384 535 1412 558 et
1425 527 1557 556 Dominus
1572 523 1678 570 magni-

62 575 133 609 τὴρια
144 574 190 601 τοῦ
204 575 336 625 ἀληθινοῦ
351 576 515 612 πνεύματος.
822 568 827 570 1

898 579 999 613 ﬁcetur,
1019 568 1066 615 qui
1093 579 1167 608 dedit
1192 579 1317 614 spiritum
1333 577 1361 604 in
1378 580 1405 603 te
1419 574 1491 610 (2|);
1513 571 1577 624 (illia
1605 568 1677 595 De“

62 624 135 645 verax
147 623 189 646 est
219 619 249 647 in
268 621 346 648 omni
359 621 453 655 verbo,
469 625 498 648 et
512 628 568 649 non
584 626 626 650 est
638 622 812 650 mendacium
828 623 856 650 in
871 623 940 658 ipso.
953 623 1007 658 Qui
1022 632 1088 660 ergo
1101 624 1280 656 mentiuntur,
1294 622 1431 657 abnegant
1450 617 1605 649 Dominum,
1621 622 1678 642 non

62 666 194 696 reddentes
210 667 269 695 Deo
284 669 438 704 depositum
452 670 525 704 quod
539 674 704 705 acceperunt
719 670 788 704 (22).
804 669 976 706 Acceperunt
989 671 1064 699 enim
1087 671 1215 707 spiritum
1228 670 1287 698 sine
1302 667 1454 697 mendacio.
1471 664 1549 693 Hunc
1564 664 1587 691 si
1602 669 1680 690 men-

1621 151 1674 182 918

62 711 146 740 dacem
156 713 287 749 reddunt,
301 715 481 751 coinquinant
495 718 654 746 mandatum
669 718 789 751 Domini,
801 722 828 745 et
840 717 1013 747 fraudatores
1028 719 1106 746 ﬁniit.

687 778 853 810 ANTIOCHUS,
869 778 979 806 homilia
994 778 1039 807 66.

91 839 146 877 Χρὴ
161 838 208 869 οὖν
222 843 315 871 πᾶσαν
333 844 460 881 ἀλήθειαν
472 845 504 872 ὲκ
518 845 566 872 τοῦ
581 845 714 881 στόματος
730 845 777 872 τοῦ
800 846 848 872 ἀν-

63 885 160 921 θρώπου
179 889 392 924 ἐκπορεύεσθαι,
405 891 449 918 ἵνα
461 891 491 918 τὸ
505 890 623 927 πνεῦμα,
635 891 650 918 δ
660 892 675 918 ὁ
683 891 749 923 Θεὸς
759 890 845 926 κατῴ-

63 941 138 967 κησεν
150 934 177 960 ὲν
191 935 224 970 τῇ
239 937 325 971 σαρκὶ
340 937 436 974 ταύτῃ,
452 937 550 973 ἀληθὲς
564 937 662 973 εὑρεθῇ
676 937 750 972 παρὰ
765 937 847 964 πᾶσιν

62 978 214 1014 ἀνθρώποις,
226 981 277 1007 καὶ
293 981 380 1015 οὕτως
390 982 506 1018 δοξασθῇ
516 983 530 1009 ὁ
540 982 652 1018 Κύριος,
665 983 680 1008 ὁ
696 983 726 1009 ὲν
744 981 783 1017 τῷ
801 982 847 1008 ἀν-

63 1022 154 1061 θρώπῳ
166 1026 304 1054 κατοικῶν
313 1035 321 1042 ·
336 1027 377 1054 ὅτι
387 1029 402 1055 ὁ
416 1028 518 1064 Κύριος
530 1027 654 1064 ἀληθινὸς
660 1028 688 1054 ὲν
702 1028 784 1054 παντὶ
803 1028 848 1063 ῥή-

65 1077 131 1104 ματι,
141 1071 187 1098 καὶ
200 1072 278 1099 οὐδὲν
299 1073 364 1109 παρ’
374 1074 450 1111 αὐτῷ
462 1074 568 1109 ψεῦδος.
585 1074 615 1101 Οἱ
629 1071 677 1103 οὖν
687 1072 850 1109 ψευδόμενοι

63 1114 177 1143 ἀθετοῢσι
194 1117 241 1144 τδν
257 1118 371 1154 Κύριον,
383 1119 431 1145 καὶ
445 1119 565 1154 γίνονται
587 1117 773 1154 ἀποστερηταὶ
799 1116 847 1144 τοῦ

63 1160 167 1196 Κυρίου,
187 1162 224 1198 μὴ
251 1163 424 1196 ἀποδιδόντες
448 1163 523 1200 αὑτῷ
550 1164 599 1200 τὴν
624 1163 787 1199 παραθήκην
814 1162 848 1198 ἣν

64 1206 158 1235 ἔλαϐον.
178 1210 297 1237 Ἔλαὸον
316 1210 370 1247 γὰρ
394 1210 502 1246 πνεῦμα
522 1211 671 1247 ἄψευστον·
696 1209 776 1237 τοῦτο
800 1209 847 1237 ἐὰν

932 848 1040 883 Oportet
1054 855 1125 882 ergo,
1136 851 1164 874 ut
1179 847 1263 873 omnis
1281 844 1378 873 veritas
1391 849 1422 869 ex
1435 849 1478 868 ore
1492 838 1604 868 hominis
1619 845 1681 872 pro-

895 894 969 922 cedat
981 901 991 920 .'
1004 898 1033 920 ut
1047 894 1156 928 spiritus
1165 900 1241 927 quem
1256 891 1325 918 Deus
1341 887 1477 916 constituit
1488 886 1516 913 in
1529 892 1607 912 carne
1618 883 1685 919 hac,

893 947 972 967 veroo;
998 938 1148 966 inveniatur
1168 936 1238 971 apud
1261 939 1368 962 cunctos
1391 933 1521 962 homines,
1536 934 1561 957 et
1575 929 1613 956 sic
1625 927 1682 954 Do-

894 985 980 1011 minus
1003 983 1196 1019 mogm’ﬁcetur,
1223 981 1269 1016 qui
1294 981 1322 1007 in
1346 979 1448 1006 homine
1472 976 1598 1003 habitat:
1618 974 1682 1008 quia

894 1030 1024 1057 Dominus
1044 1036 1125 1056 vero:
1147 1032 1186 1055 est
1208 1027 1236 1054 in
1256 1026 1327 1053 omni
1350 1024 1436 1058 verbo,
1452 1027 1477 1050 et
1491 1030 1542 1049 non
1556 1024 1595 1048 est
1610 1027 1682 1046 men-

896 1075 1001 1103 dacium
1020 1075 1047 1102 in
1062 1075 1130 1110 ipso.
1145 1074 1198 1107 Qui
1212 1081 1272 1108 ergo
1290 1071 1463 1102 mentiuntur,
1480 1068 1609 1102 abnegant
1626 1064 1681 1091 Do-

896 1121 1008 1153 minum,
1022 1124 1047 1147 et
1061 1120 1128 1154 ﬁunt
1144 1118 1311 1153 fraudatores
1327 1115 1445 1147 Domini,
1469 1121 1521 1147 non
1544 1111 1686 1141 reddentes,

895 1166 919 1193 ei
938 1166 1086 1200 depositum
1104 1164 1173 1200 quod
1186 1165 1351 1198 occeperunt.
1367 1161 1530 1195 Acceperunt
1543 1157 1613 1184 enim
1626 1156 1682 1191 spi-

895 1212 976 1238 ritum
1000 1211 1056 1238 sine
1080 1209 1216 1237 mendacio
1235 1216 1243 1235 :
1266 1208 1334 1237 hunc
1349 1207 1371 1234 si
1387 1204 1541 1233 mendacem
1555 1202 1680 1235 reddunt,

64 1252 150 1287 ψευδὲς
162 1255 351 1290 ἁποδώσωσιν,
362 1256 478 1293 ἐμίαναν
501 1257 552 1293 τὴν
571 1256 619 1283 τοῦ
643 1255 711 1283 Θεοῦ
725 1256 847 1292 παραθὴ-

898 1254 1065 1289 coinquinant
1079 1253 1233 1280 mandatum
1244 1259 1289 1279 seu
1303 1250 1448 1286 depositum
1461 1249 1554 1283 Dei,et
1567 1247 1680 1282 frauda-

64 1303 120 1333 κην,
135 1299 181 1326 καὶ
195 1300 323 1335 ἐγένοντο
335 1301 531 1338 ἀποστερηται.

898 1305 963 1327 tores
981 1300 1059 1335 fiunt.

95 1354 140 1384 His
153 1358 264 1393 auditis,
280 1366 332 1394 ego
341 1359 515 1387 vehementer
528 1358 585 1396 (23)
600 1359 671 1388 nevi.
687 1359 737 1393 Qui
754 1367 817 1388 cum
830 1359 939 1386 ﬂentem
964 1365 1008 1385 me
1020 1357 1135 1389 videret,
1153 1356 1223 1384 dixit
1237 1355 1304 1383 mihi
1320 1366 1326 1384 :
1343 1356 1414 1390 Quid
1429 1355 1539 1392 ploras?
1553 1354 1586 1382 Et
1599 1353 1655 1381 dixi
1674 1362 1680 1380 :

66 1403 205 1440 Quoniam,
222 1406 346 1441 domine,
367 1407 460 1436 nescio
472 1414 506 1434 an
521 1407 623 1442 possim
635 1408 727 1436 salvus
742 1414 812 1435 esse.
824 1407 925 1440 Quare,
939 1405 1045 1440 inquit?
1056 1403 1090 1431 Et
1105 1404 1161 1431 dixi
1174 1413 1181 1431 :
1192 1403 1261 1437 Quia
1278 1410 1429 1437 nunquam,
1445 1400 1565 1432 domine,
1585 1405 1682 1426 verum

66 1448 164 1479 locutus
178 1459 238 1479 sum
255 1453 371 1480 verbum
398 1453 426 1481 in
451 1453 508 1481 vita
528 1462 600 1487 mea,
616 1454 663 1482 sed
686 1461 792 1489 semper
814 1453 842 1480 in
860 1452 917 1488 (24)
928 1451 1102 1479 simulatione
1117 1450 1183 1483 vixi,
1195 1454 1222 1477 et
1236 1448 1408 1477 mendacium
1423 1454 1474 1483 pro
1485 1446 1599 1474 veritate
1609 1444 1682 1472 atIir-

66 1498 129 1524 mavi
141 1498 195 1534 (25)
210 1499 357 1533 omnibus;
374 1504 400 1528 et
423 1508 479 1528 non
498 1501 566 1528 mihi
593 1501 739 1536 quisquam
765 1499 942 1532 contradixit,
955 1499 1001 1527 sed
1016 1499 1083 1526 ﬁdes
1101 1497 1194 1525 habita
1210 1502 1251 1525 est
1264 1497 1348 1524 verbo
1363 1503 1439 1523 meo.
1450 1494 1511 1528 Quo
1524 1494 1605 1521 modo
1617 1499 1683 1528 ergo

66 1547 152 1577 potero
175 1546 278 1580 vivere,
301 1554 364 1574 cum
389 1546 429 1576 sic
451 1547 574 1581 egerim?
589 1546 622 1574 Et
644 1547 713 1574 dixit
732 1547 822 1574 mihi:
842 1545 881 1573 Tu
896 1544 1005 1580 quidem
1029 1544 1099 1571 bene
1122 1546 1149 1570 et
1172 1550 1235 1569 vere
1261 1542 1354 1570 sentis.
1379 1540 1527 1576 Oportebat
1549 1539 1621 1566 enim
1646 1543 1681 1571 te,

68 1587 132 1616 sicut
159 1588 206 1617 Dei
230 1599 354 1622 servum.
371 1591 399 1619 in
418 1591 533 1618 veritate
552 1591 703 1624 ambulare,
721 1595 748 1619 et
770 1591 870 1618 malam
893 1589 1088 1617 conscientiam
1104 1595 1167 1616 cum
1188 1587 1285 1622 spiritu
1300 1586 1421 1614 veritatis
1437 1593 1491 1612 non
1505 1584 1680 1618 conjungere,

67 1639 111 1660 nec
128 1634 266 1663 tristitiam
292 1636 406 1672 Spiritui
436 1638 483 1666 Dei
506 1644 602 1666 sancto
628 1643 656 1667 et
678 1647 743 1667 vero
771 1639 862 1667 facere
873 1638 907 1666 ".
929 1637 963 1666 Et
986 1637 1043 1665 dixi
1067 1637 1107 1664 illi
1125 1646 1132 1664 :
1149 1635 1305 1671 Nunquam,
1320 1634 1440 1668 domine,
1455 1634 1512 1661 haec
1525 1633 1607 1660 verba
1623 1637 1680 1659 tam

67 1680 201 1717 diligenter
216 1685 321 1713 audivi.
340 1685 373 1712 Et
385 1686 455 1714 dixit
471 1687 537 1714 mihi
556 1696 563 1714 :
579 1686 656 1715 Nunc
672 1687 760 1715 audis.
783 1687 855 1715 Cura
870 1686 998 1721 deinceps
1017 1685 1085 1720 (‘26),
1099 1689 1130 1712 ut
1151 1690 1178 1712 et
1198 1684 1242 1711 illa
1259 1691 1325 1718 quae
1335 1682 1411 1717 ρτὶυε
1429 1680 1537 1707 Ῑοθυιυε
1561 1686 1592 1706 εδ
1613 1678 1680 1705 falsa

67 1734 110 1763 pro
122 1730 236 1764 negotiis
247 1731 314 1765 tuis,
324 1731 366 1759 his
381 1732 472 1760 verbis
484 1737 511 1759 et
523 1731 567 1758 illa
582 1732 661 1759 ﬁdem
676 1730 1010 1767 recipiant(2‘l).Possunt
1024 1729 1095 1757 enim
1112 1732 1138 1756 et
1150 1728 1196 1755 illa
1211 1727 1291 1754 iidem
1307 1726 1437 1760 recipere,
1458 1724 1481 1751 si
1497 1730 1560 1750 vera
1573 1722 1680 1749 locutus

72 1771 128 1800 Ἐὰν
150 1773 196 1802 οὖν
218 1776 270 1812 τὴν
295 1777 422 1813 ἀλήθειαν
455 1776 584 1813 φυλάξῃς,
613 1777 717 1815 δυνήσῃ
740 1777 844 1813 σεαυτῷ

898 1776 984 1804 fueris
997 1775 1124 1809 deinceps
1141 1783 1148 1801 :
1164 1778 1192 1801 et
1206 1773 1229 1801 si
1244 1773 1386 1802 veritatem
1404 1769 1567 1800 servaveris,
1580 1767 1681 1802 poteris

67 1816 131 1854 ζωὴν
143 1822 384 1858 περιποιήσασθαι.
702 1814 707 1815 ⁷

899 1822 982 1849 vitam
1007 1821 1147 1856 consequi.
1167 1819 1201 1850 Et
1215 1819 1371 1854 quicunque
1391 1815 1506 1844 audierit
1529 1814 1580 1841 hoc
1603 1819 1681 1839 man-

68 1864 166 1901 datum,
178 1872 206 1896 et
224 1869 331 1903 iecerit,
345 1873 372 1896 et
386 1869 530 1897 recesserit
547 1877 563 1897 a
576 1869 720 1898 mendacio
729 1889 738 1907 ,
753 1868 827 1896 vivet
844 1868 908 1896 Deo.

701 1941 931 1974 MANDATUM
948 1942 1000 1974 IV.

633 2002 679 2032 De
696 2001 882 2034 dimittenda
896 2002 1050 2034 adultera.

798 2065 912 2094 CAPUT
932 2066 956 2095 l..

98 2105 149 2141 (28)
169 2106 291 2135 Φύλασσε
308 2107 358 2145 τὴν
368 2107 478 2142 ἁγνείαν
488 2127 495 2140 ,
514 2108 560 2135 καὶ
577 2109 614 2145 μὴ
631 2109 787 2145 ἀναμενέτω
801 2110 847 2138 ἐπὶ

931 2110 1040 2144 Mando,
1056 2110 1104 2143 ait,
1118 2109 1178 2142 tibi,
1197 2112 1228 2136 ut
1251 2107 1404 2136 castitatem
1425 2104 1573 2137 custodias,
1588 2108 1615 2131 et
1627 2110 1681 2131 non

69 2151 233 2190 τὴν,καρδίαν
245 2162 291 2181 σου
311 2154 374 2190 περὶ
384 2154 511 2189 γυναικὸς
522 2154 671 2191 ἀλλοτρίας,
681 2156 697 2191 ἢ
708 2157 772 2192 περὶ
781 2165 847 2192 πορ-

898 2157 1025 2184 ascendat
1039 2157 1086 2184 tibi
1100 2155 1228 2191 cogitatio
1243 2153 1334 2181 cordis
1347 2152 1381 2179 de
1396 2151 1484 2178 alieno
1496 2149 1681 2182 matrimonio,

69 2197 134 2228 νείας
153 2199 235 2231 τινὸς,
251 2198 269 2234 ἢ
290 2198 354 2234 περὶ
376 2199 504 2226 τοιούτων
526 2199 678 2234 ὀνομάτων-
695 2199 773 2226 τοῦτο
792 2199 847 2236 γὰρ

898 2206 943 2229 aut
955 2202 988 2229 de
1002 2202 1199 2234 fornicatione;
1217 2200 1275 2228 haec
1293 2199 1365 2226 enim
1386 2197 1456 2233 parit
1470 2197 1526 2232 (‘29)
1541 2200 1682 2232 peccatum
1697 2195 1702 2201 '

69 2243 144 2270 ποιῶν
162 2244 302 2280 ἁμαρτίαν
321 2244 440 2280 μεγάλην
460 2244 572 2281 ἐργάζῃ.
587 2244 673 2271 Βλέπε
696 2242 743 2272 οὖν
755 2253 761 2260 ·
779 2245 846 2272 ἀπέ-

898 2256 1033 2284 magnum.
1055 2248 1096 2275 Tu
1121 2252 1211 2275 autem
1236 2253 1342 2281 semper
1368 2252 1472 2273 memor
1487 2248 1545 2271 esto
1560 2242 1680 2274 Domini,

69 2296 112 2322 χου
123 2289 174 2316 ἀπὸ
186 2291 238 2326 τῆς
253 2289 427 2325 ἐνθυμήσεως
441 2289 553 2325 ταύτης.

898 2295 1024 2322 omnibus
1037 2294 1129 2328 horis;
1143 2298 1171 2321 et
1185 2300 1325 2328 nunquam
1342 2291 1478 2326 peccabis.
1496 2289 1524 2317 Si
1539 2289 1611 2317 enim
1623 2289 1682 2316 hzec

70 2335 189 2369 cogitatio
204 2335 233 2363 in
250 2343 296 2362 cor
310 2340 388 2362 tuum
403 2335 555 2362 ascenderit
569 2339 623 2363 tam
641 2337 724 2370 mala,
738 2344 867 2372 magnum
881 2344 1020 2374 peccatum
1041 2339 1109 2368 facis
1124 2348 1131 2367 :
1149 2343 1177 2366 et
1193 2339 1242 2374 qui
1266 2339 1324 2365 haec
1353 2337 1472 2368 faciunt.
1495 2335 1567 2362 Viam
1584 2335 1681 2363 mori-is

70 2385 222 2414 sequuntur.
242 2380 310 2408 Vide
326 2387 392 2414 ergo
408 2385 454 2413 tu;
469 2380 575 2407 abstine
589 2385 614 2408 te
627 2381 661 2408 ab
676 2382 727 2409 hac
743 2382 918 2416 cogitatione.
937 2383 988 2411 Ubi
1007 2384 1080 2411 enim
1098 2384 1210 2411 castitas
1225 2388 1316 2410 manet
1331 2383 1358 2410 in
1373 2382 1454 2410 corde
1472 2381 1591 2408 hominis
1603 2380 1679 2415 justi,

70 2430 198 2460 nunquam
215 2425 272 2461 (50)
285 2425 324 2453 ibi
337 2425 483 2453 ascendere
494 2425 573 2453 debet
587 2426 717 2461 cogitatio
733 2427 816 2454 mala.
833 2428 866 2455 Et
881 2428 938 2456 dixi
952 2429 993 2456 illi
1009 2438 1016 2456 :
1036 2429 1161 2462 Domine,
1177 2428 1302 2464 permitte
1317 2435 1360 2455 mc
1379 2434 1469 2462 pauca.
1486 2425 1567 2453 verba
1589 2430 1678 2452 tecum

102 2480 122 2497 ⁷⁸
140 2482 242 2519 Ephes.
261 2491 298 2516 tv,
314 2484 358 2511 50.

587 2533 704 2564 VARUS
724 2534 915 2564 LECTIONES
933 2537 978 2566 ET
997 2536 1113 2564 NOTAE;

103 2577 309 2618 (1Q)Doctr._ad
331 2577 455 2618 Antioch.
471 2585 548 2617 num.
565 2578 591 2612 3,
607 2586 641 2606 ex
665 2580 717 2607 hoc
742 2579 863 2608 Hermae-
932 2582 988 2617 (‘26)
1006 2582 1102 2609 Lamb.
1123 2580 1233 2608 Custodi
1256 2579 1359 2607 antodo.
1377 2578 1422 2606 Sic
1441 2583 1468 2605 et
1480 2586 1554 2609 mox,
1583 2580 1678 2604 amodo

72 2613 199 2652 mandato,
216 2613 265 2652 sed
281 2613 346 2652 hinc
362 2613 424 2652 inde
441 2613 536 2652 petit_a_.
579 2648 586 2652 _
633 2648 641 2652 Α
690 2649 695 2652 Δ
739 2650 745 2652 Α
785 2651 790 2652 γ
896 2613 945 2652 pro
960 2613 1090 2651 deinceps.

73 2682 88 2709 ὴ
103 2647 153 2689 (ἳςὶ)
168 2648 279 2692 ΒρᾱΜη
293 2647 390 2676 Lamb.
403 2647 492 2676 verax.
506 2647 569 2676 Htec
579 2648 672 2676 laudat
682 2649 845 2684 Antiochus,
896 2647 905 2652 ³
932 2652 987 2713 (27)
1004 2647 1081 2679 Bodl.
1095 2655 1122 2678 et
1133 2650 1227 2678 Lamb.
1246 2649 1406 2684 percipiant;
1420 2652 1446 2676 et
1460 2655 1522 2675 mox
1536 2655 1677 2682 percipere.

91 2683 214 2711 0m!l.60.
417 2707 433 2713 -
943 2687 988 2713 28)
1016 2687 1107 2712 Doctr.
1140 2686 1175 2712 ad
1200 2685 1322 2712 Antioch.
1359 2691 1436 2710 num.
1467 2684 1498 2713 4,
1523 2681 1677 2709 Φύλασσε...

103 2690 157 2710 mn.
169 2690 214 2711 oo.

103 2717 154 2752 (21)
166 2718 262 2746 Lamb.
280 2718 402 2752 spiritum
417 2707 492 2746 ῗήιιε.

932 2690 988 2721 (28)

898 2722 946 2748 ἀνα
951 2731 988 2752 με·

103 2751 154 2788 (22)
165 2753 231 2781 Vide
245 2751 316 2788 infra
327 2753 374 2781 lib.
391 2761 432 2784 ιιι,
445 2754 527 2781 simil.
544 2761 582 2786 lx,
599 2761 659 2788 cap.
675 2754 719 2783 32.

103 2787 155 2823 (25)
169 2788 245 2816 Bodl.
260 2787 331 2822 Ergo
345 2789 456 2823 auditis,
469 2787 638 2817 vehementer.

103 2821 154 2853 (24)
169 2823 263 2850 Lamb.
280 2821 348 2850 cum.

103 2856 154 2892 (25)
171 2858 264 2887 Lamb.
275 2859 388 2894 ﬁrmavi.

1016 2687 1107 2712 [λθειν.
1140 2686 1175 2712 ad
1200 2681 1322 2712 Antioch.
1359 2691 1436 2710 num.
1467 2684 1498 2716 4,
1523 2681 1677 2709 Φύλασσε...

895 2717 1064 2757 ἀνιᾶιμλένέτῳξ
1080 2720 1125 2748 Sic
1142 2720 1207 2757 legit
1222 2720 1263 2757 Cl.
1288 2719 1508 2757 Montiauconus,
1521 2717 1658 2757 vertitque
1669 2724 1677 2744 :

893 2751 1007 2783 man'eat.
1034 2756 1075 2782 Al.
1102 2751 1270 2783 ἀναϐἷιινέτω
1285 2763 1290 2780 :
1307 2759 1336 2780 ut
1351 2754 1443 2781 Graeca
1459 2752 1576 2781 versioni
1603 2751 1688 2782 anti—.

894 2799 954 2827 qua:
965 2792 1128 2819 cohaereant.

929 2826 985 2896 (29)
998 2825 1092 2853 Lamb.
1108 2827 1172 2861 quia
1184 2825 1231 2852 hoc
1246 2825 1320 2859 facit.

942 2861 986 2896 30)
1000 2860 1095 2889 Lamb.
1107 2869 1159 2889 non
1184 2868 1233 2896 pro
1249 2868 1318 2895 ntuiq

942 2861 986 2896 30)
1000 2860 1095 2889 Lamb.
1107 2860 1159 2889 non
1184 2868 1233 2896 pro
1249 2868 1394 2895 mmquam,
