1920 3104
212 145 264 174 919
929 137 960 166 Β.
980 137 1109 165 HERMAE:
1781 138 1832 166 9,,

211 201 287 238 loqui
302 200 370 236 (3i).
387 199 446 232 Dic,
464 198 563 233 inquit.
581 196 612 224 Et
626 196 683 224 dixi
700 196 739 223 illi
757 206 764 223 :
781 195 907 229 Domine,
921 194 946 222 si
964 195 1027 230 quis
1048 194 1178 221 habuerit
1193 201 1306 221 uxorem
1323 193 1428 221 ﬁdelem
1442 195 1469 222 in
1480 194 1608 228 Domino,
1620 200 1649 224 et
1668 196 1743 224 hanc
1760 197 1831 224 inve-

210 248 282 276 nerit
297 247 325 274 in
340 245 485 277 adulterio,
498 243 623 279 nunquid
648 247 742 278 peccat
756 242 808 274 vir,
831 242 854 269 si
873 241 1001 268 convivat
1015 249 1078 268 cum
1099 240 1162 267 illa?
1178 240 1211 267 Et
1234 240 1304 268 dixit
1330 240 1398 267 mihi
1416 249 1423 267 :
1438 241 1563 273 Quandiu
1587 242 1676 270 nescit
1691 247 1833 277 peccatum

207 295 279 330 ejus,
293 293 354 321 sine
363 292 478 320 crimine
489 294 532 318 est
545 291 588 317 vir
600 290 694 317 vivens
708 297 770 316 cum
787 289 843 316 illa.
857 288 886 316 Si
899 293 991 315 autem
1007 287 1101 316 scierit
1115 287 1156 314 vir
1170 295 1286 315 uxorem
1299 287 1355 323 (32)
1372 295 1449 315 suam
1474 288 1632 323 deliquisse,
1642 294 1670 317 et
1684 298 1739 318 non
1751 292 1836 326 egerit

209 336 398 373 pcenitentiam
426 335 534 368 mulier,
551 338 578 361 et
593 338 733 368 permanet
745 334 772 361 in
788 333 970 360 fornicatione
989 340 1050 366 sua,
1064 337 1091 360 et
1118 333 1239 360 convivit
1256 340 1318 360 cum
1347 333 1393 360 illa
1412 334 1471 368 vir;
1489 343 1555 362 reus
1576 337 1629 363 erit
1647 338 1753 372 peccati
1768 337 1837 372 ejus,

205 388 234 412 et
254 383 390 418 particeps
417 381 609 409 maecbationis
623 381 694 416 ejus.
715 381 748 408 Et
771 381 828 408 dixi
852 382 891 408 illi
907 391 914 408 :
934 381 1005 414 Quid
1021 389 1096 416 ergo,
1110 381 1133 408 si
1147 381 1330 416 permanserit
1347 381 1374 408 in
1389 382 1456 410 vitio
1480 391 1531 410 suo
1553 385 1670 412 mulier?
1687 385 1721 412 Et
1743 385 1836 414 dixit:

207 432 331 460 Dimittat
354 431 428 459 illam
452 429 511 463 vir;
526 434 553 456 et
570 430 612 457 vir
632 437 680 465 per
695 437 727 467 se
745 430 802 464 (33)
830 434 950 457 maneat.
967 430 1045 462 Quod
1070 429 1092 457 si
1112 429 1249 457 dimiserit
1270 429 1413 457 mulierem
1444 437 1521 457 suam
1537 435 1563 458 et
1577 431 1659 458 aliam
1674 432 1798 465 duxerit,
1813 439 1841 461 et

209 479 267 512 ipse
285 477 442 504 moechatur
451 475 485 502 ".
508 474 541 501 Et
559 474 615 502 dixi
630 475 669 502 illi
687 484 693 502 :
709 474 779 508 Quid
804 475 827 502 si
850 476 950 502 mulier
973 475 1088 502 dimissa
1111 475 1301 510 paenitentiam
1318 475 1416 509 egerit,
1434 480 1461 503 et
1474 475 1590 504 voluerit
1601 477 1635 504 ad
1649 478 1739 505 virum
1758 486 1838 506 suum

208 524 327 557 reverti;
350 529 441 550 nonne
456 521 604 556 recipietur
618 528 633 548 a
645 521 706 548 viro
718 520 789 548 suo?
801 520 834 548 Et
850 521 920 548 dixit
935 520 1003 548 mihi
1023 529 1029 547 :
1045 521 1112 553 lmo,
1127 521 1150 548 si
1164 528 1218 547 non
1235 520 1368 555 receperit
1386 528 1446 548 eam
1466 521 1508 547 vir
1523 528 1601 554 suus,
1613 527 1719 557 peccat,
1736 527 1765 549 et
1780 531 1840 551 ma-

209 579 293 607 gnum
306 574 448 606 peccatum
461 569 513 596 sibi
525 568 658 602 admittit;
674 569 721 596 sed
734 569 814 596 debet
829 568 952 603 recipere
968 567 1148 603 peccatricem
1165 576 1226 603 quae
1237 568 1426 603 paenitentiam
1437 567 1506 601 egit;
1520 567 1568 595 sed
1584 575 1638 595 non
1652 576 1735 603 saepe.
1747 568 1841 598 Servis

208 620 282 647 enim
297 617 345 645 Dei
360 616 520 653 pcenitentia
534 621 589 642 una
604 618 655 640 est.
668 611 783 647 Propter
792 612 983 647 paenitentiam
996 619 1062 647 ergo
1075 619 1130 640 nou
1145 612 1236 644 debet,
1251 613 1364 641 dimissa
1377 612 1493 647 conjuge
1505 620 1566 645 sua,
1575 614 1617 639 vir
1628 613 1713 641 aliam
1727 614 1840 644 ducere.

210 667 260 696 llic
285 672 363 695 actus
384 666 483 694 similis
497 668 549 696 est,
561 667 588 690 et
603 662 631 688 in
644 661 713 694 viro,
725 665 753 689 et
769 661 797 688 in
814 661 941 689 muliere.
954 660 1014 687 Non
1030 660 1119 688 solum
1134 661 1283 688 moechatio
1297 665 1339 689 est
1352 661 1417 695 illis,
1430 661 1478 696 qui
1493 667 1603 688 carnem
1620 667 1700 688 suam
1715 661 1841 696 coinqui.

210 717 277 740 nant
292 713 365 748 (3L);
380 711 426 740 sed
440 717 468 739 et
490 710 514 738 is
528 709 575 744 qui
596 708 775 736 simulacrum
791 707 867 741 facit,
883 708 1050 736 moechatur.
1067 708 1145 741 Quod
1166 709 1189 736 si
1206 708 1232 735 in
1248 709 1291 737 his
1305 709 1385 737 factis
1412 713 1578 744 perseverat,
1596 713 1624 736 et
1649 709 1840 744 penitentiam

209 766 265 786 non
280 758 345 793 agit,
362 757 458 785 recede
481 756 516 783 ab
534 755 590 787 illa,
606 757 633 781 et
653 753 710 780 noli
731 753 876 781 convivere
898 761 961 781 cum
986 754 1052 788 illa;
1068 754 1192 789 alioquin
1208 758 1237 782 et
1248 759 1276 782 tu
1292 755 1429 790 particeps
1445 755 1500 783 eris
1514 757 1618 790 peccati
1630 757 1702 791 ejus.
1723 756 1840 792 Propter

210 803 262 830 hoc
277 807 439 837 praeceptum
456 806 497 830 est
514 801 604 835 vobis,
620 805 650 829 ut
663 801 773 829 caelibes
797 802 943 834 maneatis,
961 807 1019 829 tum
1046 802 1099 837 vir,
1114 807 1171 830 tum
1195 803 1295 831 mulier
1311 803 1388 839 (35);
1417 807 1507 838 potest
1531 804 1606 832 enim
1632 804 1662 832 in
1678 802 1841 840 huiusmodi

210 850 370 885 paenitentia
391 857 462 877 esse.
479 848 532 877 Sed
553 853 580 876 et
595 856 646 884 ego
658 855 713 876 non
725 848 761 876 do
773 849 959 882 occasionem,
972 854 1003 876 ut
1016 850 1075 878 haec
1087 850 1124 877 ita
1138 855 1270 886 agantur;
1288 851 1334 878 sed
1347 859 1381 879 ne
1393 851 1520 886 amplius,
1535 852 1582 886 qui
1601 853 1770 887 peccaverit,
1780 861 1841 888 pec.

209 899 264 924 cet.
276 891 314 922 De
331 895 468 930 prioribus
481 899 573 922 autem
589 896 708 931 peccatis
721 895 793 931 ejus,
808 897 880 924 Deus
895 897 944 932 qui
963 902 1125 932 potestatem
1142 898 1223 926 habet
1236 899 1382 927 sanitatem
1404 899 1486 928 dandi
1495 899 1563 936 (56).
1578 899 1656 929 dabit
1669 901 1842 935 remedium;

209 941 273 976 quia
289 940 346 976 ipse
361 944 402 968 est
417 940 464 975 qui
480 940 561 968 habet
576 945 739 976 potestatem
753 941 889 968 omnium.

928 1016 1039 1045 CAPU'I
1063 1016 1096 1044 ll.

244 1073 346 1101 lterum
364 1074 547 1109 interrogavi,
560 1077 587 1100 et
601 1073 817 1106 diaizﬂuoniam
832 1073 965 1102 Dominus
985 1075 1153 1102 existimavit
1169 1083 1212 1103 me
1226 1075 1338 1111 dignum
1354 1084 1426 1110 esse,
1438 1081 1469 1105 ut
1482 1084 1588 1104 mecum
1603 1077 1713 1105 habites
1726 1085 1843 1112 semper.

210 1127 297 1154 pauca
326 1120 408 1147 verba
433 1120 500 1147 mihi
522 1121 653 1153 edissere,
670 1121 734 1156 quia
750 1129 803 1149 non
819 1122 940 1157 intelligo
959 1123 1121 1157 quidquam,
1137 1128 1163 1150 et
1188 1131 1236 1151 cor
1261 1131 1351 1151 meum
1376 1125 1533 1153 obturatum
1549 1125 1607 1160 (37)
1624 1130 1668 1153 est
1684 1133 1703 1152 a
1728 1125 1843 1160 pristina

209 1167 419 1194 conversatione
432 1166 505 1201 (38);
521 1171 548 1194 et
570 1174 681 1195 sensum
706 1167 773 1194 mihi
789 1167 874 1202 aperi,
888 1175 952 1202 quta
966 1167 1141 1195 vehementer
1156 1168 1272 1196 obtusus
1287 1169 1344 1204 (39)
1361 1177 1434 1203 sum,
1450 1174 1478 1197 et
1496 1170 1522 1195 in
1537 1173 1625 1196 totum
1641 1168 1700 1203 (40)
1716 1168 1789 1195 nihil
1803 1168 1849 1195 in<

209 1215 311 1248 telligo.
330 1213 363 1242 Et
385 1214 555 1249 respondens
577 1214 645 1242 dixit
668 1215 735 1241 mihi
753 1224 760 1242 :
776 1214 832 1250 Ego
852 1215 1015 1250 pnepositus
1032 1223 1092 1242 sum
1109 1215 1286 1250 paenitentia),
1301 1221 1328 1243 et
1349 1217 1476 1244 omnibus
1491 1215 1682 1251 pmnitentiam
1700 1215 1845 1250 agentibus

210 1270 321 1290 sensum
336 1263 381 1290 do.
415 1264 516 1291 Annon
535 1260 585 1289 tibi
605 1262 723 1295 videtur,
738 1263 926 1297 paenitentiam
951 1270 1047 1297 agere,
1069 1271 1198 1298 magnam
1216 1264 1376 1298 sapientiam
1391 1264 1447 1299 (41)
1460 1272 1534 1297 esse;
1549 1264 1678 1299 quoniam
1693 1264 1743 1298 qui
1759 1263 1845 1298 paeni-

211 1310 327 1337 tentiam
344 1310 410 1345 agit,
427 1316 540 1337 sensum
556 1315 684 1342 magnum
704 1307 881 1342 adipiscitur?
897 1307 985 1335 Sentit
1006 1308 1078 1335 enim
1102 1316 1131 1336 se
1145 1316 1267 1343 pecasse,
1280 1313 1307 1336 et
1320 1308 1416 1336 fecisse
1437 1309 1562 1343 nequiter
1577 1309 1605 1336 in
1625 1313 1779 1343 conspectu
1792 1308 1844 1343 (42)

211 1358 335 1391 Domini;
349 1362 376 1385 et
395 1357 554 1384 recordatur
577 1354 721 1381 intellectu
739 1354 813 1389 quod
830 1354 957 1389 deliquit,
977 1359 1006 1382 et
1025 1355 1213 1389 pcenitentiam
1229 1355 1294 1391 agit,
1311 1359 1338 1383 et
1353 1356 1408 1391 (43)
1429 1355 1546 1390 amplius
1568 1362 1623 1382 non
1644 1359 1781 1389 operatur
1802 1362 1846 1381 ne-

210 1405 316 1440 quiter;
339 1403 387 1431 sed
413 1407 542 1437 operatur
568 1403 648 1436 bene,
664 1407 691 1430 et
717 1403 843 1430 humiliat
858 1403 978 1431 animam
994 1412 1072 1431 suam
1086 1409 1113 1431 et
1126 1409 1237 1440 torquet
1266 1413 1338 1438 eam,
1354 1406 1416 1440 quia
1432 1406 1563 1440 peccavit.
1579 1404 1661 1432 Vides
1682 1412 1762 1438 ergo,
1775 1403 1847 1439 quod

209 1453 370 1489 paenitentia
393 1460 491 1480 sensus
516 1456 557 1480 est
579 1458 704 1485 magnus.
718 1449 750 1477 Et
762 1451 818 1478 dixi
834 1451 872 1478 illi
888 1460 895 1478 :
910 1451 1026 1487 Propter
1049 1452 1111 1485 hoc,
1133 1452 1252 1485 domine,
1271 1452 1414 1487 diligenter
1439 1452 1549 1487 inquiro
1573 1451 1677 1484 omnia,
1703 1450 1846 1486 quoniam,

209 1506 337 1536 peccator
352 1507 429 1533 sum;
447 1503 476 1527 ut
492 1499 576 1526 sciam
589 1507 649 1534 quae
664 1506 770 1533 opercr,
785 1503 812 1526 et
824 1499 914 1526 vivam
931 1500 1004 1535 (At);
1021 1500 1086 1535 quia
1102 1499 1185 1527 multa
1205 1504 1269 1527 sunt
1283 1504 1394 1535 peccata
1411 1507 1482 1527 mea.
1508 1499 1541 1526 Et
1552 1499 1622 1526 dixit
1640 1499 1711 1525 mihi
1728 1507 1736 1526 :
1756 1497 1847 1530 Vives,

211 1550 234 1577 si
260 1550 318 1577 haec
344 1550 471 1577 mandata
490 1559 549 1578 mea
564 1548 729 1576 custodieris
754 1559 761 1574 :
786 1552 814 1575 et
842 1549 1001 1584 quicunque
1028 1549 1146 1576 audierit
1164 1553 1192 1576 et
1211 1547 1306 1576 fecerit
1330 1547 1458 1575 mandata
1489 1550 1646 1582 ha:c,vivet
1668 1546 1739 1575 Deo.

935 1622 1050 1651 CAPUT
1069 1622 1113 1651 lli.

248 1677 281 1705 Et
303 1678 359 1706 dixi
382 1679 440 1706 illi:
467 1678 554 1707 Etiam
579 1688 673 1715 nunc,
690 1681 810 1716 domine,
832 1681 925 1711 audivi
955 1689 971 1708 a
1000 1683 1166 1719 quibusdam
1189 1682 1359 1715 doctoribus,
1381 1682 1455 1717 quod
1475 1681 1528 1708 alia
1547 1680 1709 1716 poenitentia
1727 1687 1782 1707 non
1796 1684 1846 1713 est,

213 1725 267 1753 nisi
289 1725 344 1758 illa,
367 1733 430 1752 cum
452 1726 479 1752 in
497 1734 595 1761 aquam
616 1727 807 1755 descendimus
828 1733 854 1756 et
867 1728 923 1764 (45)
938 1728 1088 1764 accipimus
1110 1729 1300 1756 remissionem
1326 1733 1500 1764 peccatorum
1528 1731 1706 1759 nostrorum;
1731 1726 1843 1753 ulterius

215 1780 269 1800 non
292 1781 418 1808 peccare,
443 1774 491 1801 sed
516 1773 544 1800 in
571 1774 696 1800 castitate
715 1781 885 1808 permanere.
915 1773 948 1801 Et
964 1774 1002 1801 ait
1017 1774 1084 1801 mihi
1101 1783 1110 1800 ει
1135 1773 1218 1802 Recte
1247 1773 1358 1801 audisti.
1386 1772 1465 1800 Nunc
1491 1775 1592 1804 autem,
1615 1771 1680 1806 quia
1704 1770 1843 1805 diligenter

214 1821 306 1848 omnia
321 1821 420 1856 quaeris
434 1821 500 1856 (46),
514 1825 540 1848 et
552 1821 604 1848 hoc
616 1821 664 1848 tibi
678 1820 836 1848 demonstro
849 1829 856 1854 ;
873 1828 927 1848 non
945 1821 1015 1849 dans
1030 1821 1205 1849 occasionem
1221 1821 1277 1849 illis
1290 1821 1337 1855 qui
1351 1820 1483 1848 credituri
1501 1824 1575 1852 sunt,
1591 1822 1639 1846 aut
1655 1818 1704 1854 qui
1719 1817 1777 1852 (47)
1791 1824 1840 1844 cre-

214 1867 342 1894 diderunt
360 1867 487 1895 Domino.
516 1868 568 1901 Qui
591 1869 664 1896 enim
688 1869 744 1904 jam
770 1869 947 1897 crediderunt
973 1874 1020 1896 aut
1046 1869 1093 1904 qui
1118 1869 1249 1896 credituri
1275 1873 1349 1901 sunt,
1372 1867 1429 1903 (48)
1455 1867 1642 1902 paenitentiam
1670 1869 1840 1900 peccatorum

215 1922 268 1942 non
281 1915 391 1949 habent,
406 1917 452 1943 sed
469 1917 672 1944 remissionem.
687 1917 743 1944 lllis
755 1917 811 1952 (49)
824 1916 896 1944 enim
914 1917 962 1952 qui
976 1916 1067 1944 vocati
1084 1921 1150 1944 sunt
1163 1921 1226 1943 ante
1238 1916 1290 1943 hos
1303 1915 1371 1948 dies,
1389 1915 1481 1950 posuit
1496 1914 1628 1942 Dominus
1644 1913 1840 1948 ptrnitentiam;

215 1962 344 1995 quoniam
364 1962 544 1996 cogitationes
560 1961 683 1989 omnium
700 1962 914 1996 praacordiorum
930 1962 1007 1988 novit
1021 1961 1102 1995 Deus,
1119 1966 1147 1989 et
1164 1961 1216 1988 scit
1237 1961 1424 1988 inﬁrmitatem
1450 1960 1603 1993 hominum,
1623 1963 1651 1986 et
1666 1959 1840 1994 multiplicem

216 2008 364 2042 nequitiam
389 2009 508 2042 diaboli,
532 2017 584 2045 qua
600 2009 711 2036 molitur
733 2009 789 2044 (50)
815 2009 918 2044 aliquid
943 2009 1047 2037 sinistri
1071 2009 1158 2037 servis
1172 2008 1232 2044 Dei,
1249 2014 1276 2037 ct
1291 2009 1409 2044 maligne
1430 2008 1576 2035 insidiatur
1597 2007 1662 2034 illis.
1689 2006 1841 2034 Misericors

215 2060 280 2088 ergo
300 2053 432 2082 Dominus
454 2056 581 2083 misertus
600 2061 642 2085 est
658 2057 778 2092 ﬁgmenti
799 2057 840 2085 sui
863 2057 932 2092 (5i),
953 2061 981 2084 et
1001 2057 1095 2092 posuit
1118 2057 1309 2093 paenitentiam
1328 2056 1421 2089 istam,
1444 2060 1472 2083 et
1494 2058 1656 2090 potestatem
1676 2053 1841 2089 pcenitentize

218 2101 299 2135 hujus
317 2102 384 2129 mihi
399 2103 482 2131 dedit.
502 2103 535 2132 Et
552 2104 612 2132 ideo
629 2105 692 2132 dico
712 2105 773 2139 tibi,
795 2105 868 2140 quod
892 2109 954 2140 post
967 2106 1138 2133 vocationem
1160 2106 1235 2133 illam
1258 2111 1383 2139 magnam
1407 2108 1433 2131 et
1452 2104 1585 2133 sanctam,
1601 2100 1625 2126 si
1644 2100 1708 2134 quis
1731 2103 1842 2126 lcnlalu‘

217 2142 300 2172 fuerit
317 2153 332 2173 a
347 2146 466 2181 diabolo,
479 2154 506 2177 et
519 2153 683 2188 peccaverit,
695 2162 777 2181 unam
798 2154 987 2189 paenitentiam
1004 2154 1096 2181 habet.
1115 2154 1143 2180 Si
1159 2158 1248 2182 autem
1271 2153 1387 2181 subinde
1405 2155 1506 2190 peccet,
1520 2155 1547 2178 ct
1563 2148 1758 2185 pwnitentiam
1775 2150 1840 2182 agat,

255 2229 278 2245 τ’
296 2229 390 2259 Matth.
406 2240 433 2265 v,
452 2234 499 2268 32;
517 2243 573 2268 χιιι,
590 2236 607 2264 9
619 2246 627 2271 ς
640 2236 724 2266 Marc.
739 2246 766 2270 x,
780 2238 808 2265 ll
821 2247 828 2271 ;
840 2239 850 2264 1
863 2238 926 2266 Cor.
942 2246 993 2270 vn,
1006 2237 1050 2265 Η.

752 2305 868 2333 VARle
888 2304 1078 2333 LECTIONES
1097 2303 1141 2332 ET
1160 2301 1278 2331 ΝΟΤᾹΞ.

255 2362 313 2399 (3i)
327 2361 425 2399 Lamb.
443 2362 507 2399 milii
522 2371 607 2398 pauca
622 2364 700 2392 verba
715 2365 801 2392 dicere
817 2364 876 2391 tibi.
1095 2362 1152 2399 (42)
1168 2361 1246 2399 Bodl.
1263 2362 1511 2399 anteconspeclum.

257 2397 313 2431 (32)
327 2397 401 2432 Bodl.
416 2394 562 2425 mulierém.

1094 2394 1150 2432 (63)
1162 2396 1263 2432 Lamb.
1280 2394 1342 2432 add.
1354 2394 1422 2428 jam.
1532 2427 1537 2432 _

257 2399 313 2431 (32)
327 2399 401 2424 Bodl.
416 2399 562 2425 mulierem.
1094 2399 1140 2430 (L3
1169 2399 1263 2424 Lamb.
1280 2399 1342 2422 add.
1354 2401 1422 2428 μνη.
1532 2427 1538 2432 _

257 2432 312 2466 (57))
324 2431 374 2468 bis.
390 2431 419 2459 S.
435 2431 504 2460 Vict.
524 2442 602 2468 super
613 2443 648 2462 se.
662 2435 728 2463 Vide
742 2443 804 2462 mox
821 2434 901 2462 infra.
1093 2399 1150 2467 (44)
1161 2431 1256 2458 Lamb.
1269 2429 1362 2468 quibus
1374 2435 1464 2462 operer
1473 2433 1502 2468 at
1514 2434 1608 2453 urant.
1621 2423 1730 2451 [labent
1742 2431 1842 2459 quoque

257 2463 313 2504 (δέ)
326 2467 402 2504 Bodl.
413 2467 510 2504 illi...
528 2463 691 2504 coinquinat.
1057 2473 1084 2495 ut
1097 2463 1183 2504 ripam
1199 2463 1316 2504 ms_s[S._
1327 2464 1418 2504 germ.
1434 2467 1460 2490 et
1470 2463 1562 2489 Carm-

257 2499 317 2540 (35)
332 2502 395 2540 Mss.
413 2501 583 2540 Vict.,Carm.
595 2499 622 2532 et
636 2505 731 2533 Lamb.
744 2513 822 2540 super
834 2513 878 2532 vos
893 2513 1005 2538 manere.
1093 2503 1149 2540 (4)5)
1170 2501 1266 2540 LamP-
1285 2499 1430 2540 {Md-‘1'?”-

222 2539 275 2565 sirc
293 2535 348 2564 uiro
363 2538 416 2564 sive
432 2539 548 2565 mulieri.
777 2535 782 2540 ”
1000 2535 1005 2538 ⁷
1093 2537 1149 2569 (46)
1170 2535 1266 2563 Lamb.
1285 2535 1409 2569 inquiris.

258 2573 313 2604 (36)
333 2572 427 2600 Lamb.
445 2574 569 2605 sanandi,
584 2574 670 2602 dabit.
1094 2567 1150 2605 (47)
1171 2571 1265 2598 Lamb.
1285 2567 1350 2605 add.
1368 2567 1454 2605 modo.

258 2599 314 2640 (57)
330 2599 425 2634 Lamb.
439 2599 629 2637 obduraluut:

1094 2599 1149 2642 (48)
1169 2606 1297 2642 Clemens
1308 2604 1397 2642 _Alex.
1422 2603 1441 2629 l.
1465 2601 1630 2642 εμἈφεᾳις.
1645 2599 1740 2642 ’ξοίνυν
1759 2599 1840 2642 ἁμξρῖ

257 2634 316 2709 (33')
327 2642 421 2669 Lamb.
438 2643 499 2670 add.
513 2634 608 2672 mea."

259 2678 304 2709 (39
333 2677 409 2704 Bodl.
429 2678 538 2706 stultus.

1075 2634 1290 2686 ιὶῗὲνίμετανοιας
1306 2638 1430 2673 διαφέρει
1441 2646 1448 2652 ·
1472 2634 1560 2671 ἄμφωή
1572 2635 1601 2662 δὲ
1617 2635 1740 2661 δείκνυσι
1756 2634 1788 2660 τὰ
1803 2634 1832 2668 ὲςρ

1079 2687 1134 2709 μιν.
1413 2706 1434 2709 __
1550 2705 1557 2709 _
1578 2705 1584 2709 _
1613 2703 1634 2709 _
1701 2705 1718 2709 __
1812 2703 1827 2709 ⁵

271 2677 316 2706 39)
333 2677 409 2704 Bodl.
429 2678 538 2706 stultus.
1057 2679 1134 2706 ἡμῖν.

259 2680 316 2712 (59)
333 2680 409 2704 Bodl.
429 2680 538 2706 stultus.
1057 2680 1134 2715 ἡμῖν.
1322 2709 1327 2714 _
1550 2705 1557 2711 ,
1578 2705 1584 2711 ,
1759 2705 1764 2710 ,

260 2713 316 2746 (t0)
332 2713 423 2740 Carm.
439 2714 575 2742 inlomltts.
1095 2712 1151 2745 (49)
1172 2710 1249 2737 Bodl.
1268 2708 1387 2746 Talibus.
1412 2706 1471 2734 Huc
1486 2710 1598 2741 respiett
1613 2703 1731 2732 Tertull.
1747 2704 1792 2732 hb.
1808 2703 1840 2730 De

261 2744 316 2781 (il)
331 2747 426 2785 Lamb.
438 2749 568 2782 sapientia
585 2758 690 2785 magna.
711 2750 812 2776 Recita!
826 2750 899 2776 hunc
916 2749 1006 2785 locum
1056 2746 1185 2785 pudicitia
1205 2753 1266 2785 cap.
1280 2744 1323 2785 19.
1338 2779 1356 2785 ﬁ
1385 2779 1402 2785 η
1440 2778 1451 2785 '
1484 2777 1500 2785 ,ι
1534 2775 1561 2785 ω

223 2773 360 2819 deus...
373 2773 449 2819 iter;
462 2773 575 2819 me;
585 2773 694 2816 "iib’."f-'.
711 2773 981 2819 Eggz‘i’aiisggiss

1083 2782 1148 2819 (50)
1169 2773 1316 2819 Lamb._et
1338 2779 1412 2819 Bodl.
1437 2777 1520 2819 facit.
1534 2775 1580 2802 Sic
1590 2775 1698 2819 ‘lf‘ellu's.
1774 2773 1837 2819 apud

233 2817 260 2840 ’0
325 2817 405 2848 αὐτὸς
427 2818 473 2844 καὶ
492 2810 553 2854 ἰὴ(
569 2810 840 2855 ’μέέεᾶνὸίᾶινῗσῖὃῇιεγσγιξι
855 2810 924 2846 ὲῖιῖᾆί
942 2827 991 2854 φης

1057 2810 1205 2855 Clericum,
1219 2815 1257 2855 ita
1271 2810 1556 2855 Latn‘baquaﬂvmolil‘ur
1570 2811 1674 2845 aliquid
1690 2810 1805 2845 maligni.

228 2860 258 2887 μί
265 2850 355 2887 χάλην.
519 2849 524 2854 ’
573 2849 579 2855 “
948 2849 954 2854 ’
974 2849 979 2853 ’

948 2849 954 2854 ’
974 2849 979 2853 ’
1093 2852 1149 2888 (bl)
1168 2850 1264 2879 Lamb.
1282 2853 1308 2879 ct
1323 2849 1400 2878 Bodl.
1418 2849 1542 2884 figmento
1557 2855 1612 2874 suo.
