1920 3104
30 127 61 155 ιιιὸ

30 183 78 218 ιῦτη
94 177 161 217 οὗνὴ
177 182 348 218 μακροθυμία
363 183 486 210 κατοικεῖ
511 182 580 219 μετὰ
607 182 661 209 τῶν
685 181 776 209 πίστιν
789 184 814 213 Α

30 228 113 262 νχόντων
126 228 273 264 ὁλόκληρος.
291 230 322 256 Ἡ
341 229 369 255 δὲ
385 229 510 264 ὀξυχολία
527 228 635 265 πρῶτον
654 229 702 264 μὲν
719 237 777 264 μω-

30 275 56 301 ita
68 275 131 300 ἐστὶν
145 275 188 301 καὶ
209 275 326 311 ὲλαφρία
349 275 464 310 φρενῶν.
485 273 551 302 Εῐτα
572 276 604 302 ὲκ
627 276 676 311 τῆς
696 275 779 312 ἀφρο-

30 320 87 355 πύνης
99 320 193 354 γίνεται
207 321 314 356 πικρία,
328 320 371 356 [ἐκ
381 321 409 347 δὲ
419 321 469 356 τῆς
479 321 590 357 πικρίας
600 321 668 357 (80)]
683 321 777 356 θυμὸς,

30 374 46 391 ,ιι
58 365 80 390 δὲ
92 364 133 391 τοῦ
145 364 229 401 θυμοῦ
245 366 325 401 ὀργὴ,
342 366 374 392 ἐκ
390 366 418 392 δὲ
434 366 484 402 τῆς
503 366 587 402 ὀργῆς
606 366 694 401 μῆνις.
713 364 779 392 Εἶτα

30 410 114 445 ιμῆνις
130 411 161 437 ἐκ
180 410 313 438 τοσούτων
339 412 431 439 κακῶν
456 411 649 447 συνισταμένη,
674 411 778 445 γίνεται

30 454 116 490 ιμαρτία
135 456 236 491 μεγάλη
259 457 306 483 καὶ
327 457 446 489 ἀνίατος.
468 458 551 484 Ὅταν
571 457 625 493 γὰρ
639 457 727 484 πάντα
745 455 779 483 τὰ

30 500 148 535 [νθρώπινα
167 501 253 529 ταῦτα
273 503 302 530 ὲν
318 503 358 530 ἐνὶ
374 503 477 539 ἀγγείῳ
495 505 630 535 κατοικεῖ,
647 503 713 530 ὅπου
732 503 780 530 καὶ

30 546 42 572 il
52 546 147 582 Πνεῦμα
162 547 191 574 rb
203 547 290 582 ἅγιον,
307 548 338 575 οὺ
355 551 441 585 χωρεῖ
457 551 545 577 ἐκεῖνο
563 549 595 576 τὸ
610 549 704 584 ἄγγος,
722 548 778 576 ἀλλ’

30 592 199 626 πρπλεονάζει
216 593 248 620 τὺ
262 594 394 629 τροφερὸν
414 594 534 631 πνεῦμα,
561 595 599 631 μὴ
619 595 681 630 ἕχον
700 596 781 630 συνή-

30 646 76 664 ειαν
98 639 161 674 μετὰ
187 640 307 676 πονηροῦ
330 641 500 676 πνεύματος,
526 642 573 668 καὶ
597 641 781 677 σκληρότητος

30 685 136 710 ιατοιχείν.
153 684 304 721 Ὑποχωρεϊ
316 683 364 714 οὗν
379 686 434 713 ἀπὸ
448 686 496 713 τοῦ
511 686 656 722 ἀνθρώπου
672 686 778 718 τούτου,

30 729 54 755 al
73 728 138 765 ζητεῖ
156 733 292 759 κατοικεῖν
312 732 382 768 μετὰ
403 733 557 769 πραότητος
583 734 630 760 καὶ
651 733 778 769 ἡσυχίας.

30 772 68 801 ἷῖτα
86 775 142 802 ὅταν
163 776 267 813 ἀποστῇ
293 777 348 804 ἀπὸ
369 777 417 804 τοῦ
442 777 588 813 ἀνθρώπου
602 775 632 805 οὗ
648 779 780 812 κατοικεῖ,

30 820 99 847 fverat
116 821 130 847 ό
144 821 284 858 ἄνθρωπος
307 824 411 855 ἐκεῖνος
430 823 508 855 κενὸς
522 823 577 850 ἀπὸ
593 823 640 851 τοῦ
657 824 782 859 Πνεύμα-

30 874 51 896 ος
60 865 99 892 τοῦ
114 866 198 902 ἁγίου,
218 868 266 895 καί
280 867 373 896 λοιπὸν
389 869 604 905 πεπληρωμένος
620 869 674 896 τῶν
700 857 781 896 πνευ-
795 857 819 888 Β

30 911 90 938 μάτων
109 911 160 939 τῶν
176 913 300 949 πονηρῶν
362 914 410 941 καὶ
427 914 487 946 ὅλος
508 914 708 949 ἀποτυφλοῦιαι
727 915 782 942 ἀπὸ

30 956 53 991 ἧς
65 957 172 990 διανοίας
183 959 233 994 τῆς
246 959 361 995 ἀγαθῆς.
380 960 473 992 Οὕτως
488 958 534 988 οὖν
552 961 697 996 συμϐαίνει
714 962 782 988 πᾶσι

30 1003 58 1033 nl;
70 1002 205 1038 ὀξυχόλοις.
235 1005 351 1041 Ἀπέχου
364 1003 411 1033 οὖν
433 1006 488 1033 ἀπὸ
504 1006 555 1042 τῆς
571 1007 712 1042 ὁξυχολίας
731 1006 779 1034 τοῦ

30 1048 110 1083 ονηροῦ
123 1049 247 1086 δαίμονος
260 1071 266 1077 .
286 1051 415 1079 Ἔνδυσαι
440 1052 470 1079 δὲ
499 1051 548 1088 τὴν
579 1052 780 1089 μακροθυμίαν,

496 126 644 156 PASTOR.
656 141 692 147 —
702 125 767 154 LIB.
787 124 820 159 Il,

841 123 1036 153 MANDATUM
1053 123 1098 152 Ἣ.
1559 124 1613 153 928

828 180 866 208 De
889 180 1003 208 stultitia
1022 186 1088 207 vero
1108 178 1230 207 nascitur
1252 180 1416 214 amaritudo,
1438 184 1468 208 et
1485 187 1519 208 ex
1534 188 1611 208 ama-

828 226 950 254 ritudine
965 225 1118 258 iracundia,
1133 233 1166 253 ex
1183 225 1324 254 iracundia
1337 234 1401 254 vero
1415 226 1500 254 furor.
1516 226 1565 256 Hic
1577 235 1612 255 ex

828 278 868 301 tot
889 272 969 300 malis
991 276 1100 299 creatus
1121 271 1197 299 furor
1221 272 1296 307 (81),
1321 277 1448 307 operatur
1472 279 1614 308 peccatum

828 326 957 354 magnum
978 322 1005 346 et
1029 319 1191 346 insanabile.
1220 317 1288 345 Cum
1311 319 1383 346 enim
1403 319 1461 346 haec
1479 320 1614 347 omniain

828 373 884 393 uno
904 372 970 393 vase
987 369 1061 396 sunt,
1084 364 1129 391 ubi
1154 367 1180 391 et
1202 362 1320 398 Spiritus
1346 368 1459 392 sanctus
1481 369 1615 399 moratur,

829 418 884 439 non
902 410 974 446 capit
990 410 1049 438 haec
1064 409 1120 445 (82)
1135 417 1183 437 vas
1194 429 1201 441 ,
1218 409 1265 436 sed
1284 408 1468 444 superemuit;
1485 410 1615 444 quoniam

829 462 907 485 tener
922 457 1041 492 Spiritus
1056 463 1111 484 non
1130 459 1220 491 potest
1235 463 1298 483 cum
1315 455 1387 482 malo
1402 455 1501 490 spiritu
1516 456 1616 484 immo—

830 503 898 537 rari,
925 502 1028 530 recedit
1064 506 1092 529 et
1118 501 1224 529 habitat
1249 508 1312 528 cum
1332 506 1486 529 mansueto.
1516 501 1617 530 Deinde

829 556 893 577 eum
920 548 1063 577 recesserit
1082 548 1117 575 ab
1137 547 1250 575 homine
1273 547 1300 574 in
1324 555 1379 582 quo
1403 547 1560 581 habitabat,
1589 548 1617 575 tit

830 593 914 621 homo
927 601 1031 621 vacuus
1053 601 1070 620 a
1084 592 1189 627 Spiritu
1215 599 1326 626 sancto;
1349 596 1377 620 et
1391 598 1484 627 postea
1499 592 1618 628 repletur

830 639 973 674 spiritibus
1000 639 1150 675 malignis,
1180 643 1208 666 et
1231 638 1389 666 obcaecatur
1414 645 1429 665 a
1455 638 1622 673 cogitatione

831 686 903 714 mala
917 685 985 722 (85).
1002 686 1048 713 Sic
1060 686 1188 713 omnibus
1200 685 1340 713 iracundis
1354 684 1498 720 contingit.
1513 684 1621 713 Recede

831 739 898 767 ergo
911 736 939 759 tu
955 732 989 758 ab
1003 731 1157 764 iracundia,
1173 735 1199 759 et
1214 731 1295 758 indue
1309 732 1540 766 animaequitatcm
1551 731 1619 767 (84),

832 781 860 805 et
877 777 976 805 resiste
1002 777 1151 804 iracundia:
1167 786 1173 804 :
1196 781 1222 804 et
1239 777 1388 804 invenieris
1409 785 1471 804 cum
1487 776 1620 812 pudicitia

833 828 861 852 et
876 824 1000 852 castitate
1016 831 1031 851 a
1048 823 1114 851 Deo.
1130 822 1198 851 Vide
1211 831 1276 859 ergo
1295 831 1330 851 ne
1346 823 1416 852 forte
1432 823 1553 859 negligas
1569 823 1623 852 hoc

834 870 995 898 mandatum
1014 877 1020 896 :
1039 869 1063 897 si
1086 869 1160 897 enim
1186 869 1251 897 huic
1277 869 1407 897 mandato
1436 869 1621 897 obedientiam

833 915 992 950 praestiteris
1012 914 1069 951 (85)
1087 940 1096 955 ,
1119 919 1216 943 caetera
1241 915 1370 943 mandata
1402 923 1462 942 mea
1487 923 1548 949 qua
1571 915 1622 942 tibi

835 961 1015 988 mandaturus
1033 968 1110 994 sum,
1134 961 1237 996 poteris
1261 967 1380 989 servare.
1401 960 1539 988 Conlirma
1556 967 1622 996 ergo

834 1015 909 1035 nunc
923 1011 950 1034 te
970 1007 998 1034 in
1014 1006 1151 1034 mandatis
1173 1007 1250 1040 istis,
1269 1011 1300 1034 ut
1319 1008 1394 1034 vivas
1409 1006 1464 1034 Deo
1484 1016 1492 1034 :
1513 1011 1540 1034 et
1557 1007 1621 1041 qui.

835 1060 943 1088 cunque
960 1053 1131 1080 servaverint
1145 1053 1202 1080 haec
1217 1053 1356 1087 mandata,
1369 1053 1461 1081 vivent
1477 1052 1541 1080 Deo.

32 1094 54 1119 αὶ
72 1095 202 1132 ἀντίστηθι
229 1099 263 1133 τῇ
289 1098 416 1135 ὀξυχολίᾳ
431 1119 439 1132 ,
466 1100 513 1127 καὶ
536 1100 585 1136 ἔσῃ
602 1101 796 1136 ἐπαινούμενος
829 1099 899 1136 μετὰ
935 1100 1098 1136 σεμνότητος
1125 1101 1182 1132 τοῖς
1211 1100 1400 1136 ἠγαπημένοις
1429 1100 1482 1126 ὑπὸ
1509 1099 1622 1134 Κυρίου.

30 1138 82 1166 lict:
96 1137 138 1168 οὖν
156 1141 192 1177 μὴ
219 1143 396 1181 Μραλογήσῃ
423 1145 472 1180 τὴν
501 1145 611 1182 ἐντολὴν
636 1146 752 1182 ταύτην·
769 1146 817 1174 ἐὰν
833 1145 887 1182 γὰρ
917 1146 1018 1182 ταύτην
1035 1144 1172 1182 φυλάξῃς,
1185 1147 1287 1183 δυνήσῃ
1304 1146 1411 1178 καὶτὰς
1426 1146 1521 1178 λοιπὰς
1536 1146 1622 1182 τηρῆ-

30 1192 48 1210 ῑε
59 1204 65 1212 ι
81 1186 165 1222 Ἴσχυε
181 1186 231 1230 οὖν
254 1189 283 1217 ἐν
300 1190 397 1223 αὑταῖς
415 1191 463 1218 καὶ
479 1192 639 1228 ἐνδυναμοῦ,
653 1193 700 1220 καὶ
715 1194 847 1230 νικήσεις,
863 1194 911 1221 καὶ
926 1193 1028 1229 ζήσεις.

625 1259 791 1294 Αιιτιοειιυε,
806 1260 918 1288 Ιιοηιίιία
931 1259 991 1287 ΗΟ.

44 1308 70 1336 Ἦ
81 1310 130 1347 γὰρ
145 1311 270 1348 ὀξυχολία
280 1334 288 1346 ,
306 1314 412 1351 πονηρὰ
426 1312 503 1348 οὖσα,
520 1317 701 1352 καταστρέφει
718 1318 783 1349 τοὺς

30 1355 100 1388 δύλους
107 1357 152 1384 τοῦ
168 1358 236 1386 Θεοῦ
250 1361 284 1396 τῇ
301 1361 402 1396 ἑαυτῆς
418 1362 553 1398 ἐνεργείᾳ.
576 1363 659 1390 Ὅταν
674 1363 729 1399 γὰρ
739 1363 782 1400 ἴδῃ

30 1402 62 1433 rb;
74 1402 223 1439 ἀνθρώπους
240 1405 440 1439 εὐσταθοῦντας
456 1408 523 1444 (86),
539 1409 705 1444 παραϐάλλει
716 1410 781 1435 ἐαυ-

30 1448 92 1482 ipsi;
107 1451 154 1485 τὴν
169 1452 283 1487 καρδίαν
294 1452 342 1479 τοῦ
359 1453 515 1489 ἀνθρώπου,
529 1456 575 1481 καὶ
591 1456 622 1482 ὲκ
635 1455 682 1481 τοῦ
698 1455 780 1490 μηδε-

30 1498 48 1525 ὶς
58 1497 215 1532 πικραίνεται
225 1518 233 1530 ,
255 1498 348 1525 ἕνεκεν
363 1499 498 1534 βιωτικῶν
512 1501 682 1536 πραγμάτων
701 1501 717 1536 ἢ
733 1510 781 1528 πε-
795 1511 818 1541 c

30 1540 196 1576 ίὲδεσμάτων,
216 1543 233 1579 ἢ
249 1544 290 1570 ὅτι
304 1544 464 1580 μικρολογία
478 1554 520 1578 τις
530 1546 658 1573 ἐνέπεσεν
671 1547 782 1583 μάταια,

39 1587 91 1622 περὶ
110 1587 214 1620 δόσεως.
243 1588 335 1616 Ταῦτα
360 1590 415 1626 γὰρ
432 1591 522 1618 πάντα
548 1592 627 1628 μωρά
650 1593 718 1625 ἐστι,
736 1594 783 1620 καὶ

30 1632 66 1657 ενὰ
79 1634 129 1665 τοῖς
138 1634 241 1666 δούλοις
250 1635 297 1661 τοῦ
312 1635 389 1663 Θεοῦ.
414 1637 446 1663 Ἡ
461 1637 488 1663 δὲ
508 1637 682 1674 μακροθυμία
699 1639 783 1674 μεγά-

30 1678 111 1711 ηέστὶν
131 1681 175 1707 καὶ
195 1681 312 1716 ἰσχυρὰ,
333 1681 432 1717 ἔχουσα
454 1683 567 1719 δύναμιν
586 1684 724 1720 πιῦαρὰν,
738 1685 784 1712 καὶ

30 1722 108 1758 ἃθύνει,
121 1727 165 1753 καὶ
176 1727 368 1763 ἀγαλλιωμένη
384 1729 534 1765 ἀμέριμνος
544 1728 611 1757 οὖσα
622 1730 726 1764 δοξάζει
739 1731 784 1758 τὸν

33 1769 110 1804 ύριον,
127 1773 208 1808 μηδὲν
228 1775 259 1800 ἐν
280 1775 347 1810 αὐτῇ
368 1774 466 1810 ἔχουσα
486 1777 600 1812 πικρὸν,
615 1777 681 1803 διότι
697 1777 785 1813 πραΰς

30 1823 57 1841 ιτι
74 1818 115 1843 καὶ
129 1819 250 1854 ἡσύχιος.
273 1820 346 1856 Αὕτη
360 1819 405 1848 οὖν
427 1822 444 1858 ἡ
470 1822 642 1858 μακροθυμία
664 1825 786 1850 κατοικεῖ

30 1860 68 1886 sti:
78 1861 126 1888 τῶν
139 1863 187 1899 τὴν
204 1865 298 1891 πίστιν
315 1865 431 1900 ἑχόντων
451 1865 606 1902 ὁλόκληρον.
626 1866 657 1892 Ἡ
680 1867 708 1893 δὲ
725 1867 786 1899 ὀξυ-

30 1905 73 1932 ιλία
90 1907 179 1943 ἄφρων
202 1909 278 1936 ἐστίν
288 1918 295 1925 ·
313 1908 388 1943 εἶτα,
403 1912 435 1937 ὲκ
448 1911 497 1947 τῆς
515 1911 670 1947 ἀφροσύνης
682 1912 785 1946 γίνεται

30 1951 102 1984 (χρία,
120 1953 151 1979 ὲκ
167 1953 195 1980 δὲ
213 1955 265 1990 τῆς
284 1956 397 1989 πικρίας
415 1955 508 1991 θυμὸς,
529 1958 561 1983 ὲκ
581 1957 609 1984 δὲ
634 1958 683 1993 τῆς
703 1958 787 1994 ὀργῆς

30 1995 85 2029 ἤνις.
101 1998 134 2024 Τὸ
144 1997 190 2026 οὖν
204 2000 283 2034 ἅγιον
297 2001 418 2037 Πνεῦμα,
434 2001 473 2033 ὡς
487 2002 621 2038 τρυφερὸν
632 2002 672 2035 ὃν,
690 2003 736 2029 καὶ
750 2003 787 2039 μὴ

30 2048 61 2074 (ον
72 2045 208 2080 συνήθειαν
221 2047 292 2083 μετὰ
306 2047 353 2074 τοῦ
366 2048 484 2084 σκληροῦ
502 2049 548 2075 καὶ
566 2049 684 2085 πονηροῦ
704 2050 787 2077 πνεύ-

30 2094 90 2119 ατοςν
114 2090 256 2128 ἀποχωρεῖ
272 2093 326 2120 ἀπὸ
349 2094 396 2120 τοῦ
422 2094 542 2121 τοιούτου
563 2094 718 2131 ἀνθρώπου,
742 2097 788 2123 καὶ

30 2135 75 2166 ητεῖ
89 2135 132 2161 τοῦ
150 2139 314 2174 κατοικῆσαι
328 2140 396 2175 μετὰ
412 2140 459 2167 τοῦ
480 2141 666 2177 μακροθύμου,
680 2143 726 2169 καὶ
744 2143 787 2176 γί-

870 1315 942 1343 Nam
957 1317 1111 1351 iracundia,
1128 1325 1187 1344 cum
1205 1325 1287 1352 prava
1298 1317 1332 1343 sit
1342 1338 1349 1350 ,
1364 1316 1389 1343 υἱ
1405 1324 1453 1343 sua
1467 1316 1558 1343 evertit
1571 1324 1630 1343 eer-

833 1370 876 1390 vos
894 1362 951 1390 Dei.
968 1364 1076 1396 Quoties
1089 1364 1159 1391 enim
1175 1364 1269 1391 viderit
1283 1363 1377 1390 dubios
1396 1363 1525 1395 homines,
1538 1362 1627 1397 injicit

833 1417 860 1436 se
872 1410 901 1436 in
919 1417 964 1436 cor
977 1410 1113 1443 hominis;
1134 1415 1158 1437 et
1174 1411 1206 1437 de
1221 1410 1305 1436 nihilo
1318 1410 1394 1436 homo
1417 1409 1625 1436 amaritudinem

833 1456 962 1490 percipit,
980 1460 1086 1491 propter
1106 1464 1146 1483 res
1167 1464 1225 1491 quw
1244 1461 1306 1482 sunt
1326 1456 1355 1482 in
1367 1456 1428 1482 vitae
1439 1463 1500 1488 usu,
1516 1460 1562 1482 aut
1581 1463 1629 1490 pro

833 1501 969 1534 com-ictu;
993 1507 1040 1528 aut
1057 1510 1104 1536 pro
1119 1501 1209 1536 aliqua
1227 1501 1302 1528 verbo
1313 1522 1320 1534 ,
1336 1501 1360 1528 si
1374 1501 1444 1536 quod
1464 1500 1569 1531 incidit,
1584 1508 1630 1527 stt-

833 1555 979 1582 pervaeuo;
995 1551 1042 1574 aut
1062 1555 1109 1582 pro
1131 1548 1195 1574 dato
1214 1552 1239 1574 et
1261 1547 1358 1574 debito.
1383 1546 1447 1574 llrec
1460 1546 1529 1573 enim
1541 1546 1630 1573 omnia

834 1593 918 1620 stulta
930 1598 1002 1627 sunt,
1016 1600 1040 1621 et
1052 1601 1215 1628 supervacua
1228 1599 1252 1620 et
1267 1601 1334 1620 vana
1347 1593 1428 1620 servis
1444 1592 1502 1619 Dei.
1524 1591 1630 1627 Equa—

835 1640 943 1666 nimitas
955 1645 1043 1667 autem
1057 1639 1147 1667 valida
1164 1645 1202 1666 est
1216 1644 1240 1666 et
1254 1639 1333 1674 fortis
1344 1659 1352 1671 ,
1368 1643 1394 1665 et
1417 1638 1494 1664 habet
1506 1638 1630 1664 virtutem

835 1694 970 1721 magnam,
985 1691 1010 1713 et
1022 1686 1196 1721 amplissimis
1212 1685 1288 1712 rebus
1305 1685 1415 1720 fruitur,
1439 1689 1464 1711 et
1484 1684 1580 1710 hilaris
1601 1683 1630 1709 in

834 1739 898 1766 pace
918 1732 1035 1767 gaudens
1055 1731 1214 1766 Itonori/icat
1236 1731 1397 1763 Dominum;
1412 1729 1479 1756 nihil
1497 1730 1524 1756 in
1539 1737 1565 1755 se
1579 1728 1629 1754 ha-

836 1777 897 1804 bens
913 1778 1010 1809 amari,
1024 1777 1087 1812 quia
1102 1781 1240 1803 mansueta
1262 1780 1300 1803 est
1320 1780 1344 1803 et
1359 1776 1456 1810 quieta.
1483 1774 1548 1801 ch
1568 1781 1630 1808 ergo

836 1823 1022 1858 «quanimitas
1043 1822 1147 1849 habitat
1169 1830 1230 1849 cum
1253 1822 1306 1854 iis,
1326 1822 1372 1856 qui
1398 1821 1477 1855 fidem
1500 1822 1631 1854 integrant

836 1869 980 1903 possident.
992 1868 1027 1895 At
1039 1868 1180 1895 iracundia
1193 1867 1276 1894 stulta
1291 1872 1345 1899 est;
1359 1867 1453 1894 deinde
1464 1866 1495 1892 de
1515 1865 1630 1892 stultitia

837 1916 958 1943 nascitur
971 1914 1132 1948 amaritudo,
1149 1919 1173 1941 et
1188 1921 1220 1940 ea:
1235 1913 1414 1940 amaritudine
1429 1911 1582 1943 iracundia,
1597 1918 1630 1937 ea:

836 1960 978 1987 iracundia
990 1967 1048 1987 vero
1061 1959 1145 1994 furor.
1161 1958 1276 1986 Sanctus
1291 1966 1351 1993 ergo
1367 1956 1494 1992 Spiritus,
1508 1961 1536 1983 ut
1549 1960 1630 1988 tener,

837 2014 883 2033 nec
898 2006 999 2033 morari
1010 2005 1104 2032 solitus
1116 2012 1175 2031 cum
1191 2004 1258 2030 duro
1273 2011 1304 2029 ac
1321 2002 1391 2029 malo
1405 2001 1500 2036 spiritu
1510 2022 1518 2033 ,
1534 2001 1631 2028 recedit

837 2052 869 2078 ab
883 2051 1014 2086 ejusmodi
1035 2051 1150 2083 homine,
1172 2053 1197 2076 et
1220 2049 1317 2084 quterit
1340 2048 1459 2075 habitare
1479 2054 1539 2073 cum
1554 2054 1631 2073 man-

838 2099 930 2127 sueto;
944 2100 968 2122 et
982 2096 1012 2130 ﬁt
1027 2095 1103 2121 homo
1118 2094 1164 2121 ille
1177 2102 1274 2121 uacuus
1290 2102 1306 2120 a
1319 2092 1422 2128 Spiritu
1432 2092 1519 2127 justo,
1534 2095 1559 2118 et
1574 2100 1632 2118 om-

839 2143 901 2170 nino
912 2142 1062 2169 obcwcatur
1074 2149 1090 2167 a
1101 2140 1261 2176 cogitatione
1274 2139 1350 2166 bona.

30 2185 72 2205 ιται
88 2183 101 2209 ὁ
119 2184 264 2220 ἄνθρωπος
284 2187 387 2219 ἐκεῖνος
404 2187 482 2219 κενὸς
498 2187 545 2214 τοῦ
567 2188 721 2224 πνεύματος
739 2190 786 2216 τοῦ
808 2190 924 2222 δικαίου,
945 2189 992 2216 καὶ
1009 2187 1077 2219 ὅλως
1102 2185 1302 2221 ἁποτυφλοῦται
1326 2186 1381 2213 ἀπὸ
1391 2186 1440 2222 τῆς
1450 2185 1566 2216 διανοίας
1585 2183 1636 2219 τῆς

30 2227 109 2263 {1071;-

80 2315 120 2344 Dc
132 2317 343 2357 agnoscendi:
360 2320 608 2361 uniuscujusque
624 2272 785 2350 1101:3313;

836 2271 892 2302 UM
919 2270 974 2302 VI.

838 2319 895 2350 bus
911 2319 1025 2358 geniis,
1043 2321 1072 2348 ct
1084 2317 1251 2356 utriusque
1266 2316 1542 2357 inspirationibus.

737 2380 853 2409 CAPUT
872 2380 892 2408 1.

42 2430 89 2467 (87)
108 2431 302 2468 Ἐνετειλάμην
324 2440 366 2458 σοι
389 2431 418 2458 ὲν
440 2432 474 2466 τῇ
498 2431 593 2468 πρώτῃ
617 2431 728 2468 ἐντολῇ,
747 2431 790 2457 ἴνα

878 2428 1081 2464 Prmceperam,
1100 2426 1206 2462 inquit,
1226 2425 1274 2453 tibi
1295 2425 1321 2451 in
1343 2423 1433 2459 primo
1453 2421 1590 2455 Mandato,
1605 2425 1634 2448 ut

541 2498 659 2526 VARIIE
679 2495 873 2525 LECTIONES
891 2495 938 2524 ET
958 2494 1076 2523 NOTAE.

42 2545 92 2579 (80)
110 2545 153 2573 Cl.
172 2544 387 2573 Montfauconus
411 2545 484 2579 haec,
505 2545 538 2571 ὲκ
553 2545 581 2571 δὲ
597 2545 647 2579 τῆς
662 2544 790 2579 πικρίας,

30 2581 192 2642 nerea-3m
207 2581 237 2608 in
258 2588 311 2608 suo
336 2580 440 2614 codice,
465 2581 599 2615 supplevit
615 2588 647 2607 ex
663 2579 792 2607 Antiochi

30 2622 75 2642 Uml
88 2636 94 2642 .
163 2636 171 2642 .

30 2622 94 2642 omn.
108 2622 171 2642 110.

43 2650 92 2686 (8i)
111 2650 324 2686 Bodltcreatus,
340 2650 405 2685 facit
419 2656 568 2686 peccatum.

43 2685 92 2720 (8‘2)
112 2686 158 2713 Sic
180 2685 284 2713 Fellus.
305 2684 347 2712 Al.
365 2684 424 2719 hos,
441 2695 494 2714 ms.
510 2686 603 2713 Carm.
628 2685 685 2711 hoc.
708 2684 747 2712 Ita
767 2688 795 2712 et

32 2721 97 2747 amb.
111 2721 145 2747 ab
161 2721 216 2748 alia
235 2728 330 2748 manu.

43 2755 93 2790 (85)
108 2755 145 2783 Ita
169 2755 265 2792 Folius
284 2763 319 2783 ex
340 2763 408 2792 mss,
430 2756 508 2792 Angl.
531 2755 570 2792 Ita
593 2755 736 2792 et‘Carm,
761 2754 795 2792 A_t

35 2789 165 2818 ict.'bona.
184 2791 242 2823 Sic,
262 2795 316 2818 etc.
339 2791 419 2823 Editi,
443 2789 525 2818 mala.
551 2790 661 2822 Recede,
683 2789 794 2816 omissis

30 2826 114 2855 ucibus
127 2827 311 2857 intermediis.
330 2825 435 2857 Videsis
446 2827 539 2856 Graeca
551 2846 559 2860 ι
573 2825 673 2862 quibus
694 2824 795 2854 conﬁr-

845 2548 936 2571 matur
948 2542 1029 2570 lectio
1041 2549 1093 2569 ms.
1110 2541 1180 2568 Vict.
1194 2539 1240 2566 Sic
1258 2538 1322 2572 legit
1334 2541 1361 2564 et
1375 2535 1535 2563 Antiochus.

882 2579 939 2613 (84)
951 2577 1053 2613 Eellus,
1068 2575 1302 2613 tequanirnitatem.
1310 2608 1325 2613 Δ
1479 2605 1485 2611 1

890 2609 935 2649 855
953 2612 1030 2639 Bodl.
1045 2616 1073 2639 et
1084 2609 1181 2649 Lamb.
1197 2609 1402 2649 dominationem
1416 2609 1509 2649 egeris.

951 2638 1193 2683 Εὐστάθοᾷντας,
1208 2642 1369 2683 Tranquillo
1378 2638 1451 2668 statu
1462 2643 1571 2679 utentes.
1581 2638 1634 2683 (:41-

844 2673 971 2712 lele'ritltsi
978 2673 1082 2709 mavult
1095 2673 1291 2709 δυστατοῦνταὲ
1306 2678 1347 2715 ve_l
1361 2674 1564 2715 ὲνστατσῦντας.
1581 2673 1636 2715 Ad-

843 2708 995 2747 di'twta'men
1011 2708 1042 2744 in
1065 2720 1129 2743 nota
1152 2715 1232 2741 aliam
1258 2721 1310 2740 ms.
1329 2711 1395 2746 Reg.
1415 2710 1570 2741 lectionem,
1591 2708 1637 2735 eo.

845 2754 911 2781 σταθ
915 2752 1042 2788 μοῦντας.

880 2778 994 2825 Ex
1007 2778 1098 2815 lioctr.
1112 2785 1146 2813 ad
1160 2783 1293 2818 Annae/1.,
1307 2789 1382 2811 num.
1399 2780 1425 2815 6,
1440 2787 1501 2817 pag.
1517 2778 1588 2809 9.5L.
