1920 3104
18 129 54 157 933

492 126 638 155 PASTOR
654 141 689 148 -
706 125 770 155 LIB.
790 126 826 161 ιι,

846 126 1040 155 ΜᾹΝΒΔἸἫΜ
1060 126 1127 154 VIII.
1573 126 1626 156 οδε

18 184 222 221 ίευδομαρτυρία,
237 183 386 218 πλεονεξία,
401 184 544 218 ἀλαζονεία
564 187 612 212 καὶ
623 187 673 213 ὅσα
682 186 786 218 τούτοις

842 187 1006 220 testimonio,
1021 194 1036 214 a
1052 186 1212 222 cupiditate,
1229 194 1244 214 τι
1258 185 1396 222 superbia,
1411 190 1439 214 et
1453 193 1625 222 quaecunque

18 232 87 266 ἰμοια.
104 231 134 256 Εἰ
143 229 189 256 οὖν
195 230 267 256 δοκεί
280 239 320 257 σοι
332 230 438 266 πονηρὰ
449 229 518 258 εἶναι
534 231 619 258 ταῦτα
633 232 706 267 (26);
731 232 786 258 Καὶ

18 276 61 302 λίαν
76 275 176 311 πονηρὰ
188 276 244 307 τοῖς
259 275 362 307 δούλοις
376 275 424 302 τοῦ
441 276 519 303 Θεοῦ.
529 277 725 312 Ἐγκράτευσαι
739 275 786 304 οὖν

18 321 56 347 ne
66 321 179 352 πάντων,
193 321 236 347 ῐνα
249 320 334 357 ζήσῃς
344 321 384 357 τῷ
393 321 463 356 Θεῷ,
475 323 522 348 καὶ
539 323 700 358 ἐγγραφήοῃ
718 321 787 358 μετὰ

18 367 56 393 ιῶν
71 366 314 402 ὲγκρατευομένων.
335 367 368 393 'A
387 367 434 402 μὲν
447 365 493 394 οὖν
505 367 544 394 δεῖ
560 368 785 404 ὲγκρατεύεσθαι,

18 414 84 440 ταῦτα
100 414 180 439 ἐστιν.
199 414 233 438 ’Δ
247 413 275 439 δὲ
297 413 338 440 δεῖ
354 422 382 440 σε
408 414 446 449 μὴ
463 414 692 450 ἐγκρατεύεσθαι,
720 413 788 440 ἀλλὰ

18 460 93 491 ποιεῖν,
106 460 186 486 ἄκουε
197 467 203 473 ·
218 460 326 486 πάντων
340 459 448 496 πρῶτον
462 460 562 492 πίστις,
579 460 659 495 φόϐος
672 461 785 497 Κυρίου,

18 505 123 539 ίμόνοια,
149 504 264 540 ἀγάπη,
298 505 408 540 ῥήματα
436 505 625 542 δικαιοσύνης,
655 505 785 541 ἀλήθεια¹

18 551 128 586 imiimi].
146 550 255 576 Τούτων
270 551 443 587 ἀγαθώ-τερον
460 551 536 578 οὐδέν
552 552 626 578 ἐστιν
637 551 667 578 ὲν
682 553 716 587 τῇ
730 552 785 587 ζωῇ

18 596 57 622 τῶν
79 595 241 632 ἀνθρώπιον·
268 596 354 623 ταῦτα
379 598 426 624 ἐάν
442 606 484 629 τις
510 597 659 632 φυλάσσει,
685 598 733 624 καὶ
751 598 788 633 μὴ

18 641 191 678 ἐγκρατεύεται
208 642 255 669 ἀπ’
272 641 373 675 αὐτῶν,
393 643 527 679 μακάριός
543 642 618 670 ἔστιν
635 644 664 670 ὲν
680 645 712 679 τῇ
731 643 786 679 ζωῇ

18 687 92 716 xii-.96.
109 686 174 714 Εἶτα
190 688 292 715 τούτων
308 687 343 714 τὰ
359 688 492 715 ἀκόλουθα
509 688 605 716 ἄκουε·
619 689 704 724 χήρας
718 688 788 723 ὑπη-

18 736 98 769 ρετεῖν,
115 734 159 760 καὶ
175 734 311 770 ὀρφανοὺς
327 734 539 770 ὑστερουμένους
559 735 786 767 ἐπισκέπτεσθαι,

18 778 39 811 ἐξ
52 779 163 813 ἀνάγκης
178 778 369 814 λυτρώσασθαι
382 779 445 810 τοὺς
461 778 569 810 δούλους
585 779 632 805 τοῦ
649 779 726 811 Θεοῦ,
745 788 789 813 φι-

18 823 103 855 λόξενον
118 821 196 855 εἶναι,
214 824 243 849 ὲν
260 823 314 859 γὰρ
330 825 362 859 τῇ
382 823 518 859 φιλοξενίᾳ.
541 824 696 860 εὑρίσκεται
721 825 788 858 ἀγα-

18 868 149 904 θοποίησις·
183 869 295 904 ἡσύχιον
327 867 416 902 εἶναι,
449 869 616 906 ἐνδεέστερον
645 862 825 904 γενέσθαι,Β

18 914 88 940 πάντα
103 914 242 950 ἄνθρωπον
260 915 414 950 πρεσϐύτην
429 915 565 947 σέϐεσθαι,
577 916 672 942 ἀσκεῖν
688 916 791 943 δικαιο-

18 960 94 995 σῦνην,
111 960 277 995 ἀδελφότητα
294 962 448 996 συντηρεῖν,
467 960 546 996 ὓϐριν
563 961 719 997 ὑποφέρειν,
736 972 790 998 μα-

18 1004 137 1039 κρὸθυμον
153 1003 240 1037 εἶναι,
258 1005 458 1041 ἀμνησίκακον,
483 1006 637 1041 κάμνοντας
661 1008 692 1042 τῇ
715 1007 789 1044 ψυχῇ

18 1051 164 1086 παρακαλεῖν
175 1071 182 1083 ,
205 1051 467 1086 ὲσκανδαλισμένους
484 1051 537 1078 ἀπὸ
552 1053 601 1087 τῆς
617 1053 734 1084 πίστεως
751 1054 788 1090 μὴ

18 1095 189 1130 ἀποϐαλὲσθαι,
208 1097 266 1123 ἀλλ’
282 1098 457 1133 ἐπιστρέφειν
473 1097 520 1124 καὶ
538 1097 670 1134 ὲνθύμους
691 1101 788 1132 ποιεῖν,

18 1141 204 1177 ἁμαρτάνοντας
220 1142 370 1175 νουθετεῖν,
394 1143 533 1178 χρεώστας
551 1143 587 1179 μὴ
605 1143 721 1176 θλίϐειν,
746 1145 790 1171 ὲν-

18 1187 73 1218 issi;
89 1187 122 1223 μὴ
138 1188 244 1220 λυπεῖν,
262 1188 309 1215 καὶ
325 1189 375 1215 ὅσα
391 1189 497 1220 τούτοις
513 1189 593 1224 ὅμοιά
608 1189 692 1216 ἐστιν.
712 1191 791 1218 Δοκεῖ

18 1241 50 1259 σοι
63 1233 142 1260 ταῦτα
154 1233 247 1268 ἀγαθὰ
263 1232 330 1260 εἶναι
341 1243 348 1267 ;
367 1234 399 1260 Τί
415 1234 469 1270 γὰρ
482 1234 592 1261 δύναται
605 1235 706 1262 τούτων
720 1237 789 1270 ἀγα-

18 1277 117 1313 θὼτερον
133 1277 218 1312 εἷναι;
237 1280 361 1315 Γύμναζε
379 1280 490 1306 σεαυτὸν
506 1281 534 1306 ὲν
548 1280 652 1312 τούτοις
662 1301 669 1314 ,
688 1282 734 1308 καὶ
752 1283 789 1318 μὴ

18 1323 164 1359 ἐγκρατεύου
181 1326 302 1358 πάντων,
317 1326 364 1352 καὶ
381 1325 450 1362 ζήσῃ
466 1325 505 1362 τῷ
521 1326 590 1362 Θεῷ.

836 231 870 259 iis
885 231 986 259 similia
1002 236 1076 259 sunt.
1091 231 1225 259 Videntur
1238 239 1303 268 ergo
1316 232 1365 259 tibi
1386 232 1443 259 hzec
1459 232 1528 258 mala
1544 239 1604 259 esse
1614 252 1622 264 ,

836 283 871 304 an
886 277 960 304 non?
975 276 1108 311 Equidem
1127 276 1205 304 valde
1224 276 1296 303 mala
1310 281 1374 304 sunt
1394 277 1480 304 servis
1500 276 1557 303 Dei.
1582 276 1624 303 Ab

836 321 879 349 his
895 330 961 357 ergo
976 322 1105 349 omnibus
1123 321 1179 358 ('27)
1197 322 1276 349 debet
1293 321 1432 349 abstinere
1445 329 1540 349 servus
1563 321 1622 350 Dei.

836 367 952 395 Abstine
965 375 1031 403 ergo
1043 368 1078 395 ab
1094 368 1223 394 omnibus
1236 368 1290 400 his,
1304 372 1334 394 ut
1352 368 1428 395 vivas
1443 367 1513 399 Deo,
1527 371 1554 394 et
1567 367 1624 402 (εδ)

838 413 969 441 seribaris
985 421 1047 440 cum
1065 413 1275 440 abstinentibus.
1294 413 1314 439 A
1331 413 1432 447 quibus
1446 420 1510 447 ergo
1526 412 1626 440 debeas

837 459 986 492 abstinere,
1005 459 1051 486 illa
1076 464 1150 487 sunt.
1178 459 1200 485 A
1216 458 1315 494 quibus
1336 463 1426 485 autem
1452 465 1505 485 non
1526 458 1626 485 debeas

837 504 984 536 abstinere,
1010 504 1084 532 audi.
1111 504 1153 531 Ab
1171 505 1300 530 omnibus
1322 503 1402 530 bonis
1423 503 1552 537 operibus
1570 502 1626 529 noli

838 550 986 581 abstinere,
1011 550 1057 577 sed
1083 549 1126 577 fac
1142 550 1199 576 illa.
1214 549 1296 581 Audi,
1314 549 1413 583 inquit,
1429 548 1558 574 virtutem
1573 547 1626 574 bo-

838 603 936 622 norum
953 602 1066 630 operum
1081 602 1142 630 qum
1153 594 1252 622 debeas
1269 593 1388 628 operari,
1413 598 1443 620 ut
1462 593 1553 619 salvus
1565 598 1627 619 esse

838 641 938 676 possis.
954 640 1077 667 Primum
1101 640 1224 667 omnium
1247 643 1290 666 est
1311 639 1390 671 ﬁdes,
1409 639 1491 665 timor
1504 637 1624 670 Domini,

837 687 969 720 Charitas,
982 686 1139 718 concordia,
1152 686 1266 720 aequitas
1278 684 1347 719 (29),
1358 684 1469 715 veritas,
1482 683 1625 719 patientia,

839 732 962 760 castitas.
980 730 1016 759 lis
1030 731 1096 758 nihil
1112 736 1154 758 est
1171 731 1268 758 melius
1284 731 1310 757 in
1327 731 1380 757 vita
1396 730 1536 757 hominum
1548 750 1556 762 ,
1578 729 1626 764 qui

839 778 897 805 haec
909 778 1087 805 custodierint
1097 781 1123 804 et
1139 776 1254 805 fecerint
1264 777 1292 803 in
1306 776 1358 803 vita
1375 784 1423 803 sua
1438 776 1505 812 (50).
1524 775 1627 803 Deinde

840 824 937 851 horum
952 823 1091 858 sequentia
1107 823 1180 850 audi.
1198 822 1291 850 Viduis
1305 822 1507 855 administrare,
1525 821 1627 857 orpha-

840 877 890 897 nos
900 874 926 896 et
934 877 1066 904 pauperes
1077 877 1131 896 non
1140 868 1290 903 despicere,
1299 873 1325 896 et
1336 876 1430 896 servos
1439 867 1525 895 Deiex
1534 875 1628 895 neces-

840 917 919 944 sitate
933 916 1076 948 redimere,
1092 914 1253 950 hospitalem
1265 923 1343 948 esse;
1366 914 1549 949 hospitalitate
1567 913 1627 950 (51)

839 962 913 990 enim
932 962 1068 989 invenitur
1083 961 1230 996 aliquando
1246 960 1352 988 fructus
1367 961 1456 987 bonus
1471 970 1477 987 :
1492 968 1546 987 non
1559 968 1627 988 con-

839 1008 983 1040 tradicere,
999 1007 1122 1042 quietum
1138 1014 1210 1039 esse,
1226 1006 1410 1032 humillimum
1423 1005 1479 1041 (52)
1493 1005 1550 1032 ﬁeri
1565 1012 1627 1033 om-

839 1054 915 1081 nium
934 1053 1075 1080 hominum
1089 1072 1096 1084 ,
1113 1052 1233 1086 majores
1254 1056 1320 1078 natu
1337 1051 1425 1078 colere
1436 1073 1443 1084 ,
1461 1052 1569 1079 studere
1581 1053 1626 1087 ju-

836 1101 928 1134 stitiaa,
953 1099 1150 1127 fraternitatem
1172 1105 1345 1131 conservare,
1369 1099 1549 1127 contumelias
1567 1099 1626 1127 sul:-

839 1149 921 1182 fcrrc,
933 1148 1113 1183 aequanimem
1125 1155 1186 1174 esse
1198 1155 1205 1180 ;
1218 1146 1310 1181 lapsos
1330 1154 1345 1174 a
1366 1146 1418 1174 llde
1438 1155 1491 1174 non
1509 1147 1627 1182 projice-

838 1202 884 1226 re,
910 1194 956 1222 sed
984 1193 1152 1228 :equanimes
1172 1192 1279 1225 lacere;
1297 1197 1440 1227 peccantes
1468 1194 1623 1225 admonere,

843 1239 978 1267 debitores
994 1246 1046 1266 non
1069 1244 1209 1273 premere;
1235 1240 1262 1263 et
1283 1237 1305 1264 si
1327 1245 1380 1272 qua
1396 1238 1429 1264 iis
1447 1238 1559 1266 similia.
1579 1237 1625 1264 Vi-

838 1285 938 1312 dentur
954 1283 1001 1311 tibi
1022 1283 1078 1310 hzec
1092 1290 1152 1310 esse
1166 1283 1248 1315 bona,
1261 1289 1295 1309 an
1312 1290 1365 1309 non
1376 1284 1387 1309 ί
1400 1282 1469 1315 Quid
1484 1283 1556 1310 enim
1568 1291 1626 1311 me-

839 1329 893 1357 lius
905 1333 956 1361 est,
971 1329 1094 1364 inquam,
1107 1328 1198 1355 verbis
1208 1327 1268 1354 istis
1276 1327 1345 1363 (55)?
1358 1327 1422 1356 Vive
1434 1336 1509 1364 ergo,
1525 1329 1624 1365 inquit,

19 1368 40 1395 in
53 1369 90 1397 his
108 1371 260 1404 mandatis,
283 1375 310 1398 et
324 1370 379 1398 noli
397 1371 432 1398 ab
445 1371 485 1398 eis
500 1371 637 1400 recedere.
655 1370 684 1400 Si
699 1373 773 1401 enim
789 1374 954 1402 custodieris
968 1374 1026 1402 haec
1039 1373 1131 1401 omnia
1146 1373 1286 1406 mandata,
1303 1374 1379 1402 vives
1397 1374 1470 1409 Deo;
1485 1379 1513 1403 et
1527 1382 1624 1405 omnes

19 1416 56 1450 qui
68 1416 241 1444 custodierint.
256 1417 313 1444 haec
330 1416 468 1449 mandata,
488 1417 580 1444 vivent
592 1417 659 1445 Deo.

630 1467 786 1495 Auriocuus
796 1488 803 1501 ,
825 1469 936 1496 Itomilia
957 1467 1001 1496 79.

53 1511 81 1538 Ἡ
94 1509 135 1539 οὖν
150 1512 298 1548 ἐγκράτεια
315 1512 394 1548 διπλῆ
412 1513 498 1539 ἐστιν’
518 1513 564 1540 ὲπί
586 1522 666 1540 τινων
682 1514 736 1550 γὰρ
751 1515 792 1542 δεῖ
804 1520 827 1551 c

20 1555 222 1591 lynpanbzaﬁat,
241 1557 286 1585 ὲπί
301 1567 381 1584 τινων
396 1558 425 1584 δὲ
440 1558 471 1585 οὐ
487 1559 536 1585 δεῖ.
555 1559 590 1586 Τὸ
604 1559 720 1595 πονηρὸν
737 1560 790 1596 γὰρ

19 1600 51 1627 δεῖ
65 1603 278 1638 ἐγκρατεύεσθαι,
291 1605 337 1630 καὶ
351 1605 388 1640 μὴ
405 1606 491 1631 ποιεῖν
504 1605 570 1631 αὑτό
579 1613 585 1619 '
603 1605 633 1632 τὸ
649 1605 678 1632 δὲ
690 1606 791 1640 ἀγαθὸν

23 1647 51 1681 μὴ
68 1648 289 1684 ἐγκρατεύεσθαι,
307 1649 375 1676 ἀλλὰ
398 1651 494 1676 ποιεῖν.
526 1651 722 1686 Ἐγκράτευσαι
744 1649 790 1679 οὖν

21 1693 64 1719 ἀπὸ
74 1695 155 1730 πάσης
167 1696 310 1731 πονηρίας,
325 1695 506 1732 ἐργαζόμενος
521 1697 551 1723 τὸ
563 1697 677 1731 ἀγαθόν·
691 1697 792 1733 ἐγκρά-

21 1747 98 1766 τευσαι
108 1740 159 1767 ἀπὸ
172 1741 304 1776 μοιχείας,
319 1739 455 1777 πορνείας,
471 1742 652 1778 μεθύσματος,
665 1743 789 1779 ἀνομίας,

22 1784 64 1811 ἀπὸ
74 1788 179 1823 τρυφῆς,
191 1788 246 1814 ἀπὸ
263 1787 404 1824 πονηρίας,
416 1788 470 1815 ἀπό
482 1798 512 1816 τε
524 1789 679 1824 ἐδεσμάτων
686 1791 791 1818 πολλῶν

22 1832 59 1857 καί
67 1832 242 1866 πολυτελείας,
251 1831 378 1866 πλούτου,
393 1835 441 1861 καὶ
459 1836 629 1871 καυχήσεως,
639 1836 791 1873 ὑψηλοφρο-

23 1877 99 1914 ﬂung,
106 1880 149 1906 καὶ
157 1880 357 1916 ὑπερηφανίας,
367 1881 413 1907 καὶ
420 1881 473 1907 ἀπὸ
481 1878 646 1916 ψεύσματος,
654 1880 701 1909 καὶ
709 1891 793 1910 κατα-

22 1920 108 1954 λαλιᾱς,
125 1924 169 1950 καὶ
179 1924 358 1959 ὑποκρίσεως,
370 1925 417 1951 καὶ
434 1926 623 1961 μνησικακίας,
641 1926 688 1954 καὶ
703 1928 792 1964 πάσης

23 1965 186 2003 βλασφημίας,
204 1968 376 2004 κλέμματος,
394 1970 619 2005 ἀποστερήσεως,
636 1971 791 2008 ψευδομαρ-

23 2012 118 2046 τυρίας,
140 2014 313 2047 πλεονεξίας,
338 2015 484 2051 ἐπιθυμίας
506 2017 644 2051 πονηρᾶς,
668 2017 790 2053 ἀπάτης,

23 2058 165 2092 κενοδοξίας,
180 2059 349 2093 ἀλαζονείας,
366 2061 413 2087 καὶ
435 2061 485 2087 ὃσα
500 2061 603 2093 τούτοις
624 2062 703 2097 ὃμοια
721 2064 790 2089 ἐστι.

24 2103 114 2131 Τούτων
129 2106 160 2142 δὴ
175 2106 229 2132 τῶν
243 2106 332 2141 ἔργων
348 2107 388 2133 δεῖ
403 2106 615 2143 ὲγκρατεύεσθαι
631 2108 676 2135 τὸν
692 2109 791 2143 ἀγωνι-

25 2149 77 2186 στὴν
91 2152 134 2178 καὶ
149 2152 242 2180 δοῦλον
257 2152 305 2179 τοῦ
321 2153 399 2180 Θεοῦ.
416 2154 477 2181 Εἰσὶ
493 2154 539 2180 καὶ
555 2154 622 2190 ἔργα
645 2155 750 2189 ἀγαθὰ,
773 2155 791 2183 ἃ

880 1516 968 1551 Igitur
985 1516 1144 1543 abstinentia
1158 1516 1254 1551 duplex
1268 1521 1306 1544 est
1325 1522 1335 1543 :
1352 1525 1369 1543 a
1385 1517 1543 1552 quibusdam
1557 1518 1627 1545 enim

841 1561 972 1589 abstinere
987 1566 1105 1596 oportet;
1122 1571 1137 1588 a
1153 1562 1312 1597 quibusdam
1332 1571 1392 1590 vero
1409 1572 1459 1590 non
1478 1568 1588 1598 oportet.
1602 1564 1625 1590 Α

842 1609 912 1636 malo
923 1609 991 1636 enim
1003 1609 1135 1635 abstinere
1148 1613 1260 1643 oportet,
1271 1613 1296 1635 et
1309 1609 1338 1636 id
1350 1618 1401 1636 non
1415 1610 1502 1644 facere
1513 1619 1523 1638 .°
1533 1619 1549 1637 a
1560 1610 1627 1638 bona

841 1660 928 1682 autem
944 1663 996 1682 non
1017 1656 1166 1688 abstinere,
1188 1655 1232 1681 sed
1252 1655 1347 1689 facere.
1370 1656 1480 1683 Abstine
1498 1657 1580 1691 igitur
1593 1656 1627 1684 ab

842 1702 913 1728 omni
929 1701 1008 1734 malo,
1024 1701 1122 1736 faciens
1134 1702 1202 1736 quod
1215 1703 1310 1728 bonum
1321 1706 1358 1728 est
1373 1709 1381 1727 .'
1392 1701 1493 1728 abstine
1504 1702 1536 1729 αι·
1549 1702 1628 1729 adul-

842 1748 918 1779 terio,
931 1745 1115 1782 fornicatione,
1131 1744 1266 1779 ebrietate,
1281 1746 1385 1773 malitia
1396 1754 1440 1773 seu
1452 1746 1625 1780 inhonestate,

842 1802 858 1820 a
872 1792 974 1820 deliciis
987 1812 994 1825 ,
1014 1792 1046 1819 ab
1063 1800 1122 1819 esca
1137 1792 1221 1819 nimia
1238 1795 1262 1819 et
1278 1792 1396 1824 lautitia,
1414 1793 1514 1819 divitiis
1529 1798 1553 1819 et
1568 1792 1627 1828 glo~
1655 1795 1660 1800 '

842 1839 965 1871 rialione,
979 1843 1003 1865 et
1018 1837 1131 1865 elatione
1142 1838 1225 1865 animi
1239 1844 1264 1866 et
1277 1839 1410 1873 superbia,
1425 1843 1449 1865 et
1464 1847 1480 1865 α
1492 1839 1627 1866 mendacio

842 1893 873 1911 ac
887 1884 1059 1916 detractione,
1074 1888 1098 1910 et
1115 1884 1232 1919 nequilia
1246 1884 1310 1918 [icta
1321 1905 1328 1917 ,
1343 1889 1368 1912 et
1385 1885 1564 1912 recordatione
1583 1885 1628 1912 in-

837 1931 930 1965 juriae,
946 1934 970 1956 et
982 1929 1052 1956 omni
1064 1929 1225 1964 blasphemia
1240 1929 1296 1965 [seu
1309 1929 1382 1964 fama
1392 1930 1529 1966 pessima,]
1543 1931 1627 1966 furto,

843 1977 936 2013 fraude
951 1983 997 2004 seu
1012 1975 1201 2011 abnegatione,
1217 1975 1286 2010 falso
1303 1976 1451 2004 testimonia
1462 1997 1470 2011 ,
1492 1977 1607 2004 avaritia
1617 1998 1625 2010 ,

842 2022 985 2057 cupiditate
1004 2021 1093 2053 mula,
1118 2021 1180 2048 dolo
1194 2042 1200 2054 ,
1221 2022 1295 2048 inani
1319 2022 1422 2057 gloria,
1443 2024 1563 2058 superbia
1575 2044 1582 2056 ,
1601 2029 1628 2051 et

841 2075 1000 2103 quaecunque
1020 2067 1053 2094 iis
1073 2066 1171 2093 similia
1195 2071 1265 2094 sunt.
1290 2068 1330 2094 Ab
1355 2067 1396 2096 his
1420 2077 1481 2104 ergo
1506 2069 1627 2103 operibus

841 2118 942 2148 oportet
955 2113 1084 2140 abstinere
1096 2112 1209 2147 pugilem
1226 2121 1257 2139 ac
1270 2121 1372 2140 servum
1385 2113 1443 2141 Dei.
1459 2114 1527 2142 Sunt
1539 2120 1629 2142 autem.

842 2163 866 2187 et
879 2167 958 2194 opera
972 2159 1055 2191 bona,
1070 2166 1128 2194 qua:
1148 2162 1249 2193 oportet
1270 2159 1372 2194 facere,
1389 2164 1414 2187 et
1429 2168 1446 2187 a
1463 2160 1560 2196 quibus
1575 2168 1628 2188 mm

549 2206 668 2234 VARLE
687 2207 879 2235 LECTIONES
897 2207 941 2235 ΕΤ
960 2206 1078 2234 NOT/E.

26 2251 172 2291 testimoniq,
188 2261 205 2280 a
223 2253 369 2291 cupiditate
379 2273 395 2291 ,Α
410 2263 426 2281 a
444 2254 592 2289 jactantia,
616 2259 641 2291 et
665 2263 790 2289 qua’eun-
807 2264 829 2291 ι)

26 2292 132 2324 questo.
145 2288 190 2316 Sic
203 2294 294 2316 autem
311 2289 366 2320 ille,
379 2288 584 2324 licet'aguoscat
595 2288 710 2324 edittht
723 2298 790 2317 mss.

26 2322 135 2360 exhibere
148 2324 328 2360 abnegalione,
344 2328 370 2350 et
384 2322 477 2351 statim
489 2324 630 2358 superbia:
645 2333 654 2349 ι
672 2323 735 2357 Sed,
750 2325 792 2360 in,-

27 2361 83 2388 quit,
95 2365 172 2385 voces
188 2359 247 2386 ista:
269 2359 350 2393 paulo
375 2360 502 2393 superius
522 2359 665 2391 habentur,
691 2368 740 2387 nec
757 2359 792 2386 ab

27 2397 121 2428 auctore
131 2394 251 2427 repetita:
262 2401 308 2428 per
319 2394 494 2428 ταυτολογίαν
503 2394 577 2420 credi
590 2394 695 2421 debent.
706 2394 792 2422 Voces

27 2427 152 2463 ergoialias
162 2436 193 2455 ex
207 2427 303 2456 Graico
317 2427 445 2463 Antiochi
461 2429 621 2463 repetendas
635 2429 711 2456 duxi.
726 2439 735 2455 ι

124 2462 150 2489 ln
159 2464 240 2491 editis
251 2464 344 2500 Graeca
355 2464 396 2500 sic
407 2473 413 2490 :
425 2460 499 2500 εἷναί
506 2463 591 2500 ταῦτα
602 2471 609 2495 ;
625 2463 771 2500 ’Δπεκρίθη
782 2473 788 2479 ·

28 2493 72 2534 lia).
84 2496 148 2529 λίαν,
165 2507 191 2525 κ.
208 2508 233 2525 τ.
251 2499 276 2524 λ.
288 2497 338 2526 Ubi
353 2499 547 2534 vultVClericus
563 2493 613 2533 leg.
629 2493 789 2534 ἀπεκρίθην.

28 2530 55 2570 ᾼι
68 2533 342 2570 pseudo-Athanasius
366 2533 438 2560 unde
459 2535 510 2561 ista
525 2530 666 2568 desumpta
681 2555 688 2566 ,
702 2530 793 2570 ihaliet

28 2568 203 2604 ἁπεκρίθηὶῗρῐ
219 2569 327 2604 quidem
351 2573 450 2604 rectei
466 2569 525 2604 ejus
547 2569 618 2595 enim
642 2569 731 2596 oratio
755 2569 790 2596 ita

28 2603 140 2635 postulat,
155 2603 262 2631 Hermae
274 2612 329 2631 non
343 2604 418 2631 item.
431 2603 469 2630 Ex
485 2612 517 2631 eo
533 2603 614 2638 igitur
627 2604 672 2631 illa
687 2608 792 2631 tantum

30 2639 126 2673 petenda
139 2647 198 2673 qua:
224 2647 257 2666 ex
273 2639 372 2666 Henna
395 2639 540 2673 descripsit
561 2648 568 2665 :
588 2644 683 2666 czetcra
711 2640 793 2666 omit-

31 2671 108 2709 tenda,
124 2671 154 2700 ut
164 2682 234 2709 saepe
249 2674 327 2702 alias.
344 2674 436 2709 Neque
452 2671 525 2701 enim
540 2673 735 2701 conformanda
750 2674 792 2701 vi-

30 2705 113 2733 dentur
136 2705 459 2743 pseudo-Athanasiana,
487 2713 516 2735 ut
541 2709 624 2735 veteri
651 2709 793 2743 lnterpreti

30 2743 194 2780 respondeant
205 2754 212 2772 :
224 2746 296 2780 quod
307 2750 397 2771 tamen
410 2744 510 2780 passim
522 2751 540 2780 7a
554 2743 679 2780 Fabricio
691 2743 791 2770 factum

30 2776 111 2837 meo,
132 2783 211 2815 atque
232 2776 248 2807 ᾖ
271 2779 376 2807 Clerico
390 2776 418 2807 ei
433 2779 558 2806 Russelio
574 2778 727 2806 Fabricium
748 2786 793 2806 se-

70 2820 96 2837 IS.

31 2817 96 2838 CDIIS.

63 2847 111 2883 127)
129 2849 244 2885 Conjieit
257 2850 408 2879 Cotelerius
426 2850 471 2878 hic
493 2848 644 2878 addendum
661 2848 792 2884 operibus,

841 2255 913 2290 quod
930 2255 956 2281 in
971 2254 1065 2290 Graeco
1078 2253 1182 2290 legatur
1194 2253 1292 2290 ἔργων.
1303 2251 1401 2290 ANeque
1415 2251 1517 2290 fallitur
1531 2252 1573 2290 vi_r
1584 2253 1626 2282 Cl.

842 2288 939 2318 contra
953 2297 985 2316 ac
1000 2289 1097 2316 scribit
1113 2288 1246 2320 Clericus,
1263 2288 1309 2323 qui
1329 2288 1433 2322 putavit
1447 2289 1535 2322 ipsum
1551 2288 1628 2316 locu-

843 2330 900 2352 tum
913 2325 947 2352 de
962 2325 1004 2351 his
1016 2323 1117 2351 ercis
1131 2322 1404 2358 pseudo-Athanasii,
1418 2322 1462 2349 ubi
1475 2331 1541 2350 sane
1550 2323 1628 2352 deest

841 2360 939 2396 ἔργων.
955 2358 1221 2396 verumllotclerius
1236 2359 1362 2396 Antiochi
1378 2358 1471 2396 Graeca
1490 2359 1625 2396 respexit,

842 2392 868 2422 ei.
881 2392 925 2421 hic
940 2393 1048 2428 quidem
1062 2394 1156 2420 homil.
1173 2394 1214 2425 79,
1231 2398 1260 2420 ut
1275 2401 1335 2420 mox
1351 2393 1431 2420 infra.
1447 2392 1541 2428 Neque
1551 2395 1626 2422 enim

843 2430 869 2456 in
893 2430 944 2456 ista
966 2428 1223 2463 pseudo-Athanasii
1245 2428 1337 2455 Grzcca
1354 2428 1468 2462 digitum
1486 2428 1626 2455 intendere

861 2462 1032 2498 otcrat,’quaa
1049 2465 1170 2490 nondum
1187 2463 1258 2490 edita
1276 2463 1393 2496 fuerant,
1409 2470 1471 2490 cum
1487 2462 1530 2490 ille
1545 2470 1624 2490 suam

861 2472 956 2497 otcrat,
971 2472 1032 2498 quae
1049 2472 1170 2490 nondum
1187 2472 1258 2490 calta
1276 2472 1393 2496 lueraut,
1409 2472 1471 2490 cum
1487 2472 1530 2490 me
1545 2472 1605 2490 suat

841 2472 955 2526 gatrum
968 2497 1171 2533 apostolicorum
1187 2498 1333 2525 editionem
1353 2498 1381 2525 in
1394 2498 1491 2532 vulgus
1504 2497 1605 2525 emisit.

879 2534 934 2570 (28)
955 2533 1050 2570 Lauib.
1065 2533 1173 2570 desunt,
1184 2534 1256 2570 vivas
1271 2533 1324 2559 Deo
1335 2538 1370 2560 et.

879 2568 935 2605 {29)
956 2568 1050 2605 bamb.
1064 2569 1158 2605 pietas,
1172 2569 1293 2605 wquitas.

879 2601 935 2640 (50)
955 2601 1094 2640 ιειιιιί).ςει
1107 2601 1246 2640 ιξίιιίηιξῘη
1268 2603 1320 2629 vita
1335 2602 1479 2640 hominum.
1502 2601 1554 2635 Qui
1569 2601 1625 2629 luce

843 2637 993 2667 custodierit
1009 2643 1034 2666 et
1048 2638 1136 2670 fecerit
1152 2638 1178 2664 in
1194 2638 1246 2664 vita
1260 2646 1319 2670 sua,
1336 2638 1399 2664 vivet
1415 2637 1478 2664 Deo.

891 2675 935 2710 5i)
956 2673 1050 2710 μηδι).
1067 2672 1100 2710 lu
1115 2673 1237 2710 hospitio.

891 2678 935 2710 51)
956 2678 1050 2701 Lamb.
1067 2678 1100 2698 1η
1115 2678 1237 2706 Itospmo.

879 2678 935 2745 liii)
956 2709 1075 2745 Bodl._et_
1087 2706 1182 2734 Lamb.
1196 2706 1376 2745 humiliorem._
1388 2705 1475 2745 Vetus
1489 2707 1624 2745 interpres

843 2741 912 2773 forte
931 2745 983 2780 leg.
1004 2743 1172 2780 ἐνδεέστερον
1193 2741 1318 2780 γενέσθαι
1342 2742 1450 2780 παντων
1464 2741 1625 2780 ανθρώπων.

845 2780 890 2808 Sic
906 2785 933 2807 et
950 2776 1111 2806 Sntiochus.
1127 2776 1213 2804 'Aliter
1225 2776 1516 2811 pseudo-Athanasius.

880 2816 936 2850 (55)
956 2814 1032 2842 Bodl.
1047 2817 1073 2841 et
1088 2812 1183 2841 Lamb.
1197 2812 1289 2839 horum
1307 2812 1452 2840 verborum.
