1920 3104
47 134 94 162 93'!
543 136 689 166 PASTOR.
708 152 742 157 —
760 133 826 165 LIB.
847 134 880 169 11,
899 135 1091 167 MANDATUM
1109 139 1154 168 lx.
1617 141 1669 172 958

47 193 86 224 νός
100 199 161 218 ποτε
177 194 256 229 παρὰ
271 193 319 220 τοῦ
333 193 436 230 Κυρίου
447 194 556 230 αἴτημά
567 203 612 227 τι,
633 195 680 221 καὶ
694 193 746 230 [μὴ
763 194 821 221 ἀπο-

882 193 1003 229 ignoras,
1015 195 1120 222 tardius
1139 195 1256 230 accipies
1275 196 1432 231 petitionem
1460 202 1546 226 tuam.
1573 200 1626 227 bed
1639 205 1668 227 to

46 237 133 275 lilii/1],]
145 238 181 275 μὴ
192 239 368 275 διψυχήσεις,
393 239 434 266 ὅτι
453 240 547 275 τάχιον
563 240 614 266 οὐκ
629 239 724 271 ἔλαϐες
742 239 773 266 τὺ
787 239 821 266 ατ-

881 240 936 268 noli
951 240 1076 268 desinere
1089 241 1147 276 (50)
1167 242 1283 276 petendo
1294 243 1454 278 petitionem
1476 245 1574 273 animae
1596 251 1667 276 tuae:

46 294 113 322 τημα
123 285 171 321 τῆς
197 284 291 321 ψυχῆς
318 293 380 312 σου·
399 285 508 317 πάντως
534 285 588 322 γὰρ
613 285 658 313 διὰ
677 286 821 322 πειρασμόν

880 289 908 313 et
922 285 1051 321 accipies.
1067 285 1096 313 Si
1109 291 1199 314 autem
1213 288 1364 316 cessaveris
1374 289 1506 324 petendo,
1517 291 1551 319 de
1564 295 1590 318 te
1602 299 1670 327 que-

45 339 108 362 τινα,
122 330 139 366 ἢ
160 330 374 366 παράπτωμάτι
387 330 402 357 ὃ
418 331 450 357 σὺ
463 331 580 365 ἀγνοεῖς,
596 331 647 357 οὐκ
662 330 767 362 ἔλαϐες.
793 330 821 357 ΣΞ

882 330 965 364 raris.
981 338 1036 358 non
1048 331 1082 358 de
1097 331 1162 365 Deo,
1179 332 1253 368 quod
1270 341 1325 361 non
1340 334 1444 363 dederit
1455 335 1513 363 tibi.

45 375 85 404 οὖν
95 376 129 411 μὴ
145 375 277 412 διαλίπῃς
297 376 442 412 εὐχόμενος
453 376 485 403 τὸ
496 376 600 412 αἴτημα
610 376 661 412 τῆς
681 376 770 412 ψυχῆς
778 384 836 408 σου,
863 376 916 408 ἓως
928 373 959 403 οὗ
976 376 1104 413 ἀπολήψῃ
1119 378 1194 404 αὑτό.
1222 378 1284 405 Ἐὰν
1312 379 1342 405 δὲ
1366 380 1525 418 ἐκκακήσῃς
1532 383 1581 410 καὶ
1594 382 1672 420 Sulm-

44 423 122 458 χήσῃς
132 422 305 458 αἰτούμενος,
320 422 414 449 ἑαυτὸν
430 422 519 456 αἰτιῶ,
539 423 587 450 καὶ
600 423 638 459 μὴ
657 423 704 450 τὸν
723 423 828 450 διδόντα
845 432 895 450 σοι.

74 479 156 505 Βλέπε
166 477 215 506 οὖν
225 479 278 515 τὴν
284 480 408 516 διψυχίαν
417 488 424 495 ·
437 480 544 516 πονηρὰ
551 480 605 516 γάρ
619 481 677 507 ἐστι
687 480 735 508 καὶ
745 480 828 507 ἀσύν-

44 534 95 558 ετος
105 546 112 558 ,
127 527 173 553 καὶ
192 527 310 560 πολλοὺς
324 527 429 564 ὲκριξοῖ
443 529 498 556 ἀπὸ
510 529 561 564 τῆς
574 529 711 564 πίστεωςῖ,
733 528 779 556 καί
796 536 828 563 γε

42 570 95 597 λίαν
110 571 223 604 πιστοὺς
240 573 289 600 καὶ
303 573 439 610 ἰσχυρούς.

42 675 248 711 Καταφρόνησον
267 673 314 703 οὖν
328 676 412 712 αὐτῆς
427 677 456 703 ὲν
476 677 557 704 παντὶ
577 676 730 712 πράγματι,
751 675 827 702 ἐνδυ-

44 720 148 755 σάμενος
167 721 219 757 τὴν
242 721 335 748 πίστιν
352 721 402 757 τὴν
423 721 537 758 ἰσχυρὰν
563 722 610 749 καὶ
634 722 761 757 δυνατήν.
794 720 826 747 Ἡ

42 767 88 803 γὰρ
103 767 194 799 πίστις
205 768 299 795 πάντα
311 768 518 803 ἐπαγγέλλεται,
536 769 624 796 πάντα
638 768 738 796 τελειοῐ
747 776 754 783 ·
768 768 784 803 ὴ
797 767 826 794 δὲ

42 812 151 847 διψυχία,
169 813 208 849 μὴ
231 813 468 841 καταπιστεὺουσα
493 814 608 850 ἑαυτὴν,
628 814 737 842 πάντων
758 814 828 840 ἀπο-

41 857 157 894 τυγχάνει
168 858 261 895 ἔργων
283 858 378 895 αὺτῆς,
391 856 429 886 ὧν
441 859 570 895 πράσσει.

41 1022 72 1050 Σὺ
86 1020 129 1050 οὖν
149 1023 262 1051 δούλευε
271 1024 303 1060 τῇ
315 1023 381 1060 εὐχῇ
393 1032 452 1057 σου,
463 1024 497 1061 τῇ
505 1024 618 1060 δυνάμει
629 1024 680 1060 τῆς
694 1024 824 1058 πίστεως,

40 1069 82 1096 καὶ
97 1069 165 1107 ζήσῃ
187 1070 229 1108 τῷ
257 1070 333 1107 Θεῷ·
355 1071 404 1099 καὶ
425 1072 528 1105 πάντες
553 1073 579 1100 oi
601 1074 825 1109 καταφρονήσαν-

40 1123 80 1148 τες
89 1116 153 1152 (55).

917 479 986 508 Vide
1000 488 1066 516 ergo
1082 481 1280 511 dubitationem
1297 485 1385 519 hanc,
1408 495 1491 522 quam
1503 490 1670 524 perniciosa

881 527 916 554 sit
927 530 955 554 et
973 534 1055 561 saeva,
1068 533 1095 555 et
1110 529 1212 557 multoa
1224 530 1357 559 radicitus
1369 534 1468 561 evellet
1479 542 1494 562 a
1509 535 1572 569 title,
1587 538 1669 565 etiam

879 574 958 602 valde
970 575 1064 603 ﬁdeles
1085 581 1113 604 et
1129 576 1234 605 ﬁrmos.
1258 577 1365 607 Etenim
1384 581 1442 617 (51)
1459 581 1517 610 haec
1535 583 1671 613 dubitatio

879 619 935 648 lilia
958 625 1001 649 est
1022 621 1135 655 diaboli.
1157 628 1184 651 et
1209 624 1289 652 valde
1311 627 1438 662 nequiter
1448 628 1503 663 agit
1527 638 1590 658 cum
1612 639 1671 660 ser-

879 666 921 694 vis
935 666 992 703 (52)
1013 667 1072 696 Dei.
1091 668 1243 698 Contemne
1262 679 1328 707 ergo
1350 672 1608 704 dubitationemzet
1620 677 1671 706 do-

879 711 1028 740 minaberis
1045 713 1120 741 illius
1140 713 1168 741 in
1180 715 1255 742 omni
1269 723 1309 743 re.
1322 715 1408 744 Indue
1422 717 1530 746 ﬁrmam
1548 719 1629 748 ﬁdem
1644 726 1672 750 et

878 762 1027 792 potentem.
1047 759 1128 787 Fides
1142 761 1216 788 enim
1228 762 1322 790 omnia
1337 766 1513 799 repromittit,
1528 771 1555 795 et
1575 769 1670 797 omnia

877 809 1069 839 consummat;
1086 806 1220 835 dubitatio
1238 813 1329 837 autem
1343 818 1398 838 non
1414 812 1501 841 credit
1519 821 1549 842 se
1564 815 1670 850 aliquid

877 849 1084 884 impetraturam
1099 853 1228 882 omnibus
1248 855 1379 889 operibus
1388 858 1446 886 suis
1455 866 1517 894 quae
1528 860 1585 896 agit
1598 849 1667 899 (35).

842 899 864 926 Β
878 895 960 924 Vides
978 904 1054 933 ergo.
1067 898 1167 934 inquit,
1182 901 1255 935 quod
1270 901 1338 930 lldes
1349 903 1496 933 desursum
1510 895 1557 934 est,
1570 915 1586 935 ιι
1600 895 1667 944 Deo,

876 945 904 968 et
924 941 1005 970 habet
1018 942 1146 971 virtutem
1156 952 1302 980 magnam;
1321 947 1457 978 dubitatio
1472 956 1564 980 autem
1579 941 1668 983 terre;

877 993 929 1013 nus
941 986 1054 1022 spiritus
1067 993 1120 1021 est,
1139 995 1166 1017 et
1178 997 1193 1017 a
1209 990 1328 1026 diabolo,
1341 993 1471 1023 virtutem
1481 1003 1536 1024 non
1551 998 1666 1028 habens.

877 1030 918 1058 Tu
932 1032 1017 1067 igitur
1041 1041 1120 1063 serva
1141 1035 1270 1064 virtutem
1285 1037 1348 1066 ﬁdei
1363 1039 1440 1075 (54):
1455 1049 1471 1069 a
1496 1042 1668 1074 dubitatione

878 1081 969 1105 autem
989 1080 1097 1114 recede,
1113 1088 1175 1115 qua:
1198 1089 1254 1110 non
1276 1082 1358 1112 habet
1373 1086 1517 1122 virtutem;
1541 1094 1569 1117 et
1591 1091 1667 1119 vives

875 1121 942 1150 Deo.
961 1122 995 1151 Et
1004 1132 1101 1155 omnes
1115 1126 1208 1156 vivent
1221 1128 1289 1164 Deo,
1303 1130 1463 1168 quicunque
1482 1121 1541 1163 haec
1550 1136 1666 1170 egerint.

666 1187 834 1222 Aunocuus,
851 1188 960 1218 humilia
972 1191 1017 1220 83.

73 1256 195 1293 ’Δρωμεν
206 1253 257 1284 οὖν
274 1256 320 1292 ἀφ’
336 1256 415 1293 ἡμῶν
430 1257 481 1293 τὴν
495 1256 622 1293 διψυχίαν
637 1257 685 1284 καὶ
697 1256 825 1292 ὀλιγοψυ-

41 1301 104 1338 χίαν,
120 1303 168 1330 καὶ
185 1303 249 1339 μηδ’
261 1303 329 1335 ὅλως
338 1303 528 1339 διψυχήσωμεν
539 1303 701 1340 αἰτήσασθαί
710 1312 737 1330 τι
747 1303 825 1340 παρὰ

42 1348 83 1375 τοῦ
98 1349 174 1382 Θεοῦ,
196 1349 326 1383 λέγοντες
345 1349 375 1375 ἐν
391 1349 511 1380 ἑαυτοῖς·
537 1348 598 1375 Ὀτι
623 1348 684 1381 πῶς
707 1348 824 1385 δύναμαι

43 1394 195 1430 αἰτήσασθαι
212 1395 290 1431 παρὰ
296 1395 411 1431 Κυρίου,
420 1395 467 1421 καὶ
474 1394 576 1428 λαϐεῖν,
586 1395 753 1431 ἡμαρτηκὼς
759 1403 823 1422 τοσο

42 1439 102 1466 uita
113 1441 152 1472 εἰς
159 1440 254 1473 αὑτόν;
267 1440 326 1467 ἀλλ’
336 1440 365 1474 ἐξ
377 1440 441 1476 ὅλης
450 1440 499 1477 τῆς
510 1441 623 1476 καρδίας
639 1449 686 1467 σου
701 1441 825 1476 ἐπίστρε-

41 1484 85 1519 ψον
95 1486 138 1512 ἐπὶ
152 1486 198 1513 τὸν
214 1486 318 1523 Κύριον
330 1486 377 1514 καὶ
383 1486 459 1513 αἰτοῦ
471 1488 537 1522 παρ’
546 1486 629 1513 αὐτοῦ
643 1487 822 1519 ἀδιστάκτως,

43 1531 83 1558 καὶ
93 1531 205 1566 γνώσεις
216 1532 268 1568 τὴν
285 1532 387 1569 πολλὴν
397 1532 481 1559 αὑτοῦ
498 1533 715 1569 εὐσπλαγχνίαν,
737 1533 779 1560 ὅτι
792 1533 823 1560 οὔ

44 1578 75 1614 μή
88 1587 115 1604 σε
129 1578 317 1615 ἐγκαταλίπῃ,
338 1578 406 1606 ἀλλὰ
427 1579 458 1605 τδ
476 1580 581 1615 αἴτημα
595 1579 646 1614 τῆς
663 1579 753 1615 ψυχῆς
776 1588 823 1607 σου

913 1260 1050 1290 Tollamus
1065 1272 1127 1300 ergo
1140 1274 1156 1293 a
1171 1267 1248 1294 nobis
1265 1267 1459 1297 dubitationem
1477 1275 1502 1298 et
1521 1271 1666 1306 pusillani—

876 1306 1008 1340 mitatem,
1023 1313 1049 1336 et
1063 1310 1129 1338 nihil
1140 1312 1247 1340 omnino
1259 1313 1408 1342 dubitemus
1425 1320 1513 1350 petere
1529 1317 1632 1353 aliquid
1647 1328 1665 1346 α

875 1352 942 1387 Deo,
972 1355 1089 1384 dicentes
1103 1358 1175 1386 intra
1190 1367 1237 1386 nos
1244 1368 1254 1387 .-
1269 1358 1406 1393 Quomodo
1432 1370 1539 1397 possum
1560 1352 1665 1400 aliquid

874 1405 961 1434 petere
971 1409 988 1428 a
1004 1401 1118 1430 Domino
1129 1409 1154 1432 et
1170 1406 1297 1439 obtinere,
1313 1414 1373 1434 cum
1394 1407 1446 1435 sim
1464 1415 1588 1444 peccator
1603 1416 1666 1438 tan-

875 1451 964 1473 torum
988 1447 1122 1476 malorum
1144 1451 1171 1478 in
1190 1453 1273 1480 eum?
1300 1452 1352 1481 Sed
1370 1462 1411 1481 ex.
1426 1455 1488 1482 totis
1509 1457 1664 1490 praecordiis

875 1497 1023 1520 convertere
1037 1495 1073 1522 ad
1093 1496 1246 1532 Dominum,
1262 1503 1287 1525 et
1301 1503 1358 1533 pete
1371 1500 1404 1526 ab
1428 1508 1459 1527 eo
1482 1502 1540 1529 sine
1554 1502 1665 1531 dubita.

875 1539 966 1572 tione;
990 1544 1015 1567 et
1025 1542 1093 1569 scies
1119 1551 1243 1579 magnam
1266 1544 1322 1579 ejus
1352 1546 1573 1580 misericordiane,
1594 1548 1666 1585 quod

874 1593 926 1612 non
941 1590 966 1613 te
981 1589 1153 1623 defetinquet,
1164 1590 1209 1616 sed
1224 1590 1377 1624 petitionem
1398 1592 1495 1620 anima
1510 1597 1563 1621 tute
1575 1595 1665 1621 adim-

42 1624 248 1660 πληροφορήσει.
262 1625 320 1651 οὐκ
331 1625 388 1651 ἐστι
400 1625 455 1661 γὰρ
464 1624 563 1658 ὁΘεδς,
579 1625 617 1657 ὡς
631 1626 656 1652 οἱ
672 1625 820 1675 ἄνθρωποι,

877 1631 963 1666 plebit.
974 1631 1036 1659 litor
1049 1640 1088 1661 est
1100 1635 1256 1670 enimDeus,
1267 1637 1336 1664 sicut
1350 1637 1476 1672 homines,
1486 1647 1612 1668 memores
1620 1642 1664 1668 ist-

43 1670 269 1705 μνησικακοῦντες
279 1690 287 1703 ,
305 1670 364 1698 ἀλλ’
381 1671 463 1703 αὐτὸς
480 1671 756 1720 ἀμνησίκακόςᾶὲστι,
769 1672 821 1720 Δκαὶ.

877 1679 1008 1712 iuriarum
1016 1688 1025 1712 ;
1039 1681 1086 1708 sed
1101 1686 1140 1709 est
1153 1682 1290 1710 immemor
1300 1684 1473 1720 injuriarum,
1487 1691 1513 1713 et
1526 1687 1664 1715 miseretur

43 1716 246 1752 σπλαγχνίζεται
260 1717 306 1743 ἐπὶ
316 1717 365 1752 τὴν
375 1717 484 1752 ποίησιν
498 1716 591 1744 αὐτοῦ.
601 1717 638 1744 Σὺ
650 1714 696 1744 οὖν
707 1717 822 1754 καθάρι-

43 1770 81 1788 σον
94 1763 141 1798 τὴν
150 1763 264 1798 καρδίαν
278 1770 325 1790 σου
338 1763 391 1790 ἀπὸ
399 1763 445 1790 τοῦ
455 1763 600 1795 διστάζειν,
613 1764 659 1790 καὶ
675 1764 751 1790 αἱτοῦ
759 1764 823 1800 παρ’

43 1808 117 1844 αὐτῷ,
130 1809 176 1835 καὶ
191 1808 267 1845 λήψῃ
280 1809 310 1836 τὸ
324 1809 427 1845 αἴτημά
447 1817 504 1836 σου.
531 1809 615 1836 Ἑπὰν
629 1809 657 1836 δὲ
677 1810 822 1843 διατάξεις,

41 1854 68 1880 οὐ
82 1854 159 1892 λήψῃ.
187 1855 220 1882 Oi
238 1855 293 1892 γὰρ
314 1856 485 1888 διστάζοντες
511 1856 552 1887 εἰς
577 1855 623 1883 τὸν
645 1856 722 1888 Θεὸν,
749 1855 823 1884 οὗτοι

42 1899 102 1926 εἰσιν
112 1902 136 1926 οἱ
152 1900 270 1936 δίψυχοι,
287 1901 333 1928 καὶ
356 1901 434 1928 οὐδὲν
455 1900 523 1932 ὅλως
541 1901 752 1936 ἐπιτυγχάνουσι
766 1902 821 1929 τῶν

41 1945 188 1982 αἰτημάτων
203 1946 306 1973 αὐτῶν.
317 1946 386 1973 Οίδὲ
400 1946 532 1979 ὁλοτελεῖς
548 1947 624 1978 ὅντες
631 1947 660 1973 ἐν
668 1949 702 1983 τῇ
718 1948 819 1978 πίστει,

42 1991 120 2018 πάντα
142 1993 300 2025 αἰτοῦνται,
324 1993 485 2024 πεποιθότες
504 1993 551 2020 ἐπὶ
571 1993 619 2020 τὸν
639 1993 758 2030 Κύριον,
773 1994 821 2020 καὶ

41 2034 224 2071 λαμϐάνουσιν,
245 2039 286 2065 ὅτι
298 2039 466 2070 ἀδιστάκτως
481 2038 628 2065 αἰτοῦνται.
647 2039 709 2066 Ἐὰν
726 2039 754 2065 δὲ
773 2040 820 2066 καὶ

43 2080 193 2119 βραδύτερον
207 2084 366 2119 λαμὸάνεις,
386 2084 422 2121 μὴ
433 2083 594 2121 διψυχήσῃς,
609 2085 649 2111 ὄτι
659 2085 709 2111 οὐκ
725 2085 820 2117 ἔλαϐες

41 2129 101 2163 ταχὺ
116 2130 145 2156 τὸ
160 2131 266 2166 αἱτημα
280 2131 330 2166 τῆς
338 2130 428 2166 ψυχῆς
443 2139 501 2157 σου.
519 2131 631 2163 Πάντως
640 2131 694 2167 γὰρ
711 2131 759 2168 διὰ,
765 2140 820 2158 πει-

42 2175 133 2209 ρασμὸν
148 2184 221 2207 τινα,
236 2176 252 2211 ἢ
269 2176 446 2212 παράπτωμά
457 2185 494 2208 τι,
507 2176 521 2202 ὃ
533 2177 566 2203 σὺ
578 2177 686 2211 ἀγνοεῖς
695 2197 703 2209 ,
720 2177 819 2213 βραδύ-

41 2226 109 2254 τερον
124 2220 280 2256 λαμϐάνεις.
297 2222 333 2248 Σὺ
351 2219 398 2249 οὖν
420 2222 457 2258 μὴ
472 2221 599 2258 διαλίπῃς
613 2222 772 2258 αἰτούμενος
789 2223 820 2250 τὸ

41 2265 132 2301 αἴτημα
145 2266 196 2302 τῆς
211 2267 301 2302 ψυχῆς
312 2276 370 2301 σου,
388 2268 435 2294 καὶ
449 2267 521 2305 λήψῃ
542 2268 618 2295 αὑτό.
646 2268 708 2296 Ἐὰν
723 2270 752 2296 δὲ
772 2270 819 2296 ἐκ-

42 2311 159 2346 κακήσεις
171 2312 341 2348 αἰτούμενος,
359 2314 470 2340 σεαυτὸν
493 2314 582 2347 αἰτιῶ,
595 2315 643 2342 καὶ
665 2315 701 2350 μὴ
717 2315 763 2342 τὸν
778 2316 817 2343 δι-

40 2356 109 2384 δόντα
119 2359 167 2386 σοί.
189 2360 223 2386 Ἡ
237 2359 292 2396 γὰρ
307 2359 417 2394 διψυχία
430 2358 554 2394 θυγάτηρ
582 2359 642 2386 ἐστὶ
661 2359 708 2386 τοῦ
728 2360 818 2386 διαϐό-

41 2402 90 2434 λου,
103 2406 147 2432 καὶ
157 2405 218 2432 λίαν
232 2405 412 2442 πονηρεύεται
426 2405 467 2436 είς
480 2405 544 2436 τοὺς
559 2404 668 2437 δούλους
676 2405 723 2432 τοῦ
737 2406 816 2433 Θεοῦ.

42 2447 72 2474 Σὺ
84 2448 127 2477 οὖν
137 2450 244 2478 ἔνδυσαι
255 2451 305 2487 τὴν
317 2451 409 2477 πίστιν
423 2450 474 2486 τὴν
486 2450 612 2486 ἰσχυράν.

873 1725 992 1760 ﬁqmentt
1018 1727 1072 1754 sui.
1088 1727 1160 1763 Ergo
1170 1729 1284 1764 puriﬁed
1295 1738 1341 1756 cor
1355 1734 1430 1758 tuum
1454 1739 1471 1759 a
1483 1732 1661 1767 dubitatione,

873 1776 898 1798 et
908 1777 965 1805 pete
977 1771 1010 1799 ab
1021 1779 1060 1805 eo,
1073 1776 1098 1799 et
1106 1773 1219 1808 accipies
1230 1775 1383 1809 petitionem
1393 1781 1478 1804 tuam.
1491 1775 1558 1804 Cum
1572 1783 1662 1805 autem

874 1818 1048 1850 dubitaveris,
1063 1827 1115 1846 non
1133 1820 1257 1855 accipies.
1274 1821 1326 1853 Qui
1336 1822 1405 1848 enim
1417 1822 1542 1850 dubitant
1554 1824 1588 1851 de
1598 1824 1662 1858 Deo,

873 1865 901 1892 lii
916 1870 977 1893 sunt
996 1866 1080 1899 dubii,
1094 1870 1119 1893 et
1135 1867 1240 1894 omnino
1255 1867 1322 1894 nihil
1333 1868 1475 1903 impetrant
1488 1877 1579 1897 eorum
1604 1879 1663 1906 qua:

873 1917 974 1949 petunt.
988 1912 1060 1939 Nam
1072 1913 1117 1948 qui
1133 1913 1204 1948 pleni
1215 1918 1277 1940 sunt
1290 1914 1351 1948 ﬁde,
1368 1915 1457 1942 omnia
1471 1920 1561 1950 petunt
1578 1917 1663 1951 fiden-

875 1965 911 1987 tes
925 1959 1050 1991 Domino,
1073 1965 1099 1987 et
1112 1960 1257 1994 accipiunt,
1274 1961 1338 1996 quia
1358 1961 1414 1988 sine
1427 1962 1592 1990 dubitatione
1618 1973 1663 1999 pe—

874 2011 942 2034 tunt.
959 2005 1010 2034 Sed
1026 2007 1049 2033 si
1065 2006 1168 2033 tardius
1181 2007 1308 2041 accipias,
1320 2007 1376 2034 noli
1386 2008 1520 2042 dubitare,
1532 2010 1596 2044 quia
1609 2019 1662 2038 non

873 2054 926 2080 cito
942 2053 1072 2087 acceperis
1092 2053 1246 2088 petitionem
1268 2054 1363 2082 animm
1380 2059 1443 2082 tute.
1460 2055 1574 2084 Omnino
1591 2059 1662 2085 enim

872 2105 979 2135 propter
992 2100 1172 2133 tentationem,
1184 2105 1229 2126 aut
1240 2108 1288 2134 pro
1299 2102 1493 2136 peccato,quod
1505 2107 1533 2129 tu
1544 2103 1663 2138 ignoras,

836 2151 859 2179 υ
873 2146 978 2172 tardius
993 2146 1103 2180 accipis.
1119 2145 1170 2172 Sed
1187 2150 1216 2172 tu
1234 2146 1289 2173 noli
1303 2147 1422 2174 desinere
1431 2149 1542 2183 petendo
1553 2150 1662 2184 petitio-

874 2199 933 2218 nem
959 2191 1057 2218 anima:
1085 2196 1138 2218 tua:
1152 2212 1160 2224 ,
1186 2195 1211 2218 et
1227 2192 1351 2228 accipies.
1369 2191 1399 2220 Si
1414 2199 1501 2221 autem
1521 2197 1662 2223 cessaveris

873 2237 983 2272 petendo
996 2257 1004 2269 ,
1024 2237 1057 2264 de
1073 2242 1097 2263 te
1109 2238 1240 2272 queraris,
1264 2246 1316 2264 non
1326 2238 1359 2265 de
1372 2247 1401 2265 eo
1416 2240 1461 2274 qui
1486 2248 1538 2267 non
1561 2241 1661 2269 dederit

875 2284 935 2310 tibi.
960 2283 1067 2311 Etenim
1082 2283 1216 2311 dubitatio
1232 2284 1291 2318 ﬁlia
1310 2290 1348 2311 est
1361 2285 1473 2320 diaboli,
1485 2293 1510 2314 et
1524 2288 1600 2315 valde
1617 2296 1663 2316 ne~

873 2331 961 2365 quiter
973 2331 1028 2366 agit
1056 2338 1116 2356 cum
1137 2330 1218 2357 seruis
1243 2330 1302 2358 Dei.
1321 2330 1360 2358 Tu
1375 2340 1436 2367 ergo
1456 2333 1537 2361 indue
1556 2334 1661 2369 ﬁrmam

873 2376 954 2410 ﬁdem
969 2380 993 2403 et
1006 2380 1148 2410 potentem.

578 2531 695 2559 VARle
715 2531 907 2562 LECTIONES
926 2532 971 2561 ET
991 2533 1109 2561 NOTIE.

73 2585 125 2653 (5οζ
142 2587 237 2615 Lamb.
253 2589 382 2618 deserere.

74 2621 111 2653 (51
144 2622 249 2651 Laudat
263 2625 336 2652 hunc
350 2626 382 2652 10¢

74 2621 125 2657 (Si)
144 2622 249 2651 Laudat
263 2625 336 2652 hunc
350 2626 440 2654 locum
465 2627 633 2655 Athanasius
648 2628 695 2656 lib.
712 2629 750 2657 De
768 2630 817 2657 de-

44 2656 189 2698 cretii‘Njc.
200 2667 257 2698 syn.
270 2668 346 2698 num.
360 2661 389 2695 4,
404 2666 471 2690 tom.
487 2662 507 2696 1,
529 2670 590 2698 pag.
605 2663 669 2696 ‘2“,
686 2664 815 2692 cdit.BB.

75 2691 125 2726 (52)
144 2691 239 2721 Lamb.
254 2695 288 2721 ad
299 2691 397 2724 servos.

76 2726 127 2761 (ὃὸ)
146 2728 239 2769 Lamb.
253 2730 304 2757 sibi
314 2732 431 2759 omnium
443 2733 584 2768 impetrare
593 2742 818 2768 operumsuorum

44 2767 192 2839 ῗυίείίὧθὶίίε.
209 2799 279 2828 Vict.
304 2803 372 2839 servi
389 2803 512 2830 virtutem
535 2803 640 2831 habenti
661 2805 735 2839 fidei.
762 2804 815 2832 Sed

45 2837 90 2858 ms.
102 2832 190 2862 Carm.
219 2844 293 2863 serva
306 2838 386 2872 [idem
405 2839 541 2867 habentem
563 2832 698 2868 virtutem.
717 2839 814 2868 Lamb.

149 2897 287 2930 PATROL.
312 2898 371 2928 Gn.
389 2897 427 2929 ll.

868 2600 1061 2631 autem,_serva
1069 2595 1195 2631 uirtutem
1207 2595 1304 2624 habin
1318 2597 1392 2631 ﬁdei.

904 2630 962 2664 (55)
977 2629 1059 2677 Vettés.
1069 2629 1324 2677 interpres-videtpr
1336 2633 1436 2667 legisse
1447 2633 1578 2677 oi’raiira
1591 2644 1658 2677 φρο-
1679 2640 1682 2644 ·

868 2665 1008 2706 νήσαντεῗ
1030 2665 1060 2706 Si
1076 2672 1145 2706 ,νει-ξι
1171 2670 1216 2706 est
1236 2666 1315 2694 lectio
1327 2665 1659 2706 ,καξιαῳρονήσαντεςξῖιι-

870 2699 960 2734 tellige
974 2700 1024 2737 τῆς
1042 2699 1167 2737 διψυχίας
1178 2720 1185 2732 ,
1201 2701 1234 2737 de
1242 2709 1297 2737 qua
1315 2699 1397 2737 paulo
1411 2699 1492 2732 a'nte':
1514 2699 1644 2737 Καταέρρό

871 2743 952 2774 imam;
963 2734 1106 2774 οὖν-αὐτῆς
1121 2734 1333 2774 [τῆςᾼδιψυχίας
1343 2738 1365 2774 ].
1386 2738 1422 2766 Ita
1435 2739 1576 2768 Fabricius
1584 2734 1657 2768 Bibl.

875 2769 993 2810 _(_.‘_r._v0l.
1006 2769 1040 2810 Υ,
1054 2769 1176 2805 ῃοεζίὸζ
1191 2769 1319 2810 Quanﬁn
1338 2769 1500 2802 sententiam
1515 2776 1660 2810 praeiverat

870 2805 912 2832 Cl.
927 2805 1157 2843 Montl'aueonu_s:
1181 2808 1220 2834 sic
1246 2807 1319 2834 enim
1336 2810 1435 2837 vertit:
1453 2810 1488 2837 Et
1511 2805 1563 2838 Deo
1577 2813 1658 2843 uiues.

870 2845 947 2875 atque
963 2849 1050 2868 omnes
1066 2842 1111 2876 qui
1126 2841 1359 2880 [dubilationem]
1372 2847 1586 2881 contempserint.

1499 2904 1541 2936 30
