1920 3104
272 151 324 179 939

999 153 1026 180 s.
1048 146 1180 182 timui

941 211 1173 242 MANDATUM
1193 211 1233 243 X.

491 273 536 304 De
549 274 648 305 animi
668 273 802 305 tristitia
813 295 821 310 ,
839 278 867 304 et
882 282 945 304 non
960 273 1179 305 contristando
1191 273 1318 313 Spiritu
1331 274 1386 305 Dei
1402 274 1456 315 qui
1471 274 1506 305 in
1515 273 1607 305 nobis
1621 277 1679 304 est.

939 349 1055 377 CAPUT
1074 349 1222 378 PRIMUM.

306 402 399 440 Longe
415 404 457 433 fac
481 413 496 433 a
521 410 547 433 te
565 413 675 433 omnem
700 406 860 434 tristitiam:
877 405 978 433 etenim
999 406 1046 434 hat

1146 407 1202 443 (56)
1221 405 1307 444 'Apov
1325 407 1379 434 ἀπὸ
1405 407 1453 434 σοῦ
1481 407 1531 443 τὴν
1549 407 1655 444 λύπην·
1675 407 1726 434 καὶ
1748 407 1804 443 γὰρ
1829 406 1891 443 αὕτη

269 459 348 480 soror
370 457 412 480 est
438 452 638 485 dubitationis.
664 456 691 480 et
718 452 876 480 iracundize.
902 451 1055 486 Quomodo,

269 500 395 533 inquam,
408 498 529 531 domine,
547 506 628 526 soror
641 503 683 527 est
696 498 815 526 harum?
834 498 915 525 Aliud
931 498 999 526 mihi
1013 498 1056 525 vi-

269 546 349 573 detur
363 545 484 578 tristitia,
503 545 577 572 aliud
597 545 743 573 dubitatio.
772 544 805 572 Et
816 544 872 572 ait:
890 543 955 572 Sine
972 552 1055 572 sensu

269 600 324 619 non
350 591 490 626 intelligis.
513 590 638 618 Tristitia
665 590 738 618 enim
763 590 886 617 omnium
909 591 1054 625 spirituum

269 638 458 673 nequissimus
481 642 534 669 est,
566 641 593 664 et
608 637 744 672 pessimus
760 629 817 671 (57)
837 637 923 664 servis
944 636 1008 669 Dei;
1028 641 1056 664 et

267 684 392 712 omnium
411 684 526 719 spiritus
551 683 727 714 exterminat,
748 687 775 710 et
797 683 902 710 cruciat
918 682 975 718 (58)
995 683 1056 717 Spi-

268 729 351 756 ritum
366 733 512 762 sanctum;
528 733 555 756 et
577 729 676 755 iterum
699 728 804 755 salvum
821 728 896 755 facit.
924 727 990 763 Ego,
1014 728 1055 755 in-

1109 453 1210 489 ἀδελφή
1231 453 1288 479 ἐστι
1304 453 1354 488 τῆς
1372 452 1496 487 διψυχίας
1514 453 1561 479 καὶ
1580 453 1630 488 τῆς
1648 451 1802 487 ὀξυχολίας.
1825 452 1891 484 Πῶς,

1109 500 1205 535 κύριε,
1230 499 1331 535 ἀδελφή
1357 499 1429 526 ἐστιν
1456 499 1557 534 αὖτῆς;
1575 498 1657 525 Ἀλλο
1677 498 1734 534 γάρ
1755 507 1802 534 μοι
1826 497 1893 524 δοκεί

1107 546 1243 581 ὀξυχολία,
1256 546 1303 573 καὶ
1314 545 1377 573 ἄλλο
1387 545 1506 580 διψυχία,
1520 544 1568 571 καὶ
1579 545 1644 572 ἄλλο
1655 544 1741 580 λύπη.
1753 544 1845 578 Afyw
1854 564 1860 570 .
1870 564 1874 569 .
1884 564 1890 570 .

1107 592 1152 618 διὰ
1167 592 1194 618 τι
1206 592 1237 618 οὺ
1254 592 1325 623 νοεῖς
1337 591 1372 618 τὰ
1385 590 1520 626 λεγόμενὰ
1535 598 1576 616 σοι
1588 598 1596 622 ;
1606 609 1614 617 .
1627 611 1632 616 .
1645 610 1653 617 .
1664 610 1671 617 .
1691 590 1723 616 οὐ
1737 591 1811 621 νοεῖς
1820 590 1860 616 ὅτι
1877 590 1891 624 ἡ

1107 636 1178 672 λύπη
1191 636 1299 663 πάντων
1315 636 1369 663 τῶν
1378 635 1470 663 παθῶν
1481 635 1648 671 πονηροτὲρα
1659 636 1745 667 ἐστὶν.
1759 636 1807 662 καὶ
1815 636 1892 662 δεινο-

1106 683 1174 718 τάτη
1185 677 1240 715 τοῖς
1251 682 1353 714 δούλοις
1364 681 1410 708 τοῦ
1421 679 1499 713 Θεοῦ,
1513 682 1559 708 καὶ
1573 681 1649 718 παρὰ
1664 682 1756 709 πάντα
1765 682 1802 708 τὰ
1818 681 1892 708 πνεύ-

1109 736 1181 764 ματα.
1197 727 1373 764 καταφθείρει
1384 726 1430 754 τὸν
1442 727 1598 762 ἄνθρωπονς

268 784 365 811 quam,
384 775 507 808 domine,
521 774 656 809 insipiens
667 783 739 809 sum,
753 780 780 802 et
791 783 846 803 non
863 776 984 811 intelligo
997 776 1164 811 quaestiones
1180 776 1263 804 istas:
1276 783 1332 811 quo
1354 774 1436 803 modo
1461 774 1550 809 possit
1575 775 1712 808 cruciare,
1735 778 1766 802 et
1795 774 1891 802 iterum

268 824 373 850 salvum
386 822 486 854 facere.
506 830 560 850 non
575 822 707 858 intelligo.
736 823 818 857 Audi,
846 824 947 859 inquit,
963 828 990 851 et
1007 824 1136 860 intellige.
1156 819 1192 851 Hi
1210 824 1256 859 qui
1278 823 1336 859 (59)
1360 829 1501 858 nunquam
1523 821 1714 856 exquisierunt
1739 822 1891 853 veritatem,

268 879 358 907 neque
370 871 556 906 inquisierunt
567 870 601 897 de
623 869 776 904 majestate,
801 869 847 897 sed
861 873 966 897 tantum
979 870 1163 903 crediderunt,
1185 874 1249 897 sunt
1265 868 1321 905 (60)
1338 868 1453 896 involuti
1480 867 1508 895 in
1524 867 1642 902 negotiis
1664 867 1724 902 (61)
1750 867 1891 894 hominum

267 918 451 945 ethnicorum.
471 916 503 943 Et
516 915 587 943 alius
602 915 718 942 mendax
733 915 878 950 prophetes
889 919 942 948 est,
959 916 1005 950 qui
1024 915 1113 951 perdit
1125 923 1223 943 sensus
1241 922 1384 943 servorum
1399 914 1465 947 Dei,
1479 913 1626 941 dubiorum
1639 917 1745 945 autem,
1763 921 1820 940 non
1835 913 1892 940 illo-

267 973 328 992 rum
354 964 401 999 qui
417 963 504 990 ﬁdunt
518 963 546 991 in
562 961 678 989 Domino
690 961 780 996 plene.
791 960 831 988 llli
847 969 912 997 ergo
929 961 1005 989 dubii
1019 961 1098 997 quasi
1113 962 1147 989 ad
1161 961 1284 989 divinum
1297 960 1429 996 Spiritum
1444 959 1568 992 veniunt,
1580 963 1607 986 ct
1619 958 1794 993 interrogant
1808 958 1892 991 illum,

265 1012 332 1047 quid
349 1012 403 1039 illis
417 1011 540 1038 futurum
569 1010 614 1038 sit.
639 1009 673 1036 Et.
688 1010 733 1037 ille
752 1009 870 1037 menda-x
886 1009 1043 1045 prophetes,
1060 1010 1163 1037 nullam
1183 1009 1290 1037 habens
1318 1008 1345 1035 in
1372 1016 1402 1036 se
1417 1008 1546 1035 virtutem
1570 1005 1690 1040 Spiritus
1717 1005 1809 1032 divini
1826 1005 1890 1038 (62),

264 1060 387 1095 loquitur
408 1059 463 1086 illis
478 1058 630 1086 secundum
650 1057 893 1093 interrogationem
906 1048 1028 1091 illorum,
1044 1062 1071 1085 et
1095 1058 1188 1093 implet
1203 1057 1311 1085 animas
1338 1057 1447 1084 illorum
1462 1054 1620 1091 promissis,
1646 1053 1720 1081 sicut
1734 1054 1774 1080 illi
1787 1054 1890 1080 volunt.

264 1106 411 1134 llleautem
424 1105 569 1140 prophetes
584 1102 674 1130 inanis
687 1107 738 1134 est,
751 1106 778 1130 et
793 1102 885 1129 inania
905 1103 1053 1138 respondet
1065 1103 1204 1130 inanibus.
1222 1101 1361 1137 Quidquid
1375 1101 1448 1128 enim
1467 1101 1652 1134 interrogatur
1667 1107 1684 1126 a
1708 1099 1792 1126 vanis
1806 1099 1891 1126 homi—

264 1151 356 1184 nibus,
368 1158 439 1178 vana
455 1149 605 1184 respondet
620 1147 686 1174 illis.
700 1146 829 1180 Quzedam
842 1152 933 1175 autem
951 1148 1034 1176 verba
1049 1155 1114 1176 vera
1127 1148 1258 1184 loquitur.
1281 1147 1413 1175 Diabolus
1429 1147 1502 1175 enim
1517 1147 1611 1183 implet
1633 1145 1692 1182 (65)
1705 1154 1772 1175 eum
1797 1147 1890 1182 spiritu

263 1206 325 1232 suo,
342 1203 373 1226 ut
391 1197 504 1233 dejiciat
522 1196 641 1231 aliquem
656 1203 690 1223 ex
705 1195 787 1231 justis
803 1195 872 1232 (64).

976 1269 1091 1297 CAPUT
1111 1269 1143 1297 ll.

297 1323 461 1358 Quicunque
472 1331 538 1360 ergo
551 1325 635 1352 lortes
649 1331 712 1353 sunt
727 1326 754 1353 in
768 1326 820 1353 tide
835 1326 956 1359 Domini.
968 1331 995 1354 et
1009 1328 1097 1355 induti
1111 1332 1177 1356 sunt
1193 1328 1346 1360 veritatem,
1367 1327 1468 1355 talibus
1487 1327 1630 1362 spiritibus
1656 1333 1713 1353 non
1727 1326 1891 1361 junguntur,

263 1373 310 1400 sed
323 1372 468 1400 discedunt
483 1373 517 1400 ab
531 1373 594 1400 illis.
607 1372 747 1408 Quotquot
769 1378 860 1401 autem
882 1373 957 1401 dubii
982 1377 1056 1406 sunt,
1082 1379 1109 1402 et
1130 1374 1247 1402 subinde
1268 1374 1454 1410 paenitentiam
1474 1379 1568 1409 agunt,
1592 1372 1743 1400 consulunt
1763 1377 1892 1406 tanquam

261 1418 375 1451 ethnici,
388 1423 416 1446 et
430 1426 609 1454 permagnum
624 1419 675 1446 sibi
690 1423 830 1454 peceatum
849 1425 1000 1455 congerunt
1015 1421 1085 1456 (65),
1108 1420 1188 1448 idolis
1211 1422 1371 1449 servientes.
1392 1420 1555 1454 Quicunque
1572 1426 1637 1453 ergo
1662 1417 1731 1445 tales
1751 1421 1831 1448 sunt.
1855 1417 1894 1442 in-

262 1469 402 1500 terrogant
420 1473 470 1500 pro
481 1466 591 1501 negotio
604 1466 736 1500 quolibet,
750 1467 897 1494 simulacra
912 1467 1017 1500 colunt,
1034 1471 1061 1494 et
1077 1467 1150 1494 stulti
1164 1473 1237 1499 sunt,
1252 1473 1279 1495 et
1300 1468 1394 1495 inanes
1407 1475 1422 1494 a
1438 1467 1561 1494 veritate.
1579 1463 1675 1491 Omnis
1686 1463 1762 1490 enim
1781 1463 1893 1498 spiritus

262 1520 276 1539 a
291 1511 346 1539 Deo
365 1511 445 1539 datus
462 1519 516 1538 non
529 1511 728 1547 interrogatur;
749 1513 795 1540 sed
806 1512 914 1541 .habcns
928 1513 1055 1540 virtutem
1069 1512 1125 1548 (66)
1142 1513 1303 1545 divinitatis,
1314 1521 1332 1540 a
1352 1521 1381 1541 se
1398 1514 1489 1540 omnia
1507 1513 1645 1548 loquitur;
1663 1511 1729 1546 quia
1747 1511 1892 1539 desursum

261 1564 303 1586 est
319 1567 334 1586 a
349 1559 450 1586 virtute
461 1558 546 1586 divini
568 1558 696 1593 Spiritus.
713 1558 765 1592 Qui
785 1565 875 1587 autem
894 1559 1090 1596 interrogatus,
1109 1562 1231 1596 loquitur
1250 1563 1399 1590 secundum
1415 1561 1631 1594 desiderium,ct
1648 1559 1710 1586 aliis
1729 1558 1788 1593 (67)
1804 1559 1893 1585 multis

261 1606 344 1633 rebus
358 1605 440 1640 hujus
457 1605 560 1632 saeculi.
573 1603 735 1638 llujusmodi
755 1604 810 1639 (68)
834 1613 888 1632 non
909 1605 1066 1641 intelligunt
1090 1607 1256 1642 quaestiones
1274 1607 1442 1640 divinitatis;
1471 1607 1656 1634 obscurantur
1679 1605 1753 1632 enim
1783 1605 1841 1639 (69)
1862 1605 1894 1631 iis

257 1651 389 1686 negotiis,
400 1655 427 1677 et
439 1655 664 1685 corrumpuntur,
680 1654 707 1677 et
720 1649 940 1686 confringuntur.
958 1650 1036 1679 Sicut
1048 1652 1117 1679 vites
1131 1652 1209 1679 home
1229 1661 1290 1688 qum
1306 1653 1493 1688 negliguntur,
1509 1651 1544 1679 ab
1559 1651 1651 1678 herbis
1674 1655 1702 1677 et
1719 1650 1818 1684 spinis
1835 1657 1894 1684 pre-

260 1703 373 1725 muntur
384 1702 411 1725 et
426 1701 558 1725 necantur
578 1696 655 1731 (70):
672 1696 712 1723 sic
735 1701 762 1723 et
789 1696 914 1724 homines
933 1697 979 1731 qui
1004 1697 1105 1725 talibus
1124 1698 1308 1731 crediderunt,
1325 1699 1343 1725 ii
1357 1698 1474 1733 negotiis
1484 1702 1516 1725 et
1536 1697 1692 1725 actionibus
1711 1696 1809 1723 multis
1828 1695 1895 1722 inci-

259 1745 368 1776 derunt,
386 1748 412 1771 et
430 1747 597 1771 evacuantur
609 1742 666 1777 (7i)
683 1750 698 1769 a
713 1750 795 1770 sensu
812 1750 873 1775 suo,
889 1747 916 1770 et
934 1743 1004 1770 nihil
1026 1744 1138 1772 omnino
1164 1744 1327 1780 intelligunt,
1354 1743 1389 1771 de
1411 1743 1514 1772 divitiis
1539 1743 1691 1778 cogitantes
1706 1741 1777 1777 (72).
1800 1740 1855 1768 Sed
1872 1738 1894 1767 si

259 1789 370 1823 quando
389 1788 526 1816 audierint
541 1788 574 1815 de
587 1787 714 1819 Domino,
726 1795 825 1815 sensus
839 1795 935 1815 eorum
952 1788 979 1815 in
991 1789 1108 1824 negotiis
1122 1790 1245 1826 ipsorum
1258 1796 1308 1818 est.

290 1845 344 1879 Qui
362 1850 452 1873 autem
469 1845 594 1872 timorem
615 1843 723 1871 Domini
745 1843 855 1877 habent,
881 1847 908 1871 et
923 1848 1046 1872 scrutan-

1135 1846 1190 1882 (75)
1218 1847 1250 1873 Oi
1273 1846 1302 1874 δὲ
1329 1846 1409 1881 φόϐον
1434 1846 1542 1882 ἔχοντες
1557 1845 1636 1878 Θεοῦ,
1657 1845 1705 1872 καὶ
1728 1845 1894 1880 ἐρευνῶντες

259 1897 303 1920 tur
313 1892 346 1919 de
361 1891 416 1919 Deo
435 1891 578 1918 veritatem
591 1911 598 1923 ,
617 1890 812 1925 cogitationem
824 1897 932 1917 omnem
946 1890 1046 1917 habent

1115 1893 1163 1928 :sp't
1183 1892 1250 1919 Θεοῦ
1276 1892 1365 1928 ἔργων
1391 1893 1438 1920 καὶ
1460 1892 1599 1928 ἀληθείας,
1626 1892 1674 1918 καὶ
1704 1891 1758 1927 τὴν
1781 1890 1894 1926 καρδίαν

258 1939 292 1966 ad
312 1938 468 1965 Dominum.
483 1936 581 1964 Omnia
595 1943 657 1970 quae
673 1935 803 1963 dicuntur
814 1936 864 1969 eis,
880 1936 1045 1971 percipiunt,

1115 1947 1209 1974 χοντες
1224 1939 1293 1975 πρὸς
1308 1937 1421 1974 Κύριον.
1435 1938 1524 1965 πάντα
1539 1938 1574 1965 τὰ
1589 1937 1728 1972 λεγόμενα
1744 1938 1838 1968 αὐτοῖς
1848 1937 1893 1963 τά-

258 1990 285 2012 et
298 1985 390 2013 statim
406 1983 559 2018 intelligunt
570 1981 638 2017 (74),
656 1981 721 2016 quia
734 1981 834 2009 habent
849 1982 974 2009 timorem
991 1982 1045 2010 Do-

260 2030 325 2057 mini
344 2030 370 2056 in
386 2037 425 2057 se.
445 2027 497 2055 Ubi
515 2027 587 2055 enim
604 2026 722 2061 Spiritus
738 2026 846 2054 Domini
867 2027 923 2062 (75)
937 2027 1044 2055 inhabi-

1097 1993 1155 2019 χιον
1171 1984 1262 2011 νοοῦσι
1275 1985 1321 2011 καὶ
1333 1983 1479 2016 συνιοῦσιν,
1502 1984 1577 2010 ὅτι...
1599 1982 1646 2009 τὴν
1664 1982 1750 2017 φόϐον
1766 1982 1815 2009 τοῦ
1829 1982 1893 2008 Θεσῦ

1096 2029 1202 2064 ἔχουσιν
1224 2031 1253 2056 ὲν
1277 2031 1393 2062 ἑαυτοῖς.
1422 2030 1508 2056 Ὅπου
1526 2029 1581 2064 γὰρ
1602 2030 1617 2054 ὁ
1640 2027 1747 2063 Κύριος
1763 2028 1896 2056 κατοικεῖν

805 2097 923 2124 VARle
943 2097 1135 2128 LECTIONES
1153 2100 1197 2127 ET
1217 2100 1333 2128 NOTAE.

293 2154 349 2189 (56)
364 2153 408 2193 lix
423 2154 511 2193 Dortr.
529 2155 564 2193 act
583 2155 802 2193 ΑηιίορΙιηῐιωη.
828 2157 871 2193 Η,
896 2165 957 2193 pag.
977 2158 1040 2185 257.

257 2189 308 2217 Hic
322 2190 445 2226 ordinem
462 2189 572 2226 invertit
587 2191 884 2225 pseudo-Athanasius.
897 2189 950 2226 Ipsi
965 2193 1038 2220 enim

256 2230 299 2253 est
316 2224 473 2261 mandatum
495 2224 680 2261 undecimum,
706 2227 778 2261 quod
795 2227 820 2254 in
836 2224 919 2255 veteri
935 2227 1041 2255 Hermae

256 2261 383 2288 versione
397 2264 438 2287 est
453 2259 600 2287 decimum.
616 2261 643 2288 ld
658 2259 842 2290 non’advertit
853 2263 888 2290 cl.
905 2262 1044 2290 Montl'au-

256 2303 354 2324 conus.

292 2330 349 2365 (57)
370 2329 467 2357 Lamb.
487 2330 594 2365 nequior
607 2335 631 2358 et
646 2332 771 2366 pessima.
799 2331 892 2360 Graeca
917 2333 972 2361 sic:
987 2334 1043 2360 An-

257 2374 308 2392 non
322 2365 450 2402 intelligis
463 2367 580 2392 omnium
600 2367 742 2400 affectuum
759 2368 901 2402 pessimum
924 2377 979 2395 esse
995 2370 1044 2395 tri-

256 2402 370 2438 stitiam,
387 2400 486 2438 Deique
510 2402 591 2438 servis
612 2400 804 2438 durissimum;
817 2411 876 2437 qua:
889 2403 948 2437 plus
963 2411 1042 2438 quam

257 2436 304 2473 otii
318 2444 405 2473 omnes
418 2435 579 2473 [nequitiae]
595 2437 706 2471 spiritus
725 2435 855 2465 hominem
877 2435 1044 2473 corrumpit?

257 2471 307 2499 Hic
322 2471 391 2507 bene
418 2471 504 2498 multa
529 2473 623 2500 omisit
650 2472 936 2507 pseudo-Athanasius
980 2471 1042 2501 nam

258 2506 484 2543 postdvtigmwpv,
500 2514 532 2534 ea
553 2506 820 2543 statim’sequuntur,
831 2513 860 2536 ut
871 2516 935 2536 mox
950 2509 1021 2536 intra
1035 2518 1041 2535 :

257 2542 288 2569 Οἱ
304 2542 333 2568 δὲ
346 2541 427 2577 φρδον
442 2541 558 2577 ἔχοντες,
574 2551 600 2568 κ.
612 2551 637 2568 τ.
653 2542 678 2569 λ.

293 2577 349 2611 (58)
371 2576 467 2604 Lamb.
485 2577 657 2610 contribulat,
670 2583 696 2605 et
712 2586 776 2606 mox
795 2578 986 2606 eoutribulare.

293 2612 351 2647 (59)
371 2611 466 2647 Lamb.
483 2613 559 2640 deest
570 2614 624 2647 qui.

305 2646 350 2676 60)
371 2646 441 2674 Vict.
456 2647 547 2675 Carm.
566 2646 593 2675 et
605 2647 701 2675 Lamb.
713 2653 738 2675 et
757 2654 829 2676 sunt.

369 2681 443 2719 _Vict.
454 2683 546 2710 Carm.
561 2689 588 2710 et
599 2682 694 2710 Lamb.
713 2685 823 2719 negotiis
838 2690 861 2712 et
874 2685 984 2712 divitiis.

293 2717 350 2751 (62)
364 2716 464 2754 Lamb.
480 2719 616 2744 ceritatem
640 2719 668 2744 in
684 2727 711 2745 se
733 2716 830 2754 spiritu
851 2721 951 2748 divino.
972 2720 1043 2748 Lau-

257 2751 337 2791 datur
362 2753 505 2791 inicimus
521 2761 535 2779 a
554 2754 639 2791 Clem.
658 2751 864 2791 Alex._'.‘:rp<ujr.
881 2756 928 2782 lib.
947 2763 966 2787 ι,
980 2764 1040 2791 cap.

258 2786 302 2817 17,
320 2794 379 2821 pag.
394 2786 456 2814 369.
474 2787 539 2822 Ejus
555 2789 638 2815 verba
657 2789 729 2816 inter
743 2786 867 2818 Veterum
889 2786 1042 2819 testimonia

258 2822 382 2853 superius
405 2823 498 2850 relata.

295 2856 350 2890 (65)
371 2856 465 2885 Lamb.
481 2863 567 2885 autem
583 2859 718 2894 adimplet.

1133 2159 1190 2194 (64)
1211 2160 1288 2187 Bodl.
1304 2166 1331 2188 et
1343 2160 1439 2187 Lamb.
1455 2159 1521 2187 illis.

1143 2196 1188 2226 65)
1207 2195 1302 2222 Lamb.
1315 2196 1464 2230 conferunt.

1142 2230 1187 2262 66)
1208 2230 1302 2257 Lamb.
1317 2231 1463 2258 veritatem.

1130 2266 1187 2299 (67)
1208 2265 1337 2294 Fortasse
1348 2266 1380 2293 de
1394 2266 1467 2292 aliis.
1484 2265 1576 2292 Fellus
1592 2274 1599 2292 :
1613 2269 1640 2292 et
1661 2265 1696 2292 de
1708 2265 1830 2296 aliis...;
1847 2265 1891 2290 Int-

1091 2300 1221 2334 jusmodi.

1131 2336 1187 2368 (68)
1208 2335 1303 2364 Lamb.
1320 2341 1348 2363 et
1375 2333 1452 2363 Bodl.
1476 2336 1552 2363 deest
1577 2335 1749 2369 Izujusmodi.
1776 2334 1895 2362 Pseudo-

1095 2371 1262 2399 Athanasius
1285 2371 1375 2399 verbis
1400 2371 1482 2398 modo
1513 2371 1646 2401 recitatis,
1676 2375 1742 2404 post
1763 2370 1894 2405 λεγόμενά

1096 2414 1146 2442 om,
1165 2407 1221 2434 haec
1240 2406 1315 2434 addit
1331 2408 1404 2434 :Kal.
1421 2407 1474 2442 γὰρ
1491 2407 1589 2432 ἐκεῖνοι
1603 2405 1635 2432 οὺ
1652 2405 1776 2437 νοοῦσιν,
1794 2407 1818 2442 οἱ
1835 2405 1893 2442 βάλ-

1094 2440 1185 2473 λοντες
1201 2443 1315 2474 ἑαυτοὺς
1338 2443 1378 2474 εἰς
1402 2442 1437 2469 τὰ
1459 2440 1582 2478 ὶςαρκικὰ
1605 2442 1654 2468 καὶ
1679 2441 1807 2475 κοσμικὰ
1826 2441 1894 2476 πρά·

1094 2484 1186 2511 γματα

1131 2512 1187 2543 (69)
1208 2512 1303 2540 Lamb.
1316 2521 1348 2540 ea:
1363 2521 1412 2547 pro
1423 2513 1503 2540 enim.

1130 2547 1186 2582 (70)
1206 2549 1298 2575 Carm.
1315 2553 1343 2575 et
1353 2548 1424 2576 Vict.
1438 2553 1577 2576 uocentur.

1130 2582 1186 2613 (71)
1209 2582 1278 2610 Vict.
1292 2588 1444 2611 evocantur.

1144 2617 1187 2654 2?)
1208 2618 1303 2654 Lamb.
1320 2625 1435 2654 agentes.

1142 2653 1186 2689 75)
1207 2653 1269 2681 Haec
1292 2653 1374 2682 habet
1401 2654 1696 2688 pseudooAthauasius
1722 2658 1787 2689 post
1811 2661 1888 2680 κατα-

1094 2687 1200 2724 φϐεέρὲι
1214 2689 1264 2724 γτὺν
1280 2687 1422 2724 ἄνθρωπον
1436 2689 1518 2724 modo
1534 2689 1630 2717 relata.

1130 2721 1186 2758 (Π)
1208 2723 1254 2760 Sic
1264 2721 1339 2752 Vict.‘
1351 2730 1378 2752 et
1391 2724 1485 2751 Carm.
1502 2723 1549 2751 Sic
1561 2733 1677 2760 quoque
1696 2725 1805 2753 Gra‘ca.
1822 2721 1891 2760 Editi

1094 2763 1192 2819 vomer
1221 2759 1309 2786 Oxon.
1337 2759 1534 2794 intelliguntur.
1561 2759 1615 2788 Pro
1630 2759 1636 2760 ⁷
1647 2766 1786 2796 sequente
1810 2759 1871 2794 quid
1881 2777 1887 2784 ι

1119 2797 1163 2819 tet.
1179 2799 1205 2819 et
1220 2794 1315 2819 Lamb.
1329 2796 1384 2819 aui.

1119 2794 1315 2830 icttetrLamb.
1329 2796 1384 2829 qui.
1690 2794 1697 2796 “
1863 2826 1869 2830 .
1881 2827 1884 2830 .

1130 2829 1187 2863 (75)
1208 2829 1325 2857 Bodl.ct
1335 2826 1405 2857 Vict.
1426 2830 1564 2858 Dominus.
1586 2830 1635 2859 Sic
1655 2836 1684 2860 et
1715 2831 1820 2861 Graeca.
1833 2826 1888 2862 ,ηδε

1094 2864 1223 2893 mendose
1238 2865 1265 2893 in
1279 2866 1344 2893 edit.
1365 2865 1492 2900 Russelii,
1508 2866 1634 2902 Χριστός.
