  <div class='ocr_page' id='page_1' title='image "/cluster/home/n/w/nwhite01/storage/ocr_20150623/2/njp.32101077772349/630.png"; bbox 0 0 1920 3104; ppageno 0'>
   <div class='ocr_carea' id='block_1_1' title="bbox 37 176 83 204">
    <p class='ocr_par' dir='ltr' id='par_1_1' title="bbox 37 176 83 204">
     <span class='ocr_line' id='line_1_1' title="bbox 37 176 83 204; baseline 0 0"><span class='ocrx_word' id='word_1_1' title='bbox 37 176 83 204; x_wconf 67' lang='grc' dir='ltr'><strong>ειι</strong></span> 
     </span>
    </p>
   </div>
   <div class='ocr_carea' id='block_1_2' title="bbox 547 175 1152 211">
    <p class='ocr_par' dir='ltr' id='par_1_2' title="bbox 547 175 1152 211">
     <span class='ocr_line' id='line_1_2' title="bbox 547 175 1152 211; baseline 0.003 -7"><span class='ocrx_word' id='word_1_2' title='bbox 547 175 693 205; x_wconf 79' lang='lat' dir='ltr'><strong>PASTOR.</strong></span> <span class='ocrx_word' id='word_1_3' title='bbox 712 193 747 197; x_wconf 98' lang='lat'>—</span> <span class='ocrx_word' id='word_1_4' title='bbox 766 177 832 206; x_wconf 79' lang='lat' dir='ltr'><strong>LIB.</strong></span> <span class='ocrx_word' id='word_1_5' title='bbox 853 177 885 211; x_wconf 86' lang='lat' dir='ltr'><strong>ll,</strong></span> <span class='ocrx_word' id='word_1_6' title='bbox 904 177 1098 208; x_wconf 67' lang='lat' dir='ltr'><strong>MANDATUM</strong></span> <span class='ocrx_word' id='word_1_7' title='bbox 1117 178 1152 206; x_wconf 79' lang='grc' dir='ltr'>Χ.</span> 
     </span>
    </p>
   </div>
   <div class='ocr_carea' id='block_1_3' title="bbox 1613 177 1666 207">
    <p class='ocr_par' dir='ltr' id='par_1_3' title="bbox 1613 177 1666 207">
     <span class='ocr_line' id='line_1_3' title="bbox 1613 177 1666 207; baseline -0.038 0"><span class='ocrx_word' id='word_1_8' title='bbox 1613 177 1666 207; x_wconf 66' lang='grc'><strong>942</strong></span> 
     </span>
    </p>
   </div>
   <div class='ocr_carea' id='block_1_4' title="bbox 37 231 813 273">
    <p class='ocr_par' dir='ltr' id='par_1_4' title="bbox 37 231 813 269">
     <span class='ocr_line' id='line_1_4' title="bbox 37 231 813 269; baseline -0.004 -10"><span class='ocrx_word' id='word_1_9' title='bbox 37 232 91 259; x_wconf 77' lang='grc' dir='ltr'><strong>ὲκεῖ</strong></span> <span class='ocrx_word' id='word_1_10' title='bbox 109 231 154 259; x_wconf 73' lang='grc' dir='ltr'><strong>καὶ</strong></span> <span class='ocrx_word' id='word_1_11' title='bbox 172 231 284 264; x_wconf 84' lang='grc' dir='ltr'><strong>σύνεσις</strong></span> <span class='ocrx_word' id='word_1_12' title='bbox 299 232 393 269; x_wconf 75' lang='grc' dir='ltr'>πολλή.</span> <span class='ocrx_word' id='word_1_13' title='bbox 413 231 565 269; x_wconf 81' lang='grc' dir='ltr'><strong>Κολλήθητι</strong></span> <span class='ocrx_word' id='word_1_14' title='bbox 583 232 631 260; x_wconf 79' lang='grc' dir='ltr'><strong>οὖν</strong></span> <span class='ocrx_word' id='word_1_15' title='bbox 647 232 694 260; x_wconf 80' lang='grc' dir='ltr'>τοῦ</span> <span class='ocrx_word' id='word_1_16' title='bbox 711 233 813 268; x_wconf 81' lang='grc' dir='ltr'><strong>Κυρίου</strong></span> 
     </span>
    </p>
   </div>
   <div class='ocr_carea' id='block_1_5' title="bbox 869 231 1665 273">
    <p class='ocr_par' dir='ltr' id='par_1_5' title="bbox 879 233 1665 273">
     <span class='ocr_line' id='line_1_5' title="bbox 879 233 1665 273; baseline 0.006 -13"><span class='ocrx_word' id='word_1_17' title='bbox 879 237 927 267; x_wconf 89' lang='lat' dir='ltr'><strong>tat,</strong></span> <span class='ocrx_word' id='word_1_18' title='bbox 939 233 977 260; x_wconf 89' lang='lat' dir='ltr'><strong>ibi</strong></span> <span class='ocrx_word' id='word_1_19' title='bbox 990 239 1018 261; x_wconf 91' lang='lat' dir='ltr'><strong>et</strong></span> <span class='ocrx_word' id='word_1_20' title='bbox 1040 241 1140 261; x_wconf 83' lang='lat' dir='ltr'><strong>sensus</strong></span> <span class='ocrx_word' id='word_1_21' title='bbox 1155 233 1258 261; x_wconf 91' lang='lat' dir='ltr'><strong>multus</strong></span> <span class='ocrx_word' id='word_1_22' title='bbox 1272 233 1439 272; x_wconf 75' lang='lat' dir='ltr'><strong>adiungitur.</strong></span> <span class='ocrx_word' id='word_1_23' title='bbox 1460 235 1585 272; x_wconf 78' lang='lat' dir='ltr'><strong>Adjunge</strong></span> <span class='ocrx_word' id='word_1_24' title='bbox 1598 244 1665 273; x_wconf 78' lang='lat' dir='ltr'><strong>ergo</strong></span> 
     </span>
    </p>
   </div>
   <div class='ocr_carea' id='block_1_6' title="bbox 37 278 408 315">
    <p class='ocr_par' dir='ltr' id='par_1_6' title="bbox 37 278 408 315">
     <span class='ocr_line' id='line_1_6' title="bbox 37 278 408 315; baseline 0 -9"><span class='ocrx_word' id='word_1_25' title='bbox 37 281 80 306; x_wconf 80' lang='grc' dir='ltr'><strong>καὶ</strong></span> <span class='ocrx_word' id='word_1_26' title='bbox 95 279 202 306; x_wconf 82' lang='grc' dir='ltr'>πάντων</span> <span class='ocrx_word' id='word_1_27' title='bbox 219 278 278 315; x_wconf 72' lang='grc' dir='ltr'><strong>(γε)</strong></span> <span class='ocrx_word' id='word_1_28' title='bbox 293 280 408 315; x_wconf 78' lang='grc' dir='ltr'>νοήσεις.</span> 
     </span>
    </p>
   </div>
   <div class='ocr_carea' id='block_1_7' title="bbox 879 279 1607 319">
    <p class='ocr_par' dir='ltr' id='par_1_7' title="bbox 879 279 1607 319">
     <span class='ocr_line' id='line_1_7' title="bbox 879 279 1607 319; baseline 0.007 -13"><span class='ocrx_word' id='word_1_29' title='bbox 879 283 905 307; x_wconf 86' lang='lat' dir='ltr'><strong>te</strong></span> <span class='ocrx_word' id='word_1_30' title='bbox 922 279 1057 313; x_wconf 87' lang='lat' dir='ltr'><strong>Domino;</strong></span> <span class='ocrx_word' id='word_1_31' title='bbox 1072 284 1099 307; x_wconf 86' lang='lat' dir='ltr'><strong>et</strong></span> <span class='ocrx_word' id='word_1_32' title='bbox 1109 280 1201 308; x_wconf 80' lang='lat' dir='ltr'><strong>omnia</strong></span> <span class='ocrx_word' id='word_1_33' title='bbox 1216 280 1350 317; x_wconf 76' lang='lat' dir='ltr'><strong>intelliges</strong></span> <span class='ocrx_word' id='word_1_34' title='bbox 1365 290 1397 310; x_wconf 91' lang='lat' dir='ltr'><strong>ac</strong></span> <span class='ocrx_word' id='word_1_35' title='bbox 1408 283 1510 312; x_wconf 88' lang='lat' dir='ltr'><strong>senties</strong></span> <span class='ocrx_word' id='word_1_36' title='bbox 1527 282 1607 319; x_wconf 88' lang='lat'><strong>(76&#39;).</strong></span> 
     </span>
    </p>
   </div>
   <div class='ocr_carea' id='block_1_8' title="bbox 762 347 942 378">
    <p class='ocr_par' dir='ltr' id='par_1_8' title="bbox 762 347 942 378">
     <span class='ocr_line' id='line_1_8' title="bbox 762 347 942 378; baseline 0.006 -2"><span class='ocrx_word' id='word_1_37' title='bbox 762 347 877 376; x_wconf 77' lang='lat' dir='ltr'><strong>CAPUT</strong></span> <span class='ocrx_word' id='word_1_38' title='bbox 897 349 942 378; x_wconf 91' lang='lat' dir='ltr'><strong>Ill.</strong></span> 
     </span>
    </p>
   </div>
   <div class='ocr_carea' id='block_1_9' title="bbox 70 404 824 444">
    <p class='ocr_par' dir='ltr' id='par_1_9' title="bbox 70 404 824 444">
     <span class='ocr_line' id='line_1_9' title="bbox 70 404 824 444; baseline 0.001 -11"><span class='ocrx_word' id='word_1_39' title='bbox 70 407 162 434; x_wconf 75' lang='grc' dir='ltr'>Ἄκουε</span> <span class='ocrx_word' id='word_1_40' title='bbox 179 404 228 434; x_wconf 82' lang='grc' dir='ltr'><strong>οὖν</strong></span> <span class='ocrx_word' id='word_1_41' title='bbox 239 407 300 439; x_wconf 78' lang='grc' dir='ltr'><strong>πῶς</strong></span> <span class='ocrx_word' id='word_1_42' title='bbox 316 408 332 443; x_wconf 80' lang='grc' dir='ltr'><strong>ἡ</strong></span> <span class='ocrx_word' id='word_1_43' title='bbox 347 406 419 444; x_wconf 85' lang='grc' dir='ltr'>λύπη</span> <span class='ocrx_word' id='word_1_44' title='bbox 441 407 561 444; x_wconf 77' lang='grc' dir='ltr'>ὲκτρίὸει</span> <span class='ocrx_word' id='word_1_45' title='bbox 578 409 609 435; x_wconf 83' lang='grc' dir='ltr'>τὸ</span> <span class='ocrx_word' id='word_1_46' title='bbox 631 407 753 444; x_wconf 82' lang='grc' dir='ltr'><strong>Πνεῦμα,</strong></span> <span class='ocrx_word' id='word_1_47' title='bbox 775 407 824 434; x_wconf 77' lang='grc' dir='ltr'><strong>καὶ</strong></span> 
     </span>
    </p>
   </div>
   <div class='ocr_carea' id='block_1_10' title="bbox 37 453 822 490">
    <p class='ocr_par' dir='ltr' id='par_1_10' title="bbox 37 453 822 490">
     <span class='ocr_line' id='line_1_10' title="bbox 37 453 822 490; baseline 0 -10"><span class='ocrx_word' id='word_1_48' title='bbox 37 454 107 480; x_wconf 76' lang='grc' dir='ltr'>πάλιν</span> <span class='ocrx_word' id='word_1_49' title='bbox 125 453 216 487; x_wconf 79' lang='grc' dir='ltr'>σώζει.</span> <span class='ocrx_word' id='word_1_50' title='bbox 237 455 322 481; x_wconf 83' lang='grc' dir='ltr'><strong>Ὅταν</strong></span> <span class='ocrx_word' id='word_1_51' title='bbox 337 455 352 481; x_wconf 84' lang='grc' dir='ltr'><strong>ὁ</strong></span> <span class='ocrx_word' id='word_1_52' title='bbox 366 454 477 490; x_wconf 77' lang='grc' dir='ltr'><strong>δίψυχος</strong></span> <span class='ocrx_word' id='word_1_53' title='bbox 493 454 655 490; x_wconf 73' lang='grc' dir='ltr'>ἐπιϐάληται</span> <span class='ocrx_word' id='word_1_54' title='bbox 670 453 772 490; x_wconf 78' lang='grc' dir='ltr'>πρᾶξαί</span> <span class='ocrx_word' id='word_1_55' title='bbox 784 462 822 486; x_wconf 83' lang='grc' dir='ltr'>τι,</span> 
     </span>
    </p>
   </div>
   <div class='ocr_carea' id='block_1_11' title="bbox 38 500 822 537">
    <p class='ocr_par' dir='ltr' id='par_1_11' title="bbox 38 500 822 537">
     <span class='ocr_line' id='line_1_11' title="bbox 38 500 822 537; baseline 0.001 -11"><span class='ocrx_word' id='word_1_56' title='bbox 38 500 77 526; x_wconf 78' lang='grc' dir='ltr'><strong>καὶ</strong></span> <span class='ocrx_word' id='word_1_57' title='bbox 89 500 211 537; x_wconf 77' lang='grc' dir='ltr'><strong>ἀποτύχῃ</strong></span> <span class='ocrx_word' id='word_1_58' title='bbox 229 500 276 527; x_wconf 79' lang='grc' dir='ltr'>διὰ</span> <span class='ocrx_word' id='word_1_59' title='bbox 294 501 344 536; x_wconf 79' lang='grc' dir='ltr'><strong>τὴν</strong></span> <span class='ocrx_word' id='word_1_60' title='bbox 362 501 487 536; x_wconf 79' lang='grc' dir='ltr'>διψυχιαν</span> <span class='ocrx_word' id='word_1_61' title='bbox 503 501 595 533; x_wconf 84' lang='grc' dir='ltr'>αὑτοῦ,</span> <span class='ocrx_word' id='word_1_62' title='bbox 614 502 631 537; x_wconf 82' lang='grc' dir='ltr'>ὴ</span> <span class='ocrx_word' id='word_1_63' title='bbox 645 500 717 536; x_wconf 79' lang='grc' dir='ltr'>λύπη</span> <span class='ocrx_word' id='word_1_64' title='bbox 738 501 822 527; x_wconf 72' lang='grc' dir='ltr'>ἐκπο-</span> 
     </span>
    </p>
   </div>
   <div class='ocr_carea' id='block_1_12' title="bbox 38 545 822 582">
    <p class='ocr_par' dir='ltr' id='par_1_12' title="bbox 38 545 822 582">
     <span class='ocr_line' id='line_1_12' title="bbox 38 545 822 582; baseline 0.001 -10"><span class='ocrx_word' id='word_1_65' title='bbox 38 545 133 581; x_wconf 84' lang='grc' dir='ltr'>ρεύεται</span> <span class='ocrx_word' id='word_1_66' title='bbox 149 546 190 577; x_wconf 68' lang='grc' dir='ltr'>εἰς</span> <span class='ocrx_word' id='word_1_67' title='bbox 211 546 259 572; x_wconf 81' lang='grc' dir='ltr'>τὸν</span> <span class='ocrx_word' id='word_1_68' title='bbox 281 546 437 582; x_wconf 79' lang='grc' dir='ltr'><strong>ἄνθρωπον,</strong></span> <span class='ocrx_word' id='word_1_69' title='bbox 454 547 503 574; x_wconf 81' lang='grc' dir='ltr'><strong>καὶ</strong></span> <span class='ocrx_word' id='word_1_70' title='bbox 518 547 599 574; x_wconf 85' lang='grc' dir='ltr'>λυπεῖ</span> <span class='ocrx_word' id='word_1_71' title='bbox 612 546 643 573; x_wconf 72' lang='grc' dir='ltr'>τὸ</span> <span class='ocrx_word' id='word_1_72' title='bbox 664 546 777 582; x_wconf 76' lang='grc' dir='ltr'>Πνεῦμα</span> <span class='ocrx_word' id='word_1_73' title='bbox 791 546 822 574; x_wconf 72' lang='grc' dir='ltr'>τὸ</span> 
     </span>
    </p>
   </div>
   <div class='ocr_carea' id='block_1_13' title="bbox 37 591 822 629">
    <p class='ocr_par' dir='ltr' id='par_1_13' title="bbox 37 591 822 629">
     <span class='ocr_line' id='line_1_13' title="bbox 37 591 822 629; baseline 0.003 -12"><span class='ocrx_word' id='word_1_74' title='bbox 37 593 114 625; x_wconf 77' lang='grc' dir='ltr'>ἅγιον,</span> <span class='ocrx_word' id='word_1_75' title='bbox 141 592 188 618; x_wconf 74' lang='grc' dir='ltr'><strong>καὶ</strong></span> <span class='ocrx_word' id='word_1_76' title='bbox 212 594 378 629; x_wconf 81' lang='grc' dir='ltr'>στενοχωρεῖ</span> <span class='ocrx_word' id='word_1_77' title='bbox 402 593 478 620; x_wconf 81' lang='grc' dir='ltr'>αὑτό.</span> <span class='ocrx_word' id='word_1_78' title='bbox 503 591 571 620; x_wconf 83' lang='grc' dir='ltr'><strong>Εἶτα</strong></span> <span class='ocrx_word' id='word_1_79' title='bbox 593 593 674 619; x_wconf 83' lang='grc' dir='ltr'>πάλιν</span> <span class='ocrx_word' id='word_1_80' title='bbox 697 592 822 628; x_wconf 83' lang='grc' dir='ltr'><strong>ὀξυχολῑα</strong></span> 
     </span>
    </p>
   </div>
   <div class='ocr_carea' id='block_1_14' title="bbox 36 637 819 675">
    <p class='ocr_par' dir='ltr' id='par_1_14' title="bbox 36 637 819 675">
     <span class='ocr_line' id='line_1_14' title="bbox 36 637 819 675; baseline 0.005 -13"><span class='ocrx_word' id='word_1_81' title='bbox 36 637 90 663; x_wconf 71' lang='grc' dir='ltr'>ὃταν</span> <span class='ocrx_word' id='word_1_82' title='bbox 111 637 228 674; x_wconf 78' lang='grc' dir='ltr'><strong>κολληθῇ</strong></span> <span class='ocrx_word' id='word_1_83' title='bbox 253 638 293 673; x_wconf 86' lang='grc' dir='ltr'>τῷ</span> <span class='ocrx_word' id='word_1_84' title='bbox 309 638 445 674; x_wconf 81' lang='grc' dir='ltr'><strong>ἀνθρώπῳ</strong></span> <span class='ocrx_word' id='word_1_85' title='bbox 468 639 533 675; x_wconf 76' lang='grc' dir='ltr'>περὶ</span> <span class='ocrx_word' id='word_1_86' title='bbox 555 638 717 675; x_wconf 81' lang='grc' dir='ltr'>πράγματός</span> <span class='ocrx_word' id='word_1_87' title='bbox 738 647 819 671; x_wconf 82' lang='grc' dir='ltr'>τινος,</span> 
     </span>
    </p>
   </div>
   <div class='ocr_carea' id='block_1_15' title="bbox 37 683 820 721">
    <p class='ocr_par' dir='ltr' id='par_1_15' title="bbox 37 683 820 721">
     <span class='ocr_line' id='line_1_15' title="bbox 37 683 820 721; baseline 0.004 -13"><span class='ocrx_word' id='word_1_88' title='bbox 37 683 77 708; x_wconf 78' lang='grc' dir='ltr'>καὶ</span> <span class='ocrx_word' id='word_1_89' title='bbox 101 683 158 710; x_wconf 72' lang='grc' dir='ltr'>λίαν</span> <span class='ocrx_word' id='word_1_90' title='bbox 180 683 321 720; x_wconf 81' lang='grc' dir='ltr'>πικρανθῇ</span> <span class='ocrx_word' id='word_1_91' title='bbox 349 685 400 712; x_wconf 73' lang='grc' dir='ltr'><strong>’καὶ</strong></span> <span class='ocrx_word' id='word_1_92' title='bbox 419 685 519 721; x_wconf 78' lang='grc' dir='ltr'><strong>ποιήσῃ</strong></span> <span class='ocrx_word' id='word_1_93' title='bbox 541 693 568 711; x_wconf 85' lang='grc' dir='ltr'><strong>τι</strong></span> <span class='ocrx_word' id='word_1_94' title='bbox 590 684 685 716; x_wconf 75' lang='grc' dir='ltr'>κακὸν,</span> <span class='ocrx_word' id='word_1_95' title='bbox 703 684 784 711; x_wconf 86' lang='grc' dir='ltr'>πάλιν</span> <span class='ocrx_word' id='word_1_96' title='bbox 803 685 820 720; x_wconf 86' lang='grc' dir='ltr'><strong>ἡ</strong></span> 
     </span>
    </p>
   </div>
   <div class='ocr_carea' id='block_1_16' title="bbox 35 726 820 765">
    <p class='ocr_par' dir='ltr' id='par_1_16' title="bbox 35 726 820 765">
     <span class='ocr_line' id='line_1_16' title="bbox 35 726 820 765; baseline 0.004 -12"><span class='ocrx_word' id='word_1_97' title='bbox 35 727 98 763; x_wconf 82' lang='grc' dir='ltr'><strong>λύπη</strong></span> <span class='ocrx_word' id='word_1_98' title='bbox 118 727 310 764; x_wconf 68' lang='grc' dir='ltr'><strong>εἰσπορεύεται</strong></span> <span class='ocrx_word' id='word_1_99' title='bbox 335 729 375 761; x_wconf 73' lang='grc' dir='ltr'>εἰς</span> <span class='ocrx_word' id='word_1_100' title='bbox 399 729 449 765; x_wconf 85' lang='grc' dir='ltr'>τὴν</span> <span class='ocrx_word' id='word_1_101' title='bbox 476 726 588 765; x_wconf 81' lang='grc' dir='ltr'>καρδῐαν</span> <span class='ocrx_word' id='word_1_102' title='bbox 606 729 654 756; x_wconf 85' lang='grc' dir='ltr'>τοῦ</span> <span class='ocrx_word' id='word_1_103' title='bbox 676 728 820 765; x_wconf 84' lang='grc' dir='ltr'><strong>ἀνθρώπου</strong></span> 
     </span>
    </p>
   </div>
   <div class='ocr_carea' id='block_1_17' title="bbox 36 774 819 812">
    <p class='ocr_par' dir='ltr' id='par_1_17' title="bbox 36 774 819 812">
     <span class='ocr_line' id='line_1_17' title="bbox 36 774 819 812; baseline 0.003 -12"><span class='ocrx_word' id='word_1_104' title='bbox 36 774 75 800; x_wconf 71' lang='grc' dir='ltr'><strong>τοῦ</strong></span> <span class='ocrx_word' id='word_1_105' title='bbox 91 774 313 810; x_wconf 76' lang='grc' dir='ltr'><strong>οξυχολήσαντος,</strong></span> <span class='ocrx_word' id='word_1_106' title='bbox 334 776 382 802; x_wconf 75' lang='grc' dir='ltr'>καὶ</span> <span class='ocrx_word' id='word_1_107' title='bbox 400 775 525 802; x_wconf 84' lang='grc' dir='ltr'>λυπεῖται</span> <span class='ocrx_word' id='word_1_108' title='bbox 542 776 587 802; x_wconf 75' lang='grc' dir='ltr'><strong>ἐπὶ</strong></span> <span class='ocrx_word' id='word_1_109' title='bbox 603 777 636 812; x_wconf 82' lang='grc' dir='ltr'>τῇ</span> <span class='ocrx_word' id='word_1_110' title='bbox 655 775 753 812; x_wconf 76' lang='grc' dir='ltr'>πράξει</span> <span class='ocrx_word' id='word_1_111' title='bbox 769 775 819 802; x_wconf 84' lang='grc' dir='ltr'>αύ-</span> 
     </span>
    </p>
   </div>
   <div class='ocr_carea' id='block_1_18' title="bbox 35 817 817 856">
    <p class='ocr_par' dir='ltr' id='par_1_18' title="bbox 35 817 817 856">
     <span class='ocr_line' id='line_1_18' title="bbox 35 817 817 856; baseline 0.003 -11"><span class='ocrx_word' id='word_1_112' title='bbox 35 817 111 856; x_wconf 80' lang='grc' dir='ltr'>τοῦ,</span> <span class='ocrx_word' id='word_1_113' title='bbox 123 819 312 855; x_wconf 77' lang='grc' dir='ltr'><strong>ἑπραξεν,καὶ</strong></span> <span class='ocrx_word' id='word_1_114' title='bbox 329 822 456 856; x_wconf 83' lang='grc' dir='ltr'><strong>μετανοεῖ</strong></span> <span class='ocrx_word' id='word_1_115' title='bbox 471 821 511 848; x_wconf 80' lang='grc' dir='ltr'>ὅτι</span> <span class='ocrx_word' id='word_1_116' title='bbox 529 820 648 856; x_wconf 82' lang='grc' dir='ltr'>πονηρὸν</span> <span class='ocrx_word' id='word_1_117' title='bbox 659 821 817 856; x_wconf 78' lang='grc' dir='ltr'><strong>εἰργάσατο·</strong></span> 
     </span>
    </p>
   </div>
   <div class='ocr_carea' id='block_1_19' title="bbox 35 865 820 904">
    <p class='ocr_par' dir='ltr' id='par_1_19' title="bbox 35 865 820 904">
     <span class='ocr_line' id='line_1_19' title="bbox 35 865 820 904; baseline 0.003 -11"><span class='ocrx_word' id='word_1_118' title='bbox 35 867 95 902; x_wconf 73' lang='grc' dir='ltr'>αὕτη</span> <span class='ocrx_word' id='word_1_119' title='bbox 110 865 153 893; x_wconf 82' lang='grc' dir='ltr'>οὖν</span> <span class='ocrx_word' id='word_1_120' title='bbox 169 868 186 902; x_wconf 83' lang='grc' dir='ltr'><strong>ἡ</strong></span> <span class='ocrx_word' id='word_1_121' title='bbox 205 867 280 903; x_wconf 79' lang='grc' dir='ltr'>λύπη</span> <span class='ocrx_word' id='word_1_122' title='bbox 296 868 368 894; x_wconf 84' lang='grc' dir='ltr'><strong>δοκεῖ</strong></span> <span class='ocrx_word' id='word_1_123' title='bbox 385 869 520 904; x_wconf 75' lang='grc' dir='ltr'><strong>σωτηρίαν</strong></span> <span class='ocrx_word' id='word_1_124' title='bbox 536 868 617 904; x_wconf 78' lang='grc' dir='ltr'>ἔχειν,</span> <span class='ocrx_word' id='word_1_125' title='bbox 635 868 675 895; x_wconf 75' lang='grc' dir='ltr'><strong>ὅτι</strong></span> <span class='ocrx_word' id='word_1_126' title='bbox 690 868 722 895; x_wconf 79' lang='grc' dir='ltr'>τὸ</span> <span class='ocrx_word' id='word_1_127' title='bbox 737 876 820 904; x_wconf 85' lang='grc' dir='ltr'>πονη-</span> 
     </span>
    </p>
   </div>
   <div class='ocr_carea' id='block_1_20' title="bbox 910 407 1665 445">
    <p class='ocr_par' dir='ltr' id='par_1_20' title="bbox 910 407 1665 445">
     <span class='ocr_line' id='line_1_20' title="bbox 910 407 1665 445; baseline 0.003 -10"><span class='ocrx_word' id='word_1_128' title='bbox 910 407 981 435; x_wconf 85' lang='lat' dir='ltr'><strong>Audi</strong></span> <span class='ocrx_word' id='word_1_129' title='bbox 1007 416 1091 442; x_wconf 88' lang='lat' dir='ltr'><strong>nunc,</strong></span> <span class='ocrx_word' id='word_1_130' title='bbox 1116 409 1265 444; x_wconf 85' lang='lat' dir='ltr'><strong>insipiens,</strong></span> <span class='ocrx_word' id='word_1_131' title='bbox 1290 408 1524 445; x_wconf 78' lang='lat' dir='ltr'><strong>quemadmodum</strong></span> <span class='ocrx_word' id='word_1_132' title='bbox 1553 409 1665 438; x_wconf 70' lang='lat' dir='ltr'><strong>tristitia</strong></span> 
     </span>
    </p>
   </div>
   <div class='ocr_carea' id='block_1_21' title="bbox 874 453 1663 491">
    <p class='ocr_par' dir='ltr' id='par_1_21' title="bbox 874 453 1663 491">
     <span class='ocr_line' id='line_1_21' title="bbox 874 453 1663 491; baseline 0.004 -11"><span class='ocrx_word' id='word_1_133' title='bbox 874 454 981 481; x_wconf 80' lang='lat' dir='ltr'><strong>cruciat</strong></span> <span class='ocrx_word' id='word_1_134' title='bbox 993 453 1126 489; x_wconf 90' lang='lat' dir='ltr'><strong>Spiritum</strong></span> <span class='ocrx_word' id='word_1_135' title='bbox 1142 459 1279 487; x_wconf 85' lang='lat' dir='ltr'><strong>sanctum.</strong></span> <span class='ocrx_word' id='word_1_136' title='bbox 1292 459 1320 482; x_wconf 90' lang='lat' dir='ltr'><strong>et</strong></span> <span class='ocrx_word' id='word_1_137' title='bbox 1329 462 1385 491; x_wconf 84' lang='lat' dir='ltr'><strong>quo</strong></span> <span class='ocrx_word' id='word_1_138' title='bbox 1398 455 1481 483; x_wconf 82' lang='lat' dir='ltr'><strong>modo</strong></span> <span class='ocrx_word' id='word_1_139' title='bbox 1496 455 1601 483; x_wconf 82' lang='lat' dir='ltr'><strong>salvum</strong></span> <span class='ocrx_word' id='word_1_140' title='bbox 1620 456 1663 484; x_wconf 89' lang='lat' dir='ltr'><strong>fa-</strong></span> 
     </span>
    </p>
   </div>
   <div class='ocr_carea' id='block_1_22' title="bbox 873 498 1665 537">
    <p class='ocr_par' dir='ltr' id='par_1_22' title="bbox 873 498 1665 537">
     <span class='ocr_line' id='line_1_22' title="bbox 873 498 1665 537; baseline 0.005 -12"><span class='ocrx_word' id='word_1_141' title='bbox 873 498 921 525; x_wconf 88' lang='lat' dir='ltr'><strong>cit.</strong></span> <span class='ocrx_word' id='word_1_142' title='bbox 937 498 1006 526; x_wconf 89' lang='lat' dir='ltr'><strong>Cum</strong></span> <span class='ocrx_word' id='word_1_143' title='bbox 1026 499 1126 528; x_wconf 82' lang='lat' dir='ltr'><strong>dubius</strong></span> <span class='ocrx_word' id='word_1_144' title='bbox 1150 500 1276 528; x_wconf 87' lang='lat' dir='ltr'><strong>inciderit</strong></span> <span class='ocrx_word' id='word_1_145' title='bbox 1294 500 1322 527; x_wconf 91' lang='lat' dir='ltr'><strong>in</strong></span> <span class='ocrx_word' id='word_1_146' title='bbox 1342 501 1480 537; x_wconf 73' lang='lat' dir='ltr'><strong>negotium</strong></span> <span class='ocrx_word' id='word_1_147' title='bbox 1497 501 1620 537; x_wconf 77' lang='lat' dir='ltr'><strong>aliquod,</strong></span> <span class='ocrx_word' id='word_1_148' title='bbox 1637 507 1665 530; x_wconf 81' lang='lat' dir='ltr'><strong>et</strong></span> 
     </span>
    </p>
   </div>
   <div class='ocr_carea' id='block_1_23' title="bbox 872 545 1664 581">
    <p class='ocr_par' dir='ltr' id='par_1_23' title="bbox 872 545 1664 581">
     <span class='ocr_line' id='line_1_23' title="bbox 872 545 1664 581; baseline 0.005 -10"><span class='ocrx_word' id='word_1_149' title='bbox 872 551 927 571; x_wconf 92' lang='lat' dir='ltr'><strong>non</strong></span> <span class='ocrx_word' id='word_1_150' title='bbox 942 545 1067 580; x_wconf 90' lang='lat' dir='ltr'><strong>provenit</strong></span> <span class='ocrx_word' id='word_1_151' title='bbox 1082 545 1140 581; x_wconf 93' lang='lat'><strong>(77)</strong></span> <span class='ocrx_word' id='word_1_152' title='bbox 1160 546 1197 573; x_wconf 92' lang='lat' dir='ltr'><strong>illi</strong></span> <span class='ocrx_word' id='word_1_153' title='bbox 1217 551 1329 581; x_wconf 83' lang='lat' dir='ltr'><strong>propter</strong></span> <span class='ocrx_word' id='word_1_154' title='bbox 1345 547 1561 580; x_wconf 78' lang='lat' dir='ltr'><strong>dubitationem,</strong></span> <span class='ocrx_word' id='word_1_155' title='bbox 1577 548 1664 575; x_wconf 88' lang='lat' dir='ltr'><strong>tristi-</strong></span> 
     </span>
    </p>
   </div>
   <div class='ocr_carea' id='block_1_24' title="bbox 871 590 1664 630">
    <p class='ocr_par' dir='ltr' id='par_1_24' title="bbox 871 590 1664 630">
     <span class='ocr_line' id='line_1_24' title="bbox 871 590 1664 630; baseline 0.006 -13"><span class='ocrx_word' id='word_1_156' title='bbox 871 590 909 617; x_wconf 92' lang='lat' dir='ltr'><strong>tia</strong></span> <span class='ocrx_word' id='word_1_157' title='bbox 925 590 982 618; x_wconf 71' lang='lat' dir='ltr'><strong>haec</strong></span> <span class='ocrx_word' id='word_1_158' title='bbox 1001 590 1085 618; x_wconf 84' lang='lat' dir='ltr'><strong>intrat</strong></span> <span class='ocrx_word' id='word_1_159' title='bbox 1104 592 1132 619; x_wconf 92' lang='lat' dir='ltr'><strong>in</strong></span> <span class='ocrx_word' id='word_1_160' title='bbox 1152 592 1302 626; x_wconf 91' lang='lat' dir='ltr'><strong>hominem,</strong></span> <span class='ocrx_word' id='word_1_161' title='bbox 1325 597 1353 621; x_wconf 89' lang='lat' dir='ltr'><strong>et</strong></span> <span class='ocrx_word' id='word_1_162' title='bbox 1368 593 1473 621; x_wconf 79' lang='lat' dir='ltr'><strong>tristem</strong></span> <span class='ocrx_word' id='word_1_163' title='bbox 1489 593 1554 622; x_wconf 81' lang='lat' dir='ltr'><strong>facit</strong></span> <span class='ocrx_word' id='word_1_164' title='bbox 1575 593 1664 630; x_wconf 85' lang='lat' dir='ltr'><strong>Spiri-</strong></span> 
     </span>
    </p>
   </div>
   <div class='ocr_carea' id='block_1_25' title="bbox 872 639 1663 670">
    <p class='ocr_par' dir='ltr' id='par_1_25' title="bbox 872 639 1663 670">
     <span class='ocr_line' id='line_1_25' title="bbox 872 639 1663 670; baseline 0.009 -8"><span class='ocrx_word' id='word_1_165' title='bbox 872 639 931 662; x_wconf 93' lang='lat' dir='ltr'><strong>tum</strong></span> <span class='ocrx_word' id='word_1_166' title='bbox 946 641 1083 670; x_wconf 89' lang='lat' dir='ltr'><strong>sanctum,</strong></span> <span class='ocrx_word' id='word_1_167' title='bbox 1098 642 1126 665; x_wconf 83' lang='lat' dir='ltr'><strong>et</strong></span> <span class='ocrx_word' id='word_1_168' title='bbox 1138 643 1300 666; x_wconf 82' lang='lat' dir='ltr'><strong>vexateum.</strong></span> <span class='ocrx_word' id='word_1_169' title='bbox 1317 639 1420 667; x_wconf 85' lang='lat' dir='ltr'><strong>Deinde</strong></span> <span class='ocrx_word' id='word_1_170' title='bbox 1433 641 1532 668; x_wconf 89' lang='lat' dir='ltr'><strong>iterum</strong></span> <span class='ocrx_word' id='word_1_171' title='bbox 1550 641 1663 669; x_wconf 86' lang='lat' dir='ltr'><strong>iracun-</strong></span> 
     </span>
    </p>
   </div>
   <div class='ocr_carea' id='block_1_26' title="bbox 871 681 1660 722">
    <p class='ocr_par' dir='ltr' id='par_1_26' title="bbox 871 681 1660 722">
     <span class='ocr_line' id='line_1_26' title="bbox 871 681 1660 722; baseline 0.008 -13"><span class='ocrx_word' id='word_1_172' title='bbox 871 681 916 709; x_wconf 91' lang='lat' dir='ltr'><strong>dia</strong></span> <span class='ocrx_word' id='word_1_173' title='bbox 930 690 993 710; x_wconf 92' lang='lat' dir='ltr'><strong>cum</strong></span> <span class='ocrx_word' id='word_1_174' title='bbox 1011 684 1159 711; x_wconf 86' lang='lat' dir='ltr'><strong>accesserit</strong></span> <span class='ocrx_word' id='word_1_175' title='bbox 1179 685 1283 713; x_wconf 88' lang='lat' dir='ltr'><strong>homini</strong></span> <span class='ocrx_word' id='word_1_176' title='bbox 1303 694 1354 721; x_wconf 88' lang='lat' dir='ltr'><strong>pro</strong></span> <span class='ocrx_word' id='word_1_177' title='bbox 1368 687 1477 721; x_wconf 76' lang='lat' dir='ltr'><strong>negotio</strong></span> <span class='ocrx_word' id='word_1_178' title='bbox 1491 687 1595 722; x_wconf 91' lang='lat' dir='ltr'><strong>aliquo,</strong></span> <span class='ocrx_word' id='word_1_179' title='bbox 1610 695 1660 716; x_wconf 84' lang='lat' dir='ltr'><strong>ve-</strong></span> 
     </span>
    </p>
   </div>
   <div class='ocr_carea' id='block_1_27' title="bbox 871 727 1694 768">
    <p class='ocr_par' dir='ltr' id='par_1_27' title="bbox 871 727 1694 768">
     <span class='ocr_line' id='line_1_27' title="bbox 871 727 1694 768; baseline 0.009 -13"><span class='ocrx_word' id='word_1_180' title='bbox 871 727 1013 756; x_wconf 89' lang='lat' dir='ltr'><strong>hementer</strong></span> <span class='ocrx_word' id='word_1_181' title='bbox 1026 729 1169 764; x_wconf 81' lang='lat' dir='ltr'><strong>irascitur;</strong></span> <span class='ocrx_word' id='word_1_182' title='bbox 1188 735 1216 758; x_wconf 86' lang='lat' dir='ltr'><strong>et</strong></span> <span class='ocrx_word' id='word_1_183' title='bbox 1231 731 1289 760; x_wconf 84' lang='lat' dir='ltr'><strong>haec</strong></span> <span class='ocrx_word' id='word_1_184' title='bbox 1304 732 1345 760; x_wconf 87' lang='lat' dir='ltr'><strong>ira</strong></span> <span class='ocrx_word' id='word_1_185' title='bbox 1362 733 1446 760; x_wconf 87' lang='lat' dir='ltr'><strong>intrat</strong></span> <span class='ocrx_word' id='word_1_186' title='bbox 1464 733 1492 761; x_wconf 92' lang='lat' dir='ltr'><strong>in</strong></span> <span class='ocrx_word' id='word_1_187' title='bbox 1508 734 1661 768; x_wconf 60' lang='lat' dir='ltr'><strong>praecordia</strong></span> <span class='ocrx_word' id='word_1_188' title='bbox 1690 763 1694 766; x_wconf 96' lang='lat'><em>_</em></span> 
     </span>
    </p>
   </div>
   <div class='ocr_carea' id='block_1_28' title="bbox 871 774 1663 817">
    <p class='ocr_par' dir='ltr' id='par_1_28' title="bbox 871 774 1663 817">
     <span class='ocr_line' id='line_1_28' title="bbox 871 774 1663 817; baseline 0.01 -15"><span class='ocrx_word' id='word_1_189' title='bbox 871 774 1026 809; x_wconf 80' lang='lat' dir='ltr'><strong>irascentis,</strong></span> <span class='ocrx_word' id='word_1_190' title='bbox 1051 781 1079 804; x_wconf 90' lang='lat' dir='ltr'><strong>et</strong></span> <span class='ocrx_word' id='word_1_191' title='bbox 1097 782 1211 805; x_wconf 79' lang='lat' dir='ltr'><strong>vexatur</strong></span> <span class='ocrx_word' id='word_1_192' title='bbox 1226 778 1253 805; x_wconf 94' lang='lat' dir='ltr'><strong>in</strong></span> <span class='ocrx_word' id='word_1_193' title='bbox 1268 778 1378 814; x_wconf 78' lang='lat' dir='ltr'><strong>negotio</strong></span> <span class='ocrx_word' id='word_1_194' title='bbox 1401 787 1452 807; x_wconf 87' lang='lat' dir='ltr'><strong>suo</strong></span> <span class='ocrx_word' id='word_1_195' title='bbox 1469 780 1541 815; x_wconf 88' lang='lat' dir='ltr'><strong>quod</strong></span> <span class='ocrx_word' id='word_1_196' title='bbox 1557 780 1622 817; x_wconf 80' lang='lat' dir='ltr'><strong>agit,</strong></span> <span class='ocrx_word' id='word_1_197' title='bbox 1633 784 1663 810; x_wconf 78' lang='lat' dir='ltr'><strong>et</strong></span> 
     </span>
    </p>
   </div>
   <div class='ocr_carea' id='block_1_29' title="bbox 870 822 1661 863">
    <p class='ocr_par' dir='ltr' id='par_1_29' title="bbox 870 822 1661 863">
     <span class='ocr_line' id='line_1_29' title="bbox 870 822 1661 863; baseline 0.008 -15"><span class='ocrx_word' id='word_1_198' title='bbox 870 826 965 856; x_wconf 86' lang='lat' dir='ltr'><strong>postea</strong></span> <span class='ocrx_word' id='word_1_199' title='bbox 989 822 1112 857; x_wconf 68' lang='lat' dir='ltr'><strong>paenitet,</strong></span> <span class='ocrx_word' id='word_1_200' title='bbox 1129 823 1202 858; x_wconf 89' lang='lat' dir='ltr'><strong>quod</strong></span> <span class='ocrx_word' id='word_1_201' title='bbox 1230 825 1301 852; x_wconf 90' lang='lat' dir='ltr'><strong>male</strong></span> <span class='ocrx_word' id='word_1_202' title='bbox 1324 824 1428 852; x_wconf 81' lang='lat' dir='ltr'><strong>fecerit.</strong></span> <span class='ocrx_word' id='word_1_203' title='bbox 1449 824 1576 861; x_wconf 61' lang='lat' dir='ltr'><strong>Utraque</strong></span> <span class='ocrx_word' id='word_1_204' title='bbox 1595 834 1661 863; x_wconf 73' lang='lat' dir='ltr'><strong>ergo</strong></span> 
     </span>
    </p>
   </div>
   <div class='ocr_carea' id='block_1_30' title="bbox 871 867 1662 906">
    <p class='ocr_par' dir='ltr' id='par_1_30' title="bbox 871 867 1662 906">
     <span class='ocr_line' id='line_1_30' title="bbox 871 867 1662 906; baseline 0.01 -13"><span class='ocrx_word' id='word_1_205' title='bbox 871 874 915 894; x_wconf 88' lang='lat' dir='ltr'><strong>res</strong></span> <span class='ocrx_word' id='word_1_206' title='bbox 928 867 1029 895; x_wconf 83' lang='lat' dir='ltr'><strong>laedunt</strong></span> <span class='ocrx_word' id='word_1_207' title='bbox 1052 867 1184 904; x_wconf 90' lang='lat' dir='ltr'><strong>Spiritum</strong></span> <span class='ocrx_word' id='word_1_208' title='bbox 1203 874 1349 905; x_wconf 91' lang='lat' dir='ltr'><strong>sanctum;</strong></span> <span class='ocrx_word' id='word_1_209' title='bbox 1366 871 1511 906; x_wconf 83' lang='lat' dir='ltr'><strong>dubitatio,</strong></span> <span class='ocrx_word' id='word_1_210' title='bbox 1529 877 1554 900; x_wconf 89' lang='lat' dir='ltr'><strong>et</strong></span> <span class='ocrx_word' id='word_1_211' title='bbox 1576 873 1662 901; x_wconf 88' lang='lat' dir='ltr'><strong>tristi-</strong></span> 
     </span>
    </p>
   </div>
   <div class='ocr_carea' id='block_1_31' title="bbox 35 902 813 954">
    <p class='ocr_par' dir='ltr' id='par_1_31' title="bbox 35 902 813 950">
     <span class='ocr_line' id='line_1_31' title="bbox 35 902 813 950; baseline 0.003 -11"><span class='ocrx_word' id='word_1_212' title='bbox 35 913 74 948; x_wconf 76' lang='grc' dir='ltr'>ρδν</span> <span class='ocrx_word' id='word_1_213' title='bbox 90 913 192 949; x_wconf 77' lang='grc' dir='ltr'>πράξας</span> <span class='ocrx_word' id='word_1_214' title='bbox 211 902 383 950; x_wconf 78' lang='grc' dir='ltr'>μετενόησεν.</span> <span class='ocrx_word' id='word_1_215' title='bbox 612 914 641 941; x_wconf 77' lang='grc' dir='ltr'>δὲ</span> <span class='ocrx_word' id='word_1_216' title='bbox 657 914 725 950; x_wconf 81' lang='grc' dir='ltr'>τῶν]</span> <span class='ocrx_word' id='word_1_217' title='bbox 745 902 813 950; x_wconf 70' lang='grc' dir='ltr'>πρόι-</span> 
     </span>
    </p>
   </div>
   <div class='ocr_carea' id='block_1_32' title="bbox 869 902 1661 954">
    <p class='ocr_par' dir='ltr' id='par_1_32' title="bbox 870 902 1661 954">
     <span class='ocr_line' id='line_1_32' title="bbox 870 902 1661 954; baseline 0.009 -14"><span class='ocrx_word' id='word_1_218' title='bbox 870 913 908 940; x_wconf 83' lang='lat' dir='ltr'><strong>tia</strong></span> <span class='ocrx_word' id='word_1_219' title='bbox 926 923 933 941; x_wconf 91' lang='lat'><em>:</em></span> <span class='ocrx_word' id='word_1_220' title='bbox 952 902 1098 949; x_wconf 82' lang='lat' dir='ltr'><strong>dubitatio,</strong></span> <span class='ocrx_word' id='word_1_221' title='bbox 1123 916 1189 950; x_wconf 84' lang='lat' dir='ltr'><strong>quia</strong></span> <span class='ocrx_word' id='word_1_222' title='bbox 1205 924 1258 944; x_wconf 92' lang='lat' dir='ltr'><strong>non</strong></span> <span class='ocrx_word' id='word_1_223' title='bbox 1274 902 1410 945; x_wconf 71' lang='lat' dir='ltr'><strong>successit</strong></span> <span class='ocrx_word' id='word_1_224' title='bbox 1433 923 1509 946; x_wconf 84' lang='lat' dir='ltr'><strong>actus</strong></span> <span class='ocrx_word' id='word_1_225' title='bbox 1535 919 1613 954; x_wconf 83' lang='lat' dir='ltr'><strong>ejus;</strong></span> <span class='ocrx_word' id='word_1_226' title='bbox 1633 923 1661 948; x_wconf 89' lang='lat' dir='ltr'><strong>et</strong></span> 
     </span>
    </p>
   </div>
   <div class='ocr_carea' id='block_1_33' title="bbox 36 959 819 997">
    <p class='ocr_par' dir='ltr' id='par_1_33' title="bbox 36 959 819 997">
     <span class='ocr_line' id='line_1_33' title="bbox 36 959 819 997; baseline 0.003 -12"><span class='ocrx_word' id='word_1_227' title='bbox 36 959 93 991; x_wconf 77' lang='grc' dir='ltr'>ξεων</span> <span class='ocrx_word' id='word_1_228' title='bbox 107 959 220 987; x_wconf 77' lang='grc' dir='ltr'><strong>λυποῦσι</strong></span> <span class='ocrx_word' id='word_1_229' title='bbox 236 960 283 987; x_wconf 82' lang='grc' dir='ltr'>τὸν</span> <span class='ocrx_word' id='word_1_230' title='bbox 295 960 446 996; x_wconf 76' lang='grc' dir='ltr'>ἄνθρωπον·</span> <span class='ocrx_word' id='word_1_231' title='bbox 466 960 495 997; x_wconf 79' lang='grc' dir='ltr'><strong>[ἡ</strong></span> <span class='ocrx_word' id='word_1_232' title='bbox 511 960 560 996; x_wconf 83' lang='grc' dir='ltr'>μὲν</span> <span class='ocrx_word' id='word_1_233' title='bbox 576 961 660 996; x_wconf 83' lang='grc' dir='ltr'>λύπη,</span> <span class='ocrx_word' id='word_1_234' title='bbox 683 959 736 996; x_wconf 83' lang='grc' dir='ltr'>δτι]</span> <span class='ocrx_word' id='word_1_235' title='bbox 752 960 819 987; x_wconf 81' lang='grc' dir='ltr'><strong>ἀπέ-</strong></span> 
     </span>
    </p>
   </div>
   <div class='ocr_carea' id='block_1_34' title="bbox 34 1005 819 1043">
    <p class='ocr_par' dir='ltr' id='par_1_34' title="bbox 34 1005 819 1043">
     <span class='ocr_line' id='line_1_34' title="bbox 34 1005 819 1043; baseline 0.003 -12"><span class='ocrx_word' id='word_1_236' title='bbox 34 1013 90 1040; x_wconf 72' lang='grc' dir='ltr'>τυχε</span> <span class='ocrx_word' id='word_1_237' title='bbox 101 1005 149 1041; x_wconf 87' lang='grc' dir='ltr'>τῆς</span> <span class='ocrx_word' id='word_1_238' title='bbox 165 1006 304 1042; x_wconf 76' lang='grc' dir='ltr'><strong>πράξεως,</strong></span> <span class='ocrx_word' id='word_1_239' title='bbox 328 1008 345 1043; x_wconf 80' lang='grc' dir='ltr'>ἡ</span> <span class='ocrx_word' id='word_1_240' title='bbox 366 1007 398 1034; x_wconf 77' lang='grc' dir='ltr'><strong>δὲ</strong></span> <span class='ocrx_word' id='word_1_241' title='bbox 419 1007 554 1042; x_wconf 77' lang='grc' dir='ltr'><strong>ὀξυχολία,</strong></span> <span class='ocrx_word' id='word_1_242' title='bbox 583 1007 624 1034; x_wconf 80' lang='grc' dir='ltr'>ὅτι</span> <span class='ocrx_word' id='word_1_243' title='bbox 656 1006 758 1043; x_wconf 76' lang='grc' dir='ltr'>ἔπραξε</span> <span class='ocrx_word' id='word_1_244' title='bbox 787 1006 819 1033; x_wconf 82' lang='grc' dir='ltr'>τδ</span> 
     </span>
    </p>
   </div>
   <div class='ocr_carea' id='block_1_35' title="bbox 37 1051 819 1089">
    <p class='ocr_par' dir='ltr' id='par_1_35' title="bbox 37 1051 819 1089">
     <span class='ocr_line' id='line_1_35' title="bbox 37 1051 819 1089; baseline 0.003 -12"><span class='ocrx_word' id='word_1_245' title='bbox 37 1052 149 1087; x_wconf 71' lang='grc' dir='ltr'>πονηρόν.</span> <span class='ocrx_word' id='word_1_246' title='bbox 174 1053 330 1089; x_wconf 73' lang='grc' dir='ltr'>’Λμφότερα</span> <span class='ocrx_word' id='word_1_247' title='bbox 346 1051 391 1080; x_wconf 81' lang='grc' dir='ltr'><strong>οὖν</strong></span> <span class='ocrx_word' id='word_1_248' title='bbox 407 1053 517 1089; x_wconf 81' lang='grc' dir='ltr'>λυπηρά</span> <span class='ocrx_word' id='word_1_249' title='bbox 536 1054 595 1080; x_wconf 79' lang='grc' dir='ltr'>ἐστι</span> <span class='ocrx_word' id='word_1_250' title='bbox 618 1053 657 1089; x_wconf 83' lang='grc' dir='ltr'>τῷ</span> <span class='ocrx_word' id='word_1_251' title='bbox 679 1052 819 1088; x_wconf 87' lang='grc' dir='ltr'>Πνεύματι</span> 
     </span>
    </p>
   </div>
   <div class='ocr_carea' id='block_1_36' title="bbox 35 1095 817 1135">
    <p class='ocr_par' dir='ltr' id='par_1_36' title="bbox 35 1095 817 1135">
     <span class='ocr_line' id='line_1_36' title="bbox 35 1095 817 1135; baseline 0.005 -14"><span class='ocrx_word' id='word_1_252' title='bbox 35 1096 67 1130; x_wconf 72' lang='grc' dir='ltr'>τῷ</span> <span class='ocrx_word' id='word_1_253' title='bbox 82 1097 146 1132; x_wconf 83' lang='grc' dir='ltr'>ἁγίῳ</span> <span class='ocrx_word' id='word_1_254' title='bbox 158 1098 226 1132; x_wconf 88' lang='lat'><strong>(78).</strong></span> <span class='ocrx_word' id='word_1_255' title='bbox 244 1095 330 1133; x_wconf 74' lang='grc' dir='ltr'>Ἀρον</span> <span class='ocrx_word' id='word_1_256' title='bbox 346 1096 391 1124; x_wconf 80' lang='grc' dir='ltr'>οὖν</span> <span class='ocrx_word' id='word_1_257' title='bbox 409 1098 463 1124; x_wconf 79' lang='grc' dir='ltr'><strong>ἀπὸ</strong></span> <span class='ocrx_word' id='word_1_258' title='bbox 480 1097 528 1125; x_wconf 80' lang='grc' dir='ltr'>σοῦ</span> <span class='ocrx_word' id='word_1_259' title='bbox 539 1099 588 1135; x_wconf 75' lang='grc' dir='ltr'>τὴν</span> <span class='ocrx_word' id='word_1_260' title='bbox 598 1097 697 1134; x_wconf 86' lang='grc' dir='ltr'>λύπην,</span> <span class='ocrx_word' id='word_1_261' title='bbox 716 1097 763 1125; x_wconf 79' lang='grc' dir='ltr'><strong>καὶ</strong></span> <span class='ocrx_word' id='word_1_262' title='bbox 780 1097 817 1133; x_wconf 82' lang='grc' dir='ltr'>μὴ</span> 
     </span>
    </p>
   </div>
   <div class='ocr_carea' id='block_1_37' title="bbox 36 1141 816 1180">
    <p class='ocr_par' dir='ltr' id='par_1_37' title="bbox 36 1141 816 1180">
     <span class='ocr_line' id='line_1_37' title="bbox 36 1141 816 1180; baseline 0.005 -13"><span class='ocrx_word' id='word_1_263' title='bbox 36 1141 99 1168; x_wconf 78' lang='grc' dir='ltr'>ὓλῖϐε</span> <span class='ocrx_word' id='word_1_264' title='bbox 113 1142 141 1168; x_wconf 83' lang='grc' dir='ltr'>τὸ</span> <span class='ocrx_word' id='word_1_265' title='bbox 158 1142 273 1179; x_wconf 79' lang='grc' dir='ltr'><strong>Πνεῦμα</strong></span> <span class='ocrx_word' id='word_1_266' title='bbox 288 1143 320 1170; x_wconf 84' lang='grc' dir='ltr'>τὸ</span> <span class='ocrx_word' id='word_1_267' title='bbox 340 1144 428 1178; x_wconf 76' lang='grc' dir='ltr'>ἅγιον,</span> <span class='ocrx_word' id='word_1_268' title='bbox 444 1144 475 1170; x_wconf 81' lang='grc' dir='ltr'>τὸ</span> <span class='ocrx_word' id='word_1_269' title='bbox 489 1145 517 1171; x_wconf 81' lang='grc' dir='ltr'>ὲν</span> <span class='ocrx_word' id='word_1_270' title='bbox 534 1145 575 1171; x_wconf 77' lang='grc' dir='ltr'><strong>σοὶ</strong></span> <span class='ocrx_word' id='word_1_271' title='bbox 590 1143 745 1176; x_wconf 84' lang='grc' dir='ltr'>κατοικοῦν,</span> <span class='ocrx_word' id='word_1_272' title='bbox 762 1144 816 1180; x_wconf 84' lang='grc' dir='ltr'><strong>μή-</strong></span> 
     </span>
    </p>
   </div>
   <div class='ocr_carea' id='block_1_38' title="bbox 35 1187 818 1224">
    <p class='ocr_par' dir='ltr' id='par_1_38' title="bbox 35 1187 818 1224">
     <span class='ocr_line' id='line_1_38' title="bbox 35 1187 818 1224; baseline 0.004 -13"><span class='ocrx_word' id='word_1_273' title='bbox 35 1193 90 1212; x_wconf 75' lang='grc' dir='ltr'>ποτε</span> <span class='ocrx_word' id='word_1_274' title='bbox 107 1187 265 1223; x_wconf 78' lang='grc' dir='ltr'>ἐντεύξηται</span> <span class='ocrx_word' id='word_1_275' title='bbox 283 1187 323 1224; x_wconf 81' lang='grc' dir='ltr'>τῷ</span> <span class='ocrx_word' id='word_1_276' title='bbox 336 1188 406 1224; x_wconf 84' lang='grc' dir='ltr'><strong>Θεῷ,</strong></span> <span class='ocrx_word' id='word_1_277' title='bbox 423 1189 469 1216; x_wconf 72' lang='grc' dir='ltr'>καὶ</span> <span class='ocrx_word' id='word_1_278' title='bbox 491 1189 595 1224; x_wconf 79' lang='grc' dir='ltr'><strong>ἀποστῇ</strong></span> <span class='ocrx_word' id='word_1_279' title='bbox 619 1188 673 1215; x_wconf 70' lang='grc' dir='ltr'><strong>ἀπὸ</strong></span> <span class='ocrx_word' id='word_1_280' title='bbox 696 1187 752 1215; x_wconf 80' lang='grc' dir='ltr'>σοῦ.</span> <span class='ocrx_word' id='word_1_281' title='bbox 781 1187 818 1214; x_wconf 64' lang='lat' dir='ltr'><strong>To</strong></span> 
     </span>
    </p>
   </div>
   <div class='ocr_carea' id='block_1_39' title="bbox 36 1231 815 1271">
    <p class='ocr_par' dir='ltr' id='par_1_39' title="bbox 36 1231 815 1271">
     <span class='ocr_line' id='line_1_39' title="bbox 36 1231 815 1271; baseline 0.003 -13"><span class='ocrx_word' id='word_1_282' title='bbox 36 1231 81 1268; x_wconf 81' lang='grc' dir='ltr'>γὰρ</span> <span class='ocrx_word' id='word_1_283' title='bbox 91 1233 196 1269; x_wconf 77' lang='grc' dir='ltr'>πνεῦμα</span> <span class='ocrx_word' id='word_1_284' title='bbox 208 1234 258 1261; x_wconf 82' lang='grc' dir='ltr'>τοῦ</span> <span class='ocrx_word' id='word_1_285' title='bbox 268 1234 336 1261; x_wconf 81' lang='grc' dir='ltr'>Θεοῦ</span> <span class='ocrx_word' id='word_1_286' title='bbox 346 1235 376 1261; x_wconf 88' lang='grc' dir='ltr'><strong>τὺ</strong></span> <span class='ocrx_word' id='word_1_287' title='bbox 390 1235 466 1262; x_wconf 79' lang='grc' dir='ltr'>δοθὲν</span> <span class='ocrx_word' id='word_1_288' title='bbox 482 1235 522 1267; x_wconf 80' lang='grc' dir='ltr'><strong>εἰς</strong></span> <span class='ocrx_word' id='word_1_289' title='bbox 537 1235 587 1270; x_wconf 85' lang='grc' dir='ltr'><strong>τὴν</strong></span> <span class='ocrx_word' id='word_1_290' title='bbox 604 1235 694 1271; x_wconf 83' lang='grc' dir='ltr'>σάρκα</span> <span class='ocrx_word' id='word_1_291' title='bbox 703 1234 815 1270; x_wconf 83' lang='grc' dir='ltr'>ταύτην,</span> 
     </span>
    </p>
   </div>
   <div class='ocr_carea' id='block_1_40' title="bbox 35 1276 816 1318">
    <p class='ocr_par' dir='ltr' id='par_1_40' title="bbox 35 1276 816 1318">
     <span class='ocr_line' id='line_1_40' title="bbox 35 1276 816 1318; baseline 0.008 -15"><span class='ocrx_word' id='word_1_292' title='bbox 35 1276 111 1313; x_wconf 82' lang='grc' dir='ltr'>λύπην</span> <span class='ocrx_word' id='word_1_293' title='bbox 126 1280 259 1315; x_wconf 78' lang='grc' dir='ltr'>σαρκικὴν</span> <span class='ocrx_word' id='word_1_294' title='bbox 280 1280 328 1315; x_wconf 81' lang='grc' dir='ltr'><strong>οὐχ</strong></span> <span class='ocrx_word' id='word_1_295' title='bbox 351 1281 498 1317; x_wconf 81' lang='grc' dir='ltr'><strong>ὑποφέρει,</strong></span> <span class='ocrx_word' id='word_1_296' title='bbox 523 1280 582 1307; x_wconf 83' lang='grc' dir='ltr'><strong>οὐδὲ</strong></span> <span class='ocrx_word' id='word_1_297' title='bbox 602 1282 816 1318; x_wconf 75' lang='grc' dir='ltr'><strong>στενοχωρίαν...</strong></span> 
     </span>
    </p>
   </div>
   <div class='ocr_carea' id='block_1_41' title="bbox 38 1323 817 1365">
    <p class='ocr_par' dir='ltr' id='par_1_41' title="bbox 38 1323 817 1365">
     <span class='ocr_line' id='line_1_41' title="bbox 38 1323 817 1365; baseline 0.008 -15"><span class='ocrx_word' id='word_1_298' title='bbox 38 1323 151 1352; x_wconf 85' lang='grc' dir='ltr'>Ἐνδυσαι</span> <span class='ocrx_word' id='word_1_299' title='bbox 167 1323 214 1352; x_wconf 71' lang='grc' dir='ltr'><strong>οὖν</strong></span> <span class='ocrx_word' id='word_1_300' title='bbox 234 1326 285 1362; x_wconf 80' lang='grc' dir='ltr'>τὴν</span> <span class='ocrx_word' id='word_1_301' title='bbox 308 1327 463 1363; x_wconf 70' lang='grc' dir='ltr'><strong>ἱλαρότητα,</strong></span> <span class='ocrx_word' id='word_1_302' title='bbox 486 1328 536 1363; x_wconf 83' lang='grc' dir='ltr'>τὴν</span> <span class='ocrx_word' id='word_1_303' title='bbox 559 1328 674 1355; x_wconf 84' lang='grc' dir='ltr'>πάντοτε</span> <span class='ocrx_word' id='word_1_304' title='bbox 702 1328 817 1365; x_wconf 75' lang='grc' dir='ltr'><strong>ἔχουσαν</strong></span> 
     </span>
    </p>
   </div>
   <div class='ocr_carea' id='block_1_42' title="bbox 36 1370 815 1412">
    <p class='ocr_par' dir='ltr' id='par_1_42' title="bbox 36 1370 815 1412">
     <span class='ocr_line' id='line_1_42' title="bbox 36 1370 815 1412; baseline 0.006 -15"><span class='ocrx_word' id='word_1_305' title='bbox 36 1370 104 1405; x_wconf 78' lang='grc' dir='ltr'>χάριν</span> <span class='ocrx_word' id='word_1_306' title='bbox 119 1371 192 1407; x_wconf 78' lang='grc' dir='ltr'>παρὰ</span> <span class='ocrx_word' id='word_1_307' title='bbox 206 1372 246 1408; x_wconf 79' lang='grc' dir='ltr'>τῷ</span> <span class='ocrx_word' id='word_1_308' title='bbox 260 1372 330 1408; x_wconf 83' lang='grc' dir='ltr'><strong>Θεῷ,</strong></span> <span class='ocrx_word' id='word_1_309' title='bbox 355 1374 403 1400; x_wconf 77' lang='grc' dir='ltr'><strong>καὶ</strong></span> <span class='ocrx_word' id='word_1_310' title='bbox 419 1373 615 1408; x_wconf 77' lang='grc' dir='ltr'><strong>εὐπρόσδεκτον</strong></span> <span class='ocrx_word' id='word_1_311' title='bbox 631 1372 714 1401; x_wconf 83' lang='grc' dir='ltr'>οὖσαν</span> <span class='ocrx_word' id='word_1_312' title='bbox 731 1375 815 1412; x_wconf 82' lang='grc' dir='ltr'>αὐτῷ,</span> 
     </span>
    </p>
   </div>
   <div class='ocr_carea' id='block_1_43' title="bbox 36 1417 817 1457">
    <p class='ocr_par' dir='ltr' id='par_1_43' title="bbox 36 1417 817 1457">
     <span class='ocr_line' id='line_1_43' title="bbox 36 1417 817 1457; baseline 0.006 -14"><span class='ocrx_word' id='word_1_313' title='bbox 36 1417 75 1443; x_wconf 65' lang='grc' dir='ltr'>καὶ.</span> <span class='ocrx_word' id='word_1_314' title='bbox 85 1418 246 1454; x_wconf 78' lang='grc' dir='ltr'>ὲντρύφησον</span> <span class='ocrx_word' id='word_1_315' title='bbox 255 1419 285 1444; x_wconf 79' lang='grc' dir='ltr'>ἐν</span> <span class='ocrx_word' id='word_1_316' title='bbox 301 1419 379 1455; x_wconf 77' lang='grc' dir='ltr'>αὐτῇ.</span> <span class='ocrx_word' id='word_1_317' title='bbox 394 1420 452 1451; x_wconf 78' lang='grc' dir='ltr'><strong>Πᾶς</strong></span> <span class='ocrx_word' id='word_1_318' title='bbox 464 1419 519 1455; x_wconf 82' lang='grc' dir='ltr'><strong>γὰρ</strong></span> <span class='ocrx_word' id='word_1_319' title='bbox 536 1420 626 1456; x_wconf 73' lang='grc' dir='ltr'>ἱλαρὸς</span> <span class='ocrx_word' id='word_1_320' title='bbox 645 1420 714 1457; x_wconf 86' lang='grc' dir='ltr'>ἀνὴρ</span> <span class='ocrx_word' id='word_1_321' title='bbox 725 1421 817 1456; x_wconf 84' lang='grc' dir='ltr'>ἀγαθὰ</span> 
     </span>
    </p>
   </div>
   <div class='ocr_carea' id='block_1_44' title="bbox 36 1463 817 1502">
    <p class='ocr_par' dir='ltr' id='par_1_44' title="bbox 36 1463 817 1502">
     <span class='ocr_line' id='line_1_44' title="bbox 36 1463 817 1502; baseline 0.005 -14"><span class='ocrx_word' id='word_1_322' title='bbox 36 1463 174 1498; x_wconf 75' lang='grc' dir='ltr'><strong>ἐργάζεται,</strong></span> <span class='ocrx_word' id='word_1_323' title='bbox 195 1465 243 1491; x_wconf 76' lang='grc' dir='ltr'><strong>καὶ</strong></span> <span class='ocrx_word' id='word_1_324' title='bbox 270 1465 360 1499; x_wconf 78' lang='grc' dir='ltr'>ἀγαθὰ</span> <span class='ocrx_word' id='word_1_325' title='bbox 384 1466 487 1500; x_wconf 81' lang='grc' dir='ltr'>φρονεῖ,</span> <span class='ocrx_word' id='word_1_326' title='bbox 511 1465 558 1492; x_wconf 72' lang='grc' dir='ltr'>καὶ</span> <span class='ocrx_word' id='word_1_327' title='bbox 580 1467 745 1500; x_wconf 85' lang='grc' dir='ltr'>καταφρονεῖ</span> <span class='ocrx_word' id='word_1_328' title='bbox 766 1466 817 1502; x_wconf 81' lang='grc' dir='ltr'>τῆς</span> 
     </span>
    </p>
   </div>
   <div class='ocr_carea' id='block_1_45' title="bbox 38 1509 815 1547">
    <p class='ocr_par' dir='ltr' id='par_1_45' title="bbox 38 1509 815 1547">
     <span class='ocr_line' id='line_1_45' title="bbox 38 1509 815 1547; baseline 0.004 -13"><span class='ocrx_word' id='word_1_329' title='bbox 38 1509 139 1542; x_wconf 76' lang='grc' dir='ltr'>ματαίας</span> <span class='ocrx_word' id='word_1_330' title='bbox 151 1510 250 1546; x_wconf 82' lang='grc' dir='ltr'>λύπης.</span> <span class='ocrx_word' id='word_1_331' title='bbox 278 1511 307 1536; x_wconf 90' lang='lat'><strong>&#39;0</strong></span> <span class='ocrx_word' id='word_1_332' title='bbox 325 1510 354 1536; x_wconf 81' lang='grc' dir='ltr'>δὲ</span> <span class='ocrx_word' id='word_1_333' title='bbox 370 1509 492 1546; x_wconf 79' lang='grc' dir='ltr'>λυπηρὸς</span> <span class='ocrx_word' id='word_1_334' title='bbox 510 1510 578 1546; x_wconf 85' lang='grc' dir='ltr'>ἀνὴρ</span> <span class='ocrx_word' id='word_1_335' title='bbox 607 1510 720 1537; x_wconf 89' lang='grc' dir='ltr'>πάντοτε</span> <span class='ocrx_word' id='word_1_336' title='bbox 738 1510 815 1547; x_wconf 78' lang='grc' dir='ltr'>ὀργί-</span> 
     </span>
    </p>
   </div>
   <div class='ocr_carea' id='block_1_46' title="bbox 37 1554 814 1593">
    <p class='ocr_par' dir='ltr' id='par_1_46' title="bbox 37 1554 814 1593">
     <span class='ocr_line' id='line_1_46' title="bbox 37 1554 814 1593; baseline 0.003 -12"><span class='ocrx_word' id='word_1_337' title='bbox 37 1554 101 1586; x_wconf 77' lang='grc' dir='ltr'>ζεται</span> <span class='ocrx_word' id='word_1_338' title='bbox 114 1557 160 1583; x_wconf 71' lang='grc' dir='ltr'>καὶ</span> <span class='ocrx_word' id='word_1_339' title='bbox 180 1557 294 1593; x_wconf 82' lang='grc' dir='ltr'><strong>ἀνομίαν</strong></span> <span class='ocrx_word' id='word_1_340' title='bbox 319 1555 475 1592; x_wconf 78' lang='grc' dir='ltr'>ἐργάζεται,</span> <span class='ocrx_word' id='word_1_341' title='bbox 496 1556 533 1592; x_wconf 83' lang='grc' dir='ltr'>μὴ</span> <span class='ocrx_word' id='word_1_342' title='bbox 556 1556 728 1591; x_wconf 77' lang='grc' dir='ltr'><strong>ἐντυγχάνων</strong></span> <span class='ocrx_word' id='word_1_343' title='bbox 747 1556 814 1592; x_wconf 85' lang='grc' dir='ltr'>μηδὲ</span> 
     </span>
    </p>
   </div>
   <div class='ocr_carea' id='block_1_47' title="bbox 37 1601 814 1639">
    <p class='ocr_par' dir='ltr' id='par_1_47' title="bbox 37 1601 814 1639">
     <span class='ocr_line' id='line_1_47' title="bbox 37 1601 814 1639; baseline 0.003 -13"><span class='ocrx_word' id='word_1_344' title='bbox 37 1601 265 1639; x_wconf 72' lang='grc' dir='ltr'>ἐξομολογούμενος</span> <span class='ocrx_word' id='word_1_345' title='bbox 280 1603 319 1639; x_wconf 83' lang='grc' dir='ltr'>τῷ</span> <span class='ocrx_word' id='word_1_346' title='bbox 336 1603 405 1638; x_wconf 86' lang='grc' dir='ltr'>Θεῷ.</span> <span class='ocrx_word' id='word_1_347' title='bbox 420 1603 539 1629; x_wconf 82' lang='grc' dir='ltr'>Πάντοτε</span> <span class='ocrx_word' id='word_1_348' title='bbox 555 1602 609 1639; x_wconf 86' lang='grc' dir='ltr'>γὰρ</span> <span class='ocrx_word' id='word_1_349' title='bbox 622 1602 744 1638; x_wconf 79' lang='grc' dir='ltr'>λυπηροῦ</span> <span class='ocrx_word' id='word_1_350' title='bbox 766 1603 814 1628; x_wconf 90' lang='grc' dir='ltr'><strong>ἀν-</strong></span> 
     </span>
    </p>
   </div>
   <div class='ocr_carea' id='block_1_48' title="bbox 37 1647 814 1684">
    <p class='ocr_par' dir='ltr' id='par_1_48' title="bbox 37 1647 814 1684">
     <span class='ocr_line' id='line_1_48' title="bbox 37 1647 814 1684; baseline -0.001 -8"><span class='ocrx_word' id='word_1_351' title='bbox 37 1647 88 1682; x_wconf 74' lang='grc' dir='ltr'>δρὸς</span> <span class='ocrx_word' id='word_1_352' title='bbox 102 1649 116 1684; x_wconf 83' lang='grc' dir='ltr'>ὴ</span> <span class='ocrx_word' id='word_1_353' title='bbox 132 1649 251 1682; x_wconf 77' lang='grc' dir='ltr'><strong>ἔντευξις</strong></span> <span class='ocrx_word' id='word_1_354' title='bbox 272 1650 322 1676; x_wconf 77' lang='grc' dir='ltr'><strong>οὐκ</strong></span> <span class='ocrx_word' id='word_1_355' title='bbox 346 1649 402 1684; x_wconf 69' lang='grc' dir='ltr'>ἔχει</span> <span class='ocrx_word' id='word_1_356' title='bbox 420 1649 533 1684; x_wconf 87' lang='grc' dir='ltr'>δύναμιν</span> <span class='ocrx_word' id='word_1_357' title='bbox 556 1648 603 1675; x_wconf 82' lang='grc' dir='ltr'>τοῦ</span> <span class='ocrx_word' id='word_1_358' title='bbox 619 1648 751 1684; x_wconf 77' lang='grc' dir='ltr'>ἀναϐῆναι</span> <span class='ocrx_word' id='word_1_359' title='bbox 768 1648 814 1675; x_wconf 80' lang='grc' dir='ltr'><strong>ἐπὶ</strong></span> 
     </span>
    </p>
   </div>
   <div class='ocr_carea' id='block_1_49' title="bbox 37 1692 809 1731">
    <p class='ocr_par' dir='ltr' id='par_1_49' title="bbox 37 1692 809 1731">
     <span class='ocr_line' id='line_1_49' title="bbox 37 1692 809 1731; baseline 0.004 -12"><span class='ocrx_word' id='word_1_360' title='bbox 37 1692 62 1718; x_wconf 80' lang='grc' dir='ltr'><strong>τὺ</strong></span> <span class='ocrx_word' id='word_1_361' title='bbox 79 1693 264 1731; x_wconf 78' lang='grc' dir='ltr'>θυσιαστήριον</span> <span class='ocrx_word' id='word_1_362' title='bbox 295 1694 343 1722; x_wconf 82' lang='grc' dir='ltr'>τοῦ</span> <span class='ocrx_word' id='word_1_363' title='bbox 372 1694 450 1722; x_wconf 82' lang='grc' dir='ltr'><strong>Θεοῦ.</strong></span> <span class='ocrx_word' id='word_1_364' title='bbox 474 1715 480 1722; x_wconf 90' lang='grc'><strong>.</strong></span> <span class='ocrx_word' id='word_1_365' title='bbox 502 1714 510 1721; x_wconf 93' lang='grc'><strong>.</strong></span> <span class='ocrx_word' id='word_1_366' title='bbox 532 1714 540 1721; x_wconf 91' lang='grc'><strong>.</strong></span> <span class='ocrx_word' id='word_1_367' title='bbox 562 1715 569 1721; x_wconf 98' lang='grc'><strong>.</strong></span> <span class='ocrx_word' id='word_1_368' title='bbox 593 1715 600 1722; x_wconf 97' lang='grc'><strong>.</strong></span> <span class='ocrx_word' id='word_1_369' title='bbox 622 1715 629 1722; x_wconf 97' lang='grc'><strong>.</strong></span> <span class='ocrx_word' id='word_1_370' title='bbox 653 1715 660 1721; x_wconf 87' lang='grc'><strong>.</strong></span> <span class='ocrx_word' id='word_1_371' title='bbox 681 1715 689 1722; x_wconf 91' lang='grc'><strong>.</strong></span> <span class='ocrx_word' id='word_1_372' title='bbox 711 1715 719 1722; x_wconf 87' lang='grc'><strong>.</strong></span> <span class='ocrx_word' id='word_1_373' title='bbox 741 1715 748 1722; x_wconf 88' lang='grc'><strong>.</strong></span> <span class='ocrx_word' id='word_1_374' title='bbox 772 1715 779 1721; x_wconf 92' lang='grc'><strong>.</strong></span> <span class='ocrx_word' id='word_1_375' title='bbox 803 1715 809 1722; x_wconf 91' lang='grc'><strong>.</strong></span> 
     </span>
    </p>
   </div>
   <div class='ocr_carea' id='block_1_50' title="bbox 39 1740 810 1778">
    <p class='ocr_par' dir='ltr' id='par_1_50' title="bbox 39 1740 810 1778">
     <span class='ocr_line' id='line_1_50' title="bbox 39 1740 810 1778; baseline 0.001 -11"><span class='ocrx_word' id='word_1_376' title='bbox 39 1740 111 1777; x_wconf 84' lang='grc' dir='ltr'>Ὃτιή</span> <span class='ocrx_word' id='word_1_377' title='bbox 125 1742 193 1778; x_wconf 86' lang='grc' dir='ltr'>λύπη</span> <span class='ocrx_word' id='word_1_378' title='bbox 207 1742 356 1778; x_wconf 82' lang='grc' dir='ltr'>ἐγκάθηται</span> <span class='ocrx_word' id='word_1_379' title='bbox 369 1742 409 1774; x_wconf 80' lang='grc' dir='ltr'><strong>εἰς</strong></span> <span class='ocrx_word' id='word_1_380' title='bbox 421 1742 470 1777; x_wconf 83' lang='grc' dir='ltr'><strong>τὴν</strong></span> <span class='ocrx_word' id='word_1_381' title='bbox 484 1741 597 1777; x_wconf 84' lang='grc' dir='ltr'>καρδίαν</span> <span class='ocrx_word' id='word_1_382' title='bbox 611 1742 704 1769; x_wconf 82' lang='grc' dir='ltr'>αὑτοῦ.</span> <span class='ocrx_word' id='word_1_383' title='bbox 719 1743 810 1778; x_wconf 84' lang='grc' dir='ltr'>Μεμι-</span> 
     </span>
    </p>
   </div>
   <div class='ocr_carea' id='block_1_51' title="bbox 36 1785 811 1824">
    <p class='ocr_par' dir='ltr' id='par_1_51' title="bbox 36 1785 811 1824">
     <span class='ocr_line' id='line_1_51' title="bbox 36 1785 811 1824; baseline 0.004 -12"><span class='ocrx_word' id='word_1_384' title='bbox 36 1786 110 1822; x_wconf 78' lang='grc' dir='ltr'>γμένη</span> <span class='ocrx_word' id='word_1_385' title='bbox 123 1785 166 1814; x_wconf 74' lang='grc' dir='ltr'><strong>οὖν</strong></span> <span class='ocrx_word' id='word_1_386' title='bbox 186 1789 204 1824; x_wconf 81' lang='grc' dir='ltr'>ἡ</span> <span class='ocrx_word' id='word_1_387' title='bbox 224 1788 298 1823; x_wconf 86' lang='grc' dir='ltr'>λύπη</span> <span class='ocrx_word' id='word_1_388' title='bbox 320 1788 337 1823; x_wconf 86' lang='grc' dir='ltr'>ἡ</span> <span class='ocrx_word' id='word_1_389' title='bbox 362 1788 481 1823; x_wconf 86' lang='grc' dir='ltr'>κοσμικὴ</span> <span class='ocrx_word' id='word_1_390' title='bbox 503 1787 572 1823; x_wconf 82' lang='grc' dir='ltr'>μετὰ</span> <span class='ocrx_word' id='word_1_391' title='bbox 587 1787 637 1823; x_wconf 84' lang='grc' dir='ltr'><strong>τῆς</strong></span> <span class='ocrx_word' id='word_1_392' title='bbox 655 1787 811 1821; x_wconf 72' lang='grc' dir='ltr'>ἐντεύξεως,</span> 
     </span>
    </p>
   </div>
   <div class='ocr_carea' id='block_1_52' title="bbox 36 1833 812 1870">
    <p class='ocr_par' dir='ltr' id='par_1_52' title="bbox 36 1833 812 1870">
     <span class='ocr_line' id='line_1_52' title="bbox 36 1833 812 1870; baseline 0.003 -12"><span class='ocrx_word' id='word_1_393' title='bbox 36 1833 77 1858; x_wconf 73' lang='grc' dir='ltr'><strong>οὐκ</strong></span> <span class='ocrx_word' id='word_1_394' title='bbox 96 1833 184 1869; x_wconf 79' lang='grc' dir='ltr'>ἀφίησι</span> <span class='ocrx_word' id='word_1_395' title='bbox 203 1834 254 1870; x_wconf 87' lang='grc' dir='ltr'>τὴν</span> <span class='ocrx_word' id='word_1_396' title='bbox 280 1833 399 1867; x_wconf 72' lang='grc' dir='ltr'>ἔντευξιν</span> <span class='ocrx_word' id='word_1_397' title='bbox 422 1833 553 1868; x_wconf 76' lang='grc' dir='ltr'>ἀναϐῆναι</span> <span class='ocrx_word' id='word_1_398' title='bbox 573 1833 697 1869; x_wconf 83' lang='grc' dir='ltr'>καθαρὰν</span> <span class='ocrx_word' id='word_1_399' title='bbox 719 1834 760 1865; x_wconf 75' lang='grc' dir='ltr'><strong>εἰς</strong></span> <span class='ocrx_word' id='word_1_400' title='bbox 781 1833 812 1860; x_wconf 80' lang='grc' dir='ltr'><strong>τὺ</strong></span> 
     </span>
    </p>
   </div>
   <div class='ocr_carea' id='block_1_53' title="bbox 36 1877 812 1915">
    <p class='ocr_par' dir='ltr' id='par_1_53' title="bbox 36 1877 812 1915">
     <span class='ocr_line' id='line_1_53' title="bbox 36 1877 812 1915; baseline 0.003 -12"><span class='ocrx_word' id='word_1_401' title='bbox 36 1877 216 1915; x_wconf 72' lang='grc' dir='ltr'>Θυσιαστὴριον.</span> <span class='ocrx_word' id='word_1_402' title='bbox 238 1880 343 1915; x_wconf 80' lang='grc' dir='ltr'>’Ὠσπερ</span> <span class='ocrx_word' id='word_1_403' title='bbox 373 1879 428 1915; x_wconf 88' lang='grc' dir='ltr'>γὰρ</span> <span class='ocrx_word' id='word_1_404' title='bbox 462 1878 522 1911; x_wconf 75' lang='grc' dir='ltr'><strong>ὅξος</strong></span> <span class='ocrx_word' id='word_1_405' title='bbox 553 1879 617 1914; x_wconf 79' lang='grc' dir='ltr'>οἴνῳ</span> <span class='ocrx_word' id='word_1_406' title='bbox 645 1878 812 1914; x_wconf 82' lang='grc' dir='ltr'>μεμιγμένον</span> 
     </span>
    </p>
   </div>
   <div class='ocr_carea' id='block_1_54' title="bbox 36 1924 812 1962">
    <p class='ocr_par' dir='ltr' id='par_1_54' title="bbox 36 1924 812 1962">
     <span class='ocr_line' id='line_1_54' title="bbox 36 1924 812 1962; baseline 0.003 -13"><span class='ocrx_word' id='word_1_407' title='bbox 36 1924 77 1959; x_wconf 76' lang='grc' dir='ltr'>τὴν</span> <span class='ocrx_word' id='word_1_408' title='bbox 85 1925 161 1961; x_wconf 72' lang='grc' dir='ltr'>αὐτὴν</span> <span class='ocrx_word' id='word_1_409' title='bbox 176 1926 272 1962; x_wconf 81' lang='grc' dir='ltr'>ἡδονὴν</span> <span class='ocrx_word' id='word_1_410' title='bbox 287 1926 338 1952; x_wconf 78' lang='grc' dir='ltr'>οὐκ</span> <span class='ocrx_word' id='word_1_411' title='bbox 351 1925 466 1960; x_wconf 76' lang='grc' dir='ltr'>ἔχουσιν·</span> <span class='ocrx_word' id='word_1_412' title='bbox 481 1924 567 1956; x_wconf 76' lang='grc' dir='ltr'>οὕτως</span> <span class='ocrx_word' id='word_1_413' title='bbox 579 1925 625 1951; x_wconf 75' lang='grc' dir='ltr'>καὶ</span> <span class='ocrx_word' id='word_1_414' title='bbox 638 1924 710 1960; x_wconf 86' lang='grc' dir='ltr'>λύπη</span> <span class='ocrx_word' id='word_1_415' title='bbox 733 1933 812 1960; x_wconf 86' lang='grc' dir='ltr'>μεμι-</span> 
     </span>
    </p>
   </div>
   <div class='ocr_carea' id='block_1_55' title="bbox 37 1971 810 2007">
    <p class='ocr_par' dir='ltr' id='par_1_55' title="bbox 37 1971 810 2007">
     <span class='ocr_line' id='line_1_55' title="bbox 37 1971 810 2007; baseline 0 -10"><span class='ocrx_word' id='word_1_416' title='bbox 37 1971 111 2006; x_wconf 75' lang='grc' dir='ltr'>γμένη</span> <span class='ocrx_word' id='word_1_417' title='bbox 126 1972 192 2007; x_wconf 80' lang='grc' dir='ltr'>μετὰ</span> <span class='ocrx_word' id='word_1_418' title='bbox 205 1972 253 1999; x_wconf 87' lang='grc' dir='ltr'><strong>τοῦ</strong></span> <span class='ocrx_word' id='word_1_419' title='bbox 277 1972 354 2006; x_wconf 85' lang='grc' dir='ltr'>ἁγίου</span> <span class='ocrx_word' id='word_1_420' title='bbox 369 1971 537 2007; x_wconf 87' lang='grc' dir='ltr'>Πνεύματος,</span> <span class='ocrx_word' id='word_1_421' title='bbox 554 1971 604 2006; x_wconf 82' lang='grc' dir='ltr'><strong>τὴν</strong></span> <span class='ocrx_word' id='word_1_422' title='bbox 621 1971 706 2006; x_wconf 79' lang='grc' dir='ltr'>αὐτὴν</span> <span class='ocrx_word' id='word_1_423' title='bbox 719 1971 810 1997; x_wconf 79' lang='grc' dir='ltr'>ἐντευ-</span> 
     </span>
    </p>
   </div>
   <div class='ocr_carea' id='block_1_56' title="bbox 37 2016 808 2056">
    <p class='ocr_par' dir='ltr' id='par_1_56' title="bbox 37 2016 808 2056">
     <span class='ocr_line' id='line_1_56' title="bbox 37 2016 808 2056; baseline 0.004 -13"><span class='ocrx_word' id='word_1_424' title='bbox 37 2016 133 2053; x_wconf 80' lang='grc' dir='ltr'><strong>ξιν[οὺκ</strong></span> <span class='ocrx_word' id='word_1_425' title='bbox 146 2019 224 2056; x_wconf 79' lang='grc' dir='ltr'>ἕχει.]</span> <span class='ocrx_word' id='word_1_426' title='bbox 242 2019 398 2056; x_wconf 81' lang='grc' dir='ltr'>Καθάρισον</span> <span class='ocrx_word' id='word_1_427' title='bbox 412 2017 458 2046; x_wconf 77' lang='grc' dir='ltr'>οὖν</span> <span class='ocrx_word' id='word_1_428' title='bbox 477 2019 571 2046; x_wconf 82' lang='grc' dir='ltr'>ἑαυτὸν</span> <span class='ocrx_word' id='word_1_429' title='bbox 585 2019 639 2046; x_wconf 80' lang='grc' dir='ltr'>ἀπὸ</span> <span class='ocrx_word' id='word_1_430' title='bbox 653 2019 704 2055; x_wconf 82' lang='grc' dir='ltr'>τῆς</span> <span class='ocrx_word' id='word_1_431' title='bbox 721 2019 808 2055; x_wconf 85' lang='grc' dir='ltr'>λύπης</span> 
     </span>
    </p>
   </div>
   <div class='ocr_carea' id='block_1_57' title="bbox 37 2064 557 2101">
    <p class='ocr_par' dir='ltr' id='par_1_57' title="bbox 37 2064 557 2101">
     <span class='ocr_line' id='line_1_57' title="bbox 37 2064 557 2101; baseline -0.002 -10"><span class='ocrx_word' id='word_1_432' title='bbox 37 2065 141 2099; x_wconf 77' lang='grc' dir='ltr'>πσνηρᾶς</span> <span class='ocrx_word' id='word_1_433' title='bbox 155 2065 265 2101; x_wconf 83' lang='grc' dir='ltr'>ταύτης,</span> <span class='ocrx_word' id='word_1_434' title='bbox 282 2064 330 2092; x_wconf 68' lang='grc' dir='ltr'><strong>καὶ</strong></span> <span class='ocrx_word' id='word_1_435' title='bbox 347 2064 417 2101; x_wconf 75' lang='grc' dir='ltr'><strong>ζήσῃ</strong></span> <span class='ocrx_word' id='word_1_436' title='bbox 432 2064 471 2100; x_wconf 82' lang='grc' dir='ltr'>τῷ</span> <span class='ocrx_word' id='word_1_437' title='bbox 485 2064 557 2100; x_wconf 80' lang='grc' dir='ltr'><strong>Θεῷ.</strong></span> 
     </span>
    </p>
   </div>
   <div class='ocr_carea' id='block_1_58' title="bbox 871 959 1660 1001">
    <p class='ocr_par' dir='ltr' id='par_1_58' title="bbox 871 959 1660 1001">
     <span class='ocr_line' id='line_1_58' title="bbox 871 959 1660 1001; baseline 0.01 -15"><span class='ocrx_word' id='word_1_438' title='bbox 871 959 991 993; x_wconf 82' lang='lat' dir='ltr'><strong>tristitia,</strong></span> <span class='ocrx_word' id='word_1_439' title='bbox 1010 961 1075 996; x_wconf 85' lang='lat' dir='ltr'><strong>quia</strong></span> <span class='ocrx_word' id='word_1_440' title='bbox 1093 961 1340 991; x_wconf 88' lang='lat' dir='ltr'><strong>fecitiracundiam</strong></span> <span class='ocrx_word' id='word_1_441' title='bbox 1359 963 1471 999; x_wconf 90' lang='lat' dir='ltr'><strong>Spiritui</strong></span> <span class='ocrx_word' id='word_1_442' title='bbox 1488 965 1556 1001; x_wconf 88' lang='lat'><strong>(78).</strong></span> <span class='ocrx_word' id='word_1_443' title='bbox 1574 966 1660 994; x_wconf 79' lang='lat' dir='ltr'><strong>Aufer</strong></span> 
     </span>
    </p>
   </div>
   <div class='ocr_carea' id='block_1_59' title="bbox 870 1006 1658 1046">
    <p class='ocr_par' dir='ltr' id='par_1_59' title="bbox 870 1006 1658 1046">
     <span class='ocr_line' id='line_1_59' title="bbox 870 1006 1658 1046; baseline 0.01 -14"><span class='ocrx_word' id='word_1_444' title='bbox 870 1013 934 1041; x_wconf 83' lang='lat' dir='ltr'><strong>ergo</strong></span> <span class='ocrx_word' id='word_1_445' title='bbox 946 1006 1086 1034; x_wconf 85' lang='lat' dir='ltr'><strong>tristitiam</strong></span> <span class='ocrx_word' id='word_1_446' title='bbox 1102 1013 1166 1042; x_wconf 90' lang='lat' dir='ltr'><strong>ate,</strong></span> <span class='ocrx_word' id='word_1_447' title='bbox 1182 1013 1209 1036; x_wconf 91' lang='lat' dir='ltr'><strong>et</strong></span> <span class='ocrx_word' id='word_1_448' title='bbox 1222 1009 1278 1037; x_wconf 91' lang='lat' dir='ltr'><strong>noli</strong></span> <span class='ocrx_word' id='word_1_449' title='bbox 1293 1010 1431 1038; x_wconf 81' lang='lat' dir='ltr'><strong>offendere</strong></span> <span class='ocrx_word' id='word_1_450' title='bbox 1447 1009 1579 1046; x_wconf 88' lang='lat' dir='ltr'><strong>Spiritum</strong></span> <span class='ocrx_word' id='word_1_451' title='bbox 1591 1020 1658 1040; x_wconf 85' lang='lat' dir='ltr'><strong>san-</strong></span> 
     </span>
    </p>
   </div>
   <div class='ocr_carea' id='block_1_60' title="bbox 869 1052 1659 1092">
    <p class='ocr_par' dir='ltr' id='par_1_60' title="bbox 869 1052 1659 1092">
     <span class='ocr_line' id='line_1_60' title="bbox 869 1052 1659 1092; baseline 0.011 -14"><span class='ocrx_word' id='word_1_452' title='bbox 869 1056 943 1079; x_wconf 89' lang='lat' dir='ltr'><strong>ctum</strong></span> <span class='ocrx_word' id='word_1_453' title='bbox 957 1052 1004 1088; x_wconf 88' lang='lat' dir='ltr'><strong>qui</strong></span> <span class='ocrx_word' id='word_1_454' title='bbox 1020 1052 1047 1080; x_wconf 91' lang='lat' dir='ltr'><strong>in</strong></span> <span class='ocrx_word' id='word_1_455' title='bbox 1061 1058 1087 1081; x_wconf 90' lang='lat' dir='ltr'><strong>te</strong></span> <span class='ocrx_word' id='word_1_456' title='bbox 1102 1053 1223 1088; x_wconf 88' lang='lat' dir='ltr'><strong>habitat;</strong></span> <span class='ocrx_word' id='word_1_457' title='bbox 1239 1063 1273 1082; x_wconf 90' lang='lat' dir='ltr'><strong>ne</strong></span> <span class='ocrx_word' id='word_1_458' title='bbox 1290 1061 1367 1091; x_wconf 82' lang='lat' dir='ltr'><strong>roget</strong></span> <span class='ocrx_word' id='word_1_459' title='bbox 1386 1055 1545 1092; x_wconf 90' lang='lat' dir='ltr'><strong>Dominum,</strong></span> <span class='ocrx_word' id='word_1_460' title='bbox 1560 1063 1588 1086; x_wconf 86' lang='lat' dir='ltr'><strong>et</strong></span> <span class='ocrx_word' id='word_1_461' title='bbox 1601 1059 1659 1087; x_wconf 87' lang='lat' dir='ltr'><strong>dis-</strong></span> 
     </span>
    </p>
   </div>
   <div class='ocr_carea' id='block_1_61' title="bbox 868 1098 1664 1137">
    <p class='ocr_par' dir='ltr' id='par_1_61' title="bbox 868 1098 1664 1137">
     <span class='ocr_line' id='line_1_61' title="bbox 868 1098 1664 1137; baseline 0.01 -12"><span class='ocrx_word' id='word_1_462' title='bbox 868 1098 947 1126; x_wconf 84' lang='lat' dir='ltr'><strong>cedat</strong></span> <span class='ocrx_word' id='word_1_463' title='bbox 974 1106 989 1125; x_wconf 88' lang='lat' dir='ltr'><strong>a</strong></span> <span class='ocrx_word' id='word_1_464' title='bbox 1008 1102 1045 1126; x_wconf 87' lang='lat' dir='ltr'><strong>te.</strong></span> <span class='ocrx_word' id='word_1_465' title='bbox 1069 1098 1186 1134; x_wconf 88' lang='lat' dir='ltr'><strong>Spiritus</strong></span> <span class='ocrx_word' id='word_1_466' title='bbox 1202 1101 1274 1127; x_wconf 90' lang='lat' dir='ltr'><strong>enim</strong></span> <span class='ocrx_word' id='word_1_467' title='bbox 1290 1101 1335 1128; x_wconf 88' lang='lat' dir='ltr'><strong>Dei</strong></span> <span class='ocrx_word' id='word_1_468' title='bbox 1349 1102 1395 1137; x_wconf 92' lang='lat' dir='ltr'><strong>qui</strong></span> <span class='ocrx_word' id='word_1_469' title='bbox 1409 1102 1489 1130; x_wconf 87' lang='lat' dir='ltr'><strong>datus</strong></span> <span class='ocrx_word' id='word_1_470' title='bbox 1503 1104 1583 1132; x_wconf 88' lang='lat' dir='ltr'><strong>estin</strong></span> <span class='ocrx_word' id='word_1_471' title='bbox 1595 1112 1664 1133; x_wconf 85' lang='lat' dir='ltr'><strong>car—</strong></span> 
     </span>
    </p>
   </div>
   <div class='ocr_carea' id='block_1_62' title="bbox 868 1144 1658 1186">
    <p class='ocr_par' dir='ltr' id='par_1_62' title="bbox 868 1144 1658 1186">
     <span class='ocr_line' id='line_1_62' title="bbox 868 1144 1658 1186; baseline 0.011 -16"><span class='ocrx_word' id='word_1_472' title='bbox 868 1152 932 1172; x_wconf 91' lang='lat' dir='ltr'><strong>nem</strong></span> <span class='ocrx_word' id='word_1_473' title='bbox 944 1144 1011 1181; x_wconf 88' lang='lat'><strong>(79),</strong></span> <span class='ocrx_word' id='word_1_474' title='bbox 1030 1145 1169 1174; x_wconf 83' lang='lat' dir='ltr'><strong>tristitiam</strong></span> <span class='ocrx_word' id='word_1_475' title='bbox 1189 1154 1243 1175; x_wconf 94' lang='lat' dir='ltr'><strong>non</strong></span> <span class='ocrx_word' id='word_1_476' title='bbox 1259 1148 1385 1177; x_wconf 83' lang='lat' dir='ltr'><strong>sustinet.</strong></span> <span class='ocrx_word' id='word_1_477' title='bbox 1399 1148 1483 1177; x_wconf 88' lang='lat' dir='ltr'><strong>Indue</strong></span> <span class='ocrx_word' id='word_1_478' title='bbox 1494 1154 1520 1178; x_wconf 92' lang='lat' dir='ltr'><strong>te</strong></span> <span class='ocrx_word' id='word_1_479' title='bbox 1534 1158 1599 1186; x_wconf 77' lang='lat' dir='ltr'><strong>ergo</strong></span> <span class='ocrx_word' id='word_1_480' title='bbox 1614 1151 1658 1179; x_wconf 87' lang='lat' dir='ltr'><strong>hi-</strong></span> 
     </span>
    </p>
   </div>
   <div class='ocr_carea' id='block_1_63' title="bbox 867 1190 1656 1234">
    <p class='ocr_par' dir='ltr' id='par_1_63' title="bbox 867 1190 1656 1234">
     <span class='ocr_line' id='line_1_63' title="bbox 867 1190 1656 1234; baseline 0.014 -17"><span class='ocrx_word' id='word_1_481' title='bbox 867 1190 985 1225; x_wconf 77' lang='lat' dir='ltr'><strong>laritate,</strong></span> <span class='ocrx_word' id='word_1_482' title='bbox 1018 1200 1079 1227; x_wconf 67' lang='lat' dir='ltr'><strong>qua:</strong></span> <span class='ocrx_word' id='word_1_483' title='bbox 1104 1201 1212 1229; x_wconf 82' lang='lat' dir='ltr'><strong>semper</strong></span> <span class='ocrx_word' id='word_1_484' title='bbox 1237 1195 1318 1223; x_wconf 89' lang='lat' dir='ltr'><strong>habet</strong></span> <span class='ocrx_word' id='word_1_485' title='bbox 1340 1197 1454 1232; x_wconf 72' lang='lat' dir='ltr'><strong>gratiam</strong></span> <span class='ocrx_word' id='word_1_486' title='bbox 1474 1199 1546 1234; x_wconf 86' lang='lat' dir='ltr'><strong>apud</strong></span> <span class='ocrx_word' id='word_1_487' title='bbox 1561 1199 1656 1228; x_wconf 81' lang='lat' dir='ltr'><strong>Domi-</strong></span> 
     </span>
    </p>
   </div>
   <div class='ocr_carea' id='block_1_64' title="bbox 868 1238 1658 1274">
    <p class='ocr_par' dir='ltr' id='par_1_64' title="bbox 868 1238 1658 1274">
     <span class='ocr_line' id='line_1_64' title="bbox 868 1238 1658 1274; baseline 0.013 -10"><span class='ocrx_word' id='word_1_488' title='bbox 868 1244 952 1271; x_wconf 87' lang='lat' dir='ltr'><strong>num;</strong></span> <span class='ocrx_word' id='word_1_489' title='bbox 981 1242 1009 1265; x_wconf 90' lang='lat' dir='ltr'><strong>et</strong></span> <span class='ocrx_word' id='word_1_490' title='bbox 1032 1238 1168 1267; x_wconf 63' lang='lat' dir='ltr'><strong>laetaberis</strong></span> <span class='ocrx_word' id='word_1_491' title='bbox 1187 1240 1214 1267; x_wconf 89' lang='lat' dir='ltr'><strong>in</strong></span> <span class='ocrx_word' id='word_1_492' title='bbox 1239 1248 1281 1268; x_wconf 91' lang='lat' dir='ltr'><strong>ea.</strong></span> <span class='ocrx_word' id='word_1_493' title='bbox 1305 1241 1401 1271; x_wconf 85' lang='lat' dir='ltr'><strong>Omnis</strong></span> <span class='ocrx_word' id='word_1_494' title='bbox 1418 1243 1491 1272; x_wconf 92' lang='lat' dir='ltr'><strong>enim</strong></span> <span class='ocrx_word' id='word_1_495' title='bbox 1507 1245 1602 1274; x_wconf 86' lang='lat' dir='ltr'><strong>hilaris</strong></span> <span class='ocrx_word' id='word_1_496' title='bbox 1614 1247 1658 1274; x_wconf 90' lang='lat' dir='ltr'><strong>vir</strong></span> 
     </span>
    </p>
   </div>
   <div class='ocr_carea' id='block_1_65' title="bbox 868 1283 1658 1327">
    <p class='ocr_par' dir='ltr' id='par_1_65' title="bbox 868 1283 1658 1327">
     <span class='ocr_line' id='line_1_65' title="bbox 868 1283 1658 1327; baseline 0.011 -16"><span class='ocrx_word' id='word_1_497' title='bbox 868 1283 938 1312; x_wconf 88' lang='lat' dir='ltr'><strong>bene</strong></span> <span class='ocrx_word' id='word_1_498' title='bbox 957 1289 1097 1319; x_wconf 85' lang='lat' dir='ltr'><strong>operatur,</strong></span> <span class='ocrx_word' id='word_1_499' title='bbox 1109 1290 1135 1313; x_wconf 90' lang='lat' dir='ltr'><strong>et</strong></span> <span class='ocrx_word' id='word_1_500' title='bbox 1149 1286 1221 1314; x_wconf 90' lang='lat' dir='ltr'><strong>bona</strong></span> <span class='ocrx_word' id='word_1_501' title='bbox 1234 1287 1315 1322; x_wconf 84' lang='lat' dir='ltr'><strong>sapit,</strong></span> <span class='ocrx_word' id='word_1_502' title='bbox 1334 1294 1361 1316; x_wconf 84' lang='lat' dir='ltr'><strong>et</strong></span> <span class='ocrx_word' id='word_1_503' title='bbox 1378 1291 1530 1319; x_wconf 83' lang='lat' dir='ltr'><strong>contemnit</strong></span> <span class='ocrx_word' id='word_1_504' title='bbox 1546 1292 1658 1327; x_wconf 86' lang='lat' dir='ltr'><strong>injusti-</strong></span> 
     </span>
    </p>
   </div>
   <div class='ocr_carea' id='block_1_66' title="bbox 867 1330 1657 1373">
    <p class='ocr_par' dir='ltr' id='par_1_66' title="bbox 867 1330 1657 1373">
     <span class='ocr_line' id='line_1_66' title="bbox 867 1330 1657 1373; baseline 0.014 -17"><span class='ocrx_word' id='word_1_505' title='bbox 867 1330 934 1357; x_wconf 87' lang='lat' dir='ltr'><strong>tiam</strong></span> <span class='ocrx_word' id='word_1_506' title='bbox 958 1330 1025 1366; x_wconf 88' lang='lat'><strong>(80).</strong></span> <span class='ocrx_word' id='word_1_507' title='bbox 1054 1330 1103 1359; x_wconf 82' lang='lat' dir='ltr'><strong>Vir</strong></span> <span class='ocrx_word' id='word_1_508' title='bbox 1123 1338 1212 1360; x_wconf 83' lang='lat' dir='ltr'><strong>autem</strong></span> <span class='ocrx_word' id='word_1_509' title='bbox 1230 1334 1317 1362; x_wconf 90' lang='lat' dir='ltr'><strong>tristis</strong></span> <span class='ocrx_word' id='word_1_510' title='bbox 1341 1335 1412 1363; x_wconf 91' lang='lat' dir='ltr'><strong>male</strong></span> <span class='ocrx_word' id='word_1_511' title='bbox 1431 1335 1511 1371; x_wconf 81' lang='lat' dir='ltr'><strong>facit;</strong></span> <span class='ocrx_word' id='word_1_512' title='bbox 1531 1340 1596 1373; x_wconf 88' lang='lat' dir='ltr'><strong>quia</strong></span> <span class='ocrx_word' id='word_1_513' title='bbox 1608 1339 1657 1367; x_wconf 89' lang='lat' dir='ltr'><strong>tri-</strong></span> 
     </span>
    </p>
   </div>
   <div class='ocr_carea' id='block_1_67' title="bbox 868 1375 1658 1416">
    <p class='ocr_par' dir='ltr' id='par_1_67' title="bbox 868 1375 1658 1416">
     <span class='ocr_line' id='line_1_67' title="bbox 868 1375 1658 1416; baseline 0.014 -14"><span class='ocrx_word' id='word_1_514' title='bbox 868 1379 937 1403; x_wconf 87' lang='lat' dir='ltr'><strong>stem</strong></span> <span class='ocrx_word' id='word_1_515' title='bbox 952 1375 1016 1405; x_wconf 81' lang='lat' dir='ltr'><strong>facit</strong></span> <span class='ocrx_word' id='word_1_516' title='bbox 1033 1377 1165 1412; x_wconf 87' lang='lat' dir='ltr'><strong>Spiritum</strong></span> <span class='ocrx_word' id='word_1_517' title='bbox 1179 1384 1316 1412; x_wconf 86' lang='lat' dir='ltr'><strong>sanctum,</strong></span> <span class='ocrx_word' id='word_1_518' title='bbox 1333 1382 1379 1416; x_wconf 91' lang='lat' dir='ltr'><strong>qui</strong></span> <span class='ocrx_word' id='word_1_519' title='bbox 1399 1382 1480 1411; x_wconf 83' lang='lat' dir='ltr'><strong>datus</strong></span> <span class='ocrx_word' id='word_1_520' title='bbox 1494 1388 1535 1411; x_wconf 90' lang='lat' dir='ltr'><strong>est</strong></span> <span class='ocrx_word' id='word_1_521' title='bbox 1549 1385 1658 1414; x_wconf 85' lang='lat' dir='ltr'><strong>homini</strong></span> 
     </span>
    </p>
   </div>
   <div class='ocr_carea' id='block_1_68' title="bbox 867 1421 1658 1464">
    <p class='ocr_par' dir='ltr' id='par_1_68' title="bbox 867 1421 1658 1464">
     <span class='ocr_line' id='line_1_68' title="bbox 867 1421 1658 1464; baseline 0.014 -16"><span class='ocrx_word' id='word_1_522' title='bbox 867 1421 947 1449; x_wconf 76' lang='lat' dir='ltr'><strong>hilari</strong></span> <span class='ocrx_word' id='word_1_523' title='bbox 960 1421 1027 1458; x_wconf 84' lang='lat' dir='ltr'><strong>(8t).</strong></span> <span class='ocrx_word' id='word_1_524' title='bbox 1044 1422 1077 1451; x_wconf 87' lang='lat' dir='ltr'><strong>Et</strong></span> <span class='ocrx_word' id='word_1_525' title='bbox 1091 1424 1189 1452; x_wconf 90' lang='lat' dir='ltr'><strong>iterum</strong></span> <span class='ocrx_word' id='word_1_526' title='bbox 1205 1425 1277 1453; x_wconf 86' lang='lat' dir='ltr'><strong>male</strong></span> <span class='ocrx_word' id='word_1_527' title='bbox 1298 1425 1373 1461; x_wconf 80' lang='lat' dir='ltr'><strong>facit,</strong></span> <span class='ocrx_word' id='word_1_528' title='bbox 1394 1428 1467 1464; x_wconf 93' lang='lat' dir='ltr'><strong>quod</strong></span> <span class='ocrx_word' id='word_1_529' title='bbox 1491 1430 1577 1458; x_wconf 86' lang='lat' dir='ltr'><strong>tristis</strong></span> <span class='ocrx_word' id='word_1_530' title='bbox 1596 1438 1658 1460; x_wconf 79' lang='lat' dir='ltr'><strong>om</strong></span> 
     </span>
    </p>
   </div>
   <div class='ocr_carea' id='block_1_69' title="bbox 867 1466 1656 1511">
    <p class='ocr_par' dir='ltr' id='par_1_69' title="bbox 867 1466 1656 1511">
     <span class='ocr_line' id='line_1_69' title="bbox 867 1466 1656 1511; baseline 0.014 -17"><span class='ocrx_word' id='word_1_531' title='bbox 867 1466 1027 1502; x_wconf 89' lang='lat' dir='ltr'><strong>Dominum,</strong></span> <span class='ocrx_word' id='word_1_532' title='bbox 1041 1473 1069 1496; x_wconf 91' lang='lat' dir='ltr'><strong>et</strong></span> <span class='ocrx_word' id='word_1_533' title='bbox 1086 1477 1140 1497; x_wconf 93' lang='lat' dir='ltr'><strong>non</strong></span> <span class='ocrx_word' id='word_1_534' title='bbox 1162 1475 1225 1499; x_wconf 84' lang='lat' dir='ltr'><strong>ante</strong></span> <span class='ocrx_word' id='word_1_535' title='bbox 1245 1471 1310 1500; x_wconf 81' lang='lat' dir='ltr'><strong>facit</strong></span> <span class='ocrx_word' id='word_1_536' title='bbox 1329 1475 1546 1511; x_wconf 82' lang='lat' dir='ltr'><strong>exomologesin,</strong></span> <span class='ocrx_word' id='word_1_537' title='bbox 1560 1482 1587 1504; x_wconf 89' lang='lat' dir='ltr'><strong>et</strong></span> <span class='ocrx_word' id='word_1_538' title='bbox 1600 1485 1656 1505; x_wconf 83' lang='lat' dir='ltr'><strong>non</strong></span> 
     </span>
    </p>
   </div>
   <div class='ocr_carea' id='block_1_70' title="bbox 867 1513 1656 1556">
    <p class='ocr_par' dir='ltr' id='par_1_70' title="bbox 867 1513 1656 1556">
     <span class='ocr_line' id='line_1_70' title="bbox 867 1513 1656 1556; baseline 0.014 -16"><span class='ocrx_word' id='word_1_539' title='bbox 867 1513 1024 1549; x_wconf 87' lang='lat' dir='ltr'><strong>impetrata</strong></span> <span class='ocrx_word' id='word_1_540' title='bbox 1045 1514 1102 1542; x_wconf 88' lang='lat' dir='ltr'><strong>Deo</strong></span> <span class='ocrx_word' id='word_1_541' title='bbox 1125 1517 1200 1551; x_wconf 88' lang='lat' dir='ltr'><strong>quod</strong></span> <span class='ocrx_word' id='word_1_542' title='bbox 1224 1518 1300 1552; x_wconf 87' lang='lat' dir='ltr'><strong>petit.</strong></span> <span class='ocrx_word' id='word_1_543' title='bbox 1333 1518 1446 1556; x_wconf 89' lang='lat' dir='ltr'><strong>Semper</strong></span> <span class='ocrx_word' id='word_1_544' title='bbox 1470 1522 1542 1549; x_wconf 88' lang='lat' dir='ltr'><strong>enim</strong></span> <span class='ocrx_word' id='word_1_545' title='bbox 1567 1524 1656 1552; x_wconf 87' lang='lat' dir='ltr'><strong>oratio</strong></span> 
     </span>
    </p>
   </div>
   <div class='ocr_carea' id='block_1_71' title="bbox 866 1561 1655 1606">
    <p class='ocr_par' dir='ltr' id='par_1_71' title="bbox 866 1561 1655 1606">
     <span class='ocr_line' id='line_1_71' title="bbox 866 1561 1655 1606; baseline 0.014 -19"><span class='ocrx_word' id='word_1_546' title='bbox 866 1561 954 1588; x_wconf 87' lang='lat' dir='ltr'><strong>tristis</strong></span> <span class='ocrx_word' id='word_1_547' title='bbox 967 1561 1088 1589; x_wconf 89' lang='lat' dir='ltr'><strong>hominis</strong></span> <span class='ocrx_word' id='word_1_548' title='bbox 1104 1569 1159 1590; x_wconf 90' lang='lat' dir='ltr'><strong>non</strong></span> <span class='ocrx_word' id='word_1_549' title='bbox 1175 1563 1257 1591; x_wconf 88' lang='lat' dir='ltr'><strong>habet</strong></span> <span class='ocrx_word' id='word_1_550' title='bbox 1267 1565 1406 1600; x_wconf 87' lang='lat' dir='ltr'><strong>virtutem,</strong></span> <span class='ocrx_word' id='word_1_551' title='bbox 1424 1571 1454 1594; x_wconf 88' lang='lat' dir='ltr'><strong>ut</strong></span> <span class='ocrx_word' id='word_1_552' title='bbox 1468 1569 1580 1597; x_wconf 86' lang='lat' dir='ltr'><strong>accedat</strong></span> <span class='ocrx_word' id='word_1_553' title='bbox 1598 1569 1655 1606; x_wconf 76' lang='grc'><strong>(82)</strong></span> 
     </span>
    </p>
   </div>
   <div class='ocr_carea' id='block_1_72' title="bbox 867 1606 1657 1648">
    <p class='ocr_par' dir='ltr' id='par_1_72' title="bbox 867 1606 1657 1648">
     <span class='ocr_line' id='line_1_72' title="bbox 867 1606 1657 1648; baseline 0.015 -16"><span class='ocrx_word' id='word_1_554' title='bbox 867 1606 901 1633; x_wconf 89' lang='lat' dir='ltr'><strong>ad</strong></span> <span class='ocrx_word' id='word_1_555' title='bbox 916 1606 1001 1634; x_wconf 89' lang='lat' dir='ltr'><strong>altare</strong></span> <span class='ocrx_word' id='word_1_556' title='bbox 1011 1606 1071 1635; x_wconf 92' lang='lat' dir='ltr'><strong>Dei.</strong></span> <span class='ocrx_word' id='word_1_557' title='bbox 1083 1607 1116 1635; x_wconf 85' lang='lat' dir='ltr'><strong>Et</strong></span> <span class='ocrx_word' id='word_1_558' title='bbox 1127 1608 1182 1636; x_wconf 78' lang='lat' dir='ltr'><strong>dixi</strong></span> <span class='ocrx_word' id='word_1_559' title='bbox 1199 1609 1237 1636; x_wconf 90' lang='lat' dir='ltr'><strong>illi</strong></span> <span class='ocrx_word' id='word_1_560' title='bbox 1261 1619 1268 1637; x_wconf 89' lang='lat'><strong>:</strong></span> <span class='ocrx_word' id='word_1_561' title='bbox 1286 1610 1410 1645; x_wconf 89' lang='lat' dir='ltr'><strong>Domine,</strong></span> <span class='ocrx_word' id='word_1_562' title='bbox 1430 1621 1515 1648; x_wconf 88' lang='lat' dir='ltr'><strong>quare</strong></span> <span class='ocrx_word' id='word_1_563' title='bbox 1532 1623 1586 1642; x_wconf 93' lang='lat' dir='ltr'><strong>non</strong></span> <span class='ocrx_word' id='word_1_564' title='bbox 1606 1617 1657 1644; x_wconf 88' lang='lat' dir='ltr'><strong>ha-</strong></span> 
     </span>
    </p>
   </div>
   <div class='ocr_carea' id='block_1_73' title="bbox 867 1651 1655 1692">
    <p class='ocr_par' dir='ltr' id='par_1_73' title="bbox 867 1651 1655 1692">
     <span class='ocr_line' id='line_1_73' title="bbox 867 1651 1655 1692; baseline 0.015 -14"><span class='ocrx_word' id='word_1_565' title='bbox 867 1651 913 1679; x_wconf 89' lang='lat' dir='ltr'><strong>bet</strong></span> <span class='ocrx_word' id='word_1_566' title='bbox 930 1652 1062 1681; x_wconf 82' lang='lat' dir='ltr'><strong>virtutem</strong></span> <span class='ocrx_word' id='word_1_567' title='bbox 1076 1654 1164 1682; x_wconf 87' lang='lat' dir='ltr'><strong>oratio</strong></span> <span class='ocrx_word' id='word_1_568' title='bbox 1182 1655 1268 1683; x_wconf 88' lang='lat' dir='ltr'><strong>tristis</strong></span> <span class='ocrx_word' id='word_1_569' title='bbox 1287 1656 1418 1692; x_wconf 92' lang='lat' dir='ltr'><strong>hominis,</strong></span> <span class='ocrx_word' id='word_1_570' title='bbox 1434 1661 1603 1689; x_wconf 90' lang='lat' dir='ltr'><strong>utascendat</strong></span> <span class='ocrx_word' id='word_1_571' title='bbox 1620 1662 1655 1690; x_wconf 81' lang='lat' dir='ltr'><strong>ad</strong></span> 
     </span>
    </p>
   </div>
   <div class='ocr_carea' id='block_1_74' title="bbox 865 1697 1654 1738">
    <p class='ocr_par' dir='ltr' id='par_1_74' title="bbox 865 1697 1654 1738">
     <span class='ocr_line' id='line_1_74' title="bbox 865 1697 1654 1738; baseline 0.015 -14"><span class='ocrx_word' id='word_1_572' title='bbox 865 1697 952 1725; x_wconf 86' lang='lat' dir='ltr'><strong>altare</strong></span> <span class='ocrx_word' id='word_1_573' title='bbox 968 1697 1097 1726; x_wconf 79' lang='lat' dir='ltr'><strong>Domini?</strong></span> <span class='ocrx_word' id='word_1_574' title='bbox 1122 1699 1267 1735; x_wconf 87' lang='lat' dir='ltr'><strong>Quoniam,</strong></span> <span class='ocrx_word' id='word_1_575' title='bbox 1284 1702 1383 1738; x_wconf 90' lang='lat' dir='ltr'><strong>inquit,</strong></span> <span class='ocrx_word' id='word_1_576' title='bbox 1409 1705 1518 1733; x_wconf 87' lang='lat' dir='ltr'><strong>tristitia</strong></span> <span class='ocrx_word' id='word_1_577' title='bbox 1536 1706 1611 1735; x_wconf 88' lang='lat' dir='ltr'><strong>sedet</strong></span> <span class='ocrx_word' id='word_1_578' title='bbox 1625 1708 1654 1736; x_wconf 90' lang='lat' dir='ltr'><strong>in</strong></span> 
     </span>
    </p>
   </div>
   <div class='ocr_carea' id='block_1_75' title="bbox 866 1743 1654 1781">
    <p class='ocr_par' dir='ltr' id='par_1_75' title="bbox 866 1743 1654 1781">
     <span class='ocr_line' id='line_1_75' title="bbox 866 1743 1654 1781; baseline 0.014 -11"><span class='ocrx_word' id='word_1_579' title='bbox 866 1743 949 1771; x_wconf 87' lang='lat' dir='ltr'><strong>corde</strong></span> <span class='ocrx_word' id='word_1_580' title='bbox 969 1744 1039 1779; x_wconf 82' lang='lat' dir='ltr'><strong>ejus.</strong></span> <span class='ocrx_word' id='word_1_581' title='bbox 1060 1745 1128 1772; x_wconf 88' lang='lat' dir='ltr'><strong>Cum</strong></span> <span class='ocrx_word' id='word_1_582' title='bbox 1142 1754 1207 1781; x_wconf 82' lang='lat' dir='ltr'><strong>ergo</strong></span> <span class='ocrx_word' id='word_1_583' title='bbox 1222 1747 1303 1776; x_wconf 88' lang='lat' dir='ltr'><strong>mista</strong></span> <span class='ocrx_word' id='word_1_584' title='bbox 1319 1748 1401 1777; x_wconf 86' lang='lat' dir='ltr'><strong>fuerit</strong></span> <span class='ocrx_word' id='word_1_585' title='bbox 1419 1752 1507 1779; x_wconf 88' lang='lat' dir='ltr'><strong>oratio</strong></span> <span class='ocrx_word' id='word_1_586' title='bbox 1521 1752 1573 1780; x_wconf 90' lang='lat' dir='ltr'><strong>viri</strong></span> <span class='ocrx_word' id='word_1_587' title='bbox 1590 1761 1654 1781; x_wconf 90' lang='lat' dir='ltr'><strong>cum</strong></span> 
     </span>
    </p>
   </div>
   <div class='ocr_carea' id='block_1_76' title="bbox 866 1790 1654 1828">
    <p class='ocr_par' dir='ltr' id='par_1_76' title="bbox 866 1790 1654 1828">
     <span class='ocr_line' id='line_1_76' title="bbox 866 1790 1654 1828; baseline 0.014 -12"><span class='ocrx_word' id='word_1_588' title='bbox 866 1790 989 1824; x_wconf 87' lang='lat' dir='ltr'><strong>tristitia,</strong></span> <span class='ocrx_word' id='word_1_589' title='bbox 1002 1799 1055 1818; x_wconf 89' lang='lat' dir='ltr'><strong>non</strong></span> <span class='ocrx_word' id='word_1_590' title='bbox 1069 1792 1188 1827; x_wconf 83' lang='lat' dir='ltr'><strong>patietur</strong></span> <span class='ocrx_word' id='word_1_591' title='bbox 1199 1794 1350 1822; x_wconf 84' lang='lat' dir='ltr'><strong>orationem</strong></span> <span class='ocrx_word' id='word_1_592' title='bbox 1365 1797 1493 1824; x_wconf 84' lang='lat' dir='ltr'><strong>mundam</strong></span> <span class='ocrx_word' id='word_1_593' title='bbox 1505 1799 1654 1828; x_wconf 87' lang='lat' dir='ltr'><strong>ascendere</strong></span> 
     </span>
    </p>
   </div>
   <div class='ocr_carea' id='block_1_77' title="bbox 865 1835 1652 1874">
    <p class='ocr_par' dir='ltr' id='par_1_77' title="bbox 865 1835 1652 1874">
     <span class='ocr_line' id='line_1_77' title="bbox 865 1835 1652 1874; baseline 0.014 -12"><span class='ocrx_word' id='word_1_594' title='bbox 865 1835 900 1863; x_wconf 90' lang='lat' dir='ltr'><strong>ad</strong></span> <span class='ocrx_word' id='word_1_595' title='bbox 926 1836 1011 1864; x_wconf 89' lang='lat' dir='ltr'><strong>altare</strong></span> <span class='ocrx_word' id='word_1_596' title='bbox 1034 1837 1092 1865; x_wconf 85' lang='lat' dir='ltr'><strong>Dei.</strong></span> <span class='ocrx_word' id='word_1_597' title='bbox 1123 1837 1200 1867; x_wconf 85' lang='lat' dir='ltr'><strong>Sicut</strong></span> <span class='ocrx_word' id='word_1_598' title='bbox 1225 1840 1298 1867; x_wconf 90' lang='lat' dir='ltr'><strong>enim</strong></span> <span class='ocrx_word' id='word_1_599' title='bbox 1323 1841 1417 1869; x_wconf 90' lang='lat' dir='ltr'><strong>vinum</strong></span> <span class='ocrx_word' id='word_1_600' title='bbox 1440 1847 1518 1871; x_wconf 87' lang='lat' dir='ltr'><strong>aceto</strong></span> <span class='ocrx_word' id='word_1_601' title='bbox 1540 1844 1652 1874; x_wconf 88' lang='lat' dir='ltr'><strong>mistum</strong></span> 
     </span>
    </p>
   </div>
   <div class='ocr_carea' id='block_1_78' title="bbox 864 1882 1655 1927">
    <p class='ocr_par' dir='ltr' id='par_1_78' title="bbox 864 1882 1655 1927">
     <span class='ocr_line' id='line_1_78' title="bbox 864 1882 1655 1927; baseline 0.013 -18"><span class='ocrx_word' id='word_1_602' title='bbox 864 1882 988 1910; x_wconf 88' lang='lat' dir='ltr'><strong>eamdem</strong></span> <span class='ocrx_word' id='word_1_603' title='bbox 1007 1884 1169 1912; x_wconf 81' lang='lat' dir='ltr'><strong>suavitatem</strong></span> <span class='ocrx_word' id='word_1_604' title='bbox 1187 1893 1242 1913; x_wconf 94' lang='lat' dir='ltr'><strong>non</strong></span> <span class='ocrx_word' id='word_1_605' title='bbox 1260 1886 1343 1915; x_wconf 84' lang='lat' dir='ltr'><strong>habet</strong></span> <span class='ocrx_word' id='word_1_606' title='bbox 1357 1897 1364 1915; x_wconf 90' lang='lat'>:</span> <span class='ocrx_word' id='word_1_607' title='bbox 1377 1888 1418 1916; x_wconf 91' lang='lat' dir='ltr'><strong>sic</strong></span> <span class='ocrx_word' id='word_1_608' title='bbox 1431 1894 1458 1916; x_wconf 86' lang='lat' dir='ltr'><strong>et</strong></span> <span class='ocrx_word' id='word_1_609' title='bbox 1469 1890 1579 1918; x_wconf 85' lang='lat' dir='ltr'><strong>tristitia</strong></span> <span class='ocrx_word' id='word_1_610' title='bbox 1591 1891 1655 1927; x_wconf 88' lang='lat' dir='ltr'><strong>Spi-</strong></span> 
     </span>
    </p>
   </div>
   <div class='ocr_carea' id='block_1_79' title="bbox 863 1929 1651 1966">
    <p class='ocr_par' dir='ltr' id='par_1_79' title="bbox 863 1929 1651 1966">
     <span class='ocr_line' id='line_1_79' title="bbox 863 1929 1651 1966; baseline 0.011 -10"><span class='ocrx_word' id='word_1_611' title='bbox 863 1929 929 1956; x_wconf 89' lang='lat' dir='ltr'><strong>ritui</strong></span> <span class='ocrx_word' id='word_1_612' title='bbox 945 1934 1039 1957; x_wconf 86' lang='lat' dir='ltr'><strong>sancto</strong></span> <span class='ocrx_word' id='word_1_613' title='bbox 1055 1931 1135 1958; x_wconf 89' lang='lat' dir='ltr'><strong>mista</strong></span> <span class='ocrx_word' id='word_1_614' title='bbox 1149 1932 1272 1960; x_wconf 90' lang='lat' dir='ltr'><strong>eamdem</strong></span> <span class='ocrx_word' id='word_1_615' title='bbox 1288 1934 1440 1962; x_wconf 90' lang='lat' dir='ltr'><strong>orationem</strong></span> <span class='ocrx_word' id='word_1_616' title='bbox 1453 1937 1583 1964; x_wconf 87' lang='lat' dir='ltr'><strong>mundam</strong></span> <span class='ocrx_word' id='word_1_617' title='bbox 1595 1945 1651 1966; x_wconf 89' lang='lat' dir='ltr'><strong>non</strong></span> 
     </span>
    </p>
   </div>
   <div class='ocr_carea' id='block_1_80' title="bbox 863 1975 1651 2016">
    <p class='ocr_par' dir='ltr' id='par_1_80' title="bbox 863 1975 1651 2016">
     <span class='ocr_line' id='line_1_80' title="bbox 863 1975 1651 2016; baseline 0.011 -14"><span class='ocrx_word' id='word_1_618' title='bbox 863 1975 955 2004; x_wconf 83' lang='lat' dir='ltr'><strong>habet.</strong></span> <span class='ocrx_word' id='word_1_619' title='bbox 973 1975 1074 2004; x_wconf 88' lang='lat' dir='ltr'><strong>Munda</strong></span> <span class='ocrx_word' id='word_1_620' title='bbox 1091 1985 1156 2012; x_wconf 79' lang='lat' dir='ltr'><strong>ergo</strong></span> <span class='ocrx_word' id='word_1_621' title='bbox 1185 1982 1211 2006; x_wconf 89' lang='lat' dir='ltr'><strong>te</strong></span> <span class='ocrx_word' id='word_1_622' title='bbox 1234 1986 1249 2005; x_wconf 92' lang='lat' dir='ltr'><strong>a</strong></span> <span class='ocrx_word' id='word_1_623' title='bbox 1274 1979 1385 2008; x_wconf 86' lang='lat' dir='ltr'><strong>tristitia</strong></span> <span class='ocrx_word' id='word_1_624' title='bbox 1409 1981 1498 2016; x_wconf 89' lang='lat' dir='ltr'><strong>mala,</strong></span> <span class='ocrx_word' id='word_1_625' title='bbox 1522 1986 1550 2010; x_wconf 92' lang='lat' dir='ltr'><strong>et</strong></span> <span class='ocrx_word' id='word_1_626' title='bbox 1575 1983 1651 2011; x_wconf 83' lang='lat' dir='ltr'><strong>vives</strong></span> 
     </span>
    </p>
   </div>
   <div class='ocr_carea' id='block_1_81' title="bbox 864 2022 1651 2064">
    <p class='ocr_par' dir='ltr' id='par_1_81' title="bbox 864 2022 1651 2064">
     <span class='ocr_line' id='line_1_81' title="bbox 864 2022 1651 2064; baseline 0.013 -15"><span class='ocrx_word' id='word_1_627' title='bbox 864 2022 941 2050; x_wconf 87' lang='lat' dir='ltr'><strong>Deo:</strong></span> <span class='ocrx_word' id='word_1_628' title='bbox 958 2027 985 2050; x_wconf 88' lang='lat' dir='ltr'><strong>et</strong></span> <span class='ocrx_word' id='word_1_629' title='bbox 1005 2031 1101 2051; x_wconf 86' lang='lat' dir='ltr'><strong>omnes</strong></span> <span class='ocrx_word' id='word_1_630' title='bbox 1118 2024 1209 2051; x_wconf 90' lang='lat' dir='ltr'><strong>vivent</strong></span> <span class='ocrx_word' id='word_1_631' title='bbox 1232 2024 1298 2059; x_wconf 89' lang='lat' dir='ltr'><strong>Deo,</strong></span> <span class='ocrx_word' id='word_1_632' title='bbox 1320 2027 1368 2061; x_wconf 92' lang='lat' dir='ltr'><strong>qui</strong></span> <span class='ocrx_word' id='word_1_633' title='bbox 1392 2028 1558 2064; x_wconf 87' lang='lat' dir='ltr'><strong>projccerint</strong></span> <span class='ocrx_word' id='word_1_634' title='bbox 1580 2037 1597 2058; x_wconf 87' lang='lat' dir='ltr'><strong>a</strong></span> <span class='ocrx_word' id='word_1_635' title='bbox 1619 2038 1651 2059; x_wconf 83' lang='lat' dir='ltr'><strong>se</strong></span> 
     </span>
    </p>
   </div>
   <div class='ocr_carea' id='block_1_82' title="bbox 863 2069 1397 2104">
    <p class='ocr_par' dir='ltr' id='par_1_82' title="bbox 863 2069 1397 2104">
     <span class='ocr_line' id='line_1_82' title="bbox 863 2069 1397 2104; baseline 0.009 -8"><span class='ocrx_word' id='word_1_636' title='bbox 863 2069 1012 2104; x_wconf 87' lang='lat' dir='ltr'><strong>tristitiam,</strong></span> <span class='ocrx_word' id='word_1_637' title='bbox 1030 2075 1058 2098; x_wconf 87' lang='lat' dir='ltr'><strong>et</strong></span> <span class='ocrx_word' id='word_1_638' title='bbox 1069 2070 1208 2098; x_wconf 89' lang='lat' dir='ltr'><strong>induerint</strong></span> <span class='ocrx_word' id='word_1_639' title='bbox 1222 2071 1397 2101; x_wconf 83' lang='lat' dir='ltr'><strong>hilaritatem.</strong></span> 
     </span>
    </p>
   </div>
   <div class='ocr_carea' id='block_1_83' title="bbox 651 2153 1012 2188">
    <p class='ocr_par' dir='ltr' id='par_1_83' title="bbox 651 2153 1012 2188">
     <span class='ocr_line' id='line_1_83' title="bbox 651 2153 1012 2188; baseline 0 -9"><span class='ocrx_word' id='word_1_640' title='bbox 651 2154 822 2188; x_wconf 75' lang='lat' dir='ltr'><strong>ANTIOCHUS,</strong></span> <span class='ocrx_word' id='word_1_641' title='bbox 839 2154 950 2181; x_wconf 86' lang='lat' dir='ltr'><strong>homilia</strong></span> <span class='ocrx_word' id='word_1_642' title='bbox 965 2153 1012 2180; x_wconf 75' lang='lat'><strong>25.</strong></span> 
     </span>
    </p>
   </div>
   <div class='ocr_carea' id='block_1_84' title="bbox 66 2215 806 2257">
    <p class='ocr_par' dir='ltr' id='par_1_84' title="bbox 66 2215 806 2257">
     <span class='ocr_line' id='line_1_84' title="bbox 66 2215 806 2257; baseline 0.003 -12"><span class='ocrx_word' id='word_1_643' title='bbox 66 2215 138 2254; x_wconf 68' lang='lat' dir='ltr'><strong>&#39;Apov</strong></span> <span class='ocrx_word' id='word_1_644' title='bbox 149 2218 194 2248; x_wconf 86' lang='grc' dir='ltr'>οὗν</span> <span class='ocrx_word' id='word_1_645' title='bbox 210 2221 266 2248; x_wconf 77' lang='grc' dir='ltr'><strong>ἀπὸ</strong></span> <span class='ocrx_word' id='word_1_646' title='bbox 283 2220 329 2247; x_wconf 84' lang='grc' dir='ltr'>σοῦ</span> <span class='ocrx_word' id='word_1_647' title='bbox 345 2220 446 2257; x_wconf 84' lang='grc' dir='ltr'>ταύτην</span> <span class='ocrx_word' id='word_1_648' title='bbox 461 2220 510 2256; x_wconf 84' lang='grc' dir='ltr'>τὴν</span> <span class='ocrx_word' id='word_1_649' title='bbox 530 2219 627 2254; x_wconf 84' lang='grc' dir='ltr'>λύπην,</span> <span class='ocrx_word' id='word_1_650' title='bbox 644 2221 691 2246; x_wconf 78' lang='grc' dir='ltr'><strong>καὶ</strong></span> <span class='ocrx_word' id='word_1_651' title='bbox 707 2220 744 2256; x_wconf 82' lang='grc' dir='ltr'>μὴ</span> <span class='ocrx_word' id='word_1_652' title='bbox 759 2220 806 2247; x_wconf 87' lang='grc' dir='ltr'><strong>λύ-</strong></span> 
     </span>
    </p>
   </div>
   <div class='ocr_carea' id='block_1_85' title="bbox 38 2264 807 2302">
    <p class='ocr_par' dir='ltr' id='par_1_85' title="bbox 38 2264 807 2302">
     <span class='ocr_line' id='line_1_85' title="bbox 38 2264 807 2302; baseline 0 -11"><span class='ocrx_word' id='word_1_653' title='bbox 38 2270 76 2289; x_wconf 74' lang='grc' dir='ltr'>πει</span> <span class='ocrx_word' id='word_1_654' title='bbox 92 2265 120 2292; x_wconf 69' lang='grc' dir='ltr'>τὸ</span> <span class='ocrx_word' id='word_1_655' title='bbox 140 2267 250 2302; x_wconf 76' lang='grc' dir='ltr'>Πνεῦμα</span> <span class='ocrx_word' id='word_1_656' title='bbox 271 2267 303 2293; x_wconf 72' lang='grc' dir='ltr'>τὸ</span> <span class='ocrx_word' id='word_1_657' title='bbox 325 2266 413 2301; x_wconf 81' lang='grc' dir='ltr'>ἆγιον,</span> <span class='ocrx_word' id='word_1_658' title='bbox 431 2266 462 2292; x_wconf 80' lang='grc' dir='ltr'>τὸ</span> <span class='ocrx_word' id='word_1_659' title='bbox 481 2264 624 2292; x_wconf 77' lang='grc' dir='ltr'>χατοικοῧν</span> <span class='ocrx_word' id='word_1_660' title='bbox 640 2265 669 2291; x_wconf 85' lang='grc' dir='ltr'><strong>ἐν</strong></span> <span class='ocrx_word' id='word_1_661' title='bbox 687 2265 736 2291; x_wconf 86' lang='grc' dir='ltr'><strong>σοι·</strong></span> <span class='ocrx_word' id='word_1_662' title='bbox 757 2266 807 2300; x_wconf 89' lang='grc' dir='ltr'><strong>μή-</strong></span> 
     </span>
    </p>
   </div>
   <div class='ocr_carea' id='block_1_86' title="bbox 895 2219 1649 2258">
    <p class='ocr_par' dir='ltr' id='par_1_86' title="bbox 895 2219 1649 2258">
     <span class='ocr_line' id='line_1_86' title="bbox 895 2219 1649 2258; baseline 0.009 -13"><span class='ocrx_word' id='word_1_663' title='bbox 895 2220 979 2254; x_wconf 76' lang='lat' dir='ltr'><strong>Aufer</strong></span> <span class='ocrx_word' id='word_1_664' title='bbox 993 2227 1054 2254; x_wconf 83' lang='lat' dir='ltr'><strong>ergo</strong></span> <span class='ocrx_word' id='word_1_665' title='bbox 1069 2219 1137 2246; x_wconf 83' lang='lat' dir='ltr'><strong>hanc</strong></span> <span class='ocrx_word' id='word_1_666' title='bbox 1157 2219 1295 2246; x_wconf 74' lang='lat' dir='ltr'><strong>tristitiam</strong></span> <span class='ocrx_word' id='word_1_667' title='bbox 1315 2228 1331 2246; x_wconf 82' lang='grc' dir='ltr'><strong>ιι</strong></span> <span class='ocrx_word' id='word_1_668' title='bbox 1352 2225 1386 2253; x_wconf 83' lang='lat' dir='ltr'><strong>te,</strong></span> <span class='ocrx_word' id='word_1_669' title='bbox 1405 2226 1429 2248; x_wconf 87' lang='lat' dir='ltr'><strong>et</strong></span> <span class='ocrx_word' id='word_1_670' title='bbox 1450 2222 1506 2249; x_wconf 83' lang='lat' dir='ltr'><strong>noti</strong></span> <span class='ocrx_word' id='word_1_671' title='bbox 1519 2223 1649 2258; x_wconf 77' lang='lat' dir='ltr'><strong>o/I‘endere</strong></span> 
     </span>
    </p>
   </div>
   <div class='ocr_carea' id='block_1_87' title="bbox 860 2266 1648 2304">
    <p class='ocr_par' dir='ltr' id='par_1_87' title="bbox 860 2266 1648 2304">
     <span class='ocr_line' id='line_1_87' title="bbox 860 2266 1648 2304; baseline 0.006 -10"><span class='ocrx_word' id='word_1_672' title='bbox 860 2266 989 2301; x_wconf 80' lang='lat' dir='ltr'><strong>Spiritum</strong></span> <span class='ocrx_word' id='word_1_673' title='bbox 1009 2270 1130 2292; x_wconf 79' lang='lat' dir='ltr'><strong>sanctum</strong></span> <span class='ocrx_word' id='word_1_674' title='bbox 1142 2266 1187 2300; x_wconf 82' lang='lat' dir='ltr'><strong>qui</strong></span> <span class='ocrx_word' id='word_1_675' title='bbox 1201 2266 1228 2292; x_wconf 84' lang='lat' dir='ltr'><strong>in</strong></span> <span class='ocrx_word' id='word_1_676' title='bbox 1244 2271 1268 2293; x_wconf 90' lang='lat' dir='ltr'><strong>te</strong></span> <span class='ocrx_word' id='word_1_677' title='bbox 1285 2266 1400 2300; x_wconf 83' lang='lat' dir='ltr'><strong>habitat,</strong></span> <span class='ocrx_word' id='word_1_678' title='bbox 1417 2276 1447 2295; x_wconf 83' lang='lat' dir='ltr'><strong>ne</strong></span> <span class='ocrx_word' id='word_1_679' title='bbox 1467 2276 1538 2304; x_wconf 78' lang='lat' dir='ltr'><strong>roget</strong></span> <span class='ocrx_word' id='word_1_680' title='bbox 1554 2270 1648 2298; x_wconf 84' lang='lat' dir='ltr'><strong>Domi-</strong></span> 
     </span>
    </p>
   </div>
   <div class='ocr_carea' id='block_1_88' title="bbox 37 2311 813 2350">
    <p class='ocr_par' dir='ltr' id='par_1_88' title="bbox 37 2311 807 2348">
     <span class='ocr_line' id='line_1_88' title="bbox 37 2311 807 2348; baseline 0.003 -13"><span class='ocrx_word' id='word_1_681' title='bbox 37 2316 91 2335; x_wconf 73' lang='grc' dir='ltr'>’ποτε</span> <span class='ocrx_word' id='word_1_682' title='bbox 110 2311 260 2348; x_wconf 77' lang='grc' dir='ltr'>ἐντεύξηται</span> <span class='ocrx_word' id='word_1_683' title='bbox 282 2311 321 2347; x_wconf 85' lang='grc' dir='ltr'>τῷ</span> <span class='ocrx_word' id='word_1_684' title='bbox 347 2312 416 2348; x_wconf 84' lang='grc' dir='ltr'><strong>Θεῷ,</strong></span> <span class='ocrx_word' id='word_1_685' title='bbox 434 2312 482 2338; x_wconf 77' lang='grc' dir='ltr'>καὶ</span> <span class='ocrx_word' id='word_1_686' title='bbox 496 2312 602 2346; x_wconf 83' lang='grc' dir='ltr'>ἀποστῇ</span> <span class='ocrx_word' id='word_1_687' title='bbox 620 2311 674 2337; x_wconf 82' lang='grc' dir='ltr'><strong>ἀπὸ</strong></span> <span class='ocrx_word' id='word_1_688' title='bbox 695 2311 752 2338; x_wconf 80' lang='grc' dir='ltr'>σοῦ.</span> <span class='ocrx_word' id='word_1_689' title='bbox 770 2311 807 2338; x_wconf 81' lang='grc' dir='ltr'>Τὸ</span> 
     </span>
    </p>
   </div>
   <div class='ocr_carea' id='block_1_89' title="bbox 869 2311 1648 2350">
    <p class='ocr_par' dir='ltr' id='par_1_89' title="bbox 869 2311 1648 2350">
     <span class='ocr_line' id='line_1_89' title="bbox 869 2311 1648 2350; baseline 0.008 -11"><span class='ocrx_word' id='word_1_690' title='bbox 869 2321 932 2345; x_wconf 83' lang='lat' dir='ltr'><strong>tum,</strong></span> <span class='ocrx_word' id='word_1_691' title='bbox 943 2318 968 2338; x_wconf 79' lang='lat' dir='ltr'><strong>et</strong></span> <span class='ocrx_word' id='word_1_692' title='bbox 988 2311 1093 2338; x_wconf 81' lang='lat' dir='ltr'><strong>recedat</strong></span> <span class='ocrx_word' id='word_1_693' title='bbox 1106 2320 1123 2338; x_wconf 89' lang='lat' dir='ltr'><strong>a</strong></span> <span class='ocrx_word' id='word_1_694' title='bbox 1134 2317 1168 2339; x_wconf 89' lang='lat' dir='ltr'><strong>te.</strong></span> <span class='ocrx_word' id='word_1_695' title='bbox 1182 2311 1299 2346; x_wconf 79' lang='lat' dir='ltr'><strong>Spiritus</strong></span> <span class='ocrx_word' id='word_1_696' title='bbox 1313 2315 1381 2340; x_wconf 84' lang='lat' dir='ltr'><strong>enim</strong></span> <span class='ocrx_word' id='word_1_697' title='bbox 1392 2313 1441 2342; x_wconf 85' lang='lat' dir='ltr'><strong>Dei</strong></span> <span class='ocrx_word' id='word_1_698' title='bbox 1457 2317 1503 2350; x_wconf 84' lang='lat' dir='ltr'><strong>qui</strong></span> <span class='ocrx_word' id='word_1_699' title='bbox 1515 2317 1594 2344; x_wconf 86' lang='lat' dir='ltr'><strong>datus</strong></span> <span class='ocrx_word' id='word_1_700' title='bbox 1608 2323 1648 2345; x_wconf 86' lang='lat' dir='ltr'><strong>est</strong></span> 
     </span>
    </p>
   </div>
   <div class='ocr_carea' id='block_1_90' title="bbox 38 2355 796 2394">
    <p class='ocr_par' dir='ltr' id='par_1_90' title="bbox 38 2355 796 2394">
     <span class='ocr_line' id='line_1_90' title="bbox 38 2355 796 2394; baseline 0.001 -11"><span class='ocrx_word' id='word_1_701' title='bbox 38 2355 82 2391; x_wconf 75' lang='grc' dir='ltr'><strong>γὰρ</strong></span> <span class='ocrx_word' id='word_1_702' title='bbox 95 2358 194 2394; x_wconf 79' lang='grc' dir='ltr'>πνεῦμα</span> <span class='ocrx_word' id='word_1_703' title='bbox 209 2359 257 2388; x_wconf 84' lang='grc' dir='ltr'><strong>τοῦ</strong></span> <span class='ocrx_word' id='word_1_704' title='bbox 276 2358 354 2391; x_wconf 80' lang='grc' dir='ltr'>Θεοῦ,</span> <span class='ocrx_word' id='word_1_705' title='bbox 369 2359 400 2385; x_wconf 86' lang='grc' dir='ltr'><strong>τὺ</strong></span> <span class='ocrx_word' id='word_1_706' title='bbox 421 2359 496 2385; x_wconf 85' lang='grc' dir='ltr'>δοθὲν</span> <span class='ocrx_word' id='word_1_707' title='bbox 519 2359 558 2390; x_wconf 81' lang='grc' dir='ltr'>εἰς</span> <span class='ocrx_word' id='word_1_708' title='bbox 573 2359 622 2394; x_wconf 85' lang='grc' dir='ltr'><strong>τὴν</strong></span> <span class='ocrx_word' id='word_1_709' title='bbox 640 2358 729 2394; x_wconf 85' lang='grc' dir='ltr'>σάρκα</span> <span class='ocrx_word' id='word_1_710' title='bbox 745 2357 796 2384; x_wconf 84' lang='grc' dir='ltr'><strong>ταύ</strong></span> 
     </span>
    </p>
   </div>
   <div class='ocr_carea' id='block_1_91' title="bbox 39 2403 807 2441">
    <p class='ocr_par' dir='ltr' id='par_1_91' title="bbox 39 2403 807 2441">
     <span class='ocr_line' id='line_1_91' title="bbox 39 2403 807 2441; baseline -0.003 -9"><span class='ocrx_word' id='word_1_711' title='bbox 39 2408 86 2436; x_wconf 81' lang='grc' dir='ltr'>την,</span> <span class='ocrx_word' id='word_1_712' title='bbox 102 2403 182 2440; x_wconf 83' lang='grc' dir='ltr'>λύπην</span> <span class='ocrx_word' id='word_1_713' title='bbox 197 2406 248 2441; x_wconf 88' lang='grc' dir='ltr'><strong>οὺχ</strong></span> <span class='ocrx_word' id='word_1_714' title='bbox 265 2405 407 2440; x_wconf 76' lang='grc' dir='ltr'><strong>ὑποφέρει,</strong></span> <span class='ocrx_word' id='word_1_715' title='bbox 422 2405 482 2432; x_wconf 80' lang='grc' dir='ltr'><strong>οὐδὲ</strong></span> <span class='ocrx_word' id='word_1_716' title='bbox 499 2404 689 2440; x_wconf 73' lang='grc' dir='ltr'>στενοχωρίαν.</span> <span class='ocrx_word' id='word_1_717' title='bbox 714 2404 807 2430; x_wconf 81' lang='grc' dir='ltr'>Ἐνδυ-</span> 
     </span>
    </p>
   </div>
   <div class='ocr_carea' id='block_1_92' title="bbox 857 2359 1648 2398">
    <p class='ocr_par' dir='ltr' id='par_1_92' title="bbox 857 2359 1648 2398">
     <span class='ocr_line' id='line_1_92' title="bbox 857 2359 1648 2398; baseline 0.006 -12"><span class='ocrx_word' id='word_1_718' title='bbox 857 2360 885 2386; x_wconf 85' lang='lat' dir='ltr'><strong>in</strong></span> <span class='ocrx_word' id='word_1_719' title='bbox 902 2359 969 2385; x_wconf 80' lang='lat' dir='ltr'><strong>Italic</strong></span> <span class='ocrx_word' id='word_1_720' title='bbox 986 2366 1102 2390; x_wconf 87' lang='lat' dir='ltr'><strong>carnem,</strong></span> <span class='ocrx_word' id='word_1_721' title='bbox 1126 2359 1266 2385; x_wconf 78' lang='lat' dir='ltr'><strong>tristitiam</strong></span> <span class='ocrx_word' id='word_1_722' title='bbox 1287 2368 1338 2387; x_wconf 86' lang='lat' dir='ltr'><strong>non</strong></span> <span class='ocrx_word' id='word_1_723' title='bbox 1361 2362 1486 2395; x_wconf 77' lang='lat' dir='ltr'><strong>sustinet,</strong></span> <span class='ocrx_word' id='word_1_724' title='bbox 1507 2371 1586 2398; x_wconf 80' lang='lat' dir='ltr'><strong>neque</strong></span> <span class='ocrx_word' id='word_1_725' title='bbox 1602 2373 1648 2391; x_wconf 84' lang='lat' dir='ltr'><strong>att-</strong></span> 
     </span>
    </p>
   </div>
   <div class='ocr_carea' id='block_1_93' title="bbox 858 2403 1646 2443">
    <p class='ocr_par' dir='ltr' id='par_1_93' title="bbox 858 2403 1646 2443">
     <span class='ocr_line' id='line_1_93' title="bbox 858 2403 1646 2443; baseline 0.005 -11"><span class='ocrx_word' id='word_1_726' title='bbox 858 2405 993 2432; x_wconf 71' lang='lat' dir='ltr'><strong>xietatem.</strong></span> <span class='ocrx_word' id='word_1_727' title='bbox 1013 2403 1098 2431; x_wconf 76' lang='lat' dir='ltr'><strong>Indue</strong></span> <span class='ocrx_word' id='word_1_728' title='bbox 1116 2409 1139 2431; x_wconf 80' lang='lat' dir='ltr'><strong>te</strong></span> <span class='ocrx_word' id='word_1_729' title='bbox 1152 2412 1214 2439; x_wconf 77' lang='lat' dir='ltr'><strong>ergo</strong></span> <span class='ocrx_word' id='word_1_730' title='bbox 1235 2405 1383 2439; x_wconf 79' lang='lat' dir='ltr'><strong>hilaritate,</strong></span> <span class='ocrx_word' id='word_1_731' title='bbox 1399 2415 1458 2442; x_wconf 73' lang='lat' dir='ltr'><strong>quae</strong></span> <span class='ocrx_word' id='word_1_732' title='bbox 1476 2416 1577 2443; x_wconf 80' lang='lat' dir='ltr'><strong>semper</strong></span> <span class='ocrx_word' id='word_1_733' title='bbox 1595 2409 1646 2436; x_wconf 83' lang='lat' dir='ltr'><strong>Ita-</strong></span> 
     </span>
    </p>
   </div>
   <div class='ocr_carea' id='block_1_94' title="bbox 39 2447 813 2488">
    <p class='ocr_par' dir='ltr' id='par_1_94' title="bbox 39 2447 806 2488">
     <span class='ocr_line' id='line_1_94' title="bbox 39 2447 806 2488; baseline 0.007 -16"><span class='ocrx_word' id='word_1_734' title='bbox 39 2454 73 2473; x_wconf 78' lang='grc' dir='ltr'>σαι</span> <span class='ocrx_word' id='word_1_735' title='bbox 92 2447 131 2476; x_wconf 79' lang='grc' dir='ltr'><strong>οὖν</strong></span> <span class='ocrx_word' id='word_1_736' title='bbox 153 2451 199 2487; x_wconf 79' lang='grc' dir='ltr'>τὴν</span> <span class='ocrx_word' id='word_1_737' title='bbox 216 2452 372 2488; x_wconf 72' lang='grc' dir='ltr'><strong>ἱλαρότητα,</strong></span> <span class='ocrx_word' id='word_1_738' title='bbox 389 2451 439 2487; x_wconf 84' lang='grc' dir='ltr'>τὴν</span> <span class='ocrx_word' id='word_1_739' title='bbox 459 2451 575 2478; x_wconf 75' lang='grc' dir='ltr'>πάντοτε</span> <span class='ocrx_word' id='word_1_740' title='bbox 592 2450 705 2485; x_wconf 77' lang='grc' dir='ltr'>ἔχουσαν</span> <span class='ocrx_word' id='word_1_741' title='bbox 726 2450 806 2486; x_wconf 86' lang='grc' dir='ltr'>χάριν</span> 
     </span>
    </p>
   </div>
   <div class='ocr_carea' id='block_1_95' title="bbox 869 2447 1646 2488">
    <p class='ocr_par' dir='ltr' id='par_1_95' title="bbox 869 2450 1646 2486">
     <span class='ocr_line' id='line_1_95' title="bbox 869 2450 1646 2486; baseline 0.005 -8"><span class='ocrx_word' id='word_1_742' title='bbox 869 2455 898 2478; x_wconf 88' lang='lat' dir='ltr'><strong>Iet</strong></span> <span class='ocrx_word' id='word_1_743' title='bbox 915 2451 1031 2486; x_wconf 84' lang='lat' dir='ltr'><strong>gratiam</strong></span> <span class='ocrx_word' id='word_1_744' title='bbox 1051 2450 1123 2485; x_wconf 84' lang='lat' dir='ltr'><strong>apud</strong></span> <span class='ocrx_word' id='word_1_745' title='bbox 1149 2450 1249 2483; x_wconf 85' lang='lat' dir='ltr'><strong>Deum;</strong></span> <span class='ocrx_word' id='word_1_746' title='bbox 1272 2456 1297 2478; x_wconf 88' lang='lat' dir='ltr'><strong>et</strong></span> <span class='ocrx_word' id='word_1_747' title='bbox 1321 2452 1412 2479; x_wconf 68' lang='lat' dir='ltr'><strong>[tutare</strong></span> <span class='ocrx_word' id='word_1_748' title='bbox 1435 2454 1462 2480; x_wconf 84' lang='lat' dir='ltr'><strong>in</strong></span> <span class='ocrx_word' id='word_1_749' title='bbox 1480 2462 1521 2480; x_wconf 86' lang='lat' dir='ltr'><strong>ea.</strong></span> <span class='ocrx_word' id='word_1_750' title='bbox 1540 2454 1646 2482; x_wconf 76' lang='lat' dir='ltr'><strong>Hilaris</strong></span> 
     </span>
    </p>
   </div>
   <div class='ocr_carea' id='block_1_96' title="bbox 40 2494 813 2534">
    <p class='ocr_par' dir='ltr' id='par_1_96' title="bbox 40 2494 805 2534">
     <span class='ocr_line' id='line_1_96' title="bbox 40 2494 805 2534; baseline 0.003 -12"><span class='ocrx_word' id='word_1_751' title='bbox 40 2494 100 2529; x_wconf 74' lang='grc' dir='ltr'>παρὰ</span> <span class='ocrx_word' id='word_1_752' title='bbox 110 2497 145 2532; x_wconf 80' lang='grc' dir='ltr'>τῷ</span> <span class='ocrx_word' id='word_1_753' title='bbox 161 2497 228 2534; x_wconf 83' lang='grc' dir='ltr'><strong>Θεῷ,</strong></span> <span class='ocrx_word' id='word_1_754' title='bbox 248 2498 294 2524; x_wconf 73' lang='grc' dir='ltr'>καὶ</span> <span class='ocrx_word' id='word_1_755' title='bbox 312 2498 432 2534; x_wconf 81' lang='grc' dir='ltr'>ἐντρύφα</span> <span class='ocrx_word' id='word_1_756' title='bbox 447 2498 476 2523; x_wconf 78' lang='grc' dir='ltr'>ἐν</span> <span class='ocrx_word' id='word_1_757' title='bbox 495 2497 574 2533; x_wconf 79' lang='grc' dir='ltr'>αὐτῇ.</span> <span class='ocrx_word' id='word_1_758' title='bbox 596 2497 625 2523; x_wconf 80' lang='lat'><strong>&#39;0</strong></span> <span class='ocrx_word' id='word_1_759' title='bbox 640 2496 694 2532; x_wconf 89' lang='grc' dir='ltr'><strong>γὰρ</strong></span> <span class='ocrx_word' id='word_1_760' title='bbox 713 2497 805 2533; x_wconf 79' lang='grc' dir='ltr'>ἱλαρὸς</span> 
     </span>
    </p>
   </div>
   <div class='ocr_carea' id='block_1_97' title="bbox 869 2494 1647 2534">
    <p class='ocr_par' dir='ltr' id='par_1_97' title="bbox 871 2496 1647 2530">
     <span class='ocr_line' id='line_1_97' title="bbox 871 2496 1647 2530; baseline 0.004 -6"><span class='ocrx_word' id='word_1_761' title='bbox 871 2497 925 2524; x_wconf 87' lang='lat' dir='ltr'><strong>nim</strong></span> <span class='ocrx_word' id='word_1_762' title='bbox 942 2497 981 2523; x_wconf 84' lang='lat' dir='ltr'><strong>uir</strong></span> <span class='ocrx_word' id='word_1_763' title='bbox 993 2496 1054 2523; x_wconf 80' lang='lat' dir='ltr'><strong>bene</strong></span> <span class='ocrx_word' id='word_1_764' title='bbox 1069 2501 1204 2530; x_wconf 75' lang='lat' dir='ltr'><strong>operatur,</strong></span> <span class='ocrx_word' id='word_1_765' title='bbox 1225 2501 1250 2523; x_wconf 86' lang='lat' dir='ltr'><strong>et</strong></span> <span class='ocrx_word' id='word_1_766' title='bbox 1268 2499 1410 2525; x_wconf 78' lang='lat' dir='ltr'><strong>contemnit</strong></span> <span class='ocrx_word' id='word_1_767' title='bbox 1425 2499 1564 2526; x_wconf 81' lang='lat' dir='ltr'><strong>tristitiam</strong></span> <span class='ocrx_word' id='word_1_768' title='bbox 1577 2507 1587 2527; x_wconf 86' lang='lat'><strong>.&#39;</strong></span> <span class='ocrx_word' id='word_1_769' title='bbox 1606 2502 1647 2527; x_wconf 81' lang='lat' dir='ltr'><strong>vir</strong></span> 
     </span>
    </p>
   </div>
   <div class='ocr_carea' id='block_1_98' title="bbox 37 2535 802 2579">
    <p class='ocr_par' dir='ltr' id='par_1_98' title="bbox 37 2535 802 2579">
     <span class='ocr_line' id='line_1_98' title="bbox 37 2535 802 2579; baseline 0.001 -12"><span class='ocrx_word' id='word_1_770' title='bbox 37 2535 93 2574; x_wconf 79' lang='grc' dir='ltr'>ἀνὴρ</span> <span class='ocrx_word' id='word_1_771' title='bbox 113 2541 194 2576; x_wconf 80' lang='grc' dir='ltr'>ἀγαθὰ</span> <span class='ocrx_word' id='word_1_772' title='bbox 213 2542 371 2579; x_wconf 78' lang='grc' dir='ltr'>ἐργάζεται,</span> <span class='ocrx_word' id='word_1_773' title='bbox 395 2542 442 2569; x_wconf 73' lang='grc' dir='ltr'><strong>καὶ</strong></span> <span class='ocrx_word' id='word_1_774' title='bbox 458 2543 623 2577; x_wconf 80' lang='grc' dir='ltr'>καταφρονεῖ</span> <span class='ocrx_word' id='word_1_775' title='bbox 635 2543 685 2578; x_wconf 85' lang='grc' dir='ltr'><strong>τῆς</strong></span> <span class='ocrx_word' id='word_1_776' title='bbox 704 2541 802 2578; x_wconf 68' lang='grc' dir='ltr'>λύπηςθ</span> 
     </span>
    </p>
   </div>
   <div class='ocr_carea' id='block_1_99' title="bbox 857 2541 1645 2579">
    <p class='ocr_par' dir='ltr' id='par_1_99' title="bbox 857 2541 1645 2579">
     <span class='ocr_line' id='line_1_99' title="bbox 857 2541 1645 2579; baseline 0.005 -10"><span class='ocrx_word' id='word_1_777' title='bbox 857 2547 945 2569; x_wconf 86' lang='lat' dir='ltr'><strong>autem</strong></span> <span class='ocrx_word' id='word_1_778' title='bbox 965 2542 1048 2568; x_wconf 79' lang='lat' dir='ltr'><strong>tristis</strong></span> <span class='ocrx_word' id='word_1_779' title='bbox 1060 2550 1160 2576; x_wconf 81' lang='lat' dir='ltr'><strong>semper</strong></span> <span class='ocrx_word' id='word_1_780' title='bbox 1177 2541 1245 2568; x_wconf 81' lang='lat' dir='ltr'><strong>male</strong></span> <span class='ocrx_word' id='word_1_781' title='bbox 1258 2542 1334 2577; x_wconf 77' lang='lat' dir='ltr'><strong>facit.</strong></span> <span class='ocrx_word' id='word_1_782' title='bbox 1349 2543 1441 2570; x_wconf 83' lang='lat' dir='ltr'><strong>Primo</strong></span> <span class='ocrx_word' id='word_1_783' title='bbox 1455 2545 1560 2579; x_wconf 85' lang='lat' dir='ltr'><strong>quidem</strong></span> <span class='ocrx_word' id='word_1_784' title='bbox 1576 2546 1645 2573; x_wconf 81' lang='lat' dir='ltr'><strong>male</strong></span> 
     </span>
    </p>
   </div>
   <div class='ocr_carea' id='block_1_100' title="bbox 563 2596 1092 2626">
    <p class='ocr_par' dir='ltr' id='par_1_100' title="bbox 563 2596 1092 2626">
     <span class='ocr_line' id='line_1_100' title="bbox 563 2596 1092 2626; baseline 0 -1"><span class='ocrx_word' id='word_1_785' title='bbox 563 2596 683 2625; x_wconf 73' lang='lat' dir='ltr'><strong>VARle</strong></span> <span class='ocrx_word' id='word_1_786' title='bbox 702 2597 895 2626; x_wconf 85' lang='lat' dir='ltr'><strong>LECTIONES</strong></span> <span class='ocrx_word' id='word_1_787' title='bbox 911 2597 957 2625; x_wconf 85' lang='lat' dir='ltr'><strong>ET</strong></span> <span class='ocrx_word' id='word_1_788' title='bbox 976 2597 1092 2625; x_wconf 71' lang='lat' dir='ltr'><strong>NOTAS.</strong></span> 
     </span>
    </p>
   </div>
   <div class='ocr_carea' id='block_1_101' title="bbox 68 2650 800 2693">
    <p class='ocr_par' dir='ltr' id='par_1_101' title="bbox 68 2650 800 2693">
     <span class='ocr_line' id='line_1_101' title="bbox 68 2650 800 2693; baseline -0.001 -9"><span class='ocrx_word' id='word_1_789' title='bbox 68 2650 113 2693; x_wconf 62' lang='grc' dir='ltr'><strong>βε)</strong></span> <span class='ocrx_word' id='word_1_790' title='bbox 131 2655 352 2693; x_wconf 39' lang='grc' dir='ltr'>δίοητοΐιξιιιζιιηιο</span> <span class='ocrx_word' id='word_1_791' title='bbox 369 2656 546 2691; x_wconf 79' lang='lat' dir='ltr'><strong>grammatica</strong></span> <span class='ocrx_word' id='word_1_792' title='bbox 556 2676 564 2690; x_wconf 90' lang='lat'><strong>,</strong></span> <span class='ocrx_word' id='word_1_793' title='bbox 581 2664 630 2691; x_wconf 90' lang='lat' dir='ltr'><strong>pro</strong></span> <span class='ocrx_word' id='word_1_794' title='bbox 645 2655 684 2691; x_wconf 85' lang='grc' dir='ltr'>τῷ</span> <span class='ocrx_word' id='word_1_795' title='bbox 696 2656 800 2693; x_wconf 82' lang='grc' dir='ltr'><strong>Κυρίῳ,</strong></span> 
     </span>
    </p>
   </div>
   <div class='ocr_carea' id='block_1_102' title="bbox 39 2686 370 2720">
    <p class='ocr_par' dir='ltr' id='par_1_102' title="bbox 39 2686 370 2720">
     <span class='ocr_line' id='line_1_102' title="bbox 39 2686 370 2720; baseline 0.027 -9"><span class='ocrx_word' id='word_1_796' title='bbox 39 2686 235 2719; x_wconf 74' lang='grc' dir='ltr'>καὶπάντα.Ἐο.</span> <span class='ocrx_word' id='word_1_797' title='bbox 246 2686 370 2720; x_wconf 49' lang='lat' dir='ltr'><strong>Pirum.</strong></span> 
     </span>
    </p>
   </div>
   <div class='ocr_carea' id='block_1_103' title="bbox 67 2722 329 2764">
    <p class='ocr_par' dir='ltr' id='par_1_103' title="bbox 67 2722 329 2764">
     <span class='ocr_line' id='line_1_103' title="bbox 67 2722 329 2764; baseline 0.011 -13"><span class='ocrx_word' id='word_1_798' title='bbox 132 2725 234 2764; x_wconf 85' lang='lat' dir='ltr'><strong>_Lamb.</strong></span> <span class='ocrx_word' id='word_1_799' title='bbox 251 2728 329 2764; x_wconf 66' lang='lat' dir='ltr'><strong>scies.</strong></span> 
     </span>
    </p>
   </div>
   <div class='ocr_carea' id='block_1_104' title="bbox 68 2758 331 2793">
    <p class='ocr_par' dir='ltr' id='par_1_104' title="bbox 68 2758 331 2793">
     <span class='ocr_line' id='line_1_104' title="bbox 68 2758 331 2793; baseline 0 -4"><span class='ocrx_word' id='word_1_800' title='bbox 68 2758 114 2793; x_wconf 64' lang='grc'><strong>(77)</strong></span> <span class='ocrx_word' id='word_1_801' title='bbox 132 2759 221 2789; x_wconf 85' lang='lat' dir='ltr'><strong>Lamb.</strong></span> <span class='ocrx_word' id='word_1_802' title='bbox 237 2763 331 2790; x_wconf 79' lang='lat' dir='ltr'><strong>euenit.</strong></span> 
     </span>
    </p>
   </div>
   <div class='ocr_carea' id='block_1_105' title="bbox 67 2792 696 2828">
    <p class='ocr_par' dir='ltr' id='par_1_105' title="bbox 67 2792 696 2828">
     <span class='ocr_line' id='line_1_105' title="bbox 67 2792 696 2828; baseline 0.003 -5"><span class='ocrx_word' id='word_1_803' title='bbox 67 2792 114 2828; x_wconf 66' lang='grc'><strong>(78)</strong></span> <span class='ocrx_word' id='word_1_804' title='bbox 131 2794 187 2823; x_wconf 75' lang='lat' dir='ltr'><strong>Hzec</strong></span> <span class='ocrx_word' id='word_1_805' title='bbox 202 2799 266 2824; x_wconf 87' lang='lat' dir='ltr'><strong>item</strong></span> <span class='ocrx_word' id='word_1_806' title='bbox 283 2798 364 2825; x_wconf 88' lang='lat' dir='ltr'><strong>habet</strong></span> <span class='ocrx_word' id='word_1_807' title='bbox 377 2798 529 2825; x_wconf 84' lang='lat' dir='ltr'><strong>Antiochus</strong></span> <span class='ocrx_word' id='word_1_808' title='bbox 541 2798 637 2825; x_wconf 89' lang='lat' dir='ltr'><strong>homil.</strong></span> <span class='ocrx_word' id='word_1_809' title='bbox 651 2798 696 2826; x_wconf 75' lang='lat'><strong>25.</strong></span> 
     </span>
    </p>
   </div>
   <div class='ocr_carea' id='block_1_106' title="bbox 68 2827 428 2867">
    <p class='ocr_par' dir='ltr' id='par_1_106' title="bbox 68 2827 428 2867">
     <span class='ocr_line' id='line_1_106' title="bbox 68 2827 428 2867; baseline 0.011 -11"><span class='ocrx_word' id='word_1_810' title='bbox 68 2827 114 2867; x_wconf 68' lang='grc' dir='ltr'><strong>ςτθ)</strong></span> <span class='ocrx_word' id='word_1_811' title='bbox 132 2829 249 2867; x_wconf 67' lang='lat' dir='ltr'><strong>Pseudo-</strong></span> <span class='ocrx_word' id='word_1_812' title='bbox 263 2832 428 2860; x_wconf 89' lang='lat' dir='ltr'><strong>Athanasius</strong></span> 
     </span>
    </p>
   </div>
   <div class='ocr_carea' id='block_1_107' title="bbox 40 2866 457 2903">
    <p class='ocr_par' dir='ltr' id='par_1_107' title="bbox 40 2866 457 2903">
     <span class='ocr_line' id='line_1_107' title="bbox 40 2866 457 2903; baseline 0.038 -17"><span class='ocrx_word' id='word_1_813' title='bbox 40 2867 129 2903; x_wconf 55' lang='grc' dir='ltr'>ταύτην,</span> <span class='ocrx_word' id='word_1_814' title='bbox 139 2866 162 2892; x_wconf 82' lang='lat' dir='ltr'><strong>in</strong></span> <span class='ocrx_word' id='word_1_815' title='bbox 171 2876 278 2903; x_wconf 17' lang='lat' dir='ltr'><strong>rcarnem</strong></span> <span class='ocrx_word' id='word_1_816' title='bbox 294 2868 360 2895; x_wconf 82' lang='lat' dir='ltr'><strong>hanc</strong></span> <span class='ocrx_word' id='word_1_817' title='bbox 373 2876 382 2895; x_wconf 84' lang='lat'><strong><em>:</em></strong></span> <span class='ocrx_word' id='word_1_818' title='bbox 402 2876 457 2903; x_wconf 84' lang='lat' dir='ltr'><strong>quo</strong></span> 
     </span>
    </p>
   </div>
   <div class='ocr_carea' id='block_1_108' title="bbox 40 2899 793 2939">
    <p class='ocr_par' dir='ltr' id='par_1_108' title="bbox 40 2899 793 2939">
     <span class='ocr_line' id='line_1_108' title="bbox 40 2899 793 2939; baseline 0.013 -17"><span class='ocrx_word' id='word_1_819' title='bbox 40 2899 131 2927; x_wconf 64' lang='lat' dir='ltr'><strong>niuibus</strong></span> <span class='ocrx_word' id='word_1_820' title='bbox 159 2902 287 2937; x_wconf 77' lang='lat' dir='ltr'><strong>designat,</strong></span> <span class='ocrx_word' id='word_1_821' title='bbox 312 2908 342 2932; x_wconf 89' lang='lat' dir='ltr'><strong>ut</strong></span> <span class='ocrx_word' id='word_1_822' title='bbox 363 2899 437 2932; x_wconf 73' lang='lat' dir='ltr'><strong>recte</strong></span> <span class='ocrx_word' id='word_1_823' title='bbox 461 2899 654 2939; x_wconf 70' lang='lat' dir='ltr'><strong>interpretatur</strong></span> <span class='ocrx_word' id='word_1_824' title='bbox 681 2902 793 2938; x_wconf 82' lang='lat' dir='ltr'><strong>Fcllus;</strong></span> 
     </span>
    </p>
   </div>
   <div class='ocr_carea' id='block_1_109' title="bbox 495 2866 1460 2907">
    <p class='ocr_par' dir='ltr' id='par_1_109' title="bbox 495 2866 1460 2907">
     <span class='ocr_line' id='line_1_109' title="bbox 495 2866 1460 2907; baseline 0.002 -12"><span class='ocrx_word' id='word_1_825' title='bbox 495 2867 625 2903; x_wconf 81' lang='lat' dir='ltr'><strong>Spiritum</strong></span> <span class='ocrx_word' id='word_1_826' title='bbox 648 2869 741 2907; x_wconf 57' lang='lat' dir='ltr'><strong>datum</strong></span> <span class='ocrx_word' id='word_1_827' title='bbox 759 2868 803 2894; x_wconf 90' lang='lat' dir='ltr'><strong>ho-</strong></span> <span class='ocrx_word' id='word_1_828' title='bbox 849 2867 996 2907; x_wconf 69' lang='lat' dir='ltr'><strong>Interpres,</strong></span> <span class='ocrx_word' id='word_1_829' title='bbox 1024 2866 1208 2907; x_wconf 53' lang='lat' dir='ltr'><strong>ascendatnud</strong></span> <span class='ocrx_word' id='word_1_830' title='bbox 1236 2868 1322 2896; x_wconf 78' lang='lat' dir='ltr'><strong>altare</strong></span> <span class='ocrx_word' id='word_1_831' title='bbox 1341 2868 1460 2897; x_wconf 81' lang='lat' dir='ltr'><strong>Domini.</strong></span> 
     </span>
    </p>
   </div>
   <div class='ocr_carea' id='block_1_110' title="bbox 849 2901 1199 2934">
    <p class='ocr_par' dir='ltr' id='par_1_110' title="bbox 849 2901 1199 2934">
     <span class='ocr_line' id='line_1_110' title="bbox 849 2901 1199 2934; baseline 0 -4"><span class='ocrx_word' id='word_1_832' title='bbox 849 2902 987 2934; x_wconf 73' lang='lat' dir='ltr'><strong>ascendere</strong></span> <span class='ocrx_word' id='word_1_833' title='bbox 998 2901 1032 2929; x_wconf 82' lang='lat' dir='ltr'><strong>ad</strong></span> <span class='ocrx_word' id='word_1_834' title='bbox 1045 2901 1130 2930; x_wconf 82' lang='lat' dir='ltr'><strong>altare</strong></span> <span class='ocrx_word' id='word_1_835' title='bbox 1141 2901 1199 2930; x_wconf 83' lang='lat' dir='ltr'><strong>Dei.</strong></span> 
     </span>
    </p>
   </div>
   <div class='ocr_carea' id='block_1_111' title="bbox 851 2655 1640 2691">
    <p class='ocr_par' dir='ltr' id='par_1_111' title="bbox 851 2655 1640 2691">
     <span class='ocr_line' id='line_1_111' title="bbox 851 2655 1640 2691; baseline 0 -6"><span class='ocrx_word' id='word_1_836' title='bbox 851 2664 915 2685; x_wconf 78' lang='lat' dir='ltr'><strong>mox</strong></span> <span class='ocrx_word' id='word_1_837' title='bbox 925 2656 998 2691; x_wconf 81' lang='lat' dir='ltr'><strong>enim</strong></span> <span class='ocrx_word' id='word_1_838' title='bbox 1011 2666 1016 2683; x_wconf 94' lang='lat'>:</span> <span class='ocrx_word' id='word_1_839' title='bbox 1027 2655 1158 2691; x_wconf 82' lang='lat' dir='ltr'><strong>Spirttttm</strong></span> <span class='ocrx_word' id='word_1_840' title='bbox 1174 2660 1307 2691; x_wconf 68' lang='lat' dir='ltr'><strong>sanetum,</strong></span> <span class='ocrx_word' id='word_1_841' title='bbox 1317 2657 1363 2691; x_wconf 74' lang='lat' dir='ltr'><strong>qui</strong></span> <span class='ocrx_word' id='word_1_842' title='bbox 1373 2656 1452 2683; x_wconf 83' lang='lat' dir='ltr'><strong>datus</strong></span> <span class='ocrx_word' id='word_1_843' title='bbox 1471 2662 1510 2684; x_wconf 75' lang='lat' dir='ltr'><strong>est</strong></span> <span class='ocrx_word' id='word_1_844' title='bbox 1529 2657 1640 2686; x_wconf 86' lang='lat' dir='ltr'><strong>homini.</strong></span> 
     </span>
    </p>
   </div>
   <div class='ocr_carea' id='block_1_112' title="bbox 887 2690 1643 2727">
    <p class='ocr_par' dir='ltr' id='par_1_112' title="bbox 887 2690 1643 2727">
     <span class='ocr_line' id='line_1_112' title="bbox 887 2690 1643 2727; baseline 0.004 -9"><span class='ocrx_word' id='word_1_845' title='bbox 887 2691 943 2726; x_wconf 83' lang='lat'><strong>(80)</strong></span> <span class='ocrx_word' id='word_1_846' title='bbox 964 2690 1045 2718; x_wconf 84' lang='lat' dir='ltr'><strong>Forte</strong></span> <span class='ocrx_word' id='word_1_847' title='bbox 1062 2691 1211 2727; x_wconf 80' lang='lat' dir='ltr'><strong>tristitiam.</strong></span> <span class='ocrx_word' id='word_1_848' title='bbox 1226 2690 1265 2718; x_wconf 87' lang='lat' dir='ltr'><strong>Ita</strong></span> <span class='ocrx_word' id='word_1_849' title='bbox 1280 2690 1375 2719; x_wconf 57' lang='lat' dir='ltr'><strong>Grieca</strong></span> <span class='ocrx_word' id='word_1_850' title='bbox 1389 2701 1395 2719; x_wconf 91' lang='lat'><strong>:</strong></span> <span class='ocrx_word' id='word_1_851' title='bbox 1409 2693 1481 2727; x_wconf 86' lang='lat' dir='ltr'><strong>quod</strong></span> <span class='ocrx_word' id='word_1_852' title='bbox 1498 2701 1564 2721; x_wconf 88' lang='lat' dir='ltr'><strong>sane</strong></span> <span class='ocrx_word' id='word_1_853' title='bbox 1575 2701 1643 2721; x_wconf 87' lang='lat' dir='ltr'><strong>cou-</strong></span> 
     </span>
    </p>
   </div>
   <div class='ocr_carea' id='block_1_113' title="bbox 851 2726 1227 2761">
    <p class='ocr_par' dir='ltr' id='par_1_113' title="bbox 851 2726 1227 2761">
     <span class='ocr_line' id='line_1_113' title="bbox 851 2726 1227 2761; baseline -0.003 -7"><span class='ocrx_word' id='word_1_854' title='bbox 851 2731 941 2754; x_wconf 85' lang='lat' dir='ltr'><strong>textus</strong></span> <span class='ocrx_word' id='word_1_855' title='bbox 958 2726 1227 2761; x_wconf 84' lang='lat' dir='ltr'><strong>postulare.videtur.</strong></span> 
     </span>
    </p>
   </div>
   <div class='ocr_carea' id='block_1_114' title="bbox 888 2760 1176 2796">
    <p class='ocr_par' dir='ltr' id='par_1_114' title="bbox 888 2760 1176 2796">
     <span class='ocr_line' id='line_1_114' title="bbox 888 2760 1176 2796; baseline 0 -8"><span class='ocrx_word' id='word_1_856' title='bbox 888 2762 943 2796; x_wconf 84' lang='lat' dir='ltr'><strong>(8i)</strong></span> <span class='ocrx_word' id='word_1_857' title='bbox 959 2760 1056 2792; x_wconf 72' lang='lat' dir='ltr'><strong>Forte,</strong></span> <span class='ocrx_word' id='word_1_858' title='bbox 1070 2760 1176 2788; x_wconf 81' lang='lat' dir='ltr'><strong>hilaris.</strong></span> 
     </span>
    </p>
   </div>
   <div class='ocr_carea' id='block_1_115' title="bbox 887 2796 1641 2833">
    <p class='ocr_par' dir='ltr' id='par_1_115' title="bbox 887 2796 1641 2833">
     <span class='ocr_line' id='line_1_115' title="bbox 887 2796 1641 2833; baseline 0.004 -10"><span class='ocrx_word' id='word_1_859' title='bbox 887 2797 943 2833; x_wconf 71' lang='lat'><strong>(82)</strong></span> <span class='ocrx_word' id='word_1_860' title='bbox 952 2832 955 2833; x_wconf 21' lang='grc' dir='ltr'><em>ν</em></span> <span class='ocrx_word' id='word_1_861' title='bbox 964 2796 1091 2833; x_wconf 78' lang='lat' dir='ltr'><strong>Fortasse</strong></span> <span class='ocrx_word' id='word_1_862' title='bbox 1112 2796 1258 2833; x_wconf 58' lang='lat' dir='ltr'><strong>aagendat._</strong></span> <span class='ocrx_word' id='word_1_863' title='bbox 1269 2796 1342 2825; x_wconf 88' lang='lat' dir='ltr'><strong>Sane</strong></span> <span class='ocrx_word' id='word_1_864' title='bbox 1355 2798 1641 2833; x_wconf 80' lang='lat' dir='ltr'><strong>pseudo-Athanasius</strong></span> 
     </span>
    </p>
   </div>
   <div class='ocr_carea' id='block_1_116' title="bbox 469 2831 1640 2866">
    <p class='ocr_par' dir='ltr' id='par_1_116' title="bbox 469 2831 1640 2866">
     <span class='ocr_line' id='line_1_116' title="bbox 469 2831 1640 2866; baseline 0.002 -6"><span class='ocrx_word' id='word_1_865' title='bbox 469 2837 479 2860; x_wconf 90' lang='lat' dir='ltr'><strong>t</strong></span> <span class='ocrx_word' id='word_1_866' title='bbox 511 2833 665 2861; x_wconf 77' lang='lat' dir='ltr'><strong>Antiochus</strong></span> <span class='ocrx_word' id='word_1_867' title='bbox 699 2832 803 2860; x_wconf 88' lang='lat' dir='ltr'><strong>addunt</strong></span> <span class='ocrx_word' id='word_1_868' title='bbox 850 2837 877 2859; x_wconf 88' lang='lat' dir='ltr'><strong>ct</strong></span> <span class='ocrx_word' id='word_1_869' title='bbox 895 2832 1057 2864; x_wconf 82' lang='lat' dir='ltr'><strong>Antiochus,</strong></span> <span class='ocrx_word' id='word_1_870' title='bbox 1072 2831 1216 2866; x_wconf 76' lang='grc' dir='ltr'>ἀναϐῆναι.</span> <span class='ocrx_word' id='word_1_871' title='bbox 1243 2831 1314 2865; x_wconf 85' lang='lat' dir='ltr'><strong>Quin</strong></span> <span class='ocrx_word' id='word_1_872' title='bbox 1336 2831 1363 2860; x_wconf 77' lang='lat' dir='ltr'><strong>et</strong></span> <span class='ocrx_word' id='word_1_873' title='bbox 1387 2842 1452 2861; x_wconf 79' lang='lat' dir='ltr'><strong>mox</strong></span> <span class='ocrx_word' id='word_1_874' title='bbox 1479 2835 1537 2866; x_wconf 85' lang='lat' dir='ltr'><strong>ipse</strong></span> <span class='ocrx_word' id='word_1_875' title='bbox 1562 2839 1640 2862; x_wconf 88' lang='lat' dir='ltr'><strong>vetus</strong></span> 
     </span>
    </p>
   </div>
   <div class='ocr_carea' id='block_1_117' title="bbox 1499 2870 1638 2903">
    <p class='ocr_par' dir='ltr' id='par_1_117' title="bbox 1499 2870 1638 2903">
     <span class='ocr_line' id='line_1_117' title="bbox 1499 2870 1638 2903; baseline 0.014 -6"><span class='ocrx_word' id='word_1_876' title='bbox 1499 2875 1508 2897; x_wconf 92' lang='lat' dir='ltr'><strong>t</strong></span> <span class='ocrx_word' id='word_1_877' title='bbox 1528 2870 1638 2903; x_wconf 89' lang='lat' dir='ltr'><strong>iterum.</strong></span> 
     </span>
    </p>
   </div>
  </div>
