1920 3104
31 122 76 148 915

531 120 678 150 PASTOR.
698 136 734 142 —
753 120 818 148 LIB.
839 120 872 152 ll,
892 117 1085 146 MANDATUM
1103 117 1162 146 Xll.

1587 114 1641 143 9411

31 188 125 214 ἔνδυσαι
137 185 185 221 τὴν
200 184 349 220 ἐπιθυμίαν
357 185 406 220 τὴν
416 182 520 218 ἀγαθὴν
540 182 587 208 καὶ
615 181 725 217 σεμνήν.
749 181 801 207 Ἑν-

858 180 968 210 malam,
983 182 1010 205 et
1033 177 1115 204 indue
1138 177 1314 211 cupiditatem
1335 177 1435 204 bonam
1456 181 1482 204 et
1505 181 1640 206 sanctam.

31 231 159 267 δεδυμένος
173 231 228 266 γὰρ
249 231 299 266 τὴν
318 229 465 265 ἐπιθυμίαν
487 227 603 262 ταύτην,
618 227 744 262 μισήσεις
757 226 807 261 τὴν

32 276 140 313 πονηρὰν
161 276 322 311 ἐπιθυμίαν.
341 275 436 310 ’Λγρία
458 273 512 309 γὰρ
530 272 662 308 ἐπιθυμία
683 273 721 304 εἰς
744 271 807 298 τάδε

31 323 174 358 ἀνεμπεσεῖ,
190 322 232 353 εις
252 320 340 355 λύπην
416 319 464 346 ἐὰν
483 317 565 355 μὴ
581 318 699 350 συνετὸς,
718 317 806 344 δαπα-

31 370 97 396 νᾶται
112 368 156 395 ὑπ’
170 366 259 401 αὐτῆς
276 366 376 397 δεινῶς·
392 365 501 400 δαπανᾷ
514 364 542 390 δὲ
555 364 665 395 τούτους
682 363 719 398 μὴ
734 362 807 397 ἔχον-

30 424 71 446 τας
82 414 177 449 ἔνδυμα
197 413 350 448 ἐπιθυμίας
369 411 490 447 ἀγαθῆς,
507 410 564 437 ἀλλ’
581 408 807 446 ὲμπεφυρμένους

31 459 62 495 τῷ
73 459 145 486 αἰῶνι
166 458 266 494 τούτῳι
285 457 395 488 τούτους
408 454 453 483 οὖν
468 455 648 491 παραδίδωσιν
669 455 708 486 εἰς
723 454 804 480 θάνα-

32 514 75 531 τον.
135 505 214 536 Ποῖα,
227 504 318 540 κύριε,
331 503 383 529 εἰσὶ
391 502 439 537 τῆς
451 500 598 536 ἐπιθυμίας
611 499 660 534 τῆς
674 498 804 533 πονηρᾶς,

30 551 57 577 τὰ
69 550 245 586 παραδιδόντα
264 550 329 581 τοὺς
351 547 511 584 ἀνθρώπους
531 547 570 578 εις
589 545 720 577 οάνατον;
736 543 807 569 Γνώ-

31 596 94 631 ρισόν
115 605 171 631 μοι,
188 595 233 622 ἵνα
256 595 334 630 φύγω
355 594 400 620 ἀπ’
416 592 515 619 αὐτῶν.
535 592 676 617 Ἄκουσον·
695 588 806 624 Πρῶτον

31 642 134 674 πάντων,
148 650 174 668 κ.
191 650 216 668 τ.
236 641 261 668 λ.
279 640 346 669 Vide
362 647 425 667 mox
440 638 521 672 infra,
534 646 593 673 cap.
609 637 636 664 2.

856 225 968 252 lndutus
985 224 1058 251 enim
1078 223 1254 258 cupiditatem
1275 223 1385 256 bonam,
1400 223 1489 250 oderis
1508 223 1564 257 (99)
1580 232 1639 250 ma-

856 271 921 303 lam,
936 275 963 297 ct
979 269 1132 297 refreuabis
1143 277 1203 296 eam
1218 269 1288 295 sicut
1302 270 1429 296 volueris.
1446 268 1584 296 Horrenda
1599 275 1641 297 est

855 316 928 343 cuitu
947 315 1082 351 cupiditas
1099 315 1182 346 mala,
1198 319 1224 342 et
1248 315 1355 342 dillicilc
1376 316 1525 350 mitigatur.
1545 315 1640 342 llorri-

856 363 919 390 bilis
934 367 976 390 est
991 362 1069 389 valde
1083 365 1110 388 et
1126 360 1194 393 fera,
1207 366 1233 388 et
1254 361 1360 388 feritate
1375 369 1424 389 sua
1438 362 1574 389 consumit
1589 363 1641 390 ho—

857 409 943 435 mines
953 428 960 440 ,
974 408 1092 434 maxime
1104 407 1127 434 si
1138 407 1263 434 inciderit
1274 407 1301 434 in
1311 415 1370 434 eam
1380 415 1475 434 servus
1487 407 1534 434 Dei
1550 407 1639 443 (lOO):

856 459 882 481 et
897 454 949 481 nisi
972 453 1081 488 sapiens
1103 452 1200 484 fuerit,
1218 458 1396 480 consumetur
1412 452 1450 486 (1)
1470 452 1503 479 ab
1521 453 1564 479 illa
1581 461 1642 488 pes-

855 500 933 527 sime.
948 499 1094 526 Consumit
1115 504 1206 525 autem
1230 499 1306 532 tales,
1325 499 1372 533 qui
1395 506 1449 525 non
1474 499 1574 526 habent
1593 507 1639 533 ve-

855 550 923 573 stem
939 545 1097 580 cupiditatis
1113 544 1201 575 boum,
1217 550 1243 570 et
1257 545 1379 579 implicat
1398 545 1458 572 illos
1471 545 1509 580 ("2)
1526 546 1640 580 negotiis

855 592 937 626 hujus
948 591 1051 625 smculi,
1066 595 1089 618 et
1105 590 1187 618 tradit
1198 591 1236 625 (5)
1251 591 1310 618 illos
1323 592 1414 619 morti.
1433 591 1498 625 Quae
1511 599 1583 626 sunt,
1597 593 1639 619 iu-

854 646 948 673 quam,
959 638 1081 670 domine,
1093 645 1174 672 opera
1187 638 1345 672 cupiditatis
1361 639 1449 671 make,
1462 647 1521 673 qua-
1531 640 1642 667 trudunt

860 684 984 711 homines
996 683 1077 710 morti
1086 683 1096 710 ’Ξ
1105 683 1263 710 Demonstra
1274 684 1350 717 mihi,
1363 689 1391 711 ut
1399 685 1522 712 recedam
1531 686 1565 712 ab
1576 686 1640 713 illis.

32 735 100 769 Audi,
116 735 215 771 inquit,
229 734 258 762 in
275 732 376 769 quibus
390 732 521 768 operibus
532 731 670 766 cupiditas
686 731 756 758 mala
774 731 854 757 morti
870 730 952 757 tradit
965 737 1059 757 servos
1075 724 1276 764 Dei.[Spiritus
1298 731 1421 758 omnium
1442 732 1481 766 (4)
1498 732 1640 760 hominum

32 784 155 811 terrestris
168 788 211 810 est
226 787 255 810 et
272 782 350 815 levis,
364 786 390 808 et
401 781 530 808 virtutem
545 788 601 806 non
616 779 697 806 habet
713 779 740 806 in
755 783 853 810 totum,
868 783 895 805 et
906 778 991 805 multa
1006 777 1138 812 loquitur.
1154 776 1187 804 Et
1201 778 1269 805 dixit
1286 786 1292 803 :
1306 777 1365 811 Quo
1379 779 1458 806 modo
1473 779 1555 814 igitur
1570 781 1642 808 scire

31 836 106 866 potest
119 831 220 866 aliquis
231 830 302 858 eos?
314 828 396 863 Audi,
412 828 512 864 inquit,
524 827 558 854 de
574 827 696 862 utrisque
709 827 783 854 vasis
796 836 803 853 :
818 830 845 854 et
856 826 928 854 sicut
941 826 1003 853 dico
1017 826 1075 859 tibi,
1090 826 1130 853 sic
1147 826 1273 860 probabis
1296 828 1455 862 prophetam
1474 828 1531 860 Dei,
1547 834 1573 855 et
1588 828 1640 856 ial-

30 889 80 908 sum
96 882 268 916 prophetam.
288 879 410 907 Primum
426 879 519 913 itaque
535 878 573 913 (5)
588 878 672 913 proba
686 878 837 909 hominem,
858 877 904 912 qui
928 877 1010 904 habet
1026 876 1158 911 Spiritum
1175 875 1221 903 Dei
1240 886 1246 903 :
1263 876 1327 911 quia
1345 876 1462 911 Spiritus
1476 878 1522 912 qui
1544 877 1641 905 desur-

30 936 80 955 sum
93 931 132 955 est
143 927 193 962 (6),
209 927 322 962 quietus
334 931 376 954 est
386 931 413 953 et
428 925 551 959 humilis,
567 930 593 953 et
605 925 708 953 recedit
721 925 756 952 ab
772 925 847 952 omni
861 924 983 959 nequitia
1005 929 1032 951 et
1046 924 1184 952 desiderio
1204 932 1275 951 vano
1289 924 1370 959 hujus
1389 925 1499 958 saeculi;
1517 930 1544 953 et
1564 927 1638 954 omni

31 976 126 1003 homine
138 975 176 1011 (Τ)
192 982 223 1003 se
247 975 315 1002 facit
329 974 524 1007 humiliarem;
541 978 568 1001 et
585 973 687 1000 nemini
707 973 852 1008 respondet
871 973 1054 1007 interrogatus
1076 972 1134 1007 (8);
1152 980 1202 1000 nec
1227 973 1341 1008 singulis
1358 974 1504 1008 respondet
1528 984 1535 1002 :
1552 982 1641 1010 neque

29 1031 82 1050 cum
98 1023 164 1057 vult,
183 1023 292 1051 homini
308 1022 430 1057 loquitur
446 1021 564 1056 Spiritus
579 1021 644 1055 Dei;
659 1022 705 1049 sed
722 1026 788 1048 tunc
800 1021 921 1055 loquitur
944 1028 1007 1049 cum
1021 1021 1080 1048 vult
1096 1020 1177 1048 Deus.
1193 1021 1261 1048 Cum
1286 1029 1351 1055 ergo
1374 1022 1478 1049 venerit
1496 1022 1579 1049 homo
1591 1023 1639 1057 qui

30 1068 99 1095 habet
110 1068 242 1103 Spiritum
259 1067 318 1100 Dei,
330 1067 358 1094 in
372 1067 521 1095 Eeclesiam
535 1067 674 1102 justorum
698 1067 857 1094 habentium
882 1067 961 1094 ﬁdem
977 1067 1035 1101 Dei,
1052 1073 1080 1094 et
1092 1068 1180 1095 oratio
1193 1067 1224 1094 (it
1245 1067 1278 1095 ad
1302 1066 1463 1100 Dominum;
1488 1073 1554 1095 tunc
1568 1076 1639 1096 nun-

30 1119 75 1145 tius
87 1118 121 1153 (9)
134 1122 248 1146 sanctus
273 1116 423 1145 divinitatis
441 1116 536 1150 implet
552 1115 692 1143 hominem
710 1115 786 1142 illum
814 1115 918 1150 Spiritu
936 1120 1031 1143 sancto
1046 1115 1119 1150 (10);
1134 1121 1162 1143 et
1177 1115 1299 1150 loquitur
1320 1116 1347 1142 in
1375 1117 1453 1143 turba
1474 1116 1545 1144 sicut
1566 1115 1640 1146 Deus

30 1167 86 1194 vult.
101 1167 143 1195 Sic
159 1175 225 1203 ergo
236 1165 407 1202 dignoscitur
420 1163 538 1200 Spiritus
551 1164 715 1198 divinitatis,
732 1163 760 1191 iu
779 1171 944 1199 quocunque
955 1162 1073 1198 Spiritus
1083 1163 1234 1191 divinitatis
1251 1163 1372 1199 loquitur
1387 1165 1455 1200 (11).

741 1247 857 1276 CAPUT
877 1247 910 1276 ll.

58 1302 120 1330 Audi
135 1311 207 1331 nunc
220 1308 246 1331 et
258 1303 292 1330 de
307 1303 404 1338 spiritu
421 1304 555 1338 terrestri,
568 1311 655 1332 vacuo
666 1308 693 1331 et
703 1304 790 1338 fatuo,
806 1305 936 1332 virtutem
949 1313 1003 1334 non
1016 1305 1143 1333 habente.
1158 1304 1280 1333 Primum
1293 1309 1384 1332 autem
1402 1305 1475 1332 hunc
1487 1306 1570 1333 homo
1585 1314 1638 1341 pu‘

30 1355 91 1377 tatur
101 1352 225 1386 spiritum
239 1352 354 1385 habere;
370 1352 472 1380 exaltat
487 1353 559 1380 enim
581 1360 610 1380 se
626 1353 694 1387 (12),
707 1357 734 1380 et
748 1353 805 1380 vult
819 1354 937 1388 primam
953 1354 1111 1382 cathedram
1136 1354 1251 1386 habere;
1267 1357 1294 1381 et
1308 1353 1450 1387 improbus
1472 1359 1524 1387 est,
1538 1358 1566 1381 et
1579 1362 1639 1381 ver-

30 1397 115 1432 bosus;
130 1403 156 1426 et
173 1399 200 1426 in
213 1398 322 1427 deliciis
338 1404 528 1433 conversatur,
545 1405 571 1427 et
588 1401 615 1427 in
630 1401 816 1435 voluptatibus
830 1402 940 1434 multis;
954 1406 980 1429 et
993 1401 1146 1429 mercedem
1170 1401 1270 1436 accipit
1286 1400 1463 1428 divinationis
1477 1408 1543 1428 sum.
1560 1400 1639 1434 Quod

30 1443 107 1470 sinon
123 1446 272 1479 acceperit,
288 1452 342 1471 non
356 1444 470 1472 divinat.
486 1444 562 1473 ltane
575 1446 631 1481 (15)
645 1445 764 1482 Spiritus
778 1446 824 1474 Dei
840 1450 929 1481 potest
941 1447 1080 1475 mercedes
1096 1447 1219 1482 accipere
1240 1450 1267 1473 et
1278 1445 1422 1473 divinare?
1435 1445 1496 1473 Non
1511 1447 1638 1474 convenit

30 1487 77 1515 haec
94 1488 179 1517 facere
194 1489 243 1516 Dei
257 1485 445 1524 prophetam]

57 1534 158 1570 Πρῶτον
177 1535 288 1563 πάντων
307 1535 439 1571 ἐπιθυμία
460 1535 606 1570 γυναικὸς,
622 1535 668 1561 καὶ
688 1535 799 1562 πολυτέ-

886 1535 939 1562 Sed
966 1535 1103 1570 cupiditas
1126 1536 1196 1564 mala
1214 1542 1274 1570 est,
1303 1539 1495 1573 concupiscere
1524 1547 1638 1567 uxorem

30 1579 77 1606 λεια
89 1580 208 1614 πλούτου,
220 1581 238 1617 ἦ
249 1582 308 1608 ἐστι
324 1581 497 1618 φιλαργυρία,
508 1582 554 1608 καὶ
568 1581 724 1617 ἐδεσμάτων
739 1581 803 1608 πολ-

29 1624 73 1651 λῶν
83 1627 126 1653 καὶ
141 1628 277 1662 ματαίων,
296 1628 343 1654 κα),
356 1627 529 1664 μεθύσματος
544 1627 652 1659 πολλοῦ,
669 1627 804 1663 διαφόρων

29 1671 143 1704 γεύσεων,
158 1674 204 1700 καὶ
225 1673 328 1708 ἐτέρων
349 1673 459 1709 τρυφῶν
478 1673 600 1705 πολλῶν,
623 1674 669 1699 καὶ
692 1673 801 1708 μωρῶν,

852 1581 980 1614 alienam,
1008 1582 1050 1609 vel
1077 1583 1219 1611 mulierem
1245 1585 1439 1620 concupiscere
1458 1587 1546 1614 virum
1570 1587 1639 1615 alie-~

852 1635 935 1660 num;
953 1631 980 1655 et
992 1627 1114 1656 lautitias
1128 1630 1322 1664 concupiscere
1340 1631 1510 1666 divitiarum,
1524 1638 1552 1660 et
1565 1633 1639 1660 mul-

851 1673 996 1701 titudinem
1015 1674 1138 1701 ciborum
1167 1682 1412 1711 supervacuorum,
1433 1682 1460 1707 et
1480 1678 1639 1706 ebrietatem

30 1718 67 1743 xui
85 1719 158 1755 δόξης
183 1719 359 1755 ἀνθρωπίνης
385 1720 433 1746 καὶ
456 1718 583 1754 ματαίας.
612 1719 690 1746 Πᾶσα
711 1719 801 1754 τρυφὴ

31 1763 97 1798 μωρὰ
110 1765 165 1792 ἐστι
179 1766 225 1792 καὶ
240 1766 307 1801 κενὴ
321 1766 377 1797 τοῖς
387 1764 490 1796 δούλοις
504 1764 551 1792 τοῦ
563 1764 641 1791 Θεοῦ.

851 1719 978 1753 multam,
994 1724 1021 1747 et
1038 1720 1150 1748 delicias
1164 1721 1274 1749 multas.
1294 1721 1387 1750 Fatuae
1403 1724 1476 1751 enim
1490 1728 1555 1752 sunt
1569 1725 1638 1752 deli-

851 1765 900 1794 ciae
914 1765 971 1801 (14)
995 1766 1105 1799 multae;
1125 1771 1152 1794 et
1174 1766 1326 1802 voluptates
1348 1769 1440 1796 multa
1463 1777 1639 1804 supervacua:

850 1815 915 1838 sunt
929 1812 1015 1839 servis
1029 1811 1087 1839 Dei.

58 1850 114 1880 Haec
122 1860 184 1889 ergo
196 1854 333 1889 cupiditas
348 1854 419 1882 mala
434 1859 476 1882 est
488 1859 516 1882 et
530 1855 694 1890 perniciosa,
706 1864 767 1891 quae
778 1857 923 1886 mortiﬁcat
938 1858 994 1894 (l5)
1003 1867 1097 1888 servos
1111 1859 1169 1887 Dei.
1187 1860 1249 1889 Haec
1261 1859 1334 1889 enim
1348 1860 1482 1895 cupiditas
1499 1868 1514 1888 a
1529 1860 1641 1888 diabolo

30 1902 72 1926 est.
85 1900 241 1937 Quicunque
255 1910 321 1937 ergo
331 1902 494 1930 recesserint
506 1910 521 1929 a
533 1903 681 1937 cupiditate
693 1904 774 1938 mala,
789 1904 882 1933 vivent
896 1906 961 1933 Deo.
978 1906 1046 1933 Nam
1060 1908 1218 1943 quicunque
1239 1908 1354 1943 subjecti
1370 1907 1473 1934 fuerint
1495 1907 1639 1942 cupiditati

31 1945 106 1994 malm,
118 1947 144 1974 in
156 1953 318 1983 perpetuum
331 1950 493 1977 morientur.
505 1949 644 1978 Mortifera
660 1951 732 1978 enim
746 1957 790 1980 est
808 1953 865 1981 lucc
875 1954 1011 1989 cupiditas
1025 1956 1105 1982 mala.
1125 1955 1165 1982 Tu
1184 1963 1249 1992 ergo
1265 1957 1348 1984 indue
1362 1955 1537 1991 cupiditatem
1549 1956 1634 1990 justi-

31 1993 83 2023 tize;
95 1995 119 2018 et
128 1997 251 2020 armatus
268 1993 365 2020 timore
377 1993 496 2028 Domini,
509 1994 606 2022 resiste
620 1996 763 2031 cupiditati
784 1998 871 2025 malua.
889 1998 983 2027 Timor
996 2001 1069 2028 enim
1086 2001 1190 2028 habitat
1205 2002 1232 2029 in
1245 2003 1394 2037 cupiditate
1410 2002 1490 2029 bona.
1505 2001 1539 2029 Et
1556 2002 1634 2036 cupi-

30 2038 90 2069 ditas
102 2042 180 2076 mala,
196 2050 260 2070 cum
278 2042 374 2071 viderit
386 2047 412 2071 te
422 2048 557 2071 armatum
570 2044 667 2072 timore
684 2045 793 2073 Domini
809 2048 952 2076 resistente
969 2049 1026 2084 (16)
1043 2050 1105 2084 sibi,
1122 2050 1209 2086 fugiet
1225 2059 1241 2078 a
1261 2056 1287 2078 to.
1299 2052 1390 2086 longe,
1411 2055 1439 2078 et
1456 2058 1511 2078 non
1525 2058 1638 2087 compa~

564 2115 680 2144 VAthE
700 2115 890 2146 LECTIONES
907 2118 952 2146 ET
970 2119 1086 2148 NOTAE.

60 2182 109 2219 (99)
123 2183 216 2211 Lamb.
231 2183 377 2219 cupiditate
390 2184 468 2218 bona,
484 2185 566 2213 adies.

71 2218 126 2253 100)
141 2218 168 2247 in
180 2218 320 2247 editis'hic
335 2220 470 2254 incipiunt
483 2220 577 2248 Grteca
593 2220 632 2247 sic
647 2229 654 2246 τ
671 2222 798 2248 Μάλιστα

31 2252 89 2290 εξ-ἆν
105 2252 218 2289 ἔμπεσεῖ
235 2256 277 2286 εις
289 2254 373 2290 αὐτὴν
391 2252 405 2281 ὗ
420 2255 512 2287 δοῦλος
530 2255 578 2282 τοῦ
596 2255 674 2287 Θεοῦ,
691 2257 737 2283 καὶ
751 2257 799 2283 ἐὰν

33 2286 86 2324 μὴῇ
99 2286 214 2321 συνετὸς,
229 2299 258 2317 κ.
270 2298 296 2316 τ.
308 2286 434 2324 λη’(ιιιιιξ,
454 2291 479 2318 si
500 2286 593 2318 vocem
616 2286 737 2318 ultimam
753 2292 799 2318 dc-

32 2330 89 2367 tuas,
103 2325 195 2352 nullibi
213 2329 345 2367 exstant,
357 2333 445 2367 neque
469 2326 541 2367 appr]
558 2326 799 2367 pseudo-Athana-

32 2357 90 2397 sium
103 2367 187 2395 neque
200 2360 276 2397 apud
284 2357 459 2397 Antiochum.
476 2357 568 2388 ElIicta
583 2361 666 2397 igitur
676 2370 691 2389 a
705 2361 799 2389 Fabri-

32 2396 66 2420 cio
79 2401 108 2421 ex
120 2400 207 2422 vetere
224 2396 383 2429 lnterprete,
399 2396 521 2423 Clericus
543 2401 570 2423 et
586 2396 728 2424 Russelius
750 2405 798 2424 cx-

32 2429 160 2466 spipsere.
186 2430 242 2457 Nos
265 2438 331 2457 vero
345 2432 426 2458 verba
445 2431 716 2466 pseudo—Athanasii,
736 2432 799 2460 licet

32 2461 136 2500 fusioris
151 2471 253 2493 textum
265 2470 359 2493 exacte
379 2474 433 2493 non
445 2461 618 2500 Iexprimant,
628 2461 798 2500 exhibemus,

33 2496 434 2539 ilontl'auconiauaineditiouem
450 2496 546 2536 secuti,
555 2496 703 2537 supplenda
711 2496 799 2530 tamen

33 2536 99 2562 exiis
108 2544 165 2570 quae
178 2536 261 2564 habet
274 2536 436 2564 Antiochus.

62 2570 94 2604 (1)
106 2570 198 2598 Lamb.
215 2572 389 2599 consumitur.
403 2571 442 2599 lta
453 2580 520 2600 sane
531 2573 634 2600 Graeca.

62 2605 310 2643 (‘2)_l_nquibusdam
325 2607 465 2643 codicibus
478 2608 597 2643 implicat
610 2616 664 2641 eos,
681 2615 729 2642 pro
743 2608 801 2642 qui-

35 2638 47 2664 [ι
56 2638 196 2677 isWakius
209 2642 273 2677 legit
286 2642 447 2677 implicatos.

63 2675 97 2710 (5)
110 2675 202 2704 Lamb.
226 2675 328 2704 tradet.
352 2677 398 2705 Sic
422 2686 485 2705 mox
510 2679 625 2711 tradent,
647 2682 674 2706 ct
702 2679 799 2705 tradet.

35 2707 252 2750 itanelectionem
265 2712 493 2750 sequiturrliellus
508 2714 536 2750 in
558 2721 607 2742 sua
619 2707 692 2750 edit.
712 2713 798 2750 Oxon.

36 2743 59 2771 iu
71 2745 143 2784 editis
156 2746 253 2784 Clerici
268 2752 296 2775 et
305 2743 423 2776 ltusselii
436 2749 572 2777 omittitur
583 2749 740 2784 conjunctio
756 2754 780 2776 et
791 2769 799 2782 ,

34 2786 48 2813 q
59 2788 103 2807 tam
114 2782 148 2809 al.
158 2783 296 2810 exhibent.

64 2815 97 2853 (1)
107 2816 270 2853 ΜεεηΑηεΙ.
288 2817 409 2846 Primum
429 2821 556 2847 omnium.
579 2819 642 2848 H830
664 2824 753 2848 autem
773 2823 801 2846 et

37 2850 125 2882 relicua
140 2852 218 2887 huius
230 2850 326 2889 capitis
337 2855 443 2890 aliaque
452 2863 512 2891 cap.
524 2863 580 2891 seq.
585 2856 672 2892 ,uncis
684 2855 801 2887 inclusa.

814 2191 834 2219 (ζ
851 2188 915 2224 hinc
927 2189 1101 2222 removenda,
1117 2194 1144 2217 et
1158 2190 1185 2216 in
1197 2190 1355 2217 mandatum
1367 2189 1522 2224 praecedens
1538 2190 1640 2218 immit-

852 2223 942 2256 tenda,
958 2231 991 2251 ex
1008 2223 1104 2252 Wakio
1122 2226 1278 2252 monuimus
1293 2225 1326 2252 ad
1341 2223 1433 2252 manu.
1451 2233 1490 2257 zu,
1504 2230 1559 2252 not.
1575 2226 1619 2253 84.

888 2259 926 2293 (5)
943 2258 988 2287 Sic
1001 2259 1065 2286 Felli
1084 2260 1148 2286 edit.
1162 2260 1249 2287 Oxon.
1266 2260 1308 2287 ΛΙ.
1325 2261 1373 2286 ita.

888 2295 926 2330 ((3')
941 2294 1036 2330 Lamb.
1053 2295 1169 2328 Spiritus
1180 2296 1328 2327 desursum,
1345 2294 1466 2328 omissis,
1478 2296 1524 2330 qui
1537 2300 1585 2322 est.

888 2329 927 2365 (ἶ)
938 2329 1003 2365 MSS.
1020 2330 1098 2365 Angl.
1118 2331 1233 2356 omnium
1246 2331 1391 2357 hominum.

938 2364 1034 2391 Lamb.
1052 2363 1138 2401 deest,
1152 2366 1338 2401 interrogatus.

887 2399 926 2434 (9)
941 2400 984 2427 Al.
1002 2399 1119 2434 angelus.

887 2435 944 2469 (10)
962 2434 1057 2462 Lamb.
1072 2435 1188 2469 Spiritus
1200 2440 1316 2462 sanctus.

887 2436 933 2468 (10
962 2436 1057 2462 Lamb.
1072 2436 1188 2469 Spiritus
1200 2440 1316 2462 sanctus.

887 2436 944 2505 (Mi
959 2470 1036 2497 Bodl.
1052 2475 1078 2498 et
1093 2470 1187 2497 Lamb.
1209 2472 1272 2505 quia
1290 2471 1435 2505 quicunque
1462 2471 1554 2504 spiritu
1569 2471 1637 2497 divi-

852 2506 944 2532 nitatis
965 2505 1091 2540 loquitur,
1117 2505 1234 2540 loquitur
1247 2506 1316 2533 sicut
1339 2506 1468 2532 Dominus
1482 2505 1546 2533 vult.
1563 2505 1638 2532 lianc

852 2540 995 2568 lectionem
1010 2541 1120 2568 retinuit
1136 2540 1226 2568 Fellus
1239 2541 1265 2567 in
1281 2549 1329 2568 sua
1346 2541 1411 2567 edit.
1427 2540 1514 2567 Oxon.

888 2576 945 2637 (112)
963 2575 1059 2603 Lamb.
1075 2576 1196 2602 Primum
1211 2576 1280 2602 enim
1300 2575 1377 2602 homo
1390 2581 1498 2610 putatur
1514 2576 1638 2608 spiritum

904 2620 945 2637 ere
970 2611 1130 2637 exultantem
1153 2619 1188 2637 se.
1207 2610 1283 2637 Bodl.
1309 2616 1398 2637 autem
1424 2611 1463 2637 sic
1489 2619 1495 2636 :
1518 2609 1638 2637 Primum

852 2609 945 2638 habere
970 2611 1130 2638 exultantem
1153 2619 1188 2637 se.
1207 2610 1283 2637 Bodl.
1309 2609 1398 2638 autem
1424 2611 1463 2638 sic
1489 2619 1495 2636 :
1518 2609 1638 2637 Primum

851 2647 921 2673 enim
932 2647 1008 2673 homo
1025 2647 1069 2680 qui
1082 2651 1187 2680 putetur
1201 2646 1322 2680 spiritum
1333 2646 1437 2679 habere,
1449 2645 1550 2672 exultat
1565 2654 1601 2672 se.

888 2681 944 2717 (15)
959 2681 1055 2708 Lamb.
1069 2686 1096 2709 et
1109 2681 1202 2710 Carm.
1216 2680 1261 2707 Ita
1278 2689 1357 2708 nunc.
1374 2681 1407 2709 Et
1422 2689 1484 2709 mox
1502 2690 1508 2708 :
1522 2680 1573 2708 Sed
1587 2688 1637 2708 twn

851 2718 979 2744 convenit.

887 2752 943 2788 (14)
959 2752 1000 2788 An
1014 2751 1135 2788 diuitiat?

887 2786 944 2822 (15)
959 2786 1026 2822 Mss.
1044 2787 1122 2821 Angl.
1137 2788 1217 2815 morti
1231 2787 1288 2816 dat.

887 2789 933 2822 (15
961 2789 1026 2814 Mss.
1044 2789 1122 2821 Angl.
1137 2789 1217 2815 morti

886 2789 944 2858 (16)
957 2821 1033 2850 Bodl.
1049 2823 1221 2852 resistentem.
