1920 3104
227 136 279 165 ΗῚ

953 133 981 161 S.
1001 130 1134 161 HERMA‘Z

1811 124 1866 154 Μ

226 191 298 220 reblt
313 191 373 228 (17)
388 196 452 221 ante
473 196 510 227 te,
526 193 627 222 timens
639 201 716 222 arma
733 197 777 221 tua
795 201 802 218 ε
825 191 1008 220 et-oblinebis
1023 189 1080 226 (18)
1095 188 1255 221 victoriam,
1271 191 1298 215 et
1318 186 1494 215 coronaberis
1517 185 1553 214 ob
1566 184 1644 212 illam
1657 184 1727 220 (l9),
1745 187 1782 228 et
1802 191 1868 228 per-

226 227 322 266 venies
342 227 376 266 ad
391 239 566 275 cupiditatem
587 239 705 271 bonam,
725 243 752 266 et
769 237 859 266 trades
877 236 1020 264 victoriam
1039 235 1095 263 Deo
1113 240 1195 269 quam
1220 231 1375 266 acceperis,
1393 235 1420 258 et
1447 229 1550 258 servies
1571 229 1597 256 ei
1630 227 1772 264 operando
1793 227 1869 255 sicut

228 283 286 318 ipse
308 283 440 311 volueris.

265 330 294 358 Si
306 337 398 360 autem
407 331 536 360 servieris
545 330 686 365 cupiditati
696 329 784 362 bonae,
791 333 817 356 et
825 328 952 356 subditus
960 320 1018 362 (26)

1110 325 1173 352 Ἐὰν
1190 326 1218 352 δὲ
1233 325 1379 361 δουλεύσῃς
1392 326 1425 361 τῇ
1435 323 1568 359 ἐπιθυμίᾳ
1577 324 1610 358 τῇ
1621 321 1725 358 ἀγαθῇ.
1741 322 1791 348 καὶ
1805 321 1870 348 iam

229 376 254 404 ei
269 376 493 413 luerisnpoteris
512 377 649 405 dominari
668 384 750 412 super
766 375 940 410 cupiditatem
958 381 1018 401 ma-

230 423 284 451 lam
297 444 306 459 ,
321 429 349 453 et
361 425 413 457 erit
425 423 531 453 subdita
547 423 606 456 libi,
620 423 691 450 sicut
709 421 837 449 volueris.

1070 373 1158 408 ταγῇς
1173 372 1253 407 αὐτῇ,
1273 372 1386 399 δύνασαι
1410 370 1623 407 κατακυριεῢσαι
1641 369 1693 404 τῆς
1715 366 1871 403 ἐπιθυμίας

1071 418 1120 454 τῆς
1135 419 1267 454 πονηρᾶς,
1279 419 1327 445 καὶ
1340 417 1471 449 ὑποτάξαι
1482 417 1567 452 αὐτὴν
1577 416 1669 447 καθὼς
1684 415 1786 450 βούλει.

953 476 1068 506 CAPUT
1088 475 1132 503 ΙΙΙ.

271 531 374 559 Vellem
389 531 447 566 (21)
461 531 545 564 scire,
554 530 674 563 domine,
692 536 748 564 quo
761 528 844 557 modo
857 527 959 556 servire
971 527 1018 555 de-

1108 525 1224 552 ἮΘελον
1246 525 1349 559 γνῶναι
1369 524 1456 555 ποίοις
1477 524 1588 560 τρόποις
1607 522 1648 549 δεῖ
1669 530 1704 557 με
1722 519 1871 547 δουλεῦσαι

234 578 313 606 beam
329 565 471 612 cupiditati
483 577 571 604 bona.
585 575 666 608 Audi,
681 575 771 610 inquit
785 583 792 602 :
810 573 885 602 Habe
895 574 1021 602 timorem

1105 570 1254 606 (ἐπιθυμίᾳ
1275 572 1307 606 τῇ
1331 569 1430 605 ἀγαθῇ.
1447 570 1557 596 Ἀκουε·
1576 568 1715 604 Ἕργασαι
1729 565 1873 612 mutari-
1895 586 1898 589 .

236 624 296 657 Dei,
311 628 339 651 et
353 623 432 651 [idem
451 622 509 658 (22)
526 622 553 649 in
570 622 636 654 Deo,
655 625 682 649 et
696 621 836 649 veritatem
850 628 922 653 ama,
937 625 964 648 et
977 620 1023 655 ju-

236 670 340 698 stitiam
360 669 453 706 dilige,
468 673 495 696 et
515 668 558 698 [ac
581 668 684 696 bonum
697 667 765 703 (23).
787 666 850 694 Haec
872 666 1023 702 operando,

236 715 368 750 probatus
393 714 447 742 eris
471 721 567 742 servus
592 712 712 746 Domini,
734 716 761 740 et
782 712 884 740 servies
896 711 957 739 Deo
973 720 981 739 :
998 717 1027 739 et

237 768 334 788 omnes
349 760 505 796 quicunque
518 759 662 787 servierint
679 758 819 793 cupiditati
833 759 921 791 home,
934 758 1027 787 vivent

239 807 307 835 Deo.
321 805 527 834 Consummatis
552 806 595 833 his
621 805 758 833 mandatis
781 804 942 838 duodecim,
959 804 1027 832 dixit

239 852 306 880 mihi
324 860 331 879 :
348 851 438 880 Habes
451 851 510 880 haec
525 852 664 885 mandata,
679 851 789 879 ambula
811 851 838 878 in
861 851 904 879 his
915 860 926 884 ;
936 855 962 878 et
977 859 1026 879 au—

239 899 345 926 dientes
358 898 483 926 homines
503 898 629 931 hortare,
648 902 678 925 nt
693 897 880 933 pmnitcntiam
891 902 983 933 agant,
999 902 1027 925 et

239 945 398 980 pmnitentia
419 951 514 972 eorum
538 945 640 973 munda
655 944 701 972 ﬁat
718 944 775 980 (25)
797 944 911 979 reliquis
930 944 1026 972 diebus

239 989 302 1017 vitae
315 995 422 1016 eorum.

1072 625 1121 652 νην
1145 617 1192 644 καὶ
1215 616 1316 652 ἀρετὴν
1338 615 1476 651 ἀληθείας,
1501 614 1548 641 καὶ
1571 613 1652 648 φόϐον
1681 611 1801 647 Κυρίου,
1826 610 1873 636 καὶ

1075 664 1175 696 πίστιν,
1191 663 1237 690 καὶ
1257 663 1425 698 ἀγάπην.,...
1440 661 1534 688 Ταῦτα
1550 659 1747 696 ἐργαζόμενος,
1772 658 1873 691 εὐάρε-

1075 718 1136 741 στος
1159 709 1208 745 ἔσῃ
1230 709 1323 741 δοῦλος
1343 708 1470 736 Θεοῦ.....
1491 707 1547 743 (24)
1561 707 1617 734 Καὶ
1635 705 1804 736 συντελέσας
1824 704 1875 734 τὰς

1073 755 1177 782 δώδεκα
1199 756 1301 787 ταύτας
1319 755 1439 787 ἐντολὰς,
1463 754 1547 788 λέγει·
1621 751 1745 788 Πορεύου
1763 752 1795 778 ἐν
1814 751 1875 781 ταῖς

1075 802 1194 834 ἐντολαῖς
1208 802 1330 834 ταύταις,
1347 802 1394 829 καὶ
1412 800 1566 837 παρακάλει
1581 799 1629 826 καὶ
1643 799 1707 830 τοὺς
1721 796 1875 827 ἀκούοντας

1075 847 1239 883 πορεύεσθαι
1249 848 1279 874 ἐν
1293 848 1397 880 αὐταῖς,
1415 848 1458 874 ἶνα
1476 848 1493 883 ἡ
1511 846 1640 882 μετάνοια
1657 844 1750 872 αὐτῶν
1762 842 1876 879 καθαρὰ

1075 893 1187 929 γένηται
1198 894 1247 926 τὰς
1259 893 1355 926 λοιπὰς
1369 893 1476 930 ἡμέρας
1495 893 1545 928 τῆς
1559 892 1632 927 ζωῆς
1642 890 1746 918 αὐτῶν.

239 1034 276 1063 Et
295 1034 477 1062 ministerium
500 1034 553 1062 hoc
572 1033 645 1078 quod
659 1034 707 1062 tibi
720 1035 773 1069 do,
797 1035 902 1070 explica
923 1035 1083 1072 diligenter,
1095 1041 1124 1066 et
1149 1038 1267 1067 multum
1289 1037 1467 1076 consequeris
1488 1036 1607 1066 fructum
1623 1037 1692 1072 (26),
1705 1041 1735 1064 et
1750 1037 1878 1064 invenies

240 1081 356 1116 gratiam
369 1081 441 1117 apud
455 1088 563 1114 omnes,
578 1081 625 1117 qui
641 1081 830 1117 pmnitentiam
845 1087 926 1117 agent
942 1087 969 1109 et
982 1083 1095 1111 credent
1109 1084 1200 1112 verbis
1214 1084 1280 1112 tuis.
1296 1083 1352 1126 Ego
1368 1084 1442 1111 enim
1456 1088 1546 1112 tecum
1561 1091 1634 1118 sum,
1649 1087 1677 1111 et
1692 1091 1793 1119 cogam
1811 1083 1872 1110 illos

241 1129 364 1157 credere.

275 1159 373 1201 Etdixi
387 1172 426 1201 illi
441 1182 451 1201 ;
465 1171 590 1206 Domine,
601 1173 659 1201 haec
667 1173 794 1201 mandata
810 1181 907 1209 magna
916 1178 943 1201 et
954 1182 1025 1209 prae-

1115 1176 1170 1213 (27)
1187 1177 1284 1212 Κύριε,
1307 1178 1336 1205 αἱ
1353 1177 1457 1204 ἐντολαὶ
1478 1173 1558 1203 αὗται
1585 1175 1703 1212 μεγάλαι
1726 1174 1776 1201 καὶ
1797 1173 1876 1200 καλαὶ

241 1220 314 1248 clara
328 1224 402 1253 sunt,
415 1223 443 1247 et
456 1220 610 1247 exhilarare
626 1227 674 1247 cor
694 1220 813 1248 hominis
829 1224 954 1255 possunt,
980 1221 1027 1256 qui

1105 1225 1125 1251 ιὶ
1140 1224 1251 1251 δυναταί
1272 1225 1359 1257 εἰσιν,
1375 1224 1522 1259 δυνάμεναι
1543 1223 1676 1258 εὐφρᾶναι
1693 1222 1745 1257 τὴν
1761 1221 1878 1256 καρδίαν

240 1267 361 1302 potuerit
381 1266 520 1294 custodire
543 1266 669 1293 mandata
692 1266 758 1294 haec.
779 1265 831 1294 Sed
851 1268 954 1301 nescio,
974 1267 1026 1295 do-

243 1313 326 1346 mine,
338 1320 372 1340 an
384 1312 490 1347 possint
503 1312 631 1340 mandata
645 1313 702 1340 hac
718 1313 752 1340 ab
763 1312 873 1340 homine
883 1314 1027 1341 custodiri.

243 1359 289 1386 Ait
309 1359 378 1386 mihi
393 1367 403 1386 ε
417 1357 481 1386 Haec
502 1358 630 1386 mandata
656 1358 736 1386 facile
761 1359 910 1393 custodies,
926 1364 954 1387 et
976 1368 1030 1387 non

243 1409 323 1433 erunt
334 1405 403 1433 dura
417 1413 425 1432 :
436 1404 482 1432 sed
494 1404 517 1431 si
532 1407 623 1431 tamen
640 1405 666 1432 in
677 1413 725 1432 cor
738 1409 815 1432 tuum
827 1405 960 1440 posueris,
975 1413 1031 1433 non

244 1458 326 1486 posse
337 1451 373 1479 ab
392 1450 503 1478 homine
517 1450 661 1484 custodiri,
677 1459 729 1478 non
742 1451 879 1479 custodies
894 1459 936 1479 ea.
952 1451 1030 1480 Nunc

244 1502 335 1526 autem
355 1497 417 1525 dico
431 1497 498 1525 tibi:
513 1496 542 1524 Si
558 1504 611 1524 non
626 1497 790 1525 custodieris
814 1498 872 1525 haec
893 1499 1031 1531 mandata,

245 1550 272 1573 ct
284 1544 411 1572 omiseris
430 1543 506 1580 (28),
521 1551 584 1579 Anon
597 1544 660 1571 :eris
679 1544 789 1577 salvus,
807 1552 896 1580 neque
914 1545 961 1572 lilii
981 1546 1032 1578 tui,

245 1597 334 1625 neque
345 1589 444 1617 domus
458 1593 522 1622 tua;
541 1588 604 1624 quia
626 1589 682 1624 ipse
695 1590 873 1625 judicaveris,
889 1591 962 1625 quod
977 1597 1033 1618 non

246 1636 356 1672 possint
367 1635 426 1664 haec
437 1635 564 1664 mandata
579 1636 613 1663 ab
627 1636 738 1664 homine
749 1637 892 1664 custodiri.

1075 1269 1122 1295 τοῦ
1138 1269 1288 1305 δυναμένου
1308 1269 1427 1305 τηρῆσαι
1448 1268 1542 1300 αὐτάς.
1567 1268 1625 1294 Οὐκ
1647 1265 1722 1298 οἴδα,
1745 1265 1838 1300 κύριε,
1851 1264 1874 1292 εἰ

1078 1314 1206 1341 δύνανται
1221 1315 1249 1341 αἱ
1263 1315 1369 1341 ἐντολαὶ
1391 1311 1472 1341 αὗται
1495 1314 1547 1340 ὑπὸ
1565 1313 1672 1339 πολλῶν
1689 1312 1877 1347 φυλαχθῆναι.

1079 1359 1145 1386 διότι
1160 1360 1276 1396 σκληραί
1292 1361 1370 1387 εἰσιν.
1393 1359 1545 1396 Ἐμΰλέψας
1558 1359 1587 1386 δὲ
1602 1358 1684 1385 αὑτὸν
1694 1358 1709 1384 ὁ
1722 1357 1820 1389 δοῦλος
1833 1357 1879 1383 τοῦ

1082 1405 1150 1432 Θεοῦ
1166 1406 1235 1442 μετὰ
1256 1406 1356 1442 πολλῆς
1371 1406 1521 1442 αὐστηρίας
1541 1403 1626 1432 εἶπεν·
1642 1404 1778 1440 ’Δνανδρε
1790 1423 1798 1435 ,
1813 1404 1878 1438 ἀκη-

1083 1452 1188 1484 διαστὰ,
1203 1452 1316 1488 ῥᾴθυμε,
1330 1453 1376 1480 καὶ
1393 1452 1549 1487 ὁλιγόψυχε,
1566 1451 1616 1477 οὐκ
1631 1449 1717 1482 οἶδας,
1731 1450 1774 1476 ὄτι
1791 1450 1840 1476 ἐὰν
1853 1450 1880 1475 ἐν

1083 1500 1125 1526 σοὶ
1141 1499 1231 1534 ἐαυτῷ
1250 1499 1338 1535 προοῇ
1353 1499 1394 1525 ὅτι
1415 1498 1542 1525 δύνανται
1558 1496 1744 1532 φυλαχθῆναι,
1758 1496 1880 1526 εὐκόλως

1082 1544 1168 1576 αὐτὰς
1189 1543 1326 1580 φυλάξεις,
1352 1545 1399 1571 καὶ
1422 1545 1473 1570 οὐκ
1496 1543 1604 1569 ἔσονται
1630 1541 1767 1577 σκληραί;
1800 1541 1832 1567 ΕΞ
1854 1540 1879 1566 δὲ

1083 1590 1172 1626 ἀναϐῇ
1187 1591 1233 1617 ἐπὶ
1246 1591 1297 1626 τὴν
1313 1590 1428 1625 καρδίαν
1448 1598 1506 1621 σου,
1522 1589 1552 1615 οὐ
1567 1587 1699 1615 δύνασθαι
1720 1586 1810 1618 αὑτὰς
1829 1586 1881 1612 ὐπὸ

1083 1636 1235 1672 ἀνθρώπων
1247 1636 1425 1672 φυλαχθῆναι,
1442 1636 1472 1662 οὺ
1484 1635 1611 1670 φυλάξεις
1628 1634 1725 1666 αὑτάς.

972 1693 1088 1722 CAPUT
1105 1693 1150 1722 IV.

281 1737 346 1767 Ha‘c
359 1738 428 1766 mihi
443 1739 620 1766 vehementer
639 1738 771 1767 iracunde
785 1739 893 1767 locutus
903 1744 956 1773 est,
972 1740 1009 1767 ita
1021 1745 1050 1768 ut
1062 1744 1230 1768 conterreret
1247 1747 1290 1768 me
1300 1739 1390 1768 valde.
1403 1739 1513 1767 Vultum
1526 1738 1599 1766 enim
1617 1745 1697 1765 suum
1710 1741 1880 1770 mutaverat,

246 1791 285 1814 ita
298 1790 329 1815 ut
345 1795 400 1814 non
413 1791 506 1822 posset
520 1787 603 1814 homo
615 1788 752 1815 sustinere
766 1788 834 1816 iram
849 1788 918 1823 ejus.
935 1788 1042 1816 Etcum
1053 1788 1168 1817 vidisset
1180 1796 1225 1817 me
1237 1789 1430 1817 conturbatum
1448 1793 1536 1816 totum
1559 1792 1587 1815 et
1609 1786 1757 1814 confusum
1769 1806 1779 1820 ,
1798 1786 1881 1821 erepit

247 1836 322 1872 loqui
336 1835 502 1863 moderatius
515 1839 541 1863 et
556 1835 681 1868 hilarius,
693 1835 787 1864 dicens
800 1845 807 1863 :

247 1881 335 1909 Stulte
350 1886 378 1910 et
389 1882 528 1910 insensate
539 1881 608 1917 (29),
617 1872 777 1909 inconstans
792 1886 820 1909 et
833 1881 964 1916 ignorans
976 1880 1030 1916 (ὖο)

1109 1881 1123 1908 ὺ
1137 1881 1207 1913 νοεῖς
1222 1880 1272 1917 τὴν
1286 1880 1365 1914 δόξαν
1386 1880 1434 1908 τοῦ
1455 1880 1533 1913 Θεοῦ,
1552 1881 1612 1912 πῶς
1630 1880 1737 1917 μεγάλη
1757 1880 1818 1906 ἐστὶ
1835 1880 1881 1906 ul

247 1927 417 1962 maiestatem
434 1927 492 1961 Dei,
505 1935 588 1963 quam
600 1935 716 1962 magnus
730 1927 787 1963 (51)
799 1935 937 1963 quamque
951 1926 1034 1954 miras

248 1972 311 2001 bilis
324 1973 370 2007 sit,
387 1973 434 2008 qui
458 1974 552 2001 orbem
576 1974 679 2002 creavit
695 1978 807 2009 propter
830 1973 968 2001 hominem
979 1993 987 2007 ,
1008 1977 1035 2001 et

247 2027 356 2047 omnem
372 2023 525 2047 creaturam
539 2019 653 2055 subjecit
666 2020 782 2053 homini,
797 2023 825 2047 et
839 2026 949 2047 omnem
962 2023 1035 2054 pote-

248 2069 346 2093 statem
361 2065 436 2092 dedit
447 2065 498 2098 iHi,
514 2069 545 2092 ut
553 2065 709 2093 dominetur
720 2065 818 2093 horum
831 2064 1034 2093 mandatorum.

249 2109 402 2144 Dominari,
415 2111 515 2146 inquit,
531 2115 620 2146 potest
635 2110 758 2138 omnium
778 2111 876 2140 horum
892 2110 1035 2138 mandato-

248 2163 322 2190 rum,
335 2156 383 2192 qui
397 2156 479 2184 habet
490 2156 635 2184 Dominum
655 2157 683 2184 in
704 2157 787 2185 corde
801 2164 862 2185 suo.
878 2155 929 2189 Qui
943 2161 1035 2185 autem

249 2201 352 2230 habent
365 2201 510 2229 Dominum
531 2201 560 2229 in
573 2202 653 2230 labiis
663 2202 721 2230 suis
740 2202 808 2238 (52),
824 2207 849 2230 ct
865 2210 913 2231 cor
926 2203 1035 2231 illorum

250 2246 380 2276 obtusum
392 2252 445 2282 est,
460 2252 488 2276 et
500 2247 581 2283 longe
594 2252 659 2276 sunt
673 2256 688 2275 a
701 2247 818 2277 Domino
831 2249 872 2284 ⁸¹;
889 2249 943 2279 illis
957 2257 1035 2278 man-

285 2325 367 2355 ’λιιι
383 2334 460 2361 xxix,
474 2326 526 2361 l5;
542 2325 622 2354 Joan.
638 2333 689 2360 xu,
707 2325 758 2360 ‘0;
770 2326 794 2353 Π
813 2326 876 2354 Cor.
889 2333 930 2359 ιιι,
943 2325 987 2353 14.

1086 1927 1183 1963 ἰσχυρὰ
1206 1927 1254 1954 καὶ
1277 1927 1430 1963 θαυμαστή·
1456 1927 1498 1954 ὅτι
1521 1927 1628 1954 ἔκτισεν
1650 1927 1698 1954 τὸν
1713 1927 1820 1962 κόσμον
1837 1927 1881 1953 διὰ

1083 1972 1130 2001 τὸν
1150 1972 1310 2009 ἄνθρωπον,
1335 1973 1382 2000 καὶ
1410 1973 1460 2009 τὴν
1489 1972 1615 2005 ἐξουσίαν
1636 1973 1748 2000 ἃπασαν
1781 1972 1880 1999 ἔδωκεν

1084 2016 1158 2052 αὐτῷ
1170 2017 1306 2053 κυριεύειν
1318 2017 1427 2044 πάντων
1437 2017 1491 2044 τῶν
1505 2017 1550 2044 ἐπὶ
1565 2018 1615 2053 τῆς
1629 2017 1694 2053 γῆς
1707 2018 1740 2044 Εἰ
1754 2015 1804 2044 οὖν
1815 2018 1880 2043 πάν-

1083 2072 1138 2090 των
1158 2063 1261 2091 τούτων
1285 2065 1300 2091 ό
1320 2063 1464 2100 ἄνθρωπος
1487 2063 1583 2100 κύριός
1604 2064 1680 2095 ἐστι,
1697 2063 1746 2089 καὶ
1771 2063 1880 2089 πάντων

1085 2111 1196 2138 δύναται
1210 2109 1436 2146 κατακυριεῦσαι,
1457 2109 1518 2141 πῶς
1540 2109 1571 2136 οὐ
1586 2109 1732 2145 δυνήσεται
1754 2109 1804 2136 καὶ
1822 2109 1881 2135 τού-

1087 2165 1142 2184 των
1164 2156 1218 2184 τῶν
1241 2156 1355 2184 ἐντολῶν
1378 2154 1608 2192 χατακυριεῦσαις
1683 2155 1767 2182 Ὥστε
1787 2155 1879 2182 πασῶν

1087 2202 1142 2229 τῶν
1165 2202 1278 2229 ἐντολῶν
1299 2202 1401 2229 τούτων
1425 2200 1640 2237 κατακυριεῦσαι
1654 2201 1678 2227 ’ὸ
1701 2201 1880 2238 ἂνθρωπῡς,ὸ

1089 2248 1159 2284 ἔχων
1174 2248 1220 2275 τὸν
1235 2249 1337 2284 Κύριον
1359 2248 1389 2275 ἐν
1404 2248 1438 2283 τῇ
1458 2246 1557 2285 καρδίᾳ
1571 2246 1669 2274 αὑτοῦ*
1690 2247 1719 2274 οι
1740 2247 1770 2274 δὲ
1783 2247 1829 2273 ἐπὶ
1847 2247 1880 2273 τὰ

797 2383 920 2414 VARle
938 2382 1131 2411 LECTlONES
1149 2383 1194 2413 ET
1211 2383 1327 2414 ΝΟΤᾹΣ.

285 2442 343 2478 (17)
357 2442 454 2478 Lamb.
470 2442 584 2478 parebit.

299 2477 343 2508 18)
357 2477 454 2506 Lamb.
470 2478 594 2513 accipies.

300 2513 344 2550 19)
361 2513 436 2550 Μῦς,
445 2512 532 2550 tangi.
541 2512 573 2540 ab
591 2512 651 2550 illa.

287 2545 344 2583 (20')
359 2548 438 2583 Apud
450 2545 553 2575 Fellum
566 2549 674 2583 vulgata
698 2547 779 2576 lectio
800 2545 982 2583 conﬁrmatur
1002 2552 1037 2583 ex

248 2580 306 2611 ms.
326 2580 404 2611 Bodl.
417 2582 464 2611 Sic
477 2588 505 2610 et
523 2591 598 2617 mox,
611 2580 728 2610 subdita.
748 2583 808 2618 Ipse
824 2586 915 2609 tamen
930 2580 1036 2613 maluit,

249 2618 383 2649 subiectus
448 2619 576 2649 subjecta.

289 2653 346 2687 (21)
358 2653 453 2688 Lamb.
475 2653 609 2680 Volabant.
623 2653 658 2681 Et
667 2660 731 2688 mox
744 2661 752 2679 :
765 2660 866 2688 possem
874 2653 985 2688 servire.

253 2687 429 2750 Μφὲὲὲίεε.
445 2688 526 2724 Angl.
542 2688 654 2723 conﬁde.
669 2687 714 2716 Sic
735 2693 763 2716 et
783 2687 850 2715 edit.
869 2687 935 2716 Felli
949 2687 1038 2715 Oxon.

290 2757 348 2798 (ἐξ)
442 2758 522 2798 ᾼηβι-
537 2758 625 2798 bene.
668 2793 675 2798 .
698 2793 704 2798 .
786 2792 792 2798 .

255 2792 350 2855 “(’24)
366 2791 428 2820 llaec
444 2791 527 2821 habet
539 2792 830 2829 pseudo-Athanasius
844 2793 1039 2828 num.i3,pag.

295 2861 354 2894 (25)
368 2861 407 2890 lta
422 2869 490 2892 mss.
507 2862 686 2899 Vict.,Carm.
699 2867 727 2893 et
737 2862 834 2893 Lamb.
846 2861 886 2893 lta
902 2867 931 2893 et
939 2861 1041 2892 Fellus.

1090 2440 1193 2475 Graeca,
1210 2441 1254 2467 ἵνα
1315 2440 1437 2476 γένηται.
1453 2438 1536 2476 Editi,
1551 2438 1606 2473 ﬁet.

1126 2476 1183 2509 (26)
1197 2476 1262 2504 Mss.
1276 2475 1355 2510 Angl.
1370 2476 1447 2502 deest
1460 2475 1587 2509 fructum.

1127 2506 1183 2546 (27)
1197 2511 1236 2538 Ex
1251 2506 1342 2538 Doch".
1356 2510 1391 2537 ad
1405 2506 1541 2546 Antioch"
1557 2516 1634 2546 n_um.
1649 2506 1696 2546 gl,
1715 2515 1778 2546 pag.
1791 2508 1863 2546 265.?

1126 2543 1184 2581 (28')
1201 2546 1297 2574 Lamb.
1322 2545 1543 2573 disrimulaueris.
1571 2544 1600 2571 In
1625 2543 1710 2571 editis
1729 2543 1823 2571 (ΕΙ-τερα
1838 2544 1877 2571 hic

1091 2582 1197 2609 mutila.

1126 2616 1183 2651 (29)
1197 2616 1263 2644 Mss.
1278 2615 1357 2651 Angl.
1378 2615 1462 2650 fatue.
1488 2613 1618 2651 Sequitur
1637 2614 1876 2649 pseudo-Athana~

1092 2651 1150 2679 sius
1162 2652 1180 2679 Ι.
1193 2660 1218 2679 c.
1230 2650 1445 2686 prazcedenubus
1457 2650 1577 2686 omissis.

1128 2686 1185 2721 (50)
1200 2683 1405 2716 Cdrm.,Victor.
1417 2691 1442 2713 et
1456 2685 1685 2721 Lamszgnoras.
1698 2683 1768 2712 Vide
1778 2684 1874 2721 Grata.

1128 2719 1185 2756 (51)
1205 2721 1270 2749 Mss.
1291 2721 1480 2756 Angl.,Carm.
1497 2724 1523 2747 et
1538 2719 1647 2756 AVi'ctor.
1662 2727 1774 2756 magna.
1788 2719 1838 2756 Sic
1853 2725 1875 2745 et

1093 2754 1198 2784 Graeca.
1213 2755 1262 2783 Hic
1272 2754 1402 2783 mendum
1414 2755 1524 2790 irrepsit
1537 2754 1564 2781 in
1579 2755 1644 2782 edit.
1660 2754 1753 2783 Oxon.
1768 2755 1812 2782 ubi
1826 2756 1872 2782 sic:

1092 2800 1171 2825 quam
1182 2800 1302 2826 magnus,
1321 2798 1450 2826 quemque
1461 2790 1625 2826 miserabilis
1633 2790 1681 2826 sit.

1130 2826 1188 2862 (52)
1203 2824 1296 2854 carm.
1317 2824 1346 2853 et
1362 2824 1459 2862 Lamb.
1475 2824 1569 2858 deest,
1580 2825 1661 2862 (suis.
1673 2825 1713 2852 Ita
1732 2831 1759 2853 et
1779 2825 1874 2856 Gram.

1095 2859 1145 2890 nec
1160 2859 1216 2891 non
1228 2868 1307 2891 sacer
1319 2861 1405 2890 codex
1417 2867 1501 2898 quem
1512 2861 1628 2897 respicit
1637 2859 1769 2890 Hermas.
