1920 3104
25 127 67 159 949
76 153 79 156 .

499 121 650 165 l’AS’l‘Oli.~
665 135 700 141 —-
718 120 783 150 LIB.
804 121 837 153 ll,
858 119 1053 148 MANDATUM
1070 119 1128 148 ΧΠ.

1576 117 1639 147 950.

25 185 90 221 χείλη
107 182 208 219 ἔχοντες
224 181 273 209 τὸν
289 181 402 217 Κύριον.
417 180 468 216 τὴν
484 179 512 207 δὲ
528 179 642 216 καρδίαν
661 187 794 214 πεπωρω-

851 179 910 206 data
927 178 984 205 haec
995 178 1063 205 dura
1087 181 1151 205 sunt
1167 181 1194 204 et
1207 175 1335 204 diﬂicilia.
1350 175 1445 202 Ponite
1461 182 1526 210 ergo
1541 175 1628 206 vobis,

27 232 107 267 μένην,
127 230 171 257 καὶ
190 228 300 265 μακρὰν
317 228 393 259 ὄντες
414 226 469 254 ἀπὺ
485 226 532 253 τοῦ
557 225 660 261 Κυρίου
682 224 735 251 διὰ.
745 225 794 260 τὴν

26 276 114 303 ἑαυτῶν
129 273 272 310 ρᾳθυμίαν,
290 272 405 303 ἐκείνοις
420 272 449 297 αἱ
464 270 569 297 ἐντολαὶ
583 266 662 296 αὗται
679 269 794 304 σκληραὶ

26 324 91 352 εἰςιν,
108 321 151 347 καὶ
165 318 392 354 δυσκατόρθογτοι.
410 316 494 344 Θέσθε
507 314 565 349 οὖν,
578 316 657 351 ὑμεῖς
669 316 694 341 οἱ
707 315 794 349 ὀλιγό-

25 369 100 403 ψυχοι,
112 367 155 393 καὶ
165 365 279 400 ἐλαφροὶ
290 366 323 399 τῇ
335 364 434 394 πίστει,
445 363 490 389 τὸν
500 362 601 398 Κύριον
615 361 794 392 ἀδιαλείπτως

25 416 56 445 είς
67 412 112 443 τὰς
125 411 237 447 καρδίας
253 409 341 446 ὑμῶν,
359 408 405 435 καὶ
421 407 557 442 γνώσεσθε
572 407 612 433 ὅτι
631 406 706 433 οὐδέν
720 406 793 431 ἐστιν

25 457 186 493 εὐκολώτερον
198 456 253 482 τῶν
272 454 384 482 ἐντολῶν
406 454 523 485 τούτων,
539 452 601 479 οὔτε
617 451 793 486 γλυκύτερον,

25 505 73 531 οὔτε
85 502 311 539 ὴμερώτερον.....
329 501 384 536 (55)
393 499 480 526 Βλέπε
493 498 620 534 στερεῶς,
632 498 679 524 καὶ
691 497 719 531 ἐξ
731 496 794 532 ὅλης

24 553 63 587 τῆς
73 550 177 586 καρδίας
188 550 337 584 ἐπίστρεφε
353 547 421 583 πρὸς
432 546 544 582 Κύριον,
559 545 606 572 καὶ
624 544 794 586 μὴφοϐηοῇς

25 599 60 624 τὸν
69 597 190 624 διάὃολον·
210 595 325 631 δύναμις
337 594 391 630 γὰρ
411 593 440 619 ἐν
461 592 536 628 αὐτῷ
558 593 608 619 οὐκ
628 592 701 618 ἔστιν
724 592 794 618 κατὰ

25 643 66 670 τῶν
81 642 173 670 δούλων
195 641 244 668 τοῦ
268 640 345 667 Θεοῦ·
356 641 370 666 ὁ
383 639 449 671 Θεὸς
472 638 528 674 γάρ
549 638 622 664 ἔστιν
635 639 650 664 ό
665 637 792 672 παρέχων

25 690 62 731 τὴν
72 689 151 724 νίκην.
172 689 202 715 '0
214 687 337 718 διάϐολος
359 685 439 722 μόνον
458 684 539 719 φόϐον
561 684 627 731 ἐξει-
646 684 660 710 ό
671 683 699 710 δὲ
711 682 792 718 φόϐος

25 728 92 763 αὑιοῦ
105 735 193 766 τόνους
207 734 260 761 οὐκ
280 733 345 768 ἔχει.
361 731 408 767 Μὴ
419 730 545 766 φοϐηθῇς
564 728 610 757 οὖν
635 729 725 761 αὑτὸν,
745 729 792 756 κα)⁸

25 781 130 816 φεύξεται
145 779 198 807 ἀπὸ
208 778 268 806 σοῦ.

846 223 892 258 qui
911 223 990 250 vacui
1013 228 1040 250 et
1062 222 1134 249 leves
1152 222 1218 249 estis
1234 221 1260 248 in
1288 221 1354 253 (ide,
1372 220 1516 248 Dominum
1545 220 1628 248 Deum

845 274 965 296 vestrum
984 269 1010 295 in
1027 268 1108 296 corde
1125 267 1224 295 habere
1239 267 1296 301 (55)
1308 277 1315 300 ;
1329 272 1357 294 et
1378 267 1542 301 intelligetis,
1556 266 1629 300 quod

846 315 914 342 nihil
931 314 1038 342 facilius
1053 318 1094 344 est
1113 314 1156 341 his
1174 313 1328 346 mandatis,
1345 321 1433 347 neque
1452 312 1569 345 dulcius,
1583 320 1630 339 ne-

846 367 899 394 que
916 360 1098 392 mansuetius,
1115 367 1203 394 neque
1219 359 1340 387 sanctius
1359 365 1366 384 :
1382 362 1409 386 et
1423 358 1570 385 convertite
1583 365 1631 386 vos

846 405 880 432 ad
894 404 1039 432 Dominum
1057 404 1152 437 Deum,
1166 408 1192 432 et
1207 404 1352 439 relinquite
1363 403 1499 431 diabolum
1516 407 1542 430 et
1555 403 1631 430 volu-

846 454 935 485 ptates
948 449 1004 483 (54)
1016 449 1091 483 ejus;
1105 449 1168 484 quia
1185 449 1264 476 mala:
1277 453 1351 481 sunt,
1368 452 1394 474 ct
1412 455 1522 479 amara},
1539 452 1566 474 ct
1580 447 1632 474 im-

847 495 966 522 mundzc.
985 494 1017 522 Et
1034 495 1117 522 nolite
1142 495 1237 522 timere
1259 494 1409 527 diabolum,
1431 494 1495 529 quia
1516 494 1542 520 in
1555 493 1632 521 vobis

846 546 1007 577 potestatem
1035 549 1090 568 non
1113 541 1205 568 habet.
1234 539 1289 575 Ego
1308 541 1380 567 enim
1404 541 1545 567 vobiscum
1571 547 1631 566 sum

845 586 958 613 nuntius
977 585 1152 620 pmnitentim.
1174 585 1221 620 qui
1242 585 1369 613 dominor
1393 585 1475 612 illius.
1503 584 1633 612 Diabolus

845 637 935 660 autem
959 631 1084 659 timorem
1101 632 1180 662 facit;
1197 631 1244 659 sed
1267 632 1348 658 timor
1370 631 1443 661 illius
1469 639 1556 658 vanus
1579 636 1631 659 est.

845 678 934 706 Nolite
950 685 1016 713 ergo
1028 677 1124 705 timere
1137 685 1212 711 cum,
1225 681 1252 704 ct
1267 677 1377 712 fugieta
1395 677 1479 705 vobis.

727 833 843 861 CAPUT
871 833 904 861 V.

52 879 78 907 Et
90 879 142 907 dixi
157 879 195 906 illi
213 887 221 907 :
237 878 362 912 Domine,
377 879 441 906 audi
458 885 502 906 me
518 885 605 914 pauca
622 878 706 906 verba
723 877 858 906 dicentem
877 878 935 915 (36)
953 879 1013 906 tibi.
1032 879 1090 912 Dic,
1110 879 1212 914 inquit.
1229 878 1327 913 llomo,
1339 881 1463 916 inquam,
1481 881 1556 915 cupit
1570 881 1634 916 qui—

24 925 72 953 dem
91 925 215 953 mandata
236 924 284 952 Dei
298 925 436 953 custodire
449 934 456 958 ;
475 928 501 952 et
515 932 595 952 nemo
610 929 653 952 est
669 923 716 959 qui
732 932 787 952 non
803 929 876 959 petat
891 933 906 952 a
922 925 1039 954 Domino
1051 947 1058 960 ,
1085 931 1115 953 ut
1127 927 1214 961 possit
1231 927 1357 954 mandata
1368 927 1428 962 ejus
1441 934 1560 954 scrvare.
1581 926 1634 954 Sed

24 972 129 1000 diabolus
137 972 223 1000 durus
237 977 298 1005 est;
320 975 348 999 et
362 971 485 1007 potentia
501 979 551 999 sua
564 971 724 999 dominatur
735 971 762 998 in
780 971 828 999 Dei
843 980 950 1001 servos.

51 1021 98 1056 (37)
119 1021 155 1048 οὺ
179 1019 292 1047 δύναται
317 1019 372 1056 γὰρ
395 1019 638 1047 καταδυναστεύειν
659 1019 713 1045 τῶν
735 1019 794 1046 δού-

883 1019 918 1048 Ει
931 1021 1000 1048 dixit
1018 1019 1095 1048 :Non
1113 1024 1202 1055 potest
1220 1019 1355 1047 dominari
1369 1020 1395 1046 in
1409 1019 1456 1047 Dei
1471 1027 1575 1054 servos,
1587 1020 1633 1055 qui

24 1067 65 1093 λων
79 1067 121 1093 τοῦ
137 1067 216 1098 Θεοῦ,
234 1066 290 1093 τῶν
305 1066 336 1098 ἐξ
358 1066 422 1101 ὅλης
441 1065 554 1101 καρδίας
571 1064 734 1098 ἐλπιζόντων
750 1065 793 1092 ἐπ’

24 1113 97 1139 αὐτόν.
122 1112 236 1139 Δύναται
253 1109 302 1139 οὗν
323 1113 338 1139 ὸ
359 1111 481 1143 διάὸολος
505 1110 644 1143 παλαῖσαι,
670 1119 793 1138 καταπα-

24 1158 97 1186 λαῖσαι
112 1159 138 1186 δὲ
155 1159 185 1185 οὺ
201 1158 326 1185 δύναται.
335 1158 397 1185 Ἐὰν
409 1155 455 1184 οὖν
472 1158 599 1193 ἁντιστῇς
611 1156 702 1190 αὐτὸν,
718 1165 795 1192 νικη-

24 1205 69 1237 θεὶς
79 1206 196 1241 φεύξεται
213 1206 267 1233 ἀπὸ
285 1205 331 1232 σοῦ
343 1204 578 1242 κατῃσχυμμὲνος.

847 1073 881 1093 ex
905 1067 969 1094 totis
984 1067 1141 1101 praecordiis
1155 1067 1182 1093 iu
1197 1066 1344 1092 Dominum
1363 1066 1477 1094 credunt
1494 1066 1562 1101 (58).
1582 1066 1635 1093 Po-

848 1117 901 1140 test
911 1117 1002 1140 autem
1017 1113 1142 1140 diabolus
1156 1112 1252 1140 luctari
1264 1121 1271 1145 ;
1286 1114 1332 1141 sed
1347 1114 1454 1141 vincere
1468 1122 1522 1140 non
1535 1118 1633 1148 potest.

849 1159 878 1186 Si
895 1158 969 1186 enim
992 1159 1122 1186 resistitis
1145 1158 1194 1192 illi,
1222 1158 1307 1193 fugiet
1332 1167 1346 1186 ει
1367 1160 1444 1187 vobis
1455 1159 1588 1186 confusus
1599 1159 1633 1185 ".

848 1204 915 1232 Nam
926 1205 1083 1240 quicunque
1094 1204 1145 1232 ﬁde
1154 1205 1224 1239 pleni
1236 1212 1288 1231 non
1298 1210 1371 1239 sunt,
1380 1206 1476 1233 timent
1485 1206 1634 1238 diabolum,

24 1253 87 1287 quasi
102 1257 261 1287 potestatem
276 1251 432 1279 habentem.
452 1249 581 1277 Diabolus
598 1249 671 1277 enim
688 1253 776 1277 tentat
790 1257 884 1277 servos
909 1249 971 1283 Dei,
989 1254 1032 1284 et,
1059 1251 1082 1277 si
1100 1251 1233 1278 invenerit
1250 1259 1361 1284 vacuos,
1379 1253 1552 1280 exterminat.
1576 1252 1637 1284 Sic-

24 1307 47 1329 ut
54 1302 102 1338 (59)
112 1303 181 1331 enim
199 1302 294 1334 homo,
308 1307 370 1328 eum
386 1299 507 1334 implevit
521 1299 668 1333 amphoras
680 1299 752 1326 bono
762 1299 868 1332 vino,et
883 1299 953 1326 inter
966 1299 1026 1327 illas
1041 1299 1190 1334 amphoras
1198 1307 1300 1334 paucas
1315 1299 1480 1334 semiplenas
1493 1299 1596 1334 posuit,
1608 1303 1636 1326 et

25 1352 84 1379 venit
95 1357 122 1379 ut
134 1355 217 1379 tentet
230 1355 258 1378 et
271 1352 362 1385 gustet
375 1347 521 1382 amphoras
534 1356 542 1380 ;
560 1354 615 1374 non
628 1351 714 1374 tentat
727 1348 837 1382 plenas;
851 1347 902 1375 scit
912 1349 986 1375 enim
1002 1348 1075 1383 quod
1095 1349 1173 1375 home
1191 1354 1254 1376 sunt
1267 1358 1274 1383 ;
1298 1349 1462 1384 semiplenas
1480 1353 1569 1376 autem
1584 1356 1636 1384 gu—

25 1403 76 1432 stat,
90 1407 121 1428 ne
134 1399 188 1426 sint
202 1397 289 1426 acidae
303 1395 380 1423 facta:
397 1403 404 1422 :
421 1395 476 1422 cito
491 1395 564 1422 enim
584 1395 740 1430 semiplena:
756 1395 896 1430 amphorae
914 1401 1054 1428 acescunt,
1067 1401 1094 1424 et
1107 1397 1224 1431 perdunt
1237 1404 1363 1430 saporem
1382 1395 1447 1422 viui.
1468 1394 1515 1422 Sic
1531 1399 1558 1421 et
1573 1394 1633 1422 dia-

25 1446 89 1474 bolus
99 1446 168 1474 venit
187 1445 220 1472 ad
241 1443 367 1471 homines
379 1451 474 1471 servos
488 1442 547 1475 Dei,
566 1447 596 1470 ut
607 1448 690 1471 tentet
708 1443 779 1471 illos.
797 1443 961 1479 Quicunque
973 1449 1065 1472 autem
1078 1445 1149 1479 pleni
1161 1449 1225 1472 sunt
1237 1444 1299 1475 Iide,
1321 1444 1454 1471 resistunt
1466 1443 1492 1470 ei
1505 1441 1632 1475 fortiter;

25 1495 92 1522 etille
108 1493 205 1522 recedit
218 1493 254 1520 ab
265 1492 317 1524 eis,
339 1491 404 1527 quia
418 1499 473 1519 non
491 1492 570 1519 habet
585 1492 675 1519 locum
697 1492 826 1519 intrandi.
850 1491 928 1519 Tunc
943 1493 1017 1520 vadit
1032 1493 1066 1520 ad
1092 1493 1154 1519 illos
1173 1493 1220 1527 qui
1243 1500 1298 1520 nou
1330 1495 1394 1518 sunt
1423 1490 1476 1518 tide
1496 1489 1578 1525 pleni,
1604 1494 1633 1517 ct

26 1540 135 1575 quoniam
150 1539 231 1566 habet
246 1538 349 1571 locum,
364 1538 426 1566 inde
444 1538 528 1565 intrat
545 1538 574 1568 in
586 1538 662 1571 illos;
680 1542 708 1566 et
725 1546 895 1573 qumcunque
909 1539 977 1578 vult,
993 1538 1059 1566 facit
1071 1539 1137 1573 illis,
1149 1543 1178 1567 et
1188 1540 1258 1567 liuut
1273 1539 1368 1566 l'amuli
1384 1538 1455 1573 ejus.

731 1597 848 1625 CAPUT
864 1596 907 1625 Vl.

54 1647 100 1675 Sed
124 1648 200 1676 vobis
224 1647 288 1674 dico
311 1652 363 1681 ego
383 1645 497 1672 nuntius
510 1645 677 1680 pcenitentiaa
693 1644 752 1676 :Ne
772 1646 893 1674 timeatis
906 1645 1058 1682 diabolum.
1075 1634 1175 1675 Missus
1191 1647 1263 1674 enim
1281 1653 1354 1678 sum,
1370 1649 1401 1672 ut
1413 1644 1556 1672 vobiscum
1573 1644 1636 1675 sim,

27 1694 163 1730 quicunque
186 1701 219 1721 ex
245 1693 312 1720 totis
338 1691 497 1728 praecordiis
517 1691 628 1726 egeritis
651 1692 852 1726 pmnitentiam,
871 1696 902 1719 ut
916 1693 1075 1720 conﬁrment
1101 1701 1151 1721 vos
1166 1693 1194 1720 in
1211 1693 1273 1720 ﬁde.
1294 1691 1405 1718 Credite
1425 1698 1492 1726 ergo
1506 1691 1575 1724 (40),
1590 1690 1638 1724 qui

27 1745 119 1775 propter
131 1741 227 1769 delicta
243 1745 336 1769 vestra
349 1738 426 1766 obliti
442 1738 509 1766 estis
524 1738 622 1772 Deum,
639 1743 666 1766 et
679 1739 726 1773 qui
740 1739 855 1767 salutem
874 1744 993 1767 vestram
1005 1739 1168 1775 objicientes
1182 1740 1240 1775 (41)
1255 1739 1375 1774 peccatis
1391 1738 1500 1771 vestris,
1516 1737 1638 1772 gravatis

27 1786 94 1814 vitam
107 1793 221 1815 vestram
231 1809 239 1821 ,
253 1786 325 1822 quod
339 1786 362 1813 si
375 1786 501 1814 conversi
516 1785 624 1813 fueritis
642 1785 676 1813 ad
688 1786 836 1814 Dominum
850 1795 883 1814 ex
901 1787 966 1815 totis
979 1787 1140 1822 praecordiis
1153 1788 1263 1821 vestris.
1279 1794 1308 1817 et
1324 1787 1477 1816 servieritis
1491 1786 1517 1814 ei
1539 1793 1638 1813 secun—

27 1835 78 1862 dum
98 1830 260 1864 voluntatem
282 1836 379 1871 ipsius,
401 1834 476 1861 dabit
498 1834 650 1862 remedium
665 1835 811 1863 animabus
825 1835 924 1863 vestris
942 1835 1011 1870 (42),
1031 1836 1202 1871 posthabitis
1216 1835 1336 1871 peccatis
1355 1833 1454 1861 vestris
1476 1830 1637 1867 prioribus;

27 1885 48 1908 et
59 1881 180 1910 habebitis
193 1886 356 1918 potestatem
368 1883 529 1911 dominandi
545 1883 675 1911 omnibus
690 1884 821 1918 operibus
836 1883 894 1920 (45)
907 1884 1020 1912 diaboli.

55 1928 102 1964 (44)
117 1930 161 1966 Μὴ
175 1930 204 1957 δὲ
220 1931 272 1967 τὴν
291 1931 405 1966 ἀπειλὴν
423 1930 506 1957 αὑτοῦ
523 1930 660 1967 δειλιάσῃς
672 1939 678 1946 ·
703 1931 794 1963 ἄτονος

885 1930 973 1959 Minas
986 1936 1078 1960 autent
1098 1932 1172 1960 illius
1188 1932 1215 1959 in
1233 1936 1318 1959 totum
1335 1930 1430 1957 timere
1448 1927 1533 1955 nolite
1551 1935 1558 1953 :
1580 1925 1639 1953 sine

28 1973 72 2010 γὰρ
82 1975 116 2007 ὡς
131 1976 226 2012 νεκροῦ
248 1975 342 2012 νεῦρα.
411 1976 518 2003 Μᾶλλον
530 1976 663 2012 φοὸήθητι
678 1976 723 2003 τὸν
739 1976 794 2003 Κύ-

851 1979 952 2007 virtute
963 1979 1036 2007 enim
1054 1984 1129 2012 sunt,
1144 1978 1216 2005 sicut
1229 1975 1350 2004 hominis
1360 1974 1460 2002 mortui
1475 1972 1561 2000 nervi.
1583 1971 1638 1998 Au-

31 2027 75 2053 ptov
88 2021 129 2048 τὸν
140 2022 287 2058 δυνάμενον
304 2021 389 2061 σῶσαι
405 2022 452 2051 καὶ
463 2021 602 2049 ἀπολέσαι.

852 2026 909 2054 dite
932 2033 998 2061 ergo
1019 2032 1083 2058 me;
1100 2029 1127 2052 et
1146 2023 1239 2051 timete
1260 2022 1404 2049 Dominum
1421 2019 1638 2054 omnipotentem

30 2067 67 2099 qui
80 2072 160 2102 potest
173 2077 222 2097 vos
237 2069 329 2097 salvos
343 2069 434 2096 facere
452 2069 509 2104 (45)
529 2073 557 2096 et
574 2069 687 2104 perdere
700 2070 741 2103 ⁸³;
764 2076 791 2098 et
813 2073 949 2100 custodite
965 2071 1095 2099 mandata
1117 2071 1195 2106 ejus,
1210 2074 1240 2097 ut
1253 2068 1351 2096 vivatis
1366 2067 1432 2094 Deo.
1451 2064 1485 2092 Et
1505 2064 1560 2092 dixi
1579 2063 1616 2090 illi
1631 2072 1638 2090 :

31 2110 136 2146 Domine,
157 2115 239 2142 modo
257 2114 437 2142 conﬁrmatus
457 2121 519 2141 sum
535 2114 562 2141 in
578 2114 708 2142 omnibus
727 2117 864 2145 mandatis
882 2117 1000 2150 Domini,
1020 2115 1141 2152 quandiu
1159 2122 1267 2142 mecum
1288 2122 1338 2145 es;
1361 2118 1388 2140 et
1402 2112 1462 2140 scio
1480 2110 1554 2146 quod
1569 2117 1637 2137 con-

31 2156 114 2194 fringes
125 2169 231 2190 omnem
243 2161 368 2189 virtutem
381 2160 483 2187 diaboli
495 2160 562 2195 (46).
578 2160 631 2188 Sed
644 2166 670 2189 et
683 2169 734 2190 nos
748 2163 974 2198 exsuperabimus
989 2162 1078 2196 illum,
1093 2161 1116 2189 si
1130 2168 1278 2196 possumus
1294 2159 1352 2194 (47)
1366 2153 1494 2186 mandata
1507 2156 1566 2183 haec
1579 2162 1641 2189 quas

31 2207 174 2242 chpisti,
199 2207 318 2236 Domino
335 2207 527 2238 contirmante,
550 2205 700 2234 custodire.
717 2207 874 2242 Custodies,
891 2209 993 2244 inquit,
1006 2207 1029 2236 si
1053 2214 1100 2235 cor
1123 2211 1201 2236 tuum
1216 2205 1407 2241 puriticaveris
1431 2203 1464 2231 ad
1481 2201 1639 2229 Dominum.

33 2250 74 2280 Sed
87 2260 111 2281 et
124 2262 217 2283 omnes
232 2255 388 2284 custodient
399 2272 407 2285 .
425 2253 474 2288 qui
493 2253 699 2288 puriﬁcaverint
708 2254 793 2282 corda
811 2262 862 2282 sua
872 2263 889 2282 a
901 2254 982 2282 vanis
996 2253 1194 2290 cupiditatibus
1211 2253 1294 2288 hujus
1312 2251 1417 2283 saeculi,
1431 2255 1460 2278 et
1472 2250 1564 2278 vivent
1575 2247 1639 2274 Deo.

88 2312 108 2328 "
118 2311 172 2342 Jac.
186 2322 224 2348 iv,
238 2315 267 2341 ’1-
304 2314 430 2342 "Matth.
444 2322 472 2349 κ,
484 2314 537 2348 28;
550 2314 617 2342 Luc.
630 2322 680 2348 xu,
693 2314 720 2342 5.

561 2383 681 2411 VARIA‘J
702 2381 892 2410 LECTIONES
910 2380 954 2409 ET
970 2379 1085 2408 NOTAE.

59 2426 106 2461 (35)
119 2428 158 2455 Al.
178 2433 293 2456 vestrum
315 2434 340 2456 et
365 2430 392 2456 in
412 2429 488 2456 corde
512 2429 615 2457 habere.
640 2427 707 2456 Felli
729 2428 795 2456 edit.
886 2426 942 2461 (40)
959 2426 1012 2453 Ista
1026 2423 1172 2461 exscripsit
1184 2423 1334 2461 Antiochus
1348 2421 1442 2449 homil.
1456 2420 1492 2452 72

59 2429 106 2461 (33)
119 2429 158 2455 Al.
178 2433 293 2456 vestrum
315 2434 340 2456 et
365 2430 392 2456 in
412 2429 488 2456 corde
512 2429 615 2457 habere.
640 2429 707 2456 Felli
729 2429 795 2456 edit.
886 2429 931 2460 (40
959 2429 1012 2453 Ista
1026 2429 1172 2459 exscripstt
1184 2429 1334 2457 Antiochus
1348 2429 1442 2449 nomn.
1461 2429 1492 2452 ις

32 2459 136 2490 0mn.et
149 2464 175 2490 in
189 2465 266 2491 corde
281 2464 382 2492 habete.
852 2429 944 2497 mut)
973 2461 1039 2488 Mss.
1057 2460 1139 2497 Angl.
1162 2465 1188 2486 et
1214 2458 1326 2497 salutem
1354 2463 1468 2497 vestram
1483 2455 1639 2497 “adﬁciens.

32 2497 166 2565 mgnus.
179 2499 283 2526 Victor.
301 2499 459 2527 voluntates.
482 2499 516 2527 Et
536 2507 599 2527 mox
627 2499 723 2527 Lamb.
739 2506 798 2534 qua:

113 2542 146 2562 ια.

48 2539 72 2558 ΙὉ
82 2541 146 2563 (Illa.

61 2568 109 2602 (55)
128 2568 260 2597 Hactenus
274 2569 563 2605 pseudo-Athanasius
576 2578 652 2597 num.
670 2569 715 2603 21,
731 2577 794 2604 pag.

101 2604 271 2640 Quaerautcm
293 2610 447 2640 sequuntur
471 2605 582 2632 exhibet
603 2609 699 2632 auctor
722 2612 797 2632 num.

35 2636 136 2674 lidius.
151 2639 212 2670 258,
227 2636 397 2674 aliquantum
409 2641 527 2671 diversa.
541 2644 570 2667 ut
580 2641 691 2668 assolet.

61 2671 164 2711 (ἕῳ-ξω
176 2674 251 2702 Bodl.
266 2671 357 2703 Fellus
373 2680 475 2707 autem,
490 2675 648 2711 loquentem.

172 2710 440 2748 pseudo-Athanasio
453 2707 528 2737 uum.’
545 2710 596 2748 lg,
607 2718 671 2748 pag.
687 2708 752 2736 258.

59 2742 180 2780 ,(58))ίδ.“
191 2745 261 2772 Vict.
284 2746 312 2772 in
328 2745 412 2772 Deum
431 2750 548 2780 sperant.
565 2742 680 2772 Exhibet
694 2748 799 2779 sperant

36 2777 102 2803 etiam
116 2777 186 2806 Bodl.
204 2780 241 2807 lla
256 2785 284 2807 et
296 2780 400 2808 Graeca.

65 2811 198 2854 (3?)_Hu_l_lc
215 2816 303 2854 locum
320 2815 560 2854 laudatOrigencs,
571 2820 649 2844 tract.
665 2815 710 2848 51,
723 2814 801 2842 Com-

39 2851 103 2874 ηωιιι.
116 2848 140 2876 in
152 2848 245 2878 Matt/1.
262 2859 335 2886 ΠΝ,
350 2851 393 2879 42.

852 2490 968 2524 wakius
980 2500 1071 2523 autem
1083 2490 1120 2522 ita
1133 2495 1205 2521 hunc
1217 2495 1304 2520 locum
1319 2492 1438 2519 restituit
1453 2499 1461 2518 :
1480 2490 1563 2518 Obliti
1577 2491 1641 2517 estis

851 2531 937 2559 Deum
948 2536 973 2559 et
989 2531 1101 2557 salutem
1119 2534 1230 2556 uestram
1241 2537 1250 2560 ;
1263 2533 1287 2555 et
1305 2527 1351 2563 qui
1362 2526 1516 2561 adjicieutes
1527 2528 1641 2561 peccatis

851 2567 956 2598 vestris,
973 2565 1091 2601 gravatis
1106 2566 1187 2601 vitam
1203 2569 1326 2601 vestram.

888 2595 955 2637 (42)
966 2595 1004 2629 lia
1028 2600 1120 2629 Fellus
1137 2599 1306 2637 insuaedit.
1320 2597 1409 2625 Oxon.
1425 2603 1460 2624 ex
1474 2603 1540 2623 mss.
1560 2595 1638 2631 Augl.

852 2637 895 2665 Al.
911 2635 1055 2665 remedium
1077 2635 1201 2670 peccatis.

887 2672 942 2708 (45)
958 2672 1022 2708 Mss.
1039 2669 1131 2708 Angl._,
1146 2669 1263 2708 amulum
1275 2676 1392 2708 operum.

889 2700 945 2743 (44)
961 2707 1025 2734 Haec
1039 2700 1323 2743 pseitdo-Atltaltasius
1347 2711 1421 2743 nuru.
1448 2702 1491 2743 lg,
1514 2701 1565 2729 sub
1576 2700 1638 2741 iuit.

852 2736 915 2778 pagg.
931 2736 995 2775 258,
1008 2736 1124 2803 qlu'orum
1142 2739 1251 2774 quidem
1270 2739 1362 2774 priora
1388 2739 1422 2766 ab
1443 2738 1504 2765 aliis
1526 2736 1640 2764 omissa.

890 2778 948 2803 {45)
963 2777 1019 2803 Bod
1033 2796 1039 2803 .
1054 2779 1138 2803 notest
1149 2774 1249 2802 salvum
1265 2775 1359 2803 lacere.

890 2774 948 2812 (ιδ)
963 2774 1039 2804 Bodl.
1054 2779 1138 2812 potest
1145 2774 1249 2812 salvum
1264 2775 1359 2808 facere.

891 2810 947 2845 (40)
962 2811 1057 2843 Lamb.
1075 2810 1186 2838 inimici.

897 2848 953 2883 (47)
969 2847 1033 2875 Mss.
1050 2846 1129 2882 Angl.
1144 2849 1170 2873 et
1186 2852 1338 2881 possumus.

1048 2924 1085 2932 -ιν
