1920 3104
600 135 748 164 PASTOB.
767 149 804 157 --
822 135 825 162 l

876 140 887 162 ι.
906 135 950 167 111,
970 135 1071 163 Sl.\llL.
1090 136 1123 164 11.
1625 134 1678 164 954

49 138 96 167 953

50 202 100 230 tua,
115 194 170 223 sine
183 194 286 229 injuria
298 195 404 223 hilaris.
421 196 477 225 Vos
492 196 575 232 igitur
586 197 675 224 videte
688 197 735 232 qui
749 196 858 224 servilis
879 196 945 230 Deo,
966 201 992 224 et
1011 197 1118 225 habetis
1130 205 1193 225 enim
1205 198 1232 225 in
1245 196 1375 226 cordibus
1389 195 1490 224 vestris
1503 204 1510 222 :
1523 195 1676 230 operamini

49 250 122 278 opera
134 241 190 274 Dei,
206 249 345 269 memores
361 242 553 270 mandatorum
567 246 593 270 et
607 243 808 278 promissorum
819 242 880 277 ejus
893 250 954 278 quae
968 242 1024 278 (59)
1040 243 1183 278 promisit;
1200 247 1227 270 et
1241 243 1346 271 credite
1355 243 1391 276 ei,
1403 243 1477 277 quod
1491 242 1572 270 faciet
1585 243 1674 275 vobis,

49 291 69 318 si
89 289 212 317 mandata
227 289 290 323 ejus
312 289 507 317 eustodieritis.
531 289 584 317 Pro
599 290 673 325 agris
687 298 753 325 ergo
769 297 840 325 quos
864 297 956 317 emere
967 290 1120 324 volueritis,
1138 291 1263 319 redimite
1284 291 1392 319 animas
1405 292 1439 318 de
1453 291 1673 321 necessitatibus,

49 340 119 371 prout
131 337 248 371 quisque
263 341 367 373 potest;
380 340 408 363 et
422 337 519 364 viduas
529 336 553 352 ⁸⁵
563 336 707 369 absolvite,
721 336 854 370 orphanis
865 335 922 372 (60)
935 336 1067 371 judicate,
1080 342 1107 364 et
1118 345 1184 372 opes
1195 345 1227 365 ac
1239 338 1348 366 divitias
1361 342 1467 366 vestras
1478 338 1505 365 in
1519 337 1675 372 huiusmodi

46 383 164 418 operibus
174 382 231 418 (61)
241 383 407 411 consumite.
422 383 449 409 In
460 383 513 410 hoc
525 382 598 409 enim
611 390 660 409 vos
672 381 997 416 Dominuslocupletavit,
1006 386 1036 409 ut
1046 382 1203 418 huiusmodi
1213 383 1364 411 ministeria
1374 384 1517 418 expleatis.
1527 383 1609 410 Multo
1619 391 1676 410 mc-

47 430 91 457 lius
103 435 142 457 est
153 429 211 457 haec
225 429 329 464 facere,
343 437 424 466 quam
437 437 518 464 agros
534 434 581 456 aut
592 429 689 457 domos
700 437 811 462 emere;
827 429 961 464 quoniam
979 430 1037 458 haec
1053 431 1146 458 omnia
1161 431 1291 466 peribunt
1304 431 1330 458 in
1346 431 1448 458 sarculo
1465 439 1471 457 :
1487 434 1515 456 at
1537 429 1593 465 (62)
1615 435 1676 463 qua:

46 483 87 510 pro
102 476 210 504 nomine
226 476 277 504 Dei
294 476 403 510 feceris,
420 478 546 506 invenies
559 478 587 505 in
603 477 714 506 civitate
727 482 785 510 tua,
797 481 825 504 et
838 477 952 505 habebis
961 478 1094 513 gaudium
1107 479 1167 507 sine
1179 479 1291 507 tristitia
1307 483 1334 506 et
1351 479 1463 506 timore.
1479 476 1593 504 Divitias
1610 482 1676 510 ergo

48 523 155 559 gentium
166 523 253 551 nolite
264 531 376 559 cupere,
392 525 554 560 perniciosw
569 529 634 553 sunt
648 525 721 553 enim
734 524 822 552 servis
839 523 904 557 Dei;
918 524 951 551 de
967 525 1088 560 propriis
1104 531 1198 553 autem
1213 533 1283 561 quas
1302 525 1420 558 habetis,
1430 531 1462 552 ea
1476 523 1559 558 agite,
1575 522 1677 557 quibus

47 569 147 604 possitis
166 571 300 606 consequi
314 571 455 606 gaudium.
472 571 503 598 Et
520 571 604 600 nolite
620 571 786 602 adulterare,
809 577 859 598 nec
875 570 987 599 alterius
1000 571 1056 606 (65)
1075 579 1189 600 uxorem
1209 577 1338 608 tangere,
1361 578 1451 606 neque
1471 569 1676 604 concupisoere.

47 617 203 654 Concupisce
215 622 296 647 tuum
309 627 389 655 opus,
408 624 434 647 et
451 620 547 648 salvus
559 619 624 647 eris.

412 677 453 704 Ea:
466 678 518 705 ista
532 677 708 705 similitudine
722 676 778 704 haec
797 674 875 702 verba
890 675 956 710 facit
975 676 1145 710 ANTIOCIIIJS,
1162 677 1271 704 humilia
1286 678 1329 705 {5.

76 734 104 761 El
115 731 159 762 οὗν
179 734 227 762 ἐπὶ
242 734 324 771 ξένης
338 735 530 771 κατοικοῦμεν,
548 736 595 762 καὶ
616 737 634 771 ὴ
652 735 730 767 πόλις
749 733 828 770 ἡμῶν
843 725 865 752 Α

49 779 143 815 μικρὰν
154 780 252 816 ἀπέχει
270 781 325 807 ἀπὸ
343 781 393 817 τῆς
406 780 511 812 πόλεως
525 781 639 817 ταύτης,
654 782 701 808 καὶ
716 780 828 815 οἴδαμεν

47 826 88 861 τὴν
101 825 174 853 πόλιν
192 826 273 862 ήμῶν
290 827 319 853 ὲν
367 827 500 863 μέλλομεν
514 828 650 854 κατοικεῖν
662 834 669 842 ⁵
687 826 714 854 τί
727 827 767 858 είς
778 826 829 861 τὴν

47 871 175 908 ἀλλοτρίαν
199 872 385 908 ἑτοιμάζομεν
404 873 516 909 ἀγροὺς,
534 873 581 900 καὶ
600 872 744 908 οἰκοδομὰς
756 893 764 905 ,
781 872 829 898 καὶ

46 917 167 953 οίκήματα
185 918 298 953 μάταια,
315 918 361 946 καὶ
377 918 542 954 παρατάξεις
550 918 722 951 πολυτελεῖς,
737 918 829 945 Ταῦτα

47 962 85 991 οὖν
102 963 250 1000 ἐτοιμάζων
266 966 308 997 εἰς
327 965 469 1001 ἀλλοτρίαν
486 965 574 998 πόλιν,
592 965 672 1001 δῆλός
685 966 769 998 ἐστιν,
787 965 828 992 ὅτι

46 1009 71 1036 οὐ
82 1009 212 1045 προσδοκᾷ
225 1010 425 1046 ὲπανακάμψαι
442 1011 482 1043 είς
494 1011 545 1046 τὴν
564 1010 632 1038 ἰδίαν
648 1010 735 1044 πόλιν,
749 1019 828 1038 τουτ-

47 1056 162 1090 ἐπιν,είς
174 1057 224 1093 τὴν
241 1058 299 1085 ἄνω
312 1057 498 1093 Ἰερουσαλήμ.
515 1057 543 1084 '0
551 1057 606 1093 γὰρ
616 1058 745 1093 λογισμὸς
752 1055 830 1089 οὗτος

46 1102 165 1138 ἀφρόνων,
182 1103 231 1130 καὶ
251 1103 383 1139 διψύχων,
404 1105 453 1131 καὶ
472 1103 654 1140 ταλαιπώρων
677 1104 829 1140 ἀνθρώπων

46 1149 116 1176 ἐστίν.
125 1150 161 1176 Οὐ
168 1150 223 1186 γὰρ
229 1150 327 1183 συνίει,
334 1151 375 1177 ὅτι
381 1151 468 1177 ταῦτα
475 1150 565 1177 πάντα
572 1150 701 1187 ἀλλὰτριά
709 1151 773 1183 εἱσι,
780 1151 829 1178 καὶ

46 1195 90 1221 ὑπὸ
103 1195 220 1228 ἐξουσίας
235 1196 332 1233 ἑτέρου
349 1196 412 1229 εἰσὶ,
429 1196 552 1223 τουτέστι
568 1196 615 1223 τοῦ
635 1197 764 1233 ἄρχοντος
780 1195 828 1224 τοῦ

46 1242 129 1275 αἰῶνος
143 1243 249 1272 τούτου,
261 1246 320 1272 Οὐκ
327 1242 373 1272 οὖν
382 1245 538 1281 ὀφείλομεν,
548 1245 586 1277 ὡς
595 1245 640 1271 ἐπὶ
648 1244 728 1280 ξένης
735 1253 827 1271 κατοι-

46 1290 159 1324 κοῦντες,
178 1293 262 1328 μηδὲν
280 1292 360 1319 πλέον
377 1293 534 1329 ἑτοιμάζειν
553 1294 671 1325 ἑαυτοῖς,
689 1292 714 1318 εἰ
729 1291 766 1327 μὴ
779 1291 829 1327 τὴν

46 1337 195 1374 αὐτάρκειαν
216 1338 269 1375 τὴν
294 1339 422 1375 ἀρκετὴν.
455 1340 487 1366 Οἱ
515 1339 569 1375 γὰρ
595 1338 756 1373 ἀγαπῶντες
783 1337 829 1365 τὸν

46 1382 136 1410 ἑαυτῶν
148 1383 250 1420 Κύριον
263 1404 271 1416 ,
289 1384 337 1410 καὶ
353 1383 463 1419 ἔχοντες
475 1384 556 1410 αὐτὸν
572 1383 617 1410 ἀεὶ
627 1384 656 1410 ὲν
669 1385 702 1419 τῇ
721 1383 826 1410 ἑαυτῶν
841 1401 864 1430 Β

47 1429 139 1465 καρδίᾳ,
154 1430 182 1457 ὲν
197 1431 259 1462 ταῖς
276 1430 397 1462 ἐντολαῖς
409 1429 492 1457 αὑτοῦ
505 1429 694 1466 πορεύσονται,
708 1430 755 1456 καὶ
766 1430 827 1461 ταῖς

46 1474 206 1509 ἐπαγγελίαις
234 1475 318 1502 αὑτοῦ
346 1475 523 1508 πιστεύουσι,
556 1476 603 1502 καὶ
635 1475 824 1512 καραδοκοῦσι.

47 1519 123 1546 Καλὸν
134 1518 177 1547 οὖν
193 1521 269 1548 ἐστιν
281 1521 342 1548 ἀντὶ
357 1520 411 1548 τῶν
427 1521 585 1556 κτισμάτων
601 1521 649 1548 καὶ
664 1521 825 1557 χρημάτων,

45 1565 90 1590 τῶν
111 1565 225 1602 σήμερον
243 1566 294 1602 μὲν
316 1565 477 1602 ἡμετέρων,
503 1566 597 1602 αῠριον
619 1567 648 1594 δὲ
668 1566 824 1603 ἀλλοτρίων,

46 1610 185 1646 ὠνήσασθαι
210 1611 303 1648 ψυχὰς
325 1611 495 1648 θλιὸομένας,
517 1611 609 1644 καθώς
632 1621 675 1644 τις
696 1612 824 1640 δύναταν

47 1657 86 1682 καὶ
95 1657 176 1693 χήρας
192 1658 238 1684 καὶ
260 1658 396 1694 ὀρφανοὺς
412 1658 636 1689 ἐπισκέπτεσθαι,
656 1659 704 1685 καὶ
717 1659 754 1696 μὴ
770 1668 824 1686 πα-

48 1702 173 1736 ραῦλέπειν
194 1703 313 1735 αὐτούς·
338 1703 469 1735 ὡσαύτως
492 1704 540 1731 καὶ
562 1705 591 1731 ὲν
617 1705 823 1741 μοναστηρίοις,

47 1748 86 1775 καὶ
105 1749 170 1776 οὕτω
190 1749 282 1782 καλῶς
300 1749 411 1777 διοικεῖν
432 1750 467 1777 τὰ
485 1750 547 1777 καθ’
567 1751 698 1783 ἑαυτούς·
717 1753 824 1780 καὶτὸν

47 1794 153 1828 πλοῦτον,
177 1796 207 1823 ὃν
222 1795 300 1831 παρὰ
323 1795 391 1823 Θεοῦ
407 1796 558 1832 εἰλήφαμεν
577 1797 606 1823 ὲν
619 1796 686 1832 τῷδε
705 1797 745 1833 τῷ
760 1798 822 1834 βίῳ,

47 1840 79 1872 εἰς
98 1842 189 1875 αὐτοὺς
204 1842 368 1870 ἀναλίσκειν.
393 1843 441 1874 El;
462 1842 541 1869 τοῦτο
553 1842 607 1879 γὰρ
621 1844 668 1870 καὶ
685 1844 824 1880 παρέσχεν

47 1886 101 1921 ἡμῖν
111 1887 175 1914 αὐτὰ
189 1888 204 1914 ὁ
215 1887 318 1923 ἀγαθὸς
329 1887 408 1923 ἡμῶν
421 1887 571 1923 Δεσπότης,
589 1888 632 1914 ἵνα
645 1889 685 1920 εἰς
701 1889 750 1926 τὴν
764 1890 823 1917 δια-

46 1932 123 1960 κονίαν
139 1934 238 1970 ταύτην
254 1933 440 1969 δαπανηθῶσι,
457 1933 505 1961 καὶ
524 1934 581 1962 ἀντ’
595 1934 686 1961 αὐτῶν
700 1936 823 1971 κομισώ-

48 1979 105 2012 μεθα
119 1979 250 2017 θησαυρὸν
273 1980 455 2007 ἀνέκλειπτον.
474 1980 545 2007 Πολὺ
562 1979 610 2008 οὖν
630 1981 734 2017 βέλτιόν
753 1984 821 2017 ἐστι,

47 2025 165 2058 τοιούτους
177 2027 290 2062 ἀγροὺς,
307 2026 355 2053 καὶ
366 2026 494 2062 κτήματα
505 2025 560 2062 (64)
574 2026 729 2063 ἀγοράζειν,
743 2029 823 2057 ἆτινα

47 2071 86 2098 καὶ
103 2073 242 2109 παράμονά.
259 2073 323 2106 εισι,
348 2072 396 2099 καὶ
414 2071 580 2108 προάγουσιν
602 2073 642 2105 εἰς
668 2073 717 2109 τὴν
739 2076 817 2111 ἡμῶν
831 2077 852 2105 c

915 733 945 761 Si
959 743 1020 770 ergo
1034 735 1062 762 in
1074 736 1287 770 peregrinatione
1302 743 1452 767 moramur,
1473 737 1498 761 et
1515 732 1608 759 civitas
1626 738 1675 758 no-

879 785 935 806 stra
958 779 1033 815 longe
1056 785 1095 807 est
1116 781 1147 807 ab
1171 780 1221 808 hac
1241 781 1357 813 civitate,
1378 785 1402 806 et
1420 780 1518 806 scimus
1542 777 1676 804 civitatem

879 830 997 852 nostram
1021 827 1047 853 in
1067 835 1120 861 qua
1141 827 1294 853 Itabitaturi
1313 834 1423 858 sumus,
1444 825 1507 861 quid
1534 824 1562 850 in
1588 821 1676 849 aliena

879 880 1039 907 apparantus
1059 882 1155 908 agros,
1183 879 1207 901 et
1226 873 1354 908 aediﬁcia,
1375 878 1400 900 et
1425 871 1603 899 habitationes
1629 877 1675 896 su-

878 927 1032 953 pervacuas,
1057 925 1082 946 et
1102 920 1191 948 lautas
1217 920 1449 948 constructiones?
1471 919 1535 947 Ila'c
1548 928 1609 954 ergo
1629 919 1674 954 qui

879 971 1017 999 comparat
1031 967 1058 992 in
1070 966 1159 993 aliena
1175 967 1280 994 civitate
1290 987 1298 1000 ,
1312 967 1404 1002 palam
1416 971 1465 999 est,
1481 966 1550 1001 quod
1566 974 1617 992 non
1630 974 1676 992 cu-

879 1011 945 1045 gitat
959 1011 986 1038 in
1001 1020 1077 1039 suam
1097 1013 1232 1040 civitatem
1251 1013 1347 1046 redire,
1369 1013 1417 1039 hoc
1435 1017 1473 1040 est
1491 1013 1517 1039 in
1534 1020 1674 1047 supernam

881 1056 1105 1092 Hierosolymam.
1123 1057 1170 1084 Est
1189 1058 1260 1085 enim
1272 1058 1327 1085 lucc
1343 1058 1520 1084 consideratio
1531 1057 1674 1084 stultorum

878 1108 903 1130 et
917 1103 1069 1136 dubiorum,
1084 1109 1109 1130 et
1129 1104 1287 1131 miserorum
1300 1104 1447 1131 hominum.
1463 1103 1525 1131 Non
1543 1104 1615 1131 enim
1632 1104 1675 1130 in-

880 1149 986 1185 telligit,
1002 1150 1058 1177 luce
1076 1150 1167 1177 omnia
1184 1150 1272 1178 aliena
1287 1159 1354 1184 esse,
1375 1155 1400 1178 et
1419 1150 1466 1177 sub
1491 1150 1601 1178 alterius
1623 1158 1673 1184 po-

880 1201 983 1230 testate,
995 1196 1042 1223 Iwc
1048 1202 1085 1224 est
1092 1198 1219 1232 principis
1231 1197 1324 1225 saeculi
1335 1198 1425 1232 hujus.
1439 1197 1567 1224 Debemus
1579 1197 1672 1232 igitur,

879 1242 948 1268 sicut
962 1250 1066 1277 peregre
1086 1243 1272 1275 consistentes,
1294 1242 1362 1269 nihil
1384 1242 1500 1277 amplius
1518 1250 1674 1277 comparare

879 1289 966 1322 nobis,
982 1297 1062 1324 quam
1077 1289 1113 1317 sit
1132 1290 1311 1316 necessarium
1330 1294 1355 1316 et
1370 1289 1518 1324 sufﬁciens.
1535 1288 1587 1321 Qui
1602 1288 1673 1315 enim

880 1340 972 1362 amant
990 1335 1135 1362 Dominum
1156 1345 1252 1368 suum,
1276 1341 1300 1364 et
1326 1335 1422 1362 [tabent
1445 1343 1505 1362 eum
1529 1342 1630 1368 semper
1645 1334 1674 1360 in

881 1381 1006 1409 cordibus
1023 1382 1091 1414 suis,
1108 1382 1136 1408 in
1153 1382 1287 1409 mandatis
1302 1382 1359 1417 ejus
1377 1381 1514 1413 incedent,
1529 1385 1554 1407 ct
1571 1381 1599 1408 in
1612 1388 1673 1415 pro-

879 1428 962 1455 missa
977 1428 1033 1463 ejus
1051 1428 1162 1456 credunt
1173 1451 1181 1463 ,
1204 1434 1282 1465 atque
1296 1434 1459 1464 exspectant.
1477 1428 1580 1455 Bonum
1591 1428 1674 1462 igitur

877 1479 926 1508 est,
944 1483 992 1509 pro
1006 1475 1128 1502 domibus
1146 1481 1171 1503 et
1190 1475 1320 1511 pecuniis,
1340 1474 1416 1502 hodie
1431 1474 1538 1510 quidem
1560 1474 1671 1505 nostris,

877 1529 938 1548 cras
950 1529 1009 1548 vero
1025 1521 1132 1556 alienis,
1148 1522 1275 1549 redimere
1287 1522 1392 1548 animus
1407 1521 1439 1548 de
1457 1520 1671 1554 necessitatibus,

877 1573 955 1604 prout
974 1569 1084 1604 quisque
1098 1574 1202 1604 potest;
1216 1574 1241 1596 et
1250 1569 1343 1596 viduas
1358 1577 1390 1595 ac
1404 1569 1536 1603 orp/tanos
1552 1569 1671 1601 visitare,

877 1623 923 1642 nec
944 1615 1076 1650 despicere
1097 1615 1249 1642 :similiter
1269 1619 1294 1642 cl
1320 1616 1347 1642 in
1378 1615 1559 1648 monasteriis,
1583 1615 1672 1649 sicque

877 1665 945 1688 recte
962 1669 1011 1688 sua
1028 1661 1241 1692 administrare;
1259 1665 1284 1688 et
1302 1661 1424 1692 divitias,
1447 1669 1512 1696 quas
1532 1669 1548 1687 a
1564 1660 1617 1687 Deo
1626 1669 1672 1687 at:-

877 1707 994 1741 cepimus
1016 1706 1044 1733 in
1067 1706 1117 1733 hac
1133 1707 1197 1738 vita,
1220 1707 1248 1733 in
1263 1706 1417 1740 ltujusmodi
1439 1707 1556 1733 homines
1575 1714 1672 1732 consu-

876 1760 955 1779 mere.
975 1752 1010 1779 In
1027 1752 1075 1779 hoc
1089 1752 1160 1780 enim
1176 1757 1201 1779 et
1217 1752 1330 1787 prwbuit
1344 1751 1418 1778 nobis
1435 1760 1465 1778 ea
1487 1751 1569 1779 bonus
1582 1757 1672 1779 noster

875 1798 1018 1832 Dominus,
1038 1803 1067 1826 ut
1084 1799 1112 1825 in
1124 1799 1258 1833 ejusmodi
1271 1799 1422 1826 ministeria
1441 1799 1629 1831 insumanIur;
1644 1803 1670 1825 et

874 1853 922 1880 pro
937 1846 971 1872 iis
983 1851 1145 1880 reponemus
1161 1845 1313 1872 thesaurum
1330 1853 1381 1872 non
1393 1845 1566 1879 deﬁcientem.
1583 1844 1669 1871 Multa

874 1892 963 1926 itaque
985 1891 1078 1919 melius
1100 1896 1150 1924 est,
1169 1891 1234 1918 tales
1252 1891 1328 1919 villas
1344 1895 1368 1918 et
1384 1891 1475 1918 domos
1498 1899 1591 1923 emere,
1608 1899 1669 1926 qum

873 1937 984 1966 stabiles
1007 1943 1068 1965 sunt
1093 1942 1117 1965 et
1141 1938 1275 1964 deducunt
1297 1938 1324 1964 in
1345 1942 1464 1965 nostram
1489 1937 1667 1972 metropolim,

873 1983 979 2018 quando
1003 1983 1032 2010 in
1055 1991 1113 2010 eam
1131 1983 1315 2018 migrabimus.
1336 1982 1510 2018 Negligamus
1530 1991 1590 2018 ergo
1611 1983 1684 2018 [δείλ’

874 2030 988 2057 nolimus
1008 2029 1125 2066 cupere],
1145 2029 1308 2064 charissimi,
1329 2029 1501 2065 temporalia,
1522 2034 1550 2056 ut
1569 2036 1668 2057 (eterna

869 2077 1001 2112 possimus
1015 2076 1149 2111 consequi.

48 2118 202 2154 μητρότωλιν,
226 2119 292 2146 ὅταν
319 2118 539 2154 ἁποδημήσωμεν
559 2119 599 2151 εἰς
622 2119 715 2157 αὐτήν.
735 2122 981 2161 Ἀμεριμνήσωμεν
1002 2122 1060 2157 οὖν,
1090 2123 1237 2159 ἀγαπητοὶ,
1255 2122 1310 2150 τῶν
1338 2124 1525 2160 προσκαίρων,
1543 2124 1588 2152 ἵνα
1612 2123 1667 2151 τῶν

47 2164 124 2193 ἀϊδίων
139 2166 321 2203 ἐπιτύχωμεν.

689 2229 926 2263 SlMILITUDO
951 2231 992 2261 II.

313 2292 352 2323 Ut
369 2291 445 2323 vitis
459 2289 543 2322 ulmo
556 2290 713 2331 fulcitur,
732 2294 780 2325 sic
799 2294 884 2326 dives
906 2295 1051 2326 oratione
1067 2293 1221 2333 pauperis
1229 2294 1380 2333 juvatur.

700 2354 816 2382 CAPUT
842 2355 863 2383 U

866 2355 987 2383 NlCUM.

74 2400 133 2430 Cum
147 2403 312 2431 ambularem
324 2402 351 2430 in
367 2409 464 2438 agrum
479 2404 506 2428 et
521 2400 722 2429 considerarem
736 2403 840 2431 ulmum
859 2409 886 2431 et
899 2405 994 2438 vitem,
1007 2407 1034 2431 et
1043 2403 1193 2439 cogitarem
1211 2401 1268 2437 (65)
1281 2402 1354 2428 intra
1367 2408 1410 2428 me
1423 2401 1456 2428 de
1469 2400 1605 2429 fructibus
1619 2409 1666 2429 ea-

47 2452 111 2480 rum,
122 2450 243 2485 apparuit
255 2450 322 2477 mihi
337 2450 461 2485 angelus,
477 2453 505 2477 et
519 2449 589 2477 dixit
600 2450 667 2477 mihi
686 2459 694 2478 ε
708 2450 780 2484 Quid
794 2451 841 2480 diu
856 2452 914 2488 (66)
932 2453 1004 2480 intra
1021 2456 1047 2479 te
1058 2451 1182 2487 cogitaS?
1198 2450 1232 2477 Et
1246 2449 1302 2478 dixi
1315 2449 1355 2476 illi
1373 2458 1380 2476 :
1396 2449 1435 2477 De
1447 2449 1499 2477 hac
1513 2450 1569 2478 vite
1582 2455 1609 2478 et
1624 2451 1664 2478 ul-

57 2509 131 2541 “15a.
143 2523 161 2549 ι,
171 2515 214 2544 17.

574 2562 694 2591 VARME
714 2564 906 2593 LECTIONES
925 2564 970 2593 ET
990 2562 1106 2591 NOTAE.

134 2608 173 2647 Ad.
187 2611 392 2647 promissionum
404 2611 472 2646 ejus,
486 2619 564 2647 quas.

40 2677 44 2682 4
138 2640 226 2682 ςπὶιι.
238 2644 310 2682 Ῐὶεῑ.
327 2651 354 2674 et
369 2640 472 2674 Lamb:
487 2640 648 2681 iustiﬁcate,
671 2647 813 2681 orpltanos.

136 2679 222 2716 Qarm.
238 2680 309 2709 Vict.
324 2687 351 2709 et
364 2682 459 2710 Lamb.
479 2675 700 2716 deest'operibus.

42 2738 46 2745 ,
137 2713 228 2751 Lamb.
245 2725 316 2743 nam.
331 2717 363 2744 Et
379 2726 454 2751 mox,
471 2711 607 2746 civitatein
623 2724 706 2745 tuam.

63 2746 124 2788 ;,(ίξ3)
146 2748 237 2788 L_amb.
263 2751 426 2788 adulterari,
447 2746 477 2781 ἐι
500 2753 610 2782 alterius
637 2753 749 2788 aliquid.
779 2753 815 2782 At

48 2778 104 2808 Vict.
115 2778 141 2811 et
154 2784 240 2813 Carm.
258 2778 456 2815 alteriusﬂre'm.‘

76 2816 213 2861 ίϐἆιῌῖοτις
223 2821 370 2861 κτίσματα,
387 2828 418 2851 ιιι
432 2825 520 2861 paulo
541 2826 668 2859 superius
690 2825 809 2861 κτισμά-

48 2853 186 2896 2initi-"idque
200 2853 327 2896 insinuat
334 2853 415 2896 vetus
431 2853 538 2896 Hermas
557 2853 703 2896 interpres.

74 2887 122 2923 (65)
137 2887 197 2920 Mss.
215 2892 295 2928 Angl.
309 2893 486 2929 disputarem.
500 2894 534 2923 Et
542 2904 605 2924 mox
620 2887 703 2930 iiil'ra,
717 2897 808 2927 dispu-

871 2618 913 2640 tas
931 2618 957 2640 et
968 2612 1088 2646 disputo.
1104 2610 1190 2644 Quem
1210 2612 1236 2639 in
1246 2612 1336 2640 locum
1348 2611 1420 2638 Cler.
1436 2620 1442 2638 :
1459 2620 1468 2636 ι
1487 2611 1661 2640 Ciceroniani

869 2648 1002 2683 temporis
1019 2651 1070 2677 est,
1084 2647 1182 2681 inquit,
1202 2655 1253 2674 vox
1267 2648 1414 2683 disputare.
1429 2654 1523 2683 proreo
1536 2648 1607 2680 quod
1620 2654 1663 2676 est

868 2682 949 2718 agere
963 2683 996 2709 de
1013 2690 1041 2709 re
1049 2683 1180 2718 quapiam
1194 2691 1201 2715 ;
1218 2691 1279 2717 qua:
1292 2682 1426 2718 legiturin
1440 2682 1522 2708 codd.
1536 2683 1662 2717 Anglica-

867 2717 923 2751 nis,
941 2722 968 2745 et
981 2717 1083 2752 passim
1099 2721 1202 2744 mutata
1219 2722 1259 2745 est
1273 2717 1299 2744 in
1314 2717 1446 2752 cogitare;
1460 2718 1534 2751 quod
1553 2718 1661 2745 exscri-

867 2758 960 2815 pltores
972 2761 1026 2815 nan
1040 2752 1288 2787 intelligerenteam
1299 2760 1393 2780 vocem
1407 2753 1462 2779 alio
1470 2760 1564 2786 sensu,
1577 2761 1660 2788 quam

867 2797 881 2815 a
896 2793 988 2815 tercan
1011 2797 1029 2815 ι.
1048 2797 1057 2813 ι

867 2789 1029 2816 altercandi.
1048 2797 1057 2813 ι

865 2824 960 2887 α’(ϐϐ)
977 2823 1014 2852 Ita
1030 2831 1082 2852 ms.
1099 2822 1223 2861 V'iettlta
1237 2828 1265 2852 et
1280 2823 1345 2852 edit.
1365 2821 1455 2852 Oxon.
1469 2823 1512 2853 Al.
1531 2825 1661 2853 omittunt

885 2868 922 2886 lil.

885 2868 922 2886 lil.
