1920 3104
52 121 92 149 957
575 118 721 147 PASTOR.
742 135 776 139 —
793 118 857 147 LIB.
878 118 921 152 Ill,
941 119 1041 147 SIMIL.
1064 119 1096 146 V.
1599 118 1650 145 958

50 177 176 212 gaudentes
193 177 218 204 in
234 177 280 205 illo
299 176 399 206 saeculo
413 178 600 207 restituentur.
616 179 685 207 Nam
699 184 804 208 casterze
819 180 876 215 (88)
893 184 997 215 gentes,
1009 184 1168 215 peccatores
1179 177 1284 206 scilicet
1295 177 1362 213 (89),
1379 178 1450 205 sicut
1461 177 1573 206 arbores
1581 185 1651 213 quas

51 223 125 250 vidisti
140 221 235 255 aridas,
248 223 315 251 tales
330 224 501 255 invenientur
516 228 584 256 aridi
603 233 630 256 et
642 229 704 256 sine
724 228 812 256 fructu
827 228 854 255 in
875 228 922 255 illo
932 227 1054 260 saeculo;
1070 231 1098 254 et
1108 227 1180 254 sicut
1194 226 1271 254 arida
1287 225 1372 261 ligna,
1387 225 1585 253 comburentur
1603 235 1609 253 :
1623 230 1651 253 et

49 269 122 303 palam
135 268 174 296 ﬁet
185 268 251 304 (90),
263 270 392 304 quoniam
408 274 479 301 male
491 273 616 301 fecerunt
627 275 654 302 in
667 275 741 302 omni
757 279 879 310 tempore
894 274 957 301 vitm
968 281 1040 307 suat;
1055 278 1083 301 et
1098 273 1295 301 comburentur
1309 274 1382 306 ideo,
1395 273 1458 308 quia
1471 278 1652 309 peccaverunt

49 323 70 345 et
80 323 235 352 peccatorum
249 327 362 347 suorum
374 328 428 348 non
440 327 554 357 egerunt
571 323 758 358 paenitentiam
776 323 809 350 ⁸⁸.
829 322 882 350 Sed
898 327 925 350 et
937 326 1044 350 caeteras
1060 326 1154 358 gentes
1170 321 1378 354 comburentur,
1396 321 1461 356 quia
1475 329 1528 348 non
1553 329 1643 356 agno-

49 369 129 391 verunt
142 363 222 392 Deum
233 370 383 393 creatorem
396 373 487 393 suum.
506 365 548 393 Tu
561 375 626 402 ergo
644 367 687 395 fac
704 367 823 395 fructum
842 368 955 400 bonum,
973 372 1004 395 ut
1017 368 1044 394 in
1057 371 1151 394 astate
1162 366 1219 403 (9|)
1238 372 1422 402 cognoscatur
1439 366 1546 394 fructus
1560 371 1624 394 tuus
1639 375 1647 400 ;

49 415 69 439 et
79 411 171 439 abstine
183 416 207 439 te
219 419 234 439 a
247 412 340 440 multis
357 412 484 447 negotiis,
501 418 528 440 et
544 413 612 440 nihil
624 413 777 448 delinquas.
791 413 954 447 Quicunque
964 414 1038 441 enim
1050 413 1136 440 multa
1145 412 1252 448 negotia
1269 416 1363 447 agunt,
1373 412 1458 439 multa
1471 412 1650 447 delinquunt;

49 458 99 492 quia
111 458 242 486 constricti
260 462 325 486 sunt
336 459 408 487 circa
426 460 538 494 negotia
551 468 612 494 sua,
633 465 660 489 ct
678 469 733 489 non
752 462 876 489 serviunt
894 463 958 489 Deo.
977 461 1045 489 Nam
1058 461 1198 497 quomodo
1223 465 1313 496 potest
1329 460 1412 488 homo
1429 460 1476 495 qui
1496 468 1551 488 non
1568 461 1653 489 servit

50 505 102 538 Deo,
113 506 206 541 aliquid
222 511 314 542 petere
328 512 355 535 et
371 508 494 544 accipere
511 517 526 536 a
540 509 618 536 Deo?
634 508 686 543 Qui
700 510 774 538 eiiim
792 510 914 538 serviunt
928 509 983 537 Deo
998 529 1005 542 ,
1019 513 1116 545 petunt
1132 513 1159 536 et
1176 509 1314 543 accipiunt
1337 517 1386 536 sua
1406 509 1553 536 desideria.
1572 509 1652 542 Quod

50 550 67 576 si
84 558 158 578 unum
174 554 309 586 negotium
327 558 426 583 tractat
441 557 551 592 aliquis,
569 559 670 593 poterit
686 559 788 586 servire
805 558 878 592 Deo;
893 558 1025 590 quoniam
1043 566 1099 585 non
1116 557 1251 584 alienatur
1267 557 1375 584 animus
1394 557 1454 592 ejus
1476 565 1492 584 a
1511 557 1627 584 Domino
1639 577 1647 589 ,

50 599 86 627 sed
101 607 160 634 pura
176 607 264 628 mente
280 603 362 630 servit
379 603 445 632 Deo.
463 605 520 634 Iloc
536 614 601 642 ergo
618 607 641 634 si
655 606 763 640 feceris,
781 607 883 642 poteris
901 607 928 634 in
941 611 1057 635 venturo
1073 605 1174 634 saeculo
1187 605 1288 633 habere
1299 604 1437 639 fructum;
1450 606 1498 634 sed
1516 610 1542 634 et
1557 613 1652 634 omnes

48 645 86 681 qui
100 645 204 675 fecerint
215 647 284 682 haec,
301 648 421 677 fructum
440 649 538 678 ferent.

689 699 928 730 SIMILITUDO
948 699 987 730 V.

286 755 331 785 De
343 764 417 786 vero
426 756 565 796 jejunio,
582 762 611 789 et
627 759 693 799 ejus
705 759 862 795 mercede;
878 765 945 791 tum
963 765 992 792 et
1009 761 1045 792 de
1061 762 1209 802 corporis
1224 763 1395 794 munditia.

700 823 815 850 CAPUT
831 823 979 852 PRIMUM.

77 859 136 910 tium
149 860 301 897 jejunarem
314 868 342 891 et
353 859 475 894 sederem
491 868 518 895 in
536 875 629 897 monte
642 871 774 906 quodam,
790 877 817 900 et
831 873 933 908 gratias
944 881 1052 909 agerem
1070 874 1126 902 Deo
1141 882 1191 909 pro
1202 875 1329 902 omnibus
1344 882 1406 910 qua:
1417 873 1655 903 feceratmecum,‘

47 907 112 954 video
125 914 258 944 pastorem
276 911 352 939 illum
370 913 507 941 sedentem
523 914 602 950 juxta
614 924 668 950 me,
681 925 714 944 ac
730 918 787 952 (92)
800 907 935 946 dicentem
956 907 1023 948 mihi
1044 930 1050 948 :
1068 907 1210 954 Quid—tam
1225 928 1305 948 mane
1321 907 1374 947 huc
1392 918 1511 947 venisti?
1530 917 1656 952 Respon-

80 962 85 980 ε
96 953 234 1003 Quoniam,
253 956 376 1003 domine,
395 959 540 987 stationem
558 961 656 989 habeo.
670 962 742 996 Quid
752 968 804 996 est,
821 964 919 999 inquit,
933 966 1037 994 statio?
1052 953 1088 993 Et
1100 967 1157 994 dixi
1175 976 1182 994 :
1201 967 1350 1002 Jejunium.
1369 966 1402 992 Et
1419 965 1486 992 dixit
1501 974 1507 991 :
1523 964 1594 997 Quid
1614 967 1656 990 est

48 998 100 1050 ξΙῙυά
113 999 263 1050 jelullittln‘?
283 1001 360 1050 Sicut
376 1006 507 1041 solebam,
525 1009 650 1045 inquam,
669 1011 710 1039 sic
725 1011 831 1047 jejuno.
845 998 974 1047 Nescitis,
998 1014 1108 1049 inquit,
1122 1015 1178 1042 Deo
1192 998 1319 1050 jejiinare
1333 1022 1340 1046 ;
1355 1020 1444 1048 neque
1463 1017 1505 1039 est
1517 1011 1655 1046 jejunium

47 1045 90 1072 hoc
109 1046 184 1098 quod.
200 1047 351 1098 jejualatis,
375 1050 432 1079 Deo
449 1054 517 1082 nihil
533 1045 838 1091 proficientesdQuare,
857 1045 980 1094 inquam,
993 1045 1121 1093 domine,
1136 1061 1173 1088 ita
1188 1045 1278 1088 dicis?
1295 1058 1361 1092 Dico
1374 1045 1448 1085 certe
1459 1077 1467 1089 ,
1483 1045 1583 1091 inquit,
1601 1062 1656 1082 non

46 1098 96 1117 (⁵8⁵⁸
109 1091 168 1142 (9⁵)
175 1092 311 1128 jejunium
330 1095 391 1128 hoc.
404 1100 476 1133 quod
490 1102 593 1135 putatis
609 1110 660 1131 vos
670 1103 813 1139 jcjunare;
838 1105 886 1133 sed
895 1091 953 1140 ego
973 1091 1003 1133 te
1018 1091 1124 1133 docebo
1139 1106 1212 1141 quod
1230 1106 1265 1133 sit
1279 1106 1415 1142 jejunium
1432 1106 1543 1140 plenum
1557 1111 1657 1139 accep-

47 1143 143 1174 tumque
154 1141 218 1168 Deo.
232 1142 315 1172 Audi,
330 1143 419 1178 inquit
431 1154 438 1172 :
451 1144 584 1174 Dominus
599 1155 654 1175 non
676 1148 813 1177 desiderat
829 1150 882 1177 tale
896 1150 1031 1185 jejunium
1050 1158 1250 1186 supervacuum
1265 1160 1272 1183 ;
1291 1152 1331 1180 sic
1356 1153 1428 1179 enim
1448 1150 1599 1186 jejunaudo
1613 1149 1656 1176 ui-

46 1188 77 1215 hil
91 1194 195 1223 praeslas
208 1191 343 1226 aequitati.
362 1192 459 1229 Jejuna
476 1200 549 1223 certe
565 1204 660 1225 verum
673 1198 811 1233 jejunium
825 1200 878 1226 tale
898 1199 965 1235 (94).
980 1199 1054 1227 Nihil
1069 1200 1097 1227 in
1110 1200 1164 1227 vita
1183 1205 1227 1227 tua
1245 1199 1369 1234 nequiter
1383 1197 1486 1230 facias;
1506 1197 1552 1224 sed
1566 1199 1658 1222 mente

46 1243 102 1287 pura
113 1238 178 1265 servi
194 1237 261 1272 Deo,
276 1239 432 1268 custodiens
448 1241 576 1269 mandata
590 1243 660 1278 ejus,
678 1249 705 1271 et
719 1244 746 1271 in
767 1250 899 1280 praecepta
923 1245 983 1280 ejus
1001 1246 1057 1280 (95)
1076 1246 1246 1282 ingrediaris,
1264 1251 1353 1278 neque
1376 1241 1519 1270 admiseris
1541 1240 1653 1268 deside-

46 1290 105 1309 rium
121 1291 218 1313 nocens
235 1286 264 1313 in
285 1286 378 1314 animo
391 1291 448 1315 tuo.
466 1287 552 1316 Crede
569 1293 658 1316 autem
681 1289 808 1323 Domino,
832 1291 854 1318 si
873 1291 930 1318 haec
950 1291 1057 1324 feceris,
1072 1291 1253 1326 timoremque
1269 1292 1328 1327 ejus
1342 1292 1481 1323 habueris,
1494 1295 1577 1325 atque
1593 1290 1659 1316 abs-

46 1330 144 1360 tinueris
160 1333 193 1360 ab
214 1333 290 1361 omni
309 1334 417 1370 negotio
439 1335 521 1368 malo,
538 1335 594 1363 Deo
610 1340 635 1363 te
651 1327 798 1364 victurum.
817 1336 879 1365 Haec
897 1337 920 1365 si
943 1337 1050 1370 feceris,
1064 1337 1200 1373 jejunium
1224 1346 1353 1374 magnum
1373 1337 1580 1366 consummabis
1607 1342 1657 1363 ac-

46 1381 192 1413 ccplumque
204 1378 334 1407 Domino.

765 1427 880 1456 CAPUT
896 1428 928 1455 ll.

73 1471 135 1500 Audi
150 1473 358 1502 similitudinem
370 1481 452 1508 quam
465 1474 589 1503 dicturus
603 1482 664 1502 sum
678 1475 727 1502 tibi
744 1476 776 1502 ad
788 1476 924 1510 jejunium
937 1476 1128 1511 pertinentem.
1143 1476 1260 1511 Quidam
1271 1484 1333 1505 cum
1344 1477 1458 1504 haberet
1473 1475 1587 1503 fundum
1602 1483 1661 1503 ser-

45 1525 134 1553 vosque
149 1519 263 1551 mullos,
280 1519 307 1546 in
320 1519 437 1554 quadam
455 1525 531 1554 parte
545 1519 622 1547 fundi
640 1520 683 1548 sui
701 1521 794 1555 posuit
809 1521 916 1548 vineam
929 1522 1138 1549 successoribus
1153 1522 1209 1557 (96)
1223 1531 1230 1555 ;
1248 1523 1346 1551 deinde
1364 1531 1476 1559 peregre
1505 1523 1642 1558 profectus
1652 1542 1660 1554 ,

46 1566 118 1602 elegit
131 1575 239 1595 servum
259 1575 340 1602 quem
351 1567 468 1595 habebat
483 1567 671 1596 fidelissimum
683 1576 714 1596 ac
731 1569 783 1596 sibi
797 1569 960 1604 probatum;
978 1570 1059 1605 eique
1077 1571 1228 1606 assignavit
1245 1572 1366 1606 vineam,
1384 1572 1545 1607 praecipiens
1557 1576 1586 1598 ut
1599 1571 1662 1598 viti-

46 1611 217 1648 busjungeret
231 1613 326 1649 palos;
340 1614 411 1648 quod
429 1614 452 1642 si
463 1614 573 1643 fecisset
583 1620 609 1643 et
618 1616 777 1643 mandatum
788 1624 867 1643 suum
877 1623 1113 1651 consummasset,
1132 1619 1286 1647 libertatem
1302 1621 1389 1648 eidem
1407 1628 1436 1648 se
1448 1620 1576 1648 daturum
1596 1627 1662 1654 pro-

46 1661 120 1688 misit.
132 1661 185 1689 Nec
210 1666 341 1697 praeterea
367 1664 517 1698 quidquam
534 1665 608 1692 aliud
629 1665 757 1700 przrcepit
776 1665 827 1698 illi,
840 1665 914 1699 quod
929 1666 956 1692 in
972 1673 1003 1693 ea
1019 1665 1120 1694 faceret
1138 1667 1194 1702 (97)
1209 1688 1216 1700 ,
1233 1672 1316 1703 atque
1334 1669 1370 1694 ita
1393 1675 1505 1702 peregre
1522 1666 1663 1702 profectus

46 1713 89 1736 est.
100 1708 244 1745 Postquam
259 1714 350 1737 autem
363 1716 459 1737 servus
469 1709 514 1736 ille
525 1716 620 1736 curam
638 1709 817 1743 apprehendit
834 1709 909 1744 (98),
928 1708 994 1737 fecit
1010 1718 1182 1746 quzecunque
1198 1717 1366 1747 praeceperat
1385 1711 1524 1739 dominus.
1538 1711 1663 1746 Cumque

46 1755 183 1791 depalasset
196 1758 304 1786 vineam
318 1758 403 1791 illam,
416 1761 442 1785 et
454 1756 690 1784 animadvertisset
706 1764 766 1784 eam
781 1757 873 1785 herbis
891 1758 1039 1792 repletam,
1054 1759 1137 1793 coepit
1148 1767 1240 1787 secum
1250 1759 1298 1786 -ita
1319 1759 1439 1794 cogitare
1457 1759 1527 1792 (99),
1546 1757 1641 1785 dicens
1654 1768 1661 1785 :

46 1800 128 1837 Peregi
144 1804 216 1839 quod
231 1803 299 1830 mihi
313 1807 476 1839 praeceperat
488 1803 634 1835 dominus;
648 1802 750 1830 fodiam
767 1810 840 1830 nunc
853 1803 962 1830 vincam
976 1804 1059 1835 hanc.
1070 1804 1158 1831 eterit
1169 1804 1315 1832 formosior
1327 1811 1389 1830 cum
1399 1802 1482 1830 fuerit
1492 1803 1566 1830 fossa
1576 1801 1662 1837 (100);

46 1851 69 1874 et
82 1849 205 1876 extractis
228 1848 334 1880 herbis,
363 1850 496 1891 majorem
522 1848 600 1876 dabit
616 1847 736 1875 fructum
749 1867 757 1881 ,
772 1853 797 1875 et
812 1855 867 1875 non
891 1848 1069 1876 suﬂ‘ocabitur
1093 1850 1127 1876 ab
1145 1849 1247 1876 herbis.
1266 1849 1417 1884 Aggressus
1430 1849 1527 1876 deinde
1541 1848 1618 1880 fodit,
1636 1852 1664 1874 et

47 1902 130 1924 omnes
141 1897 242 1925 herbas
258 1904 320 1932 quae
338 1896 365 1923 in
382 1903 414 1923 ea
431 1898 520 1926 erant,
536 1893 674 1926 extraxit;
696 1897 778 1928 atque
803 1893 841 1921 ita
856 1895 943 1921 evasit
956 1894 1037 1922 vinea
1051 1895 1255 1930 speciosissima
1276 1895 1395 1926 aclwta,
1412 1902 1467 1922 non
1485 1893 1616 1922 sutIocata
1628 1893 1664 1920 ab

48 1940 136 1969 herbis.
151 1941 218 1970 Post
233 1942 407 1978 aliquantum
419 1948 485 1968 vero
495 1940 626 1975 temporis
642 1940 717 1968 venit
728 1940 857 1968 dominus
867 1941 937 1975 ejus,
955 1945 983 1968 et
1000 1941 1139 1976 ingressus
1153 1945 1195 1969 est
1211 1941 1319 1968 vineam
1335 1949 1341 1967 :
1360 1947 1443 1974 quam
1468 1947 1531 1966 cum
1550 1939 1661 1973 depala-

46 1988 94 2012 tam
106 1986 218 2015 vidisset
230 1987 369 2019 decenter,
386 1995 420 2015 ac
436 1985 647 2014 circumfossam
665 1985 716 2021 (1),
729 1989 756 2013 et
764 1989 902 2013 extractas
919 1986 1020 2014 nerbas
1035 1986 1070 2013 ab
1092 1994 1134 2019 ea,
1148 1990 1176 2014 et
1192 1987 1268 2014 laetas
1288 1991 1349 2013 esse
1365 1985 1449 2017 vites;
1467 1992 1500 2011 ex
1519 1983 1591 2011 facto
1612 1983 1665 2010 hoc

47 2032 111 2059 servi
127 2033 168 2061 sui
181 2033 313 2069 gaudium
331 2033 411 2068 cepit.
440 2032 570 2060 Adhibito
587 2032 680 2067 itaque
699 2031 756 2059 filio
766 2039 848 2067 quem
860 2032 975 2060 charum
989 2037 1016 2060 et
1033 2032 1168 2060 haeredem
1186 2032 1313 2065 habebat,
1326 2037 1353 2060 et
1365 2032 1461 2060 amicis
1472 2039 1542 2067 quos
1558 2033 1586 2058 in
1598 2039 1665 2058 con-

48 2077 102 2105 silio
117 2079 285 2112 advocabat,
298 2079 401 2108 indicat
416 2089 448 2109 ea
465 2089 525 2117 qua:
541 2087 621 2109 servo
639 2087 691 2108 suo
707 2079 834 2108 facienda
847 2081 1015 2113 mandasset,
1028 2089 1089 2116 quae
1101 2087 1231 2116 praeterea
1243 2081 1288 2108 ille
1304 2081 1423 2109 fecisset.
1441 2081 1474 2107 At
1488 2079 1526 2107 illi
1541 2079 1666 2115 protinus

48 2125 164 2159 gratulati
179 2131 248 2154 sunt
261 2134 342 2155 servo
359 2128 410 2161 illi,
423 2128 497 2164 quod
514 2133 570 2156 tam
590 2128 702 2164 plenum
729 2128 918 2156 testimonium
936 2129 1042 2156 domini
1061 2129 1103 2157 sui
1124 2135 1269 2157 assecutus
1288 2128 1396 2156 fuisset.
1414 2127 1459 2154 Ait
1479 2127 1577 2154 deinde
1591 2126 1664 2153 illis:

46 2171 97 2208 Ego
110 2174 217 2209 quidem
239 2174 305 2202 huic
318 2183 398 2203 servo
413 2175 564 2202 libertatem
577 2173 703 2209 promisi,
720 2173 743 2201 si
760 2174 925 2201 custodisset
938 2174 1099 2202 mandatum
1118 2183 1210 2202 meum
1226 2174 1301 2210 quod
1323 2173 1468 2206 dederam;
1481 2177 1508 2200 et
1520 2171 1667 2199 custodivit

48 2220 115 2255 illud,
127 2225 153 2249 et
166 2227 299 2257 praeterea
312 2230 381 2257 opus
392 2223 495 2250 bonum
507 2221 607 2257 adjecit
619 2221 647 2249 in
666 2221 786 2254 vineam,
804 2222 878 2257 quod
893 2222 974 2258 {mihi
989 2223 1221 2259 quamplurimum
1249 2223 1290 2259 (2)
1311 2222 1425 2258 placuit.
1442 2221 1497 2249 Pro
1519 2220 1572 2248 hoc
1585 2220 1668 2255 igitur

75 2278 200 2308 "Matth.
223 2287 268 2314 tu,
285 2279 332 2314 IO;
345 2288 395 2312 vn,
413 2279 455 2307 t9.

580 2322 697 2352 VARIIE
717 2321 909 2350 LECTIONES
928 2320 973 2350 ΕΤ
990 2321 1107 2349 ΝΟΤιιΕ.

78 2385 131 2421 (88)
143 2386 212 2415 Mss.
226 2385 307 2421 Angl.
320 2391 347 2413 et
357 2385 450 2413 Carm.
469 2388 577 2411 exterit.
877 2382 1006 2421 exhibere
1017 2383 1044 2409 in
1058 2383 1195 2418 praeceptis
1213 2391 1281 2418 ejus.
1294 2384 1337 2410 Al.
1355 2383 1382 2409 in
1407 2384 1544 2417 rit-receptis
1558 2383 1616 2417 ejus
1630 2383 1668 2409 iu-

88 2418 131 2456 89)
148 2421 246 2449 Lamb.
263 2418 339 2449 deest
352 2420 462 2456 scilicet.
482 2452 503 2456 _
599 2453 615 2456 __
668 2452 684 2456 _
786 2452 810 2456 __
878 2418 1007 2456 gredienth

88 2423 131 2456 89)
148 2423 246 2449 Lamb.
263 2423 339 2449 deest
352 2423 462 2448 scilicet.
878 2423 1007 2453 gradiens.

44 2423 131 2520 H339)
144 2456 180 2485 Ita
198 2465 268 2484 mss.
281 2456 362 2492 Angl.
381 2455 420 2483 lta
442 2459 469 2483 et
482 2452 550 2481 Felli
575 2453 640 2481 edit.
665 2452 754 2480 Oxon.
779 2452 822 2479 Al.
879 2452 1054 2524 fujfp‘iglllss.
1069 2452 1149 2488 Angl.
1165 2454 1313 2489 adfuturit.
1331 2453 1377 2482 Sic
1389 2459 1417 2482 et.
1427 2453 1498 2482 Vict.
1511 2454 1546 2481 At
1568 2453 1667 2480 Lamb.

51 2493 113 2520 ient.
879 2493 989 2520 futuris.

90 2527 133 2561 9|)
149 2527 247 2555 Lamb.
263 2527 293 2553 in
307 2535 336 2554 eo
352 2531 433 2554 stare.
879 2522 893 2561 '_
915 2523 1056 2561 (97)»llV-iss.
1072 2523 1152 2558 Angl.
1170 2525 1257 2558 facere
1273 2526 1385 2553 deberet.
1400 2525 1445 2552 Sic
1459 2529 1486 2552 et
1497 2525 1554 2552 edit
1577 2522 1666 2561 Oxon.

90 2558 133 2596 9‘2)
153 2563 233 2590 Bodl.
251 2562 327 2589 addit
339 2562 405 2589 Ιιωε.
573 2594 597 2596 μ
682 2594 698 2596 ᾉ
783 2594 800 2596 μ
880 2558 959 2593 Apud
976 2559 1191 2596 Clericumvero
1208 2569 1259 2587 ms.
1276 2561 1371 2588 Lamb.
1384 2561 1424 2587 sic
1433 2568 1462 2587 se
1477 2561 1559 2596 habet
1572 2568 1578 2586 :
1591 2559 1669 2592 quid-

79 2594 134 2632 (95)
149 2598 248 2625 Lamb.
271 2597 342 2624 enim
361 2597 425 2632 quia
436 2604 487 2623 non
499 2600 548 2632 est.
570 2594 617 2622 Sic
633 2598 660 2621 et
679 2594 744 2632 Felli
758 2594 825 2632 edit.
880 2601 959 2632 quam
970 2595 1093 2632 praecepit
1103 2594 1194 2632 inbui
1210 2596 1274 2630 quid
1287 2597 1318 2632 iu
1329 2604 1360 2623 ea
1377 2596 1464 2629 facere
1484 2594 1597 2622 deberet.

49 2628 131 2660 Orion:
153 2641 216 2668 quae
237 2637 328 2668 tamen
352 2628 434 2668 liabet
457 2631 584 2668 quoniam
606 2637 655 2668 pro
667 2631 740 2668 quia.
758 2629 829 2668 Hinc
886 2628 889 2629 ⁷
1035 2629 1121 2668 Codd.
1134 2628 1241 2668 addunt
1254 2631 1385 2665 coepit,“

49 2664 173 2696 nonnulla
184 2667 323 2700 excerpsit
332 2664 619 2702 pseudo-Athanasius
640 2664 677 2692 iu'
688 2665 780 2702 chtr.
793 2664 827 2702 qd
916 2664 973 2699 (99)
988 2665 1053 2693 Mss.
1072 2664 1153 2700 Angl.
1181 2664 1328 2700 disputare,
1341 2671 1371 2694 ut
1391 2665 1473 2694 modo
1487 2673 1548 2700 sup.
1566 2671 1626 2700 cap.
1646 2672 1668 2699 I,

49 2703 164 2730 Antioch.
179 2711 256 2731 num.
267 2699 451 2738 i6,pag.260,
460 2709 577 2737 quorum
588 2707 652 2736 pars
665 2699 827 2735 proferenda
881 2703 1014 2738 notatum.

49 2744 107 2765 mox
120 2739 193 2766 infra
213 2734 327 2773 cap.75.'
355 2734 368 2738 ⁷
445 2734 448 2735 ⁷
468 2734 478 2737 ’
588 2734 597 2736 ⁷
636 2771 641 2773 ἒ
666 2734 669 2735 ⁷
741 2769 764 2773 __
783 2770 789 2773 _
917 2736 992 2773 (ltili)
1015 2735 1080 2773 Mss.
1095 2734 1176 2773 ᾼιιςι.
1196 2735 1338 2770 formosior
1350 2737 1434 2772 fossa.

80 2772 134 2808 (9‘)
150 2769 255 2801 Lamb:
271 2772 337 2801 Leve
357 2774 428 2800 enim
448 2773 582 2808 jejunium
601 2771 655 2798 tale
679 2775 728 2798 est.
741 2769 828 2798 Habet
916 2771 955 2808 (ξ)
969 2770 1068 2808 Lamb.
1093 2769 1204 2808 fossam.

49 2806 152 2843 quoque
165 2809 235 2836 enim
253 2816 305 2843 pro
317 2813 385 2835 terte
401 2806 545 2837 Felli'edit.
560 2807 650 2835 Oxon.
748 2841 764 2843 _
796 2841 813 2843 η
913 2807 953 2841 (2)
968 2806 1032 2835 Mss.
1047 2806 1126 2842 Augl.
1142 2806 1313 2836 validissime.

80 2841 135 2879 (95)
153 2843 201 2872 Sic
214 2841 305 2873 Fellus
318 2851 350 2872 ex
366 2852 434 2873 mss.
460 2844 540 2880 Angl.
564 2843 610 2871 ubi
634 2846 725 2871 monet
748 2841 826 2870 Bodl.
