1920 3104
234 119 286 148 95)
952 123 982 151 S.
1000 123 1022 151 Il

1085 124 1133 151 LE
1816 123 1868 153 9‘50

234 186 316 214 opere
328 179 400 215 quod
413 178 486 213 fecit,
501 179 563 208 volo
575 186 640 207 eum
653 178 711 207 tilio
723 187 784 207 meo
799 178 890 208 facere
901 180 1071 209 cohaeredem
1084 191 1091 215 ;
1106 183 1235 218 quoniam
1262 191 1324 211 cum
1344 184 1476 212 sensisset
1491 183 1557 219 quid
1578 187 1652 211 esset
1673 183 1797 214 bonum,
1815 190 1867 210 non

234 227 328 254 omisit
355 227 405 262 (5),
421 227 468 254 sed
499 226 563 254 fecit
577 226 656 254 illud.
672 226 730 254 Hoc
744 227 889 255 consilium
906 227 1021 259 domini,
1040 234 1066 256 et
1091 229 1164 257 filius
1177 230 1216 265 (4)
1229 234 1256 257 et
1278 231 1358 258 amici
1382 231 1444 266 ejus
1457 231 1727 265 comprobaverunt;
1743 235 1773 256 ut
1795 229 1868 256 ﬂeret

234 275 340 302 scilicet
360 274 405 302 hic
422 283 518 302 genus
530 275 653 302 coheres
667 272 733 299 tilio.
752 271 817 299 Post
828 271 887 299 dies
902 272 999 300 deinde
1013 281 1067 300 non
1085 274 1187 301 multos
1200 274 1250 309 (5),
1265 275 1424 302 convocatis
1446 274 1542 302 amicis
1555 293 1562 306 ,
1590 273 1794 308 paterfamilias
1820 273 1869 299 mi-

234 322 271 349 sit
285 323 324 357 (6)
340 323 373 350 de
388 330 465 350 coena
483 330 533 350 sua
547 329 626 350 servo
643 321 681 348 illi
693 320 769 348 cibos
780 320 946 354 complures.
965 321 1041 353 Quos
1056 329 1119 348 cum
1132 322 1285 356 accepisset
1298 323 1353 355 ille,
1368 322 1482 350 sustulit
1501 330 1535 348 ex
1553 321 1594 349 eis
1619 321 1695 356 quod
1713 320 1866 348 sufﬁciebat

234 369 274 403 (7)
284 370 335 397 sibi
347 378 354 402 ;
368 369 502 404 reliquum
521 374 612 396 autem
628 367 768 396 conservis
780 367 837 395 suis
848 368 999 395 distribuit.
1016 367 1122 400 Quibus
1135 369 1265 404 acceptis,
1284 369 1324 397 illi
1339 370 1420 397 lietati
1436 374 1499 397 sunt
1512 390 1520 401 ,
1540 373 1566 395 et
1576 373 1724 402 emperunt
1743 367 1782 394 illi
1795 373 1869 401 opta-

233 423 274 446 re,
289 419 319 442 ut
331 415 463 450 majorem
480 415 595 450 gratiam
609 413 680 448 apud
692 413 833 440 dominum
847 412 992 444 inveniret,
1014 414 1050 440 ob
1066 421 1099 441 ea
1113 422 1174 449 quae
1195 414 1299 442 fecerat
1310 416 1386 451 ipsis.
1406 415 1469 443 Haec
1489 414 1582 442 omnia
1596 422 1660 441 cum
1678 414 1807 440 audisset
1823 414 1870 439 do-

206 461 326 499 minus
347 461 417 496 ejus,
441 460 563 496 percepit
582 461 682 488 iterum
712 459 863 486 maximum
887 459 1037 493 gaudium;
1057 464 1085 486 et
1097 461 1256 489 convocatis
1275 469 1384 490 rursum
1406 462 1503 489 amicis
1515 466 1542 488 et
1562 462 1628 492 tilio,
1641 461 1757 495 exponit
1767 460 1868 487 factum

236 508 308 536 servi
323 509 364 536 sui
383 508 417 536 de
428 508 497 535 cibis
511 507 569 535 suis
585 514 655 542 quos
671 504 696 533 ei
713 505 835 532 miserat.
852 504 892 531 llli
913 504 1006 540 itaque
1017 509 1095 533 tanto
1109 506 1196 542 magis
1210 511 1389 535 assenserunt
1412 506 1602 542 patrifamilias
1615 527 1622 538 ,
1644 506 1737 541 ipsum
1762 511 1869 533 servum

234 554 403 581 cohzeredcm
421 553 475 580 lilio
487 553 586 580 debere
602 551 672 578 ﬁeri.

967 595 1083 624 CAPUT
1100 595 1144 623 Ill.

272 644 337 671 Dico
354 644 377 671 ei
396 653 403 671 :
421 643 546 676 Domine,
561 643 612 670 has
637 641 832 669 similitudines
855 647 910 667 non
935 641 1008 673 novi,
1030 649 1119 676 neque
1136 641 1289 678 intelligere
1312 650 1426 677 possum
1438 663 1446 675 ,
1464 643 1517 671 nisi
1535 651 1582 672 eas
1597 648 1627 671 tu
1645 643 1716 671 mihi
1738 651 1870 678 exponas.

234 688 342 722 Omnia,
361 690 459 724 inquit,
475 696 609 724 exponam
621 687 668 714 tibi
682 695 852 722 quaecunque
867 687 976 714 locutus
994 686 1075 714 fuero
1092 691 1193 718 tecum,
1212 692 1259 715 aut
1273 689 1418 716 ostendero
1435 689 1493 716 tibi.
1509 688 1637 716 Mandata
1652 688 1764 715 Domini
1779 693 1870 715 custo-

235 735 273 767 di,
292 740 319 763 et
332 736 386 763 eris
398 736 539 770 probatus,
553 739 579 761 et
595 733 725 762 scriberis
739 734 765 760 in
781 740 897 760 numero
911 740 1006 760 eorum
1016 733 1064 767 qui
1073 733 1232 761 custodiunt
1244 735 1372 762 mandata
1383 735 1452 769 ejus.
1465 735 1595 768 Siiautem
1603 740 1701 770 praeter
1710 743 1743 762 ea
1757 743 1820 770 qua:
1833 735 1870 769 (8)

234 782 375 809 mandavit
386 781 529 812 Dominus,
544 780 645 815 aliquid
664 780 728 806 boni
745 779 878 813 adjeceris
893 778 951 814 (9),
965 778 1098 814 majorem
1118 779 1280 814 dignitatem
1295 781 1343 807 tibi
1358 782 1504 815 conquires
1519 781 1586 818 (l0).
1597 787 1625 809 et
1642 782 1839 817 honoratior(l
1849 783 1870 816 Ι)

235 830 307 864 apud
318 828 464 856 Dominum
482 828 547 860 eris,
565 836 648 863 quam
663 835 725 855 eras
740 826 859 854 futurus.
876 826 960 861 Igitur
971 827 994 855 si
1012 828 1176 856 custodieris
1193 829 1321 856 mandata
1335 828 1500 864 Domini,_et
1522 831 1658 865 adjeceris
1677 831 1761 858 etiam
1791 832 1825 857 ad
1840 839 1870 858 ea

235 875 367 902 stationes
379 875 440 907 has,
455 873 604 910 gaudebis;
620 876 750 907 maxime,
769 875 791 902 si
807 875 958 902 secundum
978 876 1137 903 mandatum
1155 884 1245 904 meum
1271 878 1425 905 servaveris
1437 886 1479 906 ea.
1496 878 1562 906 Dico
1580 880 1605 906 ei
1624 889 1630 906 :
1645 879 1788 914 Quidquid
1806 880 1870 906 mihi

234 923 406 958 prmeeperis,
425 924 546 956 domine,
566 922 698 954 servabo;
719 921 777 948 scio
793 921 867 947 enim
883 925 908 948 te
925 928 1034 948 mecum
1047 921 1181 949 futurum.
1201 922 1255 950 Ero
1266 942 1273 954 ,
1292 923 1382 958 inquit
1393 944 1401 955 ,
1429 928 1522 951 tecum
1534 945 1541 957 ,
1556 926 1604 960 qui
1624 926 1680 953 tale
1697 926 1870 960 propositum

235 970 329 998 habes.
349 969 400 998 Sed
414 976 441 998 et
453 979 518 998 cum
533 969 661 998 omnibus
674 975 733 1000 cro,
755 968 915 1003 quicunque
929 969 1000 1003 idem
1014 970 1184 1004 propositum
1200 971 1346 999 habuerint
1356 971 1425 1006 (12).
1438 971 1578 1006 Jejunium
1591 971 1653 1002 hoc,
1669 971 1771 1005 inquit,
1781 976 1872 998 eusto-

234 1019 300 1046 ditis
312 1020 449 1046 mandatis
462 1019 582 1050 Domini,
593 1017 674 1044 valde
687 1017 789 1044 bonum
804 1019 855 1043 est.
873 1014 918 1043 Sic
937 1016 1019 1051 igitur
1033 1018 1154 1045 servabis
1167 1019 1232 1046 illud
1251 1018 1318 1054 (15).

277 1087 401 1116 Primum
420 1090 542 1117 omnium
560 1098 626 1118 eave
640 1090 674 1117 ab
685 1089 761 1116 omni
774 1088 886 1123 probro,
898 1091 925 1115 et
949 1087 1022 1122 turpi

233 1135 329 1167 verbo,
346 1141 372 1163 et
396 1136 432 1162 ab
460 1136 534 1163 omni
552 1136 634 1163 noxia
656 1135 821 1170 cupiditate;
854 1139 881 1161 et
908 1133 1023 1168 puriﬁca

234 1189 346 1208 sensum
370 1185 447 1208 tuum
466 1182 501 1209 ab
523 1182 598 1209 omni
619 1182 741 1209 vanitate
761 1180 854 1208 smculi
872 1179 964 1214 hujus.
991 1178 1021 1206 Si

234 1228 293 1255 hinc
309 1228 485 1262 custodieris,
505 1228 557 1255 erit
575 1228 627 1255 hoc
640 1226 774 1262 jejunium
787 1226 904 1261 justum.
922 1224 969 1252 Sic
982 1232 1025 1251 er-

233 1282 269 1309 go
282 1273 376 1302 facies.
389 1273 510 1302 Peractis
531 1282 592 1309 quae
607 1281 692 1309 supra
708 1273 810 1307 scripta
830 1277 905 1304 sunt,
923 1271 968 1298 illo
982 1270 1026 1298 die

235 1327 291 1354 quo
303 1319 454 1355 jcjunabis,
468 1320 537 1347 nihil
555 1320 669 1347 omnino
681 1318 875 1355 gustabis,nisi
890 1326 988 1354 panem
999 1322 1026 1345 et

235 1374 354 1401 aquam;
368 1370 396 1393 et
414 1370 572 1401 computata
588 1366 742 1400 quantitate
755 1365 808 1393 cibi
821 1373 903 1400 quem
919 1363 1026 1392 cmteris

234 1412 333 1439 diebus
348 1416 523 1439 comesturus
540 1420 615 1445 eras,
628 1416 767 1446 sumptum
785 1412 839 1440 diei
857 1412 931 1440 illius
943 1419 1024 1447 quem

235 1458 358 1486 facturus
374 1467 451 1492 eras,
466 1466 592 1494 repones,
614 1463 641 1487 et
663 1458 741 1487 dabis
766 1459 822 1495 (15)
837 1459 941 1491 vidum,
973 1466 1026 1493 pu-

235 1505 313 1539 pillo,
327 1509 374 1532 aut
386 1505 459 1540 inopi
477 1513 483 1532 :
504 1509 531 1532 et
557 1505 598 1532 sic
622 1506 827 1533 consummabis
844 1505 1026 1533 humilitatem

235 1549 335 1577 anima:
347 1555 417 1583 tuae;
433 1555 463 1578 ut
475 1550 522 1585 qui
534 1558 568 1578 ex
586 1558 618 1578 eo
634 1551 786 1586 acceperit,
802 1551 884 1579 satiet
903 1551 1025 1578 animam

236 1604 326 1628 suam,
342 1601 369 1624 et
387 1605 436 1632 pro
449 1601 475 1624 te
492 1598 573 1624 adeat
586 1596 731 1624 Dominum
746 1597 831 1625 Deum
846 1599 935 1625 oratio
955 1597 1025 1632 ejus.

236 1642 266 1670 Si
281 1643 363 1678 igitur
377 1644 417 1671 sic
432 1645 669 1671 consummaveris
677 1644 814 1679 jejunium
830 1650 918 1676 tuum,
931 1652 1027 1679 quem—

235 1689 383 1717 admodum
403 1689 532 1724 prmcipio
569 1690 637 1722 tibi,
668 1691 721 1718 erit
738 1690 829 1718 hostia
855 1696 900 1718 tua
914 1694 1027 1725 accepta

1113 1090 1169 1127 (14)
1189 1091 1300 1127 Πρῶτον
1318 1091 1426 1118 πάντων
1440 1090 1554 1126 φύλαξαι
1570 1090 1712 1125 νηστεύειν
1734 1088 1790 1115 ἀπὸ
1804 1096 1871 1113 παν-

1075 1137 1122 1168 τὸς
1139 1137 1260 1172 ῥήματος
1278 1136 1397 1171 πονηροῦ
1410 1156 1418 1168 ,
1438 1137 1484 1162 καὶ
1503 1135 1587 1170 ἀκοῆς
1609 1134 1749 1169 πονηρᾶς’
1765 1132 1815 1159 καὶ
1827 1141 1872 1158 κει-

1077 1182 1186 1218 θάρισόν
1200 1190 1246 1208 σου
1263 1182 1312 1217 τὴν
1326 1182 1438 1217 καρδίαν
1461 1181 1514 1208 ἀπὸ
1531 1179 1632 1211 inv-.6;
1653 1178 1798 1215 μολυσμοῦ
1808 1198 1816 1209 ,
1829 1178 1872 1204 καὶ

1076 1227 1270 1263 μνησικακίας,
1294 1228 1341 1254 καὶ
1367 1226 1586 1263 αἰσχροκερδίας.
1618 1226 1674 1252 Καὶ
1696 1225 1726 1250 ὲν
1744 1225 1837 1260 ἡμέρᾳ

1076 1273 1225 1309 νηστεύεις,
1239 1272 1387 1308 ἁρκὲσϐητι
1400 1273 1474 1308 ἄρτῳ
1495 1273 1541 1298 καὶ
1557 1271 1684 1306 λαχάνοις
1707 1270 1755 1296 καὶ
1779 1269 1871 1298 ὖόατι,

1077 1319 1245 1355 εὐχαριστῶν
1258 1319 1297 1354 τῷ
1310 1318 1385 1354 Θεῷ·
1414 1318 1591 1354 συμψηφίσας
1610 1316 1638 1342 δὲ
1664 1316 1714 1351 τὴν
1739 1315 1872 1349 ποσότητα

1076 1366 1126 1401 τῆς
1139 1366 1260 1402 δαπάνης
1283 1365 1330 1392 τοῦ
1351 1365 1475 1402 ἀρίστου,
1500 1362 1530 1391 οὗ
1553 1363 1665 1399 ἔμελλες
1687 1362 1790 1388 ἐσθίειν
1817 1361 1872 1387 κατ’

1077 1412 1185 1447 ἐκείνην
1190 1411 1240 1447 τὴν
1246 1411 1362 1448 ἡμέραν,
1368 1411 1412 1443 δὸς
1419 1411 1453 1446 χή
1458 1419 1503 1446 pg,
1511 1410 1528 1444 ἢ
1538 1408 1647 1444 ὀρφανῷ
1659 1408 1676 1443 ἦ
1690 1417 1736 1434 στε
1742 1417 1789 1442 pou
1794 1407 1873 1442 μένῳ.

1077 1458 1146 1494 πρὸς
1154 1458 1183 1484 ὃν
1192 1457 1224 1494 δὴ
1235 1457 1328 1492 σαφῶς
1339 1456 1481 1492 ἐμπλήσας
1490 1455 1538 1491 τὴν
1550 1454 1646 1481 ἑαυτοῦ
1658 1453 1759 1489 ψυχὴν,
1770 1453 1873 1485 εὓξετιι

1078 1505 1147 1540 ὑπὲρ
1176 1503 1222 1530 σοῦ
1247 1504 1314 1540 πρὸς
1338 1503 1449 1539 Κύριον.
1475 1502 1537 1528 Ἐὰν
1554 1499 1600 1528 οὖν
1617 1500 1731 1535 eius“;
1754 1499 1805 1534 τὴν
1821 1508 1863 1533 νη-

1079 1551 1179 1583 στείαν,
1198 1550 1235 1582 ὡς
1252 1550 1428 1585 ἐνετειλάμην
1438 1558 1495 1581 σοι,
1509 1548 1610 1583 ἔσταιὴ
1629 1546 1710 1573 Θυσίῖι
1728 1554 1777 1572 σου
1795 1545 1873 1578 Eax-ui:

1078 1597 1193 1624 ἐνώπιον
1202 1597 1241 1623 Κυ
1247 1596 1302 1632 ρίου
1307 1617 1313 1628 ,
1325 1596 1372 1622 καὶ
1386 1596 1469 1629 ὲγγεγ
1474 1603 1506 1630 pa
1510 1603 1528 1630 μ
1532 1593 1600 1629 μὲνή
1614 1594 1641 1618 ἐν
1659 1593 1718 1623 τοῖς
1735 1600 1749 1617 o
1754 1591 1769 1616 ὖ
1774 1592 1874 1626 ρινηῐς,

1078 1644 1107 1669 ὲν
1124 1642 1215 1678 ἡμέρᾳ
1228 1642 1276 1678 τῆς
1293 1641 1498 1671 ἁνταποδόσεως
1514 1639 1568 1665 τῶν
1583 1637 1797 1673 ἡτοιμασμένων
1809 1637 1874 1670 ἁγι-

1079 1689 1133 1716 οῶν
1150 1690 1205 1720 τοῖς⁷
1217 1688 1340 1720 δικαίοις.

235 1735 364 1770 Domino,
381 1741 408 1764 et
419 1736 555 1765 scribetur
567 1737 764 1772 hocjejunium
785 1742 872 1764 tuum.
891 1737 954 1765 Haac
979 1736 1061 1765 statio
1085 1736 1125 1763 sic
1147 1741 1208 1763 acta
1236 1736 1293 1771 (ιδ)
1319 1739 1360 1763 est
1387 1735 1469 1768 bona,
1504 1734 1599 1761 hilaris
1620 1738 1646 1761 et
1685 1737 1801 1767 accepta
1824 1730 1870 1757 Do.

233 1783 322 1812 mino.

849 1830 920 1857 Hinc
933 1831 1100 1860 Asnocuus,
1117 1825 1226 1853 homilia
1242 1824 1268 1851 7.

272 1889 412 1925 Jejunium
427 1891 495 1918 enim
509 1898 598 1917 verum
611 1897 663 1926 est,
676 1901 727 1920 non
753 1893 830 1921 modo
856 1901 883 1920 se
905 1892 1027 1920 tabidum

236 1937 336 1971 facere,
351 1937 397 1964 scd
412 1942 437 1964 et
450 1939 626 1972 quanti/utrm
653 1945 773 1974 sumptus
795 1947 872 1974 quem
897 1944 1028 1966 contesta-

238 1991 284 2009 rus
295 1988 363 2017 erat,
376 1983 441 2010 dare
456 1985 542 2012 vidum
552 1991 576 2013 et
595 1986 666 2021 inopi
680 1994 689 2013 :
701 1991 730 2013 ut
754 1986 799 2021 qui
817 1985 947 2019 acceperit
961 2005 969 2018 ,
983 1993 1028 2011 sa-

237 2029 333 2063 tiatus,
347 2034 461 2065 oretpro
473 2039 514 2065 eo,
530 2038 554 2059 et
569 2037 677 2067 accepta
689 2033 737 2067 ﬁat
755 2032 809 2059 Deo
821 2031 907 2058 hostia
922 2031 991 2065 ejus.

1117 1888 1237 1925 Νηστεῑα
1264 1887 1319 1923 γὰρ
1342 1886 1456 1922 ἀληθινή
1481 1886 1565 1917 ἐστιν,
1583 1884 1614 1911 οὐ
1634 1884 1717 1919 μόνον
1734 1883 1764 1909 τὸ
1785 1882 1875 1909 tau-.3»

1080 1935 1217 1971 ὲχτήξειν,
1235 1933 1302 1961 ἀλλὰ
1326 1933 1373 1960 καὶ
1388 1933 1438 1968 τὴν
1458 1931 1596 1966 ποσότητα
1618 1931 1669 1965 τῆς
1694 1929 1829 1964 δαπάνης,
1846 1929 1876 1963 ἦν

1081 1981 1193 2018 ἔμελλεν
1210 1980 1320 2011 ἐσθίειν,
1337 1979 1428 2006 δοῦναι
1440 1979 1523 2014 χήρᾳ,
1541 1977 1557 2013 ἦ
1579 1977 1681 2012 πτωχῷ
1693 1985 1699 1991 ·
1719 1977 1764 2003 in
1775 1977 1790 2003 ὁ
1806 1975 1874 2010 si)”;

1082 2027 1151 2062 φὼς,
1174 2026 1352 2062 ἐμπλησθεὶς,
1378 2024 1490 2059 εὔξηται
1510 2024 1580 2059 ὑπὲρ
1599 2023 1704 2055 αὑτοῦ,
1731 2023 1780 2049 καὶ
1799 2022 1874 2055 ὲκτή

1083 2073 1195 2108 γένηται
1208 2073 1225 2107 ὴ
1242 2071 1320 2098 Gustu
1336 2069 1417 2097 αὐτοῦ
1429 2069 1504 2106 παρὰ
1515 2069 1554 2105 τῷ
1567 2069 1638 2103 Θεῷ.

240 2129 305 2158 llaec
317 2135 346 2158 tu
358 2131 382 2158 si
396 2138 548 2158 servaveris
563 2139 626 2158 cum
640 2132 733 2159 uberis
749 2132 803 2159 tuis
820 2135 847 2159 et
860 2135 917 2159 tota
931 2137 1014 2158 uomo
1029 2134 1075 2157 tua
1089 2149 1096 2161 ,
1114 2127 1259 2156 custoditis
1277 2126 1330 2158 his,
1345 2125 1410 2153 felix
1433 2125 1488 2160 (17)
1503 2125 1567 2152 eris.
1590 2124 1625 2150 Et
1641 2125 1806 2159 quicunque
1822 2124 1875 2150 haec

239 2179 334 2207 audita
350 2179 539 2211 eustodierint,
552 2178 644 2209 felices
657 2184 752 2213 erunt;
766 2184 793 2207 et
809 2179 942 2215 quidquid
955 2178 1083 2213 petierint
1099 2185 1115 2204 a
1129 2176 1256 2207 Domino,
1271 2174 1446 2202 obtinebunt.

965 2238 1080 2268 CAPUT
1100 2238 1145 2266 Ν.

277 2291 310 2318 Et
320 2294 446 2325 precatus
462 2289 517 2326 (18)
535 2297 597 2317 sum
613 2296 686 2318 cum,
699 2291 729 2313 ut
739 2286 806 2312 mihi
821 2285 981 2320 explanarct
994 2285 1067 2312 hanc
1079 2283 1289 2312 similitudinem
1305 2282 1339 2309 de
1353 2280 1439 2308 fundo
1455 2285 1482 2307 et
1498 2278 1612 2307 domino
1622 2299 1629 2309 ,
1644 2286 1678 2306 ac
1691 2278 1773 2305 \‘ittea
1785 2283 1811 2306 et
1822 2287 1874 2305 ser-

241 2347 276 2368 vo
288 2340 336 2376 qui
352 2339 526 2375 depalaverat
538 2338 646 2365 vineam
660 2337 705 2362 ιρι
716 2332 809 2360 herbis
821 2339 883 2366 qua:
893 2335 1023 2359 extracta:
1039 2331 1073 2358 de
1090 2330 1169 2357 vinea
1181 2333 1277 2362 erant;
1297 2333 1325 2356 et
1340 2328 1374 2355 de
1390 2328 1446 2354 lilio
1458 2331 1486 2354 et
1501 2326 1536 2354 de
1552 2327 1746 2361 amicis,quos
1762 2326 1789 2353 in
1808 2334 1871 2352 con-

784 2405 901 2433 VARLE
920 2404 1112 2432 LECTIONES
1130 2404 1174 2431 ET
1192 2403 1306 2431 NOTAE.

254 2469 261 2472 ’
276 2471 317 2506 (5)
334 2470 430 2498 Lamb.
446 2469 634 2506 dissimularit.

277 2507 316 2540 (4)
339 2506 434 2533 Lamb.
455 2512 479 2532 et
496 2505 558 2540 fecit
571 2505 654 2540 ﬁlius.

279 2543 318 2577 (5)
335 2541 494 2577 MssaAngl.
514 2541 568 2567 dies
581 2547 692 2574 paucos.

280 2573 318 2612 (ti)
339 2576 435 2604 Lamb.
452 2573 600 2603 convocatis
625 2573 820 2610 paterfamilias
845 2573 938 2600 amicis
958 2573 1032 2600 anti-

281 2613 313 2638 is.
330 2613 413 2638 misit.

262 2621 313 2643 tus,
330 2620 413 2639 ηιιδιι.

243 2620 313 2647 quis,
330 2620 413 2639 mrsu.

282 2647 322 2682 (7)
337 2646 437 2682 Lamb.
454 2646 592 2682 sufﬁceret.

284 2678 323 2714 i8)
336 2681 433 2709 Lamb.
451 2678 500 2709 Siii
513 2687 602 2709 autent
621 2684 718 2715 prwter
736 2687 767 2706 ea
784 2686 864 2714 quam
885 2678 965 2713 quod.

284 2717 323 2751 (9)
338 2716 433 2744 Lamb.
447 2717 546 2751 feceris.

298 2752 341 2786 10)
357 2751 423 2779 Mss.
447 2752 525 2786 Angl.
542 2751 674 2786 nequires.

299 2784 342 2822 Η)
361 2787 464 2822 Lamb.
479 2784 622 2822 It'onestior.
637 2785 683 2812 Sic
699 2784 836 2822 etffellus.
861 2818 886 2822 Μ
990 2817 1006 2822 ν

298 2817 342 2856 12')
357 2821 402 2848 Sic
417 2830 483 2849 mss.
499 2821 571 2850 Vict.
587 2821 679 2849 Carm.
697 2825 723 2848 rt
745 2820 840 2847 Lamb.
860 2818 905 2846 Sic
919 2822 946 2846 ct
965 2817 1029 2846 edit.

246 2858 339 2886 Oxon.
350 2857 392 2883 Al.
406 2857 509 2884 habent.

1125 2467 1181 2499 (l3)
1198 2465 1295 2492 Lamb.
1310 2464 1339 2492 Si
1353 2464 1433 2499 igitur
1443 2461 1584 2490 servaveris
1597 2459 1667 2499 illam!
1678 2480 1684 2491 ,
1697 2459 1824 2499 primum.

1124 2495 1182 2536 (14)
1202 2495 1491 2536 Ρεευᾱο-Αιῖιγιιῃθβῇυς
1507 2504 1584 2536 num.
1659 2503 1721 2536 pag.
1737 2495 1802 2536 itii:

1124 2529 1181 2571 (is)
1199 2536 1296 2563 Lamb.
1314 2535 1384 2569 apud
1397 2533 1502 2560 Fellum
1512 2530 1774 2571 είορρέωησωιςηξξ
1788 2529 1873 2570 diebus

1087 2565 1145 2606 quia
1161 2565 1360 2598 cbmesturusﬂ.
1384 2576 1519 2606 reponens,
1542 2567 1630 2606 dabis:
1648 2565 1727 2600 Apud
1743 2565 1871 2592 Clericmn

1087 2601 1177 2634 autem
1189 2607 1225 2633 ita
1239 2616 1245 2632 :
1262 2607 1324 2637 cibi,
1337 2601 1489 2638 cwtcrisque
1502 2611 1560 2638 qua:
1583 2601 1707 2628 editurus
1728 2607 1872 2638 eras._.._re-

1087 2643 1162 2676 ponis
1189 2646 1213 2668 et
1240 2635 1326 2668 dabis.
1349 2640 1384 2666 At;
1408 2635 1476 2676 edit.
1497 2635 1588 2676 onn._
1612 2644 1724 2676 sepone}
1745 2641 1770 2662 et
1790 2635 1868 2662 dabis.

1086 2671 1166 2704 “unc
1180 2677 1270 2704 locum
1293 2675 1405 2709 respicit
1415 2674 1566 2701 Antiochus
1582 2672 1680 2698 homil.
1699 2671 1725 2697 7.

1123 2713 1146 2745 (l
1153 2713 1180 2741 6)
1196 2711 1292 2738 Lamb.
1312 2715 1394 2745 gesta.

1086 2783 1106 2809 Γ
1122 2739 1181 2783 (17)
1197 2747 1292 2774 Lamb.
1308 2739 1408 2772 ἕαιυιιε.
1424 2743 1457 2772 Et
1477 2743 1560 2779 paulo
1583 2747 1660 2778 post,
1688 2743 1759 2771 salvi
1781 2749 1828 2778 pro
1839 2739 1870 2770 fl-

1098 2791 1159 2809 tces.

1098 2791 1149 2810 ιεεδ
1158 2803 1159 2806 η

1123 2817 1181 2854 (18)
1196 2817 1262 2846 Mss.
1277 2816 1359 2852 Angl.
1381 2816 1549 2850 deprecatus.
