1920 3104
242 153 298 183 95?,
977 146 1004 174 S.
1029 145 1161 175 usuum
1834 146 1884 174 ἔξω

242 208 352 237 eulatus
366 213 422 234 non
437 208 510 233 esset
521 204 550 231 in
568 207 653 235 terra.
669 203 815 239 possidens
827 204 854 231 in
873 211 902 231 se
916 203 1050 238 Spiritum
1076 208 1213 231 sanctum.
1228 203 1257 230 In
1270 204 1386 231 consilio
1399 203 1546 234 advocavit
1560 214 1627 241 ergo
1640 205 1757 238 Filium,
1776 211 1804 233 et
1817 215 1882 234 ηυιμ

244 256 298 282 tios
315 254 403 280 bonos
417 251 485 287 (ιθ),
503 254 534 277 ut
553 254 580 277 et
595 249 661 277 huic
679 250 785 278 scilicet
797 251 904 286 corpori
927 250 1000 285 quod
1014 250 1126 277 servivit
1144 250 1201 286 (47)
1217 249 1331 285 Spiritui
1352 255 1448 278 sancto
1470 252 1530 279 sine
1542 253 1653 288 querela
1665 273 1673 284 ,
1685 253 1766 280 locus
1785 252 1884 288 aliquis

242 300 413 331 consistendi
426 299 554 330 daretur,
573 304 609 325 ne
624 296 763 323 videretur
779 294 932 322 mercedem
960 295 1101 322 servitutis
1122 302 1179 322 sum
1200 294 1361 329 perdidisse.
1388 295 1510 330 Accipiet
1529 298 1602 325 enim
1628 299 1787 326 mercedem
1804 306 1884 326 omne

244 357 345 379 corpus
359 355 459 384 purum
478 354 511 374 ac
524 346 584 374 sine
596 345 703 373 macula
722 348 870 379 repertum,
895 343 921 370 in
939 351 993 378 quo
1007 342 1152 370 habitandi
1183 344 1271 378 gratia
1295 343 1463 372 constitutus
1499 343 1582 375 fuerit
1608 347 1732 383 Spiritus
1759 351 1882 375 sanctus.

244 397 335 426 Habes
360 402 387 426 et
409 396 493 431 hujus
510 395 702 423 similitudinis
715 394 914 429 expositionem
932 391 1000 427 (48).

962 436 1077 464 CAPUT
1097 436 1153 464 VII.

280 490 407 526 Percepi,
429 490 554 525 inquam,
570 489 682 516 domine
693 509 700 521 ,
717 492 792 515 tuam
814 486 1003 518 voluntatem,
1020 486 1112 514 audita
1128 487 1179 514 hac
1194 487 1375 521 expositione.
1391 486 1462 514 Audi
1485 485 1599 514 ulterius
1611 505 1619 517 ,
1644 483 1737 519 inquit
1751 492 1759 511 :
1775 483 1883 517 Corpus

244 539 299 567 hoc
315 544 392 567 tuum
409 537 516 565 custodi
530 537 662 564 mundum
675 541 757 571 atque
769 542 882 570 purum;
898 539 928 561 ut
939 533 1059 569 Spiritus
1072 535 1117 561 ille
1132 534 1179 569 qui
1194 533 1360 561 inhabitabit
1371 534 1398 561 in
1412 541 1456 566 eo,
1477 533 1665 562 testimonium
1679 531 1781 559 referat
1798 531 1847 563 illi,
1858 535 1884 558 et

245 593 335 615 tecum
349 586 434 613 fuisse
445 585 593 620 judicetur.
607 585 695 620 Atque
705 576 787 611 etiam
802 583 874 615 vide,
890 590 924 610 ne
938 581 1050 617 quando
1064 582 1262 616 persuadeatur
1275 582 1334 614 tibi,
1347 581 1459 609 interire
1471 588 1570 616 corpus
1588 580 1649 611 hoc,
1661 583 1690 605 et
1711 577 1838 604 abutaris
1852 584 1883 603 eo

246 635 274 662 in
287 634 401 662 libidine
418 634 521 668 aliqua.
541 631 570 659 Si
585 631 658 659 enim
671 638 773 665 corpus
785 634 863 656 tuum
881 627 1075 659 maculaveris,
1100 627 1253 655 maeulabis
1266 628 1348 654 etiam
1373 627 1471 654 eodem
1485 631 1606 661 tempore
1621 629 1646 651 et
1664 623 1802 657 Spiritum
1821 630 1883 650 san-

245 685 335 712 ctum;
352 684 378 706 et
392 679 414 706 si
430 677 611 706 maculaveris
627 677 758 712 Spiritum
780 679 917 706 sanctum.
935 682 989 701 non
1004 673 1060 709 (69)
1075 674 1161 701 vives.
1184 672 1217 701 Et
1233 673 1288 701 dixi
1303 682 1310 700 :
1326 672 1397 706 Quid
1410 673 1433 701 si
1447 681 1496 708 per
1511 671 1695 708 ignorantiam
1718 670 1842 704 aliquam
1858 668 1882 695 id

245 727 397 755 admissum
415 726 471 761 (50)
488 729 541 757 est,
563 727 708 756 antequam
726 719 888 747 audirentur
902 718 984 745 verba
1001 717 1151 750 ha:e?Quo
1166 722 1246 752 pacto
1261 718 1418 752 assequitur
1430 718 1544 745 salutem
1558 718 1581 744 is
1599 716 1645 751 qui
1659 714 1814 742 maculavit
1825 721 1883 741 eor-

245 781 297 809 pus
314 757 583 802 suurn?vPrioribus,
599 767 698 803 inquit,
714 766 808 799 rebus,
822 764 869 801 qui
884 765 941 800 (51)
955 772 1003 799 per
1021 764 1204 800 ignorantiam
1221 764 1404 795 admiserunt,
1417 763 1569 791 remedium
1584 760 1706 788 tribucre
1719 758 1800 786 solus
1815 757 1883 784 Deus

245 803 337 857 potest
352 828 359 846 :
376 820 435 855 ejus
446 819 520 847 enim
537 821 579 845 est
592 814 683 843 omnis
697 817 830 848 potestas.
854 811 907 838 Sed
922 818 997 838 nunc
1019 810 1127 838 custodi
1143 814 1189 837 te:
1204 814 1232 837 et
1247 817 1308 837 cum
1330 810 1365 837 sit
1384 809 1517 836 Dominus
1535 807 1710 841 omnipotens
1727 808 1756 832 et
1776 803 1883 831 miseri-

244 852 320 902 cors,
336 852 474 904 prioribus
488 866 618 895 admiSsis
630 862 781 891 remedium
799 860 886 892 dabit,
903 860 926 887 si
949 860 976 887 in
993 859 1048 894 (52)
1063 859 1188 886 futurum
1205 865 1259 885 non
1276 858 1458 885 maculaveris
1473 864 1574 892 corpus
1590 860 1680 887 tuum,
1692 859 1721 881 et
1733 852 1880 888 Spiritum.

245 915 396 943 Consortes
410 918 474 941 sum
493 913 565 940 enim
585 912 678 945 ambo,
695 915 722 938 et
735 910 868 937 alteruter
880 909 941 936 sine
957 908 1045 935 altero
1066 907 1123 942 (55)
1144 914 1198 934 non
1221 906 1427 941 coinquinatur.
1444 904 1597 937 Utrumque
1615 911 1681 938 ergo
1703 908 1788 929 serra
1807 907 1876 927 mun-

245 962 325 995 dum;
341 965 368 989 et.
382 961 457 988 vives
472 959 537 987 Deo.

897 1000 1134 1032 SlMlLITUDO
1156 1000 1212 1031 Vl.

305 1058 349 1088 De
372 1057 496 1097 duplici
509 1064 620 1096 genere
637 1054 798 1086 hominum
811 1052 1078 1121 voluptavz’orun},
1096 1056 1125 1082 et
1147 1059 1254 1081 eorum
1270 1054 1380 1087 morte,
1404 1049 1590 1090 defectione,
1608 1053 1636 1079 et
1655 1054 1827 1087 petitarum

975 1096 1133 1121 uratto-ne.

975 1096 1133 1122 uratto-ne.

919 1152 1036 1181 CAPUT
1055 1151 1203 1180 PRIMUM.

279 1204 347 1232 Cum
361 1204 486 1232 sederem
501 1203 587 1234 domi,
603 1207 630 1230 et
645 1202 828 1237 gloriﬁcarem
845 1199 990 1227 Dominum
1011 1198 1068 1233 (5i)
1087 1205 1135 1232 pro
1152 1197 1281 1225 omnibus
1299 1205 1360 1232 qua:
1373 1197 1506 1230 videram,
1528 1200 1555 1224 et
1568 1195 1602 1224 de
1622 1193 1764 1222 mandatis
1778 1192 1879 1230 cogita-

245 1257 302 1277 rem
319 1249 388 1283 (55),
401 1256 433 1276 ea
446 1249 523 1275 valde
534 1249 605 1275 bona
618 1254 679 1274 esse
689 1251 717 1273 et
730 1253 839 1279 magna,
855 1249 883 1271 et
898 1245 1013 1270 honesta
1027 1250 1060 1269 ac
1073 1242 1145 1275 laeta,
1161 1246 1190 1270 et
1207 1250 1268 1277 quae
1283 1242 1390 1277 possint
1402 1242 1518 1269 salutem
1537 1240 1684 1268 hominum
1702 1239 1763 1274 (56)
1772 1239 1878 1271 αὔοι-ης

245 1297 316 1323 intra
332 1304 375 1323 me
392 1296 481 1331 ipsum
495 1295 553 1322 haec
565 1294 689 1322 dicebam
709 1303 716 1321 :
736 1293 811 1320 Felix
829 1299 888 1324 ero,
903 1291 926 1319 si
941 1291 969 1318 in
985 1291 1028 1318 his
1050 1290 1188 1318 mandatis
1213 1289 1407 1322 ambulavero;
1425 1293 1453 1316 et
1465 1288 1622 1324 quicunque
1641 1287 1670 1314 in
1691 1287 1736 1314 his
1757 1286 1881 1313 ambula—

243 1345 324 1378 verit,
342 1345 413 1371 vivet
429 1344 494 1370 Dco.
512 1342 581 1369 Dum
597 1343 656 1370 hzec
669 1343 799 1376 loquerer
815 1341 872 1375 (57)
886 1347 1006 1372 mecum,
1021 1339 1100 1367 video
1116 1347 1178 1367 eum
1198 1346 1279 1374 quem
1297 1343 1325 1366 et
1339 1339 1416 1374 prius
1434 1338 1502 1374 (58),
1527 1336 1668 1364 sedentem
1683 1337 1765 1371 juxta
1784 1343 1839 1367 me,
1855 1340 1880 1362 et

245 1389 304 1417 haec
320 1390 385 1416 mihi
399 1389 534 1416 dicentem
547 1396 554 1414 :
570 1387 641 1421 Quid
654 1388 765 1415 dubitas
781 1387 815 1414 de
828 1385 964 1413 mandatis
977 1385 1056 1416 meis,
1073 1392 1135 1420 qua:
1147 1384 1195 1411 tibi
1215 1384 1346 1419 prmccpi?
1368 1383 1443 1410 Bona
1457 1387 1541 1410 sunt:
1559 1383 1627 1410 nihil
1642 1382 1757 1410 omnino
1771 1382 1880 1408 dubita-

245 1435 335 1467 veris;
348 1434 394 1462 sed
410 1434 492 1461 indue
508 1433 585 1460 (idem
601 1432 719 1465 Domini,
732 1437 758 1460 ct
770 1430 924 1458 ambulabis
939 1430 967 1456 in
982 1430 1032 1457 eis.
1049 1429 1105 1464 Ego
1117 1430 1190 1457 enim
1212 1429 1239 1455 in
1264 1428 1318 1456 illis
1330 1428 1401 1456 dabo
1416 1428 1464 1455 tibi
1480 1429 1562 1455 vires.
1578 1427 1639 1455 Haec
1655 1428 1790 1454 mandata
1805 1427 1880 1454 utilia

245 1484 311 1508 sunt
326 1479 380 1512 his,
394 1478 442 1513 qui
454 1478 614 1505 delictorum
628 1484 741 1505 suorum
758 1481 821 1504 ante
833 1476 1016 1504 admissorum
1029 1475 1117 1502 acturi
1133 1479 1198 1502 sunt
1213 1474 1400 1509 paenitentiam
1415 1495 1422 1506 ,
1436 1474 1460 1502 si
1476 1474 1502 1502 in
1521 1475 1642 1504 futurum
1660 1477 1688 1503 in
1703 1476 1739 1503 iis
1754 1476 1881 1503 ambula-

244 1526 344 1555 vorint.
379 1524 541 1559 Quicunque
567 1523 651 1559 igitur
674 1524 755 1559 agitis
772 1523 971 1559 paenitentiam,
984 1523 1094 1557 abjicite
1106 1530 1120 1549 a
1135 1523 1215 1550 vobis
1232 1523 1382 1558 nequitiam
1407 1523 1488 1558 hujus
1501 1526 1603 1554 saeculi.
1622 1525 1730 1553 luduite
1747 1533 1816 1552 vero
1825 1526 1880 1559 (59)

245 1583 354 1602 omnem
370 1574 499 1601 virtutem
514 1579 541 1600 ct
561 1571 729 1608 aequitatem,
745 1575 773 1596 et
796 1568 920 1604 poteritis
944 1568 1084 1596 custodire
1099 1568 1158 1596 haec
1179 1569 1325 1602 mandata;
1352 1577 1441 1604 neque
1459 1570 1588 1607 deinceps
1604 1572 1736 1606 peccetis.
1752 1571 1784 1598 Si
1807 1573 1879 1599 enim

244 1623 373 1657 deinceps
387 1630 441 1649 ιιοιι
459 1620 652 1656 peccaveritis,
672 1618 822 1653 plurimum
839 1616 896 1652 (60)
913 1624 947 1644 ex
961 1615 1103 1651 prioribus
1121 1616 1261 1643 recidetis.
1278 1616 1306 1643 In
1328 1617 1466 1645 mandatis
1483 1618 1552 1646 meis
1573 1617 1721 1651 ambulate,
1737 1624 1765 1646 et
1782 1619 1880 1646 vivetis

246 1668 312 1696 Deo.
329 1667 392 1695 Haec
405 1675 419 1695 a
431 1675 474 1694 me
486 1667 556 1694 dicta
570 1669 634 1693 sunt
646 1665 733 1692 vobis.
746 1663 895 1698 Pastquam
910 1663 967 1690 haec
981 1670 1087 1689 mecum
1101 1662 1210 1690 locutus
1224 1667 1276 1696 est,
1296 1663 1335 1690 ait
1354 1662 1421 1690 mihi
1435 1673 1442 1691 :
1458 1663 1559 1691 Eamus
1571 1663 1598 1690 in
1614 1671 1710 1699 agrum
1721 1684 1729 1696 ,
1744 1670 1774 1692 et
1786 1670 1879 1699 pasto-

245 1722 289 1742 res
300 1714 356 1748 (61)
372 1721 501 1748 pecorum
517 1713 564 1740 libi
579 1709 734 1740 ostendam.
748 1707 860 1739 Eamus,
875 1706 1000 1740 inquam,
1013 1705 1133 1733 domine.

281 1756 443 1795 (02)'H).Oov
451 1759 490 1789 εἰς
497 1758 597 1784 πεδίοψ
608 1757 655 1784 καὶ
666 1755 797 1792 [δείκνυσί
818 1754 874 1791 μοι]
883 1755 964 1781 παῖδα
970 1762 1033 1780 νεα-

244 1804 336 1832 νίσκον
344 1802 515 1838 ἐνδεδυμένον
525 1803 580 1838 ((35)
591 1802 714 1829 σύνθεσιν
722 1802 782 1828 ὲνδυ
787 1801 878 1836 μάτων
886 1799 1034 1836 κροκαίων,

246 1850 375 1886 βόσκοντα
391 1849 514 1885 πρόϐατα
522 1848 606 1875 πολλὰ
613 1848 683 1874 λίαν·
700 1847 748 1874 καὶ
764 1847 799 1874 τὰ
807 1846 931 1882 πρόϐατα
947 1845 1034 1872 ταῦτα

243 1893 278 1931 ἦν
294 1896 360 1922 ὡσεὶ
375 1894 531 1931 τρυφῶντα,
543 1894 591 1920 καὶ
607 1893 666 1920 λίαν
684 1892 928 1925 σπαταλῶντα,καὶ
943 1890 1034 1926 ίλαρὰ,

245 1942 397 1978 σκιρτῶντα
411 1938 462 1968 ὧδε
479 1941 568 1968 κάκεῖ.
579 1940 632 1967 Καὶ
649 1940 729 1971 αὐτὸς
744 1941 758 1966 ὁ
774 1939 874 1975 ποιμὴν
890 1939 959 1965 πάνυ
979 1939 1035 1966 ἱλα-

245 1988 291 2023 ρὸς
301 1988 347 2014 ἐπὶ
362 1987 401 2022 τῷ
417 1986 535 2022 ποιμνίῳ
545 1986 617 2021 αὐτῷ
627 1984 671 2022 ἦν,
688 1986 735 2012 καὶ
751 1985 910 2021 περιέτρεχε
925 1984 960 2011 τὰ
968 1984 1034 2020 πρό-

244 2033 323 2060 ϐατα.
342 2034 395 2060 Καὶ
410 2033 476 2060 ἄλλα
493 2032 615 2068 πρόϐατα
634 2031 811 2059 σπαταλῶντα
827 2031 874 2058 καὶ
889 2031 1033 2067 τρυφῶντα

245 2080 275 2107 ἐν
290 2080 365 2116 τόπῳ
377 2080 428 2112 ἑνὶ,
446 2079 476 2106 οὺ
495 2079 587 2114 μέντοι
599 2078 754 2114 σκιρτῶντα
771 2077 836 2113 (64).

1121 1754 1154 1782 Et
1163 1755 1289 1782 venimus
1305 1755 1332 1782 in
1347 1755 1493 1791 quemdam
1507 1764 1634 1792 campum
1645 1765 1654 1782 :
1670 1762 1698 1785 et
1712 1758 1770 1786 illic
1785 1764 1877 1786 osten-

1085 1801 1126 1828 dit
1152 1801 1220 1828 mihi
1242 1801 1371 1836 juvenem
1391 1807 1553 1837 pastorem,
1589 1803 1721 1831 vestitum
1758 1801 1879 1837 synthesi

1085 1848 1312 1876 vestimentorum
1325 1848 1417 1876 colore
1428 1850 1567 1877 coccineo.
1580 1849 1714 1877 Paseebat
1725 1855 1818 1878 autem
1833 1858 1878 1886 pe-

1086 1901 1150 1921 cora
1165 1894 1277 1929 copiosa
1301 1903 1308 1921 :
1335 1899 1362 1921 et
1377 1902 1475 1930 pecora
1499 1895 1543 1922 illa
1559 1895 1632 1922 velut
1647 1895 1675 1922 in
1690 1896 1878 1930 voluptatibus

1088 1944 1178 1972 erant,
1194 1945 1221 1967 et
1235 1940 1362 1975 plurimis
1370 1941 1492 1974 deliciis;
1505 1946 1532 1968 et
1541 1941 1679 1968 hilaritate
1690 1942 1876 1973 exsultabant,

1087 1990 1115 2013 et
1128 1986 1297 2013 exsultantia
1310 1986 1503 2014 discurrebant
1517 1987 1570 2014 huc
1580 1991 1663 2021 atque
1675 1987 1753 2014 illuc.
1775 1986 1809 2014 Et
1822 1987 1877 2022 ipse

1086 2037 1180 2067 pastor
1196 2032 1384 2060 vehementem
1397 2040 1430 2060 ex
1445 2040 1526 2068 grege
1547 2041 1597 2060 suo
1612 2033 1783 2068 percipiebat
1803 2034 1877 2060 volu-

1086 2082 1208 2113 ptatem;
1223 2082 1250 2105 ct
1261 2078 1354 2106 vultus
1369 2079 1488 2113 pastoris
1503 2079 1577 2107 illius
1594 2078 1676 2106 valde
1690 2079 1792 2107 hilaris
1810 2084 1876 2113 erat,

1087 2124 1159 2151 inter
1173 2132 1275 2159 pecora
1290 2124 1484 2154 discurrentis.

795 2178 910 2206 VARIIE
930 2178 1121 2207 LECTIONES
1140 2180 1184 2208 ET
1203 2180 1320 2208 NOTAE.

291 2237 338 2266 46)
354 2237 430 2265 Bodl.
455 2237 587 2263 honestos.

292 2270 338 2301 L7)
352 2273 449 2300 Lamb.
472 2272 613 2299 serviisset.
628 2271 673 2299 Sic
688 2275 714 2298 et
728 2271 793 2298 edit.
812 2270 901 2298 Oxon.

291 2305 337 2338 48)
353 2308 448 2335 Lamb.
460 2307 645 2334 exsolutiones.
665 2306 698 2333 Et
715 2314 789 2338 mox,
802 2305 976 2332 cxsolutione.

279 2340 337 2379 ('49)
354 2343 400 2370 Sic
410 2342 499 2369 Fellus
512 2343 538 2369 in
546 2341 761 2377 suaedit.0xou.
772 2349 805 2368 ex
818 2349 884 2368 mss.
896 2341 975 2376 Angl.
988 2340 1031 2366 Al.

243 2387 339 2414 corpus
352 2385 436 2409 mum,
457 2386 518 2414 non.

281 2412 337 2448 (50)
355 2413 432 2440 Bodl.
448 2412 549 2447 aliquid
561 2412 719 2448 admissura.

281 2446 338 2484 (5|)
355 2449 452 2476 Lami).
465 2446 597 2484 etACat-m.
612 2456 684 2484 gum.
700 2447 746 2484 Sic
762 2452 789 2475 et
803 2446 904 2484 Fel_lus_.

281 2481 337 2518 (52)
353 2485 399 2511 Sic
411 2491 477 2511 mss.
487 2482 568 2510 Carm
576 2488 603 2510 et
610 2481 706 2510 Lamb.
717 2482 763 2510 Sic
773 2487 802 2510 et
813 2482 876 2509 edit.
888 2481 975 2508 Oxon.
988 2481 1031 2509 AI.

243 2521 375 2549 omittunt
387 2520 424 2546 in.

281 2556 337 2590 (55)
355 2554 450 2582 Lamb.
463 2555 544 2590 iambo
558 2554 728 2590 alterutrum,
747 2558 771 2580 et
786 2553 854 2590 alter
869 2553 924 2579 sine
937 2552 1032 2590 altera.

244 2591 312 2619 Felli
326 2588 415 2618 autem
437 2589 520 2616 editio
549 2589 638 2617 Oxon.
663 2589 704 2616 sic
726 2598 733 2615 ;
753 2593 777 2616 ει
800 2588 958 2615 alterutrum
976 2588 1032 2614 sine

243 2627 328 2654 altero
342 2633 392 2652 non
402 2625 564 2660 inquinatur.

279 2660 456 2722 (54)]dLatnb.
476 2660 570 2687 Deum.
596 2661 740 2688 Alteruant
761 2659 829 2686 Deus
850 2663 878 2686 et
902 2659 1032 2685 Dominus

290 2704 323 2722 co
365 2717 370 2722 .

243 2696 272 2724 in
290 2696 370 2723 codd.

282 2731 338 2767 (55)
353 2731 417 2767 Mss.
431 2731 510 2765 Angl.
525 2731 700 2767 disputarem,
715 2730 826 2767 ut_alibi
844 2734 978 2757 notatum.

282 2765 337 2799 (56)
353 2765 448 2793 Lamb.
463 2765 573 2794 homini.
589 2766 635 2794 Sic
649 2767 731 2794 etiam
744 2765 845 2796 Fellus.

283 2801 339 2836 (57)
355 2800 451 2836 Lamb.
467 2801 570 2836 loquor.

279 2834 339 2896 ⁸(ἐξ)
353 2835 417 2863 Mss.
432 2834 510 2872 Angl.
534 2845 593 2864 eum
615 2836 760 2871 sedentem,
773 2836 895 2870 omissis,
918 2843 993 2872 quem
1006 2838 1033 2862 et

245 2878 330 2904 prius.

1121 2237 1178 2307 (59)
1193 2237 1292 2266 Lamb.
1307 2246 1379 2274 ergo.

1121 2272 1167 2307 (60
1196 2273 1291 2300 Lamb.
1311 2282 1379 2307 nec;

1121 2272 1178 2312 (60)
1196 2273 1300 2312 Ιάιιιιι).Δ
1311 2272 1357 2300 nec
1367 2280 1425 2312 post
1437 2274 1492 2312 [nec
1507 2274 1656 2312 adﬁciatis.
1672 2274 1751 2302 Nihil
1761 2284 1823 2311 ergo
1833 2278 1875 2302 ad-

1079 2308 1212 2343 jiciamus,
1229 2308 1383 2343 plurimam.
1402 2311 1440 2337 ita
1453 2308 1584 2337 Clericus.
1602 2309 1693 2337 Fellus
1709 2308 1803 2338 autem
1817 2312 1872 2339 sic:

1083 2342 1221 2380 Alii,_po§t
1235 2344 1442 2380 rltoycqadjicietis.
1459 2344 1614 2372 Niln'l.enim
1633 2346 1806 2379 adjicientes.

1120 2378 1177 2413 (6i)
1189 2378 1258 2412 Quia
1272 2378 1386 2416 hiscein
1398 2380 1549 2407 visionibus
1557 2381 1638 2416 _multi
1652 2378 1779 2414 pastores
1794 2389 1874 2416 appa-

1084 2416 1162 2445 rent,
1179 2415 1450 2456 eaproptcrdlermze
1469 2422 1538 2450 opus
1551 2414 1683 2454 Origenes
1708 2424 1743 2450 ap
1764 2414 1872 2444 ellat'li-

1083 2447 1162 2484 brum
1180 2449 1218 2476 De
1232 2451 1393 2484 pastoribus,
1412 2451 1458 2477 Ιιι).
1473 2424 1812 2484 111,Περὶάρχων2.ῗ1ως
1826 2452 1872 2479 Co-

1083 2459 1162 2475 urulll
1180 2459 1218 2476 ue
1232 2459 1393 2484 pauonum,
1412 2459 1458 2477 un.
1473 2459 1697 2484 ιιι,ιιεριαρχων
1705 2459 1734 2477 z.
1749 2459 1812 2479 Haec
1826 2459 1872 2479 υ)-

1083 2483 1205 2522 telcrius.
1217 2485 1251 2511 At
1263 2492 1383 2522 nuperus
1394 2485 1482 2522 editor
1495 2485 1659 2522 Parisiensis
1670 2493 1736 2520 opp.
1750 2487 1873 2522 Origenis

1083 2521 1152 2558 tom.
1167 2518 1261 2558 leag.
1279 2518 1340 2558 ito,
1358 2521 1410 2558 col.
1425 2519 1498 2558 2,0,
1513 2521 1601 2558 locum
1613 2528 1645 2548 ex
1659 2518 1728 2558 mss.
1740 2518 1871 2558 sicrr-‘esti-

1084 2553 1156 2592 tujt:
1177 2553 1228 2581 Sed
1244 2560 1268 2592 e_t
1287 2554 1408 2592 Pastoris
1432 2555 1652 2592 liberlrejiciens
1666 2556 1739 2584 hanc
1750 2557 1818 2584 edit.
1837 2558 1871 2584 le-

1085 2589 1203 2616 ctionem
1223 2599 1230 2617 :
1248 2589 1299 2616 Sed
1312 2596 1336 2617 et
1350 2591 1387 2618 De
1405 2589 1559 2624 pastoribus
1572 2591 1647 2617 liber.

1121 2624 1177 2658 (62)
1188 2624 1250 2652 Hier:
1257 2626 1544 2657 pseudo-Athanasius
1552 2626 1578 2652 in
1587 2626 1680 2653 Doctr.
1693 2626 1729 2653 ad
1737 2627 1869 2660 Απιίοτιιη

1084 2661 1227 2696 "uersis.
1244 2660 1288 2693 19.
1298 2669 1359 2696 pag.
1375 2661 1439 2693 261,
1450 2660 1515 2687 262.
1558 2679 1561 2682 .

1121 2694 1178 2734 (65)
1193 2694 1347 2734 Praeteriea'
1360 2704 1421 2730 qua:
1435 2696 1580 2734 ΔΙιίς-Ιιιιὶιρι
1593 2696 1869 2734 Οοιειρτῇιιςμῦιπα

1086 2728 1201 2767 hUjusce
1213 2730 1267 2758 loci
1286 2728 1404 2767 iilustrat
1418 2731 1458 2767 cl.
1470 2731 1680 2767 Moutfaueonus
1705 2733 1733 2760 iu
1754 2728 1867 2767 ἸΙααρί.

1087 2763 1206 2801 Origen.,
1224 2770 1290 2792 tom.
1303 2766 1336 2799 ll,
1354 2774 1414 2801 pag.
1432 2766 1493 2798 i81,
1510 2766 1542 2793 ad
1559 2766 1615 2794 Ιδα.
1630 2775 1698 2800 Lvu,
1714 2769 1742 2796 9.

1123 2774 1206 2827 τὲεηη
1224 2774 1290 2792 tom.
1304 2774 1336 2799 ιι,
1354 2774 1414 2801 pag.
1432 2774 1493 2798 ιδι,
1510 2774 1542 2793 au
1559 2774 1615 2794 [δα.
1630 2775 1698 2800 Lvn,
1714 2774 1742 2796 υ.

1123 2804 1132 2834 (
1153 2801 1180 2841 4)
1198 2802 1252 2842 Ista
1274 2801 1557 2842 pseudorAthanasii}
1582 2802 1711 2842 Aliasque
1737 2804 1866 2834 sidiam.

1085 2834 1252 2863 luxuriantes
1268 2834 1292 2863 et
1306 2834 1458 2864 deliciantes
1474 2844 1526 2863 uno
1539 2837 1566 2863 in
1585 2836 1654 2870 loco,
1667 2834 1715 2865 nec
1732 2844 1818 2866 tamen
1828 2847 1868 2866 εει

1086 2871 1214 2900 saltantes
1223 2891 1232 2906 ,
1250 2872 1334 2901 veteri
1347 2872 1489 2907 Interprcti
1501 2872 1679 2907 restituenda,
1696 2882 1713 2902 e
1725 2875 1806 2911 cujus
1815 2882 1869 2902 ver
