1920 3104
35 158 80 188 οδδ
565 147 713 177 msron.
732 163 767 169 -
785 146 815 176 LI

872 147 917 181 ill,
937 146 1038 175 SIMIL.
1059 147 1105 176 Vl.

1601 146 1654 175 966

740 202 855 230 CAPUT
884 203 918 230 11.

62 251 109 279 Καὶ
122 249 192 286 λέγει
211 260 267 287 μοι·
287 251 399 284 Βλέπεις
415 250 462 278 τὸν
479 250 596 286 ποιμένα
615 249 725 283 τοῦτον;
741 249 807 276 Βλέ-

895 244 941 276 Ᾱῖι
952 249 1018 276 mihi
1026 249 1140 284 angelus
1151 257 1160 277 :
1170 248 1252 277 Vides
1258 253 1350 277 autem
1359 249 1415 285 (65)
1423 249 1496 277 hunc
1503 249 1654 285 pastorem?

32 308 77 330 πω,
88 297 162 333 φημὶ,
179 297 270 333 κύριε.
285 295 378 330 Οὗτος,
398 297 491 333 φησὶν,
509 297 623 331 ἄγγελος
639 297 745 332 τρυφῆς
761 297 809 323 καὶ

32 344 125 378 ἀπάτης
139 342 221 369 ἐστίν.
239 341 326 375 Οὗτος
343 342 463 378 ὲκτρίόει
484 342 534 374 τὰς
556 341 645 377 ψυχὰς
669 342 724 368 τῶν
747 341 808 368 δού-

32 389 75 414 λων
90 386 134 414 τοῦ
151 386 230 419 Θεοῦ,
259 388 306 413 καὶ
328 387 510 422 καταστρέφει
530 387 586 413 ἀπὸ
600 387 651 422 τῆς
669 386 807 422 ἀληθείας,

32 432 129 458 ἀπατῶν
139 431 224 463 αὑτὰς
241 434 304 464 ταῖς
319 432 478 468 ἐπιθυμίαις
494 434 553 464 ταῖς
566 433 708 468 πονηραῖς,
722 433 750 459 ὲν
767 431 810 464 αἷς

33 479 179 505 ἀπόλλυνται
193 479 436 515 ἐπιλανθανόμενοι
446 478 502 506 τῶν
515 478 630 505 ἐντολῶν
645 478 693 506 τοῦ
710 478 811 511 ζῶντος

31 525 70 551 τοῦ
84 525 156 557 Θεοῦ,
172 525 220 552 καὶ
229 525 407 562 πορευόμενοι
425 525 475 562 (ὲν)
486 527 547 557 ταῖς
563 525 811 561 ματαίαιςτρυφαῖς

32 573 69 599 καὶ
83 572 194 604 ἀπάταις
208 572 258 599 τοῦ
277 572 335 608 βίου
351 572 457 599 τούτου.
469 572 515 599 Διὸ
527 572 574 599 καὶ
586 572 749 600 ἀπόλλυνται
759 572 812 599 ὑπὸ

32 618 70 644 τοῦ
81 618 191 652 ἀγγέλου
201 618 299 645 τούτου
308 619 348 650 εις
356 618 471 645 θάνατον
479 619 526 646 καὶ
537 618 722 655 καταφθοράν.
731 618 812 653 Λέγω

32 664 104 700 αὺτῷ-
120 664 156 691 οὐ
171 664 312 699 γινώσκω,
327 664 416 701 κύριε,
432 665 460 692 τι
474 666 547 692 ἐστιν
561 667 605 699 εἰς
622 664 751 692 θάνατον
765 664 812 691 καὶ

33 710 213 745 καταφθοράν.
232 711 289 738 Καὶ
310 710 384 745 λέγει
403 719 457 747 μοι·
477 712 575 738 ’Δκουε
588 731 596 744 ,
615 711 708 747 φησιν·
725 712 760 737 Ἀ
773 709 813 738 el-

33 757 68 789 Ξες
81 757 197 793 πρόϐατα
215 757 298 794 ἱλαρὰ
310 759 357 785 καὶ
370 758 532 795 σκιρτῶντα,
540 756 613 786 οὗτοι
629 760 697 786 εἰσιν
711 760 735 785 οἱ
747 759 814 786 ἅπε-

34 803 168 838 σπασμὲνοι
187 803 243 830 ἀπὸ
259 804 308 830 τοῦ
322 804 390 831 Θεοῦ
402 805 442 837 εἰς
454 804 541 837 τέλος,
555 805 603 832 καὶ
620 805 812 841 παραδεδωκό-

33 857 70 880 τες
83 849 188 882 ἑαυτοὺς
203 851 266 882 ταῖς
280 851 439 887 ἐπιθυμίαις
455 851 502 878 τοῦ
523 851 620 885 αἰῶνος
639 852 744 879 τούτου.
769 853 813 879 Ἐν

33 894 123 926 τούτοις
139 897 270 931 μετάνοια
291 896 364 932 ζωῆς
383 898 434 924 οὐκ
449 897 532 924 ἐστιν·
556 899 596 925 ὅτι
613 899 661 925 καὶ
680 899 711 925 τὸ
727 898 813 935 ὖνομα

862 293 960 327 Video,
982 295 1106 330 inquam,
1123 296 1244 323 domine.
1266 295 1300 322 Et
1317 295 1388 323 dixit
1408 296 1475 323 mihi
1493 305 1500 324 :
1517 296 1567 324 llic
1581 304 1655 324 nun-

861 341 917 369 tius
931 341 1085 369 dulcedinis
1100 349 1132 369 ac
1148 342 1296 377 voluptatis
1310 346 1353 369 est
1367 341 1435 376 (66).
1449 341 1499 370 llic
1510 350 1574 378 ergo
1589 350 1652 371 cor-

861 386 963 420 rumpit
977 390 1083 413 mentes
1099 394 1243 413 servorum
1259 386 1317 419 Dei,
1331 391 1358 414 et
1373 387 1471 414 avertit
1489 395 1538 415 eos
1552 396 1568 415 a
1582 388 1654 416 veri-

861 435 927 464 tate,
946 431 1089 458 obiectans
1105 431 1323 466 cupiditatibus;
1350 436 1378 459 et
1400 436 1524 467 pereunt.
1549 432 1654 461 Oblivi-

862 482 980 504 scuntur
993 477 1067 504 enim
1087 477 1216 504 mandata
1236 476 1283 504 Dei
1296 477 1362 510 vivi,
1380 481 1407 505 et
1420 477 1447 504 in
1460 478 1577 507 luxuriis
1589 487 1656 507 eon-

863 528 1010 550 versantur
1022 527 1050 550 et
1063 522 1170 550 deliciis
1184 523 1273 556 vanis,
1285 527 1312 550 et
1324 529 1541 559 corrumpuntur
1554 524 1588 551 ab
1601 524 1655 553 huc

862 569 960 596 nuntio
971 568 1042 595 malo
1055 568 1111 604 (67)
1120 569 1204 604 aliqui
1215 577 1301 604 usque
1310 569 1344 596 ad
1355 574 1483 603 mortem,
1492 570 1578 605 aliqui
1591 578 1656 598 vero

863 621 952 649 usque
962 613 997 641 ad
1006 613 1187 642 defectionem
1196 615 1264 651 (68).
1275 614 1341 642 Dico
1351 615 1376 643 ei
1389 625 1395 642 :
1407 615 1532 649 Domine,
1544 624 1598 643 non
1614 617 1658 643 in-

862 661 964 695 telligo,
978 660 1044 695 quid
1058 661 1093 689 sit
1108 661 1142 688 ad
1156 666 1277 693 mortem,
1295 666 1323 689 et
1339 661 1406 697 quid
1421 664 1456 688 ad
1471 661 1655 697 defectionem.

863 708 945 740 Audi,
962 707 1071 743 inquit:
1087 707 1264 743 Quaecunque
1280 716 1380 743 pecora
1394 707 1485 735 vidisti
1503 708 1582 735 valde
1595 708 1657 735 lzela

863 759 892 782 et
902 754 1078 786 exsultantia,
1095 754 1113 781 ii
1127 758 1192 782 sunt
1206 754 1253 789 qui
1269 754 1296 781 in
1312 759 1474 789 perpetuum
1493 754 1548 789 (69)
1564 761 1579 781 a
1600 753 1657 781 Deo

865 800 1061 834 discesserunt,
1081 804 1108 828 et
1119 800 1291 827 tradiderunt
1303 808 1333 828 se
1346 800 1489 827 desideriis
1506 800 1589 835 hujus
1602 807 1656 827 stn-

865 847 931 874 culi.
946 846 981 874 lis
993 854 1059 882 ergo
1073 853 1129 873 non
1141 851 1182 874 est
1194 854 1241 882 per
1258 846 1448 881 paenitentiam
1465 854 1607 882 regressus
1622 847 1657 874 ad

866 893 948 920 vitam
964 893 1113 928 ;quoniam
1128 892 1238 928 quidem
1256 892 1415 928 adjecerunt
1432 893 1465 920 ad
1489 893 1593 928 reliqua
1608 892 1656 920 dc-

33 939 71 966 :56
85 940 146 967 Θεοῦ
164 941 197 968 δι’
215 942 316 976 αὐτοὺς
335 943 544 980 βλασφημεῖται.
571 945 632 972 Τῶν
647 945 776 973 τοιούτων
795 946 812 982 ἡ

870 939 926 967 licta
937 943 1136 971 sua.etnomen
1146 938 1203 974 (70)
1212 938 1320 966 Domini
1330 938 1454 967 nefandis
1467 939 1589 966 insectati
1598 938 1655 975 (7t)

34 987 81 1024 ζωὴ
95 989 204 1022 θάνατός
217 991 303 1018 ὲστιν.
324 991 358 1017 Ἀ
378 991 406 1018 δὲ
421 989 491 1024 εἶδες
509 992 545 1028 μὴ
559 992 710 1027 σκιρτῶντα
720 1012 727 1024 ,
745 992 813 1019 ἀλλά

34 1035 72 1061 καὶ
86 1035 111 1062 ὲν
126 1036 201 1072 τόπῳ
217 1036 387 1073 βοσκόμενα,
404 1035 476 1065 οὗτοι
492 1038 561 1065 εἰσιν
583 1039 606 1065 οἱ
624 1039 814 1075 παραδεδωκό-

34 1089 71 1113 τες
81 1082 124 1116 μὲν
135 1083 168 1118 τῇ
184 1084 278 1119 τρυφῇ
288 1083 336 1110 καὶ
350 1083 442 1120 ἀπάτῃ
459 1084 581 1116 ἑαυτοὺς,
591 1085 631 1116 εἰς
647 1084 676 1112 δὲ
694 1085 740 1111 τὸν
755 1085 813 1112 Κύ-

36 1135 82 1162 ριον
91 1127 125 1163 μὴ
139 1128 388 1165 βλασφημήσαντες
395 1138 402 1144 ·
412 1127 483 1157 οὗτοι
491 1128 537 1157 οὖν
551 1130 767 1167 κατεφθαρμένοι
776 1132 815 1158 εξ-

36 1176 70 1201 σὶν
84 1177 134 1202 ἀπὸ
147 1177 197 1212 τῆς
220 1177 360 1212 ἀληθείας·
384 1177 413 1204 ὲν
429 1177 534 1210 τούτοις
555 1177 634 1209 ἐλπίς
649 1179 707 1205 ἐστι
732 1187 814 1214 μετα-

36 1220 108 1253 νοίας,
123 1221 151 1247 ὲν
205 1221 336 1248 δύνανται
357 1222 450 1257 ζῆσαι.
477 1222 509 1248 Ίί
527 1222 688 1259 καταφθορά
709 1220 755 1250 οὖν
771 1222 815 1249 ἑλ-

36 1264 90 1291 πίδα
102 1265 154 1300 ἔχει
171 1266 349 1298 ἀναστάς-ειυς
364 1266 417 1298 ἕως
436 1267 518 1299 τινός·
536 1268 550 1294 ό
564 1267 593 1294 δὲ
606 1267 720 1299 θάνατος
737 1267 814 1295 ἀπώ-

36 1310 98 1337 λειαν
117 1311 171 1347 ἔχει
192 1312 313 1339 αἰώνιον.
340 1313 423 1340 Πάλιν
448 1313 606 1350 προέᾶημεν
630 1314 743 1350 μικρὸν,
768 1315 815 1342 καὶ

37 1356 140 1385 δείκνυσι
162 1367 207 1394 μοι
229 1359 326 1394 ἕτερον
349 1359 465 1395 ποιμένα
490 1359 586 1395 μέγαν,
612 1360 651 1391 ὡς
671 1359 765 1396 ἄγριον
780 1361 814 1396 τῇ

39 1403 94 1439 ἰδέα,
113 1405 302 1440 περικείμενον
323 1405 410 1441 δέρμα
426 1405 514 1440 αι’γιον
531 1406 637 1438 λευκὸν,
655 1407 702 1433 καὶ
725 1407 815 1443 πήραν

37 1449 89 1476 τινὰ
101 1448 169 1485 εἶχεν
186 1451 233 1477 ἐπὶ
249 1451 296 1478 τὸν
313 1448 398 1487 ὦμον,
415 1452 462 1478 καὶ
481 1452 576 1488 ῥάϐδον
601 1453 722 1489 σκληρὰν
743 1453 814 1487 λίαν,

39 1497 77 1523 καὶ
87 1497 158 1530 ὄζους
171 1499 297 1534 ἔχουσαν,
310 1499 357 1526 καὶ
365 1499 396 1526 τὸ
412 1499 520 1535 βλέμμα
535 1497 607 1535 εἶχεν
624 1501 731 1536 πικρὸν,
745 1500 816 1528 ὥστε

43 1543 174 1579 έοεηθῆναί
191 1554 225 1581 με
243 1545 335 1572 αὑτόν.
360 1543 444 1577 Οὗτος
459 1543 506 1572 οὖν
521 1546 536 1572 ὁ
553 1547 654 1582 ποιμὴν
671 1547 817 1583 παρελάμ-

41 1588 93 1615 6ανε
106 1590 138 1616 τὰ
154 1592 281 1627 πρόΰατα
294 1592 348 1618 ἀπὸ
367 1592 415 1618 τοῦ
433 1593 561 1628 ποιμένος
577 1591 624 1619 τοῦ
644 1592 751 1628 πρώτω
768 1593 816 1620 τοῦ

41 1635 173 1667 νεανίσκου,
191 1637 286 1664 ὲκεῖνα
299 1636 334 1663 τὰ
349 1637 538 1669 σπαταλῶντα,
549 1637 597 1664 καὶ
611 1637 767 1673 τρυφῶντα,
778 1639 815 1675 μὴ

42 1681 176 1716 σκιρτῶντα
189 1683 230 1715 δὲ,
250 1683 300 1710 καὶ
315 1683 426 1710 ἐὸαλλεν
439 1683 510 1710 αὐτὰ
520 1683 560 1716 εἷς
571 1692 634 1711 τινα
649 1684 731 1711 τόπον
747 1693 816 1721 κρη-

43 1726 129 1763 μνώδη,
146 1729 191 1756 καὶ
207 1728 363 1764 ὰκανθώδη,
380 1729 427 1756 καὶ
441 1729 600 1765 τριϐολώδη·
615 1729 685 1757 ὥστε
696 1731 750 1758 ἀπὸ
761 1730 817 1758 τῶν

40 1775 151 1802 ἀκανθῶν
158 1777 204 1803 καὶ
218 1775 353 1811 τριϐόλων
367 1776 404 1812 μὴ
411 1776 539 1803 δύνασθαι
555 1777 684 1811 ἐκπλέξαι
699 1777 734 1804 τὰ
749 1777 817 1814 πρό-

42 1820 108 1852 ϐατα,
122 1822 177 1848 ἀλλ’
191 1822 380 1858 ὲμπλέκεσθαι
391 1824 452 1854 ταῖς
467 1823 599 1855 ἀκάνθαις
609 1824 656 1850 καὶ
671 1823 817 1860 τριϐόλοις,

42 1866 80 1892 tu)
92 1867 146 1894 λίαν
161 1868 367 1904 ἐταλαιπώρουν
382 1869 513 1904 δερὸμενα
530 1870 575 1896 ὑπ’
593 1870 685 1896 αὑτοῦ·
704 1871 750 1898 καὶ
767 1869 818 1898 ὦδε

42 1913 110 1940 κάκεῖ
124 1915 299 1951 περιέλαυνεν
316 1916 394 1943 αὑτά·
413 1917 459 1944 καὶ
478 1917 546 1949 ὅλως
557 1917 710 1945 ἀνάπαυσιν
726 1919 818 1951 αὐτοῖς

42 1959 83 1985 οὐκ
96 1960 186 1994 ἐδίδου,
205 1961 268 1988 οὐδὲ
285 1961 403 1988 ἵσταντο.

865 985 1043 1013 sunt‘verbis.
1064 983 1227 1020 Hujusmodi
1243 985 1367 1013 homines
1389 985 1472 1012 morti
1489 989 1553 1012 sunt
1568 985 1655 1013 desti-

864 1031 932 1059 nati.
948 1030 1015 1064 Quae
1029 1038 1094 1058 vero
1116 1030 1209 1057 vidisti
1232 1037 1331 1065 pecora
1349 1038 1402 1058 non
1418 1031 1593 1064 exsultantia,
1606 1029 1657 1059 sed

865 1084 921 1104 uno
935 1076 996 1104 loco
1008 1076 1160 1109 vescentia;
1178 1076 1197 1103 ii
1209 1081 1284 1109 sunt,
1301 1076 1348 1112 qui
1363 1076 1532 1104 tradiderunt
1550 1084 1579 1104 se
1591 1077 1656 1112 qui-

865 1123 927 1150 dem
943 1122 1049 1150 deliciis
1063 1129 1096 1150 ac
1118 1121 1323 1157 voluptatibus,
1340 1121 1409 1148 nihil
1427 1129 1492 1149 vero
1507 1121 1656 1150 nefandum

865 1167 894 1195 in
902 1167 1047 1196 Dominum
1056 1168 1140 1196 locuti
1152 1173 1226 1196 sunt.
1238 1168 1271 1196 Hi
1279 1168 1361 1204 igitur
1369 1176 1423 1196 non
1434 1168 1490 1203 (72)
1498 1168 1657 1197 defecerunt

866 1215 1021 1248 averitate,
1042 1214 1159 1250 ideoque
1174 1215 1324 1250 repositam
1343 1214 1434 1242 adhuc
1457 1214 1559 1242 habent
1580 1223 1655 1251 spem

866 1262 929 1288 vitae
936 1262 963 1288 in
972 1261 1142 1295 paenitentia.
1149 1260 1270 1288 Deiectio
1281 1261 1354 1288 enim
1363 1261 1444 1288 habet
1453 1268 1527 1296 spem
1536 1260 1657 1296 aliquam

866 1306 1120 1341 redintegrationis;
1138 1313 1213 1333 mors
1234 1313 1299 1333 vero
1316 1310 1448 1341 perpetuo
1461 1310 1568 1333 tenetur
1580 1305 1661 1332 inter-

863 1351 914 1379 itu.
947 1351 1068 1379 Rursum
1082 1351 1219 1387 progressi
1231 1359 1328 1380 sumus
1343 1352 1504 1386 paululum:
1520 1356 1549 1379 et
1563 1356 1657 1379 osten-

869 1397 910 1425 dit
924 1397 992 1425 mihi
1008 1401 1146 1432 pastorem
1159 1405 1299 1432 magnum,
1314 1402 1342 1425 et
1353 1398 1428 1425 velut
1443 1402 1576 1433 agrestem
1590 1399 1658 1434 ligu-

866 1451 925 1471 ram
953 1443 1098 1471 habentem
1117 1443 1192 1478 (75),
1206 1444 1337 1471 amictum
1358 1444 1429 1479 pelle
1450 1444 1511 1471 alba
1534 1444 1659 1480 caprina,

867 1497 959 1524 peram
975 1494 1127 1525 gestantem
1142 1490 1169 1517 in
1182 1490 1308 1521 humero,
1321 1494 1349 1517 et
1362 1498 1445 1517 manu
1457 1491 1560 1526 virgam
1573 1491 1660 1519 nodo-

867 1545 925 1565 sam
936 1541 964 1564 et
973 1536 1050 1564 valde
1065 1535 1173 1569 duram,
1182 1540 1209 1563 et
1217 1535 1352 1572 ﬂagellum
1366 1536 1422 1571 (74)
1432 1536 1458 1564 in
1469 1544 1568 1568 manu;
1580 1544 1660 1572 aspe-

868 1588 942 1610 ctum
958 1588 1048 1610 autem
1061 1587 1165 1610 trucem
1177 1582 1234 1618 (75)
1247 1586 1274 1610 et
1286 1589 1388 1610 saavum
1403 1583 1533 1616 habebat,
1548 1587 1579 1611 ut
1593 1590 1658 1618 pos-

870 1635 911 1658 set
934 1634 1037 1657 terrere
1053 1629 1161 1664 aliquos
1177 1629 1234 1664 (76)
1254 1637 1260 1655 :
1284 1629 1347 1656 talis
1361 1633 1420 1656 erat
1445 1634 1572 1664 aspectus
1586 1629 1657 1665 ejus.

870 1676 919 1704 llic
929 1683 994 1711 ergo
1004 1676 1196 1711 accipiebatab
1209 1675 1256 1702 illo
1266 1675 1366 1710 juvene
1380 1679 1490 1710 pastore
1501 1683 1534 1703 ea
1549 1683 1660 1711 pecora,

869 1731 931 1759 quae
945 1723 1057 1750 delicias
1069 1722 1126 1758 (77)
1141 1722 1251 1757 quidem
1265 1722 1393 1756 agebant,
1411 1721 1458 1749 sed
1472 1729 1526 1749 non
1539 1722 1662 1750 exsulta-

870 1779 952 1812 bant;
966 1782 994 1805 et
1009 1777 1189 1813 compellebat
1200 1784 1233 1805 ea
1247 1777 1275 1804 in
1286 1777 1454 1812 praecipitem
1463 1776 1553 1805 locum
1565 1785 1662 1812 quem-

871 1827 946 1859 dam,
961 1832 994 1852 ac
1012 1824 1154 1859 spinosum
1167 1823 1332 1859 tribulisque
1339 1822 1504 1855 confertum,
1517 1830 1605 1858 usque
1612 1823 1662 1851 ad-

871 1880 904 1901 eo
916 1877 946 1900 ut
958 1873 991 1900 de
1004 1871 1091 1906 spinis
1109 1875 1137 1898 et
1155 1871 1263 1898 tribulis
1276 1878 1306 1898 se
1318 1877 1372 1897 non
1387 1873 1498 1904 possent
1512 1869 1660 1905 explicare;

872 1918 919 1947 sed
935 1917 1067 1953 implicita
1086 1917 1124 1944 ibi
1139 1917 1322 1952 pascebantur
1340 1915 1427 1951 spinis
1442 1919 1469 1943 et
1492 1915 1617 1948 tribulis;
1634 1919 1664 1943 et

871 1972 968 2001 graves
975 1963 1172 1999 (78)cruciatus
1178 1962 1390 1997 experiebantur
1397 1969 1431 1990 ex
1439 1961 1598 1990 verberibus
1604 1961 1662 1997 (79)

43 2005 92 2039 ejus
104 2014 111 2032 :
125 2008 220 2042 agebat
233 2008 309 2035 enim
321 2015 364 2039 ea,
379 2011 408 2035 et
422 2015 472 2036 nec
483 2008 653 2036 consistendi
664 2009 705 2037 eis
717 2009 808 2037 locum
821 2015 869 2037 aut
882 2014 991 2044 tempus
1005 2007 1060 2044 (80)
1076 2007 1261 2042 permittebat.

749 2065 864 2094 CAPUT
883 2065 930 2092 Ill.

74 2109 174 2138 Βλέπων
188 2109 236 2138 οὖν
253 2110 323 2137 αὐτὰ
335 2110 390 2145 ἐγὼ
406 2109 492 2142 οὕτως
510 2109 694 2146 μαστιζόμενα
709 2111 757 2138 καὶ
772 2120 822 2138 τα-

45 2153 233 2191 λαιπωροῦντα,
255 2156 411 2191 ἐλυπούμην
427 2155 470 2182 ἐπ’
487 2156 587 2187 αὐτοῖς,
604 2156 645 2182 ὅτι
656 2156 742 2188 οὕτως
757 2157 821 2183 ὲὸα-

46 2200 177 2234 τανίςοντο,
195 2203 244 2229 καὶ
257 2201 355 2237 ἀνοχὴν
368 2201 437 2233 ὅλως
452 2201 502 2228 οὒκ
519 2200 600 2236 εἶχον.
625 2202 682 2229 Καὶ
697 2201 768 2237 λέγω
783 2203 823 2238 τῷ

912 2109 981 2137 Cum
1002 2109 1123 2137 viderem
1144 2116 1210 2144 ergo
1233 2108 1273 2136 sic
1296 2115 1328 2136 ea
1346 2107 1477 2144 ﬂagellari
1491 2113 1518 2136 et
1534 2109 1664 2137 miserias

877 2155 1007 2191 experiri,
1022 2155 1148 2183 dolebam
1163 2162 1213 2190 pro
1226 2154 1277 2188 eis,
1293 2154 1359 2189 quia
1369 2154 1448 2182 valde
1458 2154 1662 2189 cruciabantur,

839 2220 862 2247 Ι)
877 2210 928 2230 nec
943 2202 999 2229 ulla
1023 2202 1133 2237 requies
1153 2201 1194 2229 eis
1205 2201 1333 2228 dabatur.
1347 2199 1414 2228 Dico
1427 2199 1461 2227 ad
1475 2204 1611 2236 pastorem
1627 2201 1662 2228 il-

44 2245 137 2282 ἀγγέλῳ
149 2247 187 2283 τῷ
205 2247 267 2283 μετ’
284 2247 351 2282 ἐμοῦ
367 2245 501 2274 λαλοῦντι·
520 2247 616 2282 Κύριε,
634 2247 676 2279 τίς
694 2248 767 2275 ἐστιν
780 2246 815 2276 οὗ

878 2250 935 2277 lum
947 2249 994 2284 qui
1010 2253 1070 2276 erat
1082 2255 1190 2276 mecum
1206 2256 1213 2274 :
1230 2246 1298 2280 Quis
1309 2251 1362 2281 est,
1373 2246 1497 2280 Domine.
1513 2247 1558 2275 hic
1570 2251 1664 2282 pastor

585 2302 702 2330 νΑΙιΙΑΞ
723 2304 916 2335 LECTIONES
932 2306 976 2334 ET
993 2305 1108 2334 NOTIE.

45 2349 110 2377 sione
119 2350 221 2378 librarii
233 2350 341 2378 incuria
352 2349 481 2376 videntur
490 2349 635 2385 excidisse.
643 2349 721 2384 Apud
730 2350 821 2385 ipsum

47 2393 150 2420 namque
163 2386 245 2422 paulo
260 2390 322 2422 post
336 2384 394 2422 inec
406 2384 535 2422 leguntur
547 2392 553 2410 :
570 2384 635 2416 Quo:
656 2393 715 2422 vero
731 2384 822 2413 vidisti

45 2419 125 2451 pecora
137 2419 187 2448 non
207 2419 385 2456 exsultantio,
398 2419 442 2446 sed
458 2427 511 2446 uno
526 2419 730 2456 locodvescentia
739 2429 748 2452 ;
762 2429 823 2456 qua

47 2462 101 2482 sane
113 2458 211 2484 omissa
225 2454 405 2491 przecedenlia
417 2459 545 2490 arguunt.
559 2454 609 2482 Cll.
624 2454 746 2482 Pastoris
762 2454 822 2484 edi-

50 2494 111 2518 tores
124 2492 147 2519 id
166 2492 272 2527 fugisse
285 2491 380 2518 miror.

48 2527 126 2587 “(65)
152 2525 250 2554 Lamb.
278 2527 377 2554 desunt
402 2525 513 2560 angelus
540 2529 568 2553 et
594 2530 692 2552 autem.
724 2526 770 2554 Sic
796 2531 824 2554 et

68 2568 137 2587 ΓῖΙὲεἷὶ.

68 2568 137 2589 Ποσει.

78 2598 126 2630 (liti)
144 2599 181 2625 Ita
196 2597 290 2625 Fellus
302 2604 334 2623 ex
350 2604 416 2624 mss.
430 2595 508 2631 Angl.
526 2596 626 2631 quibus
642 2595 716 2624 deest
735 2596 822 2624 illece-

49 2629 152 2668 brarum,
167 2634 239 2668 quod
256 2633 361 2659 addunt
374 2632 450 2668 editi.

79 2667 127 2701 (67)
143 2666 237 2695 Lamb.
250 2669 327 2695 deest
338 2666 419 2693 malo.

79 2703 127 2736 (68)
143 2704 246 2735 Graeca,
262 2703 297 2729 ad
312 2702 520 2736 corruptionem.

78 2738 126 2773 (Ψ)
142 2738 236 2766 Lamb.
250 2742 385 2773 perpetuo.

51 2803 67 2831 Γ
80 2771 129 2832 ([70)
145 2773 238 2801 Lamb.
250 2771 323 2806 sua,
341 2773 421 2799 etiam
439 2773 488 2799 hoc
511 2772 579 2800 quod
601 2780 704 2800 nomen.
730 2773 775 2801 Sic
793 2777 821 2800 et

69 2816 79 2831 ιτ
99 2815 137 2832 IIS.

69 2815 137 2835 lﬁllllS.

81 2842 129 2879 (Ill
144 2843 206 2872 Mss.
224 2844 304 2879 Angl.
322 2843 443 2871 insecuti.

82 2877 130 2912 (ἢ)
146 2879 207 2908 Mss.
222 2877 301 2915 Angl.
324 2880 399 2908 deest
413 2887 463 2906 non
477 2886 485 2905 :
500 2886 587 2914 neque
609 2878 682 2916 illud.
699 2879 822 2915 agnoscit

873 2353 939 2393 edit.
955 2353 1042 2393 an.
1058 2351 1152 2379 Graeca
1166 2360 1172 2378 :
1193 2350 1229 2378 Hi
1238 2350 1344 2386 quidem
1354 2350 1471 2384 corrupti
1482 2353 1508 2376 et
1524 2358 1541 2377 α
1553 2350 1666 2377 veritate

874 2388 975 2414 seducti
991 2392 1063 2415 sunt.

911 2423 970 2458 (75)
987 2422 1086 2458 Lamb.
1101 2421 1178 2458 deest
1193 2421 1342 2458 habentem.

911 2454 968 2492 (74)
984 2457 1081 2485 Lamb.
1096 2461 1121 2484 et
1136 2457 1297 2492 vehementer
1311 2456 1408 2492 durum
1426 2454 1573 2489 ﬂagellum.

909 2490 966 2529 (75)
984 2492 1081 2520 Lamb.
1098 2499 1229 2529 amarum.
1240 2490 1285 2518 Sic
1295 2495 1322 2517 et
1332 2490 1398 2518 edit.
1412 2492 1570 2524 Oxon.qua3
1580 2490 1663 2518 etiam

874 2526 991 2555 severum
1000 2535 1049 2555 ι)το
1063 2535 1162 2554 ειευιιηι
1184 2526 1276 2553 habet.

909 2563 966 2604 (76)
992 2559 1088 2590 Lamb.
1117 2562 1223 2588 horrere
1250 2560 1357 2595 aliquit.
1382 2560 1426 2587 Al.
1448 2559 1588 2587 eat/torrere
1611 2559 1664 2588 ali-

874 2607 968 2668 quis77)
984 2632 1081 2668 Lamb.
1098 2639 1161 2659 cum
1173 2631 1237 2658 edit.
1255 2631 1341 2668 Oxon.
1358 2630 1469 2658 deliciis.

911 2664 968 2704 (78)
987 2667 1083 2696 Lamb.
1096 2672 1275 2702 pascerentur.
1292 2665 1389 2700 Spiuus
1404 2671 1427 2693 et
1442 2664 1553 2693 tribulos
1567 2670 1592 2692 et
1605 2673 1654 2701 θνα

873 2713 965 2779 trei-79)
980 2738 1029 2779 Sic
1045 2745 1114 2766 mss.
1131 2737 1211 2773 Angl.
1229 2741 1256 2764 et
1276 2736 1368 2765 Carm.
1382 2736 1428 2764 Sic
1442 2741 1469 2764 et
1489 2736 1554 2765 edit.
1574 2736 1653 2765 Oxon

873 2774 1029 2845 “(8131):;-
1037 2808 1129 2838 Fellus
1155 2815 1188 2836 ex
1204 2815 1270 2836 mss.
1288 2806 1364 2836 Bodl.
1386 2812 1412 2836 et
1427 2807 1523 2836 Lamb.
1538 2807 1582 2836 Al.
1603 2797 1665 2835 ante

876 2851 975 2879 tempus
980 2865 987 2873 .
