1920 3104
38 127 80 155 969
572 121 718 149 PAS'I‘OR.
739 119 845 148 -—LIB.
867 119 911 148 ΙΙΙ.
930 120 1030 148 SIMIL.
1054 119 1109 147 VII.
1582 117 1636 145 970

790 180 860 208 PU'I'
880 179 910 208 γ.

790 180 811 207 Ρ
838 180 860 207 'l‘
880 180 910 208 V.

65 234 116 261 Dixi
129 233 151 260 ei
167 241 175 260 :
192 232 315 264 Domine,
329 229 462 267 quoniam
477 235 531 256 non
549 228 671 263 intelligo
686 180 850 261 οωηῗιθὲ)
865 231 988 261 tempora
1011 226 1069 254 haec
1083 225 1233 254 dulcedinis
1244 224 1390 259 voluptatis
1407 232 1439 252 ac
1452 232 1552 259 paena,
1569 223 1639 252 luci-

35 281 87 308 dius
99 279 160 307 mihi
175 279 208 307 de
222 279 265 306 his
279 284 395 313 expone.
412 274 562 310 Respondit
581 274 659 307 mihi,
671 273 766 301 dicens
781 281 788 300 :
805 272 964 308 lnsipientia
979 271 1035 307 (96)
1050 277 1095 300 tua
1117 272 1166 299 tibi
1183 277 1389 307 perseveranter
1405 272 1529 301 inhaeret.
1545 272 1640 302 Nonne

35 327 69 353 vis
80 324 161 360 potius
176 328 293 352 mentem
309 327 382 350 tuam
396 321 552 357 purilicare,
561 323 588 346 et
600 318 655 346 Deo
668 318 789 346 servire?
803 315 881 350 Vide,
891 325 927 346 ne
940 317 1012 345 forte
1023 317 1079 353 (97)
1087 322 1207 353 tempore
1220 322 1326 351 exacto,
1340 323 1366 345 tu
1380 318 1509 354 insipiens
1521 320 1640 355 reperia-

37 372 77 399 ris.
89 369 152 397 Audi
168 377 252 401 nunc,
259 366 490 403 quemadmodum
503 365 556 398 vis,
571 372 626 399 quo
644 363 752 392 facilius
762 364 909 399 intelligas.

64 417 110 452 (98)
129 416 156 444 '0
172 415 283 451 τρυφῶν
303 414 350 441 καὶ
368 411 558 447 ἀπατώμενος,
572 410 620 437 καὶ
640 410 770 445 πράσσων
785 408 796 436 5

890 409 943 442 Qui
960 417 1015 437 uno
1025 408 1068 436 die
1078 409 1247 437 commiserit
1258 417 1287 438 se
1301 407 1497 445 voluptatibus,
1508 419 1535 440 et
1546 412 1641 441 fecerit

37 462 158 498 βούλεται,
185 460 285 496 πολλὴν
309 458 464 496 ἀφροσύνην
490 457 641 485 ὲνδέδυται·
665 455 726 483 ἀντὶ
749 454 796 491 γὰρ

860 454 985 490 quidquid
1012 455 1113 490 appetit
1138 455 1246 483 animus
1272 455 1352 491 ejus,
1378 457 1494 492 plurima
1521 459 1640 494 repletur

36 509 74 543 τῆς
90 508 187 544 τρυφῆς
206 507 254 534 καὶ
275 507 382 541 ἀπάτης
402 504 521 539 ἑκάστης
543 501 660 539 ἡμέρας,
679 500 796 528 ἀποτίσει

860 501 978 534 stultitia,
994 508 1044 528 nec
1059 500 1185 536 intelligit
1195 500 1260 536 quid
1273 502 1411 536 admittat;
1427 511 1458 531 ac
1470 504 1514 532 die
1529 510 1639 540 postero

36 555 133 589 βάσανον
144 553 274 590 μεγάλην,
290 551 410 579 ἐνιαυτὸν
424 552 458 586 τῇ
470 549 572 586 ἡμέρᾳ.

860 547 1034 580 )bliviscitur,
1053 546 1118 582 quid
1137 546 1231 575 fecerit
1245 547 1301 583 (99)
1319 549 1422 584 pridie;
1436 550 1552 579 dulcedo
1566 552 1639 580 enim

35 607 56 630 et
66 602 176 637 voluptas
188 601 326 629 mundana
339 598 413 634 (100)
430 597 531 626 nullam
554 595 715 623 memoriam
729 594 842 628 habent,
861 601 971 630 propter
986 595 1129 623 stultitiam
1153 602 1215 630 qua:
1238 595 1319 624 insita
1336 602 1379 626 est
1400 598 1465 626 illis.
1484 598 1553 627 Cum
1575 607 1640 629 vero

35 648 124 676 unodie
136 647 280 676 accesserit
295 645 398 675 homini
421 645 561 672 cruciatus
583 651 616 671 ac
643 650 736 678 poena,
761 646 818 670 toto
842 649 915 670 anno
930 646 1089 677 torquetur;
1108 651 1235 679 magnam
1251 644 1324 672 enim
1343 647 1504 674 memoriam
1519 648 1641 682 possidet

34 701 108 728 prcus.
122 693 188 722 Toto
202 692 286 728 igitur
300 700 374 722 anno
391 693 488 722 dolens
509 692 656 725 meminit;
678 695 703 719 et
729 697 796 720 tunc
818 690 978 719 recordatur
988 690 1143 719 dulcedinis
1167 692 1240 720 illius
1253 700 1330 721 vanae
1341 694 1380 729 (l)
1395 703 1428 722 ac
1444 695 1601 731 voluptatis,
1613 705 1641 726 et

34 740 101 768 sentit
114 743 251 775 propterea
264 747 400 775 sepoenas
414 740 480 776 pati.
498 740 661 776 Quicunque
690 739 774 776 Igitur
799 747 830 768 se
852 739 988 768 dulcedini
1006 744 1033 767 et
1048 740 1180 775 voluptati
1203 740 1250 768 tali
1272 741 1442 777 tradiderint,
1461 743 1501 772 sic
1517 745 1639 780 puniun-

35 791 71 814 tur
84 786 135 821 (2);
150 787 281 822 quoniam
297 787 381 814 vitam
396 788 540 822 habentes,
554 788 606 823 ipsi
624 796 654 816 se
667 788 784 815 reddunt
797 787 930 815 obnoxios
948 787 1039 816 morti.

60 833 107 860 Καὶ
120 834 187 868 λέγω
202 834 242 870 τῷ
258 834 381 870 ἀγγέλῳο
399 835 477 862 Ποϊαι
501 835 603 871 τρυφαι
628 835 680 862 εἰσι
702 833 799 870 βλασι-

34 879 152 914 ραί;λέγε
171 889 225 916 μοι.
251 880 329 907 Πᾶσα
346 881 445 917 πρᾶξις
467 881 585 918 σαρκικὴ
600 881 688 917 τρυφή
714 881 798 912 ἐστιν,

33 924 70 951 νῦν
87 926 121 961 (3)
139 926 225 962 ἡδέως
248 927 322 953 ποιεῖ
346 927 440 962 αὑτήν.
458 926 505 963 ['0
525 926 591 963 γὰρ]
616 926 741 962 ὀξύχολος
761 926 801 961 τῷ

32 972 110 999 tam?)
124 973 200 1000 πάθει
218 972 250 999 τὸ
267 973 358 1000 ἱκανὸν
373 973 459 1000 ποιῶν
481 974 588 1009 τρυφᾷ·
607 973 709 1008 ὁμοίως
725 972 772 999 καὶ
787 973 802 999 6

32 1019 117 1055 μοιχὸς,
128 1019 172 1046 καὶ
183 1020 197 1045 6
211 1019 336 1055 μέθυσος,
359 1020 406 1047 καὶ
428 1020 443 1046 6
467 1019 629 1051 κατάλαλος,
643 1019 691 1046 καὶ
705 1018 720 1045 6
734 1017 802 1053 ψεύ-

32 1073 94 1099 στης,
105 1065 150 1092 καὶ
162 1065 176 1092 6
189 1064 365 1100 πλεονέκτης,
384 1065 431 1092 κα).
445 1066 459 1092 6
475 1064 673 1101 ἀποστερητὴς,
690 1064 737 1092 καὶ
752 1064 802 1091 ὅσα

31 1110 138 1137 τοιαῦτα·
159 1110 283 1147 τρυφῶσι
303 1111 358 1148 γὰρ
376 1112 405 1138 ὲν
416 1112 449 1148 τῇ
471 1110 562 1138 αὐτῶν
587 1110 694 1146 πράξει.
717 1107 802 1138 Αὖται

30 1156 52 1183 δὲ
67 1157 91 1184 αι
112 1157 220 1193 πράξεις
238 1156 367 1194 βλαϐεραί
385 1157 438 1184 εισι
459 1159 516 1189 τοῖς
535 1156 638 1188 δούλοις
654 1155 702 1183 τοῦ
720 1155 799 1183 Θεοῦ.

30 1202 79 1230 Εἰσὶ
92 1202 118 1230 δὲ
132 1203 176 1230 καὶ
188 1203 292 1239 τρυφαὶ
300 1203 434 1235 σώζουσαι
447 1204 510 1235 τοὺς
521 1201 690 1238 ἀνθρώπως.
706 1201 802 1228 Πολλοὶ

30 1249 74 1284 γὰρ
86 1249 166 1283 ἀγαθὰ
179 1248 357 1286 ἐργαζόμενοι
373 1249 520 1286 τρυφῶσιν.
536 1249 610 1284 Αὕτη
620 1245 666 1275 οὖν
678 1249 695 1283 ἡ
709 1248 798 1283 τρυφὴ

30 1297 75 1327 τοῖς
96 1295 192 1328 δούλοις
215 1295 265 1322 τοῦ
292 1295 360 1322 Θεοῦ
384 1296 565 1330 περιποιεῖται
593 1293 683 1331 ζωήν·
712 1295 740 1321 αἱ
768 1295 797 1322 δὲ

890 833 950 862 Dixi
978 836 1024 862 ei:
1041 835 1107 868 Quae
1129 840 1205 868 sunt,
1227 836 1345 869 domine,
1360 837 1511 873 voluptates
1534 841 1640 869 noxiae?

851 880 942 914 Omni,
971 881 1069 917 inquit,
1101 881 1205 909 homini
1228 882 1352 917 voluptas
1385 888 1426 911 est
1455 886 1639 922 quodcunque

850 925 967 955 libenter
981 927 1055 956 facit.
1075 926 1181 956 Etenim
1196 928 1344 957 iracundus
1361 930 1534 960 satisfaciens
1553 935 1636 962 mori-

852 973 904 1001 bus
918 974 976 1001 suis
1001 974 1115 1009 percipit
1134 974 1299 1009 voluptatem
1324 983 1420 1009 suam;
1443 982 1470 1004 et
1480 978 1597 1011 adulter,
1610 985 1638 1007 et

851 1018 975 1047 ebriosus
988 1019 1038 1056 (4),
1052 1024 1079 1048 et
1089 1019 1236 1054 detractor,
1249 1025 1274 1048 et
1290 1022 1405 1049 mendax
1421 1027 1448 1050 et
1469 1025 1594 1059 cupidus,
1610 1030 1639 1054 et

851 1064 1003 1099 fraudator,
1017 1070 1044 1093 et
1058 1066 1215 1101 quicunque
1235 1067 1270 1095 iis
1288 1068 1378 1096 simile
1392 1069 1493 1104 aliquid
1507 1071 1636 1106 admittit,

852 1111 949 1138 morbo
962 1119 1012 1139 suo
1022 1119 1133 1146 parens,
1145 1112 1259 1147 percipit
1269 1121 1302 1140 ex
1316 1121 1347 1141 ea
1360 1121 1389 1142 re
1401 1115 1578 1151 voluptatem.
1590 1117 1637 1146 lla;

851 1162 948 1184 omnes
963 1156 1120 1185 dulcedines
1138 1164 1171 1185 ac
1182 1158 1334 1193 voluptates
1358 1159 1447 1188 noxiae
1467 1165 1532 1190 sunt
1549 1165 1637 1192 servis

852 1200 909 1229 Dei.
933 1201 1049 1237 Propter
1069 1204 1120 1231 has
1145 1204 1238 1239 itaque
1261 1205 1420 1233 cruciantur
1443 1211 1472 1235 et
1496 1209 1637 1244 patiuntur

851 1254 956 1282 pinnas.
983 1247 1054 1275 Sunt
1072 1249 1154 1276 etiam
1171 1249 1335 1285 voluptates,
1350 1252 1465 1280 salutem
1479 1252 1637 1284 hominibus

850 1293 1003 1322 afferentes.
1037 1293 1114 1321 Multi
1137 1295 1211 1322 enim
1238 1301 1319 1330 opera
1347 1295 1475 1325 bonitatis
1495 1297 1636 1332 facientes,

31 1339 203 1376 προειρημέναι
219 1340 322 1376 τρυφαὶ
335 1339 458 1375 βάσανον.

860 1339 1004 1375 tercipiunt
1023 1340 1199 1375 voluptatem,
1220 1340 1363 1369 dulcedine
1386 1349 1437 1370 sua
1457 1344 1546 1371 tracti.
1575 1345 1638 1373 llaec

30 1391 83 1418 ergo
95 1385 212 1420 voluptas
230 1385 306 1413 utilis
322 1389 364 1413 est
379 1385 466 1413 servis
481 1384 539 1418 Dei,
553 1390 581 1413 et
598 1385 682 1412 vitam
697 1390 775 1420 parat
791 1386 949 1421 huiusmodi
960 1386 1129 1414 hominibus.
1144 1386 1199 1414 illa:
1209 1394 1274 1414 vero
1289 1387 1377 1415 noxiae
1389 1396 1451 1423 qua:
1463 1397 1544 1425 supra
1559 1392 1638 1419 dicta:

31 1435 91 1464 sunt,
102 1435 230 1458 tormenta
245 1435 274 1459 et
291 1438 387 1466 poenas
403 1430 524 1465 pariunt.
539 1430 702 1466 Quicunque
717 1438 783 1459 vero
798 1431 1000 1467 permanserint
1017 1432 1046 1460 in
1067 1433 1131 1466 illis,
1144 1440 1194 1460 nec
1214 1433 1396 1461 admissorum
1409 1442 1521 1464 suorum
1534 1439 1638 1473 egerint

31 1474 211 1508 penitentiam,
226 1480 344 1503 mortem
363 1475 416 1503 sibi
430 1475 584 1510 acquirent.

677 1522 915 1553 SIMILITUDO
931 1521 1002 1552 VII.

337 1570 564 1603 Panitentibua
585 1573 748 1612 faciendos
774 1582 837 1604 esse
854 1574 1045 1614 paenitentia
1061 1573 1174 1613 dignos
1191 1575 1329 1614 fructus.

694 1638 810 1667 CAPUT
835 1637 981 1667 UNICUM.

58 1682 112 1712 Post
121 1683 176 1712 dies
193 1691 298 1720 paucos
312 1684 390 1712 video
407 1685 484 1713 illum
500 1686 528 1714 in
542 1694 575 1714 eo
588 1694 696 1722 campo,
713 1687 741 1714 in
760 1694 817 1722 quo
838 1692 961 1722 pastores
986 1685 1047 1713 illos
1069 1690 1132 1713 ante
1148 1685 1268 1713 videram
1287 1686 1338 1721 (5).
1353 1686 1387 1714 Et
1406 1688 1445 1716 ait
1463 1688 1530 1717 mihi
1544 1698 1552 1718 :
1564 1689 1636 1725 Quid

31 1731 233 1767 inquiris?Veni,
248 1732 372 1768 inquam,
387 1739 486 1767 rogare
501 1736 537 1767 te,
555 1733 675 1765 domine,
691 1737 722 1760 ut
737 1737 876 1768 pastorem
891 1732 970 1760 illum
988 1731 1164 1767 praepositum
1190 1739 1278 1767 poenae
1298 1732 1397 1768 jubeas
1416 1733 1450 1762 de
1470 1743 1530 1763 mea
1552 1737 1637 1765 domo

30 1779 99 1813 exire,
112 1780 173 1816 quia
186 1780 364 1808 vehementer
379 1788 423 1808 me
439 1780 544 1816 aliiigit.
561 1780 595 1808 Et
618 1781 787 1816 respondens
802 1791 808 1808 :
826 1780 943 1809 Necesse
960 1785 1012 1814 est,
1036 1780 1134 1816 inquit,
1150 1780 1264 1816 patiaris
1285 1779 1457 1808 incommoda
1473 1786 1500 1809 et
1513 1783 1635 1810 vexatio-

30 1834 69 1855 nes
81 1828 130 1863 (6);
146 1828 185 1856 sic
198 1828 273 1856 enim
288 1825 417 1862 praecepit
436 1824 470 1853 de
485 1829 511 1852 te
530 1825 575 1853 ille
596 1825 711 1853 nuntius
732 1825 821 1854 bonus
841 1825 898 1861 (7):
916 1826 979 1861 quia
1005 1829 1111 1854 tentare
1133 1830 1158 1853 te
1178 1825 1246 1853 vult.
1272 1823 1362 1858 Quod,
1377 1824 1498 1860 inquam,
1513 1827 1634 1857 domine.

30 1879 74 1903 tam
88 1883 161 1911 grave
177 1881 321 1911 peccatum
339 1873 448 1906 admisi,
461 1877 492 1900 ut
515 1872 579 1900 huic
591 1872 687 1900 nuntio
698 1872 838 1900 traderer?
851 1872 979 1905 Adverte,
1001 1873 1101 1907 inquit.
1116 1871 1263 1906 Complura
1278 1871 1386 1906 quidem
1403 1871 1488 1900 habes
1504 1879 1612 1907 peccata
1626 1883 1634 1908 ;

30 1922 67 1949 sed
80 1930 127 1950 non
137 1927 190 1951 tam
201 1923 299 1955 multa,
314 1925 345 1949 ut
360 1921 424 1948 huic
439 1919 536 1947 nuntio
551 1919 651 1947 debeas
674 1919 744 1948 tradi
760 1920 815 1955 (8);
832 1920 880 1948 sed
898 1920 983 1947 multa
997 1920 1097 1948 delicta
1117 1924 1145 1947 et
1169 1919 1274 1948 scelera
1289 1919 1387 1946 domus
1410 1924 1456 1947 tua
1476 1921 1633 1956 commisit,

30 1969 126 2006 ideoque
136 1970 213 2000 factis
222 1977 319 1998 eorum
331 1969 376 1996 ille
387 1968 475 1996 bonus
490 1967 604 1996 nuntius
617 1968 828 2001 exarcerbatus,
844 1967 928 2003 jussit
944 1971 970 1995 te
980 1967 1150 2002 aliquantum
1165 1966 1296 2002 temporis
1311 1965 1482 1992 vexationem
1497 1967 1634 2001 experiri;

31 2019 88 2044 utet
100 2018 135 2044 illi
150 2017 334 2045 admissorum
350 2022 463 2043 suorum
476 2018 558 2050 agant
570 2013 769 2048 paenitentiam,
789 2018 817 2041 et
835 2014 948 2042 abluant
969 2021 1000 2042 se
1020 2013 1055 2041 ab
1078 2013 1153 2040 omni
1165 2012 1313 2048 cupiditate
1329 2011 1412 2046 hujus
1435 2011 1538 2040 saeculi.
1564 2011 1635 2041 Cum

32 2062 107 2097 itaque
120 2064 221 2098 egerint
233 2061 423 2098 penitentiam
438 2065 465 2088 et
482 2059 619 2095 purificati
637 2059 749 2093 fuerint,
762 2064 827 2087 tunc
844 2059 965 2088 discedet
980 2067 995 2087 a
1011 2063 1039 2087 te
1053 2060 1165 2088 nuntius
1180 2059 1225 2086 ille
1243 2059 1290 2094 qui
1304 2058 1466 2094 praepositus
1477 2064 1520 2087 est
1535 2067 1633 2095 poma.

32 2105 84 2135 Dico
96 2108 118 2135 ei
131 2116 137 2134 :
152 2108 277 2140 Domine,
289 2107 313 2135 si
327 2107 364 2134 ita
378 2107 417 2134 illi
432 2114 462 2134 se
476 2109 629 2142 gesserunt,
646 2109 676 2132 ut
699 2105 886 2140 exasperarint
909 2106 1035 2133 nuntium
1058 2105 1179 2139 bonum;
1195 2113 1245 2141 ego
1266 2104 1331 2140 quid
1347 2104 1416 2132 feci?
1435 2104 1614 2140 Respondeas
1625 2113 1634 2131 ε

31 2151 110 2186 Aliter,
124 2153 219 2189 inquit,
236 2161 292 2181 non
309 2157 424 2188 possunt
443 2151 480 2179 illi
496 2150 667 2178 vexationem
684 2150 750 2184 pati,
767 2151 821 2178 nisi
844 2154 872 2178 tu
891 2151 939 2186 qui
958 2155 1040 2185 caput
1064 2158 1094 2178 es
1118 2150 1203 2178 totius
1224 2150 1332 2184 domus,
1357 2151 1473 2179 labores.
1497 2151 1634 2188 Quidquid

30 2199 89 2225 enim
99 2203 125 2226 tu
139 2206 234 2234 passus
251 2199 345 2233 fueris,
360 2208 472 2228 necesse
484 2204 525 2227 est
540 2203 569 2226 ut
583 2203 611 2226 et
627 2198 665 2225 illi
679 2198 818 2232 sentiant;
836 2198 958 2234 quandiu
977 2206 1041 2226 vero
1061 2203 1090 2226 tu
1112 2199 1181 2226 bene
1201 2197 1339 2226 stabilitus
1362 2198 1458 2232 fueris,
1475 2199 1513 2227 illi
1532 2201 1634 2229 nullam

32 2243 180 2272 vexationem
194 2249 312 2280 possunt
326 2245 455 2280 experiri.
468 2243 501 2271 Et
522 2243 578 2270 dixi
594 2252 601 2270 :
619 2242 672 2270 Sed
687 2250 752 2270 ecce
772 2243 829 2277 jam
849 2251 933 2276 nunc,
954 2242 1075 2276 domine,
1090 2247 1175 2278 agunt
1197 2243 1382 2278 pmnitentiam
1394 2244 1457 2272 totis
1477 2247 1634 2280 praecordiis

32 2291 91 2320 suis.
103 2292 133 2321 Et
144 2301 193 2328 ego
207 2293 277 2326 scio,
293 2293 392 2328 inquit,
404 2293 470 2321 totis
483 2292 641 2328 praecmdiis
656 2299 704 2320 eos
723 2299 803 2328 agere
816 2293 1015 2328 paenitentiam.
1037 2291 1165 2327 Nunquid
1178 2300 1253 2327 ergo,
1272 2293 1321 2327 ait,
1335 2294 1459 2329 protinus
1473 2300 1553 2330 putas
1567 2296 1634 2324 alto-

30 2338 71 2366 leri
89 2340 181 2369 delicn
197 2349 296 2369 eorum
307 2341 355 2376 qui
373 2345 458 2378 agunt
469 2339 676 2376 pmnitentiam?
689 2338 748 2366 Non
762 2339 876 2373 proinde
895 2339 1042 2371 continuo;
1058 2338 1105 2366 sed
1117 2343 1224 2374 oportet
1233 2345 1296 2366 eum
1308 2339 1355 2374 qui
1372 2340 1428 2375 agit
1444 2341 1633 2376 pcenitentiam

552 2387 672 2416 VARIE
692 2386 885 2415 LECTIONES
903 2387 947 2415 ET
965 2386 1086 2414 NOTJE.

59 2433 108 2469 (95)
119 2433 211 2463 Lamb.
230 2435 317 2468 deest,
338 2435 437 2463 omnia.
452 2434 514 2462 Mox
537 2432 628 2461 Feilus
641 2441 648 2459 :
664 2434 691 2459 d.
706 2440 737 2459 ac
752 2440 795 2459 υο-
885 2433 925 2467 (5)
940 2432 978 2460 ita
993 2431 1086 2469 Graeca
1102 2431 1174 2469 edita
1191 2439 1206 2459 a
1224 2431 1259 2460 cl.
1273 2431 1633 2469 Hontfaucono.»thbricius

33 2467 181 2507 lupinum,
200 2505 204 2507 ἓ
253 2506 259 2507 7
311 2467 314 2468 ⁷
343 2505 349 2507 _
364 2506 369 2507 γ
386 2505 392 2507 _
444 2503 464 2507 _
553 2503 559 2507 ρ
732 2502 738 2507 _
848 2473 939 2507 tamen
953 2474 1003 2503 pro
1015 2467 1063 2494 νῦν
1079 2467 1209 2507 legite“.
1226 2468 1307 2507 veteri
1326 2467 1466 2506 interpreti
1476 2467 1631 2507 ξιιιιυςοιιιμ.

61 2505 109 2541 (ῼὲ)
118 2505 179 2533 Mss.
191 2505 272 2541 Angi.
294 2505 420 2541 stultitia.
444 2503 579 2541 Etupaulo
595 2507 666 2539 post,
683 2502 793 2530 stultus.

61 2539 110 2576 (9?)
124 2541 215 2568 Lamb.
229 2539 344 2576 quando.
361 2540 407 2568 Sic
417 2544 443 2567 et
457 2539 524 2576 edit.
539 2539 626 2576 Oxon.

63 2574 110 2611 ωε)
121 2575 182 2604 Post
194 2573 275 2603 verba
289 2575 405 2611 βασάνου
423 2574 515 2606 πολύς,
532 2573 795 2611 mmlo_relata,_h:ec

34 2610 110 2647 statim
121 2611 205 2639 subdit
222 2608 516 2647 pseudo-Athanasius,
528 2608 669 2647 paululum
680 2608 794 2647 variata:

34 2645 123 2674 ca-teris
135 2643 240 2674 interim
258 2646 379 2673 omissis.
397 2645 442 2672 Sic
459 2649 487 2672 et
510 2643 575 2671 mox
589 2643 671 2675 infra,
685 2647 746 2678 post
761 2643 795 2678 τῇ

34 2678 259 2716 ἡμέρᾳηεοιιιίηιιο
274 2680 398 2716 sequitur
411 2689 418 2707 :
435 2680 489 2707 Καὶ
504 2679 576 2714 λέγω
588 2678 627 2714 τῷ
640 2677 759 2712 ἀγγέλῳ,

122 2715 212 2744 Lamb.
226 2714 316 2751 fuerit.

74 2749 126 2788 loli)
138 2751 181 2779 Sic
193 2748 283 2788 Feilus
299 2752 326 2778 in
339 2751 403 2779 edit.
418 2750 507 2778 Oxon.
523 2758 558 2778 ex
574 2757 641 2778 mss.
659 2748 738 2784 Angl.
752 2748 795 2775 Al.

35 2786 146 2814 omittunt
157 2786 298 2813 mundana.

64 2819 96 2857 (ﬂ)
111 2820 173 2857 μεθ.
187 2822 266 2857 Angl.
279 2822 364 2854 deest,
380 2829 462 2849 canar.

63 2854 97 2890 (2)
111 2855 198 2884 Lamb.
210 2854 358 2891 patiuntur.

173 2904 308 2934 Pniwt.
329 2904 387 2934 Gn.
407 2903 445 2933 ll.

845 2500 968 2531 Clericus
991 2508 1081 2530 autem
1101 2500 1192 2530 omisit
1210 2501 1268 2534 νῦν,
1289 2509 1339 2529 nec
1360 2500 1462 2536 recepit
1474 2502 1524 2529 au.
1541 2500 1586 2530 Sic
1606 2509 1634 2530 et

846 2539 990 2566 Russelius
1003 2538 1091 2573 ipsum
1106 2543 1227 2573 secutus.

882 2574 922 2609 (4)
936 2571 1032 2601 Lamb.
1053 2573 1151 2600 ebrius.
1172 2572 1204 2600 Et
1226 2580 1289 2600 mox
1314 2580 1375 2600 cum
1395 2571 1471 2600 Bodl.
1487 2573 1634 2601 infamatur

846 2616 896 2644 pro
909 2609 1054 2644 detractor.

882 2644 922 2678 (5)
936 2643 1030 2671 Lamb.
1044 2648 1178 2678 pastorem,
1189 2642 1265 2669 illum
1282 2643 1409 2669 viderant.
1429 2641 1519 2670 Editio
1540 2647 1631 2669 autem

848 2678 915 2708 Felli
929 2679 1018 2707 Oxon.
1034 2678 1135 2705 omittit
1148 2677 1219 2704 illos.

896 2714 922 2748 6)
938 2714 1034 2742 Lamb.
1044 2718 1079 2749 ,αι
1092 2713 1259 2749 incommoda
1269 2717 1294 2749 et
1304 2712 1456 2749 paratione:
1468 2713 1534 2739 sint.

898 2750 925 2777 7i
938 2749 1015 2777 Bodl.
1027 2747 1160 2775 honestus.
1175 2747 1221 2775 Sic
1231 2752 1259 2775 et
1271 2747 1353 2776 infra.

898 2751 925 2819 7;
938 2751 1015 2777 Bodl.
1027 2751 1160 2775 honestus.
1175 2751 1221 2775 Sic
1231 2752 1259 2775 et
1272 2751 1353 2789 infra:
1399 2782 1404 2788 _
1532 2783 1537 2788 _
1607 2783 1612 2788 ι

896 2784 912 2812 8
938 2784 1032 2812 Lamb.
1045 2784 1154 2816 desunt,
1165 2783 1263 2819 sedrad
1277 2783 1358 2811 tradi.
1373 2781 1506 2811 Videntur
1520 2782 1635 2812 librario

849 2818 984 2849 excidisse
998 2819 1033 2848 ob
1046 2826 1163 2855 sequens
1177 2818 1232 2846 sed.

1439 2897 1476 2927 3t
