1920 3104
261 83 310 112 1111
977 86 1007 114 S.
1029 85 1163 114 HERME
1845 91 1893 119 9'12

261 143 382 178 attingere
399 143 438 178 (9)
451 144 571 171 animam
589 150 678 175 suam,
696 146 723 170 et
740 143 870 171 humilem
889 151 982 171 animo
999 152 1029 172 se
1046 149 1178 180 praestare
1194 145 1252 180 (10)
1274 145 1302 172 in
1327 146 1403 173 omni
1428 146 1546 182 negotio,
1563 151 1592 175 et
1611 148 1780 178 vexationa
1798 151 1893 180 multas

261 190 406 225 variasque
423 190 480 225 (11)
496 189 636 225 perferre;
662 198 780 227 cumque
796 199 946 227 perpessus
968 191 1052 220 fuerit
1075 193 1167 220 omnia
1183 201 1245 228 qua:
1266 193 1305 221 illi
1331 193 1455 222 instituta
1479 194 1580 225 fuerint
1596 197 1674 233 (12),
1698 203 1768 226 tunc
1783 198 1892 228 forsitan

260 237 308 273 qui
320 244 384 264 eum
401 238 505 265 creavit
520 243 548 265 et
563 238 609 273 qui
623 238 750 267 formavit
761 240 888 268 universa
906 240 974 275 (15),
992 241 1213 269 commovebitur
1228 249 1293 276 erga
1314 249 1377 269 eum
1397 242 1541 271 clementia
1553 251 1614 277 sua,
1631 249 1659 272 et
1675 245 1791 280 aliquod
1809 255 1892 276 reme-

260 286 336 314 dium
353 285 448 318 dabit;
463 285 544 321 idque
556 286 604 319 ita,
618 287 640 314 si
658 286 757 314 viderit
767 287 827 322 ejus
844 288 891 322 qui
908 288 1096 323 paenitentiam
1119 289 1185 324 agit,
1210 296 1258 316 cor
1280 296 1379 324 purum
1396 298 1457 318 esse
1473 291 1507 319 ab
1523 292 1598 320 omni
1612 300 1698 328 opere
1710 295 1891 330 nequissimo.

259 333 320 362 Tibi
332 339 422 362 autem
433 338 461 362 et
476 333 569 361 domui
586 339 639 361 tute
651 336 742 362 vexari
759 343 832 363 nunc
848 336 967 371 expedit,
984 340 1012 364 et
1028 336 1142 364 multam
1159 337 1328 365 vexationem
1351 339 1406 373 pati
1423 346 1535 367 necesse
1551 344 1594 368 est
1610 341 1667 376 (14)
1681 350 1689 374 ;
1707 342 1782 370 sicut
1795 351 1892 378 pracc-

258 383 300 419 pit
311 383 425 411 nuntius
441 382 551 410 Domini
568 382 615 418 qui
638 386 664 408 te
683 381 751 408 mihi
769 381 892 409 tradidit.
916 381 988 414 Quin
1010 382 1102 417 potius
1126 383 1228 418 gratias
1250 391 1316 419 agas
1343 383 1475 418 Domino;
1489 387 1563 421 quod
1579 389 1712 422 praescius
1730 391 1819 418 futuri
1838 391 1891 426 (15)

259 429 371 466 dignum
389 435 416 458 te
427 431 532 464 habuit,
550 431 594 458 cui
611 429 771 465 praediceret
797 429 1000 457 tribulationem
1025 430 1129 458 instare
1154 431 1308 459 valentibus
1329 440 1390 460 eam
1418 433 1564 461 sustinere.
1582 433 1650 462 Dico
1670 436 1696 462 ei
1711 445 1720 463 :
1737 436 1774 464 Et
1790 442 1832 471 tu,
1848 438 1893 466 do-

258 478 344 510 mine,
358 484 466 504 mecum
481 481 558 510 esto;
572 481 599 504 et
615 475 697 504 facile
711 485 820 505 omnem
834 478 1007 505 vexationem
1025 478 1179 506 sustinebo.
1200 477 1267 514 Ego,
1287 479 1385 514 inquit,
1398 487 1446 507 ero
1462 485 1553 508 tecum
1566 490 1574 507 :
1588 481 1636 509 sed
1649 486 1678 509 et
1694 483 1803 517 rogabo
1823 492 1892 511 nun-

257 524 326 552 tium
344 524 420 552 illum
437 524 484 560 qui
501 525 664 560 praepositus
680 527 724 552 est
741 532 839 560 preme,
861 529 890 552 ut
912 525 999 553 levius
1020 530 1046 553 te
1063 525 1186 561 adligat;
1214 526 1262 554 sed
1278 531 1305 554 et
1320 527 1419 562 exiguo
1431 533 1553 563 tempore
1573 528 1686 563 patieris
1702 529 1834 560 adversa.
1848 530 1893 558 ite-

257 580 374 608 rumque
390 578 438 599 tuo
461 572 522 600 loco
542 572 714 605 restitueris;
736 572 928 601 tantummodo
945 574 973 600 in
988 573 1142 601 humilitate
1154 581 1309 608 persevera.
1323 573 1393 603 Pare
1409 574 1525 603 Domino
1538 580 1628 604 mente
1639 584 1721 612 pura,
1738 577 1893 613 domusque

258 629 305 651 tua
321 630 354 650 ac
371 623 426 649 nati
440 621 514 655 (16);
538 625 566 648 et
581 622 610 648 in
628 622 766 650 mandatis
788 623 848 658 ejus
865 622 986 655 ambula,
1003 630 1065 658 qua:
1081 622 1209 658 praecepit
1228 622 1284 658 (17)
1303 623 1350 651 tibi
1364 632 1372 651 :
1388 627 1416 651 et
1431 623 1590 660 paenitentia
1608 624 1709 658 poterit
1728 632 1796 652 esse
1819 625 1894 652 firma

257 674 339 704 atque
355 676 433 704 pura.
451 667 485 694 Et
502 667 524 695 si
538 667 596 694 haec
612 667 776 694 custodieris
788 675 849 694 cum
866 667 949 694 domo
967 671 1024 700 tua,
1038 667 1214 694 incommoda
1226 674 1241 694 a
1259 671 1285 694 te
1305 668 1452 696 recedent:
1467 667 1515 696 sed
1529 671 1558 695 et
1574 667 1610 695 ab
1626 668 1760 697 omnibus
1780 669 1893 704 quicum

257 723 310 752 que
327 715 354 742 in
371 714 416 742 his
432 713 567 742 mandatis
585 713 784 740 ambulaverint
801 712 891 740 omnis
904 712 1011 740 vexatio
1033 713 1153 740 recedet.

910 769 1147 801 SIMILITUDO
1160 769 1244 800 VIII.

256 827 450 863 Electorum,
468 830 496 856 et
509 823 732 865 poeniteittium
744 825 947 861 peccatorum
965 820 1064 850 multa
1081 825 1155 851 sunt
1170 828 1285 865 genera
1296 830 1316 865 :7
1340 829 1444 865 omnes
1468 825 1582 865 autem,
1609 831 1672 863 pro
1695 823 1891 862 paenitentia

592 868 620 893 et
640 859 792 892 bonorum
807 869 939 898 operum
953 867 1083 890 suorum
1107 859 1210 896 modo,
1225 859 1382 890 habebunt
1395 860 1574 893 mercedem.

928 913 1044 943 CAPUT
1061 913 1208 943 PRIMUM.

289 968 414 998 Ostendit
426 967 492 995 mihi
507 966 617 995 salieem
636 970 770 1001 tegentem
784 971 896 999 campos
909 970 941 990 ac
954 967 1072 996 montes,
1085 962 1138 989 sub
1149 961 1229 996 cujus
1246 961 1372 989 umbram
1388 965 1521 990 venerunt
1535 969 1630 990 omnes
1643 962 1691 998 qui
1705 962 1801 990 vocati
1818 967 1891 991 erant

254 1017 281 1044 in
296 1016 406 1044 nomine
421 1013 540 1041 Domini.
558 1012 592 1040 Et
605 1013 684 1048 juxta
701 1011 812 1039 salicem
827 1009 916 1038 stabat
937 1008 1051 1036 nuntius
1067 1007 1178 1035 Domini
1199 1007 1278 1035 valde
1294 1008 1443 1042 praeclarus
1453 1012 1482 1036 et
1497 1007 1638 1042 sublimis;
1651 1012 1679 1035 et
1694 1008 1818 1036 secabat
1834 1017 1891 1036 cum

253 1064 323 1092 falce
334 1071 433 1100 magna
446 1063 481 1090 ab
497 1062 543 1089 illa
555 1061 638 1089 salice
651 1060 709 1096 (18)
727 1067 838 1093 ramos;
853 1063 880 1086 et
892 1057 994 1094 populo
1007 1057 1047 1084 illi
1068 1057 1116 1092 qui
1132 1062 1192 1085 erat
1208 1056 1260 1084 sub
1278 1056 1375 1084 umbra
1395 1056 1487 1084 salicis
1506 1056 1591 1090 illius,
1618 1056 1738 1092 exiguas
1765 1061 1796 1084 et
1815 1062 1888 1092 quasi

252 1110 386 1138 cubitales
402 1109 493 1144 virgas
508 1106 673 1144 porrigebat.
689 1105 839 1141 Postquam
855 1109 947 1131 autem
969 1102 1140 1138 accepissent
1152 1100 1285 1134 universi,
1298 1100 1424 1136 deposuit
1446 1100 1559 1135 falcem;
1572 1106 1600 1129 et
1615 1102 1701 1130 arbor
1717 1103 1767 1131 illa
1789 1104 1891 1139 integra

252 1153 413 1188 permansit,
431 1152 503 1180 sicut
515 1157 596 1180 antea
617 1153 740 1181 videram
758 1160 819 1180 eam
834 1161 841 1178 :
855 1158 937 1187 quam
959 1157 1009 1185 ego
1026 1157 1083 1177 rem
1101 1149 1222 1176 mirabar
1239 1148 1307 1184 (19),
1330 1153 1412 1184 atque
1429 1148 1500 1176 intra
1523 1158 1568 1178 me
1583 1150 1764 1186 disputabam
1778 1151 1841 1187 (20)
1853 1153 1891 1180 Ait

252 1201 286 1229 ad
299 1208 344 1228 me
353 1204 447 1236 pastor
460 1200 504 1228 ille
517 1210 524 1227 :
537 1199 637 1228 Desine
647 1200 743 1228 mirari
756 1200 830 1235 quod
850 1199 933 1227 arbor
949 1198 995 1226 illa
1011 1201 1052 1225 tot
1065 1197 1122 1232 (21)
1135 1197 1220 1225 ramis
1236 1196 1361 1232 praecisis
1381 1197 1564 1232 permanserit
1580 1198 1705 1234 integra;
1719 1198 1772 1226 sed
1794 1207 1890 1234 exspe-

251 1253 295 1275 cta
308 1256 316 1275 :
334 1254 408 1274 nunc
427 1246 662 1275 demonstrabitur
677 1246 728 1274 tibi
744 1245 818 1282 quod
838 1244 973 1280 signiﬁcet
988 1243 1103 1279 angelus
1120 1242 1165 1270 ille
1187 1242 1236 1278 qui
1252 1241 1354 1277 populo
1369 1242 1490 1277 porrexit
1502 1244 1603 1279 virgas.
1624 1242 1658 1271 Et
1674 1251 1779 1271 rursus
1795 1251 1847 1272 eas
1860 1245 1889 1272 ab

250 1295 296 1322 his
309 1294 469 1330 reposcebat
485 1294 561 1328 (2‘2);
581 1299 609 1323 et
627 1302 684 1330 quo
707 1294 827 1330 quisque
840 1300 888 1321 eas
909 1296 1070 1328 perceperat
1080 1291 1187 1325 ordine,
1211 1291 1308 1333 eodem
1324 1291 1407 1319 etiam
1424 1290 1573 1318 vocabatur
1585 1288 1618 1316 ad
1633 1289 1722 1323 illum,
1741 1289 1889 1325 virgaSque

252 1342 309 1378 (25)
320 1343 469 1376 reddebat;
483 1350 552 1378 quas
564 1350 627 1371 cum
644 1345 787 1372 acceperat
798 1341 853 1372 ille.
866 1339 1071 1368 considerabat.
1090 1338 1113 1365 A
1129 1337 1294 1373 quibusdam
1316 1338 1390 1365 enim
1413 1337 1562 1372 accipiebat
1587 1335 1679 1363 aridas
1701 1340 1729 1364 et
1750 1338 1889 1372 putridas,

251 1388 325 1415 Velut
340 1395 355 1415 a
370 1387 444 1414 tinea
457 1391 544 1415 tactas
558 1396 565 1414 :
577 1392 604 1415 et
616 1386 730 1422 jubebat
745 1392 794 1413 eos
809 1384 856 1420 qui
867 1384 1027 1419 hujusmodi
1039 1383 1130 1419 virgas
1143 1382 1324 1416 tradiderant,
1343 1383 1450 1410 secerni
1462 1387 1490 1410 et
1506 1389 1632 1410 seorsum
1647 1382 1746 1409 statui.
1761 1382 1822 1410 Alii
1836 1390 1892 1418 por

249 1435 374 1471 rigebant
389 1435 481 1463 aridas
492 1435 613 1470 quidem.
627 1434 674 1463 sed
689 1442 744 1462 non
766 1438 853 1462 tactas
873 1441 889 1460 a
907 1433 978 1460 tinea
996 1441 1003 1459 :
1021 1436 1049 1459 et
1065 1431 1116 1459 hos
1133 1438 1258 1459 seorsum
1276 1430 1360 1459 statui
1378 1430 1502 1465 iubebat.
1526 1429 1580 1457 Alii
1604 1429 1791 1465 parrigebant
1806 1432 1889 1459 semi-

249 1480 341 1508 aridas
358 1480 449 1516 virgas
462 1492 469 1508 ;
483 1485 511 1508 ct
527 1480 554 1507 hi
568 1487 677 1515 quoquc
689 1486 813 1507 seorsum
827 1478 1027 1506 statuebantur.
1051 1476 1168 1511 Quidam
1181 1481 1272 1504 autem
1283 1476 1386 1504 dabant
1401 1476 1494 1512 virgas
1513 1484 1579 1504 suas
1596 1477 1765 1506 semiaridas
1781 1482 1812 1506 et
1826 1479 1889 1506 scis-

249 1533 330 1553 suras
342 1525 473 1553 habentes
487 1535 493 1552 :
506 1530 534 1552 et
547 1525 574 1552 hi
585 1534 710 1554 seorsum
723 1526 923 1554 statuebantur.
937 1525 990 1552 Alii
1003 1525 1096 1560 virgas
1114 1532 1179 1552 suas
1200 1523 1257 1559 (24)
1276 1523 1435 1557 all‘erebant,
1453 1532 1571 1560 quarum
1587 1524 1703 1552 dimidia
1725 1532 1798 1560 pars
1814 1527 1888 1554 arida

248 1576 318 1604 erat,
330 1572 442 1599 dimidia
456 1572 513 1607 (25)
527 1580 590 1600 vero
611 1573 706 1602 viridis
727 1578 776 1602 :et
800 1573 828 1600 hi
852 1580 977 1601 seorsum
1002 1572 1200 1601 statuebantur.
1229 1571 1282 1599 Alii
1306 1572 1398 1607 virgas
1423 1580 1488 1601 suas
1504 1574 1670 1609 aﬂ‘erebant;
1687 1583 1815 1610 quarum
1835 1576 1890 1603 dua:

249 1626 342 1656 partes
355 1622 450 1650 viride
469 1627 557 1657 erant,
572 1623 651 1651 tertia
665 1630 730 1650 vero
753 1622 828 1650 arida
846 1631 852 1649 :
869 1626 897 1649 et
920 1621 948 1649 hi
969 1628 1094 1649 seorsum
1111 1620 1310 1648 statuebantur.
1330 1621 1383 1648 Alii
1397 1620 1488 1656 virgas
1503 1630 1568 1651 suas
1589 1623 1754 1658 all‘erebant,
1769 1632 1888 1660 quarum

248 1669 310 1697 duae
323 1674 414 1704 partes
429 1676 508 1698 erant
520 1671 614 1704 aridae,
631 1671 710 1699 tertia
722 1677 788 1698 vero
804 1669 920 1697 viridis:
935 1674 962 1696 et
982 1668 1009 1696 hi
1024 1676 1148 1697 seorsum
1164 1668 1365 1696 statuebantur.
1385 1668 1502 1702 Quidam
1515 1672 1692 1707 porngebant
1706 1672 1807 1708 virgas
1829 1681 1888 1700 snas

242 1715 389 1750 paululum
403 1715 460 1751 (26)
471 1715 564 1744 aridas
585 1715 804 1751 (exiguissimum
819 1714 892 1742 enim
915 1713 1022 1742 aridum
1044 1714 1146 1742 eratin
1169 1713 1255 1749 virgis
1277 1721 1384 1747 eorum,
1405 1714 1432 1742 id
1445 1719 1487 1742 est
1501 1715 1623 1751 ipsarum
1643 1726 1783 1746 cacumen
1803 1719 1886 1756 [27]),

247 1763 384 1791 scissuras
398 1770 463 1791 vero
475 1763 611 1791 habebant
625 1772 632 1790 :
649 1767 677 1791 et
692 1763 719 1790 hi
736 1770 860 1790 seorsum
871 1761 1071 1790 statuebantur.
1089 1760 1214 1789 Aliorum
1227 1766 1318 1789 autem
1335 1762 1363 1789 in
1380 1762 1464 1798 virgis
1475 1762 1603 1798 exiguum
1622 1768 1683 1790 erat
1697 1763 1805 1798 viride,
1825 1765 1886 1792 neli-

246 1817 332 1843 quum
344 1817 409 1837 vero
426 1809 554 1837 aridum:
572 1813 599 1837 et
613 1810 641 1837 hi
658 1817 781 1838 seorsum
798 1809 999 1837 statuebantur.
1019 1809 1072 1836 Alii
1090 1809 1233 1837 veniebant
1256 1809 1400 1838 atferentes
1419 1810 1512 1846 virgas
1539 1819 1603 1839 suas
1624 1811 1699 1839 sicut
1719 1819 1888 1848 acceperant

246 1857 358 1892 virides,
371 1858 546 1894 maximaque
560 1866 624 1893 pars
639 1859 731 1894 populi
746 1857 906 1893 huiusmodi
918 1858 1008 1893 virgas
1023 1857 1193 1893 porrigebat;
1209 1863 1236 1886 et
1253 1866 1382 1894 magnum
1395 1866 1428 1886 ex
1439 1859 1482 1887 his
1497 1859 1610 1887 nuntius
1627 1857 1672 1886 ille
1687 1859 1829 1893 gaudium
1844 1868 1886 1888 ce-

246 1904 305 1939 pit:
325 1909 352 1932 et
366 1904 393 1932 hi
406 1913 531 1932 seorsum
545 1905 747 1933 statuebantur.
760 1905 813 1931 Alii
825 1904 975 1931 all'erebant
990 1903 1080 1940 virgas
1097 1912 1162 1932 suas
1176 1904 1278 1932 virides
1291 1909 1319 1932 et
1337 1905 1482 1940 pampinos
1497 1905 1628 1932 habentes
1642 1914 1649 1931 :
1664 1909 1692 1932 et
1709 1905 1739 1932 bi
1759 1913 1885 1934 seorsum

246 1950 453 1984 statuebantur;
471 1950 565 1978 ethos
581 1958 694 1986 quoque
717 1950 832 1978 nuntius
856 1949 901 1977 ille
925 1956 1023 1984 magna
1040 1957 1103 1977 cum
1122 1949 1259 1977 hilaritate
1282 1950 1434 1985 excipiebat
1451 1950 1519 1986 (28).
1537 1950 1589 1978 Alii
1613 1950 1775 1979 aﬂ‘erebant
1798 1953 1886 1987 virgas

245 2006 310 2026 suas
322 1998 433 2032 virides,
447 2006 481 2026 ex
498 1998 597 2034 quibus
612 2003 785 2026 excreverant
801 1997 923 2033 pampini
947 2005 1041 2025 earum
1055 1997 1128 2033 (29);
1150 1998 1197 2033 qui
1219 1999 1339 2034 pampini
1355 1999 1488 2034 quosdam
1513 1999 1620 2027 fructus
1645 1999 1817 2028 aﬂ‘erebant.
1837 2001 1885 2034 Qui

246 2045 403 2080 hujusmodi
417 2045 473 2081 (50)
489 2045 579 2080 virgas
601 2045 778 2081 porrigebant
809 2044 888 2072 valde
908 2044 1009 2072 hilares
1039 2048 1118 2071 erant
1149 2044 1244 2078 vultu;
1273 2045 1320 2072 sed
1341 2049 1369 2072 et
1400 2046 1514 2074 nuntius
1541 2046 1600 2081 ipse
1630 2045 1750 2079 quidem
1787 2055 1823 2075 ex
1848 2047 1885 2074 eis

785 2091 904 2120 VARUS
923 2091 1117 2120 LECTlONES
1134 2092 1178 2119 ET
1197 2091 1315 2120 NOTAE.

280 2140 320 2175 (9)
333 2140 399 2176 Mss.
415 2141 494 2176 Angl.
506 2141 637 2168 cruciare.
702 2175 705 2176 7
828 2175 833 2176 7
863 2175 867 2176 7
954 2174 969 2176 _
1001 2174 1018 2176 77
1120 2139 1228 2176 (721)1ta
1243 2139 1335 2168 Fellus
1347 2149 1381 2176 ex
1398 2148 1465 2176 mss.
1478 2140 1652 2176 Editi.,7tota.

281 2174 337 2211 (11))
361 2175 407 2203 Sic
428 2174 518 2204 Feilus
544 2176 639 2203 Lamb.
653 2175 750 2211 animo
773 2183 800 2202 se
823 2175 926 2202 habere.
954 2174 1031 2211 Bodl.
1118 2174 1174 2210 (⁷22)
1189 2175 1235 2203 Sic
1249 2175 1332 2203 editio
1347 2175 1413 2204 Felli
1427 2175 1515 2204 Oxon.
1530 2184 1564 2203 ex
1576 2175 1675 2203 Lamb.
1691 2175 1740 2202 Al.
1764 2177 1824 2204 illis
1844 2184 1882 2203 re-

244 2209 334 2238 animo
347 2220 373 2238 se
387 2219 484 2246 gerere.
502 2211 594 2238 Carm.
610 2215 637 2238 et
648 2209 719 2237 Vict.
742 2211 858 2237 animam
881 2218 966 2245 agere.
980 2210 1029 2246 7Al‘.
1080 2211 1175 2244 poscit.

245 2247 362 2274 animose
389 2245 475 2281 agere.
508 2246 643 2273 Exhibent
672 2253 789 2286 quoque
806 2246 924 2286 animose
953 2245 1029 2273 editt.
1114 2245 1173 2306 [(25)
1187 2245 1284 2287 Lamb.
1300 2246 1354 2274 ista
1369 2254 1428 2287 qua:
1443 2251 1577 2280 acceperat
1599 2246 1706 2277 ordine,
1722 2246 1820 2274 eodem
1841 2255 1882 2274 ro-

245 2281 317 2306 Cler.
332 2288 360 2306 et
373 2281 484 2306 Russel.
496 2283 587 2306 minus
603 2285 684 2306 recte.
699 2286 728 2306 ut
744 2281 853 2306 autdem
867 2281 984 2306 Videtur.
1080 2288 1111 2306 ca
1130 2284 1192 2306 atur
1205 2281 1240 2306 ad
1253 2281 1338 2306 illum.
1356 2289 1516 2306 mraamaue.

243 2281 317 2308 Cler.
332 2288 360 2310 et
373 2281 484 2309 Russel.
496 2283 587 2309 minus
603 2285 684 2313 recte,
699 2286 728 2308 ut
744 2281 853 2315 quidem
867 2281 984 2309 videtur.
1080 2281 1192 2316 cabatur
1205 2281 1240 2307 ad
1253 2281 1338 2310 illum.
1356 2281 1516 2316 virgamque.

280 2317 337 2352 (11)
351 2317 393 2345 Al.
409 2318 554 2352 saepiusque
567 2324 615 2351 pro
628 2310 776 2352 variasque.
1099 2315 1173 2352 7(24)
1197 2315 1314 2351 Conjicit
1331 2317 1365 2343 cl.
1382 2310 1513 2352 Waltius,
1536 2320 1600 2343 ante
1623 2315 1677 2343 ista
1702 2316 1789 2344 verba
1804 2327 1811 2345 :
1828 2318 1883 2344 Alii

279 2351 337 2388 (12)
356 2351 450 2380 Lamb.
467 2351 525 2388 qua:
538 2352 692 2388 institueril.
768 2386 774 2388 7
867 2386 873 2388 _
937 2387 943 2388 7
1079 2351 1166 2388 virgas
1185 2356 1339 2388 suas,7etc.,
1357 2351 1493 2388 excidisse
1510 2352 1622 2378 librario
1641 2353 1791 2388 sequentia
1807 2363 1815 2379 :
1828 2353 1881 2379 Alii

278 2385 335 2422 (15)
348 2388 443 2415 Lamb.
457 2385 502 2422 qui
510 2387 606 2414 creavit
621 2387 710 2413 omnia
720 2391 744 2413 et
760 2386 884 2421 formavit
896 2387 1028 2413 universa.
1079 2386 1165 2422 uirga:
1180 2385 1337 2422 digerebam.
1350 2387 1447 2414 virides
1468 2388 1585 2422 quidem.
1601 2388 1650 2422 sed
1669 2385 1810 2414 scissus:
1832 2389 1880 2414 Iut-

279 2420 335 2458 (14)
348 2423 419 2450 Edit.
433 2420 522 2450 0xon.
541 2428 565 2450 et
580 2422 648 2457 quod
670 2420 781 2449 multum
800 2421 962 2448 vexationem
983 2430 1031 2456 pa-
1080 2420 1176 2458 beam.
1199 2421 1261 2449 Haec
1277 2422 1351 2458 enim
1361 2420 1504 2458 memorat
1515 2421 1630 2450 Hermas
1644 2421 1675 2448 in
1693 2422 1748 2450 bat.
1763 2430 1824 2458 Ipsa
1840 2423 1881 2450 Si-

244 2456 330 2485 tiaris'
338 2467 440 2486 necesse
457 2463 506 2486 est.
586 2456 590 2457 ν

1079 2456 1173 2492 mili7t.,
1187 2463 1265 2492 capp.
1286 2457 1303 2484 5
1316 2462 1343 2484 et
1360 2457 1384 2483 7.

279 2494 335 2528 (15)
346 2493 413 2521 Mss.
429 2493 508 2528 Angl.
525 2494 594 2528 quod
605 2493 714 2528 dignum
728 2497 753 2519 te
766 2492 875 2528 (tabuit,
885 2499 1029 2528 eumprw-
1116 2491 1172 2528 (ἓξ)
1185 2491 1284 2528 Lamb.
1301 2492 1356 2528 alia
1369 2500 1428 2528 vero
1441 2492 1564 2519 dimidia.

242 2526 339 2556 diceret
352 2526 544 2556 incommodum
560 2529 607 2555 tibi
620 2526 719 2555 instare
733 2527 831 2555 valenti
847 2526 876 2553 id
889 2527 1028 2561 sustinere,
1115 2526 1170 2560 (26)
1183 2526 1248 2555 Mss.
1264 2527 1343 2562 Angl.
1356 2527 1436 2562 paulo
1447 2527 1544 2554 minus.
1559 2526 1605 2554 Sic
1620 2531 1648 2554 et
1661 2527 1752 2555 editio
1766 2527 1860 2555 Oxon.

242 2565 368 2598 pnescius
381 2565 475 2599 futuri.
1080 2595 1102 2599 __
1115 2561 1172 2595 (27)
1187 2562 1232 2599 Sic
1252 2561 1360 2599 Fellns.
1371 2562 1415 2599 Al.
1428 2563 1516 2599 ipsum
1528 2562 1736 2599 7caeume7n.77l7ta
1750 2569 1779 2599 7et
1798 2563 1877 2591 Bodl.

279 2599 335 2634 (16)
352 2595 447 2627 Lamb.
460 2600 571 2631 desunt,
585 2607 617 2626 ac
630 2598 708 2634 nati.7
790 2633 793 2634 7
876 2633 880 2634 7
911 2632 916 2634 _
1079 2595 1193 2634 Hermas
1204 2597 1325 2634 ipsesub
1339 2595 1464 2632 init.cap.
1481 2597 1515 2624 10
1528 2597 1611 2631 hujus
1620 2598 1732 2634 similit.
1749 2598 1811 2626 haec
1829 2600 1878 2626 ba-

278 2632 334 2669 (17)
349 2635 415 2662 Mss.
436 2635 514 2668 Angl.
539 2635 565 2661 in
589 2633 723 2660 mandatis
744 2633 807 2660 meis
827 2632 951 2667 ambula,
970 2641 1029 2668 qua:
1079 2633 1124 2669 bet
1140 2632 1285 2669 :__Ea:ceplis
1297 2633 1480 2669 cacuminibus
1503 2640 1604 2659 earum.
1624 2632 1672 2660 Sic
1686 2641 1788 2661 rursus
1812 2642 1873 2669 cap.

243 2666 364 2704 praecepi.
382 2670 428 2696 Sic
442 2673 469 2696 et
480 2666 552 2696 'edit.
564 2669 652 2697 Oxon.
739 2703 752 2704 77
944 2666 947 2667 ⁷
976 2666 981 2668 ⁷
1079 2666 1209 2704 11.7171inc
1223 2669 1401 2699 conﬁrmatur
1415 2668 1495 2704 lectio
1508 2675 1591 2702 quam
1604 2669 1764 2703 sequimur.

279 2701 335 2739 (18)
349 2704 444 2731 Lamb.
458 2713 516 2731 cum
529 2705 597 2739 falce
611 2705 642 2730 de
659 2712 690 2730 ea
703 2703 793 2729 salice.
857 2737 873 2739 7
888 2738 891 2739 7
962 2738 979 2739 7
1000 2738 1003 2739 7
1114 2702 1170 2739 (28)
1183 2701 1280 2739 Lamb.
1295 2711 1391 2738 magna
1405 2701 1543 2730 hilarilaie
1557 2701 1693 2737 capiebat.

280 2737 335 2773 (19)
350 2739 414 2766 Mss.
430 2740 506 2774 Angl.
523 2737 573 2774 quo
590 2739 693 2765 nomine
715 2738 841 2765 mirabar.
855 2737 944 2766 Editio
960 2738 1025 2766 Felli
1114 2737 1170 2774 (7'29)
1186 2737 1265 2774 _Bodl.
1281 2737 1423 2772 earumque
1436 2739 1567 2772 pampini.

244 2773 330 2801 Oxon.
348 2774 389 2800 Ea:
401 2781 451 2808 quo
466 2772 540 2808 opere
556 2773 683 2801 mirabar.
1113 2773 1169 2808 (50')
1185 2772 1280 2800 Lamb.
1296 2775 1435 2808 quemdam
1451 2773 1570 2806 fructum
1585 2773 1738 2808 a/I'erebant
1756 2781 1766 2801 :
1783 2783 1875 2801 eorum

280 2808 336 2844 (20)
351 2809 393 2835 Al.
404 2809 562 2843 cogitabant.
578 2809 624 2837 Sic
638 2813 663 2837 cl.
677 2808 777 2837 Fellus.
1079 2810 1194 2836 uirorum
1208 2810 1252 2844 qui
1268 2808 1431 2843 Imjnsmodi.
