1920 3104
43 151 88 180 973
574 155 717 185 ΡΛδΤΟΒ.
738 174 772 178 —-—

895 159 927 187 ll.
946 160 1046 189 SIMIL.
1068 160 1138 190 Vill.
1598 173 1651 201 974

42 219 153 249 magnam
171 212 293 241 latitiam
315 213 498 250 percipiebat;
515 221 566 243 nec
580 216 673 244 minus
686 220 779 252 pastor
796 218 842 245 ille
852 226 915 246 cum
940 227 974 247 eo
989 219 1046 256 (51)
1060 228 1093 249 ex
1113 221 1210 250 eadem
1225 229 1309 252 causa
1332 224 1495 255 hilaritatem
1515 230 1649 266 capiebat.

746 277 861 306 CAPUT
886 278 917 307 ll.

69 318 139 347 Tunc
149 318 265 347 nuntius
283 318 391 349 Domini
408 330 526 352 coronas
537 323 622 360 jussit
639 325 741 354 aﬂ'erri.
759 327 855 355 Allatas
874 332 939 356 sunt
960 333 1052 357 autem
1068 337 1178 359 coronae
1193 331 1267 360 velut
1279 340 1313 361 ex
1325 333 1424 369 palmis
1441 335 1533 370 factae;
1553 342 1580 365 et
1600 345 1648 366 co.

39 368 133 396 ronavit
155 375 204 396 eos
218 368 297 396 viros
318 370 445 405 nuntius,
470 371 498 399 in
513 379 631 407 quorum
651 374 738 410 virgis
758 375 903 411 pampinos
917 377 1059 405 invenerat
1073 383 1101 406 et
1115 378 1235 407 fructum
1253 368 1334 415 (52);,
1354 385 1382 408 et
1393 382 1477 417 jussit
1494 368 1541 412 eos
1557 385 1597 413 ire
1619 387 1648 414 in

38 418 131 445 tun-im.
148 417 201 446 Sed
224 423 253 446 et
266 418 329 447 illos
344 418 418 447 viros
433 418 508 447 misit
523 419 551 447 in
567 421 677 454 turrim,
696 422 725 449 in
742 430 861 457 quorum
876 424 962 459 virgis
976 425 1036 453 sine
1053 425 1145 454 fructu
1168 424 1226 462 (55)
1243 427 1385 458 invenerat
1407 432 1561 467 pampinos,
1583 434 1649 462 dato

37 466 71 494 eis
82 465 176 501 sigillo.
192 464 264 493 Nam
280 470 383 494 vestem
397 467 521 494 eamdem
538 467 685 502 habebant,
701 469 728 497 id
744 474 787 497 est
799 471 944 499 candidam
961 472 1032 501 sicut
1046 473 1156 509 nivem;
1173 483 1237 503 cum
1255 483 1309 511 qua
1323 464 1437 512 iubebat
1450 464 1526 513 ipsos
1538 464 1577 508 ire
1590 481 1648 516 (54)

38 512 60 539 in
73 511 174 538 turrim.
188 510 246 539 Nec
262 511 356 539 minus
373 516 402 540 et
415 519 464 539 eos
484 512 532 547 qui
546 513 722 541 reddiderant
735 514 828 550 virgas
842 523 908 544 suas
918 537 927 550 ,
942 517 1025 545 sicuti
1042 523 1205 555 acceperant
1218 510 1331 556 virides,
1351 523 1412 551 data
1434 510 1476 551 eis
1489 529 1564 552 veste
1580 510 1648 553 can;

35 559 101 593 dida;
115 564 142 587 et
154 559 194 588 sic
208 567 258 588 eos
274 559 379 589 dimisit
394 560 433 588 ire
449 561 506 596 (55)
525 561 553 588 in
571 562 680 590 turrim.
700 562 749 591 His
762 565 972 600 consummatis,
987 567 1025 594 ait
1039 567 1074 595 ad
1098 572 1236 604 pastorem
1252 567 1328 596 illum
1344 578 1351 597 :
1371 568 1428 605 Ego
1440 570 1525 604 vado;
1541 574 1571 598 tu
1583 578 1649 599 vero

35 604 127 633 dimitte
140 605 191 634 hos
205 606 280 634 intra
298 614 404 641 muros,
421 608 448 635 in
463 615 497 636 eo
511 608 574 637 loco
588 617 644 645 quo
660 611 776 646 quisque
798 613 895 640 metuit
916 612 1051 646 habitare,
1068 615 1251 644 consideratis
1273 616 1351 652 prius
1364 604 1450 653 virgis
1465 626 1560 646 eorum
1584 619 1647 647 dili-

35 657 134 687 genter:
149 658 255 688 tamen,
281 662 317 683 ne
330 656 394 690 quis
417 660 444 684 te
465 656 552 691 fallat,
574 658 729 687 considera.
746 659 799 688 Sed
814 660 876 689 etsi
891 661 954 696 quis
969 665 995 689 te
1016 662 1188 697 praeterierit,
1212 663 1311 699 inquit,
1330 671 1381 700 ego
1404 671 1452 692 eos
1471 670 1554 700 super
1569 672 1647 693 aram

33 699 150 749 probabo.
170 699 220 749 llis
235 701 272 728 ad
293 706 432 736 pastorem
453 704 547 738 dictis,
562 708 686 736 recessit.
703 707 855 744 Postquam
870 709 915 738 ille
929 710 1105 745 discesserat,
1131 712 1172 739 alt
1195 713 1263 740 mihi
1287 717 1400 749 pastor:
1417 699 1591 749 Accipiamus
1610 715 1647 743 ab

34 745 146 774 omnibus
166 746 277 783 virgas;
293 753 321 776 et
338 749 494 785 plantemus
507 751 581 782 illas.
605 752 629 780 si
644 753 751 788 possint
772 753 939 783 revirescere
957 755 1026 791 (56).
1041 755 1108 785 Dico
1119 756 1144 784 ei
1160 765 1167 784 :
1185 745 1311 792 Domine,
1329 759 1389 787 istm
1401 767 1463 794 qua)
1480 745 1545 787 sunt
1561 760 1647 788 aridae

33 792 112 827 virgae,
128 801 182 828 quo
200 795 286 823 modo
301 803 418 832 possunt
425 798 671 836 revirescere?(37)
685 801 730 828 Ait
743 801 812 829 mihi
825 811 832 829 :
847 802 937 830 Arbor
947 803 999 831 ista
1014 804 1083 832 salix
1099 809 1153 838 est,
1171 809 1199 833 et
1215 812 1323 840 semper
1334 792 1509 833 amat—vitam.
1524 805 1553 833 Si
1567 806 1646 842 plan-

33 842 84 866 tatze
96 846 156 875 ergo
167 839 275 869 fuerint
297 842 339 870 ha:
361 844 453 880 virgae,
471 849 655 883 exiguumque
670 848 794 877 humoris
814 852 970 886 acceperint
990 851 1058 887 (58),
1079 852 1204 888 plurimae
1217 861 1248 881 ex
1266 839 1306 881 eis
1320 854 1499 882 revirescent.
1517 853 1646 882 Tentabo

31 884 101 917 enim,
116 890 141 913 et
154 887 313 916 suﬂundam
329 890 386 925 (59)
404 891 444 919 eis
458 898 556 927 aquam
574 902 581 919 :
597 897 625 921 et
636 893 661 921 si
675 902 729 929 qua
744 902 840 922 earum
862 884 984 931 potuerit
994 884 1102 930 vivere,
1116 897 1276 932 gratulabor
1289 898 1333 931 ei;
1354 899 1427 934 quod
1447 899 1470 926 si
1487 906 1553 933 non,
1569 904 1644 927 certe

30 936 74 956 non
86 930 193 959 videbor
208 940 261 968 ego
278 935 418 971 negligens
433 938 530 967 fuisse.
551 938 640 968 Jussit
653 941 751 970 deinde
766 950 810 970 me
824 930 925 971 vocare
940 951 999 971 eos.
1014 943 1048 972 Et
1065 930 1137 972 sicu—t
1158 948 1293 972 steterunt
1306 946 1424 981 quisque
1436 953 1543 980 eorum,
1559 955 1643 976 vene-

30 981 84 1003 runt
94 977 185 1006 ordine
199 986 263 1013 suo,
280 980 427 1019 virgasque
446 993 512 1014 suas
527 986 718 1015 tradiderunt:
746 996 815 1023 quas
830 995 958 1025 acceptas
980 990 1026 1017 ille
1047 990 1170 1026 singulas
1195 977 1328 1026 plantavit
1348 977 1491 1020 ordinibus
1514 977 1583 1021 suis.
1608 993 1643 1021 Et

29 1027 155 1059 postquam
169 1026 323 1061 plantasset
336 1036 443 1064 omnes,
458 1039 559 1067 aquam
575 1033 690 1061 multam
711 1035 890 1070 superelrudit
908 1035 966 1071 (40)
981 1036 1049 1071 illis;
1066 1036 1103 1064 ita
1122 1041 1152 1064 ut
1167 1041 1323 1072 tegerentur
1341 1038 1376 1065 ab
1395 1045 1477 1074 aqua,
1498 1045 1587 1074 neque
1605 1039 1642 1067 ab

29 1076 55 1096 ea
66 1075 207 1100 exstarent.
224 1072 330 1102 Deinde
352 1083 414 1104 cum
430 1077 572 1113 lrrigasset
595 1079 668 1113 illas,
682 1080 721 1107 ait
742 1080 810 1108 mihi
824 1091 831 1109 :
848 1081 966 1115 Eamus;
987 1087 1015 1110 et
1029 1087 1092 1118 post
1107 1090 1210 1118 paucos
1231 1083 1290 1112 dies
1305 1072 1484 1118 revertamur,
1499 1088 1526 1112 et
1541 1072 1641 1114 _visite-

29 1123 80 1146 mus
92 1125 145 1147 eas.
162 1119 216 1153 Qui
231 1122 338 1149 creavit
350 1123 424 1150 enim
438 1123 509 1151 hanc
523 1124 663 1158 arborem,
678 1125 771 1154 vivere
786 1127 846 1154 vult
863 1128 921 1163 (41)
937 1135 1033 1156 omnes
1048 1136 1106 1162 eos,
1124 1129 1171 1164 qui
1187 1137 1220 1157 ex
1234 1137 1266 1157 ea
1284 1136 1450 1166 acceperunt
1467 1131 1569 1167 virgas.
1582 1131 1639 1167 Ego

29 1171 105 1195 autem
120 1175 210 1204 spero,
226 1177 293 1198 cum
308 1171 365 1199 sint
379 1179 452 1208 aqua
473 1173 655 1208 superinlusaa
669 1174 712 1202 ha:
727 1175 784 1210 (42)
801 1176 893 1212 virgae,
910 1177 1042 1212 plurimas
1058 1177 1179 1205 victuras
1196 1178 1312 1207 humore
1332 1184 1412 1215 capto
1427 1179 1495 1214 (45).

734 1236 849 1264 CAPUT
872 1237 916 1265 ιιι.

55 1275 115 1306 Dico
127 1279 151 1307 ei
169 1289 175 1307 :
198 1280 292 1310 Arbor
310 1282 378 1315 haec,
399 1283 526 1319 Domine,
543 1284 702 1314 demonstra
720 1287 801 1320 mihi,
821 1288 886 1322 quid
903 1287 940 1316 sit
955 1298 962 1316 ;
979 1288 1060 1316 valde
1081 1288 1154 1317 enim
1173 1296 1296 1323 moveor,
1313 1289 1388 1325 quod
1404 1292 1445 1316 tot
1459 1288 1545 1315 ramis
1563 1287 1634 1315 reci.

28 1324 58 1351 sis
79 1326 131 1361 (44)
150 1327 258 1364 integra
283 1330 410 1359 videatur
432 1339 510 1367 esse;
536 1341 587 1362 nec
607 1334 720 1362 omnino
745 1335 898 1371 quidquam
916 1336 951 1364 de
961 1343 994 1364 ea
1016 1337 1109 1366 minus
1132 1337 1240 1365 videtur
1260 1324 1344 1370 esse;
1359 1339 1414 1370 quo
1439 1333 1559 1362 maxime
1578 1332 1637 1369 (4⁵)

27 1375 117 1406 stupeo.
128 1373 217 1408 Audi,
234 1377 326 1412 inquit
342 1377 452 1406 :Arbor
470 1378 529 1407 haec
546 1387 644 1415 magna
669 1388 731 1415 quae
750 1388 863 1417 campos
878 1381 945 1417 tegit
969 1389 1001 1410 ac
1029 1388 1139 1411 montes
1163 1388 1303 1419 totamque
1330 1387 1432 1410 terram
1444 1401 1452 1415 ,
1476 1381 1518 1408 lex
1532 1384 1574 1407 est
1589 1378 1636 1406 Dei

27 1417 49 1444 in
67 1423 144 1448 totum
171 1422 268 1450 orbem
293 1429 429 1452 terrarum
449 1425 524 1454 data.
541 1424 597 1453 Hac
620 1430 712 1453 autem
728 1421 798 1462 lege
823 1426 909 1455 Filius
932 1428 981 1456 Dei
1010 1429 1174 1464 praedicatus
1194 1417 1311 1465 (Lm—est
1339 1429 1367 1456 in
1387 1427 1518 1456 omnibus
1534 1424 1637 1452 llnibus

26 1464 88 1493 orbis
99 1472 182 1495 terrae.
197 1467 298 1505 Populi
309 1478 376 1498 vero
388 1475 493 1500 stantes
507 1472 560 1500 sub
574 1474 670 1501 umbra
680 1495 688 1507 ,
701 1474 720 1501 ii
733 1478 798 1502 sunt
810 1475 858 1510 qui
866 1475 1013 1504 audierunt
1025 1477 1232 1512 praedicationes
1243 1476 1314 1512 ejus,
1325 1479 1353 1503 et
1363 1474 1549 1503 Crediderunt.
1561 1471 1637 1499 Nun-

26 1509 71 1538 tius
85 1517 170 1541 autem
185 1513 231 1542 ille
245 1516 409 1552 magnificus
419 1522 447 1544 et
460 1517 550 1546 bonus
561 1518 618 1554 (47)
631 1518 746 1547 Michael
760 1509 827 1553 est
838 1520 886 1555 qui
912 1521 1006 1556 populi
1019 1509 1102 1557 hujus
1115 1522 1198 1550 habet
1212 1509 1374 1558 potestatem
1387 1524 1415 1548 et
1430 1519 1563 1555 gubernat
1574 1525 1634 1545 eos.

26 1556 67 1585 Hic
89 1560 156 1588 enim
178 1561 206 1589 in
220 1563 307 1591 corde
325 1571 421 1592 eorum
436 1565 484 1600 qni
499 1566 684 1598 crediderunt,
701 1566 799 1595 inserit
817 1567 904 1603 legem
918 1568 986 1605 (48).
1003 1556 1103 1597 Visitat
1116 1569 1199 1605 igitur
1212 1556 1271 1603 eos,
1288 1567 1389 1604 quibus
1404 1565 1479 1593 dedit
1496 1565 1593 1600 legem,
1610 1564 1635 1592 si

27 1611 75 1631 eam
90 1607 285 1636 custodierunt.
301 1608 382 1637 Videt
394 1616 486 1638 autern
503 1611 724 1648 uniuscujusque
741 1613 858 1649 virgam,
873 1619 901 1642 et
914 1622 947 1643 ex
961 1615 1001 1643 eis
1016 1616 1118 1644 multas
1133 1616 1292 1644 labefactas.
1314 1613 1370 1641 Illae
1381 1612 1455 1640 enim
1471 1611 1563 1645 virgae,
1581 1609 1636 1637 Do-

27 1651 81 1678 mini
92 1651 130 1679 lex
141 1659 213 1682 sunt.
228 1654 379 1692 Cognoscit
391 1660 483 1684 autem
496 1657 555 1691 (49)
568 1657 668 1686 deinde
682 1666 779 1687 omnes
791 1667 850 1694 eos,
871 1660 919 1695 qui
934 1668 990 1688 non
1004 1666 1184 1689 servaverunt
1199 1662 1302 1696 legem;
1318 1659 1409 1706 sciens
1423 1656 1633 1706 sed§m_“fli_uf‘

27 1696 140 1733 citiusque
153 1706 262 1728 eorum.
280 1700 347 1729 Dico
360 1701 406 1730 ei:
425 1701 526 1736 Quare,
540 1703 663 1739 inquam,
683 1703 812 1738 Domine,
830 1704 900 1733 alios
914 1705 1020 1733 dimisit
1032 1706 1061 1733 in
1076 1706 1186 1739 turrim,
1212 1705 1281 1733 alios
1298 1704 1346 1732 tibi
1369 1703 1414 1731 hic
1431 1701 1562 1737 reliquit?
1581 1699 1633 1730 Hi.

26 1740 108 1777 inquit,
120 1744 278 1782 quicunque
291 1748 462 1782 supergressi
476 1753 541 1775 sunt
554 1748 641 1784 legem
656 1757 739 1784 quam
757 1749 792 1778 ab
808 1757 843 1778 eo
859 1755 1035 1785 acceperunt,
1055 1750 1083 1778 in
1097 1758 1159 1778 mea
1179 1751 1266 1778 relicti
1282 1754 1346 1778 sunt
1364 1752 1515 1784 potestate;
1532 1751 1563 1774 ιιι
1584 1747 1634 1774 ad-

26 1790 153 1820 misson
171 1794 229 1830 (50)
247 1802 362 1823 suorum
386 1798 469 1830 agant
482 1794 690 1829 paenitentiam;
707 1796 754 1831 qui
772 1800 864 1824 autem
882 1795 1076 1824 satisfecerunt
1090 1797 1141 1831 legi
1155 1800 1182 1824 et
1199 1799 1378 1841 servaverunt
1398 1801 1471 1841 eam,
1483 1793 1543 1841 διιδ-
1557 1792 1632 1841 illius

26 1840 140 1870 potestate
151 1845 224 1868 sunt.
242 1839 296 1874 Qui
310 1845 375 1869 sunt
393 1847 468 1875 ergo,
482 1839 608 1873 Domine,
624 1840 748 1875 inquam,
763 1841 791 1868 in
806 1841 903 1868 turrim
917 1845 1014 1869 euntes
1031 1840 1175 1868 coronati?
1186 1840 1233 1868 Ait
1252 1839 1319 1867 mihi
1332 1848 1339 1866 :
1355 1838 1518 1888 Quicunque
1537 1836 1631 1888 lue-tati

26 1888 77 1909 cum
87 1883 190 1913 diabolo
203 1886 332 1914 vicerunt
343 1893 418 1918 eum,
434 1886 474 1914 illi
488 1891 553 1914 sunt
570 1887 707 1917 coronati.
723 1886 763 1914 Illi
779 1892 870 1915 autem
888 1891 963 1920 sunt,
976 1887 1024 1922 qui
1040 1891 1071 1915 ut
1093 1890 1234 1915 servarent
1245 1887 1344 1922 legem,
1367 1883 1488 1920 perpessi
1502 1887 1567 1911 sunt
1579 1883 1634 1909 ini-

24 1934 68 1962 qua
78 1930 139 1967 (51).
159 1931 199 1960 llli
215 1940 294 1967 vero,
307 1934 356 1969 qui
371 1933 473 1961 virides
492 1933 585 1969 virgas
602 1933 806 1969 pampinosque
827 1933 887 1961 sine
904 1932 995 1961 fructu
1016 1933 1149 1961 habentes
1166 1932 1352 1965 tradiderunt,
1376 1933 1489 1965 propter
1506 1928 1631 1957 eamdem

24 1975 117 2008 quidem
131 1977 215 2014 legem
239 1980 413 2008 vexationem
432 1980 633 2014 sustinuerunt,
655 1988 710 2008 non
725 1981 855 2009 obierunt
868 1985 960 2009 autem
974 1986 1090 2009 mortem
1113 1980 1189 2016 (52);
1209 1980 1257 2009 sed
1273 1986 1323 2007 nec
1343 1978 1547 2013 abnogaverunt
1567 1983 1633 2003 san.

24 2023 82 2048 ctam
93 2023 145 2059 (55)
157 2024 257 2061 legem.
269 2025 303 2053 Hi
318 2034 394 2059 vero,
410 2027 458 2062 qui
475 2026 588 2060 virides,
600 2026 673 2054 sicut
687 2031 859 2062 acceperant,
874 2027 1060 2061 tradiderunt;
1074 2026 1191 2054 modesti
1201 2030 1266 2055 sunt
1276 2032 1358 2063 atque
1370 2027 1485 2063 justi,et
1495 2026 1542 2061 qui
1553 2025 1632 2053 valde

23 2073 79 2100 Pura
91 2077 175 2100 mente
192 2074 321 2102 vixerunt
332 2079 361 2102 et
372 2074 562 2103 custodierunt
575 2074 704 2102 mandata
725 2074 783 2103 Dei.
800 2074 917 2110 Reliqua
934 2079 1028 2103 autem
1047 2075 1129 2109 scies,
1143 2082 1207 2103 cum
1223 2075 1437 2104 consideravero
1459 2074 1521 2102 illas
1533 2074 1629 2110 virgas

23 2123 79 2150 quas
92 2118 206 2153 plantavi
225 2126 255 2150 et
269 2122 393 2158 irrigavi.

728 2158 844 2187 CAPUT
867 2158 913 2188 lV.

49 2206 106 2237 Post
117 2218 217 2246 paucos
230 2220 299 2243 vero
312 2213 372 2242 dies
381 2214 484 2243 reversi
496 2222 611 2248 sumus;
627 2214 779 2250 eodemque
792 2214 854 2242 loco
867 2213 991 2243 consedit
1002 2213 1116 2242 nuntius
1129 2213 1176 2242 ille
1187 2213 1367 2250 magniﬁcus;
1383 2221 1435 2249 ego
1450 2217 1542 2242 autem
1553 2213 1629 2241 astili

556 2281 675 2311 VARIAE
694 2282 888 2311 LECTlONES
905 2282 951 2311 ET
969 2281 1085 2311 NOTJE.

109 2339 153 2383 Sic
166 2341 260 2383 [:‘ellus
271 2350 304 2383 ex
317 2342 413 2383 Lamb.
431 2343 475 2370 Al.
493 2342 635 2383 omittunt,
652 2350 712 2369 cum
721 2350 762 2383 eo.
942 2341 1040 2383 Lamb2
1054 2342 1134 2383 hu_mo
1143 2342 1358 2383 νεειξρςαελβοᾱι.
1373 2342 1483 2383 hutnore
1492 2349 1622 2378 perceplo.

49 2342 84 2371 (3‘!
110 2342 153 2370 Sic
166 2342 260 2371 Fellus
271 2350 304 2370 ex
317 2342 413 2371 Lamb.
431 2343 475 2370 Al.
493 2342 635 2375 omittunt,
652 2350 712 2369 cum
721 2350 762 2369 eo.
884 2342 930 2376 45)
942 2342 1040 2369 Lamb.
1054 2342 1134 2368 humo
1143 2347 1267 2375 receptas.
1281 2342 1358 2370 Bodl.
1373 2342 1483 2382 [tumore
1492 2350 1534 2375 pel

48 2342 97 2416 βξ)
109 2375 200 2405 Lamb.
214 2386 258 2418 eos
273 2380 353 2411 viros,
368 2379 395 2405 in
415 2385 529 2418 quorum
545 2377 626 2418 uirgis
647 2377 786 2412 pampinom
945 2376 1011 2418 Mss.
1024 2377 1105 2418 4mg]:
1120 2377 1248 2418 praecisis.
1263 2376 1310 2405 Sic
1323 2382 1351 2405 et
1364 2377 1431 2405 edit.
1445 2375 1534 2404 Oxon.

21 2411 204 2448 "utjngenerat
217 2414 334 2448 fructum
348 2420 355 2440 .'
369 2411 484 2446 omisso,
498 2411 618 2440 nuntius.
648 2411 652 2412 ⁷
711 2411 714 2412 ⁷
872 2412 929 2448 (45)
946 2412 1011 2448 Mss.
1025 2411 1108 2448 Angl.
1122 2413 1236 2440 nomine.

48 2444 95 2483 (ἒξ)
106 2446 197 2483 Lamb.
213 2444 324 2481 desunt,
339 2449 394 2476 sine
408 2444 508 2482 fructu.
568 2481 599 2483 __V
660 2482 664 2483 ν
696 2481 701 2483 _
728 2481 732 2483 _
872 2444 930 2483 (46)
955 2447 1052 2475 Lamb.
1073 2444 1143 2474 'ﬂwc
1163 2451 1253 2475 autem
1267 2446 1311 2474 lea:
1325 2446 1414 2474 Filius
1430 2445 1479 2474 Dei
1494 2452 1542 2481 est,
1557 2455 1626 2481 pm-

50 2480 200 2519 (3ﬁ)_Lamb.
215 2480 433 2519 quibus'jubeoot
448 2483 500 2511 ire.
514 2483 550 2510 At
568 2481 640 2510 Vict.
655 2481 785 2509 habebant
835 2480 947 2519 dicatas.

21 2520 60 2548 pro
66 2516 173 2553 iubebat.
222 2516 228 2519 ’
324 2516 330 2518 ⁷
833 2551 854 2553 ᾉ
872 2517 928 2552 (47)
944 2517 1010 2553 Mss.
1035 2517 1119 2553 Angl.
1131 2525 1242 2552 magnus
1257 2522 1282 2544 ει
1296 2516 1494 2553 (Ιιωιεειιειχιιει
1515 2521 1627 2553 quoque

48 2551 95 2592 (735)
108 2551 201 2592 lnamb.
217 2554 304 2586 deest,
318 2554 366 2581 ire.
402 2589 407 2592 _
426 2589 432 2592 _
531 2587 541 2592 _
693 2587 720 2592 η.
833 2550 902 2580 Felli
915 2553 981 2592 ed_it.
996 2550 1280 2592 Qitongﬂunelogqm
1296 2551 1390 2592 laudat
1402 2550 1533 2592 Origenes
1544 2550 1625 2592 Coki-

49 2585 178 2622 (ὅθὶβοίη.
194 2594 222 2616 et
237 2585 333 2617 Lamb.
354 2589 514 2616 reviviscere.
531 2587 570 2615 Ita
588 2594 669 2622 sape.
693 2587 739 2615 Sic
757 2591 785 2614 et
833 2592 915 2615 ment.
938 2589 968 2615 in
1000 2588 1097 2615 Matth.
1122 2591 1189 2614 tom.
1217 2586 1290 2620 XIV,
1305 2587 1372 2614 edit.
1398 2593 1461 2613 nov.
1486 2591 1553 2614 tom.
1582 2585 1624 2618 ll,

22 2625 73 2657 tnss.
89 2621 151 2650 Vict.
167 2629 193 2652 et
206 2624 300 2652 Carm.
317 2624 407 2651 Fellus
423 2628 514 2651 autem
530 2623 558 2650 in
576 2621 642 2650 edit.
661 2622 750 2650 Oxon.
762 2623 784 2650 u'
833 2630 896 2657 pag.
912 2623 976 2651 644.

23 2630 73 2648 mss.
92 2630 151 2650 net.
167 2630 193 2652 et
206 2630 300 2652 uarm.
317 2630 407 2651 renus
423 2630 514 2651 autem
530 2631 558 2650 ιιι
576 2630 642 2650 edit.
661 2630 750 2650 uxon.
762 2631 781 2650 ll

23 2655 75 2687 [σπι
86 2659 178 2691 possint
192 2661 357 2687 revirescere.

49 2691 96 2727 (57)
107 2692 198 2721 Lamb.
213 2695 312 2722 desunt
326 2703 334 2722 :
353 2693 417 2721 Dico
429 2693 488 2721 ei...
504 2693 669 2721 reuirescere.

833 2630 1037 2727 μῖιίεῗῗᾶπιι).
1053 2656 1133 2691 legem
1146 2662 1233 2683 suam.
1493 2691 1499 2697 _
1558 2691 1562 2696 I

881 2693 928 2727 49)
939 2693 1036 2719 Lamb.
1048 2700 1081 2718 ea:
1093 2693 1125 2718 iis
1137 2690 1235 2727 multa:
1248 2697 1366 2719 vexatas.
1381 2690 1442 2719 Illa:
1456 2699 1527 2719 eum
1541 2699 1562 2718 υι

49 2690 96 2727 (57⁷)
107 2692 198 2721 Lamb.
213 2695 312 2722 desunt
326 2703 334 2722 :
353 2693 417 2721 Dico
429 2693 488 2721 ei...
504 2693 669 2721 reuirescere.
870 2690 928 2727 (49)
939 2693 1036 2719 Lamb.
1048 2690 1084 2718 ei
1093 2693 1125 2718 iis
1137 2690 1235 2727 multa:
1248 2697 1366 2719 vexatas.
1381 2690 1442 2719 Illa:
1456 2691 1527 2719 enim
1541 2691 1621 2726 virga

48 2725 95 2767 (ἓξ)
109 2728 199 2767 Lamb.
214 2730 359 2767 humorem.
837 2725 1124 2767 leaé_est._Cogr105cens
1135 2725 1240 2767 deinde.

111 2762 200 2801 Lamb.
216 2764 362 2801 e/fwldanl.
385 2800 400 2801 η
468 2799 483 2801 μ
513 2800 517 2801 7
948 2762 1046 2801 Lamb.
1057 2762 1269 2801 commissorum.

110 2797 198 2833 Lamb.
212 2796 318 2833 effudit.
336 2799 414 2827 Bodl.
426 2799 553 2833 suffudit.
872 2796 930 2833 (5!)
946 2796 1022 2833 Bodl.
1038 2796 1148 2833 injuria.

59 2801 96 2828 W)
110 2801 198 2827 Lamb.
212 2801 318 2834 effudit.
336 2801 414 2827 Bodl.
426 2801 553 2833 suffudit.
885 2801 930 2833 5|)
946 2801 1022 2824 Bodl.
1038 2801 1148 2831 injuria.

59 2832 96 2865 “l
110 2832 199 2862 ιθπηυ-
211 2835 305 2870 έυεείιο
872 2801 934 2884 ἓξὲξ
946 2832 1246 2884 temeratae
1256 2831 1351 2884 lar}:-

60 2866 96 2884 on
110 2867 157 2884 Il...
187 2870 249 2884 a..-t
277 2870 416 2884 ,.,ι-,...,.,,..
432 2870 471 2884 ιη.

50 2866 96 2902 (4‘2)
109 2867 168 2896 Mss.
183 2866 261 2905 Afigl.
274 2870 416 2906 adaqualae
430 2870 481 2896 Ιιιτ.
874 2866 934 2891 PS?“
951 2866 1018 2895 “ss.
1031 2866 1198 2901 Ang|.,Vic(.
1215 2871 1242 2895 et
1256 2867 1348 2895 Carm.
1364 2876 1452 2896 suam.
