1920 3104
258 129 311 157 975
976 127 1004 155 S.

1120 128 1161 156 [ΑΞ
1837 130 1878 157 976

254 188 289 214 ej.
316 187 393 213 Tunc
415 186 454 213 ait
479 185 545 212 mihi
569 194 576 212 :
621 185 756 220 Succinge
787 183 855 219 (54)
887 188 913 211 te
947 184 1067 218 sabano,
1089 189 1116 212 et
1145 183 1270 211 ministra
1288 184 1367 212 mihi.
1397 184 1526 215 Succinxi
1554 192 1599 213 me
1633 186 1740 214 sabano
1763 188 1878 221 mundo,

254 234 328 268 quod
350 236 408 260 erat
430 231 532 259 factum
556 238 590 258 ex
608 238 700 258 sacco.
726 229 761 257 Ut
781 235 872 257 autem
901 229 969 256 vidit
997 237 1040 257 me
1068 231 1199 264 cinctum,
1215 235 1241 257 et
1267 236 1393 265 paratum
1423 231 1460 258 illi
1483 232 1540 267 (55)
1554 234 1721 267 ministrare,
1740 237 1800 264 ait:
1816 236 1879 265 Voca

253 282 328 309 viros
352 281 425 314 illos,
447 286 567 316 quorum
597 277 681 312 virga:
702 276 829 311 plantata:
854 280 928 308 sunt,
957 283 1007 302 suo
1036 283 1175 311 quemque
1204 276 1310 310 ordine,
1337 277 1408 304 sicut
1435 285 1615 312 porrexerunt
1641 281 1713 309 illas.
1749 282 1784 310 Et
1810 283 1881 311 duxit

254 337 299 356 me
326 329 354 356 in
384 334 527 361 campum;
555 330 580 353 et
610 323 704 351 vocavi
732 322 788 357 (56)
813 329 926 355 omnes;
953 322 1000 357 qui
1028 324 1110 350 etiam
1139 323 1258 351 universi
1282 324 1468 352 constiterunt
1488 328 1631 358 ordinibus
1654 330 1712 366 (57)
1744 332 1813 359 suis.
1842 332 1882 360 Ait

253 371 352 400 deinde
367 371 401 398 ad
414 370 475 397 illos
488 379 494 396 :
510 369 632 404 Quisque
645 369 748 404 virgam
762 376 840 396 suam
854 368 991 401 extrahat,
1004 373 1033 396 et
1048 369 1082 396 ad
1095 376 1138 396 me
1155 368 1261 397 atterat.
1280 369 1313 396 Et
1325 370 1413 404 primo
1427 371 1606 408 tradiderunt,
1625 377 1672 411 qui
1687 376 1784 404 aridas
1795 382 1822 404 et
1835 386 1881 412 pu-

254 421 340 448 tridas
352 419 517 447 habuerunt.
533 417 569 445 Et
580 425 698 453 quorum
712 417 768 452 (58)
783 417 900 452 putridae
912 421 938 444 et
951 417 1036 444 aridae
1057 422 1171 451 repertae
1187 423 1253 445 sunt
1263 418 1355 452 virgze,
1367 417 1451 453 jussit
1465 426 1512 447 eos
1534 425 1607 448 stare
1621 428 1759 450 seorsum.
1785 421 1883 450 Deinde

252 471 434 502 porrexerunt
448 466 495 501 qui
510 466 603 493 aridas
619 463 741 499 quidem,
758 462 806 490 sed
822 469 875 489 non
889 463 1014 497 putridas
1036 463 1201 490 habuerunt.
1219 464 1310 499 Aliqui
1326 471 1422 492 eorum
1445 466 1616 495 tradiderunt
1629 468 1721 504 virgas
1745 468 1805 503 (59)
1821 470 1882 496 viri-

253 515 301 543 des
314 524 322 543 :
337 516 449 552 quidam
473 522 538 542 vero
560 513 652 541 aridas
667 516 694 539 et
717 511 852 547 putridas,
869 511 943 539 velut
958 519 973 538 a
996 511 1068 539 tinea
1085 516 1184 539 tactas.
1201 511 1255 539 Eos
1269 512 1316 546 qui
1330 512 1431 540 virides
1456 514 1637 549 tradiderunt,
1661 516 1745 550 jussit
1761 524 1883 544 seorsum

253 566 325 589 stare
342 569 348 587 :
363 561 424 588 illos
439 567 504 587 vero
519 559 566 594 qui
582 558 673 586 aridas
687 562 714 585 et
729 556 853 592 putridas
867 557 1049 589 tradiderunt,
1063 565 1124 584 cum
1135 557 1232 593 primis
1247 562 1320 584 stare
1335 557 1393 593 (60)
1407 558 1501 593 jussit.
1523 559 1714 589 Porrexerunt
1734 561 1832 589 deinde
1846 562 1884 589 illi

252 610 299 645 qui
313 610 475 638 semiaridas
490 609 655 639 habuerant,
671 611 698 634 et
713 607 849 634 scissuras
871 606 1003 633 habentes
1019 615 1025 633 :
1044 606 1124 633 multi
1147 614 1181 633 ex
1207 606 1261 633 illis
1284 605 1385 634 virides
1408 611 1600 641 porrexerunt,
1616 614 1667 635 nec
1682 608 1822 635 scissuras
1839 609 1883 636 ha-

253 657 365 689 bentes;
381 656 491 691 quidam
507 662 573 683 vero
586 656 700 688 virides,
715 655 857 690 pampinos
873 654 1015 686 habentes.
1031 660 1059 682 et
1073 655 1100 682 in
1116 655 1254 690 pampinis
1268 654 1402 687 fructum,
1419 655 1491 682 sicut
1505 655 1543 682 illi
1557 656 1605 691 qui
1620 655 1647 683 in
1663 657 1761 684 turrim
1780 657 1886 684 iverunt

252 705 385 733 coronati.
407 705 459 737 Alii
483 709 665 739 porrexerunt
689 703 792 735 aridas,
817 707 846 731 et
861 711 916 730 non
935 704 1069 738 putridas.
1087 703 1204 737 Quidam
1218 711 1284 731 vero
1298 704 1371 731 sicut
1386 703 1505 738 fuerant,
1529 702 1692 730 semiaridas
1708 707 1735 729 et
1750 702 1887 731 scissura!

252 753 393 781 habentes.
413 751 501 780 Iussit
518 759 742 788 unumquemque
755 759 851 779 eorum
866 759 989 780 seorsum
1005 756 1094 785 stare;
1112 752 1180 779 alios
1194 759 1245 779 suo
1261 759 1399 787 quemque
1415 753 1512 780 ordine
1523 749 1590 786 (6i).
1605 750 1675 778 alios
1692 757 1833 778 seorsum.

980 799 1094 828 CAPUT
1124 799 1157 827 V.

286 847 389 876 Deinde
400 851 581 882 porrexerunt
597 847 643 883 qui
667 848 819 875 habuerant
833 847 890 884 (62)
904 847 1005 875 virides
1021 848 1131 883 quidem
1154 848 1257 884 virgas,
1273 849 1321 876 sed
1344 848 1482 877 scissuras
1497 848 1639 876 habentes.
1655 847 1688 875 lli
1706 854 1808 875 omnes
1822 847 1887 874 viri-

250 896 298 924 des
311 896 491 928 tradiderunt,
507 903 613 931 suoque
627 895 724 923 ordine
739 899 884 923 steterunt.
907 895 1044 923 Gaudium
1062 900 1153 923 autem
1175 903 1207 924 ex
1224 896 1268 924 his
1283 896 1404 932 percepit
1417 897 1462 924 hic
1477 896 1575 923 Pastor
1589 915 1598 928 ,
1609 894 1683 930 quod
1699 901 1800 922 omnes
1815 893 1886 928 poli-

250 949 284 972 tte
299 944 356 980 (65)
374 948 477 977 essent,
494 949 521 972 et
531 943 725 979 deposuissent
740 944 878 972 scissuras
901 951 977 972 suas.
992 943 1096 972 Deinde
1113 949 1307 980 porrexerunt,
1330 946 1378 980 qui
1393 944 1536 973 dimidiam
1550 944 1678 976 viridem,
1693 947 1722 970 et
1740 941 1886 970 dimidiam

247 993 354 1021 aridam
370 993 543 1021 habuerant:
558 993 740 1027 quorumdam
756 1000 822 1020 vero
837 993 952 1021 inventae
967 998 1031 1021 sunt
1043 997 1109 1021 tota:
1122 993 1239 1026 virides;
1263 994 1379 1021 aliorum
1396 992 1565 1021 semiaridze:
1599 989 1719 1016 aliorum
1740 987 1847 1014 virides
1861 991 1886 1014 et

249 1040 392 1075 pampinos
404 1040 535 1067 habentes
546 1039 614 1075 (64).
625 1039 657 1066 lli
666 1046 762 1067 omnes
770 1038 877 1067 dimissi
890 1043 955 1067 sunt
970 1039 1162 1074 unusquisque
1174 1040 1200 1067 in
1210 1048 1290 1067 suum
1303 1040 1424 1067 ordinem
1435 1038 1502 1073 (65).
1517 1036 1703 1065 Tradiderunt
1717 1034 1777 1070 (66)
1789 1033 1886 1061 deinde

249 1087 296 1120 qui
306 1086 459 1114 habuerant
476 1087 545 1114 duas
556 1091 649 1121 partes
660 1087 799 1122 virgarum
813 1094 927 1115 suarum
941 1087 1053 1119 virides,
1066 1087 1232 1123 tertiamque
1242 1088 1347 1115 aridam
1361 1087 1456 1115 :multi
1469 1094 1503 1114 ex
1521 1087 1561 1114 eis
1574 1084 1676 1112 virides
1690 1086 1885 1119 porrexerunt;

250 1134 329 1162 multi
344 1134 526 1168 semiaridas;
542 1135 634 1162 czeteri
649 1142 716 1162 vero
733 1135 825 1163 aridas
843 1139 870 1163 et
882 1143 937 1162 non
949 1136 1084 1171 putridas.
1105 1135 1138 1164 Hi
1154 1144 1250 1164 omnes
1260 1135 1368 1164 dimissi
1391 1140 1455 1163 sunt
1480 1135 1507 1162 in
1521 1142 1600 1163 suum
1616 1133 1735 1169 quisque
1746 1132 1885 1160 ordinem.

250 1183 353 1211 Deinde
365 1182 553 1218 porrigebant,
572 1182 619 1216 qui
635 1181 787 1209 habuerant
802 1182 829 1209 in
844 1182 929 1217 virgis
943 1183 1001 1210 suis
1017 1183 1085 1211 duas
1113 1187 1204 1218 partes
1219 1183 1321 1215 aridas,
1339 1181 1504 1216 tertiamque
1517 1181 1633 1208 viridem
1651 1188 1659 1207 :
1673 1178 1756 1207 multi
1775 1186 1885 1213 quoque

248 1239 282 1259 ex
298 1230 339 1258 eis
353 1234 536 1266 porrexerunt
548 1229 726 1262 semiaridas;
743 1229 854 1264 quidam
869 1237 934 1258 vero
949 1230 1039 1258 aridas
1054 1235 1081 1257 et
1092 1230 1230 1266 putridas;
1248 1230 1293 1257 alii
1310 1234 1400 1257 autem
1416 1229 1579 1257 semiaridas
1589 1233 1616 1256 et
1630 1228 1772 1256 scissuras
1786 1228 1886 1255 habeo-

253 1284 313 1306 tes:
330 1278 411 1313 pauci
426 1285 492 1305 vero
508 1277 620 1304 virides.
640 1275 673 1303 Hi
689 1276 772 1311 igitur
784 1284 880 1304 omnes
903 1277 1086 1305 constiterunt
1105 1277 1133 1304 in
1155 1285 1206 1305 suo
1233 1278 1350 1313 quisque
1367 1277 1464 1305 ordine
1488 1276 1557 1311 (67).
1573 1276 1675 1304 Deinde
1688 1282 1884 1311 porrexerunt.

247 1327 294 1360 qui
307 1325 418 1353 tertium
431 1323 490 1359 (68)
506 1323 659 1350 habuerant
683 1321 781 1354 viride,
808 1322 945 1357 reliquum
966 1331 1030 1351 vero
1044 1323 1150 1350 aridum
1168 1333 1174 1351 ;
1191 1324 1290 1351 horum
1307 1324 1391 1359 virga:
1411 1323 1509 1357 maiori
1535 1332 1567 1352 ex
1589 1330 1667 1359 parte
1682 1323 1808 1352 inventae
1825 1328 1886 1352 sunt

249 1370 364 1403 virides,
380 1368 554 1397 ramusculos
569 1367 713 1400 habentes,
729 1372 756 1394 et
770 1367 796 1394 in
813 1367 853 1395 eis
868 1369 1034 1396 ramusculis
1051 1368 1188 1402 fructum;
1204 1374 1231 1396 et
1253 1369 1364 1404 reliqua:
1379 1370 1479 1397 virides
1500 1373 1574 1397 tota.
1591 1369 1629 1397 Ex
1649 1371 1694 1398 his
1711 1370 1802 1406 virgis
1823 1378 1886 1406 gau-

247 1418 322 1444 dium
336 1416 510 1443 vehementer
526 1413 645 1449 percepit
657 1418 750 1448 pastor
766 1414 821 1447 ille,
837 1415 901 1449 quia
915 1415 956 1442 sic
971 1415 1111 1444 invenerat
1126 1423 1183 1443 eas.
1197 1416 1331 1443 Abierunt
1343 1420 1370 1443 et
1386 1415 1424 1443 illi
1438 1416 1465 1443 in
1480 1416 1590 1443 ordines
1615 1423 1692 1444 suos.

978 1469 1092 1497 CAPUT
1118 1469 1160 1497 Vl.

282 1518 430 1553 Postquam
447 1520 538 1544 autem
554 1516 677 1543 omnium
691 1516 748 1552 (69)
765 1516 854 1552 virgas
868 1517 1080 1549 considerasset.
1103 1518 1141 1544 ait
1155 1517 1221 1544 mihi
1235 1527 1242 1544 ε
1258 1517 1385 1545 Dixeram
1399 1517 1460 1550 tibi,
1477 1519 1604 1547 arborem
1626 1520 1700 1548 hanc
1712 1520 1836 1556 diligere
1848 1523 1887 1547 γέ.

247 1571 314 1594 tam.
330 1565 421 1598 Vides,
437 1565 510 1600 quod
525 1565 582 1600 (70)
596 1564 674 1591 multi
688 1569 802 1600 egerunt
816 1565 1004 1599 pcenitentiam
1015 1585 1022 1598 ,
1039 1570 1066 1592 et
1080 1565 1199 1592 assecuti
1215 1569 1279 1592 sunt
1294 1565 1424 1592 salutem.
1444 1563 1541 1598 Video,
1557 1565 1687 1599 inquam,
1705 1565 1838 1594 domine.
1856 1566 1887 1594 Et

246 1612 329 1645 scias,
344 1611 443 1646 inquit,
455 1610 604 1638 bonitatem
620 1615 647 1638 et
658 1611 830 1639 clementiam
846 1611 955 1638 Domini
971 1619 1109 1647 magnam,
1128 1616 1156 1639 et
1178 1612 1368 1640 honorandam
1384 1612 1442 1648 (71)
1455 1620 1527 1645 esse,
1548 1613 1597 1648 qui
1612 1613 1688 1641 dedit
1703 1614 1843 1649 spiritum
1856 1615 1887 1642 iis

246 1657 293 1692 qui
312 1656 385 1692 digni
399 1661 478 1684 erant
488 1664 568 1691 agere
583 1656 639 1691 (72)
656 1656 855 1691 penitentiam.
872 1655 905 1683 Et
918 1657 996 1685 dixi:
1013 1656 1103 1690 Quare
1120 1665 1198 1692 ergo,
1212 1656 1337 1691 Domine,
1355 1665 1410 1685 non
1427 1665 1523 1687 omnes
1540 1664 1656 1695 egerunt
1669 1661 1887 1694 paenitentiam!

246 1706 294 1732 Ait
309 1705 376 1732 mihi
390 1714 397 1732 :
417 1704 541 1738 Quorum
556 1705 661 1732 viderat
676 1704 870 1741 (75)Dominus
889 1713 975 1741 puras
987 1710 1092 1734 mentes
1113 1705 1232 1739 futuras,
1249 1711 1277 1735 et
1293 1707 1443 1735 servituros
1458 1706 1482 1734 ei
1505 1714 1538 1734 ex
1551 1708 1616 1734 totis
1629 1707 1815 1742 praecordiis;
1837 1708 1887 1735 illis

246 1753 343 1780 tribuit
365 1753 565 1787 paenitentiam.
584 1753 618 1780 At
639 1760 759 1787 quorum
781 1754 888 1788 aspexit
910 1754 1003 1781 dolum
1019 1759 1046 1781 et
1062 1754 1211 1789 nequitias,
1232 1759 1259 1782 et
1280 1755 1474 1782 animadvertit
1496 1754 1530 1782 ad
1552 1762 1582 1782 se
1596 1753 1734 1781 fallaciter
1759 1761 1888 1782 reversu-

246 1808 292 1829 ros
306 1800 375 1836 (74),
389 1800 495 1836 negavit
509 1800 542 1828 iis
557 1800 591 1828 ad
603 1801 793 1835 pmnitentiam
810 1809 976 1837 regressum,
991 1809 1024 1829 ne
1045 1809 1143 1830 rursus
1163 1802 1250 1837 legem
1264 1801 1327 1836 ejus
1342 1801 1469 1830 nefandis
1483 1801 1681 1829 maledicerent
1693 1801 1801 1829 verbis.
1825 1802 1887 1829 Dico

246 1849 271 1875 ei
286 1858 292 1875 :
310 1847 388 1875 Nunc
400 1848 482 1880 mihi,
499 1848 621 1882 domine,
636 1848 808 1882 demonstra,
820 1849 910 1884 qualis
926 1849 962 1876 sit
977 1848 1035 1884 (75)
1048 1849 1126 1877 locus
1138 1850 1274 1885 cujusque
1285 1857 1381 1877 eorum
1394 1849 1442 1884 qui
1453 1850 1544 1884 virgas
1559 1847 1753 1882 reddiderunt,
1767 1854 1795 1876 et
1808 1849 1887 1876 sedes

245 1904 340 1924 eorum
356 1895 412 1931 (76)
427 1905 433 1923 :
450 1900 481 1923 ut
496 1896 598 1924 auditis
615 1896 658 1924 his
672 1901 700 1924 et
714 1897 837 1930 creditis,
851 1896 869 1924 ii
881 1897 928 1932 qui
951 1904 1005 1924 non
1017 1897 1208 1925 custodierunt
1228 1897 1375 1933 integrum,
1388 1897 1436 1925 sed
1454 1897 1657 1931 dissipaverunt
1670 1896 1796 1931 sigillum
1814 1896 1887 1931 quod

245 1948 419 1978 acceperunt,
442 1942 541 1978 agnitis
554 1943 612 1969 suis
633 1942 724 1975 factis,
739 1943 929 1978 paenitentiam
951 1947 1050 1976 agant;
1071 1947 1099 1970 et
1110 1947 1223 1978 accepto
1238 1951 1252 1970 a
1268 1947 1294 1970 te
1309 1943 1409 1978 sigillo.
1423 1943 1541 1971 Domino
1563 1942 1629 1970 dent
1641 1942 1782 1970 honorem
1803 1942 1864 1977 (77)
1878 1963 1885 1974 ,

245 1990 318 2025 quod
330 1991 366 2018 sit
377 1997 459 2025 super
473 1989 529 2025 (78)
544 1996 592 2017 eos
608 1994 700 2017 motus
713 1990 859 2017 clementia
873 1997 934 2023 sua,
951 1994 976 2017 et
989 1989 1097 2017 miserit
1112 1994 1148 2023 te,
1160 1995 1190 2017 ut
1201 1989 1317 2025 spiritus
1327 1997 1424 2017 eorum
1439 1996 1565 2016 renoves.
1579 1987 1664 2021 Audi,
1678 1987 1774 2022 inquit
1787 1997 1795 2015 :
1810 1987 1886 2019 Quo-

245 2047 306 2067 rum
319 2039 401 2074 virga:
415 2038 498 2066 aridas
513 2042 540 2065 et
554 2036 670 2072 putrida:
685 2041 801 2070 reperta:
815 2041 889 2068 sunt,
905 2036 1018 2063 etlvelut
1031 2044 1046 2064 a
1058 2036 1130 2063 tinea
1142 2040 1237 2068 tactae;
1252 2036 1279 2063 hi
1296 2040 1361 2064 sunt
1372 2034 1531 2070 transfugae,
1543 2039 1570 2062 et
1587 2033 1645 2070 (79)
1659 2033 1797 2062 Ecclesiae
1819 2041 1884 2068 pro-

789 2097 909 2125 VARLE
929 2097 1122 2125 LECTIONES
1139 2096 1184 2124 ET
1203 2096 1324 2124 NOTIE.

281 2147 338 2182 (54)
354 2146 419 2174 Mss.
438 2145 645 2182 Αηειηίηαίησι.
668 2144 784 2182 Etmox
800 2144 1033 2182 iucinmi.“Usita-
1083 2143 1360 2182 tunt_Tr_adiderui_it:

246 2175 301 2210 tam
326 2175 416 2208 autem
442 2175 544 2209 Graecis
570 2175 662 2207 vocem
680 2179 806 2212 σάϐανον,
832 2187 893 2213 qua:
917 2179 1032 2207 linteum
1119 2179 1176 2214 (67)
1192 2179 1310 2213 Conjicit
1325 2178 1457 2211 WakiuS,
1473 2176 1710 2214 librariirincuria
1726 2176 1779 2214 _hic
1795 2175 1880 2203 fuisse

246 2216 304 2243 sive
320 2216 466 2243 linteamen
483 2215 603 2244 denotat.
625 2221 702 2243 vetus
724 2212 858 2250 interpres
877 2215 922 2243 hic
940 2214 969 2241 in
983 2219 1035 2242 sua
1082 2212 1185 2250 omissa
1199 2212 1341 2250 sequentia
1355 2223 1361 2241 :
1377 2213 1494 2246 Quidam
1515 2213 1689 2250 porrigebant
1707 2212 1798 2246 virgas
1820 2219 1882 2238 sua:

247 2251 372 2286 versione
386 2250 516 2286 retinuit.
796 2247 805 2250 ⁷
1081 2249 1221 2284 paululum
1235 2247 1327 2286 aridas
1336 2248 1556 2286 ;_(aridun1euii_n
1569 2252 1627 2286 erat
1641 2247 1731 2286 ipsum
1746 2253 1883 2286 cacat.an

292 2285 336 2319 55;
355 2284 449 2311 Lamb.
467 2284 526 2311 sibi.
1081 2282 1213 2311 scissurux
1228 2292 1287 2312 vero
1307 2282 1447 2311 habebant.
1465 2283 1503 2310 De
1519 2283 1562 2310 his
1582 2283 1657 2310 enim
1680 2282 1712 2309 [it
1727 2282 1836 2309 mentio
1858 2282 1883 2308 in

265 2319 336 2354 ’(56)
351 2319 446 2346 Lamb.
464 2319 498 2346 Et
511 2320 602 2346 eduxit
617 2320 644 2345 in
664 2327 768 2353 campo,
782 2323 806 2344 et
820 2320 930 2347 vocavit.
1082 2320 1165 2354 hujus
1181 2319 1288 2346 similit.
1303 2327 1364 2354 cap.
1382 2320 1394 2346 l
1410 2324 1438 2346 et
1454 2319 1496 2345 10.

279 2328 336 2354 (ου)
351 2328 446 2346 ωιηυ.
464 2328 498 2346 ιιι
511 2328 602 2346 εαυςοιι
617 2328 644 2345 ιη
664 2328 768 2353 campo,
782 2328 806 2344 ei
820 2328 930 2347 vocavit.
1082 2328 1118 2347 nu
1133 2328 1165 2346 us
1181 2328 1288 2346 Slmllll.
1303 2328 1364 2354 cap.
1382 2328 1394 2346 ι
1410 2328 1438 2346 et
1454 2328 1496 2345 lU.

279 2355 336 2390 (57)
350 2354 417 2390 Mss.
433 2355 513 2390 Angl.
530 2355 691 2390 agminibus.
1086 2389 1094 2390 ί
1117 2328 1234 2390 (68)]31
1251 2354 1326 2382 Folio
1343 2362 1409 2382 mss.
1426 2355 1505 2389 Angl.
1522 2353 1665 2380 minimum
1691 2360 1743 2387 pro
1761 2353 1881 2379 tertium.

279 2389 336 2425 (53)
350 2389 446 2417 Lamb.
460 2389 530 2425 quiq.
549 2389 555 2390 ⁷
1081 2389 1128 2418 Sic
1142 2394 1169 2416 et
1184 2389 1287 2417 Victor.

277 2426 334 2460 (59)
344 2425 440 2453 Lamh.
453 2426 527 2453 addit
540 2425 612 2452 auds.
627 2425 659 2452 Et
669 2433 732 2452 mox
742 2425 843 2453 omittit
856 2426 948 2453 aridas
962 2429 997 2452 et.
1117 2425 1174 2460 (69)
1190 2425 1288 2452 Lamb.
1305 2433 1405 2452 omnes.

278 2461 334 2496 (60)
357 2460 454 2488 Lamb.
480 2462 616 2495 primariis
642 2462 758 2489 trudere.
786 2460 863 2488 Bodl.
891 2462 1029 2495 primariis
1116 2460 1173 2496 (70)
1189 2460 1255 2496 Mss.
1271 2460 1351 2496 Angl.
1365 2468 1456 2495 quam.

241 2501 322 2524 atare.
1117 2495 1172 2530 (7i)
1190 2495 1240 2523 Ms.
1257 2495 1336 2530 Angl.
1351 2496 1498 2522 honestam.

276 2533 332 2567 (61)
347 2531 397 2559 Ms.
411 2531 490 2567 Angl.
506 2540 558 2567 suo
568 2532 799 2567 quoqueragmine.
818 2531 855 2558 lla
872 2539 952 2566 saepe.
975 2532 1026 2559 lla-
1116 2530 1173 2567 (:12)
1190 2530 1286 2567 Lamb.
1299 2531 1412 2565 diligunt
1427 2539 1514 2566 agerc.

241 2565 305 2594 bent
320 2567 401 2602 etiam
417 2565 521 2602 agmine
538 2565 606 2594 νῆα.
623 2565 649 2594 et
663 2565 755 2593 Carm.
913 2565 918 2566 ⁷
1112 2565 1175 2602 ((75)
1256 2565 1336 2602 ᾼηςι.
1355 2567 1431 2593 uidit.

276 2602 333 2637 (62)
346 2600 444 2630 Lamb.
459 2602 616 2629 habuerunt.
636 2602 682 2629 Sic
696 2608 723 2630 et
738 2602 819 2637 paulo
836 2606 908 2637 post,
923 2607 950 2630 et
965 2610 1030 2637 pas—
1116 2600 1173 2637 (74)
1189 2600 1285 2637 Lamb.
1306 2609 1431 2629 reversos.

242 2635 302 2664 sim.
325 2635 328 2637 ’
738 2635 745 2637 “
836 2635 844 2637 ’
967 2635 974 2637 ”
1116 2635 1173 2671 (75)
1187 2635 1233 2664 Sic
1248 2644 1315 2664 mss.
1332 2637 1412 2671 Angl.
1426 2641 1453 2664 et
1466 2635 1537 2664 Vict.
1555 2635 1601 2664 Sic
1613 2641 1642 2664 et
1657 2637 1727 2665 edit.
1741 2636 1838 2664 Oxon.
1849 2636 1882 2662 At

259 2640 302 2681 im:
388 2673 394 2678 .
518 2674 524 2679 _
638 2674 642 2677 _
795 2673 801 2679 ‘
833 2674 838 2679 .
993 2673 997 2679 Ι
1187 2640 1233 2676 sic
1248 2644 1315 2677 mss.
1332 2640 1412 2676 Angl.
1426 2641 1453 2677 et

259 2708 263 2711 _
276 2673 332 2708 (65)
344 2672 459 2711 Quidam
469 2681 506 2711 ex
518 2680 659 2708 mpressts
673 2673 776 2711 habent
792 2678 916 2711 rutilatae.
930 2672 972 2700 Al.
989 2681 1029 2700 tn-
1079 2672 1248 2711 ed1t_.m’ans.
1258 2673 1415 2711 _quts._quid
1431 2681 1465 2699 ιε.

244 2706 338 2735 ritalaé.
352 2710 387 2734 At
401 2716 452 2735 ms.
469 2706 564 2736 Lamb.
582 2708 687 2734 mutati.
703 2708 749 2735 Sic
765 2713 791 2735 et
806 2708 909 2736 Victor.
1116 2706 1172 2742 (76)
1188 2706 1284 2742 Lamb.
1303 2707 1425 2734 sederunt
1442 2707 1563 2734 ,ςίῑονδὶνηΔ

275 2743 331 2777 (bl)
347 2743 414 2770 Mss.
430 2745 508 2778 Angl.
527 2744 642 2770 aliorum
658 2744 795 2778 pampinos
807 2744 948 2770 habebant.
1115 2742 1172 2776 (77)
1193 2741 1289 2769 Lamb.
1313 2748 1418 2776 accepto
1434 2743 1471 2769 uit
1491 2742 1593 2778 sigillo,
1611 2743 1738 2775 Domine,
1753 2743 1821 2770 dent
1834 2743 1880 2769 Ito-

276 2778 331 2814 (65)
355 2778 398 2806 Al.
427 2780 605 2814 unusquisque
630 2780 657 2805 in
685 2787 732 2805 suo
763 2779 855 2806 ordine
883 2784 1024 2806 steterunt.
1079 2786 1179 2814 norem.

244 2811 356 2848 Deinde.
502 2811 506 2814 ⁷
562 2811 568 2814 ’
1115 2813 1172 2848 (78)
1186 2811 1237 2840 Ms.
1253 2813 1333 2848 Angl.
1352 2814 1381 2840 in
1396 2821 1445 2848 pro
1458 2822 1546 2847 super.

281 2815 350 2840 inde.
418 2842 420 2845 ι
1128 2815 1172 2847 78)
1186 2815 1237 2840 Ms.
1253 2815 1333 2848 Angl.
1352 2815 1381 2840 in
1396 2821 1445 2848 pro
1458 2822 1546 2847 super.

278 2847 333 2882 (66)
350 2847 388 2874 Ita
407 2842 478 2875 rF‘clii
493 2849 576 2877 editio
598 2849 687 2879 Oxon.
714 2857 747 2877 ex
769 2849 864 2877 Lamb.
881 2849 922 2876 Al.
941 2849 1023 2877 omit-
1115 2815 1171 2884 (79)
1187 2849 1231 2875 Al.
1248 2853 1378 2876 omittunt
1399 2854 1435 2882 et,
1451 2851 1535 2884 .quod
1549 2850 1666 2879 exhibet
1691 2850 1757 2878 edit.
1783 2849 1868 2879 Oxon
