1920 3104
60 170 105 197 977
585 172 731 200 PASTOR.
751 190 785 195 -—
805 174 868 201 LIB.
888 175 932 202 Ill.
951 175 1049 202 SlMlL.
1071 176 1137 203 Vlll.
1622 180 1673 207 978

59 228 151 256 ditores
167 249 174 261 ,
190 228 236 263 qui
254 229 326 257 inter
341 230 446 265 reliqua
462 223 513 257 sua
535 230 645 264 delicta,
659 230 784 259 nefandis
798 232 890 259 verbis
910 231 1054 259 Dominum
1069 232 1194 260 insectati
1208 233 1275 267 (80),
1294 241 1393 261 nomen
1415 232 1475 269 ejus
1487 240 1671 269 negaverunt,

59 275 124 309 quod
139 282 219 309 super
232 283 282 304 eos
294 282 354 305 erat
377 278 550 306 invocatum.
570 278 602 306 Hi
619 280 703 315 igitur
719 287 816 308 omnes
830 281 933 308 mortui
959 286 1023 308 sunt
1045 281 1116 315 Deo;
1134 288 1215 316 atque
1228 282 1309 309 etiatn
1333 282 1470 309 neminem
1486 290 1581 310 eorum
1596 284 1673 311 vides

58 329 137 356 egisse
149 324 349 358 paenitentiam,
365 326 473 354 tametsi
489 326 626 354 audierint
641 328 771 355 mandata
789 336 860 361 mea,
877 336 937 363 qua:
951 332 981 356 tu
1004 329 1044 356 eis
1068 329 1206 365 protulisti
1228 339 1233 356 :
1251 329 1284 356 ab
1307 330 1464 365 hujusmodi
1477 338 1541 363 ergo
1556 331 1672 358 homini-

60 371 103 398 bus
117 371 190 399 abest
202 372 258 400 vita
276 373 343 409 (81).
362 373 395 401 Hi
411 382 523 410 quoque
540 376 587 410 qui
602 376 694 404 aridas
709 381 737 404 et
759 384 813 404 non
830 378 953 412 putridas
969 378 1150 410 tradiderunt,
1167 386 1222 405 non
1242 378 1339 413 procul
1353 379 1387 406 ab
1401 379 1457 415 (82)
1475 379 1526 407 illis
1541 379 1650 407 fuerunt
1662 400 1671 413 ,

59 420 105 447 ﬁcti
119 420 189 447 enim
204 426 294 453 erant,
311 426 338 449 et
350 422 490 450 doctrinas
503 431 602 458 pravas
614 424 775 458 intulerunt,
793 429 820 452 ct
833 429 1024 459 perverterunt
1037 433 1131 453 servos
1150 425 1212 458 Dei;
1229 426 1367 460 praecipue
1383 433 1430 453 eos
1441 425 1487 460 qui
1501 431 1671 461 peccassent:

58 474 104 493 nun
115 467 233 494 sinentes
245 475 294 495 eos
305 468 339 496 ad
353 469 543 503 paenitentiam
559 469 658 502 redire,
675 469 722 497 sed
743 469 877 497 doctrinis
895 469 978 497 fatuis
993 470 1159 498 detinentes.
1178 469 1211 497 Ili
1227 477 1293 505 ergo
1310 470 1412 496 habent
1430 470 1463 497 ad
1479 478 1554 505 spem
1566 478 1673 506 regres-

58 520 110 539 sum
123 521 130 540 :
145 518 228 548 atque
242 514 324 541 etiam
343 515 447 542 multos
457 515 532 543 vides
547 522 627 550 agere
644 517 845 550 paenitentiam,
863 526 897 545 ex
911 526 968 553 quo
982 518 1022 545 eis
1037 518 1165 546 mandata
1181 526 1240 545 mea
1256 518 1398 553 protuliSti
1413 527 1420 551 ;
1437 522 1464 545 et
1489 518 1578 545 adhuc
1593 524 1674 554 agent

57 561 246 595 pteniteutiam.
264 562 426 598 Quicunque
438 570 503 590 Vero
519 570 574 590 non
589 564 696 598 egerint
709 564 911 600 pmnitentiam,
925 565 943 592 ii
959 569 986 593 et
1007 563 1165 597 patientiam
1180 565 1367 600 perdiderunt,
1382 570 1410 593 et
1425 566 1509 593 vitam
1525 567 1581 602 (83)
1593 574 1671 595 suam

57 607 180 635 amittent.
191 608 282 636 Athis
296 609 343 643 qui
356 609 471 644 egerint,
487 617 585 636 murus
599 608 626 636 in
644 609 742 644 primis
756 610 840 644 ccepit
861 617 924 638 esse
938 610 1016 638 sedes
1034 609 1091 644 (84)
1116 617 1230 643 eorum;
1256 610 1367 644 quidam
1384 619 1448 639 vero
1463 612 1545 639 etiam
1566 612 1621 646 (85)
1644 612 1671 639 in

57 656 143 682 turrim
157 656 348 684 asoenderunt.
374 656 455 685 Vides
477 658 570 692 igitur,
596 658 695 693 inquit,
714 658 740 685 in
757 658 928 693 poenitentia,
946 658 1117 693 peccantium
1139 658 1229 685 inesse
1243 659 1344 694 vitam;
1365 667 1418 687 non
1434 660 1574 695 agentium
1607 667 1672 687 vero

57 703 241 737 paenitentiam,
254 709 370 732 mortem
386 710 518 740 paratam.

759 761 874 789 CAPUT
893 761 949 788 νη.

85 805 119 832 De
132 805 173 834 his
188 814 254 834 vero
268 806 314 841 qui
335 807 496 835 semiaridas
509 814 601 842 vtrgas
617 812 821 841 porrexerunt,
840 812 867 834 et
886 807 1022 835 scissuras
1039 807 1194 834 habuerunt
1206 827 1213 838 ,
1231 807 1305 835 audi.
1333 807 1456 841 Quorum
1483 806 1671 835 tantummodo

56 853 193 881 semiaridaa
207 860 288 882 erant
301 855 400 890 virgae;
416 855 443 882 hi
455 855 531 882 dubii
544 859 628 888 sunt;
645 863 696 882 nec
709 855 782 882 enim
800 855 853 882 vivi
870 860 944 887 sunt,
961 863 1011 882 nec
1027 855 1139 882 mortui.
1156 855 1191 882 At
1207 855 1233 882 hi
1248 856 1295 890 qui
1313 854 1479 882 semiaridas
1494 858 1521 881 et
1535 853 1672 881 scissuras

55 900 173 928 habentes
187 903 375 937 tradiderunt;
390 908 418 931 et
431 903 507 931 dubii
523 907 598 936 sunt,
613 907 640 930 et
653 903 777 930 maledici
790 924 798 936 ,
814 903 848 930 de
865 903 1024 931 absentibus
1038 903 1224 936 detrahentes,
1240 907 1268 930 et
1282 910 1422 937 nunquam
1443 902 1514 928 inter
1531 909 1561 929 se
1575 908 1671 935 pacem

56 947 185 981 habentes,
200 953 228 976 et
242 950 314 977 inter
328 958 357 977 se
374 950 431 986 (86)
448 951 611 979 invidentes.
630 951 663 979 Et
680 952 714 980 iis
728 952 838 986 quidem
854 952 994 986 proposita
1010 955 1051 979 est
1065 951 1224 986 poenitentia
1238 960 1245 977 :
1260 950 1336 978 vides
1354 950 1427 977 enim
1446 957 1479 976 ex
1503 949 1545 976 his
1563 949 1671 984 aliquos

56 998 184 1029 ptenitere.
200 997 364 1034 Quicunque
378 1006 443 1027 vero
457 1007 552 1027 eorum
568 1001 622 1028 cito
636 1005 753 1036 egerunt
764 1000 822 1035 (87)
839 999 1030 1035 pteuitentiam
1042 1019 1049 1031 ,
1075 999 1102 1026 hi
1119 999 1145 1025 in
1162 998 1232 1025 turri
1266 998 1367 1025 habent
1391 999 1482 1026 sedem
1498 1007 1504 1025 ε
1531 1003 1560 1025 at
1581 998 1600 1024 ii
1623 999 1671 1032 qui

56 1045 121 1073 tarde
131 1050 256 1081 egerunt,
269 1046 297 1073 in
310 1047 397 1075 muris
409 1047 533 1075 habitant
546 1047 613 1083 (88).
626 1047 679 1081 Qui
693 1056 758 1075 vero
771 1056 825 1075 non
837 1051 953 1083 egerunt
962 1046 1162 1082 ptenitentiam,
1177 1045 1223 1073 sed
1238 1045 1264 1072 in
1277 1046 1337 1074 suis
1348 1051 1558 1082 permanserunt
1571 1045 1651 1074 factis
1662 1066 1669 1078 ,

54 1097 130 1120 morte
142 1094 304 1122 morientur.
319 1095 354 1122 At
366 1102 432 1122 vero
448 1095 475 1122 hi
488 1096 535 1130 qui
549 1096 649 1123 virides
661 1096 770 1131 quidem
782 1096 885 1131 virgas,
899 1095 946 1123 sed
960 1095 1097 1123 scissuras
1111 1094 1241 1121 habentes
1256 1094 1441 1128 tradiderunt;
1457 1094 1548 1121 ﬁdeles
1563 1100 1672 1127 semper

55 1139 152 1169 fuerunt
165 1148 191 1170 et
205 1143 283 1175 boni,
299 1143 346 1171 sed
361 1143 493 1172 habentes
507 1144 577 1171 inter
591 1152 621 1172 se
636 1145 783 1180 quamdam
801 1144 932 1171 invidiam
947 1148 975 1171 et
989 1143 1077 1170 zelum
1094 1142 1150 1178 (89')
1163 1142 1196 1170 de
1211 1142 1364 1178 principatu
1377 1147 1404 1170 et
1414 1142 1554 1178 dignitate.
1569 1141 1671 1169 Verum

54 1196 137 1217 omnes
152 1190 310 1225 hujusmodi
327 1192 488 1227 insipientes
503 1191 560 1227 (90)
577 1196 641 1219 sunt
654 1197 682 1219 et
694 1192 774 1225 fatui,
787 1192 835 1227 qui
853 1192 954 1219 habent
968 1192 1038 1219 inter
1053 1199 1082 1219 se
1097 1190 1298 1218 aemulationem
1314 1189 1347 1217 de
1362 1189 1527 1224 principatu.
1544 1188 1670 1216 Attamen

55 1237 78 1263 bi
88 1257 95 1269 ,
107 1246 165 1266 cum
182 1239 238 1267 sint
253 1240 355 1275 alioqui
371 1240 436 1269 boni
448 1261 456 1274 ,
470 1241 494 1268 si
507 1240 608 1268 auditis
621 1241 759 1269 mandatis
773 1241 835 1268 istis
852 1240 908 1275 (9i)
925 1240 1132 1267 emendaverint
1147 1247 1176 1267 se
1186 1259 1194 1271 ,
1212 1236 1246 1266 et
1261 1238 1316 1266 cito
1332 1245 1379 1273 per
1403 1238 1558 1265 suasionem
1582 1244 1670 1263 meam

54 1286 102 1320 (92)
115 1287 215 1321 egerint
230 1288 439 1322 paenitentiam;
456 1287 483 1314 in
496 1287 566 1314 turri
579 1286 698 1321 denique
714 1286 844 1321 incipient
859 1286 993 1316 habitare,
1010 1285 1082 1313 sicut
1097 1288 1123 1311 et
1138 1284 1166 1311 hi
1181 1284 1227 1319 qui
1241 1289 1355 1319 egerunt
1370 1284 1450 1320 digne
1466 1284 1522 1318 (93)
1535 1284 1670 1319 paeniten-

54 1332 121 1360 tiam.
135 1334 211 1366 Quod
226 1335 250 1362 si
265 1335 328 1370 quis
342 1342 439 1362 eorum
453 1343 551 1363 rursus
566 1334 599 1362 ad
613 1336 815 1362 dissensionem
831 1334 959 1366 redierit,
977 1333 1123 1368 repelletur
1139 1332 1195 1368 (94)
1207 1340 1224 1359 a
1240 1333 1319 1365 turri,
1332 1337 1357 1360 et
1370 1333 1454 1360 vitam
1472 1340 1550 1360 suam
1566 1332 1668 1367 perdet.

55 1378 106 1407 Vita
117 1382 186 1409 enim
199 1389 297 1410 eorum
312 1383 359 1419 qui
372 1384 530 1412 custodiunt
550 1384 678 1412 mandata
701 1382 821 1416 Domini,
840 1383 867 1409 in
888 1382 1026 1410 mandetis
1042 1381 1186 1415 consistit;
1212 1389 1266 1408 non
1291 1380 1318 1408 in
1338 1381 1491 1416 principatu
1516 1385 1564 1408 aut
1579 1380 1671 1415 aliqua

55 1427 180 1462 dignitate.
196 1429 250 1458 Per
264 1431 422 1466 patientiam
437 1432 509 1459 enim
522 1436 549 1459 et
563 1432 745 1460 humilitatem
760 1431 859 1459 animae
889 1431 973 1458 vitam
989 1431 1115 1459 homines
1131 1435 1353 1465 consequentur;
1377 1436 1425 1463 per
1439 1428 1586 1456 seditiones
1606 1434 1671 1454 vero

55 1482 76 1503 et
84 1483 262 1514 contemptum
277 1480 345 1516 legis
363 1486 479 1509 mortem
496 1481 547 1508 sibi
563 1481 717 1516 acquirent.

755 1538 870 1568 CAPUT
891 1539 961 1566 Vill.

84 1581 130 1615 Qui
141 1591 203 1610 vero
217 1584 245 1612 in
260 1585 344 1620 virgis
359 1586 417 1614 suis
431 1586 575 1614 dimidium
591 1586 698 1614 aridum
711 1585 858 1617 habebunt,
873 1590 900 1614 et
914 1584 1059 1612 dimidium
1075 1583 1178 1617 viride;
1195 1584 1222 1610 hi
1247 1587 1311 1611 sunt
1336 1582 1569 1618 negotiationibus
1592 1581 1670 1608 invo-

56 1628 115 1662 luti,
136 1639 220 1667 neque
238 1634 359 1668 appliciti
381 1636 501 1663 sanctis:
519 1635 636 1670 ideoque
656 1635 738 1663 etiam
754 1635 898 1662 dimidiutn
913 1641 1009 1661 eorum
1024 1633 1110 1666 vivit,
1127 1632 1272 1659 ditnidium
1289 1638 1355 1658 vero
1372 1635 1509 1657 mortuum
1524 1633 1575 1656 est.
1593 1628 1670 1655 Multi

56 1674 126 1709 igitur
139 1685 170 1705 ex
184 1679 247 1712 illis,
263 1680 365 1708 auditis
379 1681 527 1714 mandatis,
540 1685 654 1716 egerunt
671 1680 858 1716 ptenitentiam
869 1701 876 1712 ,
892 1683 919 1706 et
934 1678 961 1705 in
975 1679 1043 1705 turri
1058 1677 1183 1705 habitare
1195 1683 1355 1711 coeperunt;
1370 1678 1482 1713 quidam
1494 1685 1559 1705 vero
1575 1685 1671 1705 eorutn

56 1722 78 1748 in
91 1728 166 1753 totum
184 1727 357 1755 destiterunt.
375 1728 424 1757 llis
439 1729 522 1764 igitur
536 1737 591 1756 non
606 1716 649 1756 est
664 1729 741 1756 locus
757 1728 941 1763 pmnitentim:
957 1734 973 1754 a
988 1726 1172 1762 negotiatione
1186 1727 1260 1753 enim
1274 1735 1334 1758 sua,
1352 1726 1469 1754 nefanda
1483 1727 1509 1753 in
1523 1725 1670 1754 Dominum

55 1767 125 1797 locuti
139 1778 209 1806 sunt,
225 1779 252 1801 et
263 1782 326 1801 eum
341 1775 555 1811 abnegaverunt.
573 1774 686 1810 Propter
709 1775 780 1802 hanc
797 1774 880 1809 igitur
902 1773 1053 1808 nequitiam
1080 1773 1233 1800 amiserunt
1255 1773 1350 1800 vitam.
1372 1772 1450 1800 Multi
1478 1781 1543 1800 vero
1569 1781 1603 1800 ex
1627 1773 1670 1799 his

56 1815 152 1846 dubiam
170 1826 286 1849 mentem
304 1822 461 1850 induerunt.
475 1823 573 1851 Adhuc
585 1828 612 1851 et
626 1823 660 1851 iis
672 1828 713 1851 est
727 1829 886 1858 regressus;
903 1822 948 1857 qui
964 1821 986 1849 si
1001 1822 1056 1849 cito
1071 1821 1259 1856 paenitentiam
1282 1822 1406 1857 egerint,
1432 1823 1459 1849 in
1485 1822 1553 1849 turri
1577 1824 1670 1850 sedem

57 1862 196 1901 habebunt;
212 1869 234 1896 si
251 1877 316 1897 vero
331 1871 434 1898 tardius
449 1872 564 1906 egerint,
580 1872 606 1898 in
621 1872 709 1899 muris
724 1871 904 1903 habitabunt;
920 1871 942 1898 si
956 1874 1047 1897 autem
1065 1877 1120 1896 non
1137 1870 1243 1904 egerint
1259 1869 1315 1903 (95)
1329 1888 1336 1900 ,
1362 1873 1478 1896 mortetn
1501 1869 1554 1896 sibi
1576 1868 1670 1903 acqui-

56 1917 115 1938 rent.
128 1913 159 1941 At
171 1914 197 1942 hi
212 1916 259 1951 qui
275 1917 344 1944 duas
359 1922 450 1952 partes
463 1918 602 1953 virgarum
620 1926 733 1946 suarum
750 1918 850 1946 virides
867 1918 1031 1950 habuerunt,
1051 1922 1078 1944 et
1093 1917 1201 1944 tertiam
1223 1917 1328 1944 aridam
1342 1925 1350 1950 ς
1374 1916 1560 1951 compluribus
1580 1914 1669 1942 modis

55 1959 177 1995 depravati
197 1965 253 2000 (96)
264 1985 272 1998 ,
295 1971 461 2001 negaverunt
474 1966 632 1994 Dominum.
648 1966 687 1994 Ex
704 1967 748 1994 his
763 1966 846 2000 igitur
862 1965 940 1992 multi
959 1969 1074 2000 egerunt
1088 1964 1275 1999 pcenitentiam
1286 1984 1294 1997 ,
1311 1968 1392 1999 atque
1408 1965 1443 1991 ita
1461 1963 1488 1990 in
1503 1963 1570 1990 turri
1588 1962 1668 1989 habi-

54 2011 102 2036 tare
111 2018 264 2046 cteperunt;
281 2017 308 2040 et
321 2014 396 2041 multi
412 2022 426 2041 a
444 2014 499 2041 Deo
515 2015 542 2042 in
561 2019 724 2050 perpetuum
740 2018 928 2042 recesserunt:
945 2013 984 2040 illi
1004 2013 1085 2047 igitur
1098 2013 1125 2039 in
1142 2017 1228 2039 totum
1244 2012 1397 2039 amiserunt
1412 2010 1495 2036 vitam
1512 2008 1580 2044 (97).
1596 2008 1663 2041 Qui-

54 2054 105 2083 dam
119 2065 179 2086 vero
193 2060 277 2087 dubia
291 2066 381 2088 mente
394 2067 536 2097 concepta,
551 2063 739 2091 dissensiones
754 2063 979 2090 concitaverunt:
997 2061 1031 2089 iis
1048 2061 1136 2089 adhuc
1153 2068 1293 2096 regressus
1309 2062 1360 2090 est,
1377 2058 1400 2085 si
1417 2058 1470 2084 cito
1485 2057 1590 2090 egerint
1604 2063 1663 2090 pm—

55 2101 199 2135 nitentiam,
217 2113 269 2133 nec
288 2106 473 2141 voluptatibus
491 2106 547 2143 (98)
570 2107 629 2135 suis
644 2108 774 2135 remorati
793 2107 911 2141 fuerint;
934 2107 957 2134 si
980 2111 1071 2134 autem
1094 2106 1295 2142 permanserint
1312 2105 1339 2131 in
1357 2104 1434 2131 factis
1451 2104 1526 2136 suis,
1549 2108 1665 2129 mortem

54 2145 96 2173 sibi
109 2151 254 2185 acquireut.

760 2199 874 2228 CAPUT
894 2199 939 2227 IX.

84 2253 128 2288 Qui
143 2264 204 2285 vero
217 2264 399 2292 porrexerunt
415 2262 505 2297 virgas
520 2270 595 2295 suas,
610 2271 726 2298 quarum
745 2264 805 2291 duae
820 2267 912 2297 partes
928 2262 1011 2289 arida:
1032 2262 1151 2294 fuerant,
1170 2266 1198 2288 et
1213 2261 1292 2288 tertia
1311 2260 1426 2292 viridis;
1448 2259 1539 2286 lideles
1557 2258 1666 2293 quidetn

55 2298 167 2338 fuerunt,
189 2307 235 2334 sed
258 2307 416 2342 locupletati
431 2313 457 2336 et
471 2310 620 2337 exsaturati
636 2309 693 2345 (99)
709 2309 789 2337 bonis
800 2329 807 2341 ,
822 2308 893 2343 apud
910 2312 1021 2335 exteras
1035 2312 1127 2341 gentes
1141 2307 1307 2334 celebriores
1325 2314 1385 2334 esse
1408 2305 1553 2339 cupierunt
1573 2304 1665 2340 (100),

588 2370 706 2399 VARIAS
727 2368 919 2398 LE-C-TIONES
935 2368 980 2396 ET
1001 2367 1119 2396 NOTZE.

150 2421 197 2460 Ms.
213 2424 294 2460 Angl.
312 2425 433 2455 insecuti.
912 2425 969 2460 (90)
991 2425 1087 2452 Lamb.
1104 2425 1212 2455 desunt,
1227 2423 1380 2458 insipientes
1395 2426 1431 2448 et.

151 2457 248 2497 _l:amb_.
258 2454 298 2497 ’ὶιιγ
311 2461 389 2489 habes
404 2454 452 2492 ἰώ.

992 2460 1056 2497 Mss.
1073 2460 1150 2497 Angl.
1166 2454 1238 2485 meis.
1325 2494 1331 2497 _
1442 2491 1510 2497 ,ηυγ
1540 2490 1558 2497 Ἀ
1594 2491 1597 2496 1

149 2492 222 2530 515s:
230 2494 311 2529 Angl.
324 2505 404 2530 prope
423 2490 466 2525 ab.
992 2495 1056 2521 Mss.
1071 2490 1149 2528 Angl.
1165 2494 1344 2530 persuasionis
1360 2501 1430 2530 sum;
1441 2491 1526 2530 Editt.~
1540 2490 1625 2518 Paris.
1639 2497 1664 2518 et

84 2525 133 2563 (3‘5)
152 2528 196 2556 Sic
212 2525 308 2558 Lamb.
325 2525 488 2561 Sic'ethlli
512 2535 576 2563 εάίι,
592 2534 680 2562 Oxon,
703 2535 746 2562 Αι,
765 2535 785 2561 ii
801 2539 825 2561 ει
876 2525 975 2557 Clerici
999 2525 1214 2562 persuasioném,
1240 2529 1381 2556 mendose.
1410 2527 1527 2563 Fabricii
1558 2534 1664 2562 quoque

54 2561 225 2599 Pwttitentiam,
240 2569 264 2591 et
281 2566 372 2594 vitam.
516 2561 537 2563 ⁷⁷
560 2561 565 2562 ⁷
602 2561 605 2562 ν
639 2561 644 2562 ⁷
875 2565 960 2592 editio
976 2561 1121 2599 typotbetae
1137 2564 1242 2591 incuria
1260 2564 1304 2590 hic
1321 2563 1392 2590 male
1405 2570 1435 2590 se
1449 2562 1540 2589 habet.

76 2595 133 2637 ,(84)
151 2595 243 2637 Lamb.
260 2601 287 2627 Ιιὶ
303 2603 348 2637 qui
365 2604 485 2637 egerint;
504 2614 596 2632 murus
618 2611 667 2632 erat
688 2606 770 2633 sedes.
794 2606 827 2633 At
912 2600 968 2637 (95)
988 2595 1084 2637 Emm-
1097 2600 1182 2637 (Ῐὲἷθδίν
1196 2599 1282 2634 digne-

56 2626 146 2676 ):tétof.
162 2636 245 2676 1mm}
261 2626 827 2676 ⁷ῥτᾷληῖὲἷέῗ’ἐστίίῖἶῶἶὼ’ἐιιῖἶῗΰὶιοὶὶἷ
912 2626 968 2676 ξε)ξᾷ
988 2636 1030 2676 ευ·
1048 2626 1200 2676 ἐπρειέςιιιὶ
1290 2669 1307 2676 __

55 2668 147 2709 suam?!
155 2669 176 2709 ii
189 2671 233 2704 qui
249 2668 365 2709 cperim,
383 2674 410 2699 in
427 2675 519 2708 primis
539 2677 622 2702 muris
638 2677 723 2709 ca’pit,
737 2677 791 2701 etc.
987 2670 1082 2709 £31111);
1097 2669 1158 2709 adfi-
1172 2669 1363 2709 ρωηὶιεμιιὶᾳηξ·
1469 2704 1484 2709 ,_
1543 2703 1549 2708 ,
1575 2703 1587 2709 η
1608 2703 1613 2708 _
1634 2703 1651 2709 __

155 2700 274 2745 lta'tuss:
290 2700 746 2745 Angli,Victor-aetheria:et
759 2710 824 2738 Fcili
987 2705 1053 2745 ΕΙδῇ
1068 2704 1149 2745 AnS';
1164 2700 1367 2745 9“?!"‘Plurim"3
1387 2704 1522 2740 θεηθνέθυε
1540 2703 1659 2738 ill/ma”-

54 2734 260 2779 οαῖξηοιρηφι,
278 2734 356 2769 ειίαῑιι
372 2734 496 2779 tam,
515 2734 539 2737 "
721 2734 746 2738 ν’
759 2734 770 2737 ·
910 2734 966 2779 (ῃ)
987 2740 1063 2779 post.
1081 2734 1271 2779 pett-tensam,

150 2773 223 2815 i_3_odl.
236 2777 340 2815 _des_unt
367 2771 437 2805 inter
453 2771 495 2808 se.
508 2780 604 2809 Lamb.
620 2782 693 2808 intra
704 2789 741 2808 se.

571 2781 604 2809 ιι).
620 2782 693 2808 intra
704 2789 741 2808 se.
1098 2775 1126 2801 in
1142 2774 1329 2815 voluntatibus.

94 2806 134 2851 ἐξ)
153 2808 468 2851 uss._Aqgt_._ge§semm.
484 2806 490 2808 '
687 2806 690 2807 '
910 2806 1083 2851 (saturi-ub.
1096 2811 1196 2851 ρπιιςιί,
1269 2845 1284 2851 Α
1481 2846 1486 2851 ,

153 2844 242 2881 [λεπτὼ.
256 2841 422 2875 Ιίᾶὺίἶαίηληι.
911 2841 986 2881 (100)
1007 2845 1071 2873 Mss.
1089 2845 1167 2881 Angl.
1185 2845 1343 2873 honestiores
1356 2854 1410 2873 esse
1426 2846 1541 2881 cupiere.

85 2875 133 2913 (⁸9)
152 2879 194 2909 Sic
205 2881 294 2910 Fcllus
311 2891 343 2910 ex
358 2883 454 2912 Lamb.
471 2885 513 2913 Al.
532 2887 736 2918 contentionem.
