1920 3104
41 129 84 157 969
583 123 728 151 PASTOR.
750 121 856 150 -—LIB.
878 121 922 149 ill.
941 122 1041 150 SlMlL.
1064 121 1120 149 νη.
1591 121 1645 148 970

777 181 870 210 APUT
891 181 921 210 V.

69 235 122 263 Dixi
135 235 159 262 ei
175 242 183 262 :
199 233 326 266 Domine,
340 231 473 269 quoniam
487 237 542 258 non
559 229 681 265 intelligo
696 181 998 263 omn?:(;lgtevmpora
1021 228 1079 256 haec
1093 227 1244 256 dulcedinis
1255 226 1400 262 voluptatis
1418 234 1450 255 ac
1463 234 1562 262 pceuaa,
1579 226 1649 254 luci-

39 282 92 309 dius
104 281 168 309 mihi
183 281 217 309 de
231 281 275 308 his
289 286 405 315 expone.
422 276 572 312 Respondit
592 276 669 309 mihi,
682 275 777 303 dicens
792 283 799 302 :
815 274 975 310 [nsipientia
989 273 1045 309 (96)
1060 279 1106 302 tua
1128 274 1177 301 tibi
1194 279 1399 309 perseveranter
1416 275 1539 304 inhaeret.
1555 274 1650 304 Nonne

39 328 73 354 vis
85 326 168 361 potius
184 330 304 354 mentem
319 329 392 352 tuam
406 323 562 359 pumicare,
571 325 598 348 et
611 320 665 348 Deo
678 320 800 348 servire?
814 317 891 352 Vide,
902 327 937 348 ne
951 319 1022 347 forte
1034 319 1089 355 (97)
1097 323 1218 355 tempore
1231 325 1337 353 exacto,
1350 325 1376 348 tu
1390 320 1519 356 insipiens
1531 323 1650 358 reperia-

41 373 82 400 ris.
94 371 160 399 Audi
176 368 500 405 nunc,quemadmodum
513 367 566 401 vis,
581 374 636 402 quo
654 365 762 394 facilius
773 365 918 401 intelligas.

68 418 117 453 (98)
135 417 164 445 '0
180 416 293 453 τρυφῶν
313 416 361 443 καὶ
378 413 567 450 ἀπατώμενος,
582 412 630 439 καὶ
650 412 780 447 πράσσων
796 410 806 438 5

901 411 954 444 Qui
971 419 1025 439 uno
1035 411 1079 438 die
1089 411 1257 440 commiserit
1269 420 1298 440 se
1312 408 1507 448 voluptatibus,
1518 422 1545 442 et
1557 414 1651 444 fecerit

40 463 165 500 βούλεται,
194 462 295 498 πολλὴν
320 460 475 498 ἀφροσύνην
500 459 652 487 ὲνδέδυται·
675 457 735 485 ἀντὶ
759 456 806 493 γὰρ

870 456 996 492 quidquid
1023 457 1124 492 appetit
1148 457 1257 485 animus
1283 457 1363 493 ejus,
1388 459 1504 494 plurima
1531 461 1649 496 repletur

39 510 79 544 τῆς
95 509 196 545 τρυφῆς
215 508 263 536 καὶ
285 508 393 543 ἀπάτης
412 506 531 541 ἑκάστης
554 504 670 541 ἡμέρας,
689 502 806 531 ἀποτίσει

870 502 988 536 stultitia,
1004 510 1055 530 nec
1070 502 1195 538 intelligit
1205 502 1271 538 quid
1284 504 1421 538 admittat;
1437 513 1469 534 ac
1481 506 1524 534 die
1539 512 1649 542 postero

40 556 140 591 βάσανον
151 555 284 591 μεγάλην,
300 552 420 581 ἐνιαυτὸν
434 553 468 588 τῇ
481 550 582 587 ἡμέρᾳ.

870 549 1045 582 Jbliviscitur,
1064 549 1129 584 quid
1148 548 1242 577 fecerit
1255 549 1312 585 (99)
1330 551 1433 586 pridie;
1446 552 1562 581 dulcedo
1576 555 1649 582 enim

39 604 185 639 etvoluptas
197 603 336 630 mundana
349 599 424 636 (l00)
440 599 542 627 nullam
564 597 725 626 menwriam
740 596 852 631 habent,
872 603 982 632 propter
997 597 1140 625 stultitiam
1164 605 1225 632 qua:
1249 597 1330 626 insita
1347 604 1390 628 est
1411 599 1475 628 illis.
1494 600 1563 629 Cum
1586 609 1651 631 vero

39 649 131 677 unodie
143 649 290 677 accesserit
305 647 409 677 homini
430 646 571 674 cruciatus
593 653 627 673 ac
654 652 746 680 pinna,
771 648 828 672 toto
852 651 925 671 anno
940 648 1099 679 torquetur;
1119 653 1246 681 magnam
1261 646 1334 674 enim
1353 649 1515 676 memoriam
1530 650 1651 685 possidet

38 703 115 730 ptena.
129 694 198 723 Toto
212 695 295 730 igitur
310 702 384 724 anno
402 695 499 724 dolens
519 693 646 722 meminit
659 702 666 727 ;
688 697 715 721 et
740 699 807 722 tunc
828 692 988 721 recordatur
998 692 1153 722 dulcedinis
1177 694 1251 722 illius
1263 702 1340 723 vanae
1352 696 1391 731 (l)
1406 704 1439 724 ac
1454 697 1612 733 voluptatis,
1623 707 1651 727 et

38 742 108 769 sentit
120 745 261 777 propterea
274 749 304 769 se
315 749 410 777 ptenas
424 742 490 777 pati.
508 741 671 778 Quicunque
700 741 784 778 Igitur
809 749 841 769 se
863 741 998 770 dulcedini
1016 746 1044 769 et
1059 742 1190 777 voluptati
1213 743 1261 770 tali
1282 743 1453 779 tradiderint,
1471 745 1511 774 sic
1527 747 1649 782 puniun-

39 792 76 815 tur
89 788 142 823 (2);
159 789 292 824 quoniam
308 789 391 816 vitam
406 789 550 823 habentes,
565 789 616 825 ipsi
633 798 664 818 se
677 789 794 817 reddunt
807 789 941 817 obnoxios
958 790 1050 818 morti.

65 835 113 862 Καὶ
126 835 197 870 λέγω
211 836 252 872 τῷ
268 835 391 872 ἀγγέλῳ·
409 837 487 864 Ποῖαι
511 837 614 873 τρυφαι
637 837 690 863 εῑσι
712 835 810 872 βλαὸι-

38 881 160 916 ραί;λέγε
179 890 235 917 μοι.
262 881 339 909 Πᾶσα
356 882 456 918 πρᾶξις
477 883 595 919 σαρκικὴ
610 883 698 919 τρυφή
724 883 808 914 ἐστιν,

36 926 75 953 νῦν
93 927 128 962 (5)
147 927 236 964 ἡδέως
259 929 332 954 ποιεῖ
356 928 450 965 αὐτήν.
468 928 516 965 [Ὀ
535 928 601 965 γὰρ]
626 928 751 964 ὀξύχολος
771 927 811 964 τῷ

37 974 117 1001 ἑαυτοῦ
131 974 210 1002 πάθει
228 973 261 1000 τὸ
278 975 368 1002 ἱκανὸν
384 975 469 1002 ποιῶν
491 976 598 1011 τρυφᾷ·
617 975 719 1011 ὁμοίως
735 974 782 1001 καὶ
797 975 812 1001 ό

37 1020 124 1056 μοιχὸς,
135 1020 181 1047 καὶ
192 1021 207 1047 ὁ
221 1020 347 1057 μέθυσος,
369 1022 416 1048 καὶ
438 1022 453 1048 ὸ
476 1021 639 1053 κατάλαλος,
653 1021 701 1048 καὶ
716 1020 730 1047 ό
744 1019 812 1056 ψεύ-

37 1074 100 1102 στης,
112 1067 158 1094 καὶ
171 1067 185 1094 ό
199 1066 376 1102 πλεονέκτης,
395 1067 441 1094 καὶ
455 1067 470 1094 6
485 1067 683 1103 ἀποστερητὴς,
700 1067 747 1094 καὶ
762 1067 812 1093 ὃσα

35 1111 146 1139 τοιαῦτα·
167 1112 294 1149 τρυφῶσι
314 1113 369 1150 γὰρ
387 1114 416 1140 ὲν
426 1115 460 1150 τῇ
481 1113 572 1140 αὐτῶν
597 1112 704 1148 πράξει.
727 1109 812 1140 Abeat

35 1157 58 1185 δὲ
73 1159 98 1186 αἱ
119 1158 231 1195 πράξεις
249 1158 378 1196 βλαϐεραι
396 1159 449 1186 εισι
469 1160 526 1191 τοῖς
546 1158 649 1190 δούλοις
664 1157 712 1185 τοῦ
730 1157 809 1185 Θεοῦ.

35 1204 85 1232 Εἰσὶ
99 1204 125 1231 δὲ
140 1205 186 1232 καὶ
198 1205 303 1241 τρυφαὶ
311 1204 445 1237 σώζουσαι
457 1206 520 1237 τοὺς
531 1203 700 1241 ἀνθρώπους.
716 1203 812 1231 Πολλοὶ

35 1250 80 1287 γὰρ
92 1251 175 1286 ἀγαθὰ
188 1250 368 1288 ἐργαζόμενοι
383 1251 531 1287 τρυφῶσιν.
545 1250 620 1286 Αὕτη
630 1247 676 1278 οὖν
688 1251 705 1285 ὴ
719 1250 809 1286 τρυφὴ

35 1299 81 1329 τοῖς
103 1297 201 1330 δούλοις
226 1297 276 1325 τοῦ
303 1297 371 1324 Θεοῦ
395 1298 575 1332 περιποιεῖται
603 1295 693 1334 ζωήν·
722 1298 750 1324 αἱ
778 1297 807 1324 δὲ

36 1341 214 1378 προειρημέναι
229 1342 333 1378 τρυφαὶ
345 1341 469 1377 βάσανον.

901 835 960 864 Dixi
989 838 1034 864 ei:
1051 837 1117 870 Quae
1139 841 1215 870 sunt,
1237 837 1355 872 domine,
1371 839 1522 875 voluptates
1545 843 1650 871 noxiae?

861 881 953 916 Omni,
982 883 1080 919 inquit,
1112 883 1215 911 homini
1237 884 1362 919 voluptas
1395 890 1436 914 est
1465 887 1649 923 quodcunque

860 927 978 958 libenter
992 929 1066 957 facit.
1086 928 1192 957 Etenim
1206 930 1354 959 iracundus
1371 932 1545 962 satisfaciens
1563 937 1646 963 mori-

863 975 915 1003 bus
929 976 986 1003 suis
1011 976 1125 1011 percipit
1144 976 1309 1011 voluptatem
1335 985 1430 1011 suam;
1453 984 1480 1006 et
1490 980 1607 1013 adulter,
1620 987 1648 1009 et

861 1020 986 1049 ebriosus
998 1021 1048 1058 (4),
1062 1026 1089 1049 et
1099 1022 1246 1055 detractor,
1259 1027 1285 1050 el
1300 1024 1416 1051 mendax
1431 1029 1458 1052 et
1479 1027 1604 1061 cupidus,
1621 1032 1650 1056 et

862 1066 1014 1101 fraudator,
1027 1073 1055 1095 et
1069 1068 1225 1103 quicunque
1244 1069 1280 1097 iis
1298 1069 1388 1098 simile
1402 1071 1504 1106 aliquid
1518 1073 1646 1108 admittit,

863 1113 959 1140 morbo
972 1121 1023 1141 suo
1033 1121 1143 1149 parens,
1155 1114 1270 1149 percipit
1279 1122 1313 1142 ex
1326 1123 1357 1143 ea
1370 1123 1400 1143 re
1411 1117 1588 1153 voluptatem.
1601 1119 1648 1148 Ilua

862 1165 958 1186 omnes
973 1158 1130 1186 dulcedines
1148 1166 1181 1187 ac
1192 1160 1344 1195 voluptates
1368 1161 1457 1191 noxiae
1477 1167 1543 1192 sunt
1559 1167 1647 1194 servis

862 1202 919 1231 Dei.
944 1204 1060 1240 Propter
1079 1206 1130 1233 bas
1155 1205 1248 1241 itaque
1271 1207 1430 1235 cruciantur
1453 1213 1482 1237 et
1507 1211 1647 1245 patiuntur

861 1257 966 1284 pinnas.
994 1249 1064 1278 Sunt
1081 1251 1164 1278 etiam
1181 1251 1345 1287 voluptates,
1360 1254 1475 1282 salutem
1490 1255 1647 1286 hominibus

860 1295 1013 1324 afferentes.
1047 1295 1123 1324 Multi
1147 1296 1220 1324 enim
1247 1304 1329 1332 opera
1357 1297 1485 1328 bonitatis
1505 1300 1646 1335 facientes,

858 1342 1014 1377 percipiunt
1033 1343 1209 1378 voluptatem,
1230 1342 1373 1371 dulcedine
1396 1351 1447 1372 sua
1467 1347 1556 1374 tracti.
1585 1347 1648 1375 llaec

36 1393 89 1420 ergo
101 1387 222 1422 voluptas
241 1387 317 1415 utilis
332 1391 375 1414 est
390 1387 476 1415 servis
491 1386 549 1420 Dei,
564 1392 591 1415 et
608 1388 692 1414 vitam
707 1392 785 1423 parat
801 1387 959 1423 hujusmodi
970 1388 1139 1416 hominibus.
1154 1388 1208 1417 illa
1219 1397 1284 1417 vero
1299 1390 1387 1418 noxiae
1399 1399 1461 1426 quae
1473 1400 1554 1428 supra
1569 1394 1648 1422 dicta:

36 1437 97 1466 sunt,
110 1438 242 1461 tormenta
257 1436 284 1461 et
301 1439 397 1468 poenas
414 1432 534 1467 pariunt.
550 1432 712 1468 Quicunque
727 1440 793 1461 vero
808 1434 1010 1469 permanserint
1027 1435 1056 1462 in
1076 1435 1141 1468 illis,
1154 1442 1204 1462 nec
1223 1436 1406 1464 admissorum
1419 1445 1531 1467 suorum
1544 1442 1648 1476 egerint

37 1476 222 1511 penitentiam,
238 1482 354 1504 mortem
373 1477 426 1505 sibi
440 1477 594 1512 acquirent.

687 1524 925 1556 SIMILITUDO
941 1524 1012 1554 νη.

348 1572 575 1605 Ρωηίιεητὶὁιιε
595 1575 758 1614 faciendos
784 1585 806 1607 et

870 1576 1055 1616 patm'tentfw
1071 1575 1184 1615 dignos
1200 1577 1339 1617 fructus.

704 1640 820 1669 CAPUT
845 1640 991 1669 UNlCUM.

63 1685 120 1714 Post
128 1685 186 1714 dies
203 1692 308 1722 paucos
322 1685 401 1714 video
417 1687 494 1715 illum
511 1687 538 1715 in
553 1695 586 1716 eo
598 1695 706 1724 campo,
723 1689 751 1716 in
770 1696 826 1724 quo
848 1694 971 1724 pastores
995 1688 1057 1716 illos
1079 1692 1142 1715 ante
1158 1688 1278 1716 videram
1297 1688 1348 1724 (5).
1363 1689 1397 1717 Et
1416 1691 1454 1718 ait
1473 1691 1540 1720 mihi
1554 1700 1561 1721 :
1574 1692 1645 1727 Quid

37 1733 245 1769 inquirisiVeni,
259 1733 382 1769 inquam,
398 1741 496 1769 rogare
512 1737 548 1768 te,
565 1734 686 1767 domine,
701 1739 732 1762 ut
747 1739 886 1770 pastorem
901 1735 979 1763 illum
997 1734 1174 1770 praepositum
1200 1741 1288 1769 paenae
1308 1735 1406 1770 jubeas
1426 1737 1460 1765 de
1479 1745 1539 1766 mea
1562 1740 1646 1768 domo

36 1782 106 1815 exire,
120 1782 183 1818 quia
195 1782 375 1810 vehementer
389 1790 433 1810 me
450 1782 555 1818 afﬂigit.
571 1781 606 1810 Et
628 1783 797 1818 respondens
812 1793 818 1811 :
836 1782 953 1812 Necesse
970 1787 1022 1817 est,
1046 1782 1144 1818 inquit,
1161 1782 1273 1818 patiaris
1295 1782 1467 1811 incommoda
1483 1788 1510 1811 et
1523 1785 1644 1813 vexatio-

36 1837 76 1858 nes
89 1831 139 1866 (6);
154 1830 194 1858 sic
208 1829 284 1858 enim
298 1827 427 1865 praecepit
446 1826 480 1854 de
495 1831 521 1854 te
540 1826 586 1854 ille
607 1827 722 1856 nuntius
742 1826 832 1856 bonus
851 1828 909 1863 (7);
926 1828 989 1864 quia
1015 1831 1120 1856 tentare
1143 1832 1168 1855 te
1188 1827 1255 1855 vult.
1283 1825 1371 1861 Quod,
1387 1827 1508 1863 inquam,
1523 1829 1644 1859 domine.

36 1882 81 1906 tam
94 1886 171 1914 grave
186 1883 331 1914 peccatum
349 1875 458 1909 admisi,
471 1879 502 1902 ut
525 1874 590 1902 huic
601 1874 698 1902 nuntio
708 1874 848 1903 traderer?
862 1874 990 1907 Adverte,
1011 1875 1111 1910 inquit.
1126 1874 1273 1909 Complura
1287 1873 1396 1908 quidem
1413 1873 1498 1902 habes
1513 1881 1621 1909 peccata
1635 1885 1643 1910 ;

35 1925 74 1952 ted
86 1930 199 1953 nontam
211 1925 309 1957 multa,
324 1927 355 1950 ut
370 1923 434 1950 huic
449 1921 546 1949 nuntio
561 1921 662 1949 debeas
676 1921 754 1957 tradi
770 1922 825 1957 (8);
842 1922 890 1950 sed
907 1922 993 1950 multa
1007 1922 1107 1950 delicta
1127 1926 1154 1949 et
1179 1921 1283 1950 scelera
1299 1921 1397 1949 domus
1420 1926 1466 1949 tua
1485 1923 1643 1958 commisit,

36 1971 134 2008 ideoque
145 1972 223 2002 factis
234 1979 329 2000 eorum
341 1971 386 1999 ille
397 1970 485 1998 bonus
499 1969 615 1997 nuntius
627 1970 838 2003 exarcerbatus,
854 1969 938 2005 jussit
953 1974 980 1998 te
990 1970 1160 2004 aliquantum
1174 1968 1305 2004 temporis
1320 1967 1491 1995 vexationem
1506 1969 1643 2004 experiri;

37 2022 95 2047 utet
108 2020 144 2047 illi
158 2019 344 2048 admissorum
360 2025 472 2045 suorum
486 2020 568 2052 agant
580 2016 780 2051 ptenitentiam,
799 2020 827 2043 et
846 2016 958 2044 abluant
979 2023 1010 2044 se
1030 2015 1064 2043 ab
1088 2015 1162 2043 omni
1175 2014 1322 2050 cupiditate
1338 2013 1422 2048 hujus
1445 2014 1548 2042 saeculi.
1573 2013 1644 2043 Cum

37 2065 114 2099 itaque
127 2066 233 2101 egerint
244 2063 433 2100 ptenitentiam
447 2067 475 2090 et
492 2061 630 2098 purificati
647 2060 759 2094 fuerint,
773 2067 837 2090 tunc
854 2061 975 2090 discedet
990 2069 1005 2089 a
1022 2066 1049 2089 te
1062 2062 1174 2089 nuntius
1189 2061 1235 2089 ille
1253 2061 1300 2096 qui
1313 2060 1476 2096 praepositus
1487 2066 1530 2090 est
1545 2069 1643 2097 pennae.

37 2108 91 2137 Dico
103 2110 126 2138 ei
139 2119 145 2136 :
160 2110 287 2142 Domine,
299 2109 322 2137 si
337 2109 374 2136 ita
388 2109 427 2136 illi
442 2116 471 2136 se
485 2111 639 2144 gesserunt,
656 2111 686 2134 ut
709 2107 897 2142 exasperarint
919 2108 1045 2135 nuntium
1067 2106 1189 2141 bonum;
1204 2115 1254 2143 ego
1276 2106 1341 2142 quid
1357 2106 1426 2134 feci?
1445 2106 1643 2142 Respondcns:

37 2154 118 2188 Aliter,
132 2156 231 2191 inquit,
247 2163 301 2182 non
319 2158 434 2190 possunt
452 2154 491 2181 illi
505 2153 677 2180 vexationem
693 2152 760 2185 pati,
777 2152 831 2180 nisi
854 2156 882 2180 tu
901 2153 948 2187 qui
968 2157 1050 2187 caput
1074 2160 1104 2180 es
1127 2152 1212 2180 totius
1233 2153 1342 2186 domus,
1367 2153 1483 2182 labores.
1506 2153 1644 2191 Quidquid

36 2201 96 2228 enim
107 2206 133 2229 tu
147 2208 245 2236 passus
261 2201 355 2235 fueris,
371 2209 482 2230 necesse
494 2206 536 2229 est
550 2205 579 2228 ut
593 2205 621 2228 et
637 2200 675 2228 illi
689 2200 829 2234 sentiant;
847 2200 967 2236 quandiu
986 2208 1051 2228 vero
1071 2205 1100 2228 tu
1122 2201 1191 2228 bene
1211 2200 1348 2228 stabilitus
1372 2200 1468 2234 fueris,
1484 2201 1523 2230 illi
1541 2203 1643 2231 nullam

37 2246 189 2274 vexationem
203 2251 322 2282 possunt
336 2247 465 2282 experiri.
478 2245 511 2273 Et
532 2245 588 2272 dixi
604 2254 611 2272 :
629 2244 682 2272 Sed
697 2252 762 2273 ecce
782 2245 838 2279 iam
859 2252 943 2278 nunc,
964 2244 1084 2278 domine,
1100 2249 1185 2280 agunt
1206 2246 1392 2281 ptenitentiam
1404 2247 1467 2275 totis
1486 2250 1644 2283 praecordiis

38 2294 98 2322 suis.
111 2294 142 2323 Et
152 2303 203 2330 ego
218 2294 287 2328 scio,
303 2295 402 2330 inquit,
415 2294 480 2323 totis
493 2294 651 2330 praacordiis
666 2301 714 2322 eos
733 2301 813 2330 agere
826 2295 1025 2330 paenitentiam.
1047 2293 1175 2330 Nunquid
1187 2302 1263 2330 ergo,
1282 2296 1331 2329 ait,
1345 2296 1469 2331 protinus
1483 2303 1563 2332 putas
1577 2299 1644 2326 alto-

36 2340 78 2369 leri
96 2343 190 2371 delicta
207 2350 305 2371 eorum
317 2343 365 2378 qui
383 2347 468 2379 agunt
479 2341 686 2378 pcenitentiam?
699 2340 758 2368 Non
772 2341 885 2375 proinde
905 2341 1052 2374 continuo;
1068 2340 1115 2369 sed
1127 2345 1234 2376 oportet
1243 2348 1306 2369 eum
1317 2342 1365 2376 qui
1382 2343 1437 2378 agit
1454 2343 1642 2378 penitentiam

562 2389 682 2418 VARI/E1
701 2388 895 2417 LECTIONES
912 2389 958 2418 ET
976 2388 1095 2417 NOTAE.

239 2436 327 2470 deest,
348 2437 447 2464 omnia.
463 2436 524 2464 Mox
547 2435 637 2463 Fellus
651 2443 658 2462 :
674 2435 701 2461 ιι.
715 2442 746 2461 ac
762 2442 805 2461 va-

48 2473 143 2505 uptatit,
155 2479 190 2502 et.

202 2507 282 2542 Angl.
304 2507 430 2534 stultitia.
455 2505 487 2533 Et
503 2506 589 2542 paulo
605 2509 676 2541 post,
693 2505 802 2532 stultus.

68 2542 117 2578 (Ἦ)
132 2543 225 2570 Lamb.
239 2541 354 2578 quando.
370 2541 417 2570 Sic
427 2546 453 2569 et
467 2541 534 2578 edit.
549 2541 636 2578 Oxon.

69 2577 118 2613 (98)
129 2578 192 2606 Post
204 2575 285 2605 verba
299 2577 415 2613 βασάνου
432 2576 526 2609 πολύς,
542 2575 805 2613 mor_lo_relata,_baac

40 2612 118 2649 statim
129 2613 215 2641 subdit
232 2610 525 2649 pseudo-Athanasius,
538 2610 678 2649 paululum
690 2610 804 2649 variata:

40 2647 131 2676 calet-is
143 2645 250 2676 interim
268 2648 390 2675 omissis.
406 2647 452 2674 Sic
468 2651 496 2674 et
520 2645 584 2674 mox
599 2645 681 2677 infra.
695 2650 756 2679 post
771 2645 805 2680 τῇ

40 2681 269 2718 ἡμέρῃοοιιιίηιιο
285 2682 408 2718 sequitur
421 2690 428 2709 :
445 2682 498 2709 Καὶ
514 2681 585 2716 λέγω
598 2681 637 2716 τῷ
650 2679 769 2715 ἀγγέλῳ.

78 2717 118 2753 iiii)
130 2717 223 2745 Lamb.
236 2718 326 2753 fuerit.

80 2750 134 2791 loti)
146 2753 191 2781 Sic
204 2750 293 2791 Fellus
309 2754 335 2780 in
348 2753 413 2781 edit.
428 2751 516 2780 Oxon.
533 2760 567 2780 ex
584 2759 651 2780 mss.
669 2751 748 2786 Angl.
762 2750 804 2778 Al.

41 2788 155 2815 omittunt
167 2788 308 2815 mundana.

70 2822 104 2858 (1)
120 2822 182 2852 Mss.
197 2823 276 2858 Angl.
289 2824 374 2856 deest,
390 2831 472 2851 vatus.

70 2856 104 2893 (‘2)
119 2858 208 2886 Lamb.
220 2856 368 2893 patiuntur.

182 2906 318 2936 Ρλτιιοι.
339 2905 397 2936 Gn.
416 2905 455 2935 ll.

895 2435 935 2470 (5)
950 2434 988 2462 lta
1002 2433 1096 2470 Graeca
1111 2434 1184 2462 edita
1201 2441 1216 2461 a
1233 2434 1269 2462 el.
1283 2433 1487 2462 Montfaucono.
1501 2434 1643 2462 Fabricius

858 2475 949 2498 tamen
963 2478 1013 2505 pro
1025 2469 1073 2496 νῦν
1089 2469 1153 2504 legit
1167 2470 1219 2502 ὅτι,
1236 2470 1317 2505 veteri
1336 2469 1475 2504 interpreti
1491 2469 1640 2505 illhalt‘llr.

855 2503 978 2534 Clericus
1001 2511 1091 2533 autem
1111 2503 1202 2532 omisit
1219 2503 1278 2536 νῦν,
1298 2511 1348 2532 nec
1370 2503 1472 2539 recepit
1484 2505 1534 2531 ὅτι.
1550 2503 1595 2533 Sic
1616 2511 1643 2533 et

856 2541 1000 2568 Russelius
1013 2541 1101 2576 ipsum
1113 2544 1237 2576 secutus.

892 2576 931 2611 (4)
946 2574 1042 2603 Lamb.
1063 2575 1161 2602 ebrius.
1182 2574 1214 2602 Et
1236 2582 1298 2602 mox
1323 2582 1385 2602 cum
1404 2574 1480 2602 Bodl.
1497 2575 1643 2603 infamatur

855 2619 906 2647 pro
919 2611 1064 2647 detractor.

892 2647 932 2681 (5)
946 2646 1040 2673 Lamb.
1054 2650 1189 2681 pastorem
1199 2644 1274 2671 illum
1291 2645 1418 2672 uideram.
1439 2642 1529 2672 Editio
1550 2649 1641 2671 autem

858 2679 924 2710 Felli
939 2682 1027 2709 Oxon.
1044 2679 1145 2708 Omittit
1158 2679 1229 2706 illos.

905 2717 932 2750 6)
948 2716 1043 2744 Lamb.
1053 2720 1089 2751 rut
1102 2715 1269 2742 incommoda
1278 2718 1303 2741 et
1317 2714 1466 2741 vexationes
1478 2714 1543 2741 sint.

908 2752 923 2778 7
948 2751 1024 2779 Bodl.
1037 2751 1169 2778 honestus.
1184 2749 1230 2777 Sic
1240 2754 1268 2777 et
1281 2749 1362 2778 infra.

893 2719 935 2822 (εἶ
947 2786 1042 2822 Lamb.
1054 2786 1163 2818 desunt,
1174 2785 1218 2812 sed
1226 2820 1230 2822 _
1238 2785 1272 2813 ad
1286 2785 1368 2813 tradi.
1382 2783 1515 2813 Videntur
1529 2784 1543 2813 li

908 2748 935 2821 7')
948 2751 1024 2779 Bodl.
1037 2748 1169 2778 honestus.
1184 2749 1230 2777 Sic
1240 2754 1268 2777 et
1281 2749 1362 2791 infra.
1408 2784 1413 2790 '
1541 2785 1546 2791 _
1617 2785 1621 2790 _

908 2786 922 2814 8
947 2786 1042 2814 Lamb.
1054 2786 1163 2818 desunt,
1174 2785 1272 2821 aedrad
1286 2785 1368 2813 tradi.
1382 2783 1515 2813 Videntur
1529 2784 1621 2813 librari

906 2783 933 2818 8)
947 2786 1042 2814 Lamb.
1054 2786 1163 2818 desunt,
1174 2785 1218 2812 sed
1238 2785 1272 2813 ad
1286 2785 1368 2813 tradi.
1382 2783 1515 2813 Videntur
1529 2784 1644 2814 librario

858 2820 993 2852 excidisse
1007 2821 1042 2850 ob
1055 2828 1172 2857 sequens
1186 2820 1241 2848 sed.

1449 2899 1485 2929 3i
