1920 3104
279 95 329 125 9η
995 99 1025 126 S.

1122 98 1181 126 ME
1841 107 1880 135 912

279 156 400 191 amigere
417 156 456 191 (9)
470 157 589 184 animam
607 163 696 188 suam,
714 159 742 183 et
759 156 888 183 humilem
907 164 1000 184 animo
1017 165 1048 185 se
1065 161 1196 193 praestare
1213 158 1270 193 (10)
1292 157 1320 185 in
1345 159 1422 186 omni
1446 159 1565 195 negotio,
1583 164 1610 188 et
1630 162 1784 192 vexationes
1801 166 1881 196 multas

280 202 425 238 variasque
441 202 498 238 (11)
515 202 654 238 perferre;
680 211 798 239 cumque
815 212 963 240 perpessus
986 204 1069 233 fuerit
1093 206 1185 233 omnia
1201 213 1263 241 quae
1285 206 1323 234 illi
1349 206 1474 235 instituta
1497 207 1599 237 fuerint
1615 210 1689 246 (η).
1711 217 1775 241 tunc
1789 213 1880 244 forsitan

279 250 327 286 qui
339 257 402 278 eum
419 251 523 278 creavit
539 256 566 278 et
581 251 628 286 qui
641 251 768 280 formavit
779 253 906 280 universa
924 253 992 288 (15),
1010 254 1231 282 commovebitur
1247 261 1311 289 erga
1332 262 1395 282 eum
1416 255 1560 284 clementia
1573 264 1632 291 sua,
1649 262 1676 286 et
1691 259 1796 294 aliquod
1811 269 1880 291 rem.

278 299 354 326 dium
372 298 467 332 dabit;
481 298 562 333 idque
575 299 623 332 ita,
636 299 658 326 si
676 299 775 327 viderit
785 300 845 335 ejus
862 301 910 335 qui
926 301 1114 336 paenitentiam
1137 302 1203 337 agit,
1228 309 1276 330 cor
1298 309 1398 337 purum
1414 311 1476 331 esse
1492 304 1526 332 ab
1542 306 1617 333 omni
1631 313 1713 341 opere
1724 309 1879 344 nequissimo.

278 346 339 375 Tibi
351 351 441 375 autem
451 351 479 374 et
494 347 587 375 domui
604 352 657 374 tuat-
669 349 760 375 vexari
777 356 851 376 nunc
866 349 985 383 expedit,
1001 353 1030 376 et
1045 349 1160 377 multam
1177 350 1346 378 vexationem
1369 351 1424 386 pati
1442 359 1554 380 necesse
1570 357 1613 380 est
1628 354 1684 390 (14)
1697 364 1705 388 ;
1722 356 1790 384 sicut
1801 365 1881 392 prace-

276 396 318 431 pit
329 396 444 424 nuntius
460 395 569 423 Domini
587 395 633 430 qui
657 399 682 421 te
701 394 769 421 mihi
788 393 911 421 tradidit.
934 393 1006 427 Quin
1029 395 1120 430 potius
1144 396 1246 431 gratias
1268 403 1334 432 agas
1361 396 1493 431 Domino;
1509 400 1582 434 quod
1597 402 1728 435 praescius
1744 404 1821 432 futuri
1836 406 1880 440 (l5)

277 444 390 479 dignum
406 448 434 471 te
445 443 550 476 habuit,
568 443 612 471 cui
629 442 789 478 praediceret
815 442 1018 470 tribulationem
1043 443 1148 471 instare
1173 444 1326 472 valentibus
1348 453 1408 473 eam
1437 446 1583 474 sustinere.
1601 446 1668 475 Dico
1687 449 1713 476 ei
1728 458 1735 476 :
1751 449 1783 478 Et
1796 456 1831 484 tu,
1844 452 1882 481 do-

276 491 363 522 mine,
376 497 484 517 mecum
499 493 558 517 esto
569 499 577 523 ;
590 494 618 517 et
634 489 715 517 facile
730 497 838 518 omnem
852 491 1025 518 vexationem
1044 490 1197 518 sustinebo.
1218 490 1285 526 Ego,
1305 492 1404 527 inquit,
1417 500 1465 520 ero
1482 497 1571 521 tecum
1586 503 1593 521 :
1607 494 1654 522 sed
1668 499 1695 522 et
1711 497 1808 530 rogabo
1825 505 1880 526 nun-

276 537 345 564 tium
362 537 438 565 illum
455 537 503 573 qui
520 538 682 572 praepositus
698 540 742 564 est
759 545 857 573 poenae,
879 542 908 565 ut
931 537 1017 566 levius
1039 542 1065 566 te
1081 537 1204 574 afﬂigat;
1232 538 1280 566 sed
1296 544 1324 567 et
1338 539 1437 575 exiguo
1448 545 1571 576 tempore
1591 541 1704 576 patieris
1719 542 1833 574 adversa.
1844 544 1882 572 ite-

275 593 393 621 rumque
409 590 457 612 tuo
480 585 540 612 loco
560 585 732 618 restitueris;
755 585 946 614 tantummodo
963 587 991 613 in
1006 586 1160 614 humilitate
1172 594 1327 621 persevera.
1341 586 1411 616 Pare
1427 587 1543 616 Domino
1556 593 1646 617 mente
1657 597 1738 625 pura,
1754 590 1882 627 domusque

276 641 323 664 tua
340 643 372 663 ac
389 635 444 662 nati
458 634 532 667 (16);
557 638 584 661 et
600 634 628 661 in
646 634 784 663 mandatis
806 635 866 670 ejus
883 635 1004 668 ambula,
1021 642 1083 670 quae
1099 635 1228 670 praacepit
1246 635 1302 670 (17)
1321 636 1368 663 tibi
1382 645 1390 664 :
1407 640 1434 664 et
1449 636 1609 672 pmnitentia
1626 637 1726 671 poterit
1745 645 1802 665 esse
1821 638 1883 665 ﬁrma

275 686 357 717 atque
374 689 452 716 pura.
469 679 504 707 Et
520 680 542 708 si
556 680 614 707 haec
630 679 794 707 custodieris
806 687 867 707 cum
884 680 967 707 domo
985 685 1042 713 tua,
1056 679 1232 707 incommoda
1244 687 1259 707 a
1277 684 1304 707 te
1323 681 1470 709 recedent:
1485 680 1533 709 sed
1547 684 1576 708 et
1592 680 1628 708 ab
1644 681 1773 710 omnibus
1789 682 1884 717 quicun-

275 736 328 765 que
346 728 373 755 in
390 727 434 755 his
450 726 586 754 mandatis
603 725 802 753 ambulaverint
819 725 909 753 omnis
922 725 1029 752 vexatio
1051 725 1171 752 recedet.

929 781 1165 814 SIMILITUDO
1179 782 1261 813 VIII.

274 840 468 875 Electorum,
486 843 515 869 et
527 836 750 877 ptem'terttium
762 837 965 874 peccatorum
983 832 1082 863 multa
1100 837 1173 863 sunt
1188 841 1304 877 genere
1314 843 1335 877 :_
1358 842 1461 863 omnes
1486 838 1600 877 autem,
1627 844 1691 876 pro
1714 835 1882 876 ptznitmtic

610 881 638 906 ει
658 872 810 906 bonorum
825 882 957 911 operum
971 880 1101 902 suorum
1125 872 1228 909 modo,
1244 872 1401 903 habebunt
1413 872 1592 906 mercedem.

945 926 1062 956 CAPUT
1078 926 1226 956 PRIMUM.

307 981 433 1010 Ostendit
445 980 510 1008 mihi
525 979 635 1008 salicem
654 983 788 1014 tegentem
802 983 915 1011 campos
927 983 960 1003 ac
972 979 1090 1008 montes,
1104 974 1156 1002 sub
1167 974 1248 1010 cujus
1264 974 1390 1002 umbram
1406 978 1539 1002 venerunt
1553 983 1649 1004 omnes
1661 976 1711 1011 qui
1724 975 1809 1004 vocati
1822 981 1883 1003 erant

272 1029 300 1056 in
314 1028 424 1056 nomine
440 1026 558 1054 Domini.
577 1024 610 1052 Et
623 1025 702 1060 juxta
719 1023 830 1052 salicem
844 1022 934 1050 stabat
955 1021 1070 1049 nuntius
1086 1020 1195 1048 Domini
1217 1019 1296 1048 valde
1312 1021 1461 1055 praeclarus
1472 1025 1500 1049 et
1516 1020 1655 1055 sublimis;
1668 1025 1699 1049 et
1714 1021 1821 1049 secabat
1834 1029 1882 1049 cum

271 1077 342 1105 falce
352 1083 451 1112 magna
464 1075 499 1103 ab
515 1075 561 1102 illa
573 1073 656 1102 salice
669 1073 727 1109 (18)
744 1079 856 1106 ramos;
871 1075 898 1099 et
910 1069 1012 1106 populo
1026 1069 1065 1097 illi
1086 1070 1134 1104 qui
1150 1075 1210 1097 erat
1227 1069 1279 1097 sub
1296 1069 1393 1097 umbra
1413 1069 1505 1097 salicis
1524 1069 1609 1104 illius,
1636 1069 1757 1105 exiguas
1779 1075 1804 1098 et
1820 1074 1881 1105 quasi

270 1123 404 1151 cubitales
421 1122 511 1157 virgas
527 1119 692 1157 porrigebat.
707 1117 856 1153 Postquam
873 1121 964 1144 autem
986 1114 1159 1150 accepissent
1170 1113 1304 1147 universi,
1317 1113 1442 1149 deposuit
1464 1113 1577 1149 falcem;
1590 1120 1618 1143 et
1633 1115 1721 1144 arbor
1736 1116 1781 1144 illa
1799 1117 1883 1152 integra

270 1165 431 1201 permansit,
450 1165 521 1192 sicut
533 1169 614 1193 antea
635 1166 759 1194 videram
776 1172 837 1193 eam
852 1173 858 1191 :
873 1171 955 1200 quam
976 1170 1027 1198 ego
1043 1170 1101 1190 rem
1119 1162 1241 1189 mirabar
1257 1161 1325 1197 (19),
1348 1166 1430 1197 atque
1447 1162 1518 1190 intra
1541 1171 1586 1192 me
1601 1164 1778 1200 disputabam
1790 1164 1841 1200 (20)
1850 1166 1883 1193 Ait

270 1214 305 1242 ad
317 1221 362 1241 me
371 1217 465 1249 pastor
478 1213 522 1240 ille
535 1222 541 1240 :
556 1212 655 1241 Desine
666 1213 762 1241 mirari
774 1212 848 1248 quod
868 1211 950 1239 arbor
966 1211 1014 1238 illa
1030 1214 1070 1238 tot
1083 1210 1140 1245 (2t)
1153 1210 1239 1238 ramis
1254 1209 1379 1245 praecisis
1400 1211 1582 1245 permanserit
1598 1211 1726 1247 integra;
1740 1212 1786 1239 sed
1804 1219 1883 1247 exspe-

269 1266 334 1288 cta:
352 1267 426 1287 nunc
446 1259 679 1288 demonstrabitur
696 1259 746 1287 tibi
762 1259 836 1294 quod
855 1257 991 1293 signiﬁcet
1006 1256 1121 1292 angelus
1138 1255 1183 1283 ille
1205 1255 1254 1291 qui
1270 1254 1372 1290 populo
1387 1255 1508 1290 porrexit
1521 1257 1620 1292 virgas.
1643 1255 1676 1284 Et
1695 1264 1792 1285 rursus
1806 1264 1845 1284 eas
1857 1258 1882 1284 ab

268 1308 314 1335 his
327 1307 487 1342 reposcebat
503 1306 580 1341 (22);
599 1312 627 1336 et
645 1315 702 1343 quo
725 1307 844 1343 quisque
859 1313 906 1334 eas
928 1309 1088 1341 perceperat
1099 1304 1205 1337 ordine,
1229 1304 1326 1345 eodem
1342 1304 1425 1332 etiam
1442 1303 1591 1332 vocabatur
1603 1302 1636 1330 ad
1651 1302 1744 1336 illum,
1760 1303 1882 1338 virgaSque

270 1355 327 1391 (25)
339 1355 487 1389 reddebat;
501 1363 570 1391 quas
582 1363 645 1383 cum
662 1358 806 1385 acceperat
816 1353 871 1385 ille.
884 1352 1089 1381 considerabat.
1108 1352 1131 1378 A
1147 1351 1313 1386 quibusdam
1334 1351 1408 1379 enim
1431 1350 1581 1386 accipiebat
1605 1349 1701 1377 aridas
1722 1354 1751 1377 et
1768 1350 1882 1385 putridas,

269 1401 342 1428 velut
358 1409 373 1428 a
387 1401 461 1428 tinea
475 1404 562 1428 tactas
576 1409 583 1428 :
596 1404 622 1428 et
635 1399 748 1435 jubebat
763 1405 811 1426 eos
827 1397 874 1433 qui
886 1397 1044 1432 huiusmodi
1057 1396 1149 1432 virgas
1161 1395 1342 1429 tradiderant,
1361 1396 1468 1423 secerni
1481 1400 1508 1423 et
1524 1402 1650 1423 seorsum
1664 1395 1766 1423 statui.
1778 1395 1827 1422 Alii
1838 1402 1884 1431 por-

267 1449 392 1484 rigebant
407 1448 498 1476 aridas
510 1448 631 1483 quidem.
645 1447 693 1476 sed
707 1455 762 1475 non
784 1451 871 1474 tactas
891 1454 907 1473 a
924 1446 996 1473 tinea
1014 1454 1021 1472 :
1040 1449 1067 1472 et
1084 1444 1134 1472 hos
1151 1451 1276 1472 seorsum
1294 1443 1378 1471 statui
1396 1443 1520 1478 jubebat.
1543 1442 1598 1470 Alii
1622 1443 1803 1479 porrigebant
1816 1444 1882 1471 semi-

267 1493 359 1521 aridas
376 1494 467 1529 virgas
481 1505 487 1521 :
501 1498 529 1521 et
545 1493 572 1520 hi
586 1500 695 1528 quoque
707 1499 831 1520 seorsum
845 1491 1046 1519 statuebantur.
1069 1489 1186 1524 Quidam
1199 1494 1290 1517 autem
1302 1489 1404 1518 dabant
1420 1489 1512 1525 virgas
1531 1497 1597 1518 suas
1613 1490 1781 1519 semiaridas
1795 1494 1820 1518 et
1830 1491 1882 1517 scis-

267 1545 348 1566 suras
360 1538 491 1566 habentes
505 1548 511 1565 :
524 1543 552 1566 et
565 1538 592 1565 hi
604 1547 728 1567 seorsum
741 1539 941 1567 statuebantur.
955 1537 1008 1565 Alii
1022 1538 1114 1574 virgas
1133 1545 1198 1565 suas
1218 1536 1276 1572 (24)
1294 1536 1453 1569 ati‘erebant,
1471 1545 1588 1573 quarum
1604 1537 1724 1566 dimidia
1748 1546 1810 1574 pars
1823 1539 1882 1566 arida

266 1589 335 1617 erat,
348 1585 460 1612 dimidia
474 1586 530 1621 (25)
545 1593 608 1614 vero
628 1587 724 1614 viridis
745 1591 795 1614 :et
819 1586 846 1613 hi
870 1593 995 1614 seorsum
1020 1585 1219 1614 statuebantur.
1247 1584 1300 1612 Alii
1325 1585 1416 1621 virgas
1441 1593 1506 1614 suas
1522 1587 1691 1623 ali'erebant;
1707 1596 1822 1624 quarum
1837 1588 1883 1615 dua:

266 1639 359 1670 partes
373 1635 468 1662 viridae
487 1640 575 1670 erant,
590 1635 668 1664 tertia
683 1643 747 1663 vero
772 1635 846 1663 arida
864 1644 870 1662 :
887 1639 915 1662 et
938 1634 966 1662 hi
987 1641 1112 1662 seorsum
1129 1634 1329 1662 statuebantur.
1349 1634 1401 1661 Alii
1415 1634 1505 1669 virgas
1521 1643 1586 1664 suas
1607 1636 1773 1671 aﬂ‘erebant,
1785 1644 1882 1672 quarum

266 1682 327 1710 duze
341 1687 432 1717 partes
447 1688 526 1711 erant
538 1684 632 1717 aridas,
649 1684 728 1712 tertia
740 1690 806 1710 vero
823 1682 938 1710 viridis:
953 1687 980 1710 et
1000 1682 1028 1709 hi
1042 1689 1166 1710 seorsum
1182 1681 1383 1710 statuebantur.
1404 1681 1519 1715 Quidam
1533 1685 1712 1720 porrigebant
1728 1686 1816 1721 virgas
1833 1692 1882 1712 suas

260 1728 406 1763 paululum
421 1728 478 1764 (‘26)
489 1729 582 1757 aridas
603 1727 822 1763 (exiguissimum
837 1727 910 1755 enim
933 1726 1040 1754 aridum
1062 1731 1121 1754 erat
1138 1727 1164 1754 in
1187 1726 1273 1762 virgis
1295 1734 1402 1761 eorum,
1423 1727 1450 1755 id
1463 1732 1505 1755 est
1518 1728 1640 1764 ipsarum
1660 1739 1798 1759 cacumen
1814 1731 1881 1767 [27]).

265 1777 402 1804 scissuras
416 1784 481 1804 vero
494 1776 629 1804 habebant
644 1785 650 1803 :
667 1780 695 1804 et
710 1776 737 1803 hi
754 1783 878 1804 seorsum
890 1774 1090 1803 statuebantur.
1107 1774 1232 1802 Aliorum
1245 1779 1336 1802 autem
1353 1775 1381 1802 in
1397 1775 1482 1811 virgis
1493 1775 1620 1811 exiguum
1639 1782 1703 1804 erat
1719 1776 1815 1811 viride,
1830 1776 1880 1804 reli-

264 1830 350 1856 quum
362 1830 427 1850 vero
444 1822 572 1850 aridum:
590 1826 617 1850 et
631 1823 659 1850 hi
677 1830 799 1851 seorsum
816 1822 1017 1850 statuebantur.
1037 1821 1091 1849 Alii
1108 1822 1251 1850 veniebant
1274 1822 1418 1851 afferentes
1437 1824 1530 1859 virgas
1556 1832 1620 1853 suas
1642 1824 1720 1853 sicut
1741 1830 1882 1860 acceperant

263 1870 376 1905 virides,
390 1871 563 1907 maximaque
578 1879 642 1907 pars
657 1872 749 1908 populi
765 1871 924 1907 ltujusmodi
935 1870 1026 1906 virgas
1041 1871 1211 1907 porrigebat;
1227 1876 1254 1899 et
1271 1879 1400 1907 magnum
1412 1879 1446 1899 ex
1457 1872 1500 1900 his
1514 1872 1628 1900 nuntius
1644 1871 1692 1899 ille
1707 1872 1834 1907 gaudium
1846 1879 1881 1899 oc-

263 1917 324 1952 pit:
344 1922 370 1945 et
384 1917 412 1945 hi
424 1926 549 1946 seorsum
563 1919 764 1946 statuebantur.
778 1917 831 1945 Alii
843 1917 993 1944 ali'erebant
1008 1916 1098 1952 virgas
1115 1924 1180 1945 suas
1194 1917 1295 1945 virides
1310 1922 1337 1946 et
1355 1919 1500 1953 pampinos
1515 1918 1646 1946 habentes
1659 1928 1666 1945 :
1683 1923 1713 1946 et
1730 1919 1758 1946 bi
1775 1925 1881 1946 seorsum

264 1963 471 1998 statuebantur;
489 1964 583 1991 ethos
599 1971 712 1999 quoque
735 1963 850 1992 nuntius
874 1963 919 1990 ille
943 1970 1041 1997 magna
1058 1970 1120 1990 cum
1140 1962 1276 1990 hilaritate
1300 1963 1452 1998 excipiebat
1469 1963 1537 1999 (28).
1554 1964 1607 1991 Alii
1630 1964 1789 1992 aﬂ‘erebant
1809 1964 1881 1998 virgas

263 2019 328 2040 suas
340 2012 451 2045 virides,
465 2019 499 2039 ex
516 2012 616 2047 quibus
630 2016 803 2039 excreveranl
819 2010 941 2047 pampini
965 2018 1059 2038 earum
1073 2010 1146 2046 (29);
1168 2011 1215 2046 qui
1237 2012 1356 2047 pampini
1372 2012 1506 2047 quosdam
1530 2012 1637 2040 fructus
1662 2013 1825 2041 aﬁ'erebant.
1841 2012 1880 2045 Qui

264 2058 421 2094 hujusmodi
435 2058 491 2094 (50)
507 2059 597 2094 virgas
620 2059 796 2094 porrigebant
827 2058 906 2085 valde
926 2058 1027 2085 hilares
1057 2061 1136 2085 erant
1167 2057 1262 2091 vultu;
1291 2058 1338 2086 sed
1359 2063 1387 2086 et
1418 2059 1531 2087 nuntius
1559 2059 1617 2094 ipse
1647 2059 1767 2093 quidem
1799 2067 1830 2087 ex
1851 2058 1880 2085 eis

803 2105 921 2133 VARIE
941 2105 1135 2133 LECTIONES
1151 2105 1196 2133 ET
1215 2105 1333 2133 NOTAE.

298 2154 337 2189 (9)
351 2154 416 2182 Mss.
433 2155 512 2216 Anjil.
524 2155 655 2182 cruciare.
1138 2153 1195 2188 (2|)
1207 2152 1246 2180 Ita
1261 2153 1353 2182 Fellus
1366 2162 1398 2181 ex
1416 2161 1482 2181 mss.
1495 2153 1591 2187 Editi.,
1603 2157 1670 2180 tota.

298 2190 354 2216 (10)
378 2189 424 2216 Sic
445 2190 482 2216 Fe
494 2190 536 2216 lus
561 2189 657 2216 Lamb.
679 2189 768 2216 animo
791 2197 818 2215 se
841 2188 944 2216 habere.
971 2187 1049 2216 Bodl.
1136 2189 1192 2216 (22)
1207 2188 1252 2216 Sic
1267 2189 1350 2216 editio
1364 2188 1431 2216 Felli
1445 2189 1533 2216 Oxon.
1548 2197 1581 2216 ex
1593 2188 1670 2216 Lami

298 2187 354 2225 (10)
378 2189 424 2217 Sic
445 2187 536 2218 Feilus
561 2189 657 2217 Lamb.
671 2189 768 2225 runimo
791 2197 818 2215 se
841 2188 944 2216 habere.
971 2187 1049 2225 Bodl.
1136 2187 1192 2223 (22)
1207 2188 1252 2216 Sic
1267 2189 1350 2216 editio
1364 2188 1431 2217 Felli
1445 2189 1533 2217 Oxon.
1548 2197 1581 2217 ex
1593 2188 1694 2216 Lamb.
1711 2189 1758 2216 Al.
1779 2189 1831 2216 illis
1848 2195 1879 2214 rt-

261 2223 351 2252 animo
365 2234 391 2252 se
405 2233 501 2260 gerere.
520 2225 611 2252 Carm.
628 2229 655 2252 et
666 2223 737 2251 Vict.
760 2224 876 2260 animum
899 2232 985 2259 agere.
997 2223 1048 2260 HAI‘.
1098 2224 1193 2260 possit.

262 2261 380 2288 animose
405 2258 493 2295 'agere.
526 2260 660 2287 Exhibent
690 2267 799 2295 quoque
820 2258 942 2295 animose
970 2259 1047 2286 editt.
1135 2259 1191 2295 (25)
1204 2258 1302 2286 Lamb.
1318 2259 1371 2287 ista
1387 2267 1446 2295 quae
1460 2264 1594 2293 acceperat
1616 2259 1725 2291 ordine,
1741 2259 1829 2286 eodem
1845 2266 1879 2286 ro.

261 2295 337 2333 Cler.
347 2302 378 2333 et
391 2294 501 2333 Bussel.
514 2297 605 2324 minus
621 2299 702 2333 recte,
717 2300 746 2322 ut
762 2294 871 2329 quidem
885 2295 1001 2322 videtur.
1098 2294 1258 2333 calggtur‘qd
1270 2295 1356 2333 illum.
1366 2294 1533 2333 virgamque.
1641 2329 1648 2333 _
1771 2330 1778 2333 _

297 2331 355 2366 (ll)
368 2332 410 2359 Al.
426 2332 572 2366 stepiusque
584 2338 633 2365 pro
646 2324 794 2365 variasque.
1117 2329 1190 2366 _(24)
1214 2329 1332 2365 Conjicit
1348 2330 1383 2357 cl.
1400 2324 1530 2366 Walti'us,
1553 2334 1617 2357 ante
1640 2329 1696 2357 ista
1721 2330 1821 2357 verba:
1835 2328 1878 2366 Alii

297 2364 354 2402 (I2)
374 2364 469 2394 Lamb.
485 2364 543 2402 qud:
556 2364 710 2402 instituerit.
740 2364 744 2365 ⁷
785 2400 792 2402 _
885 2400 891 2402 _
955 2400 960 2402 _
1097 2364 1184 2402 virgas
1203 2364 1357 2402 sunt,_etc.,
1375 2365 1510 2402 excidisse
1527 2365 1638 2392 librario
1658 2364 1877 2402 sequentiazAlii

296 2399 353 2436 (15)
365 2402 460 2429 Lamb.
475 2399 520 2436 qui
528 2401 623 2428 creavit
639 2401 728 2428 omnia
738 2404 762 2427 et
778 2400 903 2436 formavit
914 2400 1046 2427 universa.
1097 2400 1183 2436 uirgas
1197 2399 1354 2436 alerebant,
1368 2401 1464 2427 uirides
1486 2401 1602 2436 quidem.
1618 2401 1667 2436 sedi
1687 2399 1820 2427 scissuras
1838 2400 1876 2436 It}-

296 2434 353 2472 (M)
366 2438 437 2465 Edit.
451 2434 539 2465 Orion.
558 2442 583 2463 et
597 2436 666 2472 quod
688 2436 799 2462 multant
818 2435 980 2462 vexationem
1000 2444 1048 2470 να·
1098 2434 1194 2472 ὑεῃζεε.
1216 2434 1278 2463 Haec
1295 2436 1368 2472 enim
1378 2440 1521 2472 imemorat
1532 2435 1645 2463 Hermas
1661 2435 1693 2462 in
1712 2436 1765 2463 ba.
1779 2443 1831 2471 Ipsa
1844 2434 1877 2461 Si-

261 2470 458 2500 tiaria'necesse
475 2477 523 2500 est.
603 2470 609 2472 ⁷
1097 2470 1191 2501 milit..
1204 2477 1283 2505 capp.
1304 2471 1320 2497 .‘i
1334 2475 1361 2497 et
1378 2471 1403 2497 ’1.

296 2509 352 2543 (15)
364 2508 430 2536 Mss.
446 2508 526 2543 Angl.
543 2508 612 2543 quod
623 2507 732 2542 dignum
746 2511 771 2533 te
784 2505 893 2543 habuit,_
902 2514 962 2532 cum
970 2514 1047 2543 prte-
1203 2504 1301 2543 Lamb.
1319 2505 1373 2543 alia
1386 2514 1446 2543 vero
1458 2506 1581 2543 dimidia.

259 2539 356 2571 diceret
370 2539 562 2571 incommddum
577 2543 625 2570 tibi
638 2539 737 2569 instare
751 2541 848 2569 valenti
865 2540 893 2567 id
907 2541 1046 2575 sustinere,
1132 2540 1188 2576 (26)
1200 2539 1266 2576 Mss.
1275 2541 1360 2576 ,Angl.
1373 2541 1454 2576 paulo
1465 2541 1561 2568 minus.
1576 2540 1622 2568 Sic
1636 2545 1664 2567 et
1678 2540 1768 2568 editio
1782 2539 1860 2576 Oxon.

259 2580 385 2613 prmcius
399 2579 493 2613 futuri.
1039 2574 1042 2575 ⁷
1098 2610 1120 2613 __
1133 2575 1190 2609 (27)
1205 2575 1250 2613 Sic
1270 2574 1378 2613 Fellus.
1389 2576 1432 2613 Al.
1446 2577 1533 2613 ipsum
1544 2576 1753 2613 cacumennlta
1766 2581 1795 2613 et
1810 2574 1874 2613 Bodl.

296 2614 353 2650 (16)
370 2610 465 2650 Lamb.
477 2614 588 2646 desunt,
603 2622 634 2640 ac
647 2612 726 2650 nati._
806 2648 812 2650 _
893 2647 898 2650 _
928 2646 934 2650 Δ
1096 2610 1211 2650 Ilermas
1222 2611 1342 2650 ipse_sub
1357 2611 1481 2650 init.cap.
1498 2611 1532 2637 10
1544 2611 1627 2645 hujus
1636 2611 1749 2650 similit.
1766 2611 1820 2638 bac
1836 2612 1874 2636 ha-

296 2615 342 2650 (16
370 2615 465 2642 Lamb.
477 2615 588 2646 desunt,
603 2622 634 2640 ac
647 2615 714 2640 nati.
1097 2615 1211 2638 Hermas
1222 2615 1280 2645 ipse
1291 2615 1342 2639 sub
1357 2615 1481 2646 init.cap.
1498 2615 1532 2637 1υ
1544 2615 1627 2645 hujus
1636 2615 1749 2639 similit.
1766 2615 1820 2638 hac
1836 2615 1871 2636 ua-

295 2615 353 2684 (17)
366 2649 432 2677 Mss.
453 2650 531 2683 Angl.
556 2650 595 2684 in,
607 2648 740 2675 mandatis
762 2648 825 2674 meis
845 2646 968 2681 ambula,
988 2655 1047 2682 qua
1096 2647 1142 2684 bet
1158 2646 1308 2684 gﬁxceptisr
1316 2647 1497 2684 cacuminibus
1519 2654 1621 2672 earum.
1640 2646 1803 2684 Sicrursus
1821 2652 1871 2679 cap.

259 2680 381 2721 prmce'pi:
399 2685 445 2712 Sic
459 2688 487 2711 et
497 2680 569 2721 'edit.
581 2683 670 2721 Oxon.
755 2718 771 2721 η
961 2680 965 2681 ⁷
994 2680 999 2682 ⁷
1097 2680 1226 2721 “ulline
1240 2683 1418 2721 conﬁrmatur
1427 2681 1512 2721 lectio
1525 2689 1607 2716 quam
1621 2682 1781 2721 sequimur.

295 2716 352 2754 (18)
366 2719 461 2746 Lamb.
474 2728 533 2746 cum
546 2720 614 2754 falce
628 2719 659 2745 de
676 2726 706 2745 ea
720 2718 810 2754 salice.
875 2752 891 2754 ξ
904 2753 909 2754 γ
978 2752 997 2754 ᾉ
1132 2716 1188 2754 (2S)
1201 2716 1298 2754 Lamb.
1313 2725 1408 2752 magna
1422 2717 1559 2754 hilaritate
1567 2717 1710 2754 capiebat.

295 2751 352 2789 (19)
367 2755 431 2782 Mss.
447 2755 524 2789 Angl.
540 2751 590 2789 quo
607 2754 710 2780 nomine
732 2753 858 2780 mirabar.
873 2752 962 2780 Editio
978 2752 1043 2781 Felli
1132 2752 1188 2789 (29)
1203 2751 1283 2789 _Bodl.
1298 2751 1440 2786 earumque
1453 2752 1583 2789 pampini.

259 2786 348 2818 Oxon:
364 2789 406 2816 Ea:
418 2797 468 2824 quo
483 2786 557 2824 ὄρεγέ
573 2789 700 2816 mirabar.
733 2823 748 2824 η
1131 2787 1187 2822 (50)
1202 2786 1298 2824 Lamb.
1314 2789 1453 2824 quemdam
1469 2787 1586 2820 fructum
1601 2787 1756 2822 a/ferebant
1775 2794 1784 2814 :
1799 2792 1872 2814 eorum

295 2825 352 2860 (20)
367 2825 409 2851 Al.
421 2822 580 2859 cogitabam.
595 2824 641 2852 Sic
654 2828 681 2852 ct
695 2823 795 2852 Fcilus.
1097 2824 1212 2850 uirorum
1225 2823 1270 2858 qui
1286 2822 1449 2858 hujusmodi.
