1920 3104
249 121 302 149 975
967 119 996 147 S.
1017 119 1152 148 HERME
1823 123 1868 150 976

245 179 281 206 ei.
308 178 385 205 Tunc
407 177 446 204 ait
470 177 536 204 mihi
561 186 567 203 :
613 176 747 211 Succinge
778 175 847 211 (54)
879 180 904 202 te
939 176 1058 210 sabano,
1080 181 1108 204 et
1137 175 1262 203 ministra
1280 176 1358 204 mihi.
1388 176 1518 206 Succinxi
1545 185 1590 205 me
1624 179 1728 207 sabano
1750 181 1868 214 mundo,

246 225 319 260 quod
341 227 400 252 erat
421 222 523 250 factum
547 230 581 250 ex
599 229 691 250 sacco.
718 221 752 249 Ut
773 227 864 248 autem
893 221 961 248 vidit
988 229 1032 249 me
1060 223 1191 255 cinctum,
1206 226 1233 249 et
1260 228 1384 257 paratum
1414 223 1451 250 illi
1474 224 1532 260 (55)
1545 226 1710 260 ministrare,
1728 228 1869 257 ait:Voca

245 274 319 301 viros
344 273 417 305 illos,
439 278 558 307 quorum
588 269 672 304 virga
694 268 821 303 plantata
845 272 920 300 sunt,
948 275 999 294 suo
1028 275 1167 303 quemque
1196 268 1302 302 ordine,
1328 269 1400 296 sicut
1426 277 1606 304 porrexerunt
1632 274 1703 302 illas.
1738 274 1773 302 Et
1800 276 1871 304 duxit

245 328 290 347 me
318 320 345 347 ίη
376 326 518 353 campum;
546 322 572 344 et
601 315 696 343 vocavi
723 314 780 349 (56)
805 321 918 347 omnes;
945 314 992 349 qui
1020 316 1102 342 etiam
1131 315 1249 343 universi
1274 316 1459 344 constiterunt
1479 320 1622 350 ordinibus
1645 323 1702 358 (57)
1733 324 1803 352 suis.
1833 324 1872 352 Ait

245 363 344 391 deinde
359 362 392 389 ad
406 362 467 389 illos
480 370 486 388 :
501 360 624 395 Quisque
636 361 740 395 virgam
753 367 832 387 suam
845 359 983 393 extrahat,
996 365 1024 387 et
1039 361 1073 388 ad
1087 368 1130 388 me
1146 360 1253 388 alferat.
1272 361 1305 388 Et
1317 362 1404 396 primo
1418 363 1598 400 tradiderunt,
1616 369 1663 403 qui
1677 368 1774 397 aridas
1785 375 1813 396 et
1826 378 1872 405 pu-

246 412 331 439 tridas
344 411 508 438 habuerunt.
525 409 560 436 Et
572 417 690 444 quorum
703 408 760 444 (58)
775 409 892 443 putrida
903 413 930 435 et
943 408 1028 436 arida
1049 414 1162 443 reperta
1179 415 1244 437 sunt
1255 409 1346 445 virga,
1359 410 1442 445 jussit
1457 418 1504 439 eos
1525 417 1598 441 stare
1611 421 1750 442 seorsum.
1776 413 1874 442 Deinde

243 462 425 494 porrexerunt
440 457 486 493 qui
502 457 595 484 aridas
611 455 733 491 Quidem,
749 454 797 482 sed
813 461 866 481 non
881 454 1005 489 pulridas
1028 455 1193 482 habuerunt.
1210 456 1302 491 Aliqui
1317 464 1413 484 eorum
1436 458 1607 487 tradiderunt
1620 461 1712 496 virgas
1735 460 1796 496 (59)
1813 462 1874 488 viri-

244 507 292 535 des
306 516 313 534 :
329 507 440 543 quidam
465 513 529 534 vero
551 505 643 532 aridas
658 507 685 531 et
708 502 844 538 putridas,
861 503 935 530 velut
949 511 964 530 a
987 503 1060 531 tinea
1077 508 1175 531 tactas.
1193 502 1247 531 Eos
1260 504 1307 538 qui
1321 504 1423 533 virides
1447 506 1628 541 tradiderunt,
1651 508 1735 542 jussit
1753 516 1874 536 seorsum

244 557 317 580 stare
333 561 340 579 :
355 552 415 580 illos
430 559 496 579 vero
511 551 558 586 qui
574 550 665 577 aridas
678 553 706 577 et
720 548 844 584 putridas
859 549 1040 581 tradiderunt,
1054 557 1116 576 cum
1126 549 1223 584 primis
1239 554 1312 577 stare
1327 549 1384 584 (60)
1398 550 1492 585 jussit.
1515 551 1704 581 Porrexerunt
1724 554 1824 581 deinde
1839 554 1874 581 illi

243 602 291 637 qui
305 601 466 629 semiaridas
482 600 646 631 habuerant,
663 603 689 626 et
705 599 841 626 scissuras
862 598 995 626 habentes
1010 607 1017 624 :
1037 597 1116 625 multi
1139 606 1172 625 ex
1198 598 1252 625 illis
1276 597 1377 626 virides
1399 603 1592 633 porrexerunt,
1607 606 1657 627 nec
1672 600 1814 627 scissuras
1830 601 1874 628 ha-

244 648 356 680 bentes;
372 647 483 682 quidam
499 655 564 674 vero
577 647 692 680 virides,
706 647 849 682 pampinos
865 646 1008 678 habentes,
1023 652 1050 674 et
1064 647 1092 674 in
1108 647 1245 682 pampinis
1260 646 1393 679 fructum,
1410 647 1482 674 sicut
1497 647 1534 674 illi
1549 648 1596 683 qui
1611 648 1638 675 in
1654 649 1754 675 turrim
1772 648 1876 676 iverunt

243 696 376 724 coronati.
398 696 451 729 Alii
474 701 656 731 porrexerunt
680 695 783 727 aridas,
808 699 837 722 et
853 703 908 722 non
926 696 1060 729 putridas.
1078 694 1196 729 Quidam
1210 703 1276 723 vero
1290 696 1362 723 sicut
1377 695 1496 730 fuerant,
1520 694 1683 722 semiaridas
1699 698 1726 721 et
1742 695 1875 723 scissuras

243 744 384 772 habentes.
405 743 492 772 Iussit
509 751 733 779 unumquemque
747 751 843 771 eorum
857 751 981 771 seorsum
997 748 1085 777 stare;
1103 744 1171 771 alios
1185 751 1236 771 suo
1253 751 1390 779 quemque
1406 744 1503 772 ordine
1515 741 1582 778 (61),
1596 742 1665 770 alios
1683 749 1824 770 seorsum.

971 791 1086 819 CAPUT
1115 791 1148 819 ν.

277 840 380 868 Deinde
392 843 573 874 porrexerunt
588 840 635 874 qui
658 839 811 867 habuerant
825 839 882 875 (62)
896 839 997 867 virides
1012 840 1123 875 quidem
1146 840 1248 876 virgas,
1264 841 1312 868 sed
1336 840 1473 868 scissuras
1488 840 1631 869 habentes.
1646 839 1680 867 lli
1697 847 1799 867 omnes
1813 839 1875 866 viri-

241 888 289 916 des
303 888 483 920 tradiderunt,
499 895 604 922 suoque
618 887 715 915 ordine
730 891 875 915 steterunt.
898 887 1035 914 Gaudium
1053 892 1144 915 autem
1166 895 1198 915 ex
1215 888 1259 916 his
1275 888 1394 924 percepit
1408 888 1453 916 hic
1469 888 1567 915 Pastor
1581 907 1589 920 ,
1600 886 1675 922 quod
1690 893 1791 914 omnes
1806 885 1873 920 poli-

241 941 275 964 ta
290 936 347 971 (65)
366 940 468 969 essent,
486 940 512 964 et
523 935 716 971 deposuissent
731 936 869 964 scissuras
893 943 968 964 suas.
984 935 1087 964 Deinde
1104 941 1298 971 porrexerunt,
1321 938 1369 972 qui
1385 936 1528 965 dimidiam
1542 935 1670 967 viridem,
1684 939 1712 962 et
1731 933 1875 962 dimidiam

239 985 345 1013 aridam
362 985 534 1012 habuerant:
550 985 732 1019 quorumdam
748 992 813 1012 vero
828 985 944 1012 inventa
959 991 1022 1013 sunt
1035 989 1100 1012 tota
1114 984 1230 1018 virides;
1254 985 1370 1013 aliorum
1387 984 1556 1013 semiarida:
1590 981 1709 1008 aliorum
1731 979 1836 1006 virides
1850 983 1875 1006 et

241 1032 383 1066 pampinos
395 1032 526 1059 habentes
537 1031 605 1067 (64).
617 1030 648 1058 lli
657 1038 754 1059 omnes
761 1030 868 1059 dimissi
881 1035 947 1058 sunt
962 1031 1153 1066 unusquisque
1165 1032 1192 1059 in
1201 1040 1281 1059 suum
1294 1032 1416 1059 ordinem
1426 1030 1494 1066 (65).
1509 1027 1694 1056 Tradiderunt
1706 1025 1766 1061 (66)
1778 1025 1876 1053 deinde

240 1079 287 1112 qui
297 1079 451 1106 habuerant
467 1079 536 1106 duas
547 1082 641 1113 partes
652 1078 790 1114 virgarum
804 1086 919 1106 suarum
932 1079 1044 1111 virides,
1057 1079 1223 1115 tertiamque
1233 1079 1338 1106 aridam
1352 1079 1447 1107 :multi
1461 1086 1494 1106 ex
1512 1079 1552 1106 eis
1565 1077 1667 1104 virides
1681 1078 1874 1111 porrexerunt:

241 1126 320 1154 multi
335 1126 517 1160 semiaridas;
534 1126 625 1154 cateri
641 1134 707 1154 vero
725 1127 817 1154 aridas
834 1131 861 1154 et
874 1135 928 1154 non
940 1128 1076 1163 putridas.
1096 1127 1129 1155 Hi
1145 1135 1241 1156 omnes
1252 1127 1359 1155 dimissi
1382 1131 1447 1156 sunt
1471 1127 1499 1154 in
1512 1134 1591 1155 suum
1606 1125 1725 1160 quisque
1737 1124 1875 1152 ordinem.

241 1174 343 1202 Deinde
356 1174 545 1210 porrigebant,
563 1173 610 1208 qui
626 1173 779 1200 habuerant
794 1173 821 1200 in
836 1174 920 1209 virgis
934 1175 992 1202 suis
1008 1175 1077 1203 duas
1104 1179 1196 1210 partes
1210 1174 1313 1207 aridas,
1330 1173 1496 1207 tertiamque
1509 1173 1624 1200 viridem
1642 1180 1650 1199 :
1664 1171 1746 1199 multi
1763 1178 1876 1205 quoque

240 1231 273 1251 ex
289 1222 330 1250 eis
344 1226 527 1258 porrexerunt
539 1221 717 1254 semiaridas;
734 1221 846 1256 quidam
860 1229 925 1249 vero
940 1222 1031 1250 aridas
1045 1227 1073 1249 et
1084 1222 1222 1257 putridas;
1239 1221 1284 1249 alii
1301 1225 1391 1249 autem
1407 1221 1570 1248 semiaridas
1580 1225 1608 1248 et
1622 1220 1760 1248 scissuras
1773 1221 1876 1247 haben-

245 1275 304 1298 tes:
322 1270 403 1305 pauci
418 1277 483 1296 vero
500 1268 610 1296 virides.
631 1267 664 1295 ili
680 1268 763 1303 igitur
776 1275 872 1295 omnes
894 1270 1077 1297 constiterunt
1097 1269 1124 1296 lu
1146 1277 1197 1297 suo
1224 1270 1342 1305 quisque
1359 1269 1454 1297 ordine
1479 1269 1548 1303 (67).
1564 1268 1665 1296 Deinde
1679 1272 1875 1303 porrexerunt.

239 1318 285 1352 qui
298 1317 408 1344 tertium
422 1315 480 1350 (68)
497 1315 650 1342 habuerant
675 1313 772 1346 viride,
800 1314 937 1349 reliquum
957 1323 1021 1342 vero
1035 1315 1142 1342 aridum
1159 1325 1166 1343 ;
1182 1316 1280 1343 horum
1298 1316 1382 1351 virga
1402 1315 1500 1348 maiori
1526 1324 1558 1344 ex
1580 1322 1657 1351 parte
1673 1316 1797 1344 inventa
1813 1320 1877 1344 sunt

241 1362 355 1394 virides,
371 1360 545 1388 ramusculos
560 1359 704 1392 habentes,
720 1364 747 1386 et
761 1359 788 1386 in
804 1359 845 1386 eis
860 1360 1025 1387 ramusculis
1042 1359 1180 1393 fructum;
1196 1366 1223 1388 et
1243 1361 1355 1396 reliqua
1370 1361 1470 1389 virides
1491 1365 1565 1389 tota.
1582 1361 1620 1389 Ex
1640 1363 1684 1390 his
1700 1362 1789 1398 virgis
1811 1370 1877 1398 gau-

238 1409 313 1436 dium
327 1408 501 1434 vehementer
516 1405 637 1441 percepit
648 1409 741 1440 pastor
757 1406 813 1440 ille,
828 1407 892 1441 quia
907 1407 947 1434 sic
962 1407 1103 1435 invenerat
1117 1416 1174 1435 eas.
1188 1407 1322 1435 Abierunt
1334 1413 1361 1436 et
1377 1407 1416 1435 illi
1429 1408 1456 1435 in
1471 1408 1582 1435 ordines
1606 1416 1682 1436 suos.

969 1461 1084 1489 CAPUT
1109 1461 1151 1489 Vl.

273 1509 421 1544 Postquam
437 1513 530 1536 autem
545 1508 668 1535 omnium
683 1508 739 1544 (69)
756 1508 846 1544 virgas
859 1509 1072 1541 consulerasset,
1094 1510 1133 1536 ait
1146 1509 1212 1536 mihi
1227 1520 1233 1536 :
1249 1509 1376 1537 Dixeram
1391 1509 1451 1541 tibi,
1467 1510 1594 1539 arborem
1617 1512 1689 1540 hanc
1701 1512 1820 1547 diligere
1832 1515 1878 1539 γί-

237 1562 305 1586 tam.
321 1557 412 1589 Vides,
428 1557 500 1591 quod
516 1557 573 1592 (70)
587 1556 665 1583 multi
679 1561 794 1591 egerunt
807 1556 995 1591 paniteiltiam
1006 1577 1013 1590 ,
1030 1562 1057 1584 et
1071 1557 1190 1584 assecuti
1206 1561 1271 1584 sunt
1285 1557 1415 1584 salutem.
1435 1555 1532 1590 Video,
1547 1557 1658 1591 inquam
1668 1578 1677 1590 ,
1694 1557 1822 1586 domine.
1843 1558 1878 1586 Ut

237 1603 320 1637 scias,
335 1602 434 1638 inquit,
446 1602 595 1631 bonitatem
611 1607 638 1630 et
649 1603 822 1631 clementiam
837 1603 947 1630 Domini
962 1611 1100 1639 magnam,
1119 1608 1147 1631 et
1170 1603 1359 1631 honorandam
1375 1604 1433 1639 (7i)
1446 1612 1518 1637 esse,
1539 1605 1588 1640 qui
1602 1605 1678 1633 dedit
1691 1606 1827 1641 spiritum
1843 1606 1878 1634 iis

237 1649 284 1684 qui
303 1648 376 1684 digni
390 1653 469 1675 erant
479 1655 560 1683 agere
574 1647 630 1683 (7‘2)
647 1648 847 1683 pmnitentiam.
863 1647 896 1675 Et
909 1649 987 1676 dixi:
1004 1648 1094 1682 Quare
1112 1657 1189 1684 ergo,
1204 1649 1329 1683 Domine,
1346 1657 1401 1677 non
1417 1657 1513 1679 omnes
1532 1656 1646 1686 egerunt
1659 1653 1880 1686 paenitentiam?

236 1697 284 1724 Ait
299 1697 366 1724 mihi
381 1705 387 1724 :
408 1695 532 1730 Quorum
546 1697 652 1724 viderat
667 1696 861 1732 (73)Dominus
880 1705 966 1732 puras
978 1702 1083 1726 mentes
1105 1697 1223 1731 futuras,
1239 1703 1268 1726 et
1284 1699 1434 1726 servituros
1449 1698 1473 1726 ei
1495 1706 1529 1726 ex
1542 1699 1606 1727 totis
1619 1699 1802 1734 pracordiis;
1821 1699 1878 1726 illis

237 1744 333 1772 tribuit
355 1745 556 1779 patuitentiam.
576 1744 610 1771 At
630 1752 750 1779 quorum
772 1745 879 1780 aspexit
901 1745 994 1773 dolum
1010 1751 1037 1773 et
1053 1747 1201 1782 nequitias,
1223 1751 1251 1774 et
1271 1747 1465 1774 animadvertit
1487 1746 1521 1774 ad
1543 1754 1572 1773 se
1586 1745 1722 1773 fallaciter
1745 1753 1880 1773 reversu-

237 1800 283 1820 ros
297 1792 366 1828 (74),
379 1791 486 1827 negavit
499 1791 534 1819 iis
548 1792 582 1820 ad
594 1793 784 1827 pauitentiam
801 1801 967 1828 regressum,
982 1801 1016 1821 ne
1036 1801 1134 1821 rursus
1154 1794 1241 1828 legem
1255 1793 1318 1828 ejus
1334 1793 1459 1822 nefandis
1473 1793 1670 1820 maledicerent
1682 1792 1789 1820 verbis.
1810 1793 1878 1821 Dico

237 1841 261 1867 ci
277 1850 282 1867 :
300 1839 379 1867 Nunc
391 1840 473 1873 mihi,
490 1839 611 1873 domine,
627 1840 799 1874 demonstra,
811 1841 902 1876 qualis
918 1841 953 1868 sit
969 1841 1026 1876 (75)
1039 1841 1117 1869 locus
1129 1842 1266 1877 cujusque
1276 1849 1372 1869 eorum
1385 1841 1432 1876 qui
1443 1841 1535 1876 virgas
1549 1839 1739 1873 reddiderunt,
1753 1845 1784 1868 et
1797 1841 1879 1868 sedes

236 1896 331 1916 eorum
347 1887 403 1923 (76)
418 1897 424 1914 :
441 1892 472 1915 ut
486 1887 589 1915 auditis
606 1888 649 1915 his
664 1893 691 1916 et
705 1889 828 1922 creditis,
842 1889 860 1916 ii
872 1889 919 1924 qui
942 1896 996 1916 non
1008 1889 1200 1916 custodierunt
1219 1889 1366 1925 integrum,
1379 1889 1427 1917 sed
1444 1888 1647 1923 dissipaverunt
1659 1887 1787 1923 sigillum
1803 1888 1878 1923 quod

236 1940 409 1970 acceperunt,
433 1934 532 1970 agnitis
545 1934 603 1961 suis
624 1934 716 1968 factis,
731 1935 920 1970 paenitentiam
942 1939 1041 1969 agant;
1062 1939 1090 1962 et
1101 1940 1214 1970 accepto
1229 1943 1243 1962 a
1258 1940 1285 1962 te
1299 1935 1400 1970 sigillo,
1413 1934 1532 1962 Domino
1554 1934 1618 1961 dent
1630 1933 1771 1961 honorem
1795 1934 1854 1969 (77)
1869 1955 1877 1967 ,

236 1982 309 2017 quod
321 1982 357 2009 sit
367 1989 449 2016 super
463 1981 520 2016 (78)
535 1988 583 2009 eos
600 1986 691 2009 motus
704 1982 851 2009 clementia
864 1989 925 2015 sua,
942 1986 968 2009 et
980 1981 1088 2009 miserit
1102 1986 1139 2015 te,
1151 1986 1181 2009 ut
1193 1981 1307 2017 spiritus
1318 1989 1414 2008 eorum
1429 1988 1555 2008 renoves.
1569 1979 1653 2012 Audi,
1667 1979 1763 2013 inquit
1778 1988 1785 2006 :
1799 1979 1878 2011 Quo-

236 2038 297 2059 rum
311 2031 392 2065 virga
406 2030 489 2057 arida
503 2034 531 2057 et
545 2027 662 2064 putrida
676 2034 792 2062 reperta
806 2033 880 2060 sunt,
896 2028 1010 2055 etvelut
1022 2036 1037 2056 a
1048 2028 1121 2055 tinea
1133 2032 1228 2060 tacta;
1243 2028 1270 2054 hi
1287 2032 1352 2056 sunt
1363 2026 1522 2062 transfuga,
1534 2030 1561 2053 et
1577 2025 1634 2062 (79)
1649 2025 1787 2053 Ecclesia
1808 2032 1877 2059 pro-

781 2089 900 2117 VARUE
920 2088 1112 2117 LECTIONES
1130 2088 1175 2116 ET
1194 2088 1314 2116 NOTiE.

272 2138 329 2174 (51.)
345 2137 410 2165 Mss.
429 2137 636 2178 Angl._inringe.
659 2135 775 2178 Et'mox
791 2136 1023 2178 incinxi.“U_sita-
1074 2135 1352 2178 tunlt_7r1adiiiernnt:

237 2167 292 2201 tam
317 2167 407 2200 autem
433 2167 535 2208 Graecis
561 2167 654 2199 vocem
671 2171 797 2208 σάσανον,
823 2179 892 2208 qua
908 2171 1023 2208 linteum
1109 2171 1166 2208 (67)
1182 2169 1448 2208 ConjicitWal-tius,
1464 2168 1579 2208 librarii
1589 2167 1699 2208 incuria
1714 2167 1768 2208 _hic
1784 2167 1872 2195 fuisse

237 2208 295 2234 sive
311 2207 457 2234 iintcamen
473 2207 594 2236 denotat.
616 2212 694 2234 vetus
715 2207 849 2242 interpres
868 2207 912 2234 hic
931 2206 960 2233 in
974 2211 1026 2234 sua
1072 2204 1176 2242 omissa
1190 2204 1331 2242 sequentia
1346 2215 1352 2232 :
1368 2205 1485 2238 Quidam
1506 2204 1678 2242 porrigebant
1695 2204 1788 2238 virgas
1807 2211 1874 2229 sua;

237 2243 363 2278 versione
376 2242 507 2278 retinuit.
787 2239 796 2242 ⁷
1072 2241 1212 2278 paululum
1225 2239 1318 2278 aridae
1327 2240 1547 2278 ;_(aridum_en_iin
1560 2244 1618 2278 erat
1630 2239 1719 2278 ipsum
1733 2246 1875 2278 cacumen)

283 2277 327 2303 55:
345 2276 440 2303 Lamb.
458 2276 517 2303 sibi.
1072 2274 1204 2303 scissura:
1218 2284 1278 2303 vero
1298 2274 1437 2303 habebant.
1456 2275 1494 2302 Dc
1510 2275 1553 2302 his
1572 2275 1647 2302 enim
1669 2274 1701 2301 ﬁt
1716 2274 1822 2301 mentio
1845 2274 1874 2300 in

256 2296 327 2345 (Et?)
342 2296 440 2338 ἰςῖἶὶἱιῖξ
454 2296 593 2338 Eduxi:
608 2311 636 2336 in
656 2318 760 2345 campo,
773 2315 797 2336 et
811 2312 921 2339 vocavit.
1072 2296 1279 2346 ῖιῖἶῖῦἷῇἲηέἶὶἰ
1294 2296 1487 2346 ἕὲιῖῗῐέϊίῖί

269 2344 327 2381 (57)
341 2346 504 2383 ΜςβηΑηξςΙ.
521 2346 682 2382 agminibus.
1075 2344 1225 2383 _7(68)_Ex
1242 2346 1317 2374 Fello
1328 2344 1400 2374 wmss.
1416 2347 1496 2381 Angl.
1512 2345 1656 2372 minimum
1679 2351 1732 2379 pro
1750 2344 1872 2371 tertium.

269 2383 327 2417 (58)
341 2381 437 2408 Lamb.
452 2390 521 2417 quin.
541 2381 544 2382 ⁷
576 2416 579 2417 ν
622 2416 634 2417 η
1072 2381 1118 2409 Sic
1133 2386 1160 2408 et
1175 2381 1278 2409 Victor.

268 2418 325 2452 (59)
335 2417 431 2452 Lamb.
445 2416 519 2444 addit
531 2416 603 2444 satis.
618 2416 651 2443 Et
661 2424 723 2444 mox
733 2417 834 2444 omittit
846 2418 938 2444 aridas
953 2422 987 2444 et.
1108 2417 1165 2452 (69)
1181 2416 1279 2452 Lamb.
1296 2425 1396 2444 omnes.

269 2453 325 2487 (60)
349 2451 446 2480 Lamb.
471 2453 607 2487 primariis
633 2453 748 2480 tradere.
778 2452 854 2479 Bodl.
882 2454 1019 2487 primariis
1107 2451 1164 2487 (70)
1179 2451 1246 2480 Mss.
1262 2453 1447 2487 Augl.quam.

232 2493 314 2516 stare.
1107 2487 1163 2522 (7|)
1181 2487 1231 2515 Ms.
1247 2488 1327 2522 Angl.
1342 2488 1488 2515 honestam.

267 2524 323 2558 (6|)
338 2523 388 2550 Ms.
403 2523 482 2558 Angl.
497 2531 549 2558 suo
559 2530 660 2558 quoque
676 2524 790 2558 agmine.
809 2522 846 2550 Ita
863 2531 943 2558 sape.
965 2523 1016 2550 ητι-
1107 2522 1164 2558 (72)
1181 2522 1277 2558 Lamb.
1290 2523 1403 2557 diligunt
1417 2531 1506 2558 agere.

232 2557 392 2594 beutretiam
408 2557 512 2594 agmine
530 2557 598 2586 ViCt.
614 2564 642 2594 et
654 2558 746 2585 Carm.
785 2593 788 2594 ν
904 2557 909 2558 ⁷
1102 2557 1165 2594 ((25)
1181 2557 1232 2594 Ms.
1247 2558 1326 2592 Angl.
1346 2558 1422 2585 vidit.

268 2593 325 2629 (62)
337 2592 434 2621 Lamb:
450 2595 607 2621 habuerunt.
627 2593 673 2620 Sic
687 2600 713 2621 et
729 2593 811 2628 paulo
827 2599 898 2628 post,
915 2599 941 2621 et
956 2602 1020 2629 pas—
1107 2592 1164 2629 (74)
1180 2592 1276 2629 Lamb.
1296 2601 1422 2621 reversos.

233 2629 294 2656 sim.
316 2627 320 2629 ⁷
729 2627 734 2628 ⁷
827 2627 834 2628 ⁷
957 2627 964 2629 ⁷
1107 2627 1163 2664 (75)
1178 2627 1224 2655 Sic
1239 2636 1306 2656 mss.
1323 2629 1402 2664 Angl.
1417 2633 1444 2656 et
1458 2628 1528 2656 Vict.
1546 2628 1592 2656 Sic
1604 2633 1632 2656 et
1647 2629 1717 2657 edit.
1731 2629 1825 2657 Oxon.
1837 2628 1873 2654 At

251 2637 294 2656 un.
380 2664 385 2669 Ι
629 2665 634 2669 1
1106 2632 1224 2689 gibbere
1239 2636 1306 2669 mss,
1323 2632 1402 2668 Angl.
1417 2633 1444 2669 et

251 2699 254 2703 Δ
268 2664 323 2699 (65)
335 2663 450 2703 Quidam
460 2673 497 2703 ex
509 2665 651 2703 impressa
664 2664 767 2703 habent
783 2665 907 2703 imitata.
921 2664 963 2691 Al.
980 2665 1020 2691 in-
1069 2664 1159 2703 edit.“
1174 2671 1239 2703 aris.
1249 2665 1406 2703 _quts.‘quid
1421 2673 1455 2691 ﬂ.

235 2699 330 2726 ritataa.
344 2701 443 2726 Attus.
459 2698 555 2727 Lamb.
573 2700 678 2726 mutati.
694 2700 740 2726 Sic
756 2705 782 2726 ct
797 2699 900 2728 Victor.
1106 2698 1163 2733 (76)
1179 2698 1275 2726 Lamb.
1294 2699 1416 2726 sederunt
1433 2699 1544 2726 scorsim

267 2735 322 2770 (bl)
339 2734 405 2762 Mss.
421 2736 499 2770 Augl.
518 2736 633 2761 aliorum
649 2736 786 2769 pampinos
798 2736 939 2762 habebant.
1106 2733 1163 2768 (77)
1183 2733 1279 2761 Lamb.
1303 2740 1408 2768 accepto
1425 2736 1462 2761 uit
1481 2734 1584 2770 sigillo,
1602 2735 1727 2768 Domine,
1743 2735 1805 2762 deut
1821 2734 1871 2760 lm-

267 2769 322 2803 (65)
347 2769 390 2798 Al.
419 2769 596 2805 unusquisque
621 2771 647 2796 in
676 2778 723 2796 sua
754 2771 846 2797 ordine
874 2775 1015 2798 steterunt.
1070 2777 1170 2805 norem.

235 2803 348 2840 Deutch
398 2832 423 2840 ω
493 2803 497 2805 ⁷
553 2803 558 2805 ⁷

1106 2804 1163 2840 (78)
1177 2803 1228 2832 Ms.
1244 2805 1324 2840 Augl.
1343 2806 1371 2832 in
1387 2813 1436 2840 pro
1448 2814 1536 2840 super.

269 2838 324 2873 (66)
341 2838 379 2865 Ita
398 2832 470 2866 iielli
485 2840 567 2868 editio
589 2840 678 2870 Oxon.
705 2849 738 2869 ex
759 2840 854 2869 Lamb.
871 2840 913 2868 Al.
931 2840 1014 2868 omit-
1106 2832 1162 2875 (79)
1178 2840 1221 2867 Al.
1238 2832 1369 2868 omittunt
1387 2832 1426 2874 let,
1442 2832 1654 2876 _qtiodvexhibet
1680 2842 1746 2870 edit.
1767 2840 1859 2869 Oxon
