1920 3104
65 166 109 194 977
589 169 735 197 PASTOR.
755 187 790 192 -—
809 171 872 198 LIB.
893 172 936 199 III.
955 172 1053 200 SIMIL.
1075 173 1141 200 VIII.
1626 177 1678 205 978

64 225 156 252 rlitorcs
171 246 178 257 ,
193 225 240 260 qui
258 226 329 253 inter
344 226 450 262 reliqua
467 220 518 254 sua
539 226 649 261 delicta,
664 227 788 256 nefandis
802 229 894 256 verbis
913 229 1058 257 Dominum
1073 230 1199 257 insectati
1212 230 1280 265 (80),
1298 239 1397 258 nomen
1419 230 1480 266 ejus
1491 238 1676 267 negaverunt,

63 271 128 306 quod
143 279 223 306 super
236 280 286 300 eos
298 278 358 301 erat
381 275 554 303 invocatum.
574 275 606 303 Hi
623 277 707 312 igitur
723 285 820 305 omnes
835 278 938 305 mortui
964 283 1028 306 sunt
1050 278 1121 312 Deo;
1138 285 1219 314 atque
1232 280 1313 306 etiam
1337 280 1474 307 neminem
1491 288 1585 307 eorum
1601 281 1677 309 vides

62 326 141 353 egisse
153 321 353 354 ptenitentiam,
369 323 477 351 tametsi
493 324 630 352 audierim
645 325 775 352 mandata
793 333 864 358 mea,
881 333 942 360 quas
955 329 985 353 tu
1008 327 1048 353 eis
1072 327 1210 362 protulisti
1232 336 1238 354 :
1255 327 1288 354 ab
1311 327 1468 362 hujusmodi
1481 335 1545 360 ergo
1560 329 1676 356 homini-

64 368 108 395 bus
121 367 194 396 ahest
205 369 262 396 vita
280 370 347 406 (81).
366 370 400 398 Hi
415 378 527 407 quoque
544 373 591 408 qui
606 373 698 401 aridas
714 378 741 401 et
763 381 817 401 non
834 375 957 409 putridas
973 375 1154 408 tradiderunt,
1171 383 1226 403 non
1246 375 1342 411 procul
1357 376 1391 404 ab
1405 377 1462 412 (82)
1479 376 1530 404 illis
1545 376 1654 404 fuerunt
1666 398 1675 410 ,

63 416 108 443 ﬁcti
122 417 192 444 enim
208 422 298 450 erant,
315 423 342 446 et
354 419 494 448 doctrinas
507 428 606 455 pravas
618 421 780 454 intulerunt,
797 426 824 449 et
837 426 1028 456 perverterunt
1041 430 1136 451 servos
1154 422 1216 455 Dei;
1233 423 1371 458 praecipue
1387 431 1434 450 eos
1445 423 1492 458 qui
1505 428 1675 458 peccassent:

63 471 108 490 nun
119 463 236 491 sinentes
249 471 298 492 eos
310 465 343 493 ad
358 466 547 500 paenitentiam
563 466 662 499 redire,
678 467 726 494 sed
747 466 882 495 doctrinis
899 466 982 494 fatuis
998 467 1163 495 detinentes.
1183 467 1215 494 lli
1231 474 1298 503 ergo
1314 467 1415 494 habent
1434 468 1467 495 ad
1483 475 1558 502 spem
1571 475 1677 504 regres-

62 516 114 536 sum
127 518 134 536 :
149 515 232 545 atque
246 511 328 538 etiam
348 512 451 539 multos
461 512 536 540 vides
551 519 631 548 agere
648 514 849 548 pcenitentiam,
867 523 901 542 ex
916 523 973 550 quo
986 515 1026 543 eis
1041 515 1169 543 mandata
1185 523 1244 543 mea
1260 515 1403 551 protulisti
1417 525 1424 549 ;
1441 519 1468 542 et
1492 515 1582 543 adhuc
1597 521 1677 551 agent

61 558 249 592 penitentiam.
268 559 430 595 Quicunque
442 567 508 587 vero
523 567 578 587 non
594 561 700 595 egerint
714 561 916 596 ptenitentiam,
929 563 947 590 ii
963 567 990 590 et
1011 560 1170 594 patientiam
1184 562 1371 598 perdiderunt,
1387 568 1414 591 et
1430 564 1513 591 vitam
1529 565 1585 600 (85)
1597 572 1675 592 suam

61 604 183 632 amittent.
196 605 231 632 At
242 605 286 633 his
301 606 348 640 qui
360 605 475 641 egerint,
491 613 589 634 murus
603 606 630 633 in
648 606 746 641 primis
760 607 844 642 coepit
864 615 928 635 esse
942 607 1021 635 sedes
1038 607 1095 642 (84)
1120 615 1234 640 eorum;
1260 608 1371 642 quidam
1388 617 1452 637 vero
1467 610 1549 637 etiam
1570 609 1625 644 (85)
1648 609 1675 636 in

61 653 146 678 turrim
161 653 352 681 ascenderunt.
378 653 459 682 Vides
480 655 574 689 igitur,
600 655 699 690 inquit,
718 655 744 683 in
762 656 932 691 ptenitentia,
949 656 1121 690 peccantium
1143 655 1234 683 inesse
1247 656 1348 692 vitam;
1369 665 1423 685 non
1438 658 1578 693 agentium
1612 665 1676 685 vero

60 700 245 733 ptenitentiam,
258 705 374 729 mortem
390 707 522 737 paratam.

763 758 878 786 CAPUT
898 758 953 786 VII.

89 801 123 829 De
135 802 177 830 his
192 810 258 831 vero
271 803 319 838 qui
339 803 500 832 semiaridas
513 810 605 839 virgas
621 809 825 838 porrexerunt,
843 809 871 831 et
890 805 1027 832 scissuras
1042 804 1198 831 habuerunt
1210 824 1217 835 ,
1234 804 1309 832 audi.
1337 804 1460 838 Quorum
1486 804 1675 833 tantummodo

59 850 197 878 semiaridat
210 856 292 878 erant
304 852 404 887 virgas;
420 852 447 879 hi
460 851 535 879 dubii
548 856 632 885 sunt;
649 860 700 880 nec
713 852 786 880 enim
804 852 857 879 vivi
874 857 948 885 sunt,
965 860 1015 880 nec
1031 852 1143 880 mortui.
1160 851 1194 880 At
1211 852 1237 880 III
1252 853 1299 888 qui
1317 852 1483 880 semiaridas
1498 856 1524 879 et
1539 851 1676 879 scissuras

59 896 177 925 habentes
190 899 379 934 tradiderunt;
394 905 422 928 et
435 900 511 928 dubii
527 905 602 934 sunt,
617 904 644 928 et
657 900 780 928 maledici
794 921 802 933 ,
818 900 852 927 de
869 900 1027 928 absentibus
1042 901 1228 933 detrahentes,
1244 904 1272 927 et
1285 907 1426 934 nunquam
1446 899 1518 926 inter
1535 907 1565 926 se
1579 905 1674 933 pacem

60 943 188 977 habentes,
204 950 232 973 et
245 946 318 974 inter
332 955 360 974 se
378 947 435 983 (86)
452 949 615 976 invidentes.
634 949 667 976 Et
683 949 718 977 iis
731 949 842 984 quidem
858 949 998 984 proposita
1013 953 1055 976 est
1069 948 1228 984 paenitentia
1242 957 1248 975 :
1264 947 1340 975 vides
1357 947 1431 974 enim
1450 955 1483 974 ex
1506 947 1549 974 his
1567 946 1675 982 aliquos

59 994 188 1026 pmnitere.
204 993 367 1031 Quicunque
382 1003 447 1024 vero
461 1004 556 1024 eorum
572 997 626 1025 cito
640 1002 756 1033 egerunt
768 997 825 1033 (87)
843 996 1033 1032 paenitentiam
1046 1016 1053 1028 ,
1079 996 1106 1023 hi
1122 996 1149 1022 iu
1166 995 1236 1022 turri
1270 995 1371 1023 habent
1395 997 1486 1024 sedem
1502 1005 1508 1023 :
1535 1000 1563 1022 at
1585 995 1604 1022 ii
1627 996 1674 1030 qui

60 1042 124 1070 tarde
135 1047 259 1078 egerunt,
273 1043 301 1070 in
313 1044 401 1072 muris
412 1044 537 1072 habitant
549 1044 617 1080 (88).
630 1044 683 1078 Qui
697 1053 762 1073 vero
775 1053 829 1072 non
840 1049 957 1081 egerunt
966 1044 1166 1079 paenitentiam,
1181 1043 1227 1070 sed
1242 1043 1267 1070 in
1280 1043 1340 1071 suis
1352 1049 1561 1080 permanserunt
1575 1043 1655 1072 factis
1665 1063 1674 1076 .

58 1094 134 1117 morte
146 1090 308 1119 morientur.
322 1091 357 1119 At
369 1099 436 1119 vero
452 1092 478 1120 hi
492 1093 539 1127 qui
552 1092 654 1120 virides
665 1093 774 1128 quidem
786 1093 889 1128 virgas,
903 1093 949 1120 sed
964 1093 1101 1121 scissuras
1115 1092 1245 1118 habentes
1259 1091 1444 1126 tradiderunt;
1461 1091 1552 1119 ﬁdeles
1566 1098 1676 1125 semper

58 1136 155 1166 fuerunt
168 1145 195 1167 et
209 1139 287 1172 boni,
303 1140 349 1168 sed
364 1139 497 1169 habentes
511 1141 581 1169 inter
595 1149 625 1169 se
640 1142 787 1177 quamdam
805 1141 935 1168 invidiam
951 1145 979 1168 et
993 1140 1081 1167 zelum
1097 1139 1154 1175 (89)
1167 1139 1200 1167 de
1215 1139 1367 1175 principatu
1380 1145 1407 1168 et
1418 1140 1558 1175 dignitate.
1572 1138 1675 1166 Verum

57 1193 141 1214 omnes
155 1187 313 1222 hujusmodi
331 1189 492 1224 insipientes
507 1188 564 1224 (90)
581 1193 645 1217 sunt
658 1193 686 1216 et
698 1189 777 1222 fatui,
791 1189 839 1225 qui
857 1189 957 1216 habent
971 1189 1042 1216 inter
1057 1196 1086 1216 se
1101 1188 1302 1216 aemulationem
1317 1187 1350 1214 de
1365 1187 1530 1222 principatu.
1547 1185 1674 1213 Attamen

58 1233 81 1260 hi
92 1254 98 1266 ,
110 1242 168 1263 cum
185 1236 242 1264 sint
255 1237 358 1272 alioqui
374 1237 460 1272 boni,
474 1237 497 1265 si
511 1237 611 1265 auditis
625 1238 762 1266 mandatis
777 1238 839 1265 istis
855 1238 912 1272 (91)
928 1237 1136 1265 emendaverint
1151 1244 1179 1264 se
1190 1257 1197 1268 ,
1222 1241 1249 1264 et
1264 1236 1320 1263 cito
1335 1243 1383 1270 per
1406 1235 1562 1262 suasionem
1585 1241 1674 1261 meam

58 1283 106 1316 (9‘2)
119 1283 218 1318 egerint
234 1285 443 1319 paenitentiam;
459 1284 486 1312 in
500 1284 569 1312 turri
583 1284 702 1318 denique
717 1283 848 1318 incipient
863 1283 996 1314 habitare,
1013 1282 1085 1310 sicut
1100 1286 1127 1309 et
1142 1282 1170 1308 hi
1184 1281 1231 1316 qui
1245 1287 1359 1316 egerunt
1373 1282 1454 1317 digne
1469 1281 1525 1316 (95)
1538 1281 1674 1316 paeniten-

57 1329 124 1357 tiam.
139 1331 214 1364 Quod
229 1331 253 1359 si
268 1331 332 1367 quis
345 1339 443 1360 eorum
457 1340 555 1360 rursus
569 1331 603 1359 ad
617 1333 818 1360 dissensionem
834 1331 946 1358 redierit
956 1351 963 1362 ,
981 1330 1127 1365 repelletur
1143 1329 1199 1365 (94)
1211 1337 1228 1357 a
1243 1330 1322 1363 turri,
1335 1335 1361 1357 et
1374 1330 1457 1357 vitam
1475 1338 1553 1358 suam
1570 1329 1672 1364 perdet.

59 1374 109 1404 Vita
120 1379 189 1406 enim
203 1386 301 1407 eorum
316 1380 363 1415 qui
376 1382 534 1410 custodiunt
554 1381 682 1409 mandata
704 1379 825 1412 Domini,
844 1380 871 1407 in
892 1379 1029 1406 mandatis
1045 1378 1190 1413 consistit;
1216 1386 1270 1405 non
1295 1377 1322 1405 in
1342 1378 1495 1414 principatu
1520 1383 1568 1406 aut
1583 1378 1675 1413 aliqua

59 1424 184 1459 dignitate.
200 1426 253 1455 Per
267 1428 425 1462 patientiam
440 1429 512 1456 enim
525 1433 553 1456 et
567 1429 748 1457 humilitatem
763 1427 863 1456 anima:
892 1428 976 1455 vitam
993 1428 1119 1456 homines
1135 1432 1356 1462 consequentur;
1380 1434 1428 1461 per
1442 1425 1590 1453 seditiones
1610 1432 1675 1452 vero

58 1478 264 1511 ctcontemptum
281 1477 348 1513 legis
367 1482 482 1506 mortem
499 1478 551 1506 sibi
566 1479 720 1513 acquireut.

758 1535 874 1565 CAPUT
894 1535 964 1564 VIII.

87 1578 133 1611 Qui
145 1587 207 1608 vero
221 1581 248 1608 in
264 1582 348 1616 virgis
363 1583 420 1611 suis
434 1583 578 1611 dimidium
594 1583 701 1611 aridum
715 1583 861 1614 habebant,
876 1586 903 1610 et
917 1581 1063 1610 dimidium
1078 1581 1181 1614 viride,
1198 1581 1226 1608 hi
1250 1584 1314 1608 sunt
1339 1580 1573 1616 negotiationibus
1596 1579 1674 1606 iuro-

58 1624 98 1652 luti
110 1647 117 1659 .
139 1636 223 1664 neque
241 1630 363 1665 appliciti
384 1632 505 1660 sanctis:
523 1632 640 1667 ideoque
659 1631 741 1660 etiam
756 1631 901 1659 dimidium
916 1638 1012 1658 eorum
1028 1630 1113 1663 vivit,
1131 1629 1275 1656 dimidium
1293 1636 1358 1656 vero
1375 1633 1513 1654 mortuum
1527 1631 1579 1654 est.
1597 1625 1673 1652 Multi

58 1671 129 1706 igitur
142 1682 173 1701 ex
187 1675 251 1709 illis,
267 1676 368 1704 auditis
382 1677 530 1711 mandatis,
543 1682 657 1713 egerunt
674 1677 862 1713 penitentiam
873 1698 880 1709 ,
895 1680 922 1703 et
937 1676 964 1702 in
979 1676 1047 1702 turri
1062 1675 1186 1702 habitare
1199 1680 1358 1709 coeperunt;
1374 1676 1486 1711 quidam
1498 1683 1562 1703 vero
1579 1683 1674 1702 eorum

59 1719 80 1745 iu
93 1724 169 1750 totum
187 1723 360 1752 destiterunt.
378 1724 428 1754 llis
443 1726 526 1761 igitur
540 1733 594 1753 non
610 1713 653 1753 est
667 1725 744 1753 locus
760 1725 944 1760 paenitentiam
961 1732 977 1752 a
991 1723 1175 1759 negotiatione
1190 1724 1263 1751 enim
1277 1732 1338 1756 sua,
1356 1724 1472 1752 nefanda
1486 1725 1513 1751 in
1526 1723 1674 1752 Dominum

58 1764 128 1794 locuti
141 1775 212 1803 sunt,
228 1775 256 1798 et
267 1779 329 1798 eum
344 1772 558 1807 abnegaverunt.
577 1771 689 1807 Propter
712 1772 784 1799 hanc
800 1771 884 1807 igitur
906 1771 1057 1805 nequitiam
1083 1770 1237 1798 amiserunt
1258 1770 1353 1797 vitam.
1377 1770 1453 1798 lllulti
1481 1779 1546 1798 vero
1573 1779 1607 1798 ex
1630 1771 1674 1798 his

59 1812 155 1842 dubiam
172 1823 290 1846 mentem
307 1818 464 1847 induerunt.
478 1820 576 1848 Adhuc
588 1825 615 1848 et
629 1821 663 1848 iis
675 1825 716 1848 est
730 1827 889 1856 regressus;
906 1820 952 1855 qui
967 1819 990 1846 si
1004 1819 1059 1846 cito
1075 1819 1262 1854 preuitcntiam
1286 1819 1410 1854 egerint,
1435 1820 1462 1847 in
1489 1820 1556 1847 turri
1580 1822 1674 1848 sedem

59 1859 199 1898 habebunt;
215 1866 238 1893 si
255 1874 319 1893 vero
334 1867 438 1895 tardius
452 1869 568 1903 egerint,
583 1869 609 1896 in
625 1869 712 1896 muris
728 1868 907 1901 liabitabunt;
923 1868 945 1895 si
959 1872 1051 1894 autem
1068 1875 1123 1894 non
1141 1867 1246 1902 egerint
1262 1866 1319 1901 (95)
1333 1886 1340 1898 ,
1367 1871 1482 1894 mortem
1505 1867 1557 1894 sibi
1579 1867 1674 1902 acqui-

58 1913 117 1935 rent.
130 1910 162 1938 At
173 1911 199 1939 hi
215 1913 264 1948 qui
279 1913 347 1941 duas
362 1919 454 1949 partes
467 1915 606 1950 virgarum
623 1923 736 1943 suarum
753 1915 853 1943 virides
870 1915 1035 1947 habuerunt,
1055 1919 1081 1941 et
1097 1914 1204 1941 tertiam
1226 1914 1331 1941 aridam
1346 1923 1353 1948 ;
1377 1914 1563 1949 compluribus
1583 1912 1672 1940 modis

57 1955 179 1992 deliravati
199 1961 276 1997 (96),
299 1968 465 1998 negaverunt
478 1963 635 1991 Dominum.
651 1963 691 1991 Ex
707 1964 751 1991 his
767 1963 849 1996 igitur
865 1963 943 1990 multi
962 1966 1078 1998 egerunt
1092 1961 1298 1997 prenitentiam,
1314 1966 1396 1997 atque
1411 1963 1447 1989 ita
1465 1961 1492 1988 iu
1507 1960 1573 1988 turri
1592 1959 1671 1986 habi-

57 2008 104 2033 1³1⁸8
113 2015 248 2043 ccepcrunt
262 2018 268 2042 ;
283 2015 311 2037 et
323 2011 399 2038 multi
415 2018 430 2038 a
448 2011 503 2038 Deo
518 2011 546 2038 in
565 2016 727 2047 perpetuum
743 2015 931 2040 recesserunt:
948 2011 988 2038 illi
1007 2010 1088 2045 igitur
1102 2011 1129 2037 in
1146 2014 1231 2037 totum
1247 2010 1401 2036 amiserunt
1416 2008 1499 2034 vitam
1515 2005 1583 2042 (9‘7).
1598 2005 1666 2038 Qui-

56 2051 108 2080 dam
122 2062 182 2083 vero
196 2056 279 2084 dubia
294 2063 384 2085 mente
397 2063 539 2094 concepta,
554 2059 742 2088 dissensiones
757 2059 982 2087 concitaverunt:
1000 2059 1034 2086 iis
1050 2058 1139 2086 adhuc
1156 2065 1296 2093 regressus
1312 2060 1364 2089 est,
1381 2056 1403 2082 si
1420 2055 1474 2082 cito
1488 2054 1593 2088 egerint
1607 2061 1666 2088 pa:-

58 2098 201 2133 uitentiam.
220 2110 272 2130 nec
291 2103 476 2139 voluptatibus
494 2103 551 2139 (98)
573 2104 632 2132 suis
647 2105 777 2132 remorati
796 2105 914 2138 fuerint;
938 2104 960 2131 si
984 2108 1075 2131 autem
1098 2104 1298 2140 permanserint
1316 2103 1343 2129 in
1361 2102 1438 2129 factis
1454 2102 1530 2134 suis,
1552 2105 1668 2127 mortem

57 2142 99 2170 sibi
111 2148 258 2182 acquireut.

763 2197 877 2225 CAPUT
897 2197 942 2224 IX.

86 2250 131 2284 Qui
145 2261 207 2282 vero
221 2262 402 2289 porrexerunt
417 2259 508 2294 virgas
523 2268 598 2292 suas,
613 2269 729 2295 quarum
748 2261 808 2288 dua:
824 2265 916 2295 partes
931 2260 1014 2287 aridae
1035 2259 1154 2291 fuerant,
1173 2263 1201 2286 et
1216 2259 1295 2286 tertia
1314 2258 1429 2290 viridis;
1451 2257 1542 2284 tideles
1560 2256 1669 2291 quidem

58 2295 170 2335 fuerunt,
192 2304 239 2331 sed
262 2304 418 2340 locupletati
433 2310 460 2333 et
473 2307 623 2333 exsaturati
639 2306 697 2342 (99)
712 2307 792 2335 bouis
803 2325 811 2338 ν
825 2305 896 2340 apud
914 2310 1023 2332 exteras
1037 2309 1130 2338 gentes
1144 2304 1310 2332 celebriores
1328 2312 1389 2331 esse
1412 2303 1557 2337 cupierunt
1576 2302 1668 2337 (100),

591 2367 709 2396 VARI/E
730 2366 923 2396 LECTIONES
938 2366 983 2393 ET
1004 2365 1122 2393 ΝΟΤᾸΞ.

152 2418 200 2457 his.
215 2421 297 2457 Angl.
315 2422 436 2452 insecuti.
915 2422 972 2457 (90)
993 2422 1090 2451 Lamb.
1106 2422 1215 2453 desunt.
1230 2421 1383 2455 insipientes
1398 2423 1434 2446 et.

153 2452 301 2495 Lambftn
313 2457 392 2486 habes
407 2461 456 2488 ita.
915 2452 972 2495 (91)
994 2457 1059 2495 Mss.
1075 2457 1242 2495 ᾼιιε1.ηιείδ.
1328 2492 1334 2495 _
1445 2489 1463 2495 ﬁ
1477 2490 1491 2495 __
1509 2493 1513 2495 _
1543 2488 1562 2495 Ἀ
1597 2489 1601 2494 .

152 2489 225 2529 5_I_ss._
233 2491 314 2529 Angl.
327 2502 407 2528 prope
426 2487 469 2523 ab.
995 2492 1059 2519 Mss.
1073 2487 1153 2529 Αηῇι.
1167 2492 1348 2529 persuasionis
1364 2498 1433 2529 sum;
1444 2489 1529 2529 Editt.‘
1543 2488 1628 2515 Paris.
1642 2495 1666 2516 el

86 2522 135 2560 (85)
155 2525 198 2553 Sic
214 2522 310 2555 Lamb.
327 2522 492 2558 Sic'etFelli
514 2532 580 2560 edit,
595 2532 683 2560 Οχοιι,
707 2532 749 2559 Al,
768 2532 788 2559 ti
804 2536 828 2559 ει
878 2522 978 2555 Clerici
1001 2522 1217 2560 persuasionem,
1243 2527 1384 2553 mendose.
1414 2525 1530 2551 Fabricii
1560 2532 1667 2560 quoque

57 2558 227 2597 pml'jienllam.
243 2566 267 2588 ει
284 2563 375 2591 vitam.
519 2558 568 2560 ᾤ’
604 2558 608 2559 ν
642 2558 647 2560 ⁷
719 2558 738 2559 Π
878 2563 963 2590 editio
979 2558 1124 2597 tvpothetae
1140 2558 1246 2588 incuria
1264 2562 1307 2588 hic
1324 2561 1394 2588 male
1408 2568 1438 2588 se
1452 2559 1543 2587 habet.

78 2593 136 2634 ,(84)
153 2592 247 2634 Lamb.
263 2597 290 2624 hi
305 2600 351 2634 qui
368 2601 488 2634 egerint;
507 2611 599 2629 murus
621 2608 671 2629 erat
691 2603 773 2630 sedes.
797 2603 830 2630 At
915 2597 971 2634 (95)
991 2592 1087 2634 Lamb.
1100 2597 1185 2634 deest,
1199 2597 1285 2631 digne.

59 2623 148 2674 Xiciol'.
164 2632 248 2672 ,ἶηκίίε
273 2623 322 2674 ντῖξ
341 2623 443 2674 mitius.
466 2623 530 2674 έθυί
552 2643 642 2674 autem
658 2638 722 2665 edit.
739 2639 816 2665 Oxon

552 2623 830 2674 ti.t;.‘tai::f6go;;:
915 2623 971 2674 φξβ
991 2623 1203 2674 μνςέρειέςιηλ
1228 2623 1253 2674 ί,
1293 2666 1309 2674 ,η

58 2665 178 2706 5101111137
192 2667 237 2702 qui
252 2665 368 2706 egerint,
386 2671 413 2697 in
429 2672 522 2705 primis
542 2673 625 2699 muris
641 2674 726 2706 ca’pit,
740 2674 794 2698 etc.
991 2667 1085 2706 Lamb.
1100 2667 1161 2706 add.
1175 2666 1366 2706 pcenitentiatn.
1472 2701 1487 2706 ι,
1546 2701 1551 2706 .
1579 2700 1590 2706 Α
1611 2700 1616 2706 .
1637 2700 1653 2706 ν.

86 2698 142 2742 =(‘35,)
157 2698 277 2742 Ita'mss:
293 2698 384 2742 A_ngl'.,
392 2698 492 2734 Victor.
516 2712 542 2734 et
558 2698 706 2735 Carin.lla
720 2698 749 2735 et
762 2708 827 2736 Felli

990 2702 1056 2742 Mss”.
1071 2701 1152 2742 Angl.
1167 2698 1370 2741 quamplurima
1390 2701 1525 2738 generibus
1543 2700 1661 2736 inﬁciatt'.

57 2731 263 2776 ωεξηοκρηε-Λις
281 2731 359 2765 ειίιιῖἱι
375 2731 499 2776 tam;
518 2731 542 2734 "
563 2731 650 2735 ’”’
667 2731 706 2735 ”’”
724 2731 749 2735 “
762 2731 773 2734 ’

518 2731 542 2734 ’⁷
563 2731 650 2735 ’”’
667 2731 706 2735 ”’”
724 2731 749 2735 “
762 2731 773 2734 “
785 2731 827 2736 ””“
913 2731 970 2776 (ῃ)
990 2737 1066 2776 podl.
1084 2731 1272 2776 γιςιῇιὶιέῃιὶιιήιἶ

96 2767 136 2808 ξς)
153 2770 226 2808 [δραι.
243 2773 343 2801 desunt
370 2767 440 2802 inter
456 2767 498 2805 se;
510 2777 607 2805 Lamb.
622 2779 695 2805 intra
707 2786 744 2805 se.

574 2778 607 2805 ιι),
622 2779 695 2805 intra
707 2786 744 2805 δε,
912 2767 969 2808 (98)
990 2767 1088 2808 Lamb:
1101 2773 1129 2798 in
1145 2771 1332 2799 voluntatibus.

155 2805 471 2847 9‘55-_At]gl_._ge_sserunt.
487 2803 493 2805 '
511 2803 607 2805 imm
681 2803 693 2804 ﬂ
913 2803 1086 2847 (99)_La_Inb.
1099 2808 1199 2847 exacti.
1282 2843 1288 2847 η

155 2840 245 2879 Lamb.
259 2838 425 2872 habitabant.
914 2838 988 2878 (Iob)
1010 2842 1074 2870 Mss.
1092 2843 1170 2878 Augl.
1187 2843 1346 2870 honestiores
1359 2851 1413 2870 esse
1429 2844 1544 2879 cupiere.

87 2873 136 2910 (89)
154 2876 196 2906 Sic
207 2878 297 2907 Fellus
313 2887 346 2907 ex
361 2880 456 2909 Lamb.
474 2881 516 2910 AI.
535 2884 738 2915 contentionem.
