1920 3104
263 139 314 168 987
981 137 1009 165 S.
1030 136 1164 166 HERME
1830 142 1871 170 988

264 197 346 232 longe
358 204 374 224 a
389 196 459 224 turri
481 195 624 231 projicies.
649 194 713 224 Hac
736 203 798 224 cum
813 195 989 231 praecepisset
1009 196 1046 228 ei,
1069 203 1132 223 cum
1148 195 1278 223 omnibus
1294 203 1355 222 cum
1379 195 1480 231 quibus
1502 200 1614 224 venerat
1626 196 1659 224 ad
1673 196 1784 229 turrim,
1796 197 1870 226 abiit:

264 242 387 278 virgines
405 246 496 270 autem
510 242 563 269 illae
583 245 719 270 steterunt
732 241 806 269 circa
825 241 1131 274 turrim,custodientes
1144 248 1218 268 eam.
1236 239 1269 267 Et
1283 240 1338 268 dixi
1355 241 1388 268 ad
1401 244 1537 276 pastorem
1550 241 1626 269 illum
1643 250 1650 268 :
1664 240 1793 274 Quonam
1806 242 1873 270 modo

264 293 382 325 possunt
395 288 500 324 lapides
515 288 543 315 hi
556 288 584 315 in
601 291 769 315 structuram
785 286 868 321 huius
883 287 978 319 turris,
993 294 1056 314 cum
1068 287 1206 321 reprobati
1220 286 1286 319 sint,
1305 286 1414 314 redire?
1426 286 1460 313 Et
1474 287 1543 314 dixit
1562 287 1629 314 mibi
1643 296 1649 314 :
1666 287 1726 322 Ego
1738 287 1772 315 de
1791 287 1873 322 lapidi-

264 335 317 364 bus
332 335 393 364 istis
405 335 540 371 majorem
555 339 661 369 partem
676 333 872 361 circumcidam
884 337 910 360 et
926 332 1053 368 adjiciam
1078 332 1106 359 in
1130 335 1312 365 structuram,
1325 335 1354 358 et
1366 331 1529 359 convenient
1542 340 1604 360 cum
1621 334 1741 360 caeteris.
1759 333 1791 360 Et
1806 333 1854 360 dixi
1867 343 1872 360 :

264 382 325 415 Quo
339 382 431 415 modo,
444 382 566 412 domine.
578 385 695 416 possunt
708 380 866 409 circumcisi
881 380 1009 408 eumdem
1026 380 1116 408 locum
1132 379 1245 414 implere
1259 379 1338 414 (it)?
1354 378 1527 414 Quicunque,
1540 379 1639 415 inquit,
1652 381 1775 408 minores
1789 381 1874 408 inventi

264 425 377 460 fuerim,
393 427 420 454 in
433 427 550 454 mediam
563 431 730 454 structuram
744 426 824 454 ibunt
839 425 912 460 (l2);
928 425 1046 460 majores
1061 433 1128 453 vero
1142 425 1176 453 de
1201 424 1268 453 foris
1283 429 1431 460 ponentur,
1445 429 1472 452 et
1482 426 1661 454 continebunt
1675 434 1736 454 eos.
1753 424 1812 454 Haec
1823 435 1874 454 curn

267 474 382 502 dixisset
396 474 463 502 mihi
480 473 612 508 :Eamus,
627 474 726 509 inquit,
739 479 767 502 et
779 479 842 509 post
857 474 979 501 triduum
1008 479 1198 507 revertamur;
1222 477 1251 501 et
1276 473 1441 501 emundatos
1468 474 1521 501 hos
1545 474 1649 509 lapides
1672 475 1702 502 in
1724 479 1874 503 structuram

267 523 408 558 adjiciam.
428 522 466 550 Ea
480 522 554 550 enim
570 530 633 557 qua:
643 527 709 550 sunt
724 523 798 550 circa
813 527 922 556 turrim,
938 522 1127 550 commundari
1138 522 1239 549 debent
1251 522 1362 555 omnia;
1378 529 1413 549 ne
1429 521 1499 549 forte
1521 521 1612 548 subito
1632 520 1827 556 paterfamilias
1838 529 1875 548 su-

264 571 417 606 perveniat,
433 576 459 599 et
472 571 616 599 immunda
632 579 664 599 ea
678 578 741 606 quae
751 571 824 598 circa
841 572 940 598 turrim
956 574 1030 603 sunt,
1046 569 1176 604 inveniat,
1188 573 1215 598 et
1230 569 1268 597 ita
1282 573 1444 605 aspernetur
1457 568 1513 604 (15)
1524 577 1531 602 ;
1544 573 1571 596 et
1592 568 1619 596 hi
1642 569 1748 604 lapides
1762 576 1813 596 non
1824 569 1875 595 mit-

263 623 357 647 tantur
370 618 426 655 (14)
439 619 466 647 111
484 624 653 647 structuram
665 619 750 647 turris
762 619 856 655 hujus,
872 623 899 646 et
913 626 964 654 ego
978 618 1118 654 negligens
1129 618 1326 654 paterfamilias
1339 618 1397 653 (15)
1420 618 1514 645 videar
1529 625 1601 645 esse.
1615 616 1683 646 Post
1698 617 1817 645 triduum
1829 616 1874 651 (i6)

263 671 354 694 autem
368 675 431 695 cum
447 667 620 696 venissemus
633 667 666 695 ad
681 668 806 695 eamdem
821 667 933 700 turrim,
948 668 987 694 ait
998 667 1066 694 mihi
1081 675 1088 693 :
1103 667 1319 694 Consideremus
1339 667 1391 695 hos
1407 665 1512 701 lapides
1525 673 1632 699 omnes,
1647 670 1675 694 et
1687 665 1826 694 videamus
1837 666 1874 700 qui

261 722 295 743 ex
310 716 351 744 eis
361 720 478 750 possunt
490 715 518 743 in
535 720 702 744 structuram
718 716 758 744 ire
772 715 841 751 (17).
856 714 924 743 Dico
935 715 960 742 ei
976 722 984 742 :
998 714 1222 748 Consideremus,
1235 714 1354 742 domine.

968 770 1082 799 CAPUT
1102 769 1168 798 Vill.

295 820 418 848 Primum
433 821 556 849 omnium
572 821 706 856 cmpimus
719 820 894 849 considerare
907 827 956 848 eos
970 819 1017 855 qui
1039 819 1110 854 nigri
1126 818 1244 846 fuerant.
1265 817 1366 852 Quales
1380 817 1454 846 enim
1468 819 1630 845 astructura
1637 814 1758 850 depositi
1773 813 1874 846 fuerant,

261 869 329 897 tales
343 874 407 897 sunt
422 870 531 905 reperti.
547 869 633 897 Jussit
646 876 693 896 eos
705 876 719 895 a
735 868 805 896 turri
821 869 936 899 moveri,
952 872 980 894 et
994 875 1118 895 seorsum
1131 867 1225 902 reponi
1242 866 1309 902 (‘18).
1324 865 1426 893 Deinde
1437 865 1623 894 consideravit
1636 872 1686 892 eos
1699 863 1750 898 qui
1770 862 1874 890 scabrosi

260 918 388 947 fuerant:
404 923 432 947 et
445 919 546 947 multos
560 927 594 946 ex
608 919 649 947 eis
663 918 823 946 circumcidi
835 917 936 953 jussit,
952 920 980 944 et
995 924 1043 951 per
1059 916 1178 952 virgines
1199 924 1247 943 eos
1266 916 1294 943 in
1310 920 1476 943 structuram
1492 915 1576 943 turris
1595 913 1687 949 aptari
1703 922 1710 940 :
1731 913 1783 940 illa:
1800 915 1876 938 autem

259 966 385 993 sublatos
400 973 448 994 eos
463 969 627 1001 aptaverunt
649 963 677 991 in
696 963 786 991 media
806 967 955 990 structura.
979 961 1109 996 Reliquos
1136 967 1226 989 autem
1241 961 1324 996 jussit
1339 969 1401 988 cum
1425 961 1480 989 illis
1504 961 1590 997 nigris
1611 959 1732 995 reponi;
1746 965 1806 985 nam
1819 957 1875 984 alii

258 1018 407 1042 evaserunt
425 1014 506 1049 nigri.
520 1013 623 1041 Deinde
635 1011 829 1040 considerabat
839 1018 888 1038 eos
900 1010 947 1045 qui
966 1010 1102 1037 scissuras
1117 1010 1271 1038 habebant:
1288 1014 1315 1037 et
1332 1017 1365 1037 ex
1387 1009 1441 1037 illis
1460 1009 1561 1036 multos
1584 1005 1750 1035 circumcidi
1761 1003 1844 1039 jussit.
1857 1006 1876 1029 et

259 1068 308 1096 per
323 1060 383 1089 illas
399 1061 518 1096 virgines
533 1061 613 1096 adjici
625 1061 652 1088 in
669 1063 847 1089 structuram.
866 1057 899 1085 Hi
914 1057 949 1086 de
959 1058 1026 1085 foris
1038 1057 1119 1092 positi
1132 1062 1207 1090 sunt,
1221 1057 1353 1092 quoniam
1369 1056 1426 1092 (19)
1448 1056 1546 1091 integri
1565 1054 1669 1082 inventi
1691 1057 1759 1080 sunt
1772 1061 1779 1077 :
1795 1051 1876 1084 reliqui

259 1112 350 1135 autem
363 1111 474 1143 propter
486 1107 688 1135 multitulinem
703 1106 888 1134 scissurarum
903 1112 958 1132 non
972 1108 1121 1140 potuerunt
1136 1103 1275 1130 aﬂ‘ormari
1289 1102 1358 1139 (20),
1373 1106 1519 1137 propterea
1540 1101 1654 1137 projecti
1680 1104 1747 1127 sunt
1760 1098 1794 1125 ab
1807 1097 1875 1124 aditi-

260 1155 370 1182 catione
388 1154 485 1182 turris.
503 1153 607 1181 Deinde
626 1153 818 1182 considerabat
831 1159 879 1179 eos
897 1151 945 1187 qui
958 1153 1029 1179 curti
1043 1150 1108 1179 facti
1120 1155 1220 1178 erant:
1239 1150 1317 1178 multi
1340 1157 1374 1177 ex
1393 1150 1447 1177 illis
1460 1149 1598 1178 scissuras
1613 1148 1767 1179 habebant,
1782 1150 1808 1174 et
1820 1146 1875 1180 nigri

258 1208 419 1238 evaserant;
435 1204 482 1232 alii
493 1211 559 1232 vero
570 1204 706 1232 scissuras
719 1209 834 1238 magnas
846 1201 993 1235 habebant,
1010 1209 1081 1236 quos
1099 1200 1183 1235 jussit
1197 1199 1298 1236 apponi
1310 1207 1373 1227 cum
1389 1199 1443 1226 illis
1460 1198 1517 1233 (2|)
1534 1197 1582 1232 qui
1602 1195 1699 1231 rejecti
1713 1198 1812 1222 erant:
1826 1193 1876 1219 reli-

259 1258 329 1285 quos
340 1254 430 1278 autem
445 1251 653 1279 commundatos
666 1255 694 1279 et
706 1251 864 1278 atl‘ortnatos
883 1249 964 1285 adjici
981 1249 1065 1284 jussit
1079 1249 1107 1276 in
1122 1252 1289 1277 structuram
1300 1268 1307 1280 ,
1325 1254 1396 1282 quos
1410 1246 1534 1274 sublatos
1549 1244 1670 1279 virgines
1695 1243 1751 1270 illa:
1764 1242 1790 1269 in
1803 1240 1876 1268 media

259 1298 397 1322 structura
412 1300 592 1330 aptaverunt;
608 1296 775 1323 infirmiores
788 1295 862 1323 enim
874 1299 961 1322 erant.
975 1294 1077 1322 Deinde
1093 1294 1285 1323 considerabat
1306 1301 1371 1326 eos,
1386 1292 1433 1328 qui
1449 1291 1553 1319 dimidii
1570 1289 1683 1325 quidem
1698 1287 1773 1320 albi,
1788 1285 1875 1314 dimidii

259 1344 349 1366 autem
366 1340 435 1375 nigri
451 1340 560 1369 fuerant
573 1342 688 1376 reperti;
705 1345 732 1369 et
743 1341 821 1369 multi
835 1349 868 1369 ex
881 1341 935 1369 illis
953 1341 1024 1376 nigri
1040 1340 1144 1368 inventi
1161 1344 1226 1368 sunt
1243 1349 1249 1367 :
1264 1339 1349 1374 jussit
1365 1343 1392 1366 et
1413 1338 1464 1366 hos
1478 1336 1621 1365 transferri
1638 1335 1672 1362 ad
1690 1335 1756 1362 illos
1766 1334 1810 1369 qui
1822 1334 1876 1367 reje-

258 1386 295 1413 cti
308 1391 396 1414 erant.
413 1387 522 1423 Reliqui
533 1397 599 1416 vero
616 1389 666 1416 toti
678 1389 787 1416 candidi
802 1389 904 1416 inventi
919 1393 984 1416 sunt
1000 1397 1006 1415 :
1026 1392 1054 1415 et
1067 1387 1095 1415 111
1107 1387 1207 1415 sublati
1220 1390 1285 1414 sunt
1304 1393 1320 1412 a
1337 1384 1502 1421 virginibus,
1518 1388 1545 1411 et
1559 1380 1642 1417 aptati
1656 1381 1687 1408 in
1700 1381 1797 1408 eadem
1809 1379 1874 1409 turri;

258 1431 408 1461 exteriores
423 1438 514 1461 autem
526 1435 607 1469 positi
621 1441 685 1464 sunt
695 1437 742 1472 qui
756 1436 813 1471 (22)
827 1437 924 1472 integri
936 1436 1039 1464 inventi
1057 1440 1138 1469 sunt,
1155 1436 1191 1463 ita
1207 1439 1237 1462 ut
1257 1437 1368 1469 possent
1381 1432 1520 1461 continere
1532 1438 1580 1458 eos
1599 1431 1645 1465 qui
1672 1429 1704 1456 in
1719 1428 1807 1456 medio
1820 1434 1874 1455 con-

260 1481 357 1509 structi
370 1486 463 1515 erant;
489 1482 557 1509 nihil
572 1483 644 1510 enim
667 1483 707 1511 eis
729 1484 786 1519 (23)
807 1484 924 1512 recisum
950 1489 1002 1512 est.
1026 1483 1127 1512 Deinde
1141 1482 1329 1511 considerabat
1340 1489 1388 1509 eos
1408 1481 1455 1516 qui
1476 1479 1537 1507 duri
1552 1482 1579 1506 et
1593 1477 1686 1512 asperi
1698 1476 1809 1504 fuerunt
1821 1474 1875 1509 (ἵηὶ

259 1527 341 1561 pauci
354 1535 386 1554 ex
402 1527 445 1555 his
459 1528 556 1563 adjecti
572 1529 628 1565 (25)
646 1536 720 1565 sunt,
744 1532 874 1566 quoniam
896 1540 949 1560 non
970 1536 1096 1567 poterant
1111 1531 1289 1563 circumcidi;
1306 1529 1385 1557 valde
1399 1529 1471 1556 enim
1494 1527 1555 1555 duri
1573 1525 1675 1561 reperti
1691 1530 1779 1552 sunt:
1794 1523 1876 1557 reliqui

259 1578 349 1599 autem
367 1572 475 1601 formati
490 1574 547 1609 (26)
560 1580 634 1610 sunt,
650 1582 677 1605 et
690 1578 718 1604 in
734 1578 822 1605 media
835 1581 974 1605 structura
988 1585 1003 1604 a
1017 1577 1170 1613 virginibus
1185 1576 1288 1611 aptati;
1305 1575 1472 1602 infirmiores
1486 1574 1559 1601 enim
1574 1576 1662 1600 erant.
1683 1571 1790 1598 Deinde
1800 1569 1877 1597 consi-

259 1620 374 1648 derabat
387 1622 448 1650 illos
460 1623 507 1657 qui
524 1625 647 1651 maculas
661 1624 816 1658 habebant;
831 1629 859 1651 et
871 1632 904 1652 ex
925 1625 965 1652 eis
978 1624 1059 1659 pauci
1078 1623 1179 1659 reperti
1194 1627 1258 1651 sunt
1276 1623 1356 1658 nigri,
1370 1626 1397 1649 et
1411 1621 1439 1648 hi
1460 1621 1494 1648 ad
1507 1625 1621 1649 caeteros
1632 1619 1737 1654 adjecti
1753 1622 1823 1646 sunt.
1835 1617 1876 1650 Qui

258 1675 325 1695 vero
338 1668 540 1703 superfuerant,
554 1671 662 1698 candidi
676 1676 703 1699 et
714 1671 812 1708 integri
825 1672 927 1699 inventi
945 1677 1025 1706 sunt;
1040 1676 1068 1700 et
1079 1672 1107 1699 111
1125 1680 1141 1699 a
1160 1671 1313 1707 virginibus
1325 1671 1353 1698 in
1366 1673 1532 1698 structuram
1547 1667 1631 1703 aptati
1642 1673 1723 1697 sunt.
1738 1670 1766 1693 et
1779 1663 1877 1692 deforis

259 1713 352 1748 positi,
370 1719 482 1749 propter
493 1714 680 1745 fortitudinem
692 1726 781 1746 suam.

984 1752 1099 1781 CAPUT
1119 1752 1165 1780 IX.

297 1794 377 1823 Venit
390 1796 498 1831 deinde,
517 1803 547 1825 ut
562 1799 750 1828 consideraret
765 1800 821 1836 (27)
837 1808 885 1828 eos
901 1800 1015 1836 lapides,
1031 1801 1078 1835 qui
1091 1800 1199 1827 candidi
1212 1803 1238 1827 et
1250 1799 1359 1827 rotundi
1370 1803 1466 1833 erant;
1480 1803 1507 1826 et
1519 1797 1557 1824 ait
1568 1796 1634 1824 mihi
1649 1805 1655 1823 :
1673 1795 1749 1829 Quid
1762 1795 1875 1822 faciemus

259 1841 294 1868 de
307 1841 349 1869 bis
368 1842 521 1877 lapidibus?
535 1843 568 1871 Et
579 1852 630 1879 ego
643 1845 700 1872 dixi
716 1855 723 1873 :
744 1845 869 1879 Domine,
886 1846 990 1873 nescio.
1008 1845 1080 1872 Nihil
1094 1853 1168 1880 ergo,
1181 1845 1279 1879 inquit,
1290 1845 1428 1880 cxcogitas
1440 1845 1474 1872 de
1488 1845 1551 1872 his?
1566 1843 1631 1879 Ego,
1647 1843 1767 1879 inquam
1779 1863 1786 1875 ,
1805 1847 1874 1868 artem

260 1888 341 1922 hanc,
360 1888 480 1923 domine,
494 1899 548 1917 non
562 1890 634 1922 novi,
650 1898 700 1917 nec
713 1890 861 1925 lapidarius
881 1898 954 1924 sum,
975 1897 1024 1917 nec
1047 1897 1159 1925 possum
1177 1890 1328 1925 intelligere
1349 1890 1508 1925 quidquam.
1525 1888 1558 1916 Et
1576 1889 1666 1916 dixit:
1681 1888 1746 1916 Non
1759 1888 1874 1915 videseos

260 1934 338 1961 valde
352 1936 485 1964 rotundos
500 1938 575 1964 esse?
586 1936 664 1970 Quod
679 1937 702 1964 si
720 1939 832 1965 voluero
845 1945 893 1966 eos
908 1938 1058 1972 quadratos
1070 1938 1209 1973 redigere,
1223 1938 1371 1972 plurimum
1391 1938 1456 1965 mihi
1470 1945 1501 1965 ex
1519 1937 1561 1964 his
1575 1936 1760 1964 recidendum
1773 1941 1824 1968 est;
1838 1936 1874 1963 Sed

261 1987 373 2007 necesse
387 1985 429 2008 est
442 1981 549 2016 aliquos
561 1990 592 2010 ex
607 1982 651 2010 his
665 1983 692 2010 in
706 1987 871 2011 structuram
889 1984 973 2011 turris
989 1983 1106 2011 transire
1117 1983 1185 2019 (28).
1200 1983 1233 2010 Et
1245 1984 1301 2011 dixi
1316 1993 1323 2010 :
1339 1983 1367 2011 Si
1381 1992 1492 2012 necesse
1504 1989 1556 2018 est,
1572 1984 1638 2019 quid
1650 1985 1738 2020 igitur
1754 1990 1780 2013 te
1801 1983 1874 2018 impli-

262 2034 308 2054 cas
321 2027 388 2063 (29),
405 2033 432 2056 et
444 2037 498 2056 non
509 2031 598 2064 eligis,
614 2032 636 2059 si
650 2039 720 2067 quos
737 2032 821 2059 habes
838 2032 952 2066 eligere,
967 2037 994 2060 et
1003 2038 1080 2068 aptas
1096 2033 1122 2059 in
1140 2036 1306 2060 structuram
1327 2033 1419 2060 illam?
1438 2033 1470 2060 Et
1489 2033 1571 2070 elegit
1583 2041 1654 2068 quos
1670 2034 1743 2062 vidit
1757 2033 1875 2061 maximos

261 2078 289 2100 et
299 2073 546 2109 splendidissimos,
559 2081 586 2104 et
596 2077 750 2104 aiformavit
759 2078 815 2112 (50)
824 2085 881 2111 eos,
891 2086 961 2113 quos
974 2079 1096 2106 sublatos
1109 2078 1227 2113 virgines
1245 2078 1297 2105 illa:
1310 2078 1337 2105 in
1354 2079 1535 2108 exterioribus
1549 2080 1673 2115 partibus
1688 2085 1829 2108 structura:
1838 2086 1874 2114 po-

262 2127 388 2150 suerunt.
405 2122 512 2158 Reliqui
523 2132 588 2152 vero
601 2125 648 2160 qui
661 2125 864 2160 superfuerunt,
880 2126 991 2161 repositi
1005 2126 1107 2154 suntin
1123 2125 1248 2153 eumdem
1262 2133 1390 2161 campum
1403 2127 1459 2161 (51)
1475 2130 1548 2155 unde
1560 2129 1664 2163 sumpti
1679 2132 1776 2162 erant;
1792 2127 1872 2162 abjecti

807 2183 923 2211 VARM‘]
943 2183 1134 2212 LECTIONES
1153 2183 1196 2210 ET
1217 2183 1332 2211 NOT/E.

298 2225 356 2295 (ll)
368 2226 434 2254 Mss.
449 2227 528 2263 Angl.
541 2228 653 2263 explere.
791 2265 797 2271 _
923 2266 928 2271 _
1135 2230 1193 2295 (24)
1207 2229 1301 2257 Lamb.
1322 2230 1437 2271 fueram.

299 2261 345 2295 (12
373 2261 412 2289 Ita
421 2270 487 2290 mss.
498 2263 578 2295 Angl.
591 2264 681 2292 Fellus
691 2270 781 2293 tamen
791 2273 818 2292 tn
830 2273 879 2293 sua
887 2266 952 2293 edit.
960 2266 1048 2295 Oxon.
1149 2265 1272 2295 25111188-
1291 2265 1395 2295 [ιδῐιιὺη
1405 2265 1437 2292 νιη

293 2261 356 2301 (12)
373 2261 412 2289 Ita
421 2270 487 2290 mss.
495 2261 578 2298 lngl.
591 2264 681 2292 Fellus
691 2270 781 2293 tamen
791 2265 818 2292 in
830 2273 879 2293 sua
887 2266 952 2293 edit.
960 2266 1048 2295 Oxon.
1137 2261 1272 2301 (25)ιῇ88.
1291 2261 1395 2297 Lamb.,
1405 2265 1471 2294 Vict.
1488 2270 1514 2294 et
1527 2266 1619 2294 Carm.
1636 2266 1746 2301 abjcctt'.

260 2299 414 2336 mittentur.
453 2332 459 2336 _
507 2333 514 2336 _
1136 2299 1274 2336 (215)]1158.
1287 2300 1366 2334 Angl.
1381 2302 1532 2336 deformati.

297 2331 354 2368 (15)
367 2331 431 2368 Mss.
446 2332 527 2368 Angl.
543 2340 721 2368 exasperetur.

298 2367 355 2403 (14)
370 2367 467 2403 Lamb.
479 2367 508 2395 ut
522 2374 547 2395 et
562 2369 589 2395 hi
605 2367 707 2403 lapides
720 2379 772 2397 non
786 2371 848 2398 sint.

298 2401 356 2442 (t5)
370 2401 466 2442 Lamb.
484 2401 702 2442 patriaiamiitas.
721 2405 802 2433 Forte
814 2427 822 2439 ,
844 2407 1047 2442 patrifamilias,

261 2440 293 2463 ut
302 2436 447 2480 legendum
464 2436 556 2480 censet
570 2436 730 2480 Cotelerius.

292 2472 355 2513 (i6)
370 2472 466 2500 Lamb.
490 2474 608 2500 biduum.
630 2475 666 2502 At
685 2476 766 2504 modo
790 2477 944 2513 legebamus
963 2487 970 2505 :
990 2483 1048 2512 post

261 2509 380 2534 triduum
392 2513 561 2536 revertamur.

298 2542 355 2576 (17)
368 2542 464 2571 Lamb.
479 2545 622 2571 conuenire.

371 2578 466 2617 Lamb.
478 2580 553 2617 poni.
567 2579 612 2607 Sic
625 2586 652 2608 et
662 2581 743 2616 paulo
758 2587 828 2617 post.

373 2613 623 2652 Felli_edi_t._0xon.
639 2613 683 2652 qui
707 2613 906 2652 pro-quoniam.

300 2648 362 2689 (20).
373 2648 469 2689 Lamb:
486 2648 724 2689 def_urmari.'Edit.
739 2648 824 2680 Paris.
840 2654 986 2689 efforgnari.
1002 2653 1048 2682 Sic

263 2689 327 2744 mgf
338 2684 427 2745 331cm
456 2683 553 2712 Lamb.
584 2686 747 2721 deformatos
773 2683 868 2723 adjici:
892 2688 959 2717 Vide
984 2697 1047 2717 mox

263 2723 321 2744 1101.
338 2723 383 2745 δυ.

310 2752 356 2821 2|)
371 2753 467 2794 Lamb.
481 2755 604 2795 habentes
615 2757 698 2792 jussit
715 2765 757 2784 eos
770 2758 832 2792 poni
845 2767 903 2785 cum
919 2760 962 2787 iis.

312 2787 345 2814 22
373 2787 418 2816 Sic
429 2794 458 2816 et
471 2791 535 2817 edit.
550 2791 638 2819 Paris.
657 2797 684 2819 et
699 2791 787 2819 Oxon.
811 2793 845 2820 At
858 2793 953 2821 Lamb.

312 2787 356 2823 22)
373 2787 418 2816 Sic
429 2794 458 2816 et
471 2791 535 2817 edit.
550 2787 638 2819 Paris.
657 2797 684 2819 et
699 2787 787 2819 Oxon.
811 2793 845 2820 At
858 2793 953 2822 Lamb.
975 2794 1044 2823 Vict.

263 2825 291 2849 et
303 2822 395 2861 ςξιςηε.
407 2825 541 2861 quoniam,
555 2831 585 2853 ut
596 2827 675 2854 modo
690 2835 782 2861 supra.

300 2856 358 2892 (25)
372 2856 466 2887 Lamb.
480 2860 601 2889 instructi
616 2866 708 2895 erant;
722 2856 788 2889 iii/ti!
802 2864 870 2891 enim
882 2872 914 2891 σε
926 2865 973 2893 eis.

1148 2335 1193 2369 27)
1208 2334 1303 2362 Lamb.
1321 2334 1419 2362 deinde
1429 2337 1605 2364 considerare.

1149 2370 1194 2404 28)
1209 2369 1275 2398 Mss.
1293 2371 1372 2405 Angl.
1388 2372 1436 2398 ire.

1147 2405 1192 2440 29)
1209 2404 1286 2440 Bodl.
1300 2404 1427 2434 (ristart’s.
1445 2406 1541 2434 Lamb.
1556 2412 1579 2434 te
1591 2408 1682 2434 tricas.

1135 2440 1193 2474 (30)
1207 2439 1304 2467 Lamb.
1317 2441 1486 2475 deformavit.
1499 2441 1562 2470 Haec
1580 2448 1653 2470 recta
1667 2447 1711 2470 est
1724 2442 1812 2474 lectio,
1828 2447 1870 2468 non

1099 2475 1190 2512 inepta
1208 2480 1235 2502 et
1247 2476 1377 2512 inusitata
1394 2484 1444 2504 vox
1460 2478 1612 2512 a/furmare.
1629 2476 1675 2504 Sic
1690 2483 1718 2505 et
1730 2486 1809 2512 supra
1821 2483 1868 2509 cap.

1098 2510 1125 2543 8,
1140 2510 1286 2546 deformari
1298 2518 1439 2545 perperam
1454 2510 1586 2539 mutatum
1603 2513 1630 2539 in
1647 2510 1796 2546 a/formah‘,
1807 2512 1870 2546 etde-

1099 2546 1228 2582 [οξ-Μαιοε
1240 2545 1267 2571 in
1283 2546 1448 2580 a/formatos,
1467 2552 1494 2574 et
1511 2547 1654 2582 deformati
1664 2545 1698 2574 ⁷111
1713 2545 1870 2582 formatum-

1098 2581 1198 2607 mirum
1210 2601 1217 2613 ,
1230 2581 1415 2617 ertscriptores
1440 2581 1633 2609 existimarunt
1652 2581 1800 2617 deformare
1822 2588 1869 2608 85:6

1097 2615 1368 2652 tantumrdeformem
1383 2620 1410 2643 et
1425 2621 1530 2652 turpem
1544 2618 1667 2650 reddere,
1683 2615 1746 2645 cum
1759 2618 1792 2645 sit
1802 2616 1868 2652 etiam

1099 2651 1261 2687 simpliciter
1279 2655 1382 2687 mutare
1401 2651 1514 2686 formam
1537 2652 1563 2679 in
1580 2653 1705 2687 quamvis
1724 2654 1813 2680 aliam.
1828 2651 1868 2687 δἐι

1098 2689 1168 2723 teres
1179 2685 1282 2723 Glossa;
1295 2695 1301 2712 :
1314 2685 1449 2723 θείου-1110,
1460 2685 1650 2723 νμεταμορὶρῶ.
1664 2687 1817 2723 μετατυττῶ.
1829 2686 1868 2723 llr-

1098 2720 1182 2763 forrrto
1200 2720 1251 2763 (sic
1272 2720 1618 2763 legendum),‘discedere:
1639 2720 1865 2763 qnze_signiticati0

1098 2755 1257 2794 optime'bic
1267 2757 1404 2794 convenit,
1417 2755 1465 2784 ubi
1479 2757 1566 2784 forma
1579 2755 1696 2794 rotunda
1708 2755 1821 2794 lapidum
1831 2763 1864 2783 re-

1097 2793 1218 2817 sectione
1231 2791 1257 2817 itt
1273 2791 1434 2825 quadratam
1451 2797 1582 2820 mutatur.
1598 2793 1682 2821 Cm.

1133 2826 1190 2861 (51)
1204 2825 1298 2854 Lamb.
1316 2827 1405 2854 eodem
1418 2835 1518 2862 campo.
