1920 3104
64 115 104 144 989
604 113 752 142 PASTOR.
772 129 807 134 ——
824 113 887 141 LIB.
908 113 952 141 Ill.
974 114 1075 142 SIMIL.
1095 116 1142 143 lx.
1601 113 1655 143 990

63 178 115 197 vero
127 177 171 196 non
181 173 251 196 sunt.
266 167 415 202 Quoniam.
431 169 530 205 inquit,
546 169 636 199 adhuc
647 171 776 207 exiguum
788 171 864 199 deest
879 171 943 199 huic
957 172 1037 205 turri,
1049 172 1123 208 quod
1139 172 1326 202 aediﬁcandum
1338 173 1408 208 erit;
1423 178 1449 203 et
1466 173 1581 203 forsitan
1594 174 1653 202 vult

66 215 172 244 dominus
186 216 232 245 hos
248 216 353 252 lapides
365 218 452 253 aptari
470 218 498 246 in
513 226 544 247 ea
560 223 710 250 structura,
726 219 790 254 quia
811 219 890 248 valde
909 220 1019 247 candidi
1044 224 1109 247 sunt
1132 220 1201 255 (52).
1216 219 1326 248 Vocatae
1341 226 1405 249 sunt
1417 221 1514 249 deinde
1526 222 1655 250 mulieres

63 262 245 298 speciosissima
259 262 416 297 duodecim,
430 264 508 301 nigra
521 269 597 293 veste
611 265 726 297 vestitae.
744 265 880 298 incinctae,
895 269 923 292 et
935 265 1036 293 exertis
1054 265 1187 298 humeris,
1206 266 1367 302 capillisque
1381 267 1476 295 solutis
1490 268 1558 302 (55).
1574 267 1657 294 Vide-

64 311 144 338 bantur
153 314 236 338 autem
248 310 316 338 mihi
331 310 374 339 ha:
384 310 514 338 mulieres
526 314 648 345 agrestes
662 317 733 338 esse.
746 309 779 337 Et
789 310 874 345 jussit
888 318 935 338 eas
946 315 1038 346 pastor
1055 311 1101 338 ille
1115 311 1212 338 tollere
1226 310 1330 346 lapides
1341 312 1403 340 illos
1414 312 1461 347 qui
1474 313 1508 339 de
1518 317 1656 340 structura

63 358 125 392 ejecti
137 361 208 385 erant
223 358 290 393 (54),
305 362 333 385 et
342 365 390 385 eos
402 357 496 386 referri
513 358 539 385 in
555 361 661 385 montes
675 358 746 385 unde
759 358 842 386 ablati
855 357 974 386 fuerant.
986 358 1020 385 Et
1039 358 1091 385 illa:
1104 358 1253 394 gaudentes
1267 358 1438 386 sustulerunt
1454 366 1560 392 omnes,
1573 362 1600 386 et
1614 367 1657 386 re-

63 407 214 438 portaverunt
229 411 278 431 eos
291 404 363 431 unde
375 404 490 431 extracti
505 402 625 431 fuerant.
639 403 788 438 Postquam
802 407 894 431 autem
915 404 1008 431 nullus
1027 404 1098 439 lapis
1115 404 1188 432 circa
1204 404 1301 431 turrim
1313 404 1426 439 iaceret,
1439 405 1477 432 ait
1490 405 1559 432 mihi
1573 415 1579 432 :
1594 405 1657 435 Cir-

63 457 196 478 cumeamus
210 451 280 479 hanc
296 451 406 484 turrim,
420 455 448 480 et
461 451 605 479 videamus
616 451 742 486 nunquid
757 451 861 487 aliquid
874 451 946 480 desit
960 452 1017 488 (55)
1033 452 1083 480 illi.
1097 451 1238 488 Coepimus
1251 459 1317 488 ergo
1330 452 1475 480 circumire
1493 460 1564 481 eam.
1581 452 1615 480 Et
1628 457 1660 482 ut

62 497 117 524 vid.t
128 505 182 526 eam
196 498 323 526 decenter
337 497 510 531 aediﬁcatam,
525 497 610 532 coepit
623 496 702 524 valde
718 497 815 525 hilaris
829 504 890 525 esse
905 504 913 524 :
930 497 968 524 ita
983 497 1055 524 enim
1071 497 1198 525 decenter
1211 497 1342 525 aedificata
1356 496 1455 531 fuerat,
1469 502 1499 525 ut
1516 498 1563 533 qui
1572 497 1658 525 vidis-

63 550 102 577 set,
114 546 308 581 concupisceret
318 549 486 574 structuram
500 545 576 580 ejus;
592 545 722 580 quoniam
736 545 816 580 quasi
827 545 862 574 de
873 553 929 574 uno
939 545 1030 580 lapide
1038 545 1183 574 videbatur
1195 552 1266 578 esse,
1279 551 1330 573 nec
1345 551 1462 579 usquam
1476 543 1659 572 commissura

62 593 195 628 apparebat,
210 594 256 622 sed
270 601 303 622 ex
316 597 392 630 petra
407 600 462 621 una
474 591 532 627 (56)
545 591 688 620 videbatur
700 591 852 627 exsculpta.

759 662 875 690 CAPUT
892 662 927 690 X.

88 706 136 743 Ego
149 711 234 735 autem
250 707 409 742 hujusmodi
425 707 525 735 turrim
549 710 651 734 attente
674 707 864 742 considerans,
884 707 963 736 valde
983 707 1096 736 laetabar
1119 707 1187 742 (57).
1205 706 1238 735 Et
1260 707 1299 736 ait
1320 706 1387 734 mihi
1403 716 1410 735 :
1429 706 1503 735 Mler
1517 706 1619 734 calcent
1633 708 1662 733 et

62 759 130 781 testas
140 755 263 787 minutas,
280 757 310 780 ut
321 753 424 782 formas
438 762 535 783 eorum
549 754 671 789 lapidum
686 755 733 790 qui
748 755 847 782 sublati
864 760 930 784 sunt
944 756 978 784 de
996 761 1134 784 structura
1145 760 1173 783 et
1187 755 1286 783 iterum
1306 755 1430 790 repositi,
1444 755 1568 790 expleam
1582 754 1638 790 (58)
1651 764 1659 789 ;

60 809 85 828 ea
97 802 158 829 enim
170 809 230 837 qum
239 801 311 829 circa
326 801 424 829 turrim
437 806 502 830 sunt
522 803 626 835 omnia,
647 803 749 838 aequari
769 803 877 832 debent.
895 804 928 832 Et
947 804 999 832 feci
1021 805 1093 832 sicut
1108 804 1192 840 jussit
1205 803 1285 836 mihi,
1303 807 1331 830 et
1347 803 1426 830 attuli
1445 803 1478 831 ad
1494 811 1568 830 eum.
1580 802 1615 830 Et
1624 802 1666 830 ait

62 847 115 874 mihi
128 857 134 874 :
146 847 244 876 Praesto
260 847 335 875 adsis
350 846 418 874 mihi
429 855 437 879 ;
449 850 476 873 et
489 846 544 874 cito
563 847 620 882 (59)
635 846 687 874 hoc
709 855 777 882 opus
792 848 956 882 perﬁcietur.
973 848 1125 883 Complcvit
1149 855 1215 883 ergo
1238 847 1342 877 formas
1366 849 1477 876 illorum
1491 846 1624 881 lapidum,
1636 850 1664 873 et

58 896 127 930 jussit
138 895 223 923 locum
239 895 367 923 mundari
381 895 454 922 circa
469 894 578 922 turrim.
595 894 672 922 Tunc
680 895 800 930 virgines
812 895 864 923 illae
876 897 1116 931 apprehenderunt
1136 903 1249 931 scopas,
1263 899 1290 922 et
1311 895 1512 924 mundaverunt
1525 897 1622 925 totum,
1636 895 1664 919 et

60 943 207 970 sustulerunt
226 946 400 971 excrementa
422 941 491 977 (40),
515 946 543 969 et
565 947 726 977 sparserunt
747 951 867 978 aquam:
882 951 938 979 quo
959 943 1106 978 completo,
1120 942 1209 970 factus
1225 946 1267 970 est
1278 941 1356 970 locus
1368 939 1536 969 delectabilis
1549 938 1618 973 (41),
1634 941 1663 965 et

60 990 128 1018 turris
138 991 242 1019 decora.
255 991 302 1018 Ait
316 990 414 1019 deinde
430 990 497 1017 mihi
512 999 519 1018 :
532 989 630 1018 Omnia
646 992 840 1020 commundata
852 997 916 1020 sunt
931 1001 939 1019 :
955 992 978 1019 si
991 991 1095 1019 venerit
1118 991 1247 1019 dominus
1260 991 1331 1018 hanc
1344 986 1443 1015 turrim
1459 990 1663 1015 consummare,

59 1037 114 1064 nihil
125 1037 236 1066 inveniet
250 1038 326 1074 quod
339 1038 374 1066 de
390 1038 472 1066 nobis
502 1043 645 1073 queratur.
662 1038 725 1067 Haec
739 1047 802 1067 cum
817 1039 942 1073 dixisset,
959 1039 1067 1067 volebat
1082 1039 1167 1066 abire.
1186 1039 1222 1065 At
1242 1045 1292 1073 ego
1307 1033 1470 1071 apprehendi
1482 1038 1575 1067 peram
1589 1030 1663 1066 ejus,

59 1087 80 1109 et
92 1085 153 1119 coepi
168 1092 264 1121 rogare
275 1093 337 1113 eum
353 1093 402 1122 per
415 1084 574 1120 Dominum,
590 1089 621 1113 ut
634 1086 702 1114 mihi
718 1087 810 1114 omnia
826 1095 888 1122 quae
898 1087 1070 1121 ostenderat,
1086 1086 1234 1121 explicaret
1249 1085 1317 1121 (42).
1332 1085 1378 1112 Ait
1396 1083 1482 1111 mihi:
1498 1081 1590 1109 Habeo
1602 1087 1665 1107 mo-

58 1128 132 1157 dicam
153 1133 375 1167 occupationem;
402 1139 429 1162 at
452 1135 545 1162 omnia
562 1135 610 1163 tibi
626 1136 788 1171 explicabo:
805 1141 934 1172 exspecta
950 1141 1040 1164 autem
1061 1143 1105 1163 me
1126 1136 1185 1169 hic,
1198 1135 1263 1163 dum
1281 1134 1372 1162 venio.
1396 1132 1462 1160 Dico
1477 1131 1522 1159 ei:
1538 1129 1664 1163 Domine,

58 1179 111 1213 quid
123 1180 163 1208 hic
174 1182 247 1208 solus
262 1181 378 1209 faciam?
392 1182 542 1218 Respondit
555 1193 562 1211 :
576 1183 635 1211 Non
651 1192 682 1212 es
713 1185 804 1218 solus;
820 1192 916 1212 omnes
931 1184 1003 1212 enim
1023 1184 1143 1219 virgines
1156 1188 1246 1211 tecum
1267 1185 1340 1210 sunt.
1358 1180 1392 1207 Et
1405 1180 1462 1208 dixi
1478 1189 1485 1206 :
1501 1178 1591 1206 Trade
1608 1184 1664 1209 me,

61 1226 165 1259 domine,
178 1236 243 1265 ergo
255 1230 307 1257 eis.
324 1230 360 1258 At
371 1231 416 1259 ille
430 1232 538 1259 vocavit
552 1232 623 1265 illas,
636 1236 664 1260 et
678 1233 748 1260 dixit
761 1232 818 1268 (45)
832 1233 873 1261 eis
885 1241 891 1259 :
907 1233 1076 1260 Commendo
1086 1233 1163 1260 vobis
1175 1232 1259 1263 hunc,
1274 1231 1361 1258 donec
1371 1228 1461 1256 venio.
1475 1226 1603 1254 Remansi
1615 1225 1667 1260 igi-

59 1276 94 1298 tur
103 1280 157 1300 cum
168 1274 322 1310 virginibus
338 1276 401 1304 illis.
416 1275 471 1304 Illae
490 1281 582 1305 autem
596 1277 696 1305 hilaros
709 1281 799 1312 erant,
815 1281 843 1305 et
855 1276 977 1305 atl‘abiles
989 1277 1072 1310 mihi;
1089 1276 1225 1312 praecipue
1234 1280 1325 1305 tamen
1336 1281 1465 1312 quatuor,
1480 1283 1540 1311 qua:
1553 1279 1667 1303 caeteras

58 1318 228 1350 praecedebant
239 1320 385 1355 dignitate.

761 1366 878 1395 CAPUT
896 1367 943 1395 XI.

87 1419 174 1447 Dicunt
191 1421 258 1449 mihi
273 1422 372 1451 deinde
389 1424 510 1460 virgines
531 1425 603 1453 illae:
619 1424 704 1453 Hodie
717 1430 811 1461 pastor
831 1426 877 1454 ille
888 1427 943 1454 huc
954 1431 1087 1454 venturus
1105 1433 1161 1454 non
1173 1429 1226 1454 est.
1240 1425 1273 1453 Et
1291 1434 1342 1462 ego
1362 1427 1419 1455 dixi
1433 1435 1439 1454 τ
1456 1426 1526 1461 Quid
1538 1433 1604 1462 ergo
1615 1433 1667 1462 ego

59 1464 156 1495 iaciam?
172 1468 203 1496 Et
216 1469 313 1498 dicunt
324 1471 390 1498 mihi
405 1481 412 1498 :
428 1471 520 1508 Usque
530 1474 557 1500 in
569 1480 711 1508 vesperam
725 1477 865 1508 exspecta,
875 1474 897 1501 si
912 1473 1006 1501 forsan
1018 1473 1122 1501 venerit
1135 1478 1162 1501 et
1176 1473 1304 1508 loquetur
1315 1473 1372 1509 (44)
1388 1478 1493 1506 tecum;
1510 1472 1552 1500 sin
1564 1471 1667 1506 minus,

58 1513 181 1541 nobiscum
195 1515 260 1542 dum
279 1517 380 1549 veniat,
397 1519 521 1547 manebis
536 1519 604 1555 (L5).
620 1519 681 1547 Dixi
696 1520 755 1547 eis:
771 1519 941 1555 Exspectabo
954 1527 1016 1547 eum
1035 1527 1121 1555 usque
1141 1519 1176 1547 ad
1191 1526 1330 1554 vesperam
1343 1529 1349 1546 :
1363 1520 1435 1555 quod
1448 1519 1471 1547 si
1483 1526 1536 1546 non
1550 1517 1669 1547 venerit,

58 1558 152 1587 domum
164 1561 218 1594 ibo,
230 1568 258 1590 et
274 1569 394 1591 revertar
406 1573 496 1593 mane.
513 1566 725 1602 Responderunt
738 1567 804 1594 mihi
819 1576 827 1595 :
843 1566 928 1595 Nobis
946 1567 1101 1602 assignatus
1112 1575 1142 1595 es
1158 1577 1165 1595 :
1181 1575 1234 1594 non
1248 1571 1326 1601 potes
1340 1566 1464 1593 recedere
1480 1564 1535 1599 (46)
1549 1571 1564 1590 a
1577 1562 1668 1590 nobis.

58 1603 85 1631 Et
94 1606 143 1633 dixi
155 1615 162 1633 :
176 1607 228 1636 Ubi
246 1610 382 1637 manebo?
398 1611 495 1639 Dicunt
508 1613 574 1639 mihi
588 1622 595 1640 :
612 1613 763 1641 Nobiscum
777 1614 898 1642 dormies
910 1619 941 1641 ut
954 1613 1047 1648 frater;
1060 1621 1115 1641 non
1133 1618 1163 1641 ut
1178 1613 1294 1640 maritus
1310 1622 1316 1639 :
1333 1613 1416 1640 frater
1429 1611 1502 1639 enim
1518 1613 1611 1637 noster
1626 1615 1668 1639 es.

57 1654 80 1678 et
92 1653 121 1679 de
134 1659 229 1683 caetero
243 1662 333 1684 tecum
351 1657 474 1686 habitare
484 1665 584 1694 paratae
596 1669 692 1689 sumus
705 1663 772 1698 (4'1);
789 1663 867 1691 valde
881 1663 953 1690 enim
966 1663 1080 1690 charum
1097 1667 1122 1689 te
1134 1662 1276 1690 habemus.
1293 1660 1350 1696 Ego
1365 1663 1456 1686 autem
1469 1654 1668 1684 erubescebam

58 1702 108 1723 cum
118 1698 154 1726 eis
165 1707 276 1728 manere
290 1701 359 1736 (48).
375 1701 414 1729 Ea
428 1710 493 1730 vero
503 1711 564 1738 quae
578 1712 611 1732 ex
625 1706 680 1733 illis
691 1707 780 1741 prima
794 1715 856 1735 esse
870 1707 1025 1740 videbatur,
1040 1707 1194 1742 amplexata
1211 1713 1254 1733 me
1270 1710 1322 1737 est,
1337 1709 1365 1732 et
1379 1702 1497 1731 osculari
1513 1707 1557 1727 me
1571 1699 1666 1734 coepit.

58 1742 152 1774 Ceterae
172 1755 236 1775 vero
249 1756 313 1776 cum
331 1750 464 1778 vidissent
477 1760 521 1779 me
543 1754 692 1788 amplexari
707 1755 764 1790 (49)
785 1756 819 1783 ab
839 1756 884 1783 illa
894 1777 902 1789 ,
917 1761 944 1783 et
958 1756 1024 1791 ipsze
1039 1759 1183 1790 coeperunt
1197 1763 1241 1782 me
1253 1759 1283 1781 ut
1304 1751 1415 1779 fratrem
1432 1747 1562 1780 osculari.
1575 1749 1602 1772 θῑ
1615 1745 1668 1772 du‘

58 1798 108 1840 dare
121 1794 173 1829 (50)
185 1795 258 1823 circa
276 1796 384 1830 turrim,
398 1803 425 1826 et
436 1799 529 1828 ludere
542 1809 661 1830 mecum.
680 1803 811 1837 Qumdam
833 1809 924 1832 autem
943 1812 976 1832 ex
993 1805 1047 1832 illis
1061 1805 1183 1840 psalmos
1202 1803 1337 1832 canebant
1351 1799 1419 1834 (5i);
1431 1796 1555 1832 quaedam
1570 1794 1669 1821 choros

57 1839 186 1870 ducebant.
203 1842 261 1879 Ego
275 1849 365 1872 autem
378 1845 450 1874 circa
464 1847 521 1882 (52)
542 1850 641 1877 turrim
660 1851 688 1878 in
705 1851 814 1879 silentio
837 1851 915 1880 laetus
929 1859 991 1879 cum
1013 1852 1054 1880 eis
1062 1839 1254 1883 ambulabam,
1269 1854 1296 1878 et
1315 1848 1428 1876 videbar
1442 1844 1510 1872 mihi
1519 1842 1612 1878 junior
1625 1841 1668 1868 fa-

57 1890 108 1914 ctus
123 1895 180 1916 esse
200 1889 270 1925 (55).
293 1889 442 1927 Postquam
457 1900 523 1921 vero
535 1902 650 1930 vespera
665 1903 726 1924 esse
737 1897 831 1932 coepit,
851 1897 964 1925 domum
982 1902 1094 1933 repente
1106 1897 1163 1933 (54)
1180 1897 1256 1925 abire
1267 1895 1410 1925 volebam;
1431 1891 1485 1918 illae
1497 1893 1586 1916 autem
1603 1886 1669 1915 reti-

57 1939 161 1978 nuerunt
175 1935 233 1971 (55)
249 1943 303 1968 me,
320 1941 347 1964 et
359 1945 414 1965 non
437 1939 621 1973 permiserunt
638 1942 724 1972 abire.
746 1942 834 1971 Mansi
857 1951 922 1978 ergo
948 1943 994 1970 illa
1016 1948 1096 1971 nocte
1115 1951 1177 1971 cum
1192 1943 1233 1971 eis
1245 1943 1325 1978 juxta
1342 1940 1466 1969 eamdem
1487 1937 1585 1965 turrim
1599 1935 1668 1970 (56).

58 1976 204 2027 sf'flvel'unl
219 1986 312 2027 autem
325 1983 433 2014 tunicas
445 1995 510 2016 suas
521 1989 621 2017 linteas
639 1990 667 2017 in
683 1994 795 2024 terram,
811 1995 839 2019 et
860 1999 904 2019 me
918 1992 945 2018 in
958 1991 1050 2019 medio
1070 1991 1292 2020 collocaverunt:
1310 1997 1360 2017 nec
1374 1987 1523 2024 quidquam
1539 1984 1612 2011 aliud
1628 1982 1670 2010 fa-

57 2023 161 2057 ciebant,
175 2026 228 2053 nisi
242 2027 317 2061 quod
333 2029 459 2059 orabant.
475 2032 528 2063 Sed
543 2039 570 2061 et
584 2043 634 2070 ego
645 2044 708 2063 cum
724 2037 778 2065 illis
792 2037 852 2065 sine
865 2037 1071 2065 intermissione
1083 2038 1207 2070 orabam,
1219 2045 1307 2073 neque
1321 2037 1412 2065 minus
1434 2042 1516 2071 quam
1533 2031 1671 2065 illm-Qua!

57 2079 109 2100 cum
123 2083 165 2103 me
182 2077 222 2105 sic
233 2082 359 2106 orantem
371 2080 514 2117 vidissent,
531 2085 626 2121 ingens
638 2086 767 2120 gaudium
783 2093 981 2123 perceperunt;
993 2092 1022 2116 et
1036 2096 1098 2116 cum
1119 2088 1158 2116 eis
1172 2088 1228 2116 illic
1239 2087 1277 2116 l‘ui
1290 2093 1378 2121 usque
1388 2084 1424 2112 ad
1434 2084 1505 2111 diem
1518 2085 1669 2116 Ροειεηιπι·

588 2143 707 2171 VARle
728 2143 921 2172 LECTIONES
938 2143 984 2171 ET
1001 2144 1121 2172 NOTIE.

152 2191 253 2230 Lamb.
266 2200 318 2228 qua
330 2190 608 2230 raldeucaudidauettn
644 2226 650 2230 _
885 2198 952 2230 mss.
971 2191 1109 2230 exhibere,
1124 2189 1285 2230 explicaret,
1301 2195 1332 2230 ut
1351 2196 1431 2230 saepe.
1446 2185 1598 2230 Aliterrltic‘
1610 2183 1670 2230 (ξς

151 2220 311 2266 Mss._An'_gl.
329 2226 509 2266 capillisyero
525 2225 690 2266 dissolutis:
707 2260 724 2266 ,ν
808 2259 814 2266 _
886 2220 1545 2266 ricus_,.c_ujus_ad'notationeru'videsis'moxinfra
1555 2225 1612 2248 not.
1623 2220 1669 2248 62.

86 2261 250 2296 (3-5)Lamh.
273 2260 325 2296 leg.
347 2260 442 2301 objecti
458 2266 557 2301 Erant,
580 2265 608 2288 et
626 2260 728 2301 omittit
741 2260 834 2288 omnia
993 2261 1089 2301 Lamb.
1102 2265 1225 2301 vorat,_et
1240 2260 1320 2301 dixit.
1341 2295 1352 2301 Π
1397 2294 1403 2300 _

58 2302 111 2329 qua!
121 2293 285 2330 sequuntur,
301 2293 390 2331 usque
405 2297 438 2323 ad
454 2296 597 2330 Postquam
611 2300 709 2322 autem.
923 2293 974 2330 (ll
996 2296 1060 2323 Mss.
1077 2296 1155 2331 Angl.
1170 2296 1194 2322 si
1210 2296 1318 2326 uenerit,
1337 2294 1450 2329 forsitan
1469 2293 1599 2327 loquetur.

89 2331 141 2367 (55)
154 2331 221 2360 Mss.
243 2332 324 2367 Angl.
345 2340 375 2358 ne
396 2332 459 2367 quid
475 2331 553 2358 desit.
579 2330 624 2358 Sic
643 2335 671 2358 et
687 2330 752 2358 Felli
768 2330 833 2358 edit.
921 2331 967 2365 (45
996 2330 1062 2358 Felli
1078 2332 1143 2358 edit.
1164 2329 1252 2357 Oxon.
1266 2329 1421 2357 moraberis.

58 2363 135 2394 Oxon.
754 2400 758 2401 ν
921 2298 979 2401 (“il
991 2365 1056 2394 Mss.
1077 2365 1158 2401 Angl.
1180 2366 1350 2401 consignatus
1366 2373 1393 2391 es
1406 2372 1415 2390 :
1429 2370 1481 2390 non
1496 2366 1569 2396 putes
1584 2361 1599 2388 d

181 2340 221 2360 SS.
243 2338 324 2367 Angl.
345 2340 375 2358 ne
396 2338 458 2367 φιια
475 2338 553 2358 αεδιι.
579 2338 624 2358 διε
643 2338 671 2358 et
687 2338 752 2358 rem
768 2338 833 2358 ea".
993 2338 1062 2371 _r_etn
1078 2338 1146 2371 (fall.-
1164 2338 1253 2371 UXOII:
1266 2338 1421 2371 moraoerts.
1499 2370 1510 2371 Π
1522 2366 1565 2371 ΛΜ
1589 2361 1613 2371 Β

58 2361 138 2394 om:
288 2361 303 2367 ”
401 2361 407 2367 ’
921 2361 978 2401 (46)
991 2365 1056 2394 Mss.
1077 2365 1158 2401 Angl.
1180 2366 1350 2401 consignatus
1366 2373 1393 2391 es
1406 2372 1415 2390 :
1429 2370 1481 2390 non
1496 2366 1569 2396 putes
1584 2361 1670 2388 disce--

62 2434 72 2436 _
88 2401 140 2436 (56)
151 2401 248 2430 Lamb.
261 2401 321 2429 illa.
336 2402 371 2428 At
385 2401 520 2435 vulgatam
534 2401 676 2428 lectionem
692 2400 836 2436 confirmat
885 2401 956 2428 dere.
990 2435 1003 2436 γ

57 2434 188 2472 Origenes,
201 2437 249 2472 qui
266 2437 339 2464 hunc
359 2437 448 2472 locum
461 2436 554 2472 laudat
568 2435 717 2472 gemment.
728 2436 756 2462 in
770 2434 836 2472 Osee
921 2435 978 2472 (67)
989 2435 1066 2472 Bodl.
1082 2436 1242 2472 habitatura:
1254 2443 1354 2462 sumus.

57 2478 85 2496 ex
100 2469 264 2500 Philota-lia:
284 2479 344 2506 cap.
368 2471 394 2504 8,
415 2471 517 2498 nuviss.
543 2471 610 2498 edit.
636 2470 689 2497 ΒΒ.
713 2475 779 2497 tom.
802 2469 835 2504 ll,
922 2471 978 2505 (48)
992 2471 1085 2498 Lamb.
1099 2471 1228 2498 habitare.

57 2511 85 2540 pa
104 2526 110 2532 .
122 2507 182 2534 459.
319 2505 325 2506 ⁷
933 2506 978 2540 49)
991 2505 1056 2533 Mss.
1071 2506 1150 2541 Aug].
1166 2505 1326 2540 amplexum.

61 2574 67 2581 '
87 2514 140 2581 (‘57)
155 2542 221 2570 Mss.
233 2541 315 2577 Augl.
335 2541 465 2576 ejusmodi
479 2541 649 2568 considerans
672 2539 743 2572 bene,
760 2541 836 2568 valde
886 2575 906 2581 _
922 2510 979 2581 (50)
994 2540 1155 2581 MssLAngl.
1167 2541 1314 2573 ducebant;
1325 2544 1353 2568 et
1365 2548 1429 2568 mox
1440 2539 1576 2567 ludebant.
1589 2536 1635 2565 Sic
1645 2540 1673 2564 et

58 2574 221 2604 latur'eram.
279 2574 291 2577 “
346 2574 354 2576 ’
886 2575 953 2603 Fclli
969 2576 1035 2603 edit.
1053 2574 1142 2603 Oxon.

88 2611 142 2644 (58)
155 2611 240 2640 Editt.
250 2611 348 2651 Clerici
362 2616 389 2638 et
397 2610 506 2651 llussel.
518 2610 606 2638 omitt.
623 2611 664 2637 de.
680 2609 834 2638 Ms.Lan‘tb.
923 2611 979 2651 (5|)
991 2610 1086 2651 Lamb.
1101 2611 1215 2651 enimn“:
1228 2610 1268 2637 his
1284 2610 1399 2645 psalmos
1415 2610 1569 2637 cantabant.
1586 2607 1673 2636 liabet

58 2651 195 2679 structura,
212 2647 340 2709 repositos
353 2646 485 2681 expleam.

90 2682 144 2715 (59)
167 2682 234 2710 Lam
258 2701 265 2709 .
285 2681 388 2709 Pramo
405 2681 442 2708 si:
459 2681 540 2712 mihi;
556 2686 581 2708 et
597 2681 659 2708 cito.
684 2680 726 2707 Al.
753 2680 816 2708 mihi

885 2643 957 2674 enim
970 2643 997 2674 et
1010 2646 1075 2673 Felli
1086 2645 1151 2673 edit.
1162 2643 1251 2672 Oxon.
1284 2643 1289 2645 ⁷

808 2681 835 2715 i,
921 2681 979 2715 (52)
995 2681 1040 2708 Sic
1055 2680 1120 2707 Felli
1135 2680 1200 2708 edit.
1215 2679 1302 2707 Oxon.
1316 2679 1359 2708 ΑΙ,
1380 2680 1484 2708 addunt
1497 2687 1564 2707 eam.

90 2683 144 2715 (59)
167 2683 265 2710 Lamb.
285 2683 388 2709 Prmtu
405 2683 442 2708 si:
459 2683 540 2712 mihi;
556 2686 581 2708 et
597 2683 659 2708 cito.
684 2683 726 2707 Al.
753 2683 835 2715 mihi,
921 2683 968 2712 (52
995 2683 1040 2708 Sic
1055 2683 1120 2707 Felli
1135 2683 1200 2708 edit.
1215 2683 1302 2707 Oxon.
1316 2683 1359 2708 Al.
1380 2683 1484 2708 addunt
1497 2688 1511 2707 ε

58 2715 145 2756 inquit.
160 2752 183 2756 __
247 2752 253 2756 _
302 2752 308 2756 _
992 2716 1087 2756 Lamb.
1104 2715 1183 2756 ueluti
1190 2715 1324 2756 juniorem
1335 2723 1390 2756 esse
1403 2716 1511 2750 factum.

90 2752 142 2783 (ω’)
160 2752 228 2779 Mss.
240 2752 320 2787 Angl.
334 2756 446 2778 stercus.
934 2752 980 2818 54)
995 2751 1060 2779 Mss.
1072 2750 1151 2785 Angl.
1162 2751 1249 2783 deest,
1261 2755 1373 2784 repente.

90 2787 142 2820 1M)
154 2787 220 2814 Mss.
235 2787 314 2822 Angl.
329 2787 435 2814 hilaris.
922 2753 970 2822 (55
993 2786 1087 2822 Lamb.
1101 2786 1326 2822 detinueruntret
1335 2793 1410 2820 mox,
1422 2793 1461 2813 me
1472 2786 1510 2813 ire
1532 2784 1632 2820 proabi

89 2787 142 2820 (Μ)
154 2787 220 2814 Mss.
235 2784 314 2822 Aug].
329 2787 435 2814 hilaris.
923 2784 980 2822 (55)
993 2786 1087 2822 Lamb.
1101 2784 1326 2822 detinueruntret
1335 2793 1410 2820 mox,
1422 2793 1461 2813 me
1472 2786 1510 2813 ire
1532 2784 1670 2820 proabire.

90 2821 144 2857 (42)
157 2822 250 2850 Fellus
269 2820 296 2850 in
320 2822 385 2850 edit.
404 2822 491 2850 Oxon.
516 2822 671 2855 exsolveret;
691 2827 836 2857 monetque
924 2820 980 2858 (56)
996 2821 1089 2849 Lamb.
1104 2821 1138 2848 ad
1155 2829 1214 2848 eam
1228 2820 1332 2848 turrim.
