1920 3104
47 135 91 163 993
597 134 741 162 PASTOR.
763 150 785 156 -—
811 135 874 164 LlB.
895 137 938 165 lll.
960 138 1059 166 SlMlL.
1080 139 1124 167 ΙΧ.
1602 147 1654 175 994

48 181 133 216 inquit,
145 180 249 216 lapides
261 181 354 209 vidisti
369 181 396 208 in
413 184 551 209 structura
566 183 734 211 remansisse
751 191 799 219 per
811 193 909 213 manus
927 186 1024 214 harum
1042 188 1169 221 traditos,
1184 196 1279 217 earum
1303 194 1438 224 potestate
1461 190 1554 218 vestiti
1580 198 1653 220 sunt.

47 228 147 263 Ideoque
162 231 246 255 totam
264 229 364 256 turrim
377 229 542 257 concordem
559 230 616 265 (86)
631 231 706 259 vides
718 240 781 259 cum
795 237 883 267 petra,
905 238 932 261 et
946 235 1021 261 velut
1032 242 1064 262 ex
1079 243 1134 263 uno
1147 236 1237 271 lapide
1253 236 1364 265 factam.
1378 236 1424 264 Sic
1444 245 1554 272 quoque
1576 238 1594 265 ii
1608 239 1654 273 qui

45 276 200 304 crediderunt
216 275 274 304 Deo
293 284 340 312 per
352 276 450 304 Filium
462 277 534 312 ejus,
550 278 639 306 induti
658 284 723 306 sunt
739 279 871 314 Spiritum
887 281 960 309 hunc
976 282 1044 317 (87).
1058 282 1127 311 Ecce
1139 291 1212 311 unus
1224 284 1276 311 erit
1292 282 1416 318 spiritus,
1437 289 1464 311 et
1483 292 1569 311 unum
1590 293 1654 312 cor-

45 332 96 359 pus,
107 329 131 351 et
143 332 213 352 unus
225 324 304 353 color
318 325 436 353 vestium
453 334 548 354 eorum
562 327 638 363 (88);
654 329 700 356 sed
714 334 741 356 et
757 329 795 356 illi
806 336 989 365 assequentur
1000 332 1063 365 ista,
1076 333 1123 368 qui
1141 334 1308 368 portaverint
1320 333 1376 369 (89)
1393 334 1503 360 nomina
1517 333 1654 369 virginum

46 373 139 400 harum.
152 371 183 398 Et
195 372 253 400 dixi
265 381 271 398 :
283 372 374 406 Quare
386 382 463 410 ergo,
476 375 599 408 domine,
612 377 711 412 abiecti
724 382 788 405 sunt
802 378 906 414 lapides
918 379 964 414 qui
981 380 1120 415 reprobati
1138 380 1260 414 lucrunt,
1276 388 1338 408 cum
1354 379 1405 414 ipsi
1419 387 1465 414 per
1477 383 1583 413 portam
1596 379 1653 415 (90)

45 420 152 447 translati
168 419 284 452 iuerint,
302 426 329 448 et
351 422 443 449 traditi
458 430 506 457 per
519 431 619 451 manus
643 424 779 459 virginum
797 425 895 453 harum
922 427 949 454 in
965 431 1132 456 structuram
1151 429 1237 457 turris
1254 427 1354 463 hujus?
1381 427 1528 460 Quoniam,
1553 428 1654 462 inquit,

45 475 98 494 cura
108 466 152 494 tibi
168 470 209 494 est
225 467 320 494 omnia
329 466 475 502 diligenter
487 467 638 503 inquirere,
656 469 719 496 audi
733 469 767 497 de
782 470 816 498 iis
829 471 967 506 lapidibus
981 473 1028 507 qui
1044 473 1144 508 abjecti
1157 478 1230 501 sunt.
1251 473 1282 500 lli
1297 481 1393 501 omnes
1413 481 1511 500 nomen
1530 473 1592 500 Filii
1606 473 1654 503 Dei

43 518 200 549 acceperunt,
218 515 267 542 sed
281 520 308 542 et
322 519 485 549 potestatem
502 517 639 552 virginum
659 517 768 546 harum.
786 517 836 546 His
849 527 915 555 ergo
929 520 1072 554 spiritibus
1086 522 1215 556 acceptis,
1233 521 1416 549 consummati
1430 520 1551 553 luerunt,
1576 525 1604 548 et
1625 521 1654 549 in

44 569 170 588 numerum
186 568 331 588 servorum
346 561 393 589 Dei
406 562 520 596 redacti,
535 567 562 590 et
578 571 663 590 unum
682 571 782 598 corpus
794 571 888 592 eorum
904 573 965 592 esse
977 566 1059 601 coepit
1074 572 1157 602 atque
1171 575 1225 594 una
1240 567 1341 601 vestis;
1356 567 1480 594 eamdem
1496 565 1553 600 (91)
1579 566 1653 593 enim

43 608 182 636 sentiebant
197 608 370 642 aequitatem,
381 615 464 643 quam
479 608 583 642 pariter
603 609 779 636 exercebant.
794 609 829 637 At
842 616 906 638 vero
920 615 1066 646 postquam
1082 612 1210 640 viderunt
1229 612 1359 640 mulieres
1379 613 1449 644 illas,
1462 620 1531 648 quas
1556 612 1652 639 adver-

44 658 90 684 tisti
104 657 175 692 nigra
191 661 269 684 veste
281 656 394 684 vestitas
411 677 418 690 ,
445 657 547 684 exertis
561 656 684 684 humeris
701 661 729 684 et
740 657 838 685 solutis
849 658 906 693 (92)
918 659 1041 686 crinibus
1051 680 1059 693 ,
1080 661 1295 695 concupiverunt
1309 660 1455 687 sollicitare
1468 659 1528 686 illas
1545 659 1581 686 ob
1592 659 1654 693 pul-

43 704 208 731 chriludinem
226 703 286 738 (93)
300 709 407 734 earum,
424 706 451 728 et
471 701 561 728 induti
577 706 642 728 sunt
667 705 802 736 potestate
815 709 928 737 earum;
955 705 1094 739 virginum
1111 713 1176 732 vero
1195 706 1370 740 proiecerunt
1385 705 1516 732 amictum
1532 705 1600 740 (9A).
1618 704 1652 731 Hi

43 751 113 785 igitur
130 749 227 784 abjecti
252 753 317 776 sunt
331 755 347 775 a
368 747 451 775 domo
465 745 524 777 Dei.
550 750 577 773 et
607 747 700 774 traditi
726 747 888 776 mulieribus
908 749 973 776 illis.
990 750 1025 776 At
1048 749 1135 784 hiqui
1150 757 1206 777 non
1229 755 1294 778 sunt
1305 751 1426 785 corrupti
1450 751 1652 785 pulchritudine

41 803 132 828 earum,
151 796 177 823 in
193 795 278 823 domo
301 794 349 822 Dei
364 798 565 822 remanserunt.
584 792 682 828 Habes,
695 794 795 830 inquit,
812 795 911 823 horum
925 797 1045 832 lapidum
1059 798 1106 832 qui
1119 797 1218 832 abjecti
1231 802 1304 830 sunt,
1325 798 1537 834 explicationem
1558 799 1628 833 (95).

733 851 848 880 CAPUT
866 852 936 881 XIV.

68 899 97 928 Et
109 900 161 928 dixi
176 909 183 927 :
206 899 235 927 Si
261 898 309 934 qui
334 904 410 933 ergo,
424 896 545 930 domine,
560 896 702 924 hominum
718 897 765 932 qui
780 897 937 933 hujusmodi
950 903 1023 932 sunt,
1036 899 1142 934 egerint
1154 899 1354 934 pmnitentiam,
1367 903 1394 926 et
1408 899 1557 934 abjecerint
1572 899 1651 934 cupi-

40 947 137 975 ditatem
152 947 301 974 mulierum
317 944 436 975 illarum,
451 949 478 970 et
495 943 621 970 conversi
638 943 770 970 redierint
783 943 817 970 ad
836 943 968 978 virgines,
988 948 1016 972 et
1028 952 1123 971 carum
1140 949 1301 979 potestatem
1326 945 1484 978 induerint;
1501 952 1592 972 nonne
1608 946 1652 972 in-

40 993 135 1020 trabunt
146 993 174 1020 in
185 993 301 1020 domum
320 991 390 1019 Dei?
403 991 557 1025 Intrabunt,
572 991 671 1027 inquit,
688 991 711 1019 si
725 992 877 1026 abjecerint
891 993 984 1020 omnia
998 1000 1081 1028 opera
1100 993 1245 1020 mulierum
1258 993 1378 1025 illarum,
1394 998 1422 1020 et
1441 994 1538 1021 harum
1560 994 1649 1029 virgi-

39 1049 95 1069 uum
111 1040 309 1076 resumpserint
323 1044 497 1075 potestatem,
509 1044 536 1067 et
548 1039 574 1066 in
586 1039 715 1074 operibus
730 1047 823 1066 carum
838 1040 1049 1068 ambulaverint.
1064 1040 1096 1067 Et
1108 1040 1169 1068 ideo
1181 1041 1351 1068 intermissio
1366 1040 1436 1068 facta
1454 1045 1496 1068 est
1515 1041 1648 1074 struendi,

39 1094 62 1114 ut
77 1088 97 1115 si
109 1088 133 1115 hi
151 1089 257 1124 egerint
268 1087 470 1124 penitentiam,
489 1087 654 1122 adjiciantur
667 1087 693 1114 in
706 1093 869 1115 structuram
883 1089 984 1115 turris:
997 1088 1019 1115 si
1033 1092 1124 1114 autem
1140 1087 1196 1123 (96)
1210 1089 1264 1116 non
1280 1088 1592 1124 cgerintpmnitentiam,
1603 1088 1648 1115 alii

39 1139 163 1162 struantur
174 1135 234 1163 loco
248 1142 363 1168 eorum;
379 1139 406 1162 et
417 1134 457 1161 illi
488 1139 553 1162 tunc
565 1134 730 1169 abjiciantur
743 1134 769 1161 in
782 1139 837 1161 toto
850 1134 917 1170 (97).
934 1133 974 1161 Ad
994 1134 1052 1161 hare
1066 1134 1158 1161 omnia
1173 1134 1230 1170 (98)
1247 1136 1349 1170 gratias
1374 1136 1416 1171 egi
1431 1135 1558 1167 Domino,
1574 1137 1649 1171 quod

40 1182 61 1208 in
74 1190 161 1211 omnes
178 1183 205 1210 in
220 1183 323 1219 quibus
338 1183 495 1211 invocatum
510 1187 552 1210 est
567 1190 667 1210 nomen
680 1184 752 1217 ejus,
774 1187 865 1210 motus
879 1183 1021 1211 clementia
1035 1183 1141 1210 miserit
1169 1183 1313 1218 praesident
1330 1185 1458 1212 nuntium
1481 1185 1649 1220 poenitentia:

39 1232 67 1259 ad
79 1241 134 1266 nos,
146 1233 193 1268 qui
211 1232 381 1268 deliquimus
393 1231 417 1260 ei
429 1241 436 1266 ;
466 1237 492 1259 et
506 1231 578 1267 quod
592 1231 764 1258 renovaverit
777 1231 893 1266 spiritus
907 1235 1019 1258 nostros
1041 1231 1098 1266 jam
1119 1235 1194 1258 certe
1210 1231 1367 1260 deﬁcientes
1377 1253 1385 1265 ,
1408 1240 1496 1268 neque
1518 1233 1648 1260 habentes

40 1286 104 1312 spem
117 1279 231 1313 salutis;
248 1287 324 1306 nunc
333 1286 398 1306 vero
410 1283 549 1306 recreatos
563 1278 620 1314 (99)
633 1278 666 1306 ad
694 1279 953 1314 redintegrationem
971 1279 1042 1306 vitae.
1072 1278 1105 1306 Et
1118 1279 1174 1306 dixi
1192 1287 1200 1305 :
1215 1278 1304 1312 Nunc,
1335 1280 1458 1314 domine,
1489 1280 1648 1308 demonstra

40 1327 107 1360 mihi,
122 1335 206 1362 quare
220 1335 276 1355 non
292 1327 319 1354 in
332 1331 404 1354 terra
415 1327 567 1354 aediﬁcatur
581 1327 638 1354 haec
653 1326 749 1357 turris,
765 1326 811 1353 sed
827 1334 910 1361 supra
924 1331 1028 1361 petram
1045 1331 1073 1354 et
1089 1326 1216 1361 portam?
1231 1326 1377 1361 Quoniam,
1392 1327 1492 1363 inquit,
1515 1322 1648 1363 insipiens

40 1375 121 1402 etsine
140 1376 276 1403 intellectu
293 1383 341 1407 es,
371 1375 432 1402 ideo
452 1374 617 1408 interrogas.
634 1373 667 1400 Et
680 1373 737 1401 dixi
751 1383 757 1401 :
782 1372 899 1401 Necesse
919 1374 1018 1408 habeo,
1031 1374 1152 1406 domine,
1165 1374 1258 1401 omnia
1273 1378 1298 1402 te
1312 1375 1497 1411 interrogare;
1515 1376 1647 1411 quoniam

41 1423 97 1450 nihil
106 1424 214 1452 omnino
227 1424 368 1459 intelligo:
386 1430 519 1457 responsa
533 1423 607 1449 enim
623 1422 715 1449 omnia
731 1421 804 1457 (100)
815 1429 913 1457 magna
929 1426 956 1449 et
971 1422 1103 1457 praeclara
1120 1427 1195 1454 sunt,
1210 1425 1238 1449 et
1250 1428 1311 1456 quat
1328 1421 1455 1449 homines
1477 1422 1522 1449 vix
1547 1422 1648 1449 intelli-

40 1476 91 1501 gere
103 1474 223 1504 possunt.
236 1469 320 1502 Audi,
333 1469 438 1504 inquit:
449 1469 552 1497 Notnen
567 1469 630 1497 Filii
641 1469 688 1497 Dei
699 1477 828 1505 magnum
846 1474 874 1497 et
888 1470 1052 1497 immensum
1067 1474 1120 1502 est,
1129 1473 1156 1497 et
1170 1473 1243 1497 totus
1253 1469 1288 1496 ab
1297 1477 1330 1497 eo
1339 1475 1510 1498 sustentatur
1526 1470 1601 1498 orbis
1612 1470 1646 1504 ⁸⁸,

42 1515 65 1543 Si
77 1525 144 1553 ergo,
156 1518 281 1553 inquam,
293 1517 383 1545 omnis
402 1518 441 1553 (l)
456 1518 502 1546 Dei
518 1522 644 1545 creatura
660 1525 707 1552 per
722 1517 822 1545 Filium
834 1518 894 1553 ejus
911 1522 1096 1551 sustentatur;
1112 1525 1161 1544 cur
1172 1525 1227 1544 non
1240 1521 1267 1544 et
1279 1524 1327 1544 eos
1347 1521 1463 1544 sustinet
1477 1516 1525 1552 qui
1538 1516 1647 1544 invitati

41 1571 92 1593 sunt
101 1566 133 1594 ab
150 1574 193 1600 eo,
208 1571 236 1595 et
248 1574 350 1594 nomen
364 1566 424 1600 ejus
440 1565 542 1599 ferunt,
559 1569 586 1592 et
599 1565 626 1592 in
639 1565 780 1600 praeceptis
795 1565 855 1600 ejus
866 1565 1031 1592 ambulant?
1044 1564 1141 1593 Nonne
1153 1565 1235 1592 etiam
1257 1565 1347 1598 vides,
1362 1565 1460 1600 inquit,
1472 1564 1544 1599 quod
1560 1564 1646 1592 susti-

41 1617 78 1640 net
88 1613 121 1649 (2)
135 1622 189 1648 eos,
204 1614 253 1650 qui
266 1623 300 1642 ex
315 1614 379 1642 totis
390 1613 549 1648 praecordiis
561 1617 671 1649 portant
687 1621 786 1640 nomen
807 1614 890 1648 ejus?
904 1612 965 1649 ipse
975 1613 1059 1648 igitur
1083 1612 1293 1640 fundamentum
1311 1616 1353 1638 est
1366 1619 1473 1644 eorum,
1487 1615 1514 1638 et
1530 1611 1648 1638 libenter

40 1666 114 1695 portat
124 1670 169 1690 eos
181 1663 228 1698 qui
244 1662 284 1698 (3)
299 1670 354 1690 non
375 1667 475 1698 negant
485 1670 584 1690 nomen
593 1662 664 1697 ejus,
685 1662 733 1689 sed
748 1662 865 1689 libenter
877 1662 1015 1690 sustinent
1031 1661 1108 1689 illum
1122 1661 1171 1698 (4).

730 1716 846 1744 CAPUT
865 1717 924 1745 XV.

68 1762 95 1790 Et
107 1764 176 1792 dixi:
192 1763 355 1791 Demonstra
370 1764 448 1796 mihi,
465 1763 587 1797 domine,
608 1763 719 1791 nomina
744 1763 880 1799 virginum
897 1763 995 1790 harum
1011 1767 1038 1790 ct
1069 1763 1215 1790 mulierum
1240 1762 1360 1795 illarum,
1387 1770 1448 1798 qua:
1476 1762 1552 1797 nigra
1570 1766 1646 1790 veste

41 1812 197 1840 suutinduta:
215 1813 267 1849 (5).
288 1813 371 1846 Audi,
390 1812 480 1848 inquit
493 1822 499 1839 :
516 1812 633 1840 Nomina
647 1812 785 1848 virginum
804 1820 865 1848 quae
878 1812 1048 1847 potentiores
1064 1816 1138 1844 sunt,
1151 1818 1211 1846 qua:
1222 1811 1402 1838 obtinuerunt
1416 1810 1531 1845 angulos
1544 1813 1642 1844 portae,

41 1855 87 1884 haec
101 1863 158 1885 sunt
173 1858 230 1896 (6):
246 1858 337 1886 Prima
352 1863 465 1886 vocatur
482 1858 573 1891 Fides,
602 1859 723 1886 secunda
742 1858 932 1889 Ahstinentia,
955 1857 1034 1886 tertia
1067 1856 1208 1891 Potestas,
1238 1861 1335 1892 quarta
1364 1855 1519 1889 Patientia;
1540 1860 1644 1883 caetera:

41 1908 116 1931 autem
129 1913 187 1939 qua:
201 1904 274 1932 infra
288 1904 337 1932 has
350 1904 504 1932 consistunt
520 1903 571 1940 (7),
586 1904 629 1932 his
640 1904 799 1931 nominibus
810 1909 961 1931 vocantur:
977 1902 1154 1937 Simplicitas,
1171 1902 1341 1935 lnnocentia,
1356 1901 1487 1934 Castitas,
1503 1901 1643 1934 Hilaritas,

43 1947 141 1982 Veritas,
159 1950 349 1986 lntelligentia,
363 1951 525 1984 Concordia,
544 1951 684 1979 Charitas.
706 1951 868 1987 Quicunque
885 1951 977 1986 itaque
996 1955 1108 1986 portant
1132 1952 1191 1978 lucc
1208 1951 1319 1978 nomina
1332 1955 1360 1978 et
1388 1958 1487 1978 nomen
1505 1948 1567 1977 Filii
1585 1949 1642 1982 Dei,

43 1995 64 2022 in
76 2005 177 2032 regnum
191 1999 239 2027 Dei
255 2003 383 2034 poterunt
397 1999 510 2027 intrare.
524 1999 596 2027 Audi
612 2008 685 2027 nunc
695 2000 842 2027 mulierum
857 1998 982 2032 nomina,
997 2006 1058 2033 quae
1075 1998 1152 2034 nigra
1167 2003 1242 2026 veste
1264 1998 1370 2026 vestitae
1389 2002 1464 2026 sunt.
1492 1997 1530 2024 Ex
1548 1997 1591 2025 his
1604 1997 1642 2032 (8)

41 2049 141 2077 quatuor
153 2048 324 2081 potentiores
339 2051 420 2074 sunt:
437 2055 555 2082 quarum
569 2048 658 2082 prima
685 2047 811 2081 Perﬁdia,
837 2047 956 2075 secunda
983 2047 1205 2082 lntemperantia,
1235 2048 1316 2074 tertia
1334 2047 1523 2079 lncredulitas,
1543 2050 1642 2081 quarta

42 2089 155 2127 Voluptas
180 2095 219 2132 (9)
230 2095 398 2122 nominatur.
415 2094 566 2131 Sequentes
577 2103 643 2124 vero
656 2097 754 2124 harum
780 2097 821 2124 sic
838 2096 1032 2123 nominantur:
1052 2095 1186 2129 Tristitia,
1209 2095 1322 2130 Malitia,
1350 2096 1456 2129 Libido,
1486 2095 1641 2126 Iracundia.

41 2135 200 2174 Mendacium,
218 2141 351 2175 Stultitia,
365 2140 484 2175 inﬂatio,
502 2140 610 2169 Odium.
628 2140 684 2169 Hos
700 2141 814 2177 spiritus
838 2141 885 2176 qui
900 2143 992 2176 portat
1008 2140 1057 2168 Dei
1076 2148 1182 2173 servus,
1195 2148 1309 2176 regnum
1328 2141 1374 2169 Dei
1398 2140 1502 2168 videbit
1519 2141 1642 2176 quidem,

68 2186 87 2202 "
95 2185 155 2216 Heb.
175 2197 193 2221 ι,
206 2190 235 2217 3.

573 2236 691 2264 VARle
711 2236 903 2265 LECTIONES
921 2236 966 2264 ΕΤ
985 2235 1102 2264 NOTAE.

68 2315 116 2349 (86)
134 2317 208 2346 Bodl.
222 2317 397 2344 consimilem.
414 2316 505 2344 Fellus
526 2317 554 2344 in
568 2324 618 2344 sua
634 2316 700 2352 edit.
713 2315 802 2343 Oxon.
861 2350 870 2352 7
892 2316 948 2352 (99)
969 2317 1009 2352 Ita
1028 2323 1096 2343 mss.
1116 2315 1195 2350 Angl.
1214 2319 1241 2342 et
1264 2314 1335 2342 Vict.
1365 2314 1405 2341 Ita
1429 2317 1456 2340 et
1469 2313 1534 2340 edit.
1563 2312 1630 2340 Felli

42 2352 190 2388 concolorem.
208 2353 276 2388 Vide
290 2352 414 2387 Origenis
424 2351 558 2388 Philaeni.
575 2359 634 2388 cap.
649 2351 686 2388 8._
784 2386 789 2388 7
854 2350 1002 2388 Oxon._
1017 2356 1128 2388 recreat.
1214 2386 1219 2388 _
1267 2384 1282 2388 _
1335 2385 1340 2388 _
1411 2383 1416 2388 λ

69 2386 117 2421 (87)
135 2387 228 2416 Lamb.
246 2384 388 2414 Dominitm
401 2395 446 2422 per
463 2386 564 2414 Filium
583 2384 650 2421 ejus,
676 2386 724 2413 hoc
749 2386 806 2420 spi-
891 2386 965 2422 (100)
986 2386 1081 2422 Lamb.
1103 2386 1243 2420 responsis.
1262 2384 1358 2422 Omnia
1374 2384 1453 2410 enim.

41 2421 84 2447 ritu
97 2423 175 2450 induti
190 2428 263 2450 sunt.
401 2420 405 2422 ’
595 2420 599 2421 ν
891 2420 930 2456 (1)
951 2421 1047 2448 Lamb.
1069 2421 1114 2447 Sic
1126 2428 1187 2455 ergo
1205 2420 1300 2456 omnis.

79 2456 118 2492 88)
135 2457 228 2486 Lamb.
243 2457 308 2485 odor
328 2457 440 2484 uestium
453 2465 554 2484 eorum.
891 2452 930 2491 (2)
951 2456 1046 2492 Lamb.
1064 2452 1242 2492 Atque’etiam
1260 2454 1330 2481 vides
1341 2461 1384 2480 eos
1396 2461 1459 2488 quos
1479 2452 1604 2480 sustinet.

79 2491 118 2528 39)
135 2492 197 2528 Mss.
209 2493 289 2528 Angl.
304 2492 422 2520 tulerint.
889 2492 928 2528 (ᾇ)
943 2491 1043 2528 _l.amb.
1056 2491 1192 2528 qnonialn.

70 2522 118 2560 (90)
137 2527 229 2556 Lamb.
249 2522 359 2559 desunt.
371 2535 417 2562 per
428 2532 543 2561 portam.
890 2522 929 2562 (At)
943 2525 1040 2562 Lamb.
1052 2522 1131 2553 illud.
1151 2524 1218 2552 Felli
1233 2524 1298 2552 edit.
1326 2523 1415 2550 Oxon.
1440 2522 1486 2550 sed
1509 2522 1639 2549 sustinent

70 2562 117 2596 (9i)
135 2563 228 2591 Lamb.
243 2563 277 2590 ad
291 2560 441 2597 eamdem;
680 2596 686 2597 7
721 2596 725 2597 7
762 2596 765 2597 7
853 2560 940 2597 ipsitm
951 2560 1076 2597 libenter.

71 2592 118 2632 illi)
136 2599 229 2626 Lamb.
242 2598 391 2625 dissolutis.
421 2596 489 2624 Vide
501 2604 584 2631 supra
600 2603 660 2630 cap.
675 2596 692 2622 2
720 2596 802 2630 lmjus
864 2592 869 2597 ’
891 2597 930 2632 (5)
949 2595 1017 2632 Mss.
1032 2595 1112 2632 .Angl.
1126 2595 1237 2632 vestitae,
1260 2598 1290 2632 et
1304 2592 1385 2632 infra.

43 2627 115 2660 simil.’
535 2627 544 2631 ’
634 2627 642 2630 ’
757 2627 765 2630 ⁷
888 2627 928 2665 (ϐ)
949 2630 1013 2658 Mss.
1031 2627 1126 2657 Lamb.
1143 2629 1212 2657 Vict.
1224 2633 1252 2665 et
1266 2629 1357 2665 Carm.
1379 2627 1444 2665 Illac
1456 2632 1517 2665 sunt
1532 2635 1640 2665 nnmtra

71 2667 118 2704 (95)
136 2668 197 2697 Mss.
213 2669 294 2704 Angl.
306 2667 495 2703 concupierunt
506 2666 575 2694 enim
587 2674 643 2698 eas,
663 2665 803 2693 sollicitati
852 2663 953 2704 enim.
970 2665 1016 2704 Sic
1031 2665 1135 2704 et7_l“e_ll_i
1148 2663 1454 2704 cditL0x9n1Latlda’nt
1467 2663 1539 2704 hunc
1549 2663 1638 2702 locum

44 2697 226 2734 pulchritudine.
258 2697 273 2704 υ
389 2697 395 2703 ’
852 2702 982 2735 Origenes
994 2700 1088 2727 homil.
1103 2700 1147 2730 l3,
1160 2700 1187 2726 in
1201 2699 1295 2735 Eucti.
1307 2699 1408 2735 Auctor
1421 2697 1513 2735 Operi}
1527 2698 1593 2732 imp.
1610 2698 1639 2735 in

73 2738 119 2772 (94)
137 2739 230 2768 Lamb.
250 2739 407 2766 amicitiam.
556 2771 574 2772 7
595 2771 598 2772 7
719 2771 728 2772 7
853 2732 1024 2772 Matt/tax“,
1038 2735 1084 2772 28,
1097 2740 1123 2762 et
1141 2735 1257 2772 scriptor
1271 2733 1336 2772 Vita:
1347 2732 1376 2760 S.
1386 2732 1529 2760 Gcnovel'az
1538 2740 1597 2766 cap.
1610 2732 1639 2759 4.

72 2769 119 2807 (95)
137 2774 229 2802 Lamb.
243 2774 442 2802 (mulationem.
460 2772 505 2800 Sic
517 2777 544 2799 et
555 2771 620 2798 Fclli
633 2772 698 2798 edit.
712 2771 800 2799 Oxon.
889 2771 928 2806 (7)
949 2769 1045 2807 Lamb.
1067 2771 1136 2807 inter
1147 2769 1200 2807 llas
1210 2770 1394 2807 constiterunt.

136 2801 228 2838 Lamb.
247 2810 357 2842 desunt,
373 2809 482 2844 egerint.
495 2827 502 2834 .
518 2826 526 2834 .
545 2826 552 2833 .
573 2807 706 2834 siautem.
950 2805 988 2844 Ita
1017 2813 1070 2844 ms2
1094 2805 1163 2832 Vict.
1193 2805 1231 2831 ita
1255 2811 1365 2839 quoque
1389 2802 1455 2831 Felli
1478 2806 1506 2830 ct
1530 2801 1638 2830 Russel.

73 2842 119 2877 197)
136 2845 227 2873 Lamb.
249 2849 342 2871 totum.
387 2841 397 2844 ⁷
852 2842 929 2869 editt.
947 2841 989 2877 g\_l.
1007 2841 1095 2877 ethis,

72 2874 119 2909 l93l
137 2879 230 2911 Lamb.
249 2879 365 2914 singula.
383 2878 415 2905 Et
430 2885 494 2905 mox
508 2878 594 2910 deest,
612 2884 663 2912 egi.
889 2877 927 2912 (9)
948 2875 1012 2903 Mss.
1025 2876 1104 2912 Angl.
1116 2874 1244 2902 Dulcedo.
