1920 3104
255 134 308 162 995
973 130 1003 160 8.
1022 130 1152 159 ΗΕΒΜῶ
1838 129 1891 158 996

255 194 302 222 sed
321 192 378 230 (10)
393 200 448 221 non
463 191 580 220 intrabit
594 191 624 219 in
636 188 714 217 illud.
727 188 844 224 Lapides
854 195 920 216 vero
931 187 982 222 illi,
1010 187 1131 221 domine,
1157 187 1204 221 qui
1229 185 1263 214 de
1283 185 1419 222 profundo
1437 185 1465 214 in
1479 191 1617 215 structura
1642 187 1728 222 aptati
1746 187 1805 222 (ll)
1827 194 1892 215 sunt

253 239 302 276 qui
318 238 401 267 sunt?
417 237 527 270 Decem,
542 236 643 272 inquit,
660 235 708 271 qui
733 235 761 262 in
778 235 966 263 fundamentis
976 234 1104 263 collocati
1125 238 1206 266 sunt,
1223 233 1343 269 primum
1379 234 1509 261 saeculum
1536 239 1594 262 est:
1621 240 1771 270 sequentes
1792 234 1890 269 viginti

253 288 389 324 quinque,
405 285 557 314 secundum
568 284 699 312 saeculum
714 288 756 312 est
769 284 909 319 justorum
926 283 1059 311 \irorum.
1077 282 1117 310 llli
1128 287 1218 310 autem
1232 282 1343 318 triginta
1357 282 1413 318 (12)
1433 282 1566 318 quinque,
1578 281 1719 316 propheta:
1731 280 1845 308 Domini
1856 289 1890 308 ac

252 333 373 362 ministri
389 337 464 360 sunt.
483 331 671 366 Quadraginta
687 337 763 362 vero,
786 329 901 365 apostoli
916 333 944 357 et
954 329 1081 357 doctores
1094 333 1159 356 sunt
1172 328 1377 363 praedicationis
1402 327 1464 355 Filii
1480 327 1539 356 Dei.
1563 326 1597 354 Et
1624 326 1700 354 dixi:
1724 325 1785 354 Cur
1809 334 1889 362 ergo,

251 379 376 413 domine,
393 379 515 414 virgines
531 378 584 404 illa:
597 376 680 404 etiam
696 376 746 403 hos
762 375 866 410 lapides
891 376 919 402 in
936 378 1105 402 structuram
1124 374 1209 402 turris
1231 378 1423 409 porrexerunt,
1446 375 1595 403 translatos
1620 383 1669 410 per
1703 376 1838 411 portam?
1854 376 1889 402 Et

254 425 341 452 dixit:
352 423 384 451 Hi
399 424 472 452 enim
485 423 565 458 primi
579 423 694 457 spiritus
706 422 768 449 illos
782 425 970 456 portaverunt,
984 426 1011 448 et
1022 421 1136 448 omnino
1150 421 1221 448 alius
1234 420 1269 448 ah
1280 420 1334 448 alio
1348 427 1402 447 non
1422 420 1479 455 (l5)
1490 427 1676 455 recesserunt,
1691 430 1743 450 nec
1768 422 1888 457 spiritus

254 472 289 499 ah
301 472 470 504 hominibus,
487 478 537 498 nec
549 470 676 497 homines
689 477 702 496 a
715 469 858 504 spiritibus
874 478 882 502 ;
898 469 943 496 sed
959 469 1048 503 juncti
1072 468 1185 495 fuerunt
1206 468 1235 494 hi
1255 467 1369 502 spiritus
1383 467 1425 494 eis
1437 466 1493 502 (14)
1507 474 1596 502 usque
1619 466 1654 494 ad
1667 465 1742 494 diem
1759 467 1886 502 quietis:

252 518 299 553 qui
313 517 366 545 nisi
379 518 430 545 hos
449 517 564 553 spiritus
576 523 672 544 secum
686 515 858 546 habuissent,
873 522 928 542 non
944 513 1062 541 fuissent
1078 513 1160 541 utiles
1171 516 1318 540 structura:
1330 512 1416 540 turris
1427 511 1523 547 hujus.

957 583 1071 612 CAPUT
1097 583 1168 611 XVI.

288 639 321 667 Et
330 639 402 667 dixi:
418 639 508 667 Etiam
522 648 606 672 nunc,
625 640 746 673 domine,
767 641 926 668 demonstra
939 641 1016 668 mihi.
1034 641 1105 674 Quid
1125 642 1243 676 quaeris?
1257 642 1356 678 inquit.
1370 641 1472 676 Quare,
1491 641 1615 677 inquam,
1628 640 1663 668 de
1682 638 1826 675 profundo
1855 637 1883 664 hi

251 687 356 723 lapides
369 688 564 720 ascenderunt,
577 693 604 716 et
619 689 700 723 positi
727 694 793 716 sunt
813 689 839 716 in
858 693 1025 717 structuram
1047 689 1132 717 turris
1158 690 1259 725 hujus;
1286 697 1349 718 cum
1363 690 1420 725 jam
1446 689 1551 724 pridem
1571 686 1744 722 portaverint
1764 685 1883 720 spiritus

249 734 358 769 justos?
367 732 484 762 Necesse
494 739 547 767 est,
564 735 662 769 inquit,
676 740 706 762 ut
718 743 764 770 per
775 743 874 770 aquam
887 735 1005 763 habeant
1016 736 1176 766 ascendere,
1188 741 1220 764 ut
1234 737 1418 772 requiescant.
1430 734 1489 763 Non
1499 739 1626 770 poterant
1635 733 1709 760 enim
1721 732 1748 759 in
1761 739 1881 767 regnum

251 779 300 807 Dei
313 780 391 807 aliter
408 780 522 813 intrare,
537 788 619 815 quam
641 785 670 808 ut
686 781 853 815 deponerent
868 781 1063 808 mortalitatem
1076 781 1176 816 prioris
1192 782 1264 809 vitae.
1281 782 1323 809 Illi
1337 782 1420 816 igitur
1435 780 1568 813 defuncti,
1581 779 1671 814 sigillo
1686 777 1747 805 Filii
1758 777 1811 805 Dei
1823 778 1884 815 (15)

251 824 351 859 signati
368 829 441 858 sunt,
461 830 488 853 et
500 825 674 854 intraverunt
689 826 716 853 in
732 833 847 862 regnum
872 825 920 854 Dei
933 826 1001 861 (l6).
1014 826 1169 862 Antequam
1186 827 1259 854 enim
1273 827 1390 862 accipiat
1403 827 1486 854 homo
1504 833 1602 852 nomen
1624 823 1686 851 Filii
1714 823 1775 856 Dei,
1801 824 1886 852 morti

250 869 406 897 destinatus
421 875 478 897 est:
491 875 519 897 at
532 871 579 897 ubi
595 871 694 906 accipit
706 870 772 898 illud
788 870 920 905 sigillum,
935 871 1068 898 liberatur
1078 879 1093 898 a
1108 876 1206 904 morte,
1224 877 1249 899 et
1263 871 1381 899 traditur
1391 872 1454 899 vitae
1467 871 1535 906 (l7).
1562 870 1633 898 Illud
1648 874 1741 897 autem
1758 870 1883 905 sigillum

251 922 322 950 aqua
336 920 400 948 est,
418 916 446 944 in
464 924 547 951 quam
575 917 747 946 descendunt
769 918 894 946 homines
920 918 1001 946 morti
1023 919 1149 955 obligati;
1173 919 1328 947 ascendunt
1339 927 1405 947 vero
1429 919 1492 946 vita:
1507 917 1657 954 assignati:
1673 921 1701 945 et
1728 917 1786 944 illis
1799 917 1885 952 igitur

249 965 427 1000 praedicatum
441 970 483 993 est
499 966 565 994 illud
577 966 708 1001 sigillum,
723 973 751 994 et
766 967 809 994 usi
826 972 892 995 sunt
908 975 941 996 eo
955 972 985 995 ut
997 967 1134 996 intrarent
1149 969 1176 996 in
1195 976 1309 1004 regnum
1323 967 1381 995 Dei.
1397 967 1431 994 Et
1446 966 1520 994 dixi:
1538 966 1629 999 Quare
1649 972 1730 1000 ergo,
1757 965 1883 997 domine.

249 1016 278 1038 et
294 1012 332 1039 illi
343 1012 526 1047 quadraginta
541 1012 646 1047 lapides
660 1012 844 1040 ascenderunt
857 1021 920 1040 cum
938 1013 991 1040 illis
1003 1013 1036 1040 de
1049 1013 1198 1049 profundo,
1210 1014 1268 1049 jam
1309 1014 1442 1041 habentes
1471 1012 1539 1040 illud
1565 1011 1684 1047 sigillum
1695 1011 1708 1038 τ’
1733 1010 1768 1038 Et
1792 1011 1882 1039 dixit:

249 1057 386 1091 Quoniam
399 1059 456 1094 (l8)
472 1059 499 1087 hi
513 1058 630 1094 apostoli
644 1063 672 1086 et
686 1058 813 1086 doctores
828 1059 875 1094 qui
891 1059 1111 1094 praedicaverunt
1125 1067 1226 1087 nomen
1235 1059 1298 1087 Filii
1308 1059 1368 1092 Dei,
1383 1067 1445 1087 cum
1459 1059 1591 1086 habentes
1606 1057 1687 1085 ﬁdem
1704 1057 1766 1092 ejus
1789 1062 1818 1085 et
1831 1065 1886 1092 po-

248 1109 374 1132 testatem
402 1105 523 1132 defuncti
547 1108 650 1137 essent,
664 1105 883 1139 praedicaverunt
906 1105 961 1134 illis
979 1105 1026 1140 qui
1057 1109 1120 1133 ante
1138 1106 1285 1139 obierunt;
1299 1110 1326 1133 et
1336 1105 1388 1141 ipsi
1401 1105 1535 1132 dederunt
1548 1103 1589 1132 eis
1601 1103 1668 1130 illud
1680 1103 1795 1138 signum
1811 1103 1881 1138 (l9).

249 1147 456 1177 Descenderunt
471 1150 554 1186 igitur
566 1150 594 1177 in
610 1157 711 1184 aquam
727 1157 790 1177 cum
811 1150 875 1181 illis.
892 1155 918 1178 et
931 1150 1030 1178 iterum
1048 1151 1243 1178 ascenderunt.
1262 1150 1315 1179 Sed
1329 1151 1356 1178 hi
1375 1151 1429 1178 vivi
1443 1149 1626 1178 ascenderunt
1641 1149 1715 1184 (20):
1737 1154 1768 1177 at
1783 1150 1822 1177 illi
1833 1150 1881 1184 qui

249 1193 361 1223 fuerunt
373 1200 436 1223 ante
448 1196 584 1229 defuncti,
600 1197 702 1224 mortui
717 1197 828 1232 quidem
843 1197 1063 1231 descenderunt;
1076 1198 1124 1226 sed
1140 1199 1194 1226 vivi
1205 1198 1400 1226 ascenderunt.
1417 1197 1470 1225 Per
1495 1197 1547 1224 hos
1571 1196 1654 1231 igitur
1666 1195 1752 1223 vitam
1767 1203 1879 1231 recepe—

249 1248 324 1276 runt,
336 1247 364 1271 et
375 1249 566 1280 cognoverunt
581 1245 682 1272 Filium
698 1243 761 1272 Dei:
783 1245 898 1280 ideoque
912 1245 1095 1273 ascenderunt
1114 1253 1177 1273 cum
1195 1246 1248 1278 eis,
1267 1250 1296 1273 et
1320 1249 1509 1273 convenerunt
1535 1245 1564 1272 in
1591 1250 1761 1273 structuram
1779 1245 1879 1278 turris;

249 1296 300 1317 nec
314 1290 481 1324 circumcisi,
497 1292 545 1319 sed
557 1292 656 1326 integri
670 1289 794 1318 aedificati
809 1295 889 1323 sunt;
911 1292 1042 1325 quoniam
1065 1293 1196 1329 aequitate
1212 1294 1285 1329 pleni
1307 1301 1371 1322 cum
1387 1293 1445 1329 (21)
1470 1299 1579 1321 summa
1604 1293 1732 1320 castitate
1755 1292 1880 1320 defuncti

250 1339 333 1369 sunt;
346 1336 394 1364 sed
407 1338 597 1366 tantummodo
611 1338 664 1366 hoc
676 1339 796 1374 sigillum
817 1337 942 1364 defuerat
957 1338 1007 1366 eis.

542 1402 545 1405 ι
587 1391 713 1422 Census
723 1394 824 1428 Aman,
836 1395 964 1429 Στρωμ.,
975 1393 1023 1421 lib.
1041 1403 1071 1428 η,
1085 1403 1145 1431 cap.
1158 1396 1186 1430 9,
1199 1405 1260 1432 pag.
1276 1397 1300 1424 ιε

762 1402 824 1428 ειη
836 1395 964 1429 Στρωμ.,
975 1393 1023 1421 lib.
1041 1403 1071 1428 η,
1085 1403 1145 1431 cap.
1158 1396 1186 1430 9,
1199 1405 1260 1432 pag.
1276 1397 1340 1430 452,
1353 1397 1418 1424 edit.
1433 1396 1520 1425 Oxon.

284 1443 320 1471 Et
330 1445 380 1479 ipsi
393 1445 520 1474 dederunt
529 1448 568 1475 eis
581 1449 686 1484 signum
697 1449 907 1485 praedicationis.
919 1449 1034 1477 Descen-

1123 1452 1177 1478 Καὶ
1193 1453 1268 1480 αὐτοὶ
1282 1453 1384 1480 ἔδωκαν
1398 1453 1491 1486 αὐτοῖς
1506 1454 1556 1491 τὴν
1572 1455 1708 1491 σφραγῖδα.
1723 1455 1773 1482 τοῦ
1794 1455 1881 1491 κηρῦ-

248 1490 343 1518 derunt
355 1492 437 1527 igitur
451 1493 478 1519 in
494 1502 590 1529 aquam
604 1504 662 1522 cum
674 1495 740 1530 illis,
752 1500 776 1523 et
789 1496 886 1522 iterum
907 1496 1004 1523 ascend

1123 1507 1198 1530 ατος.
1216 1499 1381 1535 Κατέσησαν
1393 1498 1440 1527 οὖν
1454 1500 1511 1536 μετ’
1528 1500 1618 1527 αὐτῶν
1634 1501 1674 1533 εἰς
1685 1501 1716 1527 τὸ
1733 1501 1819 1537 ὕδωρ,
1837 1503 1881 1528 καί

248 1543 320 1565 runt.
343 1538 395 1566 Sed
408 1539 436 1567 lii
449 1541 500 1567 vivi
512 1541 713 1575 descenderunt,
728 1548 753 1570 et
765 1543 860 1570 iterum
875 1543 925 1570 vivi
941 1551 1006 1570 ascet

1123 1543 1167 1570 λιν
1184 1544 1329 1580 ἀνέϐησαν.
1346 1545 1416 1572 Ἀλλ’
1434 1545 1509 1574 οὗτοι
1525 1547 1626 1580 ζῶντες
1642 1547 1801 1583 κατέϐησαν
1811 1568 1818 1579 ,
1837 1549 1881 1574 καὶ

248 1585 362 1612 derunt:
376 1591 404 1613 at
420 1587 462 1614 illi
472 1588 517 1622 qui
526 1589 633 1622 fuerunt
646 1594 707 1616 ante
721 1590 852 1623 defuncti,
866 1590 964 1616 mortui
989 1589 1006 1617 d

1123 1590 1166 1617 λιν
1186 1590 1286 1623 ζῶντες
1301 1591 1454 1628 ἀνέδησαν·
1473 1593 1572 1620 ἐκεῖνοι
1588 1593 1627 1625 δὲ,
1649 1594 1674 1621 oi
1691 1602 1881 1629 προκεκοιμη-

247 1631 416 1665 scenderunt,
442 1633 487 1660 sed
517 1634 568 1661 vivi
595 1635 781 1663 ascenderunt.
804 1635 858 1663 Per
889 1636 935 1662 hos
952 1636 1005 1671 igitl

1123 1644 1173 1668 νοι,
1194 1637 1286 1672 νεκροὶ
1303 1637 1469 1673 κατέϐησαν,
1494 1638 1596 1671 ζῶντες
1612 1639 1641 1666 δὲ
1663 1639 1812 1675 ἀνέδησαν.
1832 1640 1881 1668 Διὰ

247 1677 330 1703 vitam
343 1684 504 1713 receperunt,
520 1685 545 1707 et
567 1688 746 1716 cognoverunt
765 1690 859 1709 nomen
875 1681 942 1708 Filii
966 1681 1005 1708 De

1122 1681 1190 1708 Scmv
1203 1680 1250 1709 οὖν
1262 1683 1493 1720 ὲζαηποιήθησαν,
1509 1687 1555 1712 καὶ
1571 1685 1731 1720 ἐπέγνωσαν
1743 1686 1776 1712 τὸ
1797 1687 1880 1722 δνομι

246 1722 355 1759 ideoque
370 1725 543 1752 ascenderunt
559 1735 618 1753 cum
630 1728 678 1759 eis,
692 1733 714 1754 et
731 1732 906 1754 convenerunt
920 1728 947 1754 in
961 1732 1004 1754 sm

1122 1727 1133 1754 ὖ
1163 1728 1229 1755 Υῑοῦ
1241 1729 1308 1756 Θεοῦ
1320 1738 1327 1745 ·
1345 1730 1390 1757 διὰ
1403 1731 1481 1758 τοῦτο
1492 1733 1539 1758 καὶ
1555 1732 1738 1768 συνανέϐησαν
1754 1734 1815 1769 μετ’
1832 1735 1880 1761 αὖ-

245 1773 352 1795 cturam
366 1771 466 1802 turris;
481 1779 527 1797 nec
544 1772 704 1805 circumcisi,
723 1773 883 1808 cowdiﬁcati
906 1777 986 1800 sunt:

1120 1784 1150 1807 w,
1164 1777 1210 1802 καὶ
1227 1776 1399 1812 συνήρμοσαν
1419 1777 1460 1808 εἰς
1475 1777 1525 1813 τὴν
1539 1778 1682 1814 οἰκοδομὴν
1697 1779 1746 1805 τοῦ
1763 1779 1878 1816 πύργθυ,

245 1813 371 1846 aequitate
381 1813 500 1848 defuncti
511 1819 586 1847 sunt,
602 1819 627 1842 et
643 1815 670 1842 in
692 1823 796 1842 summa
821 1815 962 1842 castitate:
988 1823 1003 1842 ει

1120 1821 1134 1847 τ).
1163 1821 1328 1857 ἀλατὸμητοι
1361 1822 1641 1859 συνῳκοδομήθησαν·
1663 1824 1693 1850 ὲν
1721 1813 1878 1861 Graios-3w“

247 1859 430 1887 tantummodo
443 1859 491 1887 hoc
503 1860 623 1888 siaillum
637 1860 759 1896 defuerat
772 1861 821 1888 eis.

1121 1867 1284 1904 οιμήθησαν,
1311 1868 1359 1894 καὶ
1375 1868 1404 1894 ὲν
1430 1869 1537 1906 μεγάλῃ
1553 1870 1664 1906 ἁγνείᾳ·
1683 1870 1769 1906 μόνον
1783 1872 1813 1898 δὲ

1089 1912 1224 1950 σφραγῖδα
1234 1913 1337 1949 ταύτην
1352 1913 1402 1940 οὐκ
1418 1914 1506 1946 ἔσχον.

759 1974 837 2008 lusit,
851 1975 963 2008 Στρωμ.
977 1973 1024 2001 lib.
1042 1981 1083 2007 v1,
1099 1981 1157 2008 cap.
1179 1972 1206 2005 6,
1221 1980 1283 2009 pag.
1299 1972 1362 2000 764.

284 2030 316 2058 Et
331 2035 405 2059 recte
420 2030 523 2059 dictum
539 2036 582 2059 est
593 2039 607 2058 a
620 2030 751 2060 Pastore:
770 2032 966 2059 Descenderam
978 2032 1029 2067 igi-

1120 2032 1176 2059 Καὶ
1189 2031 1280 2064 καλῶς
1295 2033 1402 2068 εἴρηται
1426 2032 1465 2068 τῷ
1483 2032 1614 2068 Ποιμὲνι·
1640 2033 1810 2070 Κατὲὄησαν
1834 2032 1874 2061 οὖν

247 2081 291 2104 tur
304 2077 333 2104 in
347 2085 442 2112 aquam
457 2085 516 2104 cum
528 2077 593 2104 illis.
612 2077 663 2105 Sed
678 2078 705 2104 Ili
720 2078 835 2113 quidem,
860 2078 911 2104 vivi
924 2077 1005 2105 ducet

1116 2077 1174 2104 ιτῶν
1185 2077 1225 2109 εἰς
1233 2077 1265 2104 τὸ
1276 2077 1348 2113 ὕδωρ
1364 2077 1431 2112 (22).
1451 2077 1519 2104 Ἀλλ’
1529 2074 1602 2105 οὗτοι
1613 2077 1674 2112 μὲν,
1683 2077 1791 2111 ζῶντες
1801 2079 1874 2105 κατέ-

245 2122 352 2155 dertmt,
364 2122 655 2150 etoiuiatcenderunt:
670 2128 697 2150 at
715 2124 757 2150 illi
768 2123 813 2158 qui
836 2123 943 2158 fuerunt
970 2131 1003 2150 an

1115 2131 1182 2160 ισαν,
1200 2124 1248 2150 καὶ
1264 2123 1365 2156 ζῶντες
1376 2123 1510 2159 ἀνέδησαν
1520 2132 1527 2138 ·
1552 2124 1651 2150 ἐκεῖνοι
1672 2124 1715 2155 δὲ,
1739 2125 1766 2151 οι
1781 2133 1873 2161 προιε-

246 2167 376 2202 defuncli,
392 2169 490 2196 mortui
501 2168 701 2202 descenderunt,
715 2169 761 2195 sed
778 2169 828 2196 viai
845 2169 1004 2197 ascenderit"

1104 2169 1261 2205 οιμημένοι,
1272 2170 1364 2205 νεκροὶ
1376 2169 1540 2204 κατέδησαν,
1557 2169 1659 2202 ζῶντες
1673 2169 1703 2196 δὲ
1717 2170 1860 2205 ἀνέϐησαν.

246 2213 337 2243 Habes
349 2215 447 2243 horum
462 2215 681 2250 explanationem
699 2215 767 2250 (25).

787 2261 905 2289 VARI/['1
924 2262 1116 2290 LECTIONES
1136 2261 1180 2289 ET
1199 2259 1316 2288 NOTE.

283 2318 339 2355 (10)
360 2318 455 2346 Lamb.
469 2318 526 2346 Hos
542 2318 656 2355 spiritus
666 2318 725 2355 qui»
738 2322 838 2355 portat,
858 2317 913 2355 _Dei
940 2326 1029 2346 cervus
1083 2321 1172 2355 marte
1187 2317 1304 2355 traditur
1319 2316 1388 2355 uitae.

244 2348 342 2383 videbit
355 2355 470 2389 quidem,
480 2359 506 2382 et
519 2348 626 2389 regnum
643 2348 690 2380 Déi
701 2348 874 2389 videbit,s_ed.
960 2387 970 2389 _
1120 2352 1177 2388 (l8)
1198 2351 1304 2389 Laudat
1323 2350 1497 2389 hunciocugn
1515 2349 1644 2389 Clemens
1660 2348 1740 2376 Alex.
1761 2350 1866 2389 Στρῳμ.

282 2390 338 2425 (11)
359 2384 455 2425 Lamb.
464 2384 630 2425 structuram
644 2389 712 2423 apti.
737 2387 804 2425 Yide
819 2387 930 2424 Origen.
951 2387 1029 2416 Com-
1083 2384 1132 2425 lib;
1148 2384 1179 2420 ti,
1194 2394 1254 2421 cap.
1271 2387 1298 2425 92
1313 2394 1375 2421 pag.
1388 2386 1450 2425 4:522.
1468 2384 1596 2420 Ejusdem
1611 2392 1724 2419 quoque
1749 2385 1867 2412 meminit

244 2421 368 2453 ment.'in
386 2424 451 2452 Osee
465 2433 497 2452 ea:
509 2424 640 2451 Pliilocal.
660 2421 720 2458 cap.
737 2423 763 2450 8.
796 2456 807 2458 Α
870 2421 881 2424 ⁷
1083 2422 1130 2450 lib.
1148 2430 1187 2458 vt,
1200 2429 1265 2458 cap.
1283 2421 1311 2452 6,
1324 2429 1386 2458 pag.
1403 2421 1464 2458 764.

282 2461 340 2496 (12)
358 2459 458 2487 ltams.
475 2453 773 2496 Canu._ltaetF'e_l|us.
793 2456 839 2496 Si_c
860 2458 1028 2496 sanelegen-
1086 2491 1102 2496 Α
1120 2453 1185 2492 (19)
1198 2453 1274 2485 Bodl.
1290 2453 1436 2484 et'LEtmb.
1455 2455 1584 2491 sigillum.
1601 2453 1648 2482 Sic
1670 2459 1700 2482 et
1720 2453 1789 2482 Fcili
1806 2454 1864 2482 edit.

244 2491 309 2523 duin
325 2491 359 2523 ex
377 2502 469 2530 super.
489 2503 550 2530 cap.
569 2494 596 2522 5.
621 2494 664 2521 Al.
680 2493 803 2530 triginta.
820 2493 915 2530 Lamb.
938 2491 1029 2530 autem
1083 2491 1171 2530 Oxon.

245 2531 328 2558 habet
344 2524 548 2565 prophetaruni,
567 2530 628 2556 loco
653 2524 804 2564 propheta;
819 2533 847 2556 ct
860 2528 961 2556 omittit
984 2536 1026 2556 ses
1119 2527 1176 2563 (20)
1195 2527 1277 2566 Forte
1300 2527 1341 2554 sic
1360 2526 1522 2566 legendum;
1543 2524 1595 2552 Sed
1609 2524 1648 2566 Il'i'
1658 2524 1711 2551 vivi
1725 2524 1864 2566 descende-

244 2574 331 2602 quens
340 2558 398 2602 ἔφ’
425 2601 431 2602 7
480 2600 486 2602 Α
541 2558 547 2564 ’
653 2558 659 2564 ”
702 2558 707 2564 ’
795 2558 800 2560 ’
1081 2558 1323 2602 γυήιρέιώὶιεηιηι
1348 2558 1401 2602 ε)ξυῖ
1425 2558 1706 2602 asceitderuntLHaug
1725 2559 1863 2602 lectionem

294 2602 338 2636 15)
357 2600 453 2628 Lamb.
472 2600 558 2632 deest,
575 2608 637 2627 non.
712 2635 716 2636 γ
741 2634 757 2636 η
932 2633 939 2636 _
987 2633 992 2636 _
1081 2593 1325 2636 suadetrgtllemens
1342 2597 1427 2636 Alex._
1448 2600 1478 2623 ut
1492 2594 1658 2636 mox_infra.
1676 2593 1756 2636 .Felli
1775 2599 1861 2636 autem

294 2629 338 2671 14)
358 2636 422 2664 Mss.
435 2635 514 2671 Angl.
531 2629 635 2663 addunt
646 2634 813 2671 liominilms:
827 2633 1028 2671 quamdeetio-
1079 2633 1165 2671 editio
1179 2634 1268 2660 Oxon.
1290 2633 1326 2660 ita
1339 2640 1368 2660 se
1384 2631 1482 2659 habet:
1497 2629 1549 2658 Sed
1561 2630 1588 2657 Ιιί
1602 2630 1653 2656 uiui
1664 2630 1860 2657 descenderunt:

245 2668 307 2698 nein
319 2668 430 2699 retinuit
442 2668 533 2698 Feilus
548 2671 574 2697 in
586 2678 636 2697 sua
655 2670 720 2697 edit.
737 2668 827 2696 Oxon.
846 2668 923 2703 Apud
943 2668 1026 2695 Cleri-
1079 2673 1108 2695 at
1119 2668 1172 2701 illi,
1187 2673 1240 2703 etc.

244 2714 307 2733 cum
321 2712 410 2734 autem
423 2707 462 2734 sic
474 2714 503 2733 se
511 2706 592 2732 habet
605 2704 701 2732 Lamb.
725 2705 752 2730 hi
767 2699 877 2738 spiritui
893 2711 974 2737 usque
989 2704 1024 2731 ad
1115 2699 1173 2738 (21)
1194 2702 1291 2730 Lamb.
1307 2703 1335 2728 in
1361 2709 1412 2736 pro
1421 2709 1491 2728 cum.
1508 2699 1591 2738 _Sic_et
1607 2699 1828 2738 ClemetisAAlex.

245 2741 314 2767 diem
332 2742 438 2776 quietis.
453 2740 530 2773 Quod
543 2741 594 2767 nisi
607 2740 753 2776 liispiritus
771 2734 817 2776 lio:
834 2734 954 2773 spiritus.
1094 2773 1099 2776 Δ
1186 2734 1369 2776 Scribendutn
1379 2736 1627 2776 exsuperioribus,
1643 2735 1704 2772 μετ’
1721 2735 1810 2762 αὐτῶν
1825 2734 1861 2765 εἰς

296 2771 344 2810 15)
358 2775 453 2803 Lamb.
463 2771 556 2810 sigillo
570 2776 632 2810 ﬁdei
647 2771 714 2802 Filii
731 2774 790 2801 Dei.
847 2771 851 2773 ‘

763 2775 790 2801 εἰ.
847 2771 851 2773 Ἴ
1076 2773 1106 2800 τὸ
1119 2771 1202 2810 ἤδρζιρ,
1218 2774 1265 2810 κα).
1282 2772 1362 2799 πάλιν
1377 2771 1521 2810 ᾴνᾷὅησαν.

296 2778 326 2802 15
358 2778 453 2803 Lamb.
468 2778 632 2836 sigillogdei
647 2778 714 2802 Filii
731 2778 790 2801 Dei.
1076 2778 1106 2800 τὸ
1120 2778 1202 2808 ὓδωρ,
1218 2778 1265 2799 καὶ
1282 2778 1362 2799 πάλιν
1378 2778 1522 2812 ανξοησαν.
1724 2806 1729 2810 _
1752 2806 1758 2811 .
1802 2805 1806 2809 .

281 2778 338 2845 imi
354 2810 450 2838 Lamb.
462 2811 548 2842 deest,
585 2819 619 2837 et.
1113 2808 1172 2845 (25)
1186 2807 1281 2836 Lamb.
1308 2807 1509 2840 exsoluttonem,
1536 2810 1565 2833 ut
1592 2813 1666 2842 sape
1694 2803 1859 2834 alibt.Stcet

283 2842 338 2879 (17)
359 2844 453 2873 Latnb.
467 2845 511 2872 ubi
527 2846 622 2876 ceperit
647 2845 695 2872 hoc
714 2845 842 2879 tigillum,
856 2846 982 2874 liberatus
1007 2853 1023 2870 a
1076 2844 1142 2872 edit.
1155 2842 1245 2872 0.\on.
